3972 6184
443 303 580 363 ωῡό

1073 309 1130 361 Β.
1175 305 1420 362 ΠΑΒΑΝΙ
1462 306 1678 362 ΜΛυΒΙ
1722 307 2000 361 Αῐὶωιίῐίῐ

2103 306 2378 363 lOCUNT.
2419 307 2698 364 OPEliUM
2740 309 2916 363 PARS
2952 311 3012 363 ll.

3553 314 3704 370 H0“-

443 421 564 475 tahs
590 429 745 474 extra
791 421 1048 473 terminos
1093 419 1278 472 mundi
1327 433 1540 487 semper
1591 418 1770 472 clausa
1822 418 1910 481 sit,
1957 426 2012 471 et
2040 425 2086 482 Α
2115 429 2169 471 et
2196 427 2320 474 ante
2369 430 2605 488 partum,
2653 429 2710 472 ct
2751 429 2872 489 post
2913 430 3126 490 partum
3170 423 3322 493 virgo
3367 428 3680 493 permansit.

443 511 675 566 humano
706 523 1036 579 nequaquam
1065 519 1248 578 pateat
1291 511 1553 579 aspectui,
1584 509 1807 565 Joannis
1837 511 2012 564 Evan-

441 601 636 670 gelium
657 600 865 670 probat,
891 599 1149 653 dicentis:
1182 619 1200 650 ‹
1235 599 1400 654 Deum
1426 616 1581 655 nemo
1597 601 1727 653 vidit
1750 617 2005 668 unquam,

440 691 744 762 unigenitus
770 690 908 743 ﬁlius
934 690 1023 758 qui
1053 699 1135 743 est
1163 691 1211 742 in
1243 692 1364 744 sinu
1394 691 1570 745 Patris
1601 693 1710 758 ipse
1735 692 2008 744 enarravit

439 780 617 848 (Joan.
648 777 708 850 ι).
749 799 765 830 ι
829 779 992 843 Quasi
1039 779 1158 832 aliis
1197 781 1377 833 verbis
1424 781 1656 832 dixerit:
1717 800 1732 829 ε
1785 780 2008 848 Eritqne

438 869 614 924 clausa
646 869 870 938 principi
897 887 908 922 :
943 869 1191 937 princeps
1219 869 1364 923 solus
1392 869 1599 922 sedebit
1641 869 1691 921 in
1722 884 1783 921 ea
1808 877 1866 921 ut
1911 883 2004 921 co-

437 962 616 1014 medat
643 976 836 1030 panem
869 980 887 1009 ›
922 960 1173 1030 perfecta:
1201 969 1254 1014 et
1306 968 1688 1013 consummata:
1731 959 1998 1012 scientize:

440 1069 457 1098 ι
504 1050 992 1105 Nemoenimnovit
1019 1050 1210 1104 Filium
1242 1050 1341 1103 nisi
1372 1050 1550 1113 Pater,
1579 1059 1636 1102 et
1668 1064 1823 1102 nemo
1854 1048 2002 1101 novit

436 1142 646 1196 Patrem
692 1144 792 1198 nisi
828 1144 1012 1208 Filius,
1060 1153 1114 1196 et
1144 1143 1227 1196 cui
1278 1141 1507 1195 voluerit
1550 1141 1718 1194 Filius
1764 1140 2002 1193 revelare

436 1234 649 1303 (Matth.
692 1234 788 1306 xi).
828 1255 845 1286 ›
893 1235 1118 1288 Pulchre
1147 1236 1363 1303 quidam
1396 1242 1604 1302 portam
1638 1233 1872 1284 clausam
1908 1246 2004 1299 per

435 1341 590 1392 quam
625 1326 771 1379 solus
796 1326 1054 1379 Dominus
1087 1327 1225 1378 Deus
1248 1325 1409 1378 Israel
1441 1323 1760 1394 ingreditur,
1809 1331 1863 1375 et
1895 1325 1999 1375 dux

431 1415 512 1466 cui
531 1423 682 1481 porta
706 1417 883 1470 clausa
909 1414 1497 1482 estlllariamvirgincm
1524 1412 1822 1482 intelligunt
1849 1451 1863 1477 ,
1885 1425 2004 1479 qua:

431 1577 599 1588 ο..-

2114 506 2323 560 Etenim
2347 515 2586 575 tempore
2614 523 2720 577 quo
2748 509 2970 579 angelus
2995 509 3355 579 loquebatur:
3390 530 3410 563 ε
3449 511 3683 582 Spiritus

2111 605 2328 651 sanctus
2355 597 2532 650 veniet
2561 613 2720 667 super
2743 606 2812 664 te,
2835 609 2888 653 et
2914 601 3088 653 virtus
3114 600 3377 655 Altissimi
3401 603 3681 658 obumbra-

2110 687 2186 738 bit
2207 694 2289 749 te;
2314 687 2454 755 quod
2470 695 2650 740 autem
2672 697 2923 742 nascetur
2947 705 3014 742 ex
3037 697 3087 742 te
3110 698 3381 755 sanctum,
3405 694 3683 747 vocabitur

2107 777 2272 832 Filius
2304 779 2397 832 Dei
2449 776 2600 848 (Luc.
2647 778 2709 850 ι).
2754 800 2772 830 ι
2813 781 2879 834 Et
2924 783 3140 850 quando
3181 794 3342 838 natus
3372 795 3475 848 est,
3524 787 3678 856 virgo

2106 871 2402 938 permansit
2445 879 2674 935 mterna,
2719 871 2784 924 ad
2816 874 3224 928 confundendos
3261 891 3356 929 eos
3405 876 3497 944 qui
3537 877 3678 930 arbi-

2109 969 2316 1013 trantur
2342 975 2461 1014 eam
2494 969 2614 1028 post
2643 961 2976 1015 nativitatem
3009 962 3308 1018 Salvatoris
3333 965 3586 1019 habuisse
3613 966 3678 1018 de

2105 1050 2300 1120 Joseph
2326 1051 2482 1114 ﬁlios,
2527 1067 2594 1105 ex
2623 1053 2903 1106 occasione
2956 1054 3180 1108 fratrum
3214 1053 3330 1122 ejus
3357 1057 3450 1124 qui
3482 1072 3678 1111 vocano

2087 1148 2194 1192 itur
2220 1139 2273 1192 in
2322 1140 2630 1208 Evangelio.
2685 1140 2859 1209 Super
2900 1158 3004 1210 qua
3058 1142 3444 1211 quaestiuncula
3491 1142 3676 1197 Roune

2109 1230 2389 1284 adversum
2427 1230 2746 1294 llelvidium,
2793 1231 2934 1284 illius
2965 1233 3220 1301 temporis
3259 1233 3593 1295 barreticum,
3623 1233 3675 1284 in

2109 1321 2462 1375 adolescentia
2485 1323 2856 1390 nongrandem
2884 1323 3077 1377 librum
3103 1324 3384 1393 scripsisse
3405 1340 3490 1378 me
3530 1323 3674 1386 novi,

2108 1412 2183 1464 ait
2219 1412 2590 1481 Hieronymus.

1344 1709 1641 1787 LIBER
1714 1708 2162 1787 DECIMUS
2238 1707 2728 1785 OCTAVUS.

803 1944 1150 2016 SEQUITUR
1197 1945 1421 2000 CAPUT
1457 1942 1637 1998 XLIV.

498 2045 621 2098 l'ust
651 2042 1058 2111 descriptionem
1078 2039 1266 2092 domus
1294 2045 1490 2090 sanctae
1512 2043 1567 2088 et
1607 2039 1832 2088 ornatus
1875 2031 1992 2100 ejus

430 2149 586 2206 atque
608 2133 931 2190 ostensionis
957 2130 1138 2201 gloriae
1178 2127 1388 2182 Domini
1431 2141 1549 2194 quae
1594 2123 1993 2196 ingrediebatur

429 2227 680 2295 templum
702 2239 798 2295 per
816 2223 958 2276 viam
980 2218 1314 2282 orientalem,
1349 2217 1621 2286 ipsiusque
1634 2222 1903 2284 praecepta
1925 2213 1990 2267 ad

427 2317 763 2386 prophetam,
796 2328 939 2367 nunc
981 2311 1199 2365 instruit
1220 2323 1344 2362 eum
1364 2307 1430 2361 de
1452 2306 1713 2359 universis
1742 2319 1993 2360 aet-enio—

427 2409 529 2463 niis
554 2407 742 2462 domus
766 2403 995 2467 Domini,
1020 2401 1162 2457 etde
1190 2398 1396 2455 cunctis
1441 2396 1644 2467 legibus
1674 2397 1810 2464 ejus,
1843 2394 1994 2462 cujus

427 2500 735 2571 mysterium
759 2498 810 2551 in
831 2493 1078 2566 praesenti
1103 2492 1262 2554 libro,
1286 2490 1387 2543 hoc
1427 2496 1508 2542 cst
1557 2495 1745 2541 octavo
1785 2486 1993 2539 decimo

427 2596 584 2660 lmjus
607 2591 805 2660 operis,
837 2586 1229 2657 cxplanandum
1253 2590 1333 2636 est

463 2711 470 2716 ν
497 2700 515 2730 ε
545 2681 610 2733 Et
639 2677 856 2732 adduxit
879 2689 968 2729 me
989 2689 1085 2744 per
1113 2673 1253 2724 viam
1279 2679 1447 2740 porta:
1472 2667 1751 2736 Aquilonis
1782 2665 1836 2718 in
1865 2680 1992 2720 cnn-

430 2791 446 2817 l
481 2777 665 2836 spectu
696 2767 886 2820 domus
916 2783 928 2816 :
961 2774 1016 2818 et
1045 2765 1170 2826 vidi,
1203 2771 1256 2816 et
1297 2774 1423 2815 ecce
1477 2758 1787 2826 impleverat
1829 2755 1993 2826 gloria

429 2879 444 2907 ε
486 2858 690 2911 Domini
717 2856 931 2909 domum
960 2853 1192 2916 Domini,
1219 2861 1274 2904 et
1297 2850 1464 2905 cecidi
1492 2850 1544 2902 in
1573 2848 1764 2902 faciem
1798 2862 1990 2900 meam.

431 2971 445 2994 ι
483 2947 548 3000 Et
573 2946 710 2998 dixit
737 2945 802 2997 ad
845 2958 929 2997 me
961 2942 1255 2996 Dominus:
1289 2938 1388 2992 Fili
1432 2937 1685 2998 hoa.inis,
1728 2950 1862 3003 pone
1901 2949 1995 2988 cor

429 3058 446 3086 ι
481 3047 650 3100 tuum,
678 3045 732 3090 et
750 3035 869 3088 vide
888 3032 1058 3087 oculis
1081 3031 1204 3095 tuis,
1228 3039 1281 3083 ct
1307 3029 1527 3081 auribus
1550 3027 1655 3079 tuis
1673 3026 1795 3078 audi
1817 3025 1992 3078 omnia

432 3151 446 3181 ι
483 3145 604 3199 qum
629 3143 729 3199 ego
751 3127 938 3196 loquor
960 3122 1027 3177 ad
1056 3133 1106 3177 te
1127 3123 1193 3176 de
1215 3120 1481 3174 universis
1524 3116 1857 3171 caeremoniis
1903 3117 1995 3169 dn-

429 3237 600 3277 rmus
621 3220 846 3280 Domini,
883 3227 936 3272 et
963 3217 1027 3270 de
1060 3214 1266 3270 cunctis
1297 3212 1502 3282 legibus
1540 3210 1672 3279 ejus.
1726 3208 1792 3262 Et
1828 3223 1992 3276 pones

2025 1947 2068 2004 ῃ
2103 1957 2119 1986 ι
2157 1937 2245 1991 ille
2267 1946 2383 1991 erat
2410 1937 2626 1993 lucerna
2649 1939 2834 1996 lucens
2860 1943 2912 1996 in
2941 1944 3099 1999 domo
3122 1945 3311 2013 (Joan.
3336 1951 3422 2019 ν),
3459 1971 3478 2002 ι
3503 1951 3665 2009 Post-

2091 2043 2248 2097 quam
2272 2038 2449 2084 autem
2474 2031 2617 2085 venit
2641 2032 2720 2086 sol
2763 2034 3004 2102 jnstitim,
3061 2036 3291 2094 lucernae
3333 2041 3512 2099 lumen
3550 2050 3672 2103 abs-

2092 2118 2361 2173 conditum
2392 2127 2494 2184 est,
2527 2121 2736 2175 dicente
2760 2124 2872 2192 ipso
2902 2127 3157 2195 propheta
3206 2139 3366 2198 atque
3398 2132 3670 2203 Baptista:

2099 2229 2115 2260 ι
2150 2209 2304 2264 Illum
2333 2219 2546 2278 oportet
2592 2227 2856 2276 crescere,
2903 2231 2988 2269 me
3037 2225 3217 2271 autem
3263 2221 3429 2275 minui
3479 2223 3668 2290 (Joan.

2093 2303 2202 2369 ιιι).
2236 2320 2252 2350 ι
2288 2301 2698 2356 Ceciditautem
2723 2303 2774 2356 in
2812 2304 3002 2359 faciem
3051 2322 3204 2361 suam
3260 2311 3544 2380 propheta,
3607 2331 3674 2370 ne

2094 2391 2217 2444 dum
2249 2391 2365 2459 plus
2386 2407 2609 2446 cernere
2631 2394 2795 2461 cupit,
2819 2411 2978 2464 quam
3005 2407 3184 2464 potest
3211 2400 3444 2454 humana
3497 2403 3668 2472 fragi-

2094 2482 2216 2536 litas
2244 2482 2464 2544 intueri,
2501 2483 2663 2537 etiam
2691 2485 2866 2553 ipsum
2909 2488 3186 2542 oculorum
3239 2490 3417 2547 lumen
3461 2495 3674 2551 amitte-

2095 2581 2194 2626 ret.
2222 2571 2373 2627 Unde
2403 2574 2718 2629 familiarius
2747 2590 2868 2629 eum
2905 2589 3062 2632 vocat
3093 2581 3346 2637 Dominus
3371 2584 3542 2650 [ilium
3581 2587 3676 2640 ho-

2095 2663 2265 2724 minis,
2291 2665 2633 2733 przeeipitque
2656 2673 2714 2718 ut
2732 2675 2895 2735 ponat
2930 2684 3023 2723 cor
3049 2685 3204 2724 suum
3250 2681 3306 2726 ct
3336 2673 3510 2728 videat
3537 2692 3671 2730 ocu-

2097 2751 2181 2814 lis,
2206 2760 2260 2805 ct
2287 2754 2508 2806 auribus
2537 2755 2738 2808 audiat.
2785 2756 3020 2810 Primmn
3059 2759 3201 2812 enim
3257 2761 3322 2814 ad
3371 2762 3673 2833 intelligen-

2094 2841 2222 2894 dum
2251 2843 2390 2910 quod
2423 2844 2616 2898 dicitur
2637 2844 2957 2912 aperiendus
3005 2856 3088 2901 est
3138 2850 3369 2903 animus.
3421 2850 3676 2907 Secundo

2094 2931 2275 2986 cordis
2297 2932 2621 3002 intelligendi
2649 2935 2840 3000 oculis,
2867 2936 2932 2992 de
2960 2937 3154 3005 quibus
3179 2939 3376 2994 dicitur
3400 2942 3466 2996 ad
3491 2941 3671 2996 Abra-

2097 3023 2222 3076 ham
2251 3041 2264 3076 :
2298 3045 2315 3075 ι
2340 3023 2476 3080 cha
2504 3026 2688 3081 oculos
2715 3034 2854 3092 tuos,
2895 3037 2950 3082 et
2996 3029 3115 3083 vide
3155 3031 3338 3087 stellas
3364 3034 3485 3087 coeli
3511 3033 3670 3105 (Gen.

2097 3116 2221 3184 xv).
2261 3136 2277 3166 ι
2329 3117 2509 3172 Tertio
2562 3119 2646 3174 his
2693 3120 2911 3174 auribus
2967 3122 3310 3186 audiendum,
3356 3127 3420 3179 de
3476 3128 3676 3194 quibus

2098 3204 2343 3260 Salvator
2363 3206 2436 3260 ait
2465 3225 2477 3258 :
2509 3224 2527 3257 ‹
2555 3206 2656 3274 Qui
2677 3209 2839 3264 habet
2859 3225 3016 3265 aures
3035 3213 3283 3266 audiendi
3313 3214 3673 3285 audiat(Luc.

427 3326 569 3368 i-cor
593 3320 740 3364 tuum
769 3309 821 3362 in
851 3306 951 3360 viis
975 3304 1152 3373 templi
1179 3317 1274 3372 per
1321 3315 1506 3355 omnes
1533 3299 1707 3352 exitus
1755 3305 2002 3351 sanctua-
2030 3295 2074 3356 C
2106 3312 2197 3349 vin
2217 3297 2256 3366 ).
2298 3317 2316 3348 ι
2351 3296 2420 3352 Ut
2454 3299 2623 3366 possit
2648 3308 2867 3354 cunctas
2895 3302 3070 3370 templi
3101 3305 3449 3358 caeremonias
3490 3315 3546 3359 et
3594 3308 3675 3361 le-

429 3421 446 3452 ‹
477 3403 564 3454 rii.
601 3418 620 3451 ι
657 3395 946 3470 (ΙῙξετοη.)
994 3395 1090 3450 Vir
1128 3394 1217 3462 qui
1248 3392 1436 3444 ductor
1470 3389 1741 3458 propheta:
1791 3393 1893 3448 est,
1941 3393 1995 3439 et

428 3509 527 3563 quo
556 3499 747 3547 cuncta
778 3489 830 3542 in
879 3487 1073 3556 templo
1113 3494 1448 3538 monstrante
1496 3481 1787 3550 cognoscit,
1844 3487 1994 3548 post-

426 3601 585 3658 quam
614 3583 852 3638 clausam
889 3580 938 3635 ei
983 3578 1290 3631 ostenderat
1339 3582 1568 3642 portam,
1618 3584 1996 3638 nunquamque
2031 3615 2065 3629 κ

428 3675 792 3738 reserandam,
816 3680 871 3726 et
897 3679 1073 3724 tamen
1105 3677 1346 3736 apertam
1377 3665 1426 3718 ci
1455 3663 1544 3733 qui
1569 3662 1770 3715 clausis
1798 3660 1996 3727 ingres-

428 3785 517 3826 sns
543 3776 628 3822 est
659 3766 832 3830 ostiis,
855 3761 1332 3830 ducitpropbetam
1358 3755 1425 3808 ad
1463 3754 1603 3806 viam
1635 3759 1801 3820 portae
1846 3749 1996 3816 aqui-

427 3860 579 3922 lonis,
605 3871 723 3926 qua:
753 3864 930 3907 tamen
952 3859 1008 3905 et
1034 3851 1147 3919 ipsa
1175 3854 1319 3901 esset
1358 3846 1412 3899 in
1454 3851 1743 3911 conspectu
1782 3840 1993 3900 domus,

428 3950 564 4004 haud
605 3946 826 3999 dubium
851 3941 978 4009 quin
999 3937 1250 4005 templum
1280 3933 1559 4004 signiﬁcet.
1604 3930 1844 3996 Cumque
1875 3943 1998 3995 pro—

430 4042 589 4112 pheta
620 4052 650 4092 c
678 4035 892 4107 regione
920 4031 1140 4083 vidisset
1165 4028 1376 4096 plenam
1405 4025 1619 4078 domum
1651 4021 1860 4075 Domini
1884 4019 1997 4112 ειη-

430 4111 504 4186 ria
527 4122 1016 4188 Domini,eamdem
1035 4119 1283 4174 videlicet
1301 4131 1460 4184 quam
1487 4115 1538 4167 in
1561 4113 1824 4182 aquilonis
1845 4111 1997 4179 plaga

429 4226 632 4296 positus
665 4228 850 4275 contra
901 4215 1182 4276 cernebat,
1227 4209 1406 4264 statim
1453 4206 1647 4262 cecidit
1703 4205 1756 4257 in
1807 4203 1997 4296 faciem

427 4329 599 4375 suam,
629 4309 959 4378 majestatem
982 4303 1164 4374 gloria:
1186 4301 1391 4355 Domini
1417 4299 1555 4352 ferre
1577 4313 1680 4350 non
1704 4295 1995 4349 sustinens.

435 4405 583 4462 Unde
609 4403 731 4460 quia
763 4398 938 4452 fuerat
965 4393 1265 4448 humilitate
1286 4390 1540 4460 dejectus,
1586 4386 1713 4440 dicit
1743 4386 1808 4438 ad
1853 4398 1994 4444 eum,

431 4466 764 4566 nequaquam
799 4489 880 4542 vir
929 4485 1021 4540 sed
1064 4484 1354 4538 Dominus:
1384 4498 1401 4529 ι
1434 4477 1533 4531 Fili
1580 4475 1832 4538 hominis,
1863 4489 2001 4542 pone

436 4602 527 4641 cor
557 4593 726 4647 tuum,
756 4599 774 4632 ι
805 4587 908 4634 etc.
963 4577 1021 4631 In
1066 4571 1528 4630 consummatione
1579 4567 1908 4623 tabernaculi
1945 4573 1999 4619 et

2097 3386 2281 3456 gitima
2304 3385 2418 3452 ejus
2444 3387 2762 3456 intelligere,
2804 3397 2857 3442 et
2889 3391 2956 3443 ad
3000 3402 3297 3445 extremum
3342 3408 3542 3461 ponere
3580 3411 3679 3450 eor

2097 3495 2250 3534 suum
2288 3482 2342 3534 in
2364 3481 2469 3535 viis
2491 3482 2693 3551 templi,
2722 3483 2846 3551 quia
2877 3485 3071 3538 diversi
3101 3485 3165 3539 ad
3201 3484 3368 3539 Deum
3417 3487 3678 3544 introitus

2097 3580 2222 3624 sunt
2254 3589 2265 3622 :
2297 3571 2408 3625 sive
2437 3587 2531 3640 per
2555 3572 2670 3626 vias
2699 3573 2878 3642 templi
2925 3576 3362 3630 caeremoniarum
3421 3578 3677 3633 ordinem

2098 3662 2396 3732 signiﬁcat;
2428 3671 2482 3716 et
2504 3668 2680 3717 exitus
2700 3667 3009 3720 sanctuarii.
3033 3667 3361 3722 Prooemium
3393 3671 3559 3739 igitur
3591 3681 3678 3726 est

2097 3760 2151 3805 et
2171 3753 2490 3821 praeparatio
2519 3754 2792 3822 propheta:
2820 3756 2885 3808 ad
2927 3756 3262 3826 intelligenda
3318 3773 3436 3825 qua:
3482 3771 3677 3827 postea

2098 3858 2257 3911 super
2286 3843 2464 3912 templi
2485 3844 2670 3898 ordine
2695 3847 3006 3914 cogniturus
3032 3857 3132 3900 est.
3162 3847 3226 3901 Et
3251 3848 3350 3901 hoc
3378 3851 3677 3904 notandum

2097 3938 2236 4005 quod
2271 3938 2324 3990 in
2362 3936 2544 3990 mundi
2577 3936 2733 4002 hujus
2761 3938 2912 4005 plaga
2939 3939 3029 4006 qui
3081 3940 3132 3992 in
3186 3941 3416 4012 maligno
3460 3944 3681 4011 positus

2099 4037 2198 4090 est,
2231 4038 2285 4081 et
2314 4028 2366 4080 in
2387 4028 2656 4096 aquilonis
2685 4029 2881 4098 frigore
2901 4033 3243 4094 constitutus,
3288 4034 3525 4090 caelestis
3572 4053 3676 4090 no-

2100 4120 2180 4172 bis
2201 4119 2642 4174 carremoniarum
2671 4122 2802 4176 ordo
2831 4134 3181 4178 monstratur.

2175 4228 2192 4258 ι
2233 4210 2297 4262 Et
2343 4211 2490 4264 dices
2535 4213 2602 4266 ad
2649 4224 3054 4282 exasperantem
3096 4232 3182 4270 me
3222 4217 3436 4272 domum
3465 4219 3630 4275 Israel
3659 4241 3677 4277 :

2105 4318 2121 4348 ‹
2160 4298 2284 4351 Ilaec
2309 4299 2440 4352 dicit
2466 4300 2722 4355 Dominus
2764 4303 2904 4356 Deus
2931 4321 2943 4355 :
2971 4304 3247 4359 Suﬁiciant
3292 4308 3438 4362 vobis
3493 4313 3679 4363 omnia

2106 4408 2122 4440 ‹
2155 4389 2355 4444 scelera
2385 4399 2581 4457 vestra,
2609 4393 2796 4448 domus
2820 4393 3003 4458 Israel,
3032 4411 3097 4448 eo
3110 4398 3513 4465 quodinducitis
3537 4402 3684 4456 ﬁlios

2107 4503 2123 4533 ι
2154 4483 2356 4537 alienos
2376 4484 2486 4537 sive
2508 4484 2834 4554 alienigenas
2854 4487 3257 4543 incircumcisos
3273 4491 3432 4544 corde
3446 4501 3500 4546 et
3517 4493 3624 4547 inci
3635 4510 3688 4545 r-

2110 4593 2128 4624 ‹
2164 4578 2429 4628 ριιιιιοίδοε
2456 4591 2643 4641 carne,
2673 4586 2731 4629 ut
2752 4579 2860 4630 sint
2882 4579 2933 4630 in
2961 4582 3266 4633 sanctuario
3288 4595 3406 4634 meo
3448 4594 3507 4636 et
3558 4585 3674 4651 pel-

434 4674 642 4729 :ediﬁcii
678 4671 879 4740 templi,
929 4667 1070 4737 quod
1096 4681 1125 4718 a
1153 4663 1436 4717 Salomone
1493 4671 1857 4714 constructum
1897 4665 1997 4720 est,
2035 4635 2078 4693 ί)
2113 4683 2130 4713 ι
2160 4663 2309 4716 [nam
2331 4666 2542 4718 domum
2573 4682 2766 4730 meam,
2794 4676 2847 4720 cl
2876 4667 3076 4722 omnis
3097 4685 3260 4737 panes
3287 4685 3437 4724 meos
3466 4673 3684 4740 adipem

434 4764 680 4834 apparuit
700 4761 862 4832 gloria
887 4757 1113 4818 Domini,
1137 4771 1253 4824 quae
1279 4763 1458 4822 postea
1477 4750 1796 4819 evangelicae
1822 4748 2004 4816 gloriae

436 4852 832 4924 comparatione
863 4850 1133 4901 destructa
1161 4854 1260 4908 est,
1291 4845 1501 4897 dicente
1549 4840 1801 4910 Apostolo
1827 4857 1838 4891 :
1870 4858 1886 4888 ι
1909 4838 2004 4891 Εῑ-

433 4947 575 5002 enim
603 4957 707 4995 non
730 4948 812 4992 est
837 4937 1190 5007 gloriﬁcatum
1208 4935 1348 5004 quod
1364 4931 1717 5002 gloriﬁcatum
1735 4940 1817 4984 est
1833 4931 1884 4984 in
1903 4930 2003 4983 hac

435 5042 584 5108 parte
609 5038 826 5101 propter
848 5026 1195 5080 excellentem
1227 5025 1468 5093 gloriam.
1495 5023 1554 5075 Si
1575 5023 1716 5075 enim
1739 5022 1878 5088 quod
1916 5021 2005 5074 de-

436 5125 784 5190 struitur,per
819 5115 1044 5188 gloriam
1069 5123 1144 5168 est
1168 5115 1334 5166 mulln
1352 5114 1520 5179 magis
1541 5111 1684 5180 quod
1729 5119 1909 5170 manet
1951 5109 2005 5162 in

436 5217 602 5290 gloria
644 5211 742 5286 (ll
763 5207 886 5264 Cor.
918 5208 1029 5277 ιιι).
1061 5225 1078 5257 ι
1126 5202 1540 5271 Cavendumque
1577 5217 1645 5255 ne
1687 5201 2008 5255 destructio-

437 5322 556 5362 nem
579 5302 776 5376 prioris
804 5297 985 5370 gloria:
1032 5293 1379 5348 abolitionem
1420 5299 1704 5360 putemus:
1737 5291 1830 5346 sed
1884 5306 2006 5343 sen-

439 5397 675 5454 tiendum
703 5392 844 5464 quod
874 5399 1156 5462 postquam
1182 5386 1390 5440 venerit
1410 5385 1550 5453 quod
1576 5383 1872 5453 perfectum
1896 5392 2002 5446 est,

440 5491 492 5543 id
527 5488 666 5556 quod
693 5501 758 5539 ex
787 5491 940 5552 parte
968 5480 1146 5535 fuerat
1194 5478 1520 5531 destruetur.
1578 5475 1756 5529 Velut’
1785 5475 1828 5527 si
1876 5474 2005 5528 solis

443 5581 604 5633 radiis
639 5575 932 5643 lampadem
961 5586 1264 5641 compares,
1293 5577 1382 5621 aut
1411 5567 1674 5634 lampadis
1701 5565 1878 5618 lumen
1929 5563 2007 5616 lu-

445 5669 691 5722 cernula).
723 5665 1076 5726 Quamobrem
1099 5672 1152 5714 et
1183 5663 1245 5714 de
1273 5660 1478 5713 Joanne
1503 5657 1740 5724 Baptista
1770 5657 1961 5710 dicitur
1989 5674 2002 5706 :

2116 4771 2133 4804 ι
2167 4764 2222 4806 et
2247 4756 2581 4825 sanguinem,
2609 4765 2662 4809 et
2687 4758 3006 4813 dissolvistis
3032 4769 3244 4828 pactum
3270 4777 3447 4814 meum
3486 4763 3538 4815 in
3561 4780 3687 4817 oni-

2116 4865 2132 4895 ι
2167 4846 2322 4898 nibus
2346 4845 2638 4900 sceleribus
2661 4850 2876 4911 vestris,
2899 4858 2954 4902 et
2992 4865 3097 4903 non
3123 4853 3378 4905 servastis
3406 4866 3685 4924 praecepta

2114 4953 2131 4983 ι
2169 4937 2457 4988 sanctuarii
2489 4937 2617 4999 mei,
2660 4947 2713 4989 et
2743 4939 2996 5006 posuistis
3037 4942 3287 4995 custodes
3341 4944 3684 5000 observatio-

2114 5041 2131 5072 ι
2167 5039 2290 5076 num
2321 5037 2558 5076 mearum
2587 5025 2639 5077 in
2669 5027 2976 5079 sanctuario
3031 5041 3150 5080 meo
3193 5027 3622 5100 vobismetipsis.
3662 5052 3682 5082 ι

2109 5114 2329 5178 Quando
2353 5114 2480 5165 dicit
2507 5112 2773 5166 suiliciant
2805 5115 2954 5169 vobis
3001 5117 3180 5170 omnia
3227 5117 3428 5172 scelera
3475 5131 3685 5180 vestra.

2109 5205 2220 5257 sive
2247 5204 2555 5272 iniquitates
2583 5213 2797 5269 vestrae,
2821 5206 2885 5258 ad
2910 5207 3146 5274 priorum
3182 5217 3522 5275 peccatorum
3546 5211 3686 5263 hor-

2111 5306 2253 5348 tatur
2281 5296 2673 5363 pmnitentiam,
2717 5311 2784 5349 ne
2817 5312 3108 5366 augeamus
3155 5309 3375 5365 peccata
3415 5301 3685 5368 peccatis,

2107 5394 2155 5436 et
2190 5384 2466 5437 materiam
2493 5383 2669 5438 futuro
2706 5400 2954 5452 parenms
2977 5387 3242 5440 incendio.
3265 5386 3370 5442 Sed
3398 5391 3685 5444 audiamus

2111 5474 2236 5528 illud
2287 5475 2429 5542 quod
2466 5473 2633 5528 Isaias
2654 5475 2927 5541 loquitur:
2963 5495 2980 5525 ί
3019 5475 3108 5530 Va:
3141 5477 3225 5532 his
3261 5478 3353 5545 qui
3401 5478 3684 5533 attrahunt

2110 5579 2325 5635 peccata
2349 5566 2742 5620 sicutfuniculo
2769 5566 2941 5635 longo,
2998 5576 3053 5620 et
3101 5569 3238 5622 sicut
3251 5567 3382 5638 jngo
3430 5571 3682 5640 corrigire

2111 5657 2256 5710 vituli
2293 5659 2585 5726 iniquitatis
2639 5658 2779 5726 (Isa.
2809 5661 2891 5728 v).
2936 5680 2952 5710 ι
2999 5659 3339 5728 Primumque
3395 5671 3683 5728 peccatum
