3972 6184
380 290 520 359 I005

1277 286 1630 348 COMMENT.
1669 287 1734 342 IN
1776 281 2230 373 EZEQIIIELEM.
2268 312 2333 326 --
2377 282 2503 339 LII}.
2544 278 2727 338 XVIII.

3499 271 3685 357 ipos'

371 372 476 473 est,
501 406 645 478 quod
673 406 931 462 inducunt
955 402 1091 461 filios
1112 404 1317 460 alienos
1344 405 1458 460 sive
1485 402 1815 471 alienigenas
1870 372 1952 453 in—
1979 401 2027 460 Α
2055 411 2198 463 rum,
2224 404 2278 452 et
2301 390 2467 463 labia,
2490 405 2546 453 et
2570 412 2684 462 cor,
2705 405 2756 452 et
2781 402 2994 453 omnem
3039 406 3280 463 carnem,
3316 388 3629 462 oculosque,

370 498 725 555 circumcisus
747 496 931 562 ‘corde,
957 504 1014 551 ct
1043 496 1445 551 incircumcisos
1471 508 1653 559 carne,
1679 502 1737 548 ut
1763 493 1872 547 sint
1894 494 1949 547 in

373 588 687 646 sanctuario
724 588 838 652 Dei,
870 596 924 640 et
950 586 1188 657 polluant
1236 586 1453 641 domum
1502 580 1733 640 Domini.
1791 605 1809 637 ι
1841 584 1952 641 Mo-

376 672 553 737 dicum
606 678 750 733 enim
796 676 1116 732 fermentum
1176 685 1342 732 totam
1381 692 1615 732 massam
1659 678 1955 746 corrumpit

374 768 440 836 (Ἰ
470 766 594 824 Cor.
620 766 705 841 v).
737 785 756 818 ι
789 765 856 821 Et
885 767 938 819 in
975 766 1292 836 quibusdam
1347 764 1740 837 exemplaribus
1783 766 1956 821 fertur

373 858 811 923 Proverbiorum,
848 875 868 909 ι
897 856 973 910 Ne
1004 855 1312 912 introducas
1337 857 1559 928 impium
1604 859 1656 912 in
1703 859 1955 913 taberna-

372 947 513 1003 culis
527 947 816 1017 iustorum.
856 965 875 999 ι
909 944 1117 1016 Urgent
1150 961 1248 1000 nos
1274 946 1327 1000 in
1357 947 1460 1002 hoc
1514 947 1632 1003 loco
1676 946 1843 1003 Judaei
1902 957 1957 1004 et

374 1037 657 1092 Ebionitte‘
680 1037 770 1106 qui
796 1035 1259 1090 circumcisionem
1300 1036 1484 1091 carnis
1504 1036 1793 1106 accipitmt,
1825 1051 1960 1108 quo-

376 1128 539 1184 modo
564 1142 853 1199 possumus
878 1136 1195 1196 praesentem
1229 1126 1406 1181 locum
1456 1140 1746 1196 exponere,
1798 1128 1960 1184 incir-

374 1223 645 1276 cumcisos
672 1220 833 1275 corde
857 1227 915 1275 et
936 1218 1345 1274 incircumcisos
1392 1234 1594 1274 carne:
1618 1236 1725 1291 quo
1774 1219 1963 1276 videli-'

376 1322 466 1369 cet
494 1321 617 1384 post
644 1310 942 1383 spiritalem
965 1310 1372 1381 intelligentiam
1403 1313 1569 1367 etiam
1617 1311 1798 1369 carnis
1849 1314 1959 1368 cir-

374 1404 765 1462 cumcisiouem
794 1402 1069 1472 suscipere
1089 1401 1402 1457 debeamus.
1462 1400 1568 1457 Sed
1608 1403 1699 1472 qui
1734 1400 1964 1473 legimus

377 1496 604 1550 Paulum
635 1494 901 1549 dicentem
942 1510 956 1546 :
1002 1511 1020 1544 ι
1049 1490 1335 1548 Coutestor
1377 1503 1555 1549 autem
1604 1510 1817 1549 omnem
1863 1496 1964 1549 Lo-

374 1587 579 1640 tniuem
623 1585 713 1654 qui
751 1582 1174 1647 circumciditur,
1224 1586 1479 1654 quoniam
1520 1584 1567 1639 si
1619 1586 1967 1640 circumcida-

378 1676 533 1739 mini,
563 1674 809 1730 Christus
837 1675 991 1730 vobis
1018 1675 1154 1729 nihil
1180 1677 1418 1745 proderit
1444 1675 1598 1747 (Gal.
1624 1677 1710 1746 ν).
1744 1698 1764 1729 ι
1810 1678 1874 1732 Et
1903 1678 1965 1732 il—

2051 497 2266 557 gustum
2296 490 2348 542 et
2368 489 2668 549 odoratum,
2694 496 2752 541 ut
2779 487 2960 541 omnia
2991 498 3113 541 cum
3138 484 3229 540 Dei
3258 477 3451 539 timore
3472 488 3527 538 et
3548 494 3635 537 ra-

2054 578 2198 632 tione
2226 575 2506 632 faciamus.
2532 577 2884 632 Audianthoc
2906 576 3144 645 episcopi
3193 584 3355 645 atque
3402 574 3630 643 presby-

2056 668 2176 731 teri,
2206 674 2263 721 et
2288 667 2462 722 omnis
2490 667 2623 722 ordo
2660 666 3063 722 ecclesiasticus
3107 668 3168 719 ut
3213 675 3319 719 n‘on
3370 654 3636 719 inducant

2058 757 2195 815 filios
2215 759 2423 816 alienos
2470 744 2874 813 incircumcisos
2903 757 3083 822 corde,
3129 765 3183 811 et
3230 756 3638 812 incircumcisos

2057 865 2244 915 carne,
2266 864 2333 903 ne
2368 849 2477 904 sint
2503 850 2553 902 in
2574 846 2884 902 sanctuario
2916 845 3035 907 Del.
3062 854 3119 901 et
3146 845 3387 921 polluant
3419 845 3635 901 domum

2057 941 2192 1011 ejus.
2221 939 2279 996 Si
2301 940 2442 995 enim
2478 940 2581 994 hoc
2604 938 2848 1001 fecerint,
2872 937 3142 1007 aptabitur
3168 936 3275 992 illis
3298 937 3440 1009 quod
3463 938 3641 1007 serrula»

2060 1039 2149 1086 tur
2176 1050 2189 1085 :
2219 1051 2238 1082 ε
2266 1029 2334 1085 Et
2357 1029 2563 1087 offertis
2588 1042 2759 1099 panes
2788 1043 2956 1094 meos,
2997 1047 3015 1083 ι
3045 1037 3214 1099 panes
3236 1020 3495 1086 videlicet
3513 1044 3638 1101 pro-

2059 1122 2337 1192 positionis
2367 1122 2419 1175 in
2451 1121 2660 1176 cunctis
2691 1120 2935 1176 ecclesiis
2969 1122 3025 1175 et
3066 1120 3121 1175 in
3166 1121 3297 1177 orbe
3347 1122 3634 1185 terrarum,

2061 1214 2129 1267 de
2156 1228 2263 1267 uno
2293 1226 2430 1282 pane
2458 1209 2799 1283 pullulantes.
2826 1211 2894 1266 Et
2921 1221 3029 1268 neu
3081 1213 3252 1268 solum
3304 1218 3493 1283 panes,
3542 1214 3636 1271 sel

2062 1303 2273 1372 adipem
2302 1316 2535 1370 quoque,
2564 1302 2628 1355 de
2650 1317 2756 1371 quo
2781 1302 3039 1364 scriptum
3060 1309 3144 1358 est
3171 1321 3184 1356 :
3216 1319 3235 1355 ι
3265 1302 3510 1373 Εχιάἱῃε
3528 1302 3639 1358 an:

2064 1393 2229 1447 menti
2257 1394 2521 1447 saturavit
2544 1407 2639 1447 eos
2666 1392 2686 1463 (
2707 1391 3077 1458 Psalmxxxi,»
3094 1401 3161 1448 tet
3176 1394 3503 1466 sanguinem
3545 1395 3638 1464 qui

2067 1482 2118 1535 in
2147 1481 2348 1536 Christi
2374 1483 2624 1551 passione
2644 1480 2846 1537 effusus
2873 1491 2974 1537 est.
3010 1477 3429 1554 Legeudumque
3461 1483 3537 1539 ita
3584 1489 3640 1539 ct

2066 1573 2145 1627 sic
2168 1573 2410 1627 lectionis
2434 1574 2567 1626 ordo
2590 1572 2908 1627 reddendus.
2939 1573 3072 1636 Cum
3100 1572 3238 1630 filios
3288 1575 3636 1647 alienigenas,

2068 1673 2122 1717 et
2148 1663 2554 1719 iucircumcisos
2575 1664 2736 1718 corde
2769 1673 2824 1718 et
2854 1679 3078 1735 corpore
3102 1666 3365 1723 inducatis
3413 1667 3467 1721 in
3515 1683 3640 1723 sane

378 1767 474 1823 iud
533 1765 781 1821 Jcremize
804 1778 821 1819 ε
857 1782 875 1816 t
906 1765 1043 1821 Ecce
1074 1766 1464 1821 incircumcisze
1485 1781 1645 1823 aures
1670 1776 1883 1832 vestrm,
1909 1778 1963 1823 ct

2070 1755 2558 1823 ctuatiutﬁsmenm,
2587 1763 2641 1809 et
2675 1755 2925 1823 polluatis
2951 1756 3169 1811 domum
3201 1774 3399 1824 meam,
3431 1759 3640 1814 audetis

378 1855 630 1911 noluistis
644 1855 828 1909 audire
851 1852 996 1927 (Jer.
1028 1855 1140 1925 vt).
1188 1875 1207 1909 ι
1241 1856 1307 1910 Et
1334 1856 1388 1909 in
1419 1856 1603 1911 Exodo
1647 1857 1858 1912 locutus
1883 1866 1969 1912 est

382 1946 595 2017 Moyses
640 1942 845 2016 (Exoa.
878 1942 972 2015 tu)
1020 1946 1074 1999 in
1123 1955 1412 2015 conspectu
1467 1947 1699 2013 Domini,
1744 1947 1961 2002 dicens:

378 2035 522 2092 Ecce
552 2035 644 2090 ﬁlii
671 2034 835 2089 Israel
864 2052 967 2091 non
999 2036 1282 2091 audierunt
1308 2046 1381 2101 te,
1404 2047 1458 2091 et
1485 2038 1754 2107 quomodo
1786 2040 1966 2093 audiet

378 2141 469 2183 me
498 2125 747 2181 Pharao?
768 2127 878 2195 Ego
910 2136 1088 2181 autem
1121 2142 1238 2181 sum
1266 2128 1402 2182 tardi
1432 2130 1719 2194 sermonis,
1745 2143 1844 2198 pro
1859 2142 1966 2201 quo

379 2216 574 2272 melius
595 2215 822 2272 habetur
848 2217 903 2271 in
938 2216 1201 2272 Hebraeo:
1236 2236 1255 2269 ι
1284 2218 1396 2290 Ego
1449 2228 1629 2275 autem
1670 2221 1964 2278 incircum-

378 2307 526 2363 cisus
554 2306 730 2362 labiis.
760 2325 780 2361 ι
819 2308 1215 2379 Interrogemns
1239 2324 1352 2375 eos,
1387 2311 1495 2364 imo
1547 2325 1805 2382 cogamus
1858 2314 1967 2368 clr-

380 2397 691 2451 cumcidere
715 2410 875 2452 aures
896 2405 950 2451 et
970 2397 1109 2452 labia
1135 2399 1410 2466 desecare,
1428 2407 1484 2453 ut
1509 2398 1846 2471 Scripturam
1873 2402 1966 2456 im-

381 2485 862 2557 plerevideantur.
920 2486 1014 2543 Sin
1048 2495 1228 2541 autem
1276 2498 1561 2558 cmperunt
1591 2493 1961 2548 circumcisio-

383 2592 509 2636 nem
532 2572 741 2635 aurium
772 2579 1134 2650 interpretari,
1158 2581 1370 2650 quando
1392 2576 1526 2637 nihil
1558 2591 1714 2656 turpe
1766 2592 1822 2640 ct
1875 2585 1962 2640 in-

381 2668 671 2722 honestum
721 2668 909 2723 audire
962 2683 1062 2724 nos
1098 2670 1354 2738 patimur,
1391 2679 1447 2726 et
1492 2672 1959 2730 circumcisiouem

382 2757 650 2813 labiorum
673 2758 885 2829 quando
908 2760 1041 2812 nihil
1067 2759 1321 2815 indecens
1364 2761 1661 2830 loquimur,
1720 2764 1963 2822 dicamus

386 2846 470 2904 eis
488 2832 748 2905 eamdem
772 2852 1162 2921 expositionem
1198 2853 1361 2908 etiam
1391 2855 1444 2909 in
1474 2856 1639 2911 corde
1662 2857 1782 2913 etin
1794 2873 1961 2915 carne

382 2942 608 2995 servare
640 2939 867 2996 debetis.
901 2939 1007 2997 Cor
1034 2944 1468 3002 circumcidimus
1504 2946 1719 3004 cultello
1746 2949 1863 3016 Dei,
1906 2956 1962 3007 et

383 3029 630 3086 aufertur
656 3030 724 3086 de
749 3033 909 3089 corde
930 3044 1116 3090 nostro
1134 3038 1472 3107 przeputium,
1520 3041 1735 3112 quando
1778 3050 1960 3111 turpes

2066 1842 2262 1897 offerre
2289 1860 2478 1913 panem
2507 1852 2562 1899 et
2581 1845 2792 1915 adipem
2829 1856 2884 1900 et
2930 1848 3266 1918 sanguinem,
3303 1850 3528 1921 mystica
3556 1866 3642 1906 sae

2065 1940 2366 1996 crementa,
2396 1942 2449 1986 et
2474 1948 2577 1986 non
2603 1933 2901 2005 intelligitis
2923 1937 3064 2005 quod
3090 1936 3356 1992 solveritis
3404 1945 3460 1993 et
3505 1954 3643 2010 pra:-

2067 2023 2318 2091 tergressi
2346 2022 2466 2077 sitis
2501 2031 2717 2091 pactum
2752 2039 2930 2079 meum
2964 2026 3018 2080 in
3045 2027 3300 2083 omnibus
3351 2028 3643 2088 sceleribus

2065 2123 2121 2170 et
2153 2116 2518 2186 impietatibus
2542 2120 2760 2186 vestris,
2787 2129 2970 2176 etnon
3002 2124 3349 2180 servaveritls
3372 2137 3640 2198 prmcepm

2064 2210 2353 2263 sanctuarii
2382 2210 2506 2275 mei,
2553 2223 2729 2281 neque
2765 2213 3057 2281 posueritis
3096 2217 3346 2272 custodes
3390 2230 3643 2277 caerean

2066 2296 2275 2352 uiarum
2306 2312 2544 2353 mearum
2580 2300 2634 2353 in
2669 2303 2980 2358 sanctuario
3024 2318 3166 2360 meo.
3224 2305 3414 2363 Omnis
3464 2318 3642 2364 autem

2066 2389 2324 2444 adversus
2347 2405 2440 2446 eos
2465 2399 2547 2447 est
2567 2394 2932 2460 comminatio,
2963 2396 3055 2467 qui
3080 2412 3187 2451 non
3209 2399 3491 2455 audierunt
3507 2401 3644 2471 Apo-

2064 2479 2259 2535 stolum
2280 2490 2698 2551 prtemouentem
2732 2502 2746 2539 :
2782 2502 2801 2536 ι
2838 2483 3029 2542 Manus
3076 2489 3184 2543 cito
3232 2479 3433 2545 nemini
3479 2486 3644 2564 lmpo-
3715 2552 3728 2562 ,

2064 2574 2255 2639 sueris,
2291 2589 2465 2645 neque
2493 2579 2859 2634 communices
2903 2580 3142 2650 peccatis
3181 2580 3370 2638 alienis
3409 2581 3474 2657 (I
3502 2581 3637 2639 Tim;

2062 2668 2150 2743 v).
2186 2690 2206 2723 ι
2240 2667 2337 2726 Vel
2360 2680 2508 2726 certe
2538 2673 2617 2727 sic
2653 2671 3080 2745 intelligendum,
3123 2693 3142 2728 ι
3177 2676 3506 2735 Dissolvistis
3547 2694 3644 2751 ιδεμ

2063 2769 2208 2817 ctum
2227 2777 2408 2818 meum
2437 2763 2493 2818 in
2534 2763 2784 2820 omnibus
2821 2764 3117 2823 sceleribus
3163 2765 3379 2836 vestris,
3429 2770 3485 2825 et
3534 2788 3638 2825 nm

2062 2855 2319 2910 servastis
2347 2863 2612 2926 praecepta
2641 2858 2933 2912 sanctuarii
2963 2857 3099 2924 mei;
3132 2881 3151 2914 ι
3180 2864 3235 2916 et
3272 2856 3482 2918 audetis
3507 2857 3642 2917 indi-

2063 2957 2199 3016 guos
2251 2945 2567 3018 alienasque
2608 2948 2863 3004 custodes
2917 2964 3119 3021 ponere
3169 2949 3222 3006 in
3269 2951 3519 3008 observat
3540 2968 3642 3009 oue

2063 3037 2355 3091 sanctuarii
2412 3036 2518 3091 mei
2569 3039 2985 3109 vobismetipsis,
3035 3057 3092 3096 ιιι
3134 3041 3486 3098 subaudiatur
3537 3060 3643 3099 nou

383 3120 739 3191 cogitationes
768 3137 1106 3194 nequaquam
1132 3104 1331 3182 exeunt
1361 3127 1426 3183 de
1452 3104 1613 3185 corde
1641 3139 1847 3197 nostro,
1866 3104 1962 3189 nec
1988 3104 2035 3167 Ο
2068 3127 2220 3183 mihi.
2252 3128 2321 3183 Et
2348 3135 2431 3184 est
2455 3144 2646 3184 sensus
2670 3142 2683 3183 ξ
2710 3129 2811 3197 Qui
2834 3104 2986 3188 vobis
3007 3131 3060 3187 in
3079 3134 3384 3190 carnalibus
3408 3137 3645 3191 serviant

384 3202 642 3269 dé'uobls
669 3212 865 3268 dicitur
894 3233 906 3269 :
948 3233 966 3266 ι
1000 3217 1394 3289 lmpinguatum
1428 3230 1513 3275 est.
1536 3236 1630 3276 eor
1649 3224 1827 3293 populi
1859 3225 1961 3279 bu-

377 3303 491 3383 jus,
518 3311 574 3358 et
600 3302 822 3360 auribus
857 3307 969 3361 suis
986 3310 1228 3378 graviter
1265 3311 1552 3366 audierunt
1589 3311 1733 3385 (Act.
1772 3326 1960 3380 xxvut,

386 3392 502 3449 Ha.
531 3393 640 3468 vi).
672 3416 692 3449 ›
727 3395 866 3469 Ergo
899 3405 954 3454 et
986 3414 1114 3454 caro
1144 3400 1395 3456 similiter
1440 3402 1859 3469 circumciditur,
1907 3413 1966 3461 ut

386 3502 727 3558 nequaquam
749 3488 1008 3546 faciamus
1033 3502 1245 3547 terrena
1269 3507 1433 3563 opera
1462 3504 1581 3563 quae
1604 3510 1702 3566 pro
1732 3496 1968 3551 necessi-

389 3576 502 3647 ἱεὶιὲ
522 3586 774 3660 corporis
804 3586 983 3646 facere
1015 3589 1407 3660 compellimur,
1453 3593 1632 3647 cibum
1673 3608 1883 3663 capere,
1913 3598 1966 3649 et

385 3664 576 3750 patum
597 3686 653 3734 et
679 3694 944 3744 somnum,
970 3680 1115 3734 etuti
1143 3678 1378 3735 vestibus
1404 3699 1417 3734 :
1442 3676 1567 3751 quae
1589 3689 1717 3738 tunc
1742 3678 1967 3738 circum-

389 3756 642 3833 ﬁdimus,
657 3768 700 3822 si
729 3780 834 3822 non
862 3769 929 3823 ad
955 3766 1173 3823 delicias
1195 3776 1247 3822 et
1274 3769 1340 3822 ad
1366 3767 1632 3825 luxuriam
1654 3781 1707 3827 et
1730 3773 1796 3826 ad
1825 3772 1967 3827 incr-

392 3850 546 3923 tiam,
573 3858 666 3914 sed
694 3859 761 3911 ad
790 3859 1164 3913 necessitatem
1212 3869 1417 3915 naturae
1460 3868 1514 3914 et
1547 3861 1787 3932 corporis
1813 3864 1966 3919 istius

391 3932 817 4006 Sustentaculum
857 3961 1059 4005 euncta-
1105 3948 1385 4006 faciamus.
1444 3951 1546 4020 Qui
1596 3953 1729 4009 bibit
1785 3955 1966 4009 vinum

394 4026 667 4094 modicum
690 4048 912 4109 propter
938 4040 1274 4095 stomachum
1304 4048 1358 4095 et
1404 4040 1713 4112 frequentes
1739 4043 1967 4099 infirmi-

395 4124 535 4196 tates
556 4127 616 4199 (Ἰ
639 4128 774 4182 Tim.
799 4131 887 4200 ν),
911 4139 965 4184 et
985 4132 1097 4186 otlit
1117 4132 1454 4200 ebrietatem,
1478 4134 1816 4189 circumcidit
1840 4151 1964 4190 car-

392 4228 515 4271 nem
540 4232 713 4272 suam.
744 4217 846 4284 Qui
871 4219 1068 4273 dormit
1087 4229 1347 4287 quantum
1373 4230 1560 4277 natura
1605 4226 1825 4294 patitur,
1865 4241 1964 4280 au—

393 4312 503 4387 dict
534 4327 566 4366 a
587 4310 873 4367 Salomone
893 4331 905 4365 :
929 4331 947 4364 ι
973 4312 1029 4368 Si
1051 4313 1253 4368 sederis
1273 4355 1287 4379 ,
1319 4315 1521 4385 absque
1547 4317 1738 4373 timore
1762 4319 1899 4384 eris;
1922 4321 1964 4376 si

395 4402 702 4467 dormieris,
722 4404 958 4457 suaviter
981 4405 1237 4471 dormies,
1263 4416 1317 4460 ct
1343 4421 1445 4460 non
1473 4408 1687 4464 timebis
1714 4420 1966 4479 pavorem

392 4486 857 4567 Supervenientem
875 4498 967 4553 tibi
990 4513 1162 4568 neque
1182 4499 1411 4568 impetus
1426 4500 1707 4570 impiorum
1723 4518 1972 4571 superve-

395 4584 607 4640 nientes
642 4578 830 4659 (Prov.
870 4586 980 4660 ιιι).
1027 4609 1044 4640 ι
1074 4587 1138 4641 Et
1165 4589 1258 4658 qui
1280 4590 1411 4659 fugit
1440 4590 1885 4656 fornicationem,
1916 4601 1971 4648 et

393 4672 551 4729 tueri
572 4666 807 4730 debitum
829 4677 1032 4742 reddit,
1051 4685 1325 4739 revertens
1346 4680 1411 4732 ad
1433 4678 1661 4749 idipsum
1681 4721 1695 4745 ,
1713 4694 1780 4734 ne
1805 4689 1973 4736 tentet

392 4774 518 4821 eum
535 4762 783 4853 Satanas,
799 4767 977 4821 audiet
998 4781 1117 4820 cum
1139 4766 1332 4836 populo
1346 4767 1524 4833 Israel,
1550 4787 1567 4819 ‹
1590 4768 1644 4822 in
1660 4768 1759 4822 hac
1772 4768 1856 4823 die
1877 4771 1973 4824 ab~

392 4854 523 4912 stall
549 4857 893 4927 Opprobrium
924 4854 1143 4927 IEgypti
1170 4872 1199 4910 a
1224 4858 1392 4912 vobis.
1432 4877 1450 4909 ι
1483 4857 1734 4921 Vestibus
1761 4876 1972 4930 quoque

393 4952 583 5019 utetur
605 4950 726 5015 quae
766 4944 936 5014 frigus
971 4940 1260 5015 repellant,
1295 4963 1397 5002 non
1429 4952 1549 5017 qute
1593 4949 1847 5005 tenuitate
1887 4950 1968 5005 sui

393 5038 622 5108 corpora
668 5042 808 5095 nuda
840 5044 1222 5096 demonstrent.
1261 5042 1555 5097 Attenuata
1582 5040 1803 5119 jejuuiis
1843 5058 1968 5098 caro

392 5120 449 5183 et
471 5130 787 5185 circumcisa
811 5133 1132 5186 continentia
1169 5130 1302 5201 fugit
1327 5131 1671 5204 approbrium
1695 5131 1971 5204 IEgyptioJ

393 5144 449 5183 et
471 5144 787 5185 circumcisa
811 5144 1132 5186 continentia
1169 5144 1302 5201 tugtt
1327 5144 1671 5204 oppronrmm
1695 5144 1761 5184 1r.
1821 5144 1963 5201 ’μυο-

393 5232 513 5273 rum
539 5212 628 5290 qui
656 5229 781 5276 sunt
809 5222 1016 5291 magnis
1045 5223 1315 5286 carnibus,
1339 5231 1395 5277 et
1416 5220 1542 5276 illud
1566 5226 1743 5291 potest
1765 5144 1963 5295 gloom,

393 5304 538 5378 quod
566 5309 620 5364 in
647 5309 915 5381 plerisque
939 5311 1091 5380 juxta
1120 5312 1405 5366 editionem
1434 5292 1811 5393 Septuaginta£
1831 5292 1961 5386 legi-

393 5408 520 5456 tur:
550 5421 569 5453 ς
589 5400 866 5469 Quomodo
892 5402 1164 5459 contabuit
1192 5418 1320 5459 caro
1348 5419 1466 5459 mea
1491 5402 1545 5458 in
1574 5412 1714 5459 terra
1750 5396 1961 5462 deserta

392 5498 452 5545 et
499 5484 642 5547 invia
696 5480 1056 5564 et'inaquosa
1083 5534 1098 5560 ,
1141 5495 1221 5551 sic
1269 5494 1321 5548 ln
1364 5503 1555 5550 sancto
1597 5496 1817 5565 apparui
1869 5496 1963 5553 tibi

394 5578 578 5651 (P601.
606 5581 767 5653 Lxu).
801 5582 860 5639 Si
881 5585 1093 5653 quando
1120 5600 1247 5656 ergo
1274 5584 1600 5657 alienigenas
1625 5587 1965 5643 introducere

393 5671 724 5729 voluerimus
748 5676 799 5728 in
824 5675 1020 5746 templo
1046 5676 1163 5741 Dei,
1192 5675 1638 5735 circumcidamns
1670 5694 1831 5734 aures
1873 5695 1963 5735 eo-

2066 3234 2131 3275 ac
2167 3218 2493 3285 ministrent,
2519 3227 2573 3276 ct
2595 3220 2664 3275 ob
2688 3232 2867 3277 vestra
2895 3224 3173 3296 refrigeria
3201 3234 3377 3282 meum
3404 3227 3646 3298 polluant

2066 3309 2453 3363 sanctuarium.

2140 3416 2160 3449 ί
2194 3395 2317 3453 Haec
2337 3398 2465 3454 dicit
2492 3396 2748 3456 Dominus
2782 3397 2958 3457 Deus:
2996 3397 3184 3460 Omnis
3205 3405 3507 3479 alienigena
3556 3409 3643 3466 in-

2073 3505 2091 3543 t
2129 3491 2484 3548 circumcisus
2503 3490 2666 3546 corde
2710 3501 2762 3549 et
2792 3494 3198 3554 incircumcisus
3224 3513 3388 3556 carne
3422 3519 3527 3558 non
3564 3503 3646 3559 ius

2075 3602 2091 3633 ι
2132 3582 2406 3651 gredietur
2430 3584 2794 3638 sanctuarium
2824 3600 3024 3649 meum,
3048 3589 3223 3643 omnis
3246 3586 3386 3646 filius
3437 3592 3645 3649 alienus

2074 3690 2091 3723 ι
2135 3673 2226 3743 qui
2248 3682 2333 3728 est
2361 3673 2413 3727 in
2445 3674 2620 3729 medio
2649 3673 2875 3729 filiorum
2907 3675 3089 3730 Israel.
3120 3676 3226 3737 Sed
3249 3688 3303 3734 et
3328 3679 3527 3738 Levita:
3552 3685 3645 3753 qui

2073 3783 2091 3814 ε
2130 3763 2292 3848 longe
2316 3774 2654 3818 recesserunt
2675 3780 2703 3818 a
2736 3780 2819 3819 me
2844 3765 2895 3819 iu
2923 3778 3109 3822 errore
3130 3768 3357 3824 filiorum
3380 3770 3562 3849 Israel,
3590 3764 3654 3830 ρι’

2075 3871 2093 3904 ‹
2139 3863 2455 3908 erraverunt
2482 3871 2510 3908 a
2538 3868 2621 3908 me
2648 3863 2769 3925 post
2797 3852 2932 3911 idola
2964 3874 3081 3924 sua,
3129 3863 3421 3931 portabunt
3449 3867 3645 3938 iniqui—

2076 3963 2093 3996 ‹
2148 3953 2310 3999 tatem
2340 3960 2490 4000 suam
2523 3946 2611 4015 qui
2644 3949 2870 4002 erantin
2895 3954 3204 4010 sanctuario
3244 3970 3363 4012 meo
3389 3958 3566 4014 aeditui
3591 3971 3647 4017 et

2074 4055 2093 4087 ‹
2134 4036 2396 4106 janitores
2419 4047 2693 4106 portarum
2725 4036 2916 4093 domus
2949 4048 3002 4094 et
3027 4042 3259 4099 ministri
3282 4045 3490 4102 domus.
3516 4048 3646 4120 Ipsi-

2074 4145 2092 4176 ι
2136 4137 2240 4195 que
2267 4125 2575 4181 mactabam
2604 4125 2915 4183 holocausta
2956 4139 3012 4184 et
3049 4131 3298 4190 victimas
3342 4137 3546 4207 populi,
3591 4149 3647 4197 et

2077 4234 2094 4267 ς
2141 4217 2237 4286 ipsi
2261 4220 2474 4272 stabant
2503 4227 2625 4272 ante
2648 4229 2740 4273 eos
2763 4226 2820 4272 ut
2850 4220 3212 4277 ministrarent
3254 4239 3355 4294 pro
3382 4226 3503 4282 illis.
3536 4223 3643 4284 Pro

2077 4326 2095 4357 ι
2135 4323 2199 4362 eo
2223 4323 2350 4377 ergo
2372 4309 2515 4378 quod
2538 4306 2977 4365 ministrm'crunt
3002 4327 3099 4382 pro
3126 4313 3205 4368 eis
3253 4312 3307 4368 in
3351 4329 3639 4388 conspectu

2080 4420 2097 4450 ‹
2142 4398 2405 4454 idolorum
2431 4414 2673 4467 suorum,
2703 4400 2825 4455 facti
2852 4409 2974 4456 sunt
2998 4402 3177 4457 domui
3204 4403 3367 4461 Israel
3392 4408 3446 4464 in
3474 4410 3644 4467 offen-

2077 4510 2096 4543 ι
2141 4493 2375 4547 dicutum
2397 4493 2712 4561 iniquitatis,
2757 4492 2958 4546 idcirco
2987 4491 3157 4550 levavi
3203 4510 3422 4554 manum
3466 4516 3640 4559 meam

2079 4600 2098 4633 ί
2143 4598 2304 4653 super
2328 4598 2441 4649 eos,
2465 4584 2593 4637 dicit
2620 4583 2876 4637 Dominus
2901 4584 3056 4649 Deus,
3085 4594 3137 4641 et
3165 4598 3513 4659 portaveruut
3541 4596 3651 4669 ini:

2077 4695 2097 4727 ι
2140 4675 2395 4744 quitatem
2412 4688 2582 4727 suam.
2614 4670 2680 4726 Et
2707 4688 2811 4727 non
2848 4668 3348 4748 appropinquabunt
3382 4684 3449 4740 ad
3474 4702 3560 4742 mc.
3586 4676 3647 4743 ut

2080 4781 2097 4814 ι
2140 4762 2439 4818 sacerdotio
2500 4762 2789 4831 fungantur
2858 4766 3007 4830 mihi,
3068 4783 3243 4840 neque
3299 4777 3641 4833 accedentad

2080 4871 2098 4904 ι
2141 4868 2299 4907 omne
2326 4851 2690 4906 sanctuarium
2713 4868 2831 4907 meu
2858 4872 2887 4906 n
2904 4850 3056 4922 juxta
3087 4868 3274 4916 sancta
3306 4874 3639 4932 sanctorum,

2079 4961 2097 4993 ‹
2143 4944 2236 4999 sed
2263 4943 2552 5012 portabunt
2579 4943 2949 4999 confusionem
2987 4963 3136 5003 suam
3186 4959 3243 5008 et
3289 4955 3494 5012 scelera
3543 4975 3642 5015 sua

2079 5050 2097 5083 ‹
2143 5048 2262 5101 qua:
2312 5031 2569 5087 fecerunt.
2616 5031 2683 5087 Et
2719 5034 2856 5089 dabo
2906 5052 3000 5093 eos
3036 5039 3302 5110 janitorcs
3352 5046 3542 5104 domus
3590 5052 3643 5107 in

2077 5142 2096 5175 ‹
2139 5123 2283 5177 omni
2310 5120 2608 5178 ministerio
2631 5123 2767 5195 ejus,
2796 5134 2850 5181 et
2882 5129 3144 5187 universis
3168 5148 3286 5204 qua:
3311 5136 3447 5194 fiunt
3471 5140 3523 5193 in
3555 5157 3648 5202 ea.

2077 5218 2096 5264 ἀ
2139 5209 2458 5268 Sacerdotes
2488 5221 2665 5267 autem
2690 5214 2889 5272 Levita:
2930 5218 3025 5273 filii
3051 5220 3226 5279 Sadoc
3255 5226 3345 5294 qui
3374 5231 3642 5287 custodie-

2077 5324 2095 5355 t
2142 5313 2267 5359 runt
2296 5302 2644 5360 caaremonias
2672 5311 2964 5365 sanctuarii
2987 5312 3109 5378 mei,
3127 5331 3251 5370 cum
3276 5330 3522 5376 errarent
3550 5322 3644 5379 filii

2073 5417 2091 5448 ι
2130 5395 2289 5451 Israel
2313 5414 2342 5451 a
2360 5410 2468 5462 me,
2495 5396 2593 5466 ipsi
2616 5399 2872 5455 accedent
2896 5402 2961 5458 ad
2984 5420 3068 5460 me
3090 5413 3147 5460 ut
3165 5405 3468 5466 ministrent
3491 5413 3643 5480 mihi,

2075 5508 2091 5540 ι
2137 5498 2192 5544 et
2216 5488 2436 5543 stabunt
2464 5487 2518 5541 in
2548 5497 2835 5558 conspectu
2867 5509 2985 5548 meo
3008 5501 3068 5548 ut
3091 5496 3320 5553 offerant
3370 5502 3499 5557 mihi
3529 5500 3645 5561 adi»

2076 5598 2094 5631 ι
2140 5596 2259 5650 pem
2291 5587 2348 5635 et
2374 5578 2705 5649 sanguinein,
2741 5582 2816 5636 ait
2844 5580 3098 5639 Dominus
3126 5586 3285 5644 Deus.
3336 5591 3438 5662 Ipsi
3467 5594 3646 5667 ingrc-

2075 5692 2094 5726 ι
2136 5675 2351 5731 dientur
2374 5674 2426 5729 in
2450 5673 2815 5729 sanctuariuni
2844 5688 3045 5747 meum,
3079 5690 3131 5735 et
3159 5680 3255 5749 ipsi
3284 5685 3540 5746 accedent
3571 5694 3635 5745 ,ιι
