3972 6184
323 262 350 316 ί
358 260 466 318 007

959 262 1021 317 Β.
1060 257 1312 315 RABANI
1353 257 1570 315 MAURl
1609 255 1930 313 ARCHIEP.
1974 258 2282 316 MOCUNT.
2323 258 2609 316 OPERUM
2646 258 2826 315 PARS
2863 257 2927 314 ﬂ.

3446 259 3587 316 1003

324 398 344 430 ο
386 393 629 438 mensam
673 393 849 435 meam
876 385 935 433 ut
960 376 1270 432 ministrent
1296 373 1449 440 mihi,
1487 382 1545 429 et
1597 372 1898 431 custodiant
1927 379 1975 436 Α
2004 373 2302 449 refrigeriis
2328 376 2520 435 altaria
2552 376 2764 433 Domini
2811 375 3133 448 polluamus.
3184 375 3292 432 Pro
3333 393 3400 434 eo
3442 378 3596 449 quod

325 487 346 520 ο
390 470 740 527 caeremonias
766 483 934 524 meas.
972 486 993 520 ι
1025 465 1350 521 chraicum
1380 475 1561 520 autem
1615 464 1759 519 hunc
1801 464 1897 519 ha-

325 558 407 591 r...
439 574 655 591 MM"...
682 576 694 589 .
730 577 747 591 .
774 557 957 591 namus
976 555 1271 591 ηιςοηειπιη..
1305 534 1711 591 ;.ιρί’.-ρ.ιηυιίαηα
1739 504 1957 591 ,ιω-Λιὲ

318 558 412 616 bet
437 574 656 616 sensum
681 576 696 612 :
729 577 747 609 ι
774 557 960 614 Omnis
975 555 1273 627 alienigena
1305 554 1712 611 incircumcisus
1739 555 1901 610 corde

318 656 376 706 et
393 662 579 714 carne,
610 663 714 702 non
738 645 1072 720 ingredietur
1094 644 1463 700 sanctuarium
1486 660 1685 710 meum,
1723 664 1740 697 ι
1777 644 1902 699 licet

320 755 443 797 cum
469 737 667 813 populo
697 735 864 793 lsrael
883 750 1005 792 esse
1040 736 1308 792 videatur.
1355 735 1554 792 Levita
1585 746 1765 792 autem
1796 738 1899 793 hoc

318 840 407 888 est
427 828 776 886 sacerdotalis
802 829 1003 901 gradus
1037 829 1129 899 qui
1182 830 1339 901 longe
1387 841 1730 886 recesserunt
1758 846 1790 884 a
1818 844 1894 887 me

319 920 375 976 in
395 934 582 976 errore
603 916 834 975 ﬁliorum
863 918 1050 985 Israel,
1082 927 1137 974 et
1167 919 1336 975 secuti
1367 930 1493 975 sunt
1522 921 1682 985 idola,
1714 931 1895 991 porta-

318 1015 451 1071 bunt
475 1012 815 1084 iniquitatem
836 1026 1012 1079 suam,
1039 1027 1105 1067 eo
1123 1012 1266 1082 quod
1297 1012 1496 1067 fuerim
1519 1012 1571 1066 in
1593 1013 1895 1070 sanetuarit

319 1119 438 1161 meo
467 1104 860 1170 ministrantes,
888 1103 943 1158 in
974 1101 1151 1160 oﬁicio
1180 1113 1458 1175 portarum
1487 1104 1678 1160 domus
1720 1114 1775 1160 et
1804 1105 1904 1164 mi-

317 1196 473 1252 nistri
504 1194 638 1265 ejus.
666 1195 772 1266 lpsi
802 1196 945 1250 enim
969 1194 1268 1251 offerebant
1314 1196 1684 1252 holocaustum
1729 1206 1786 1252 et
1823 1197 1904 1251 vi—

315 1288 513 1347 ctimas
541 1287 744 1359 populi,
769 1287 951 1357 et°ipsi
979 1287 1197 1343 stabant
1226 1288 1281 1343 in
1306 1296 1598 1358 conspectu
1627 1302 1812 1343 eorum
1845 1297 1906 1343 ut

318 1379 694 1439 ministrarent
713 1393 812 1448 pro
838 1379 938 1434 eis.
972 1377 1107 1445 Quia
1136 1393 1265 1449 ergo
1305 1378 1760 1435 ministraverunt
1804 1394 1902 1449 pro
1964 1412 1969 1425 τ

318 1468 427 1525 illis
451 1471 504 1527 in
534 1477 821 1540 conspectu
844 1468 1107 1524 idolorum
1134 1484 1377 1534 suorum,
1405 1476 1462 1524 et
1484 1468 1701 1524 fuerunt
1722 1469 1900 1524 domui

316 1558 483 1616 Israel
503 1558 883 1615 oﬁ'endiculum
914 1559 1232 1629 iniquitatis,
1261 1569 1544 1630 propterea
1583 1561 1753 1616 levavi
1789 1576 1905 1616 ma-

318 1664 450 1705 num
473 1663 649 1705 meam
675 1664 836 1719 super
858 1664 971 1716 eos,
1003 1650 1133 1705 dicit
1154 1650 1414 1706 Dominus
1438 1650 1596 1717 Deus,
1636 1658 1691 1706 et
1714 1659 1902 1722 porta-

322 1749 517 1798 verunt
545 1740 884 1811 iniquitatem
919 1755 1097 1805 suam,
1145 1748 1201 1796 et
1241 1755 1349 1796 non
1397 1742 1903 1811 appropinquabant
1934 1726 1979 1786 Β

319 1832 387 1887 ad
410 1845 518 1897 mc,
540 1839 602 1886 ut
626 1830 929 1887 sacerdotio
950 1829 1254 1909 fungantur.
1268 1831 1422 1897 mihi,
1450 1846 1624 1900 neque
1646 1830 1906 1887 accedent

321 1922 389 1987 ad
432 1936 592 1981 omne
621 1921 987 1979 sanctuarium
1023 1935 1201 1975 meum
1249 1919 1405 1988 juxta
1449 1930 1637 1977 sancta
1682 1930 1903 1977 sancto-

324 2030 465 2081 rum,
500 2014 595 2071 sed
622 2014 914 2084 portabunt
958 2012 1326 2069 confusionem
1377 2027 1553 2077 suam,
1598 2020 1655 2068 et
1699 2012 1903 2068 scelera

326 2121 423 2161 sua
451 2102 858 2177 (patefecerunt.
910 2103 1015 2160 Pro
1037 2103 1365 2159 sacerdotali
1409 2102 1553 2157 enim
1597 2101 1773 2158 ofﬁcio
1814 2103 1905 2173 qui

325 2195 700 2253 holocaustum
725 2201 780 2249 et
806 2194 1056 2253 victimas
1084 2208 1349 2263 omneque
1377 2192 1698 2249 sacriﬁcium
1713 2193 1909 2249 oﬁ‘erre

322 2293 668 2351 consuerant,
700 2285 1009 2356 redigentur
1035 2285 1087 2339 in
1120 2284 1364 2338 ultimum
1387 2285 1634 2356 gradum.
1665 2284 1733 2339 Et
1750 2292 1910 2340 erunt

319 2376 584 2448 ianitores
621 2376 813 2433 domus
841 2376 894 2432 in
919 2376 1266 2446 ignominiam
1297 2376 1703 2447 sempiternam,
1757 2387 1819 2432 ut
1840 2377 1909 2431 ab

324 2468 576 2525 universo
600 2468 796 2539 populo
825 2469 1111 2526 vidcantur
1151 2468 1391 2524 intrante
1437 2477 1493 2523 et
1541 2477 1795 2534 exeunte,
1843 2470 1912 2525 de

324 2573 431 2629 qua
457 2558 671 2614 sublimi
716 2558 990 2631 dignitate,
1045 2558 1114 2614 ad
1166 2574 1329 2629 quam
1384 2558 1630 2614 ultimum
1683 2560 1910 2631 gradum

326 2647 687 2718 pervenerint.
750 2667 767 2699 ι
800 2644 1122 2704 Sacerdotes
1172 2656 1376 2714 autem,
1414 2668 1433 2701 ι
1480 2649 1675 2718 inquit,
1724 2650 1780 2706 id
1831 2658 1915 2705 est

326 2737 529 2794 Levita:
556 2755 572 2787 ι
611 2737 702 2806 qui
730 2746 855 2793 sunt
878 2737 972 2792 ﬁlii
1001 2736 1202 2805 Sadoc,
1232 2757 1250 2790 ι
1289 2740 1392 2794 hoc
1413 2747 1495 2796 cst
1515 2737 1785 2809 justorum
1800 2739 1913 2796 sive

322 2827 454 2897 justi
484 2827 598 2895 Dei,
621 2837 675 2883 et
716 2831 807 2899 qui
834 2829 889 2882 in
923 2837 1166 2899 tempore
1215 2830 1417 2885 erroris
1467 2830 1709 2887 universi
1749 2830 1915 2889 Israel

333 2940 353 2973 ι
386 2918 759 2979 custodierunt
784 2919 1140 2974 caeremonias
1166 2920 1458 2974 sanctuarii
1508 2921 1636 2985 mei,
1695 2920 1795 2992 ipsi
1832 2936 1917 2976 ac-

327 3013 521 3071 cedent
543 3013 610 3068 ad
636 3027 721 3067 me
748 3020 806 3065 ut
837 3010 1144 3066 ministrent
1175 3011 1328 3076 mihi,
1348 3020 1404 3066 et
1433 3020 1580 3067 stent
1614 3012 1665 3067 in
1691 3026 1917 3084 conspe-

328 3098 418 3160 ctu
446 3117 587 3169 meo,
617 3122 636 3156 ›
664 3114 721 3158 et
748 3100 976 3158 offerant
1002 3101 1131 3156 mihi
1160 3073 1397 3173 adipem,
1429 3104 1533 3159 hoc
1562 3111 1644 3158 est
1670 3073 1913 3175 pinguis-
1942 3073 1986 3136 C

327 3194 521 3252 simam
548 3195 800 3260 bestiam,
827 3201 878 3248 et
907 3194 1247 3264 sanguinem,
1280 3195 1460 3249 vivam
1495 3193 1704 3250 scilicet
1726 3202 1782 3248 ct
1801 3194 1912 3264 pla-

327 3293 538 3341 centem
561 3284 791 3340 hostiam
819 3282 929 3338 Deo
953 3300 968 3349 ;
1007 3300 1026 3334 ι
1045 3292 1100 3338 et
1130 3283 1230 3353 ipsi
1264 3283 1636 3354 ingredientur
1666 3292 1918 3339 sanctua-

329 3378 468 3432 rium
520 3390 721 3441 meum,
767 3382 823 3430 et
865 3375 1126 3431 accedent
1158 3375 1224 3430 ad
1272 3391 1514 3449 mensam
1559 3393 1758 3444 meam,
1795 3396 1812 3428 ι
1858 3385 1917 3432 ut

330 3467 630 3524 accendant
656 3466 951 3539 thymiama
980 3466 1135 3533 mihi,
1164 3473 1219 3522 et
1262 3482 1478 3523 omnem
1533 3468 1696 3524 ritum
1749 3468 1919 3525 sacri-

331 3560 437 3618 ﬁcii
469 3558 795 3617 custodiant.
845 3558 941 3615 Sin
980 3567 1162 3614 autem
1204 3556 1310 3614 hoc
1354 3561 1428 3615 ita
1465 3569 1569 3627 est,
1619 3570 1680 3616 ut
1724 3562 1815 3631 qui
1861 3562 1917 3616 in

331 3663 574 3723 tempore
608 3649 815 3707 erroris
849 3659 903 3706 et
936 3652 1330 3722 persecutionis
1354 3651 1494 3709 idola
1542 3661 1672 3709 sunt
1723 3652 1916 3720 secuti,

329 3756 448 3812 quae
472 3740 539 3797 de
565 3755 665 3795 suo
687 3739 850 3796 corde
879 3737 1276 3806 conﬂuxerant,
1301 3747 1356 3795 et
1386 3755 1493 3796 non
1534 3741 1708 3797 solum
1765 3755 1914 3807 voce,

329 3830 499 3887 sedet
522 3828 918 3901 subscriptione
950 3843 1143 3883 manus
1192 3838 1541 3885 asseruerunt
1593 3829 1689 3885 Dei
1746 3829 1915 3885 ﬁlium

329 3931 655 3987 creaturam,
684 3929 740 3978 et
767 3920 1073 3976 servierunt
1098 3928 1363 3977 creatura:
1383 3923 1554 3994 magis
1581 3936 1744 3992 quam
1768 3936 1921 3978 crea-

331 4004 437 4070 tori
467 4012 558 4083 qui
596 4019 679 4065 cst
716 4009 1035 4064 benedictus
1084 4009 1138 4063 in
1169 4009 1385 4077 saecula,
1419 4012 1688 4080 quomodo
1736 4026 1918 4068 sacer-

331 4101 508 4160 dotale
536 4100 662 4167 sibi,
690 4106 746 4154 et
766 4096 1075 4170 pontiﬁcale
1099 4098 1389 4155 adsumunt
1414 4100 1711 4174 fastigium,
1742 4111 1798 4158 et
1824 4122 1920 4160 au-

331 4190 680 4251 dentoﬁ‘erre
701 4191 950 4246 victimas
979 4187 1091 4244 Deo
1141 4188 1378 4247 cultores
1427 4196 1697 4261 quondam
1747 4198 1917 4255 idolo-

333 4284 494 4342 rum?
522 4282 629 4340 Sed
655 4291 713 4338 ut
736 4280 1150 4338 ardentissimus
1176 4288 1335 4350 poeta
1362 4290 1591 4342 testatur
1621 4305 1636 4342 :

522 4428 767 4494 Quidquid
786 4438 817 4479 ι
848 4426 1017 4479 multis
1038 4432 1269 4492 peccatur
1290 4428 1498 4483 inultum
1523 4440 1617 4485 est.

2004 480 2103 520 nos
2124 465 2440 534 posuimus:
2479 485 2497 517 ι
2533 465 2600 521 Et
2653 466 2794 520 dabo
2852 480 2948 521 eos
2981 463 3250 535 janitores
3295 464 3491 523 domus
3533 466 3592 525 in

2003 557 2307 613 ministerio
2332 558 2469 628 ejus,
2497 566 2552 613 et
2580 559 2631 613 iu
2660 557 2927 614 universis
2974 572 3094 627 quae
3151 556 3289 612 ﬁunt
3337 558 3392 612 in
3440 573 3529 621 ea,
3564 576 3589 612 ι

2000 662 2095 702 eos
2117 646 2363 701 videlicet
2394 645 2701 701 Levitarum
2724 646 2816 717 qui
2849 645 3006 716 longe
3050 654 3395 701 recesserunt
3417 660 3449 700 a
3477 645 3597 703 Deo

2004 739 2056 792 in
2081 755 2270 796 errore
2304 739 2534 794 ﬁliorum
2565 739 2759 805 lsr-ael,
2780 748 2834 795 et
2862 740 3033 795 secuti
3062 749 3191 796 sunt
3230 740 3370 795 idola
3395 731 3601 810 quibus

2007 830 2247 884 victimas
2271 830 2633 885 immolarunt.
2667 829 3024 900 Symmachus
3051 830 3299 886 ordinem
3327 830 3598 895 ;lectionis

2003 935 2328 990 sensumque
2373 921 2746 987 considerans,
2799 922 3000 978 rectius
3054 921 3440 991 interpretatus
3482 930 3595 991 est,

2002 1008 2189 1065 dicens
2214 1028 2226 1063 :
2251 1009 2541 1066 Posucram
2566 1011 2712 1066 enim
2741 1026 2836 1067 eos
2873 1011 3127 1068 custodes
3166 1010 3457 1082 jauuarum
3495 1014 3601 1069 do-

2002 1114 2123 1155 mus
2166 1100 2403 1155 universi
2454 1102 2737 1157 ministerii
2793 1101 2937 1172 ejus,
2984 1110 3042 1157 ct
3089 1112 3413 1160 cunctorum
3468 1119 3600 1174 qua:

2003 1188 2141 1244 ﬁunt
2166 1191 2220 1244 in
2234 1206 2317 1256 ea,
2341 1200 2516 1246 utnon
2532 1192 2599 1247 ad
2623 1208 2717 1247 eos
2737 1193 3007 1264 pertineat
3024 1193 3117 1265 qui
3138 1203 3264 1249 sunt
3288 1194 3343 1249 in
3369 1195 3598 1266 temple,

2004 1281 2099 1336 sed
2125 1282 2192 1335 ad
2220 1297 2315 1337 eos
2338 1284 2428 1352 qui
2454 1283 2694 1337 fuerunt.

2078 1395 2095 1426 ε
2138 1374 2380 1444 Cumque
2408 1376 2777 1446 ingrediuntur
2798 1385 2984 1445 portas
3009 1376 3134 1432 atrii
3159 1376 3452 1442 interioris,
3490 1392 3594 1433 ve—

2011 1487 2030 1520 ι
2069 1468 2243 1524 stibus
2280 1468 2394 1522 sive
2420 1468 2572 1523 stolis
2609 1468 2766 1523 lineis
2819 1468 3131 1533 inducatur,
3184 1484 3284 1524 nec
3335 1470 3604 1525 ascendet

2010 1581 2029 1613 ι
2075 1576 2238 1633 super
2274 1577 2369 1616 eos
2390 1561 2678 1631 quicquam
2707 1560 2920 1615 laneum
2950 1561 3166 1631 quando
3194 1561 3504 1617 ministrant
3536 1562 3599 1617 in

2010 1672 2027 1705 ι
2073 1652 2245 1724 portis
2290 1653 2414 1707 atrii
2462 1651 2734 1706 interioris
2784 1660 2838 1705 et
2881 1652 3226 1708 intrinsecus.
3261 1651 3607 1707 Vittxelinea:

2012 1763 2031 1796 ε
2076 1743 2315 1801 eruntin
2341 1744 2607 1814 capitibus
2626 1758 2832 1807 eorum,
2862 1742 2975 1798 sive
3017 1742 3230 1797 cidares
3273 1741 3445 1798 lineas
3502 1741 3609 1796 ba-

2010 1853 2029 1887 σ
2072 1834 2275 1889 bebunt
2299 1847 2462 1903 super
2485 1832 2663 1902 capita
2694 1847 2812 1898 sua,
2844 1840 2899 1886 ct
2924 1830 3197 1886 feminalia
3244 1831 3384 1886 linea
3433 1842 3609 1887 erunt

2011 1908 2041 1976 «δ
2075 1925 2128 1979 in
2161 1923 2356 1978 lumbis
2383 1937 2595 1987 eorum,
2637 1930 2693 1977 et
2733 1938 2842 1977 non
2871 1921 3221 1991 accingentur
3267 1922 3321 1975 in
3373 1922 3602 1977 sudore.

2011 2032 2030 2065 ι
2076 2012 2315 2083 cumque
2344 2012 2687 2084 egredientur
2713 2011 2910 2066 atrium
2943 2010 3183 2066 exterius
3213 2010 3282 2065 ad
3310 2010 3606 2081 populum,

2011 2124 2030 2157 ο
2076 2111 2275 2161 exuent
2300 2119 2361 2160 se
2385 2103 2718 2159 vestimentis
2746 2103 2858 2158 suis
2906 2102 2959 2157 in
3010 2102 3209 2172 quibus
3253 2103 3608 2157 ministrave-

2014 2214 2033 2247 ι
2077 2204 2223 2261 rant,
2243 2203 2297 2250 et
2322 2201 2583 2264 reponent
2606 2192 2746 2248 eain
2773 2191 3175 2265 gazophylaeiis
3198 2192 3520 2257 sanctuarii,
3545 2201 3613 2248 et

2013 2308 2031 2339 ι
2072 2288 2304 2343 vestient
2331 2301 2389 2342 se
2412 2285 2750 2341 vestimentis
2779 2285 2922 2351 aliis,
2951 2290 3007 2340 et
3034 2298 3141 2339 non
3179 2283 3615 2341 sanctiﬁcabunt

2014 2398 2033 2430 ι
2071 2380 2330 2450 pupulum
2375 2379 2428 2432 in
2476 2377 2816 2432 vestimentis
2845 2376 2978 2431 suis.
3005 2374 3180 2446 Caput
3216 2386 3396 2431 autem
3435 2392 3609 2437 suum

2015 2490 2034 2522 ι
2072 2486 2177 2525 non
2223 2470 2408 2525 radem
2446 2483 2619 2537 neque
2649 2482 2857 2523 comam
2894 2468 3162 2534 nutriunt,
3189 2467 3284 2523 sed
3312 2467 3611 2524 tondentes

2015 2580 2035 2613 ι
2081 2560 2434 2616 attondebunt
2462 2559 2638 2627 capita
2672 2572 2790 2612 sua.
2813 2556 2881 2612 Et
2900 2557 3086 2613 vinum
3113 2570 3220 2615 non
3241 2556 3391 2611 bibet
3415 2557 3614 2613 omnis

2017 2673 2039 2708 ι
2081 2644 2356 2717 sacerdos,
2378 2649 2591 2720 quando
2618 2650 2960 2722 ingressurus
2980 2647 3145 2705 fuerit
3160 2649 3214 2703 in
3241 2647 3438 2702 atrium
3461 2648 3613 2704 intc-

2018 2764 2037 2798 ‹
2084 2746 2216 2799 rius.
2243 2762 2261 2794 ι
2291 2741 2546 2814 (Hieron.
2564 2743 2584 2812 )
2604 2739 2846 2794 Primum
2867 2739 3106 2795 historias
3128 2736 3294 2792 verba
3313 2738 3610 2809 pandenda

2013 2842 2157 2893 sunt.
2182 2833 2325 2888 Inter
2345 2840 2539 2886 cetera
2569 2844 2689 2901 qua:
2713 2828 3084 2884 sacerdotibus
3126 2828 3369 2901 pratcipit
3414 2842 3613 2899 sermo

2012 2923 2342 2985 Dominicus,
2387 2921 2493 2976 hoc
2520 2933 2733 2990 quoque
2771 2919 3169 2973 observandum
3206 2916 3387 2987 jubet,
3428 2926 3489 2972 ut
3548 2918 3613 2974 in

2016 3014 2147 3084 ipsis
2178 3012 2348 3082 portis
2380 3008 2656 3065 interioris
2676 3008 2823 3074 atrii,
2863 3008 3124 3073 vestibus,
3157 3008 3214 3063 id
3236 3015 3322 3064 est
3350 3008 3509 3063 stolis
3540 3007 3615 3063 li-

2018 3106 2135 3161 neis
2161 3104 2473 3168 induantur,
2500 3116 2598 3156 nec
2624 3109 2845 3155 utantur
2896 3099 3065 3155 laneis
3121 3098 3452 3156 indumentis
3488 3108 3613 3155 tam

2016 3194 2070 3248 in
2109 3193 2280 3264 portis
2308 3192 2433 3247 atrii
2461 3190 2756 3254 interioris,
2780 3204 2943 3259 quam
2969 3188 3316 3254 intrinsecus,
3363 3190 3471 3247 hoc
3518 3199 3614 3247 est

2017 3286 2071 3340 in
2122 3283 2297 3354 adytis
2365 3283 2671 3351 sanctisque
2731 3287 3040 3335 sanctorum
3108 3295 3124 3332 :
3182 3279 3438 3357 vittaeque
3486 3279 3614 3333 sive

2016 3377 2229 3432 cidares
2251 3374 2407 3428 linea:
2434 3374 2541 3429 sint
2567 3372 2619 3427 in
2646 3372 2914 3442 capitibus
2938 3384 3148 3434 eorum,
3205 3378 3262 3425 et
3326 3370 3614 3428 feminalia

2016 3464 2159 3519 linea
2189 3464 2241 3517 in
2268 3459 2484 3517 lumbis.
2505 3458 2767 3530 Quodque
2791 3456 3196 3528 sequiturjuxta
3225 3456 3612 3529 Septuaginta,

2025 3573 2045 3607 ί
2074 3563 2128 3610 et
2154 3569 2259 3609 non
2287 3553 2641 3624 accingeutur
2668 3550 2954 3617 violenter,
2998 3569 3019 3604 ι
3052 3564 3151 3619 pro
3183 3565 3290 3620 quo
3322 3548 3520 3620 Aquila
3552 3557 3616 3604 et

2020 3644 2379 3716 Symmachus
2449 3641 2842 3698 transtulerunt
2895 3641 2952 3694 in
3015 3639 3227 3706 sudore,
3300 3636 3616 3696 Theodotio

2018 3735 2194 3806 ipsum
2221 3734 2445 3789 verbum
2472 3730 2795 3788 Hebraicum
2823 3729 3134 3802 exprimens
3153 3730 3335 3801 posuit
3369 3731 3424 3784 in
3452 3730 3612 3794 Jeze.

2018 3826 2225 3898 Aquila
2251 3822 2482 3881 secunda
2502 3823 2666 3880 editio
2693 3821 2862 3876 Busa.
2899 3821 3006 3877 Per
3023 3820 3166 3892 quod
3196 3821 3466 3892 signiﬁcat
3495 3838 3613 3876 non

2019 3937 2114 3977 eos
2135 3921 2397 3976 violenter
2420 3925 2568 3975 arcte
2596 3927 2759 3988 atque
2782 3915 3073 3972 constricte
3102 3914 3272 3970 instar
3295 3915 3610 3971 vinctorum

2020 4027 2139 4069 esse
2160 4011 2474 4084 cingendos,
2499 4024 2566 4065 ne
2597 4010 2650 4064 in
2676 4008 2991 4065 ministeriis
3044 4007 3470 4064 sacerdotalibus
3513 4017 3609 4062 at-

2021 4119 2127 4175 que
2148 4102 2402 4158 Leviticis
2432 4100 2694 4157 inhabiles
2716 4098 2865 4167 ﬁant,
2897 4109 2952 4156 et
2975 4108 3160 4159 tenere
3177 4108 3230 4156 et
3260 4100 3472 4156 czedere
3518 4101 3609 4157 vi-

2023 4196 2237 4260 ctimas,
2269 4193 2542 4248 attrahere
2571 4206 2785 4263 quoque
2807 4200 3082 4262 nequeant
3101 4200 3262 4262 atque
3277 4190 3608 4247 discurrere.

2021 4284 2089 4339 Et
2116 4283 2241 4354 quia
2264 4282 2427 4339 semel
2447 4289 2778 4352 prmeeperat
2805 4282 3002 4352 quibus
3053 4283 3291 4338 vestibus
3318 4282 3395 4337 uti
3439 4280 3613 4337 debe-

2024 4386 2147 4433 rent
2202 4375 2531 4441 sacerdotes,
2575 4372 2789 4445 quando
2829 4374 3158 4430 intrinsecus
3195 4373 3250 4428 in
3290 4372 3613 4429 ministeriis

1948 4437 1999 4497 D
2024 4474 2169 4532 sunt,
2193 4479 2408 4519 rursum
2426 4437 2609 4533 jubet,
2627 4471 2687 4518 ut
2726 4461 3063 4535 egredientes
3105 4463 3159 4517 in
3182 4461 3606 4533 gazophylaciis,

333 4554 613 4612 Multitudo
639 4551 978 4625 peccantium
1031 4550 1510 4621 impetrabiliorem
1556 4556 1684 4613 fecit
1739 4557 1916 4629 impiis
1950 4563 1984 4586 "
2019 4559 2130 4613 sive
2153 4550 3321 4623 inexedrissanctorum,exuantsepristinis
3340 4551 3609 4615 vestibus,

331 4645 570 4708 veniam,
605 4644 777 4714 utqui
808 4641 1013 4698 redacti
1065 4640 1120 4695 in
1167 4640 1335 4698 laicos
1373 4646 1598 4715 pristina
1651 4648 1918 4717 sacrilegii
2020 4654 2075 4702 et
2099 4647 2392 4702 induantur
2409 4643 2640 4710 aliis,ne
2660 4643 2703 4699 si
2727 4651 2943 4699 sanctas
2962 4650 3141 4698 vestes
3172 4641 3467 4698 habuerint
3483 4658 3611 4697 san-

333 4733 416 4790 sni
458 4733 754 4789 debuerant
802 4732 1007 4788 scelera
1059 4729 1363 4800 deplorare,
1405 4751 1547 4814 nunc
1573 4738 1807 4808 resupini
1863 4739 1917 4795 in
2019 4736 2255 4792 ctiﬁcent
2276 4734 2530 4806 populum
2550 4732 2683 4789 foris
2718 4733 2974 4811 positum,
3015 4732 3105 4802 qui
3161 4731 3395 4787 necdum
3443 4731 3609 4787 fuerit

331 4822 628 4895 pontiﬁcali
654 4822 789 4877 solio
810 4822 1056 4888 sedeant,
1094 4825 1151 4880 et
1196 4831 1409 4879 ructent
1449 4827 1606 4882 nobis
1658 4828 1921 4883 simulata:
2023 4822 2408 4890 Sanctificatus,
2432 4838 2532 4879 nec
2555 4838 2614 4878 se
2636 4822 3022 4894 praeparaverit
3044 4821 3098 4876 in
3119 4820 3607 4877 sanctiﬁcatiouem

334 4917 457 4974 ﬁdei
490 4930 736 4981 nauscas,
777 4915 885 4971 imo
927 4927 1127 4985 aperta:
1166 4915 1407 4990 perﬁdiae
1451 4929 1635 4988 aperta
1664 4935 1918 4990 compen-

333 5009 443 5064 dia.
475 5006 709 5063 Audlant
747 5005 912 5076 igitur
936 5006 1126 5064 saltem
1150 5022 1297 5074 sero,
1354 5014 1408 5062 et
1457 5007 1747 5063 observent
1782 5024 1921 5078 prac-

333 5106 486 5170 ccpta
525 5095 912 5167 omnipotentis
947 5095 1062 5152 Dei.
1096 5095 1284 5154 Omnis
1311 5094 1611 5168 alienigena
1640 5098 1923 5153 incircum-

332 5191 477 5245 cisus
505 5188 669 5244 corde
694 5197 747 5244 et
774 5188 1182 5245 incircumcisus
1226 5205 1391 5245 carne
1426 5205 1534 5244 non
1591 5190 1920 5261 ingredietur

333 5285 703 5341 sanctuarium
731 5301 929 5341 memu.
961 5285 1110 5342 Licet
1139 5285 1226 5340 ille
1256 5286 1322 5341 sit
1355 5284 1515 5351 ﬁlius,
1550 5284 1675 5341 licet
1720 5300 1920 5356 cogna-

334 5380 481 5436 tione
507 5379 762 5445 sociatus,
788 5376 917 5433 licet
945 5375 1167 5447 antiqua
1201 5375 1355 5431 nobis
1383 5362 1599 5432 haereat
1625 5376 1923 5434 necessitu-

333 5474 479 5541 dine,
507 5474 551 5530 si
579 5472 993 5532 incircumcisus
1018 5471 1182 5527 corde
1208 5469 1291 5525 vel
1320 5484 1483 5526 carne
1528 5477 1630 5533 est,
1686 5486 1792 5525 non
1844 5470 1924 5525 in-

335 5566 650 5619 troducatur
673 5563 728 5617 in
757 5562 1125 5618 sanctuarium
1166 5560 1283 5625 Dei,
1334 5574 1402 5615 ne
1449 5559 1726 5615 ministros
1769 5558 1925 5615 Clu-i-

340 5653 428 5715 sti,
461 5660 676 5719 npetres
706 5650 969 5706 faciamus
995 5649 1297 5715 ministros,
1334 5659 1401 5721 _et
1459 5645 1558 5717 pro
1612 5649 1922 5705 carnalibus

2026 4913 2232 4984 templi,
2265 4914 2407 4969 utsit
2441 4911 2653 4968 Domini
2696 4899 3004 4969 Nazaraeus.
3040 4908 3145 4964 Per
3172 4925 3296 4979 qua:
3345 4908 3608 4966 discimus

2025 5022 2130 5061 non
2177 5004 2504 5075 quotidianis
2540 5013 2595 5059 et
2631 5000 2955 5072 quibuslibet
3000 5016 3099 5072 pro
3147 5017 3249 5056 usu
3289 5000 3418 5056 vita:
3468 5017 3598 5057 com

2023 5099 2203 5154 omnis
2265 5094 2484 5167 pollutis
2553 5088 2794 5149 vesﬁbus
2859 5106 2959 5147 nos
3025 5091 3236 5163 ingredi
3292 5090 3492 5148 debere
3551 5092 3605 5147 in

2022 5199 2204 5245 sancta
2274 5198 2603 5253 sanctorum,
2680 5186 2774 5241 sed
2836 5176 3048 5239 Hmunda
3121 5185 3476 5248 conscientia,
3552 5193 3602 5239 ct

2026 5280 2240 5336 mundis
2280 5280 2515 5345 vestibus
2554 5287 2738 5334 tenere
2775 5275 2986 5331 Domini
3024 5284 3388 5332 sacramenta.
3429 5276 3593 5333 Vestio

2026 5373 2127 5427 bus
2144 5371 2300 5427 lineis
2325 5379 2549 5424 utuntur
2571 5367 2792 5439 Algypti
2844 5367 3153 5423 sacerdotes
3181 5382 3291 5421 non
3318 5365 3494 5423 solum
3523 5367 3601 5420 in-

2028 5462 2315 5526 trinsecus,
2342 5461 2435 5515 sed
2455 5459 2811 5515 extrinsecus.
2839 5454 3011 5512 Porro
3035 5455 3214 5511 divina
3256 5455 3451 5528 religio
3474 5454 3598 5509 alte-

2027 5567 2147 5606 rum
2179 5549 2421 5605 habitum
2451 5547 2612 5603 habet
2654 5547 2708 5602 in
2740 5545 3065 5614 ministerio,
3114 5546 3346 5602 alterum
3399 5545 3454 5600 in
3478 5540 3597 5599 ‘usa

2029 5643 2244 5712 vitaque
2274 5638 2543 5696 communi
2577 5655 2590 5705 ;
2626 5637 2897 5694 feminalia
2945 5646 3091 5695 recte
3119 5644 3489 5703 assumuntur,
3542 5643 3594 5687 ut
