3972 6184
413 387 552 440 1009

1292 383 1646 440 COMMENT.
1687 386 1754 441 ιι(
1795 382 2245 440 EZEClllELEM.
2288 416 2355 425 -—
2393 385 2522 440 LIB.
2564 386 2747 444 Χνιιι.

3539 382 3674 453 itus

409 497 669 553 honestas
702 496 968 567 decorque
1000 505 1267 564 servetur,
1297 515 1364 553 ne
1396 499 1601 555 scilicet
1637 500 1990 556 ascendentes
2018 498 2067 557 Α
2101 514 2117 542 ι
2152 494 2263 550 Non
2310 511 2500 554 omnes
2528 498 2748 569 capiunt
2778 500 2999 555 verbum
3050 498 3189 555 istud
3217 499 3428 572 (Matth.
3476 504 3611 587 xta).
3646 527 3667 557 ο

400 585 606 643 altaris
624 584 845 660 gradus,
867 594 923 641 et
949 587 1001 640 in
1023 587 1324 643 ministerio
1339 589 1729 656 discurrentes,
1752 589 1993 646 revelent

409 679 826 751 turpitudinem.
854 678 985 749 Quae
1010 680 1263 737 universa
1285 682 1418 752 quid
1428 681 1583 751 juxta
1613 699 1829 739 sensum
1854 683 1991 739 indi-

409 780 534 826 cent
577 769 896 840 spiritalem,
924 772 1203 840 sequentia
1239 773 1402 827 verba
1430 774 1825 828 monstrabunt.
1859 774 1991 831 Esse

408 861 723 917 indumenta
742 868 927 916 sancta
944 869 999 915 et
1015 861 1277 931 spiritalia
1292 862 1449 918 docet
1462 862 1748 933 Apostolus
1768 863 1952 920 dicens
1971 882 1985 918 :

410 970 433 1004 ‹
461 950 751 1007 indnimini
787 951 1016 1006 Domino
1054 951 1182 1008 Iesu
1231 950 1449 1008 Christo
1490 953 1661 1025 (Rom.
1689 952 1834 1026 xm).
1868 972 1888 1007 ι
1923 955 1991 1011 Ει.

407 1039 461 1094 in
492 1039 600 1097 alio
625 1040 783 1095 loco:
817 1058 836 1093 ι
866 1040 1075 1098 lnduite
1101 1057 1197 1096 vos
1219 1042 1427 1097 viscera
1451 1043 1855 1110 misericordia),
1886 1046 1987 1100 bo-

403 1127 611 1194 nitatis,
668 1127 1007 1195 humilitatis,
1073 1130 1535 1197 mansuetudinis,
1596 1139 1653 1187 et
1710 1132 1989 1202 patientiae

402 1215 636 1289 (Colon.
659 1217 763 1290 ιιι).
795 1238 813 1272 ι
844 1219 912 1275 Et
953 1218 1182 1275 iterum:
1205 1240 1223 1271 ι
1246 1220 1540 1291 Exspoliati
1583 1232 1772 1279 vetere
1814 1223 1988 1279 homi-

403 1325 473 1365 ne
521 1326 643 1365 eum
693 1310 947 1381 operibus
976 1309 1116 1381 ejus,
1149 1320 1204 1366 et
1230 1312 1402 1368 induti
1423 1329 1560 1369 novo
1582 1314 1673 1385 qui
1695 1323 1987 1371 ren0vatur

402 1400 460 1454 in
491 1400 723 1455 scientia
746 1399 901 1469 juxta
927 1401 1213 1473 imaginem
1235 1403 1508 1459 Creatoris
1541 1404 1751 1477 (Ibid).
1785 1426 1803 1459 ι
1831 1405 1985 1474 Quod

398 1500 457 1544 ct
485 1490 614 1544 illud
635 1491 940 1560 signiﬁcare
968 1502 1097 1562 puto
1124 1508 1140 1546 :
1169 1512 1186 1545 ι
1206 1493 1429 1564 Oportet
1447 1496 1590 1551 enim
1617 1500 1983 1568 corruptivum

402 1581 506 1635 bne
532 1581 679 1635 indui
708 1581 1184 1653 incorruptionem,
1209 1595 1264 1639 et
1288 1587 1518 1642 mortale
1555 1589 1657 1644 hoc
1688 1588 1834 1644 indui
1881 1589 1983 1644 im-

399 1670 790 1728 mortalitatem
815 1690 829 1726 :
852 1690 973 1729 cum
1013 1686 1189 1730 autem
1219 1679 1583 1747 corruptivum
1604 1680 1708 1737 ltoc
1737 1682 1983 1739 indutum

396 1761 562 1815 fuerit
610 1762 1063 1834 incorruptionem
1086 1806 1104 1832 ,
1153 1773 1208 1823 et
1257 1767 1483 1823 mortale
1542 1769 1645 1826 hoc
1699 1771 1981 1830 immorta-

2092 585 2174 638 Ad
2203 600 2365 655 quam
2397 594 2577 641 tamen
2605 586 2834 660 benigna
2867 604 2990 643 mox
3019 590 3398 646 exhortatione
3436 606 3532 647 eos
3582 596 3672 667 qui

2093 674 2305 745 possint
2332 674 2541 739 invitat,
2574 676 2760 731 dicens
2786 694 2798 730 :
2829 696 2847 727 ι
2872 676 2974 744 Qui
2996 686 3173 748 potest
3195 693 3386 748 capere
3415 694 3611 750 captat.
3652 703 3669 733 ι

2096 765 2155 818 Et
2178 765 2339 836 paulo
2362 776 2482 836 post
2509 767 2711 822 eisdem
2734 768 2822 837 qui
2853 768 2935 822 vel
2963 784 3185 827 uxorem
3211 769 3294 822 vcl
3320 769 3455 826 alios
3475 787 3674 841 cogna-

2091 865 2195 921 tos,
2220 864 2274 912 ct
2298 857 2698 928 implicamcnta
2732 858 2915 912 mundi
2962 856 3117 927 hujus
3142 868 3363 929 propter
3389 859 3560 928 ipsum
3586 876 3671 914 rc-

2091 948 2697 1019 liquerint,centuplum
2730 948 2992 1016 promittit
3016 950 3065 1003 in
3098 950 3199 1003 hac
3229 950 3339 1004 vita
3364 949 3672 1020 praemium,

2089 1046 2141 1091 cl
2167 1037 2217 1091 in
2244 1037 2442 1092 smculo
2471 1037 2648 1091 futuro
2667 1039 2832 1091 vitam
2855 1049 3133 1107 :cternam.
3151 1039 3303 1095 Unde
3326 1048 3475 1094 certa
3497 1040 3671 1112 gratia

2090 1127 2450 1182 distinctionis
2502 1143 2606 1182 non
2659 1127 2868 1200 Moyses
2930 1127 3032 1183 hoc
3104 1129 3417 1185 indumento
3471 1130 3674 1187 vestire

2088 1216 2269 1270 Aaron
2301 1229 2358 1271 et
2394 1217 2531 1272 lilios
2560 1217 2678 1284 ejus
2699 1216 2942 1288 iubetur,
2978 1218 3117 1281 sicut
3151 1219 3216 1274 de
3242 1218 3514 1289 prioribus
3541 1220 3674 1279 dici-

2090 1316 2176 1359 tur
2203 1319 2217 1359 :
2261 1324 2279 1355 ‹
2316 1303 2636 1376 Vcstiesque
2658 1306 2742 1360 bis
2764 1307 3013 1361 omnibus
3039 1304 3219 1362 Aaron
3247 1305 3469 1363 fratrem
3497 1318 3670 1375 tuum,

2087 1406 2142 1450 et
2171 1395 2307 1450 tilios
2336 1397 2452 1468 ejus
2478 1412 2601 1451 cum
2655 1412 2740 1461 eo,
2787 1395 2882 1451 sed
2934 1393 3123 1463 facies,
3159 1396 3353 1466 inquit,
3401 1396 3671 1454 feminalia

2088 1485 2249 1550 linea,
2302 1496 2359 1540 ut
2412 1489 2657 1556 aperiant
2699 1503 2916 1543 carnem
2976 1485 3170 1559 (Exod,
3222 1488 3436 1560 xxvm).
3492 1511 3511 1543 ι
3543 1491 3669 1562 ipsi,

2088 1579 2282 1648 inquit,
2311 1579 2562 1649 operiant
2588 1595 2806 1634 carnem
2838 1580 3182 1649 turpitudinis
3203 1595 3333 1647 suae,
3369 1589 3422 1636 tu
3450 1581 3679 1638 femina-

2088 1668 2154 1723 lia
2176 1670 2414 1739 pontiﬁci
2472 1679 2524 1724 et
2556 1670 2676 1725 ﬁliis
2699 1670 2814 1740 ejus
2842 1671 3032 1736 facies,
3056 1682 3110 1727 tu
3134 1674 3402 1747 castitatis
3429 1674 3666 1745 regulam

2088 1752 2443 1827 (ἷοοοιιίἐέέἓξιιι
2495 1762 2877 1818 abstinendum
2927 1762 2996 1819 ab
3026 1779 3231 1820 uxoreo
3258 1764 3542 1836 cotnplexu
3587 1767 3668 1820 eis

396 1850 626 1916 limem,
685 1860 815 1908 tunc
868 1852 961 1909 ﬁet
1012 1870 1191 1911 sermo
1245 1857 1337 1926 qui
1394 1859 1627 1930 scriptus
1680 1872 1785 1930 ρει,
1822 1876 1979 1922 ,νεια
2012 1846 2060 1905 Β
2091 1851 2180 1921 qui
2212 1838 2518 1906 sacerdotio
2546 1850 2781 1908 iuncturi
2818 1862 2963 1919 sunt,
2988 1853 3278 1909 intimabis.
3323 1854 3463 1909 Nulli
3489 1863 3666 1911 tamen

396 1939 452 2012 (I
477 1937 601 1997 Cor.
632 1942 747 2015 xv.)
775 1942 1065 2018 (MAURUS.)
1096 1946 1172 2001 De
1198 1948 1625 2006 sacerdotalibus
1664 1968 1796 2009 vero
1816 1957 1981 2012 vesti—

393 2031 499 2086 bus
549 2032 605 2089 in
640 2033 831 2091 Exodo
876 2035 1087 2107 plenius
1131 2038 1389 2108 scriptum
1417 2049 1520 2096 est.
1564 2040 1827 2101 Jubcntur
1850 2060 1980 2119 ergo

393 2126 710 2185 sacerdotes
734 2127 886 2184 indui
909 2131 1150 2186 vestibus
1171 2130 1327 2188 lineis
1348 2132 1462 2189 sive
1481 2134 1735 2206 byssinis,
1762 2140 1978 2209 quando

394 2215 706 2277 ministrent
734 2216 964 2275 Domino
1004 2220 1058 2274 in
1083 2222 1253 2292 portis
1280 2223 1406 2277 atrii
1453 2224 1749 2294 interimis,
1794 2236 1851 2284 et
1896 2229 1980 2287 in-

394 2298 691 2376 trinsecus,
737 2311 842 2369 hoc
866 2319 972 2377 est,
1019 2312 1329 2370 castitatem
1375 2315 1577 2372 habere
1627 2320 1870 2391 corporis
1912 2336 1977 2377 ac

390 2400 590 2457 mentis
618 2419 633 2473 ς
665 2417 766 2461 nec
794 2403 997 2475 aliquid
1014 2403 1246 2471 laneum,
1279 2406 1383 2463 hoc
1404 2416 1487 2463 est
1512 2408 1672 2465 molle
1697 2426 1761 2466 ac
1784 2426 1972 2481 segne,

391 2490 447 2546 in
469 2494 883 2550 conversatione
910 2510 1008 2550 sua
1034 2496 1341 2551 ostendere.
1372 2496 1576 2568 Byssus
1608 2513 1736 2568 ergo
1766 2514 1886 2569 quae
1908 2502 1975 2558 de

391 2591 536 2637 terra
564 2584 780 2655 quidem
807 2586 1001 2644 oritur.
1030 2588 1123 2643 sed
1150 2596 1304 2643 eruta
1337 2589 1403 2644 de
1446 2597 1590 2645 terra
1617 2589 1777 2663 longe
1811 2607 1972 2648 exer-

387 2673 522 2730 citio
578 2675 840 2743 siccandi,
893 2680 1176 2746 tondendi,
1222 2680 1524 2750 purgandi,
1574 2683 1862 2752 coquendi,
1919 2693 1975 2742 et

388 2765 573 2831 nendi,
622 2769 955 2840 gramineum
1009 2771 1146 2826 solet
1195 2772 1446 2842 perdere,
1496 2782 1553 2830 et
1598 2775 1884 2831 candidum
1915 2778 1971 2834 in

387 2846 513 2908 sese
554 2855 794 2927 recipere
831 2858 1066 2914 colorem
1089 2901 1105 2922 ,
1138 2876 1363 2932 corpora
1415 2863 1663 2934 designat
1704 2866 1971 2923 castitatis

387 2941 558 2996 nitida
607 2945 820 3012 decore,
863 2963 983 3019 quae
1030 2965 1154 3004 cum
1209 2951 1392 3009 carnis
1437 2952 1653 3023 quidem
1703 2953 1971 3012 illecebris

387 3035 691 3102 nascentia,
717 3052 912 3110 magno
948 3041 1292 3096 continentia:
1335 3040 1518 3098 labore
1545 3043 1698 3114 quasi
1729 3045 1969 3115 nativum

387 3125 659 3181 exsatiant
705 3128 1009 3197 humorem,
1061 3140 1223 3202 atque
1268 3132 1336 3187 ad
1374 3124 1620 3189 decorem
1652 3133 1764 3192 Deo
1793 3136 1967 3211 digna:

2078 1939 2374 1996 violentum
2423 1939 2728 2010 huiusmodi
2782 1944 3131 1999 continentia:
3154 1941 3341 2015 iugum
3388 1946 3662 2014 impones;

2079 2031 2172 2086 sed
2200 2032 2511 2101 quicunque
2531 2032 2843 2089 sacerdotes
2872 2032 2986 2089 ﬁeri
3034 2049 3099 2089 ac
3128 2035 3433 2091 ministerio
3462 2036 3666 2091 servire

2081 2119 2271 2175 altaris
2313 2121 2523 2188 volunt,
2572 2123 2672 2193 ipsi
2703 2138 2798 2178 sua
2841 2133 3030 2193 sponte
3076 2139 3307 2178 uxorum
3352 2126 3491 2182 servi
3544 2141 3665 2203 esse

2077 2212 2359 2278 desistant.
2417 2212 2571 2282 Quod
2598 2213 2687 2269 ubi
2741 2212 3089 2285 perfecerint,
3122 2223 3176 2270 et
3216 2224 3468 2289 suscepto
3495 2229 3662 2284 semet

2077 2307 2429 2363 continentia:
2455 2307 2754 2378 proposito,
2788 2306 3065 2364 ministros
3090 2323 3151 2364 se
3178 2309 3473 2395 sanctuarii
3497 2317 3662 2393 atque

2074 2398 2262 2455 altaris
2285 2398 2401 2454 fore
2425 2398 2773 2455 consentiunt
2799 2417 2811 2453 :
2836 2399 3008 2455 aderit
3037 2399 3122 2454 lex
3162 2390 3342 2457 divina
3369 2390 3487 2469 quin
3511 2392 3658 2455 velut

2074 2496 2330 2544 cmterum
2354 2487 2459 2543 illis
2489 2485 2729 2542 habitum
2757 2487 3128 2543 sacerdotibus
3148 2502 3445 2559 congruum
3488 2487 3661 2559 impo-

2073 2596 2231 2645 nens,
2268 2580 2538 2651 quomodo
2571 2579 2751 2635 vivere
2771 2578 2856 2635 vel
2884 2578 3077 2636 docere
3097 2570 3647 2663 debeenl._abundan-

2076 2683 2157 2729 ter
2186 2674 2451 2728 instituat.
3406 2724 3411 2747 τ
3434 2744 3435 2747 η
3478 2740 3487 2749 ,

2141 2784 2415 2857 (Ηῑειοη.)
2463 2782 2585 2841 llaec
2636 2783 2957 2840 vestimenta
3002 2781 3226 2853 proprio
3272 2779 3434 2837 nobis
3467 2779 3654 2841 labore

2071 2873 2389 2929 conﬁcimus
2412 2889 2533 2943 qua:
2551 2882 2696 2929 texta
2726 2882 2853 2935 sunt
2876 2873 3127 2943 desuper,
3153 2870 3375 2941 qualem.
3393 2879 3450 2927 et
3469 2869 3654 2926 Domi-

2074 2979 2179 3020 nus
2213 2964 2448 3020 habebat
2474 2964 2736 3028 tunicam,
2759 2979 2880 3033 qua:
2901 2963 3073 3027 scindi
3102 2978 3207 3019 non
3235 2969 3433 3032 petest,
3456 2962 3654 3032 quibus

2071 3054 2369 3117 induimus,
2387 3055 2606 3124 quando
2623 3064 2831 3114 secreta
2850 3052 3060 3123 Domini
3084 3062 3140 3110 et
3160 3068 3360 3119 arcana
3375 3051 3652 3123 cognosci-

2074 3162 2212 3201 mus.
2249 3147 2316 3200 Et
2339 3147 2602 3207 habemus
2633 3147 2880 3217 spiritum
2905 3148 2997 3217 qui
3044 3155 3324 3207 scrutatur
3348 3147 3513 3211 etiam
3541 3147 3653 3205 alta

385 3216 641 3284 puritatis
683 3216 862 3276 solerti
888 3197 1217 3292 ieiuniorum
1237 3231 1290 3279 et
1312 3223 1634 3294 vigiliarum,
1660 3197 1966 3289 orationum
1994 3197 2039 3260 Ο
2066 3243 2124 3291 et
2147 3234 2411 3305 profunda
2446 3202 2564 3301 Dei,
2609 3197 2736 3304 qua;
2770 3206 2878 3291 non
2910 3197 3049 3298 sunt
3095 3197 3447 3301 monstranda
3469 3235 3648 3310 vulgO,

384 3314 440 3360 ct
471 3305 737 3375 lectionis,
763 3312 1035 3380 patientia:
1056 3323 1107 3367 et
1136 3313 1454 3368 humilitatis
1479 3315 1755 3383 instantia,
1780 3333 1967 3389 perve—

383 3398 563 3454 niunt.
613 3399 777 3457 Recte
804 3402 867 3457 de
910 3402 995 3459 bis
1041 3413 1217 3474 potest
1267 3403 1396 3460 illud
1425 3406 1779 3476 apostolicum
1809 3407 1915 3465 dici
1947 3427 1961 3464 :

2069 3340 2169 3379 nec
2194 3324 2516 3395 proferenda
2543 3325 2609 3378 ad
2638 3324 2893 3394 populum
2917 3325 3010 3394 qui
3030 3334 3241 3388 nonest
3260 3327 3647 3395 sanctiﬁcante,

2067 3432 2168 3475 nec
2196 3416 2410 3471 Domini
2453 3414 2800 3470 sanctitudini
2849 3423 3225 3485 praeparatus:
3257 3429 3327 3471 ne
3363 3415 3411 3481 si
3440 3415 3647 3487 majora

390 3508 411 3542 ι
449 3488 530 3546 An
558 3494 778 3551 nescitis
814 3496 1067 3565 quoniam
1116 3497 1355 3552 membra
1390 3508 1568 3555 vestra
1599 3501 1854 3573 templum
1869 3511 1989 3557 sunt
2069 3523 2131 3564 se
2155 3507 2449 3573 audierint,
2474 3505 2810 3576 maiestatem
2843 3506 3085 3563 scientiae
3114 3506 3258 3564 ferre
3286 3523 3392 3569 non
3416 3508 3646 3579 possint.

384 3581 621 3652 Spiritus
643 3587 833 3652 sancti,
858 3588 946 3658 qui
976 3589 1030 3642 in
1050 3589 1197 3645 vobis
1219 3590 1337 3646 est?
1368 3611 1385 3642 ι
1415 3590 1465 3663 (1
1523 3590 1644 3647 Cor.
1672 3591 1769 3665 vr.)
1801 3593 1966 3649 Tuni-

382 3688 481 3729 cas
519 3689 750 3746 namque
781 3677 975 3736 habent
1022 3680 1327 3737 sacerdotes
1375 3680 1566 3746 lineas,
1624 3699 1745 3739 cum
1792 3693 1962 3747 totum

380 3783 581 3838 corpus
635 3786 790 3825 suum
846 3774 1080 3829 candore
1132 3775 1397 3831 castitatis
1445 3775 1710 3841 dedicant.
1764 3776 1965 3833 Balteis

383 3859 597 3917 tunicas
617 3861 857 3932 cingunt,
884 3879 1004 3919 cum
1040 3867 1285 3921 eamdem
1316 3867 1689 3925 castimoniam
1719 3868 1961 3942 vigilanti

383 3949 586 4006 mentis
618 3953 856 4008 custodia
886 3954 1345 4026 circumspiciunt,
1369 3974 1436 4012 ne
1463 3959 1795 4016 conscientia
1818 3962 1962 4020 illius

380 4036 767 4098 desidiosiores
795 4058 923 4114 erga
962 4045 1226 4101 bonorum
1251 4062 1474 4118 operum
1502 4052 1754 4107 exercitia
1781 4067 1957 4109 rema-

380 4138 580 4194 neant;
640 4149 705 4187 ne
736 4150 833 4205 per
855 4135 1173 4205 jactantiam
1214 4140 1548 4197 castimoniae
1578 4143 1764 4214 ipsius,
1795 4145 1959 4200 etiam

381 4221 716 4277 castimoniae
754 4225 1004 4280 meritum
1052 4227 1318 4282 minuant.
1352 4229 1498 4285 Vitta
1522 4246 1650 4302 ergo
1675 4232 1815 4288 linea
1843 4234 1960 4292 sive

382 4309 578 4374 thiara,
603 4327 722 4382 qua:
746 4323 800 4368 et
826 4315 1022 4371 cidaris
1041 4319 1155 4374 sive
1186 4320 1345 4377 mitra
1366 4324 1678 4391 vocabatur,
1709 4328 1961 4398 tegebant

377 4399 557 4469 capita
580 4416 797 4470 eorum;
830 4413 890 4459 ut
923 4421 1111 4462 sensus
1138 4412 1383 4481 corporis
1421 4413 1503 4469 sui
1529 4414 1618 4483 qui
1649 4416 1880 4472 maxime
1902 4417 1957 4473 in

2066 3607 2122 3655 et
2145 3598 2302 3669 quasi
2330 3597 2502 3659 solido
2537 3597 2870 3654 sullueentur
2898 3597 3041 3662 cibo,
3078 3597 3171 3667 qui
3199 3597 3376 3655 adhuc
3398 3597 3539 3655 lacte
3564 3599 3648 3655 iu-

2064 3689 2248 3747 fantiae
2273 3688 2546 3745 nutriendi
2576 3698 2719 3743 sunt.
2750 3688 2885 3744 Esse
2909 3696 3090 3743 autem
3118 3704 3150 3745 e
3168 3689 3447 3751 catenario
3468 3689 3645 3759 pessi-

2064 3794 2151 3838 ma
2179 3781 2498 3835 vestimenta
2525 3779 2680 3837 docet
2727 3777 3006 3848 Scriptura
3054 3778 3255 3855 divina,
3282 3786 3363 3839 ,ιιι
3391 3786 3475 3839 est
3516 3778 3645 3837 illud

2063 3872 2282 3943 quodin
2302 3871 2529 3929 Psalmis
2557 3871 2625 3931 de
2649 3869 2785 3929 Iuda
2806 3870 3082 3941 proditore
3106 3878 3359 3933 cantatur
3384 3887 3399 3929 :
3432 3891 3450 3921 ι
3478 3870 3641 3935 bulu-

2067 3978 2153 4022 tus
2185 3974 2266 4021 est
2290 3963 2671 4027 maledictione
2698 3964 2837 4019 sicut
2858 3962 3183 4021 vestimento
3212 3961 3385 4031 (Paul.
3410 3959 3583 4041 cvm).
3614 3979 3634 4013 ι

2061 4055 2131 4109 Et
2154 4063 2275 4125 post
2295 4054 2571 4124 paululum
2604 4072 2616 4107 :
2648 4073 2665 4103 ‹
2701 4052 2823 4107 Fiat
2864 4052 2915 4109 ei
2942 4052 3084 4109 sicut
3113 4052 3491 4115 vestimentum
3533 4066 3641 4121 quo

2055 4147 2447 4208 circumdatur,
2480 4154 2533 4201 et
2563 4145 2705 4200 sicut
2725 4159 2860 4200 zona
2888 4159 2996 4212 qua
3025 4156 3241 4211 semper
3260 4140 3577 4212 accingitur.
3612 4157 3634 4192 ι

2064 4237 2214 4293 Unde
2236 4245 2299 4291 .et
2330 4236 2588 4292 Dominus
2617 4235 2709 4305 qui
2762 4249 2860 4304 pro
2902 4233 3058 4289 nobis
3103 4231 3293 4296 doluit,
3341 4239 3399 4289 ct
3453 4238 3638 4291 nostra

2061 4334 2281 4396 peccata
2310 4324 2562 4395 portavit,
2596 4323 2648 4377 in
2674 4321 2935 4379 lat-naria
2964 4319 3191 4379 sordida.
3213 4319 3415 4377 habere
3441 4316 3638 4373 dicitur

2059 4417 2383 4473 vestimenta
2411 4412 2599 4486 (Zach.
2626 4412 2730 4484 ιιι),
2758 4413 2824 4469 de
2846 4410 3043 4481 quibus
3068 4408 3331 4478 scriptum
3356 4415 3442 4465 est
3473 4424 3486 4462 :
3516 4423 3536 4458 ι
3568 4405 3637 4465 Et

376 4490 555 4559 Capite
601 4491 804 4563 vigent,
859 4496 962 4550 hoc
1010 4507 1115 4564 est,
1172 4501 1366 4567 visum,
1412 4504 1677 4571 auditum,
1717 4515 1951 4577 gustum,
1979 4541 2034 4601 υ
2059 4505 2219 4562 Iesus
2263 4516 2382 4560 erat
2411 4506 2631 4561 indutus
2666 4503 2909 4561 vestibus
2955 4499 3214 4564 sordidis,
3246 4518 3268 4554 ι
3298 4513 3421 4569 quas
3448 4505 3633 4568 postea

374 4578 633 4636 olt’actum
670 4591 726 4638 et
756 4592 980 4652 tactum,
1012 4587 1065 4643 in
1094 4602 1374 4655 venustate
1410 4596 1743 4652 castimoniae
1773 4606 1952 4653 custo-

375 4672 589 4741 dirent;
618 4690 805 4755 seque
851 4694 950 4747 pro
994 4680 1181 4735 eadem
1235 4685 1478 4739 custodia
1528 4702 1783 4744 coronam
1827 4691 1952 4759 vine

374 4776 538 4839 quam
570 4767 877 4833 repromisit
915 4767 1056 4823 Deus
1084 4769 1425 4841 diligentibus
1453 4790 1513 4830 se
1553 4778 1799 4849 accipere
1825 4796 1949 4850 spe-

375 4860 580 4913 rarent.
610 4849 872 4913 Jubcntur
912 4856 1184 4914 fontinalia
1230 4862 1367 4916 linea
1398 4864 1596 4921 habere
1650 4868 1703 4925 in
1755 4849 1951 4928 lumbis

375 4941 510 5007 suis,
555 4941 654 4997 boc
675 4952 776 5008 est,
808 4947 1190 5002 continentiam
1229 4966 1465 5008 servare.
1496 4953 1790 5012 Fontinalia
1838 4961 1951 5017 haec

374 5046 496 5101 quae
539 5034 605 5088 ad
629 5035 975 5104 operiendam
1023 5053 1244 5093 carnem
1279 5042 1626 5110 turpitudinis
1649 5046 1763 5100 ﬁeri
1798 5064 1950 5102 man-

375 5128 593 5196 dantur,
626 5118 771 5185 illam
793 5132 1124 5189 castimonize
1138 5135 1442 5203 portionem
1463 5152 1583 5209 qua:
1612 5138 1681 5194 ab
1707 5142 1948 5212 appetitu

374 5221 581 5290 copulae
616 5222 913 5295 coniugalis
956 5227 1197 5295 cohibet,
1250 5231 1467 5301 proprie
1512 5233 1784 5304 designat;
1834 5237 1950 5297 sine

373 5326 480 5381 qua
509 5306 775 5369 nemo'vel
827 5317 1187 5375 sacerdotium
1232 5318 1526 5389 suscipere,
1559 5321 1641 5378 vel
1667 5321 1732 5377 ad
1762 5323 1948 5395 altaris

373 5411 552 5472 potest
578 5404 934 5461 ministerium
963 5409 1290 5474 consecrari,
1344 5410 1398 5465 id
1446 5420 1548 5476 est,
1603 5412 1648 5468 si
1703 5429 1811 5469 non
1854 5423 1950 5479 aut

374 5494 526 5565 virgo
554 5498 933 5566 permanserit,
960 5484 1060 5563 aut
1082 5514 1295 5557 uxorem
1318 5497 1713 5568 coniunctionis
1741 5503 1944 5569 fmdera

374 5599 480 5637 non
505 5584 745 5642 solverit.
783 5585 935 5655 Quod
965 5587 1213 5645 videlicet
1252 5604 1425 5661 genus
1452 5590 1667 5648 virtutis
1694 5592 1822 5651 nulli
1850 5609 1944 5663 per

374 5673 544 5744 legem
576 5676 670 5732 Dei
702 5680 1008 5735 necessario
1038 5680 1378 5750 imperatum,
1411 5682 1509 5737 sed
1540 5681 1947 5739 voluntariaest

374 5766 658 5824 devotione
690 5769 914 5827 Domino
934 5769 1287 5839 oll‘crcztdztm,
1328 5772 1538 5827 dicente
1562 5772 1679 5843 ipso
1710 5773 1773 5828 de
1796 5773 1895 5843 hoc
1929 5787 1944 5826 ι

2059 4595 2298 4666 deponit,
2345 4593 2621 4663 Scriptura
2671 4592 2881 4646 dlcentc
2914 4608 2926 4644 :
2965 4606 2984 4641 ι
3019 4588 3243 4648 Auferte
3267 4589 3336 4647 δι)
3361 4603 3431 4649 eo
3468 4588 3634 4649 vesti-

2059 4698 2238 4742 menta
2266 4684 2502 4751 sordida,
2534 4692 2589 4739 et
2635 4682 2838 4738 induite
2867 4695 2990 4737 eum
3017 4681 3235 4751 pedere,
3273 4700 3292 4734 ι
3334 4690 3440 4736 etc.
3481 4680 3633 4748 Quod

2059 4787 2240 4833 autem
2270 4773 2533 4845 sequitur,
2571 4792 2589 4826 ‹
2621 4774 2769 4828 vittae
2814 4774 2929 4828 sive
2975 4771 3188 4827 cidares
3212 4771 3365 4827 lineae
3388 4780 3549 4827 erunt
3579 4772 3631 4827 in

2056 4869 2325 4938 capitibus
2349 4880 2559 4931 eorum,
2596 4884 2615 4917 ι
2642 4874 2774 4934 puto
2801 4876 3059 4921 coronam
3100 4862 3388 4921 ostendere
3426 4862 3630 4933 gratit-

2060 4979 2199 5026 rum,
2222 4962 2289 5017 de
2313 4977 2418 5031 qua
2449 4960 2710 5031 scriptum
2734 4968 2822 5015 est
2853 4976 2868 5012 :
2902 4977 2922 5009 ι
2952 4957 3222 5015 Coronam
3253 4956 3399 5015 enim
3426 4957 3631 5028 gratit-

2051 5069 2171 5109 rntn
2207 5053 2463 5121 suscipiet
2509 5061 2632 5106 tuus
2680 5056 2864 5105 vertex
2914 5046 3104 5121 (Prov.
3142 5048 3240 5120 tv).
3274 5064 3296 5103 δ
3335 5045 3451 5105 Nec
3500 5046 3630 5106 ιιιυιι

2051 5142 2207 5199 ηωιὶδ
2233 5142 2299 5197 de
2339 5148 2529 5211 operto
2576 5148 2632 5196 et
2658 5137 2804 5196 nudo
2846 5139 3025 5210 capite
3048 5137 3218 5195 faciat
3247 5138 3625 5208 quaestionem,

1998 5237 2001 5241 ·
2052 5232 2193 5302 quod
2250 5230 2541 5300 Apostolus
2593 5228 2874 5299 loquitur:
2907 5246 2928 5283 ι
2957 5229 3149 5286 Mulier
3182 5228 3355 5284 debet
3379 5225 3623 5283 velamen

2051 5322 2253 5379 habere
2268 5335 2433 5390 super
2456 5327 2866 5390 caputpropter
2892 5319 3115 5390 angelos
3140 5317 3195 5390 (1
3211 5315 3343 5373 Car.
3372 5314 3475 5389 ιι).
3510 5335 3534 5371 ι
3564 5316 3625 5373 Si

2048 5410 2192 5469 enim
2229 5408 2593 5466 non—velatur
2637 5409 2853 5475 mulier,
2891 5407 3267 5479 attondeatur;
3309 5406 3395 5463 sin
3441 5415 3625 5471 autem

2050 5507 2206 5567 turpe
2247 5505 2335 5555 est
2373 5497 2583 5557 mulieri
2624 5498 2839 5555 tonderi
2888 5505 2987 5554 aut
3015 5495 3153 5562 radi,
3191 5497 3488 5566 operiatur.
3528 5495 3628 5552 Vir

2048 5588 2192 5649 enim
2210 5600 2315 5647 non
2341 5588 2500 5653 debet
2523 5590 2736 5659 operias
2754 5597 2918 5660 caput
2938 5603 3062 5645 cum
3084 5590 3159 5645 sit
3177 5589 3356 5658 imago
3379 5587 3625 5658 etgluria

2050 5679 2144 5739 Dei
2179 5697 2192 5733 :
2219 5680 2414 5739 mulier
2455 5688 2633 5749 autem
2658 5681 2829 5752 gloria
2854 5681 2957 5737 vini
2984 5688 3087 5737 est.
3115 5678 3174 5736 Si
3204 5681 3351 5736 enim
3378 5680 3623 5735 virorum

2049 5782 2127 5827 est
2158 5788 2263 5827 non
2286 5773 2498 5843 (nutrire
2518 5781 2700 5843 natust.
2726 5773 2939 5832 viduum
2961 5784 3084 5831 me
3108 5772 3619 5843 contrariusrnqum
