4028 6196
378 388 393 405 ³
429 409 552 467 tot:

1071 403 1132 456 Β.
1168 399 1419 456 [MBAN]
1456 366 1674 454 unum
1711 394 2028 453 ARClllEP.
2072 390 2378 449 uocum.
2417 387 2702 446 orunuu
2743 386 2921 442 rans
2958 386 3021 441 ιι.

3523 377 3668 445 ὶΟῙΞ

423 516 584 575 modo
620 530 762 570 nunc
789 513 1093 570 sacerdotes
1120 511 1296 580 capita
1348 508 1498 564 vittis
1536 508 1618 563 vel
1652 507 1833 562 cidare
1856 519 1984 575 ope-
2015 510 2063 566 Α
2092 512 2200 557 tate
2239 500 2523 557 damnatus
2571 508 2655 555 est
2683 541 2695 554 .
2727 500 2831 554 nisi
2876 497 3017 568 quod
3064 505 3247 568 potstea
3290 497 3662 554 crescentibus

425 604 534 665 rire
551 603 860 673 iubeantur.
886 601 992 657 Sed
1030 600 1074 655 si
1100 599 1340 670 legamus
1367 597 1673 667 diligentius
1699 610 1765 650 ex
1793 593 1990 664 priori-

427 698 526 758 bus
546 695 818 753 solventur
835 691 1138 766 praesentia.
1159 689 1334 757 Supra
1361 688 1503 742 enim
1530 687 1746 749 dicitur,
1776 703 1794 734 ‹
1817 698 1991 753 quan-

426 788 495 843 do
516 785 821 841 ministrant
861 783 916 837 in
963 781 1134 852 portis
1185 780 1307 833 atrii
1370 776 1640 835 interioris
1668 776 1994 830 etintrizse-

427 892 539 932 cus.
576 894 595 927 ι
630 873 687 929 Si
712 874 853 928 enim
883 871 1247 942 ingrediantur
1272 870 1339 924 ad
1377 877 1583 931 sancta,
1611 875 1666 921 et
1707 874 1911 920 stemus
1937 865 2011 920 iul

426 971 713 1035 conspectu
768 962 1000 1027 Domini,
1033 962 1204 1030 capita
1254 969 1438 1014 nostra
1481 959 1691 1027 operire
1716 958 1990 1019 debemus,

426 1059 548 1132 quia
575 1075 678 1113 non
696 1048 1078 1133 justilicabitur
1097 1056 1152 1110 in
1176 1060 1462 1121 conspectu
1482 1051 1574 1105 Dei
1593 1050 1767 1105 omnis
1789 1050 1990 1112 vivens,

426 1157 496 1210 et,
514 1148 581 1203 ab
603 1147 823 1205 infantia
839 1162 933 1201 cor
954 1145 1185 1200 hominis
1207 1142 1505 1213 appositum
1524 1148 1606 1193 est
1624 1140 1690 1192 ad
1713 1138 1993 1192 malitiam.

424 1237 667 1313 Denique
694 1245 748 1291 et
779 1235 1120 1291 feminalibus
1170 1232 1493 1286 intrinsecus
1540 1229 1763 1293 utimur,
1793 1243 1859 1281 ne
1889 1227 1990 1281 ulla

425 1324 482 1386 in
531 1335 819 1397 conspectu
868 1325 960 1378 Dei
1016 1323 1229 1394 pollutae
1281 1320 1642 1383 eonscientim,
1703 1328 1757 1372 et
1818 1317 1996 1387 operis

427 1417 683 1491 nuptialis
732 1422 988 1485 appareat
1049 1413 1341 1482 turpitudo.
1396 1410 1599 1477 Quibus
1657 1407 1995 1462 feminalibus

429 1507 632 1576 accingi
679 1505 792 1559 vult
844 1512 899 1560 et
940 1502 1183 1559 Salvator
1218 1501 1504 1571 apostolos,
1545 1499 1726 1551 dicens
1767 1510 1781 1549 :
1827 1514 1844 1546 ι
1878 1494 1996 1549 Sint

430 1597 595 1657 intubi
623 1596 785 1651 vestri
813 1594 1038 1650 accincti
1061 1601 1114 1646 et
1136 1593 1368 1646 lucerna:
1388 1591 1638 1643 ardentes
1669 1588 1722 1642 in
1751 1586 1995 1642 manibus

431 1688 580 1763 (Luc.
626 1686 748 1758 xu).
800 1704 820 1737 ι
872 1685 939 1739 Ει
984 1683 1271 1753 Apostolus
1325 1680 1666 1736 credentibus
1710 1679 1992 1748 loquitur:

435 1795 454 1827 ι
491 1776 640 1831 State
692 1790 820 1846 ergo
867 1772 1092 1829 accincti
1156 1772 1363 1827 lumbos
1408 1778 1618 1824 vestros
1658 1769 1712 1823 in
1767 1768 1997 1821 veritate

2094 591 2302 663 capillis
2331 590 2613 661 pristinum
2643 590 2806 643 robur
2833 587 3040 657 accepit
3066 598 3080 639 ε
3109 594 3163 641 et
3193 587 3246 640 in
3288 594 3414 657 typo
3458 585 3661 641 Christi

2092 683 2260 737 multo
2301 681 2482 751 plures
2530 678 2945 749 alienigenarum
2995 684 3239 730 mortuus
3297 690 3458 744 quam
3503 675 3661 733 vivus

2092 772 2306 827 occidit.
2342 771 2466 825 Vult
2487 777 2666 824 autem
2692 770 2948 823 Dominus
2992 768 3306 822 sacerdotes
3336 783 3464 822 suos
3489 769 3659 838 capil-

2095 862 2174 916 los
2206 859 2649 915 sanctificationis
2673 859 2872 913 habcre
2896 865 3204 926 perpetuos,
3233 864 3287 911 et
3325 857 3521 928 operiri
3568 874 3660 912 ca-

2096 952 2202 1021 pita
2230 967 2436 1014 eorum,
2484 966 2586 1003 non
2628 948 2806 1016 aliquo
2838 948 3171 1002 extrinsecus
3197 947 3516 1011 velamento,
3566 949 3656 1001 sed

2095 1059 2190 1097 sua
2239 1039 2578 1109 naturalique
2624 1038 2883 1103 ctesaric,
2930 1053 3033 1092 non
3086 1036 3153 1091 ad
3196 1044 3441 1091 ornatum
3502 1046 3660 1105 atque

2094 1134 2383 1195 luxuriam,
2411 1133 2503 1187 sed
2522 1132 2587 1185 ad
2612 1131 2968 1185 honestatem.
2996 1128 3145 1184 Unde
3169 1138 3223 1183 et
3269 1127 3444 1198 capilli
3471 1127 3660 1197 capitis

2096 1226 2457 1296 apostolorum
2514 1224 2783 1279 munerati
2847 1231 2989 1289 sunt,
3048 1223 3259 1276 dicente
3319 1210 3596 1275 Salvatorc
3645 1240 3657 1274 :

2103 1341 2120 1371 ι
2161 1322 2339 1375 Vestri
2386 1329 2570 1374 autem
2624 1326 2677 1373 et
2728 1317 2904 1387 capilli
2959 1317 3150 1387 capitis
3211 1318 3478 1371 munerati
3538 1329 3659 1369 sunt

2098 1411 2308 1482 (Matth.
2343 1410 2423 1481 χ),
2460 1431 2478 1461 ι
2515 1410 2654 1463 illius
2706 1408 2899 1477 capitis
2954 1408 3018 1461 de
3066 1422 3173 1476 quo
3234 1402 3285 1460 in
3338 1406 3661 1461 Ecclesiaste

2096 1505 2354 1573 scriptum
2401 1512 2486 1556 est
2533 1521 2545 1555 :
2598 1521 2616 1551 ι
2672 1496 2946 1570 Sapientis
3002 1500 3140 1554 oeuli
3201 1499 3253 1552 in
3314 1498 3486 1567 capite
3548 1495 3661 1563 ejus

2098 1595 2294 1665 (Eccle.
2351 1594 2446 1665 ιι);
2488 1613 2505 1645 ι
2572 1613 2589 1645 ι
2645 1602 2804 1664 caput
2864 1599 3041 1646 autem
3106 1590 3206 1644 viri
3271 1589 3516 1643 Christus
3575 1599 3661 1642 est

2098 1684 2148 1755 (1
2180 1683 2301 1738 Cor.
2330 1682 2432 1754 χι),
2465 1682 2608 1753 quod
2649 1689 2897 1751 peccator
2923 1678 3201 1735 concaleat
3224 1686 3277 1733 et
3307 1678 3551 1747 despicit.
3581 1691 3655 1739 et,

2097 1786 2156 1829 ut
2190 1775 2261 1829 ita
2292 1776 2504 1845 loquar,
2532 1775 2672 1829 radit
2699 1772 2975 1837 novacula,
2996 1781 3049 1826 et
3077 1770 3255 1826 aufert
3281 1769 3394 1838 ejus
3418 1769 3657 1839 pulchri-

433 1867 645 1936 Ut'p/ws-
684 1864 781 1937 γι).
819 1883 838 1915 ι
894 1864 959 1917 Et
1013 1864 1312 1917 imitatores
1351 1860 1548 1916 Clll‘isli
1603 1859 1825 1913 audiunt
1868 1856 1998 1911 ὶιιυά
2028 1857 2070 1914 Β
2100 1867 2337 1920 tudinem
2371 1884 2384 1919 :
2418 1864 2561 1934 quod
2609 1872 2665 1919 et
2717 1862 2810 1917 ﬁlii
2861 1860 3086 1916 Ammon
3138 1861 3379 1916 fecerunt
3417 1861 3499 1913 bis
3529 1874 3664 1927 quos

432 1960 571 2028 quod
598 1958 665 2012 de
711 1971 775 2012 eo
818 1956 1074 2029 scriptum
1117 1963 1236 2011 est:
1267 1972 1284 2003 ι
1324 1952 1438 2007 Erit
1470 1950 1677 2020 justitia
1724 1950 1999 2004 accinctus

434 2048 666 2111 lumbos,
690 2040 745 2103 et
788 2048 1015 2100 veritate
1061 2045 1424 2098 circumdatus
1467 2042 1636 2097 latera
1672 2038 1803 2110 (lsa.
1837 2038 1935 2110 χι).
1976 2058 1995 2090 ›

430 2137 499 2197 Et
529 2140 632 2193 bac
660 2138 773 2207 ipsa
796 2152 930 2193 zona
957 2135 1046 2207 qui
1070 2136 1295 2195 cinctus,
1328 2142 1382 2193 et
1412 2131 1478 2186 ad
1508 2131 1764 2185 virtutum
1790 2129 1999 2186 culmen

430 2230 759 2295 ascenderit,
818 2243 1154 2298 nequaquam
1211 2227 1473 2282 violenter
1529 2225 1875 2295 astringitur,
1935 2238 2003 2278 ne

435 2322 639 2383 invitus
669 2322 869 2376 bonum
918 2318 1260 2375 continentia:
1306 2320 1595 2374 observare
1639 2317 1904 2381 videatur,
1949 2322 2004 2371 et

410 2410 413 2419 ⁴
434 2415 487 2469 in
505 2413 702 2469 sudore
723 2412 901 2469 vulttts
920 2412 1001 2467 sui
1025 2410 1308 2467 comedere
1328 2425 1537 2483 panem,
1564 2411 1656 2464 sed
1678 2392 2003 2479 praeceptum

440 2502 645 2561 Domini
668 2502 847 2557 facere
876 2504 1169 2556 voluntate.
1192 2501 1431 2571 Denique
1455 2500 1664 2570 quando
1688 2498 1832 2553 foras
1851 2511 2004 2567 egre-

435 2594 605 2658 ditur,
651 2600 706 2647 et
739 2591 931 2648 miscet
958 2608 1017 2647 se
1049 2591 1264 2662 populo,
1305 2588 1654 2644 sacerdotalia
1682 2588 2002 2641 vestimenta

438 2684 658 2760 deponit
689 2684 742 2742 in
769 2681 1172 2755 gazophylacio,
1196 2680 1248 2734 in
1287 2694 1392 2749 quo
1422 2677 1631 2732 Domini
1661 2674 1858 2728 divitize
1879 2687 2004 2726 con-

434 2783 742 2834 servantur.
769 2775 837 2829 Et
857 2774 977 2829 aliis
1001 2780 1225 2827 utuntur
1248 2770 1486 2826 vestibus
1514 2766 1842 2830 sacerdotes,
1869 2764 2003 2819 alia-

439 2882 546 2939 que
570 2850 810 2922 doctrina
836 2865 902 2920 ad
930 2864 1118 2934 vulgus
1142 2862 1390 2933 ignobile,
1422 2876 1490 2915 ne
1510 2858 1879 2915 sanctiﬁcatur
1907 2871 2004 2927 po-

438 2959 600 3034 pulus
633 2957 688 3012 in
718 2954 872 3012 stolis
911 2969 1119 3009 eorum.
1173 2950 1348 3008 Grave
1392 2959 1477 3005 est
1518 2947 1843 3002 multitudini
1872 2961 2007 3001 onus

438 3050 583 3105 ultra
604 3049 750 3103 vires
776 3046 1073 3115 suscipere,
1098 3043 1308 3099 dicente
1338 3040 1625 3095 Salomone
1653 3055 1667 3091 :
1705 3055 1725 3088 ι
1761 3036 2008 3106 Laqueus

439 3148 524 3196 est
547 3139 649 3194 viri
671 3139 782 3195 cito
804 3138 931 3208 quid
961 3139 1026 3192 de
1065 3135 1176 3192 suis
1196 3131 1551 3189 sanctiﬁcare.
1589 3149 1607 3182 ι

418 3262 421 3271 -
510 3227 665 3296 Quod
693 3235 871 3281 autem
898 3225 1142 3295 sequitur
1181 3224 1248 3279 de
1296 3219 1660 3278 sacerdotibus
1704 3235 1718 3272 :

440 3334 596 3377 suum
625 3334 733 3373 non
757 3318 965 3382 radent,
998 3331 1169 3385 neque
1191 3330 1402 3371 comam
1449 3314 1707 3377 nutrient,
1756 3310 1851 3366 sed
1880 3317 2003 3363 ton-

442 3414 629 3467 dentes
656 3410 1011 3466 attondebunt
1038 3409 1211 3478 capita
1259 3422 1374 3473 sua,
1420 3425 1438 3456 ι
1471 3403 1752 3476 perspicue
1787 3402 2006 3456 demon-

441 3511 666 3567 stratur,
680 3515 780 3556 nec
805 3499 943 3555 rasis
961 3498 1244 3568 capitibus,
1256 3496 1413 3551 sicuti
1429 3494 1734 3551 sacerdotes
1744 3491 2005 3546 cultores-

441 3606 546 3661 que
558 3591 712 3647 lsidis
724 3598 884 3659 atque
897 3586 1169 3657 Scrapidis
1183 3600 1281 3641 nos
1301 3599 1422 3639 esse
1442 3584 1655 3646 debere,
1679 3597 1778 3636 nec
1793 3594 2006 3635 rursum

444 3688 655 3737 comam
704 3679 993 3741 dimittere,
1047 3678 1188 3747 quod
1233 3675 1451 3746 proprie
1480 3673 1875 3727 luxuriosorum
1900 3678 2005 3736 est,

443 3771 907 3839 barbarorumque
933 3775 987 3823 et
1016 3766 1378 3823 militantium.
1409 3762 1515 3820 Sed
1541 3772 1599 3817 ut
1625 3763 1884 3817 honestus
1912 3762 2010 3815 ha—

445 3863 592 3919 bitus
616 3862 955 3918 sacerdotum
976 3859 1113 3915 facie
1137 3859 1549 3915 demonstretur.
1574 3855 1679 3910 Pro
1698 3869 1806 3925 quo
1827 3853 2011 3908 dixere

446 3954 849 4026 Septuaginta:
884 3969 904 4003 ι
950 3950 1137 4019 Capita
1191 3964 1287 4004 sua
1339 3963 1444 4002 non
1494 3946 1702 4009 radent,
1745 3954 1800 4000 et
1827 3958 2010 3998 eomas

447 4061 575 4104 suas
602 4045 669 4099 ad
698 4057 942 4114 pressum
967 4057 1075 4095 non
1100 4041 1413 4105 tondebant,
1436 4039 1529 4094 sed
1555 4037 1859 4108 operientes
1884 4049 2011 4104 ope-

446 4133 592 4189 rient
613 4130 789 4201 capita
812 4143 962 4184 sua.»
986 4124 1145 4182 Juxta
1166 4128 1306 4196 quod
1333 4127 1589 4182 discimus
1611 4140 1711 4179 nec
1736 4123 2010 4179 calvitium

447 4219 707 4277 novacula
743 4233 861 4275 esse
907 4216 1232 4283 faciendum,
1259 4232 1357 4271 nec
1394 4217 1467 4270 ita
1520 4215 1586 4269 ad
1620 4229 1864 4284 pressum
1894 4221 2013 4268 ton-

446 4312 681 4367 dendum
706 4317 887 4381 caput,
919 4316 976 4362 ιιι
1003 4322 1248 4363 rasorum
1292 4305 1495 4361 similes
1534 4320 1654 4360 esse
1688 4304 1965 4358 videamur
1995 4319 2010 4356 :

446 4404 540 4460 sed
556 4402 609 4457 in
624 4411 830 4457 tantum
845 4400 1066 4470 capillos
1088 4396 1452 4460 dimittendos,
1476 4403 1535 4450 ut
1554 4403 1737 4463 operta
1759 4394 1830 4448 sit
1851 4394 2009 4447 cutis.

449 4489 545 4545 Vel
558 4498 706 4547 certe
726 4504 939 4560 semper
958 4486 1269 4545 sacerdotes
1288 4485 1502 4558 operire
1543 4484 1722 4554 capita
1746 4497 1840 4538 sua
1852 4483 2005 4553 juxta

449 4581 580 4640 illud
606 4578 954 4652 Virgilianum
981 4596 997 4635 ι
1946 4639 1980 4694 1‘

574 4729 829 4793 Purpureo
852 4730 1013 4781 velare
1032 4742 1213 4791 comas,
1232 4729 1495 4792 adopertus
1511 4730 1700 4778 amictu.

449 4850 561 4908 Sed
587 4851 703 4907 haec
718 4853 950 4907 violenta
996 4851 1366 4921 interpretatio
1385 4860 1486 4905 est.
1511 4850 1748 4919 Denique
1767 4857 1823 4905 et
1841 4847 2011 4902 Nam.

449 4943 544 4998 mi
570 4951 761 5013 sponte
785 4958 846 4998 se
868 4942 1120 5007 ederunt,
1151 4951 1207 4997 et
1228 4944 1533 5013 quicunque
1556 4942 1756 5012 aliquid
1787 4939 2010 5006 voverit,

442 5042 507 5090 et
530 5048 637 5089 non
664 5026 982 5103 impleverit,
1003 5031 1111 5087 voti
1138 5048 1262 5087 reus
1287 5041 1391 5088 est.
1425 5032 1577 5088 Unde
1605 5032 1670 5086 de
1687 5031 1864 5086 viduis
1884 5029 2016 5085 dici-

448 5133 585 5179 tur:
618 5138 641 5174 ι
670 5121 805 5177 Cum
830 5120 1113 5176 luxuriatae
1133 5119 1333 5180 iuerint
1360 5123 1415 5177 in
1442 5121 1683 5187 Christo,
1701 5122 1902 5177 nubere
1923 5135 2016 5174 vo-

447 5215 591 5279 lunt,
626 5212 887 5268 habentes
932 5211 1353 5278 damnationem,
1410 5212 1536 5282 quia
1582 5212 1813 5281 primam
1857 5210 2017 5267 tidem

444 5304 663 5359 irritam
713 5302 957 5358 fecerunt
985 5298 1037 5372 (1
1065 5300 1198 5356 Tim.
1227 5300 1306 5372 v).
1347 5321 1366 5353 ι
1397 5300 1586 5357 Melius
1626 5309 1708 5357 est
1733 5301 1875 5356 enim
1904 5315 2013 5356 non

444 5395 785 5467 promittere,
841 5408 1001 5462 quam
1034 5391 1350 5462 promittere
1377 5401 1432 5448 et
1471 5408 1578 5448 non
1628 5391 1826 5447 facere.
1857 5390 2013 5446 Anna

446 5482 641 5540 obtulit
664 5483 968 5539 Samuelem
995 5482 1047 5555 (1
1073 5481 1201 5553 Reg.
1232 5482 1272 5553 ι)
1292 5483 1385 5552 qui
1412 5483 1466 5536 in
1495 5493 1695 5538 eterna
1725 5483 2015 5537 sanctitate

445 5573 765 5643 permansit;
787 5579 844 5626 et
861 5571 1054 5627 Manus
1073 5568 1506 5629 obtulitSamson
1523 5572 1689 5625 lilium
1703 5570 1854 5642 (Iud.
1870 5569 2011 5640 xui),

448 5667 547 5723 sed
592 5663 1072 5722 sanctificationem
1116 5665 1431 5736 capillorum
1468 5663 1584 5733 ejus
1616 5662 1798 5720 Dalilae
1849 5665 2014 5720 libido

452 5754 721 5830 turpavit;
749 5756 980 5829 denique
1026 5758 1286 5816 Dominus
1310 5756 1538 5814 recessit
1562 5756 1631 5812 ab
1671 5772 1757 5824 eo,
1785 5766 1835 5813 et
1861 5760 2018 5819 catei-

1763 3237 1783 3271 c
1830 3215 2002 3286 Caput
2029 3199 2072 3263 ε

2032 4550 2085 4610 1)

2100 1954 2265 2009 David
2296 1955 2501 2025 legatos
2546 1954 2766 2008 miserat
2798 1951 2882 2023 (11
2916 1951 3038 2023 Reg.
3066 1950 3145 2024 χ).
3176 1950 3272 2005 Sin
3325 1959 3505 2005 autem
3534 1948 3664 2021 legis

2099 2048 2471 2116 prtevarieatio
2526 2047 2812 2101 inhonorat
2863 2045 3070 2111 Deum,
3126 2053 3518 2113 consequenter
3574 2046 3661 2113 qui

2100 2137 2233 2206 legis
2260 2146 2525 2207 prtecepta
2556 2143 2860 2199 conservat,
2891 2137 3275 2199 bonorateum,
3303 2142 3361 2187 ut
3382 2135 3665 2205 impleatur

2101 2229 2241 2298 quod
2286 2229 2541 2297 scriptum
2572 2236 2654 2281 est
2685 2241 2699 2279 :
2733 2224 2804 2281 Ut
2828 2241 3014 2280 omnes
3060 2223 3417 2280 honorificeut
3445 2223 3663 2286 Filium,

2103 2318 2241 2374 sicut
2266 2316 2623 2372 bonorilieant
2643 2314 2876 2369 Patrem.
2907 2312 3273 2378 «Sacerdotes,
3289 2312 3479 2382 inquit,
3506 2320 3665 2381 caput

2103 2427 2255 2467 smnn
2286 2424 2391 2463 non
2422 2408 2633 2472 radent,
2662 2420 2835 2476 neque
2884 2421 3088 2460 comam
3136 2405 3390 2464 nutrient,
3422 2402 3517 2457 scd
3544 2411 3662 2455 ton-

2105 2505 2293 2557 dentes
2322 2500 2604 2556 attondent
2662 2500 2837 2569 capita
2889 2514 3003 2554 sua.
3041 2518 3058 2550 ι
3097 2495 3297 2568 (σι’ρρ.)
3350 2494 3668 2550 Sacerdotes

2105 2612 2339 2665 namque
2381 2594 2505 2663 jure
2536 2593 2710 2648 vocati
2740 2601 2885 2657 sunt,
2936 2592 3025 2661 qui
3080 2598 3136 2644 ut
3180 2605 3388 2644 sacrum
3420 2589 3665 2642 ducatum

2103 2689 2382 2760 praebeant
2434 2684 2681 2740 ﬁdelibus
2730 2690 2990 2753 praesunt.
3038 2682 3224 2753 Capilli
3256 2696 3383 2735 vero
3414 2680 3464 2734 in
3496 2680 3666 2749 capite

2105 2782 2404 2837 exteriores
2457 2790 2581 2835 sunt
2635 2778 2985 2850 cogitationes
3038 2778 3092 2833 in
3144 2784 3324 2831 mente
3358 2794 3372 2828 :
3406 2775 3495 2845 qui
3542 2774 3667 2829 dum

2106 2888 2266 2941 super
2294 2871 2576 2927 cerebrum
2623 2868 3005 2925 insensibiliter
3051 2869 3315 2931 oriuntur,
3358 2881 3515 2920 curas
3544 2867 3664 2919 vita:

2107 2965 2386 3038 prasentis
2411 2965 2741 3032 exprimunt,
2780 2975 2898 3030 quae
2924 2975 2991 3015 ex
3015 2975 3176 3015 sensu
3203 2957 3516 3029 negiigenti,
3547 2958 3666 3026 quia

2111 3060 2469 3130 inopportune
2497 3054 2783 3126 aliquando
2828 3054 3116 3125 prodeunt,
3157 3052 3309 3120 quasi
3356 3050 3513 3105 nobis
3565 3065 3668 3103 non

2110 3149 2467 3205 sentientibus
2496 3147 2813 3217 procedunt.
2858 3143 2990 3212 Quia
3021 3143 3179 3213 igitur
3204 3142 3383 3195 cuncti
3414 3141 3503 3209 qui
3532 3154 3670 3208 prm-

2107 3248 2232 3296 sunt
2256 3238 2457 3293 habere
2485 3236 2699 3306 quidem
2728 3234 3113 3289 sollicitudines
3138 3231 3433 3287 exteriores
3459 3227 3669 3289 debent,

2107 3344 2206 3384 nec
2242 3338 2422 3382 tamen
2474 3327 2553 3380 eis
2581 3325 2924 3383 vehementer
2972 3321 3307 3383 incumbere;
3366 3333 3521 3371 sacer
3541 3318 3673 3370 ’otes

2108 3427 2255 3475 recte
2280 3426 2335 3472 et
2347 3424 2505 3489 caput
2530 3414 2885 3485 prohibentur
2914 3412 3103 3465 radere
3123 3420 3177 3464 et
3194 3423 3401 3463 comam
3434 3405 3668 3460 nutrire:

2111 3521 2172 3565 ut
2206 3509 2562 3579 cogitationes
2586 3506 2769 3561 carnis
2800 3504 2978 3559 debita
3023 3516 3150 3557 cura
3193 3499 3543 3561 subditorum,
3577 3510 3673 3549 nec

2109 3618 2140 3656 a
2168 3617 2225 3658 se
2261 3600 2504 3655 funditus
2555 3605 2854 3669 amputent,
2887 3612 2987 3651 nec
3011 3609 3196 3650 rursus
3225 3594 3289 3648 ad
3324 3591 3671 3646 Crescendum

2104 3692 2271 3747 nimis
2303 3690 2568 3754 relaxant,
2617 3690 2711 3743 ubi
2750 3696 2805 3742 et
2855 3689 2991 3742 bene
3037 3686 3275 3740 dicitur:
3312 3703 3329 3734 c
3370 3682 3674 3737 Tonxlcntes

2111 3784 2553 3854 tondeant,capita
2604 3797 2722 3846 sua,
2758 3801 2775 3833 ι
2810 3789 2868 3834 ιιι
2910 3778 3159 3833 videlicet
3199 3790 3341 3830 cura:
3365 3773 3674 3842 temporalis

2110 3873 2515 3935 sollicitudines,
2542 3879 2599 3924 et
2641 3878 2901 3939 quantum
2957 3881 3179 3922 necesse
3208 3873 3288 3920 est
3318 3864 3597 3934 prodeant,
3622 3871 3673 3916 et

2111 3977 2291 4021 tamen
2315 3971 2627 4020 resecentur
2642 3961 2802 4017 citius
2828 3974 2895 4014 ne
2918 3958 3321 4013 immoderatius
3339 3962 3667 4009 cxcrescant.

2111 4055 2248 4109 Dum
2277 4055 2442 4125 igitur
2473 4061 2527 4107 et
2556 4067 2653 4122 per
2696 4049 3127 4105 administratam
3153 4046 3475 4101 exteriorem
3501 4042 3671 4113 provi-

2113 4146 2351 4200 dentiam
2401 4158 2686 4213 corporum
2730 4141 2836 4194 vlta
2873 4138 3191 4208 protegitur,
3235 4143 3291 4191 et
3342 4149 3553 4189 rursum
3581 4147 3672 4201 per

2113 4235 2523 4290 immoderatam
2552 4231 2732 4287 cordis
2790 4230 3138 4285 intentionem
3179 4242 3281 4280 non
3328 4224 3669 4295 impenditur,

2112 4325 2288 4394 capilli
2318 4325 2371 4379 in
2401 4323 2579 4393 capite
2635 4321 2949 4382 sacerdotis,
3000 4328 3053 4373 et
3106 4323 3387 4372 servantur
3415 4324 3473 4368 ut
3501 4321 3670 4369 cutem

2112 4415 2446 4486 cooperiant,
2475 4421 2531 4468 et
2556 4421 2868 4467 resecantur
2913 4426 2981 4465 ne
3014 4409 3198 4464 oculos
3226 4407 3497 4462 claudant.
3528 4404 3671 4475 (Ilie-

2113 4504 2255 4573 ron.)
2303 4503 2471 4558 Porro
2522 4501 2663 4571 quod
2709 4500 2991 4569 sequitur:
3032 4518 3050 4550 ι
3083 4497 3153 4553 Ut
3198 4496 3375 4552 omnis
3402 4494 3667 4557 sacerdos,

2115 4594 2328 4663 quando
2354 4596 2696 4662 ingressurus
2724 4599 2805 4646 est
2832 4590 3027 4643 atrium
3078 4587 3327 4651 interius,
3355 4587 3538 4639 vinum
3570 4599 3669 4639 non

2114 4683 2297 4746 bibat;
2337 4700 2354 4733 ι
2388 4680 2729 4751 perspicuum
2764 4688 2847 4734 est
2879 4678 3139 4733 ebrietate
3180 4685 3236 4730 et
3281 4675 3453 4730 sicera
3480 4682 3668 4731 statum

2116 4775 2313 4830 mentis
2336 4775 2528 4839 everti,
2555 4781 2730 4828 etnon
2757 4772 2913 4842 plene
2941 4787 3039 4826 nos
3076 4785 3285 4840 sapere,
3309 4770 3527 4838 quando
3554 4770 3672 4822 vino

2117 4874 2172 4921 et
2197 4865 2444 4919 satietate
2472 4864 2683 4918 animus
2706 4870 3022 4931 occupatur.
3070 4860 3312 4915 Ebrietas
3345 4867 3527 4913 autem
3573 4874 3671 4913 non

2115 4954 2287 5009 solum
2317 4954 2373 5008 in
2401 4954 2617 5023 potione
2645 4952 2778 5017 vini,
2809 4951 2901 5006 sed
2931 4951 2986 5005 in
3013 4949 3259 5005 omnibus
3304 4951 3467 5003 rebus
3494 4958 3669 5003 osten~

2116 5045 2279 5110 ditur,
2305 5043 2502 5113 quibus
2522 5050 2575 5098 et
2599 5043 2652 5097 in
2676 5041 3041 5097 contractibus
3064 5048 3118 5094 et
3137 5038 3191 5093 in
3218 5038 3451 5108 negotiis
3475 5037 3671 5100 smculi,

2114 5144 2170 5190 et
2197 5134 2406 5189 damnis
2429 5149 2492 5188 ac
2517 5132 2700 5197 lucris,
2746 5144 2930 5185 amore
2953 5138 3008 5184 et
3047 5128 3170 5184 odio
3204 5143 3358 5183 mens
3385 5127 3672 5181 inebriatur

2115 5231 2171 5278 et
2210 5222 2455 5286 ﬂuctuat,
2505 5229 2561 5276 et
2605 5228 2804 5276 statum
2834 5234 2991 5274 suum
3035 5225 3220 5273 tenere
3244 5230 3349 5270 non
3367 5209 3577 5284 potest.
3614 5214 3675 5269 Et

2117 5314 2242 5384 quia
2263 5312 2437 5384 fragili
2452 5325 2615 5367 carne
2642 5308 3065 5373 circumdamur,
3090 5315 3142 5363 et
3160 5307 3402 5375 cogimur
3421 5320 3518 5374 pro
3538 5293 3673 5359 victu

2117 5411 2279 5472 atque
2303 5401 2522 5465 vestitu,
2553 5406 2609 5454 et
2654 5397 2976 5454 necessariis
3017 5411 3135 5467 qua:
3182 5395 3249 5448 ad
3285 5409 3484 5464 corpus
3516 5392 3675 5463 perti-

2117 5500 2271 5557 nent,
2300 5492 2476 5561 aliqua
2504 5489 2683 5545 facere
2706 5502 2825 5560 qua:
2852 5487 3032 5543 facere
3056 5502 3164 5542 non
3192 5486 3470 5549 debemus,
3492 5484 3672 5540 saltem

2118 5583 2222 5637 hoc
2249 5595 2278 5635 a
2312 5581 2468 5635 nobis
2512 5580 2763 5650 exigitur,
2788 5587 2848 5632 ut
2875 5579 3091 5647 quando
3119 5577 3172 5631 in
3204 5592 3301 5630 nos
3337 5576 3671 5636 revertimur.

2117 5685 2172 5728 et
2201 5673 2401 5728 scimus
2429 5686 2526 5726 cur
2554 5671 2666 5725 nati
2693 5685 2896 5734 sumus,
2939 5677 2994 5724 et
3039 5669 3297 5724 interiora
3329 5676 3493 5736 atque
3521 5667 3673 5734 adyta

2117 5761 2299 5832 templi
2326 5760 2672 5836 ingredimur,
2707 5760 3023 5818 recedamus
3049 5777 3079 5815 a
3124 5759 3271 5817 vitiis
3298 5757 3504 5823 sazeuli,
3532 5764 3587 5813 et
3612 5769 3675 5813 ne
