4028 6196
456 324 592 393 tot:

1284 358 1293 367 ’
1340 334 1689 393 COMMENT.
1733 335 1799 390 IN
1836 336 2281 393 EZECHIELEM.
2320 370 2393 380 --
2428 339 2554 395 LIB.
2597 341 2784 398 XVIII.

3552 350 3685 407 1014

382 462 391 467 '
447 447 675 505 minima
699 445 914 517 quidem
939 451 1158 516 peccata
1191 443 1467 503 faciamus.
1510 448 1619 504 Per
1639 462 1758 519 quae
1780 449 2021 503 ostendi—
2044 453 2092 512 Α
2124 468 2144 500 ι
2166 434 2297 505 mea
2327 448 2381 505 in
2412 454 2658 508 onmibus
2683 446 3111 511 solemnitatibus
3136 450 3279 512 'mcis
3307 458 3628 515 custodienti
3665 487 3679 514 ι

446 548 561 603 tur,
604 544 662 592 et
709 548 934 607 peccare
988 550 1095 588 non
1124 548 1225 606 pro
1252 538 1659 592 necessitatibus
1685 538 1866 593 carnis
1887 551 2017 606 pec-

444 636 573 681 cata
603 626 761 689 levia,
787 632 844 678 et
882 638 1095 678 rursum
1146 639 1266 679 esse
1311 633 1539 694 tempus,
1586 626 1800 695 quando
1824 626 2020 679 atrium

430 716 810 785 ingredientes
831 713 1161 776 interius,ab
1190 715 1338 770 omni
1362 716 1626 770 ebrietate
1651 715 1835 770 mundi
1859 724 2021 784 atque

444 806 613 864 alieni
640 822 761 862 esse
790 808 1065 862 debemus.
1121 807 1312 861 Vinum
1358 815 1538 861 autem
1584 822 1692 861 non
1744 806 1916 861 solum
1940 807 2020 861 -in

432 898 750 954 ministerio
779 897 1087 951 sacerdotes
1120 912 1223 950 non
1250 896 1438 952 bibent
1470 906 1631 967 atque
1676 898 1898 962 Levites,
1926 898 2022 953 sed

447 1007 517 1047 ne
538 990 831 1060 ingressuri
863 990 1075 1058 quidem
1100 999 1283 1044 sancta
1314 1000 1625 1047 sanctorum
1656 1005 1722 1043 ne
1745 989 2019 1059 opprima-

446 1092 540 1137 tur
566 1096 734 1144 mens,
754 1089 810 1135 et
830 1095 1021 1135 sensus
1052 1081 1287 1134 crassior
1316 1079 1424 1134 iiat.
1454 1079 1605 1135 Unde
1624 1078 2015 1149 ct'Apostolus:

451 1191 473 1220 σ
510 1170 716 1226 Bonum
741 1177 843 1234 est,
874 1169 1069 1239 inquit,
1101 1170 1281 1222 viuum
1306 1184 1410 1223 non
1426 1170 1610 1223 bibere
1633 1168 1811 1241 (Rom.
1836 1169 1969 1240 XIV).
1995 1188 2012 1220 ι

447 1262 516 1315 Et
563 1262 617 1315 in
665 1260 772 1315 alio
824 1260 985 1315 loco:
1027 1277 1047 1309 ‹
1080 1260 1144 1312 Et
1170 1259 1378 1324 vinum,
1426 1260 1480 1312 in
1512 1274 1619 1328 quo
1670 1269 1753 1313 est
1806 1259 2019 1312 luxuria

443 1351 666 1421 (Ephes.
706 1349 782 1420 v).
822 1360 843 1400 ί
890 1348 1229 1404 Maudueavit
1254 1349 1397 1402 enim
1443 1348 1668 1417 populus
1694 1356 1751 1403 et
1787 1348 1941 1413 bibit,
1964 1356 2021 1403 et

440 1447 805 1495 surrexerunt
838 1440 1022 1493 ludere
1049 1439 1243 1511 (Exod.
1274 1438 1752 1510 xxxn)..Qnodque
1774 1440 2020 1495 concedit

445 1535 733 1588 Timotheo
777 1532 830 1604 (1
882 1532 1015 1586 Tim.
1071 1531 1147 1603 γ),
1200 1540 1257 1584 ιιι
1300 1532 1485 1585 vinum
1526 1532 1800 1601 paululum
1848 1532 2013 1596 bibat,

442 1622 729 1695 perspicue
752 1624 1084 1677 demonstrat
1105 1637 1203 1677 cur
1226 1622 1327 1675 hoc
1344 1622 1675 1676 concesserit
1699 1636 1716 1675 :
1750 1642 1769 1673 ι
1792 1621 2018 1692 Propter

439 1715 785 1769 stomachum
812 1754 827 1778 ,
882 1713 1093 1782 inquit,
1141 1720 1196 1766 ct
1250 1713 1555 1781 frequentes
1596 1715 1947 1770 infirmitates.
1991 1736 2009 1768 ι

442 1804 633 1875 (Ιδὶά.)
665 1803 815 1858 Hanc
838 1818 1010 1873 usque
1056 1818 1200 1857 nunc
1249 1802 1417 1872 legem
1453 1804 1507 1857 in
1537 1803 1778 1859 ecclesiis
1808 1805 2014 1859 iuvenis

440 1894 729 1949 custodiri.
784 1892 967 1963 Neque
1017 1892 1159 1947 enim
1194 1893 1502 1947 omnimodo
1529 1909 1560 1945 a
1594 1894 1717 1947 vino
1747 1894 2015 1950 abstinere

441 1984 722 2054 praecepit,
755 1983 850 2037 sed
901 1983 1117 2052 quando
1154 1983 1224 2036 ad
1276 1982 1673 2037 tabernaculum
1727 1985 2011 2039 testimonii

443 2083 540 2127 aut
555 2074 621 2128 ad
642 2072 811 2127 altare
835 2073 1189 2135 ascendimus,
1217 2072 1270 2126 id
1295 2080 1399 2137 est,
1422 2074 1634 2141 quando
1659 2074 2014 2144 quodcunque

438 2165 806 2221 ministerium
826 2165 1084 2220 doctrina:
1102 2164 1338 2219 caelestis
1365 2166 1745 2234 contingimus.
1772 2166 2015 2222 ministe-

441 2256 508 2310 rii
527 2256 672 2310 enim
697 2254 866 2309 altare
884 2254 1057 2325 ﬁgura
1080 2263 1163 2309 est
1192 2271 1206 2307 :
1236 2255 1642 2310 tabernaculum
1686 2257 1829 2311 enim
1858 2257 2011 2312 testi-

440 2344 612 2399 monii
664 2344 962 2400 cselestium
1019 2358 1199 2399 rerum
1241 2343 2014 2399 contrectationequnde-«et

439 2435 729 2489 Timotheo
771 2433 970 2489 Paulus
1016 2434 1288 2488 scribebat
1336 2449 1351 2486 :
1402 2450 1421 2483 ι
1458 2432 1595 2487 Vino
1621 2434 1831 2489 modico
1860 2443 2013 2488 utere

435 2535 664 2597 propter
709 2526 1048 2581 stomachum
1079 2532 1230 2579 tuum
1271 2532 1328 2578 et
1369 2523 1676 2593 frequentes
1716 2532 1837 2579 tuas
1863 2524 2013 2579 inﬁr-

438 2615 675 2671 mitates.
716 2635 735 2668 ι
772 2615 872 2682 Qui
918 2623 1096 2669 autem
1128 2612 1363 2668 modico
1410 2613 1600 2679 utitur,
1641 2615 1732 2670 hic
1773 2624 2012 2685 tempore

436 2706 724 2760 ministerii
757 2705 1006 2760 videlicet
1031 2713 1085 2758 et
1126 2703 1405 2768 doctrinm,
1436 2703 1504 2757 ab
1553 2705 1696 2758 omni
1725 2705 2010 2761 vinolentia

433 2806 492 2855 ct
520 2797 780 2856 ebrietate
811 2816 871 2856 se
895 2798 1154 2856 abstinet.
1184 2794 1444 2853 Similiter
1472 2806 1651 2851 autem
1682 2805 1737 2849 et
1761 2797 2006 2857 sacerdu.

435 2900 521 2947 tes
567 2890 622 2945 bi
649 2891 738 2960 qui
789 2890 1025 2956 student,
1074 2890 1242 2961 legem
1273 2890 1590 2944 custodient.
1624 2889 2011 2960 Propterquod

436 2995 549 3035 non
575 2981 748 3037 solum
776 2980 977 3045 Aaron,
1003 2981 1097 3036 sed
1130 2989 1185 3035 et
1212 2980 1337 3036 ﬁliis
1372 2980 1489 3049 ejus
1518 2982 1829 3037 sublimiora
1860 2983 2007 3040 vide-

435 3068 566 3124 licet
598 3069 829 3140 adeptis,
871 3071 1185 3125 mandatum
1212 3070 1317 3124 hoc
1366 3072 1546 3126 tradit.
1581 3071 1787 3127 Similia
1830 3082 2007 3129 autem

434 3157 525 3212 his
548 3165 604 3212 et
620 3156 817 3214 Paulus
840 3158 909 3214 ad
936 3159 1195 3228 Ephesios
1214 3161 1428 3228 scripsit
1455 3175 1470 3213 :
1500 3178 1521 3211 ι
1551 3159 1725 3216 Nolite
1752 3163 2005 3217 inebriari

433 3246 587 3312 vino,
612 3247 667 3301 in
687 3262 794 3317 quo
817 3256 899 3302 est
924 3247 1157 3313 luxuria,
1180 3250 1274 3303 sed
1302 3250 1472 3319 magis
1500 3250 1790 3318 implemini
1812 3252 2004 3321 spiritu

430 3337 655 3408 (Epirus.
678 3339 755 3410 v).
793 3356 812 3389 ι
846 3338 1103 3393 Hebetem
1123 3339 1319 3409 quippe
1345 3340 1579 3394 ebrietas
1605 3349 1836 3393 mentem
1885 3341 2006 3394 red-

433 3426 538 3491 dit,
567 3436 623 3480 et
651 3424 998 3481 sobrietatem
1039 3426 1154 3495 ejus
1204 3428 1259 3481 in
1307 3427 1546 3482 deterius
1575 3428 1765 3491 vertit,
1806 3438 1863 3481 ut
1897 3444 2003 3484 non

434 3520 803 3591 intelligantur
823 3535 941 3588 qum
961 3529 1209 3591 aguntur.
1239 3520 1367 3587 Qua:
1394 3520 1714 3575 testiﬁcatur
1736 3522 1904 3576 Isaias
1927 3522 2005 3576 sic

432 3611 662 3665 dicens:
700 3629 718 3662 ι
752 3609 845 3664 Vae
880 3611 969 3678 qui
1016 3611 1337 3680 eonsurgitis
1376 3626 1536 3666 mane
1575 3611 1642 3665 ad
1685 3612 2001 3667 ebrietatem

433 3702 768 3766 sectandum,
792 3709 848 3755 et
870 3703 1159 3771 potandum
1180 3716 1350 3772 usque
1374 3704 1439 3757 ad
1471 3718 1772 3773 vesperam,
1801 3710 1860 3756 ut
1877 3703 2004 3758 vino

431 3793 696 3846 :estuetis.
727 3791 963 3862 Cythera
991 3801 1046 3847 et
1085 3792 1219 3863 lyra,
1268 3800 1323 3847 et
1365 3804 1675 3864 tympanum
1707 3802 1761 3847 et
1788 3794 1916 3848 tibia
1949 3802 2006 3850 et

432 3882 618 3934 vinum
633 3881 685 3935 in
709 3882 970 3937 conviviis
994 3883 1206 3948 vestris,
1226 3890 1282 3937 et
1301 3898 1434 3953 opus
1460 3883 1672 3938 Domini
1699 3900 1804 3938 non
1831 3885 2004 3955 respi-

435 3972 576 4036 citis,
603 3988 703 4027 nec
729 3988 893 4042 opera
914 3989 1166 4028 manuum
1192 3973 1307 4041 ejus
1334 3975 1685 4030 consideratis
1712 3975 1845 4047 (Ira.
1870 3977 1946 4048 v).
1977 3996 1997 4030 ι

432 4060 536 4126 Qui
571 4068 748 4115 autem
769 4075 933 4130 opera
965 4062 1173 4117 Domini
1200 4077 1305 4117 non
1333 4062 1550 4128 vident,
1582 4065 1850 4133 quomodo
1870 4065 2003 4120 divi-

434 4155 562 4208 dere
589 4154 733 4210 inter
775 4163 960 4210 sancta
983 4165 1036 4211 et
1074 4156 1293 4226 profana
1321 4165 1413 4211 aut
1470 4159 1667 4213 munda
1694 4168 1752 4215 et
1771 4160 2005 4215 immun-

435 4248 525 4313 da,
553 4249 636 4304 vel
664 4251 932 4319 quomodo
951 4252 1223 4307 exhortari
1268 4260 1324 4307 et
1344 4252 1649 4308 illuminare
1666 4254 1917 4323 populum
1937 4255 2004 4310 de

433 4338 730 4410 Scripturis
752 4344 1011 4412 possunt?
1040 4343 1192 4400 Unde
1228 4344 1328 4398 hoc
1375 4346 1687 4400 mandatum
1724 4347 2005 4402 sublimius

431 4431 718 4487 oetendere
748 4433 987 4503 cupiens,
1016 4434 1189 4504 ipsum
1210 4436 1313 4489 hoc
1340 4437 1415 4488 ait
1445 4434 1679 4489 locutum
1710 4436 1873 4491 fuisse
1899 4437 2004 4490 Do-

2122 540 2389 615 (Hieroni)
2432 543 2618 599 Omnis
2639 545 2728 600 hic
2755 545 2906 602 locus
2947 559 3213 619 prmccpta
3241 552 3479 606 continet
3505 568 3685 609 sacer-

2119 630 2322 694 datum,
2340 634 2428 701 qui
2446 644 2564 703 post
2585 634 2748 690 multa
2772 650 2892 704 qum
2918 641 3080 708 supra
3110 643 3477 709 exposuimus,
3495 640 3688 712 juben-

2121 728 2210 774 tur
2236 720 2449 776 viduam
2475 732 2531 779 et
2552 722 2908 794 repudiatam,
2927 729 3041 784 sive
3063 731 3289 800 cjectam
3311 730 3418 786 non
3442 732 3687 805 accipere

2098 824 2337 866 ‘uxeres.
2374 812 2549 868 Vidua
2588 824 2643 869 et
2694 815 2969 886 repudiata
3017 824 3101 874 est
3135 820 3444 892 Synagoga,
3501 825 3554 878 id
3605 837 3688 880 est

2116 904 2461 972 congregatio
2490 902 2823 971 Iudaeorum,
2849 922 2967 976 quae
2996 910 3281 966 Dominum
3332 928 3436 967 non
3464 912 3683 983 recepit,

2119 992 2261 1045 unde
2300 1001 2354 1046 et
2372 999 2527 1047 recte
2554 994 2720 1064 ejecta
2761 997 2972 1062 dicitur,
3022 999 3137 1054 sive
3180 1001 3338 1054 vidua
3382 998 3682 1072 Sy’nagoga.

2121 1081 2301 1151 (Isid.)
2345 1083 2422 1136 De
2448 1098 2553 1153 qua
2595 1085 2650 1137 in
2689 1084 2830 1152 Lege
2859 1088 3116 1157 scriptum
3167 1100 3248 1145 est
3290 1089 3680 1163 (Leuit.'xm):

2125 1190 2145 1221 ‹
2177 1171 2429 1227 Scortum
2456 1182 2512 1228 et
2539 1174 2642 1229 vile
2686 1177 3037 1244 proStibulum
3076 1194 3183 1234 non
3228 1181 3385 1236 ducet
3437 1198 3682 1247 uxorem,

2120 1281 2218 1320 nec
2246 1281 2363 1321 eam
2390 1283 2509 1338 quae
2526 1270 2803 1339 repudiata
2837 1279 2922 1325 est
2941 1287 2971 1326 τι
3000 1272 3216 1338 marito,
3246 1274 3369 1342 quia
3397 1288 3682 1330 consecra-

2123 1366 2209 1413 tus
2232 1366 2316 1413 est
2352 1358 2465 1413 Deo
2494 1374 2610 1422 suo,
2657 1368 2714 1415 et
2753 1377 2921 1432 panes
2965 1365 3346 1435 propositionis
3375 1365 3548 1422 oil'ert.
3582 1365 3681 1423 ‘Sit

2119 1465 2249 1519 ergo
2269 1460 2506 1516 sanctus,
2534 1453 2658 1520 quia
2687 1462 2741 1507 et
2771 1469 2869 1525 ego
2895 1464 3117 1511 sanctus
3140 1468 3259 1511 sum
3284 1457 3560 1523 Dominus,
3590 1460 3683 1528 qui

2118 1544 2397 1600 sanetilico
2430 1554 2544 1599 ves.
2575 1560 2594 1595 ›
2630 1543 2690 1599 Si
2719 1558 2848 1616 ergo
2876 1547 3055 1601 datam
3083 1563 3112 1601 a
3136 1547 3246 1603 Deo
3275 1547 3429 1603 nobis
3452 1547 3683 1603 sanctiﬁ-

2116 1635 2382 1690 cationem
2408 1649 2507 1690 nos
2534 1635 2841 1691 sacerdotes
2867 1637 3250 1703 custodiamus,
3285 1638 3684 1694 sanctiﬁcamus

2119 1740 2214 1794 per
2240 1733 2477 1780 nostram
2499 1725 2978 1781 sanetillcationem
2994 1743 3115 1782 eum
3141 1729 3231 1798 qui
3258 1714 3477 1784 sanctus
3492 1734 3685 1784 secub-

2043 1792 2089 1851 Β
2116 1792 2240 1867 dum
2275 1821 2521 1868 naturam
2550 1822 2633 1869 est
2656 1823 2711 1869 et
2738 1815 2891 1869 nobis
2914 1792 3191 1881 duntaxat,
3232 1818 3355 1887 quia
3378 1818 3446 1870 'iu
3467 1814 3683 1873 confor-

2113 1901 2291 1956 mibus
2314 1909 2369 1957 et
2398 1902 2748 1971 participibus
2778 1902 2893 1971 ejus
2925 1905 3108 1976 gloriae
3144 1904 3312 1960 voluit
3330 1906 3678 1961 sanctiﬁcari.

2112 1989 2226 2045 Ilac
2272 1990 2745 2045 transformatione
2796 2007 2925 2047 usus
2983 2001 3084 2059 est,
3141 1994 3293 2063 quasi
3345 1993 3591 2064 ﬁgurata,
3624 2002 3683 2046 et

2113 2082 2288 2152 typice
2311 2082 2552 2153 loquens.
2592 2084 2973 2139 Verumtamen
3008 2100 3105 2140 eos
3136 2085 3251 2154 qui-
3279 2085 3683 2141 san‘ctilicantur

2112 2176 2180 2230 ab
2200 2190 2287 2241 eo,
2318 2183 2555 2230 scortum
2580 2183 2636 2230 et
2663 2176 2768 2231 vile
2793 2177 3149 2245 prostibulum
3178 2179 3374 2232 ducere
3402 2162 3508 2231 non
3547 2176 3678 2240 vult,

2111 2274 2297 2337 aperte
2318 2275 2509 2321 contra
2533 2263 2838 2322 Iudaeorum
2865 2280 3187 2338 synagogam
3214 2268 3529 2331 intendens;
3562 2281 3680 2335 qua:

2108 2357 2236 2426 quia
2258 2357 2513 2413 meretrix
2535 2363 2637 2419 est,
2667 2357 2788 2411 audi
2814 2350 3095 2411 Dbininum
3126 2356 3179 2410 in
3202 2356 3337 2410 Isaia
3360 2356 3633 2411 dicentem
3657 2374 3670 2408 :

2118 2467 2135 2499 ‹
2170 2447 2448 2512 Quomodo
2491 2446 2635 2502 facta
2668 2454 2752 2502 est
2791 2447 3050 2502 meretrix
3080 2447 3271 2501 civitas
3318 2446 3489 2500 ﬁdelis
3520 2447 3675 2505 Sinin,

2109 2538 2268 2608 plena
2311 2536 2533 2607 judicii?
2569 2536 2780 2608 justltia
2821 2536 3085 2592 habitavit
3110 2537 3169 2591 in
3195 2546 3281 2599 ea,
3310 2546 3452 2589 nunc
3498 2540 3675 2588 autem

2113 2630 2392 2685 homicith
2418 2628 2638 2703 (18ml).
2679 2647 2698 2681 ι
2730 2627 2837 2685 Sed
2861 2638 2916 2683 et
2962 2629 3018 2683 in
3063 2627 3200 2683 Osee
3232 2640 3246 2681 :
3282 2647 3301 2679 ι
3329 2628 3398 2681 Et
3435 2627 3672 2680 auferam

2112 2719 2518 2775 fornicationem
2544 2716 2660 2787 ejus
2686 2719 2739 2772 in
2769 2718 2947 2773 medio
2975 2717 3195 2786 ejus,'et
3211 2715 3531 2770 adulterium
3561 2714 3675 2784 ejus

2111 2810 2177 2868 de
2205 2810 2380 2869 medio
2407 2810 2633 2870 uberum
2671 2807 2787 2882 ejus
2821 2809 2967 2886 (Οδε.
2993 2808 3076 2884 ιι).
3107 2829 3125 2864 ι
3155 2809 3377 2883 Insuper
3406 2808 3481 2866 ‘et
3510 2806 3675 2861 David

2108 2905 2365 2974 praedicat
2390 2903 2816 2975 profanationem
2843 2902 2977 2971 ejus.
3006 2903 3096 2958 Ait
3135 2904 3277 2957 enim
3309 2903 3413 2958 Deo
3445 2918 3457 2956 :
3482 2912 3512 2953 ἰ
3540 2898 3674 2955 Pro-

2113 2994 2308 3049 fanasti
2336 2994 2389 3048 in
2419 3003 2563 3049 terra
2596 2995 2937 3049 sanctitatem
2961 2995 3098 3065 ejus,
3123 2993 3433 3048 destru’xisti
3462 3006 3674 3047 omnem

2114 3087 2408 3142 maceriam
2435 3084 2550 3155 ejus
2580 3086 2750 3158 (Psal.
2800 3087 3086 3155 Lxxxrru).
3125 3105 3142 3138 ι
3190 3083 3557 3140 Sanctiﬁcatio
3580 3094 3669 3138 au-

2112 3183 2217 3229 tem
2252 3173 2559 3229 Iudaeorum
2585 3189 2852 3245 synagoga
2893 3190 3077 3229 eorum
3122 3183 3241 3229 erat
3280 3174 3674 3244 proculdubio.

2106 3265 2162 3316 In
2190 3265 2302 3332 ipsa
2328 3264 2470 3317 enim
2500 3272 2618 3317 erat
2643 3272 2699 3318 et
2726 3264 3048 3318 sacriﬁcium
3094 3266 3445 3330 tabernaculi,
3473 3267 3528 3320 in
3568 3276 3672 3336 qua

2105 3367 2290 3407 eorum
2319 3352 2832 3407 consummabantur
2876 3354 3142 3423 legitima;
3173 3355 3286 3424 ipsa
3315 3364 3400 3410 est
3433 3362 3486 3410 et
3513 3368 3672 3426 repu-

2104 3444 2247 3497 diata
2273 3458 2303 3496 a
2330 3443 2435 3498 Deo
2459 3451 2710 3511 tanquam
2737 3458 2765 3496 a
2794 3443 2911 3497 viro
2957 3458 3075 3509 suo,
3123 3446 3213 3513 qui
3259 3445 3307 3498 ci
3332 3458 3430 3515 per
3457 3442 3672 3500 electio-

2106 3547 2229 3587 nem
2251 3532 2335 3586 vir
2361 3531 2537 3587 factus
2559 3532 2738 3587 fuerat
2769 3550 2781 3585 :
2808 3534 2901 3589 sed
2933 3533 3060 3602 quia
3087 3542 3271 3602 postea
3290 3549 3410 3588 cam
3438 3534 3677 3604 culpabi-

2103 3620 2206 3676 lem
2229 3621 2446 3690 reperit,
2468 3629 2753 3690 propterea
2771 3621 3088 3691 repudiavit.
3104 3621 3237 3688 Quia
3258 3631 3436 3677 autem
3454 3625 3672 3676 cumino

2101 3711 2274 3781 ejecta
2305 3720 2408 3775 est,
2441 3726 2625 3766 vocem
2654 3712 2777 3766 audi
2815 3728 2975 3782 quam
2998 3710 3136 3766 Osee
3160 3712 3381 3781 protulit
3411 3711 3555 3782 (Gre.
3586 3715 3669 3783 1r}.

2101 3797 2348 3854 Judicate
2393 3807 2621 3853 matrem
2662 3798 3207 3866 vestram,judicate,
3247 3800 3372 3868 quia
3405 3801 3520 3868 ipsa
3564 3812 3671 3854 non

2101 3904 2240 3944 uxor
2282 3904 2421 3952 mea,
2474 3897 2528 3943 et
2576 3903 2675 3958 ego
2710 3904 2817 3943 non
2860 3890 2943 3943 vir
2988 3888 3122 3957 ejus.
3186 3889 3324 3943 Audi
3381 3900 3583 3947 autem.
3616 3900 3671 3945 et

2098 3993 2263 4048 quam
2289 3978 2453 4034 Isaias
2480 3979 2740 4048 propheta
2771 3978 2992 4033 tradidit
3017 3995 3030 4032 :
3066 3997 3085 4031 ι
3123 3978 3218 4035 Sic
3235 3980 3367 4035 dicit
3394 3980 3669 4045 Dentium,

2101 4068 2243 4136 quod
2286 4076 2371 4122 est
2417 4067 2521 4122 hoc
2566 4068 2801 4125 libellqu
2847 4068 3054 4138 repudii
3083 4070 3277 4125 matris
3299 4080 3493 4126 vestrm
3518 4072 3672 4140 quod

2104 4159 2224 4213 misi
2253 4157 2319 4213 ad
2346 4159 2498 4213 eam?
2523 4158 2658 4231 (Ιεα.
2690 4161 2767 4232 ι..)
2803 4180 2822 4212 ι
2858 4160 2959 4215 Ubi
2983 4169 3163 4215 autem
3199 4170 3285 4215 est
3314 4162 3592 4230 repudium
3614 4172 3671 4216 et

2106 4250 2320 4315 missio;
2355 4249 2695 4305 manifestum
2723 4251 2849 4319 quia
2881 4266 3016 4305 uxor
3037 4257 3179 4314 erat,
3214 4252 3281 4304 de
3306 4266 3411 4318 qua
3448 4251 3563 4306 hmc
3583 4252 3667 4307 di-

2102 4342 2277 4395 cebat.
2307 4339 2425 4395 Non
2451 4340 2561 4395 vult
2589 4355 2717 4412 ergo
2750 4355 2868 4395 eam
2896 4353 3119 4396 uxorem
3144 4340 3479 4393 sacerdotem
3501 4340 3667 4393 duccv

2104 4448 2181 4497 re,
2214 4442 2271 4487 ut
2301 4448 2408 4487 non
2441 4432 2617 4501 aliqua
2649 4446 2834 4487 eorum
2855 4444 2974 4498 quae
3000 4429 3067 4483 ad
3094 4442 3212 4485 eam
3236 4429 3507 4497 pertinent
3530 4428 3663 4500 legi-

434 4520 640 4574 minum
666 4537 681 4585 ;
709 4522 803 4576 sed
852 4503 1065 4577 intende
1110 4524 1557 4593 quemadmodum
1606 4527 1839 4580 locutum
1882 4544 2002 4584 esse
2030 4503 2079 4561 D
2104 4521 2357 4576 timorum
2379 4521 2686 4590 ρπωόίεθηι,
2709 4532 2806 4572 nec
2831 4524 3012 4575 ιιιίιιιιῐ·
3038 4518 3118 4571 eis
3140 4517 3337 4585 quibus
3360 4516 3449 4571 illa
3480 4532 3670 4575 saeuu-

426 4609 722 4664 Dominum
770 4609 938 4682 Moysi
992 4626 1098 4666 non
1147 4628 1247 4682 per
1271 4613 1505 4684 linguam
1532 4617 1625 4670 sed
1666 4630 1763 4687 per
1784 4631 2000 4671 manum

433 4699 588 4764 dicit,
616 4707 714 4754 aut
739 4702 960 4756 omnino
985 4702 1299 4771 dignitatem
1340 4701 1475 4772 legis
1514 4706 1797 4759 ostendere
1818 4706 2002 4768 voluit,

428 4790 567 4858 quia
601 4791 849 4860 exposuit
896 4791 1112 4860 quidem
1156 4806 1275 4846 eam
1322 4791 1485 4847 Deus.
1553 4792 1784 4864 Scripsit
1825 4804 2004 4850 autem

432 4879 671 4951 Moyses,
699 4881 912 4951 excepit
953 4895 1084 4936 vero
1125 4894 1246 4938 eam
1293 4881 1406 4937 Deo
1433 4896 1554 4953 qua:
1600 4883 1857 4952 disposita
1884 4892 2009 4940 sunt

422 4970 672 5039 obruente.

468 5092 475 5099 ο
511 5077 530 5111 ε
562 5058 788 5115 Viduam
833 5070 891 5117 et
938 5060 1268 5132 repudiatam
1301 5062 1416 5118 sive
1459 5063 1687 5133 ejectam
1732 5079 1841 5119 non
1867 5066 2006 5120 acci-

440 5171 458 5200 σ
484 5149 643 5217 piant
666 5165 881 5217 uxores,
898 5152 994 5219 sed
1012 5151 1272 5221 virginem
1289 5152 1356 5206 de
1382 5154 1804 5209 semine-domus
1821 5153 2002 5209 Israel.

442 5258 475 5288 ι-
496 5238 685 5295 Sedet
704 5238 921 5307 viduam
962 5252 1085 5309 qua:
1112 5238 1454 5296 fueritvidua
1493 5257 1526 5296 a
1568 5243 1848 5298 sacerdote
1870 5246 2010 5299 acci-

440 5348 461 5379 ι
497 5330 669 5399 piens,
706 5338 764 5386 et
800 5330 1055 5400 populum
1091 5345 1268 5386 meum
1306 5332 1573 5388 docebunt
1606 5334 1737 5403 quid
1762 5334 1833 5388 sit
1862 5334 2009 5406 inter

442 5435 467 5473 ι
494 5424 737 5479 sanetum
766 5418 1119 5487 etpollutum,
1150 5427 1206 5475 et
1238 5421 1381 5475 inter
1419 5421 1675 5476 mundum
1700 5430 1758 5476 et
1778 5422 2008 5476 immun-

441 5506 936 5567 cdumosteudent
956 5508 1054 5564 eis.
1078 5509 1291 5567 Etcum
1327 5509 1489 5565 fuerit
1532 5512 1918 5576 controversia,
1950 5520 2010 5567 ut

441 5610 471 5665 ᾳ
501 5594 555 5648 in
572 5594 924 5665 Septimgnta
950 5596 1196 5657 additum
1220 5604 1324 5655 est
1369 5598 1666 5668 sanguinis,
1705 5600 1926 5654 stabunt
1954 5601 2005 5654 in

442 5703 462 5738 ι
488 5682 708 5771 jndiciis
735 5686 890 5755 meis,
903 5684 1284 5761 etjndicabunt
1305 5686 1450 5759 leges
1463 5704 1630 5745 meas.
1646 5688 1715 5744 Et
1731 5699 2000 5759 ριωαψιίι

2105 4613 2231 4667 dum
2275 4613 2508 4668 litteram
2552 4612 2858 4674 utebantur,
2889 4611 2944 4665 id
2970 4620 3082 4674 est,
3114 4618 3172 4665 ut
3199 4625 3374 4681 neque
3401 4613 3666 4669 sacriﬁcia

2107 4702 2498 4756 irrationalium
2523 4710 2580 4756 et
2602 4700 3002 4771 puriﬁeationes
3027 4701 3343 4767 sensibiles,
3376 4703 3432 4757 in
3474 4704 3671 4773 quibus

2106 4793 2458 4862 intelligibilia
2510 4794 2718 4849 credita
2772 4801 2897 4846 sunt
2946 4802 3130 4862 agant.
3178 4793 3493 4865 (Πίου-οη.)
3541 4796 3669 4851 item

2106 4883 2276 4953 ejecta
2322 4890 2501 4950 potest
2542 4881 2763 4953 intelligi
2817 4882 3192 4938 baretieorum
3236 4883 3535 4953 frequentis
3581 4888 3670 4955 qui

2111 4972 2357 5026 exierunt
2377 4986 2408 5024 a
2428 4971 2602 5035 nobis,
2622 4970 2749 5039 quia
2778 4984 2884 5023 non
2906 4979 3062 5025 erant
3083 4987 3150 5025 ex
3170 4972 3344 5028 nobis.
3368 4990 3396 5024 ς
3431 4971 3541 5027 Sed
3554 4975 3660 5027 «vir-

2110 5061 2306 5131 ginem,
2341 5061 2532 5130 inquit,
2569 5060 2636 5114 de
2663 5060 2866 5115 semine
2894 5061 3082 5116 domus
3105 5061 3297 5122 Israel,
3323 5072 3444 5130 quae
3467 5063 3668 5117 nutrita

2110 5158 2194 5205 est
2224 5152 2277 5206 in
2326 5153 2484 5207 domo
2512 5152 2624 5215 Dei,
2658 5153 2711 5207 in
2751 5153 2891 5224 Lege
2912 5162 2968 5209 et
2994 5155 3267 5224 prophetis
3289 5153 3472 5225 (Prov.
3502 5155 3599 5225 tv).
3648 5175 3666 5207 ι

2116 5241 2188 5295 De
2234 5257 2341 5310 qua
2384 5250 2441 5296 et
2483 5243 2768 5312 Apostolus
2805 5244 3080 5313 loquitur:
3110 5263 3128 5296 ι
3171 5244 3305 5299 Volo
3343 5259 3535 5300 omnes
3578 5261 3668 5300 vos

2107 5329 2367 5399 virginem
2412 5338 2654 5384 sanetam
2694 5332 2950 5387 exhibere
2985 5331 3201 5386 Christo
3229 5330 3316 5394 (Il
3343 5329 3466 5385 Cor.
3500 5332 3601 5404 at).
3626 5354 3669 5386 ιι

2107 5417 2212 5474 Ista
2248 5426 2337 5479 est
2366 5418 2523 5486 virgo
2541 5418 2617 5475 de.
2641 5435 2746 5488 qua
2774 5429 2832 5477 et
2869 5420 3001 5476 alibi
3033 5419 3167 5477 dicit
3190 5435 3370 5476 sermo

2114 5526 2133 5560 ι
2176 5508 2313 5564 Ama
2369 5507 2538 5573 illam,
2583 5516 2639 5562 et
2681 5509 2916 5571 servabit
2958 5519 3048 5572 te;
3082 5509 3361 5567 circumda
3404 5510 3578 5576 ilhtl,
3618 5521 3670 5567 et

2107 5597 2366 5655 exaltabit
2393 5606 2475 5663 te;
2516 5598 2719 5654 honora
2756 5611 2899 5661 eam,
2943 5604 3002 5657 ut
3037 5606 3089 5652 te
3123 5598 3460 5668 amplexetur
3482 5598 3669 5673 (Prov.

2104 5690 2201 5760 ιν).
2234 5709 2253 5743 ι
2295 5688 2425 5756 Qua:
2451 5687 2525 5743 sit
2545 5697 2723 5743 autem
2748 5687 2898 5757 virgo
2928 5701 3049 5756 quae
3065 5688 3294 5743 anmnda
3312 5689 3423 5755 sit,
3437 5699 3495 5745 et
3512 5704 3669 5751 suum
