2014 3098
228 153 296 180 "HS

542 155 572 183 li.
595 155 721 182 RABANl
740 155 850 183 MAURI
869 157 1031 186 AltCJlEP.
1051 158 1207 188 MOGUNT.
1227 160 1371 188 OPERUM
1390 161 1482 188 PARS
1503 161 1534 189 ll.

1787 162 1854 189 101(

224 210 358 239 urstodiat
374 215 540 244 amatorem,
554 212 621 240 sciet
633 212 680 247 qui
700 212 764 241 illud
782 212 894 249 legerit:
909 224 918 241 ι
936 215 1010 243 [Iano
1024 216 1050 246 Α
1061 217 1191 252 scriptum
1206 222 1249 246 est
1263 227 1270 244 :
1285 227 1294 243 ε
1309 217 1471 246 Sacerdotes
1483 218 1510 246 in
1524 218 1626 255 templo
1640 223 1785 247 sanaatum
1796 221 1855 248 vio-

225 256 306 285 dilexi
321 260 349 285 et
368 256 478 291 quaesivi
496 256 529 284 ab
551 256 731 285 adolescentia
755 266 830 291 mea,
852 264 881 287 et
899 261 1011 295 quaesivi

224 311 350 338 sponsam
369 303 468 331 ducere
491 303 569 335 mihi,
591 307 619 332 et
639 308 745 332 amator
766 305 804 333 fui
828 306 933 334 decoris
954 306 1013 341 ejus

224 349 302 385 (Sep.
322 349 392 387 vnt).
410 360 420 378 ι
446 350 479 379 Et
502 351 624 379 iterum:
653 360 663 377 ι
679 352 713 380 Et
736 353 857 381 omnium
882 354 1011 382 Dominus

224 393 317 422 dilexit
344 402 414 423 eam.
443 405 452 422 ι
480 395 538 424 Non
567 396 654 424 solum
679 403 769 426 autem
786 400 916 435 virginem
931 420 939 433 ,
964 400 1011 428 sed

223 445 252 467 et
271 440 378 475 viduam
390 441 470 468 debet
490 442 616 470 sacerdos
642 443 757 477 ducere,
782 452 842 479 quae
864 450 953 474 tamen
975 447 1012 474 al-

224 486 309 514 terius
335 487 483 515 sacerdotis
502 495 571 515 uxor
593 485 675 515 fuerit
697 498 703 515 :
722 489 863 517 scientiam
889 491 1011 523 videlicet

222 539 302 566 quam
318 531 388 559 alios
409 532 455 559 Dei
468 532 557 559 cultor
577 533 720 561 invenerit.
737 534 830 569 Neque
849 535 921 564 enim
942 544 1010 564 nova

223 582 328 606 tantum
343 580 463 606 contenti
478 579 606 608 debemus
616 588 678 608 esse
690 580 822 614 doctrina,
840 583 886 610 sed
897 588 924 610 et
936 590 1010 611 vete-

223 631 280 651 rem
292 625 428 657 excolere,
443 630 470 652 et
483 631 576 653 nostro
589 626 703 661 jungere
713 628 864 661 comitatui,
884 629 905 656 si
921 634 1010 656 tamen

223 670 250 696 in
262 678 339 698 sacro
354 670 425 698 cultu
438 671 519 698 luerit
533 673 648 699 erudita.
665 672 820 700 Sacerdotis
829 681 936 709 quoque
953 675 1011 702 0th-

221 716 294 744 t'illtn
312 721 354 745 est
367 718 464 744 docere
476 717 618 752 populum,
632 719 696 753 quid
713 719 749 746 sit
765 719 835 746 inter
848 724 969 747 sanctum
984 724 1011 747 et

221 761 362 797 pollutum,
375 762 445 789 inter
458 763 587 790 mundum
602 767 629 791 et
642 764 820 797 immundum,
837 769 866 792 ut
876 765 950 798 prius
966 773 1010 792 re-

220 806 340 834 feramus
355 807 389 835 ad
403 807 540 843 dogmata,
565 809 712 837 secundum
726 810 758 835 ad
776 818 856 844 opt‘ra
879 819 938 844 quae
964 819 1012 845 per

219 859 329 879 carnem
346 852 509 881 eﬂiciuntur.
539 863 548 880 ι
577 854 677 882 Delicta
699 856 769 881 enim
789 856 849 890 quis
864 856 1010 891 intelligit?

1063 265 1127 297 lant,
1151 271 1180 293 et
1200 267 1301 302 absque
1315 267 1392 302 culpa
1408 271 1484 299 sunt,
1502 274 1555 295 non
1574 267 1717 295 sabbatum
1730 267 1792 300 Dei,
1807 267 1855 295 sed

1062 312 1205 339 sabbatum
1220 312 1336 344 litterze,
1352 314 1495 340 sabbatum
1507 312 1679 346 Judteorsm,
1693 314 1765 348 quod
1780 319 1854 342 recte

1062 357 1174 389 violant,
1186 357 1232 392 qui
1244 361 1307 385 sunt
1318 365 1404 392 genus
1418 358 1544 391 electum,
1558 358 1660 393 regale,
1673 359 1852 387 sacerdotale.

1062 402 1146 430 Porro
1160 403 1301 430 sabbatum
1314 403 1385 438 quod
1396 403 1594 432 sanctiﬁcatum
1607 409 1658 435 est,
1674 404 1740 432 illud
1755 405 1853 432 intelli-

1060 455 1156 483 gamus
1178 449 1250 484 quod
1268 453 1296 476 et
1317 449 1461 484 Apostolus
1489 451 1569 478 docet
1594 451 1717 478 relictum
1732 459 1852 486 essepo—

1062 494 1123 529 pulo
1139 494 1197 526 Dei,
1210 495 1243 522 de
1257 503 1311 530 quo
1325 495 1424 522 dicitur
1443 504 1450 522 :
1469 505 1479 521 ι
1496 495 1525 523 Si
1540 496 1678 523 intrabunt
1688 497 1715 524 in
1731 498 1850 531 requiem

1061 544 1149 565 meam
1161 538 1247 572 (Psal.
1259 538 1344 574 xctv),
1362 549 1371 565 ι
1389 540 1460 574 quod
1467 539 1599 567 Hebraice
1609 541 1749 569 sabbatum
1763 542 1851 569 nomi-

1061 587 1152 610 natur.
1176 583 1334 611 Satictilicat
1358 588 1447 612 autem
1470 584 1613 612 sabbatum
1638 586 1703 618 Dei,
1725 587 1772 621 qui
1797 594 1849 613 non

1060 632 1149 662 portat
1163 635 1233 655 onus
1249 629 1352 663 peccati
1373 629 1400 656 in
1416 630 1542 658 sabbato:
1566 638 1618 657 nec
1636 631 1723 658 dicit:
1744 640 1754 656 ι
1774 630 1850 659 Sicut

1060 680 1129 700 onus
1143 681 1225 709 grave
1238 678 1357 709 gravata:
1371 680 1434 701 sunt
1447 683 1529 710 super
1541 683 1583 702 me
1597 674 1684 710 (Psal.
1703 676 1820 711 xxxv").
1837 686 1847 703 ι

1061 718 1112 752 Qui
1126 719 1187 746 talis
1198 724 1239 746 est
1255 727 1307 746 non
1319 719 1421 755 colligit
1434 720 1506 755 ligna
1518 720 1544 747 in
1557 721 1679 754 sabbato,
1694 729 1744 749 nec
1759 730 1849 757 super-

1060 764 1176 792 mdiﬂcat
1188 765 1364 793 fundamento
1375 765 1439 794 Iesu
1452 766 1552 794 Christi
1569 767 1594 801 (I
1607 766 1667 795 Cor.
1683 768 1723 803 ιιι)
1733 788 1741 800 ,
1758 768 1846 804 ligna,
1890 797 1899 802 _

1061 809 1165 843 fenum,
1185 811 1309 845 stipulam
1330 819 1337 838 :
1353 819 1403 838 nec
1416 812 1539 839 accendit
1553 813 1642 847 ignem
1659 813 1704 847 qui
1726 814 1846 840 inutilem

1062 860 1202 884 consumat
1216 857 1368 888 materiam,
1380 861 1408 885 et
1420 857 1463 885 die
1477 858 1580 885 sabbati
1597 859 1623 885 in
1638 867 1693 886 uno
1707 864 1848 894 permanet

220 897 306 931 (Ptol.
322 898 411 934 xvm.)
439 908 448 925 ι
469 899 503 926 Ει
516 906 577 926 cum
593 899 673 927 fuerit
687 889 870 927 controversia
888 901 920 927 de
936 889 1008 929 οιιιιιί
1025 889 1046 918 Β
1061 902 1128 929 loco.
1144 902 1199 930 Nec
1209 902 1283 930 foras
1292 903 1442 938 egreditur,
1454 903 1501 931 sed
1512 905 1587 938 quasi
1601 889 1728 933 columna
1737 903 1765 931 in
1780 909 1847 932 tem-

219 951 261 976 re,
284 943 353 976 sive,
368 948 399 971 ut
421 943 597 980 Septuaginta
625 946 834 978 transtulerunt,
859 948 1007 982 sanguinis,

219 988 271 1016 hoc
284 993 326 1016 est
336 1009 344 1021 ,
358 990 430 1024 quod
447 990 480 1017 ad
504 991 617 1018 mortale
632 991 749 1026 pertinet
763 992 865 1019 crimen
877 1013 886 1024 ,
900 993 1009 1021 stabunt

218 1033 375 1061 sacerdotes
396 1033 424 1061 in
438 1034 548 1070 judiciis
565 1036 644 1068 meis,
663 1040 691 1063 ut
705 1044 758 1063 non
768 1036 892 1071 judicent
909 1046 1013 1084 sccun-ir

219 1077 282 1105 dum
293 1077 435 1111 honorem,
450 1087 500 1107 nec
512 1081 647 1115 accipiant
657 1089 801 1115 personam
814 1083 941 1117 pauperis
951 1077 1008 1112 sivé

218 1122 311 1151 divitis
324 1124 351 1153 in
359 1123 476 1158 judicio,
496 1126 544 1154 sed
560 1131 632 1155 stent
646 1127 673 1155 in
681 1127 792 1162 iudiciis
805 1129 863 1162 Dei,
877 1134 904 1157 et
920 1138 1008 1158 recor-

217 1168 317 1196 dentur
333 1169 405 1197 illius
419 1170 514 1206 psalmi
528 1180 535 1199 :
555 1181 564 1198 ι
582 1172 652 1201 Deus
664 1174 740 1202 stetit
757 1174 784 1202 in
796 1181 932 1211 synagoga
944 1177 1007 1205 deo-

218 1221 289 1246 rum,
301 1214 327 1241 in
343 1215 432 1244 medio
445 1221 534 1245 autem
552 1218 618 1246 deos
632 1219 761 1255 dijudicat
774 1220 860 1256 (Ρεαι.
873 1223 977 1258 um),
995 1233 1004 1250 ι

218 1259 284 1286 deos
303 1260 441 1295 appellans
461 1262 508 1296 qui
532 1263 631 1291 habent
643 1264 782 1299 judicandi
801 1267 834 1294 de
853 1267 1006 1296 hominibus

217 1308 376 1339 potestatem
386 1325 394 1338 ,
408 1306 454 1341 qui
470 1307 497 1334 in
510 1315 563 1342 quo
573 1308 676 1343 judicio
687 1309 869 1344 iudicaverint
878 1332 886 1345 ,
899 1311 1005 1347 judica-

216 1350 290 1378 tiitur
312 1351 396 1379 decis
410 1352 517 1388 (Matth.
541 1354 601 1390 vn).
626 1364 637 1381 «
665 1355 761 1392 Leges,
778 1357 875 1392 inquit,
892 1365 966 1385 meas
978 1363 1006 1385 et

217 1399 351 1430 prmpta
372 1404 433 1424 mea
449 1398 477 1424 in
494 1400 619 1427 omnibus
633 1401 851 1429 solemnitatibus
871 1403 938 1430 meis
956 1410 1003 1430 cu-

216 1439 349 1473 stodient;
369 1450 379 1467 ι
396 1446 426 1468 ιιι
454 1443 541 1471 sciant
565 1446 700 1480 quomodo
725 1447 803 1476 nobis
820 1448 945 1476 Christus
957 1457 1004 1484 pa-

216 1484 280 1512 scha
303 1486 339 1514 sit
354 1485 523 1522 immolatus;
539 1491 673 1524 quomodo
692 1496 796 1526 septem
821 1493 1003 1522 hebdomadas

216 1530 328 1564 implere
345 1531 490 1560 debeamus
502 1534 591 1568 gaudii
602 1539 683 1569 atque
693 1536 803 1570 lzetitize,
821 1542 849 1565 et
861 1538 1003 1567 bumiliare

216 1578 322 1606 animas
329 1583 435 1607 nostras
447 1580 472 1607 in
480 1580 593 1616 jejunio,
606 1582 813 1618 clangoremque
823 1584 948 1613 tubarum
960 1586 1001 1613 in-

217 1622 347 1658 telligere,
359 1628 384 1651 et
397 1626 570 1661 scenopegias
584 1627 999 1663 spiritales,inquibusdicimus:

220 1677 230 1694 ε
247 1667 358 1697 Advena
370 1678 429 1697 sum
444 1678 494 1707 ego
508 1676 536 1699 et
548 1673 706 1708 peregrinus
717 1675 787 1702 sicut
802 1683 896 1703 omnes
910 1682 1003 1711 patres

214 1713 436 1751 mei(Gan.ntu;
451 1716 673 1754 Psal.xxxvrtl).i
687 1719 734 1747 Hae
741 1725 803 1748 sunt
817 1729 888 1749 verte
901 1722 1000 1750 solem-

214 1761 314 1790 nitates
328 1770 396 1797 quas
416 1765 625 1799 eonsequentius
644 1767 704 1800 quis
724 1766 936 1796 Pcntateuchum
950 1769 1002 1796 dis-

213 1814 307 1835 serens
325 1808 555 1844 interpretabitur.
576 1811 666 1838 Prima
682 1812 768 1840 virtus
782 1818 823 1841 est
840 1815 999 1848 sacerdotis,

213 1860 266 1880 non
282 1857 384 1881 tantum
402 1855 499 1882 docere
515 1863 575 1890 qua:
589 1858 709 1890 noverit,
730 1859 777 1886 sed
791 1867 884 1887 omnes
902 1861 948 1888 Dei
961 1861 1000 1888 fe-

211 1897 345 1926 stivitates
357 1900 507 1932 custodire,
521 1905 552 1928 ut
566 1902 650 1936 possit
664 1903 724 1931 aliis
741 1908 817 1931 custo
829 1905 913 1933 ficnda
929 1914 998 1941 prae-

211 1951 227 1970 c
238 1950 312 1977 pere,
326 1951 386 1978 quae
399 1948 426 1971 et
436 1944 493 1979 ipse
506 1945 700 1974 observaverit.
717 1948 891 1976 Sacerdotum
909 1955 997 1978 autem

211 1995 271 2015 esse
284 1988 400 2016 ollcium
420 1989 486 2024 legis
508 1991 608 2019 habere
622 1993 755 2027 notitiam,
779 2001 806 2023 et
825 1996 852 2022 in
867 1996 997 2024 Malachia

210 2034 360 2067 discimus,
382 2035 428 2069 qui
450 2036 511 2062 ait:
533 2045 543 2061 σ
570 2037 652 2065 Labia
675 2041 822 2068 sacerdotis
847 2044 999 2072 custodicnt

211 2079 363 2111 scientiam,
382 2084 407 2107 et
427 2080 511 2115 legem
528 2082 666 2116 requirent
677 2091 710 2111 ex
723 2093 770 2113 ore
785 2086 853 2120 ejus,
869 2089 931 2123 quia
947 2097 996 2117 an-
1009 2105 1028 2124 δ.

210 2124 286 2159 gelus
296 2124 401 2151 Domini
416 2126 582 2153 exercituum
597 2131 648 2154 est.
667 2138 677 2154 ι

247 2180 257 2196 ο
280 2171 313 2198 Et
331 2171 444 2199 sabbata
461 2180 520 2199 mea
532 2173 748 2202 sanctiﬁcabunt.
764 2176 796 2203 Et
813 2177 846 2204 ad
861 2183 995 2207 mortuum

1057 947 1102 981 plo
1114 948 1161 975 Dei
1178 948 1281 982 positus
1297 952 1448 983 permanet,
1462 955 1544 983 super
1555 956 1608 983 quo
1618 948 1738 977 Joannes
1752 949 1846 977 scribit

1058 993 1084 1019 in
1097 992 1256 1028 Apocaiypsi
1270 1001 1277 1020 :
1293 1003 1302 1019 ‹
1318 993 1368 1027 Qui
1381 993 1485 1026 vicerit,
1497 993 1594 1021 faciam
1607 993 1680 1020 illum
1691 995 1844 1021 columnam

1058 1038 1084 1065 in
1100 1038 1198 1073 templo
1212 1038 1259 1065 Dei
1275 1038 1345 1071 mei,
1363 1043 1391 1066 et
1404 1038 1476 1066 foras
1491 1046 1544 1065 non
1558 1039 1716 1072 egredietur
1731 1039 1845 1073 amplius

1058 1083 1150 1118 (Apoc.
1176 1083 1228 1119 lu).
1254 1093 1264 1109 ι
1280 1084 1410 1119 Quodque
1425 1084 1548 1120 sequitur
1562 1093 1568 1111 :
1587 1094 1597 1110 ‹
1616 1085 1649 1111 Et
1663 1085 1697 1112 ad
1708 1090 1844 1112 mortuum

1057 1129 1192 1157 hominem
1213 1137 1267 1157 non
1290 1129 1476 1165 ingredientur
1494 1138 1528 1158 ne
1550 1131 1715 1166 polluantur,
1735 1131 1844 1165 proprie

1056 1174 1231 1203 sacerdotalis
1257 1175 1337 1203 ollicii
1362 1180 1419 1208 est,
1438 1176 1580 1204 morticina
1605 1183 1659 1204 non
1673 1181 1801 1212 tangere,
1815 1181 1843 1203 ut

1055 1221 1101 1255 qui
1118 1228 1167 1255 pro
1189 1221 1303 1248 aliorum
1320 1221 1394 1249 vitiis
1415 1222 1595 1257 deprecatur,
1619 1222 1678 1257 ipse
1698 1222 1732 1249 ad
1757 1222 1841 1249 altare

1056 1266 1171 1293 mundus
1183 1266 1304 1294 accedat.
1318 1266 1356 1294 De
1372 1266 1470 1301 quibus
1483 1267 1597 1294 mortuis
1608 1287 1616 1298 .
1630 1272 1659 1295 et
1671 1266 1795 1295 Salvator
1807 1267 1843 1294 lo-

1055 1311 1184 1346 quiturin
1199 1311 1343 1347 Evangelio
1358 1321 1364 1339 :
1380 1321 1390 1338 ι
1406 1312 1515 1339 Dimitte
1525 1317 1657 1345 mortuos,
1669 1316 1700 1340 ut
1713 1312 1842 1347 sepeliant

1055 1362 1176 1385 mortuos
1195 1365 1259 1386 suos
1274 1357 1382 1393 (Matth.
1400 1357 1472 1394 vin).
1493 1368 1501 1384 ι
1519 1358 1564 1385 lsti
1580 1358 1800 1385 contaminamur
1814 1357 1841 1385 in

1054 1408 1132 1438 patre
1150 1407 1271 1436 mortuo,
1288 1404 1396 1439 quando
1411 1404 1565 1440 relinquunt
1581 1408 1731 1432 creatorem
1751 1411 1839 1436 suum,

1054 1452 1081 1476 et
1101 1449 1128 1476 in
1143 1453 1230 1477 matre
1242 1453 1347 1477 mortua
1367 1450 1400 1477 de
1413 1449 1532 1478 Ecclesia
1551 1449 1718 1477 recedentes.
1737 1449 1766 1477 In
1786 1449 1839 1477 lilio

1054 1501 1160 1529 quoque
1170 1498 1198 1522 et
1210 1493 1274 1527 lilia,
1295 1496 1366 1529 quod
1384 1495 1456 1522 aliud
1470 1495 1503 1522 ad
1515 1495 1705 1530 cogitationes,
1721 1495 1793 1522 aliud
1806 1495 1839 1523 ad

1054 1545 1137 1572 opera
1160 1538 1287 1573 pertinet.
1313 1539 1388 1572 Quod
1412 1539 1608 1574 significantius
1627 1538 1722 1566 Grece
1742 1539 1838 1567 dicitur

1054 1585 1087 1611 τὰ
1099 1585 1177 1613 ναητὰ
1186 1586 1229 1611 καὶ
1241 1584 1359 1613 αἰσθητὰ.
1370 1584 1494 1611 Fratrem
1505 1592 1612 1619 quoque
1622 1589 1650 1612 et
1662 1592 1784 1612 sororem
1794 1585 1838 1620 qui

1053 1629 1148 1657 eodem
1172 1633 1282 1657 renatus
1299 1633 1342 1656 est
1361 1629 1475 1664 spiritu,
1499 1630 1521 1657 si
1542 1631 1678 1665 putaverit
1693 1635 1838 1663 mortuum,

1052 1674 1252 1701 contaminatur
1263 1674 1289 1700 in
1303 1682 1345 1701 eo.
1361 1674 1398 1701 Ita
1414 1674 1547 1702 duntaxat
1560 1675 1583 1702 si
1594 1683 1674 1703 soror
1685 1675 1764 1711 virgo
1777 1683 1838 1710 per-

1052 1719 1195 1750 manserit,
1220 1726 1271 1747 nec
1291 1719 1373 1746 ullius
1392 1719 1443 1746 viri
1469 1720 1602 1748 maculata
1623 1720 1774 1755 complexu.
1799 1720 1835 1747 Ex

1051 1765 1149 1800 quibus
1163 1765 1337 1800 intelligimus
1352 1765 1521 1801 privilegium
1539 1765 1686 1802 virginale,
1704 1768 1776 1801 quod
1790 1774 1837 1794 cu-

1048 1809 1158 1844 juslibet
1174 1809 1226 1837 viri
1246 1814 1385 1838 contactus
1401 1810 1547 1845 perfectam
1560 1810 1664 1838 auferat
1680 1812 1837 1846 puritatem.

1050 1855 1115 1887 Quae
1128 1859 1219 1882 utrum
1238 1860 1311 1882 recte
1325 1863 1501 1890 perperamve
1516 1856 1588 1883 dicta
1606 1857 1660 1883 sint
1672 1856 1781 1884 lectoris
1795 1865 1836 1884 ar-

1050 1900 1133 1928 bitrio
1148 1900 1341 1935 relinquamus.
1360 1901 1469 1928 Natura).
1487 1908 1594 1936 quoque
1608 1909 1689 1936 super
1703 1902 1755 1929 hoc
1773 1910 1839 1937 pro-

1049 1945 1130 1972 batur
1144 1944 1265 1977 aﬂ'ectus,
1278 1949 1307 1972 ut
1321 1946 1416 1973 ordine
1433 1946 1574 1974 charitatis
1588 1946 1665 1979 juxta
1679 1948 1750 1981 quod
1765 1947 1835 1975 scri-

1049 1995 1124 2025 ptum
1138 1994 1180 2018 est
1194 1998 1201 2017 :
1219 1999 1229 2016 ι
1246 1990 1375 2018 Ordinate
1389 1991 1417 2018 in
1432 1999 1475 2019 me
1488 1992 1647 2019 cliaritatem
1660 1992 1749 2028 (Cant.
1762 1992 1805 2029 II),
1822 2002 1831 2019 ι

1048 2040 1110 2070 post
1124 2043 1213 2063 rerum
1226 2039 1366 2070 parentem
1379 2036 1473 2069 Deum,
1487 2037 1577 2064 carnis
1588 2045 1695 2072 quoque
1704 2042 1782 2073 pater
1791 2038 1833 2066 di-

1048 2081 1163 2115 ligatur.
1178 2085 1206 2107 et
1217 2084 1319 2113 mater,
1333 2080 1404 2108 illius
1420 2085 1448 2109 et
1466 2082 1530 2114 ﬁlia,
1550 2082 1634 2109 frater
1646 2087 1674 2110 et
1685 2091 1780 2116 θοι-ον,
1795 2083 1832 2111 ita

1048 2127 1179 2153 duntaxat
1195 2126 1218 2153 si
1244 2126 1276 2153 de
1305 2126 1385 2154 domo
1409 2134 1463 2154 non
1479 2127 1586 2161 exierit,
1604 2135 1653 2155 nec
1670 2128 1697 2156 in
1723 2128 1833 2156 alterius

1049 2171 1188 2199 transierit
1212 2175 1384 2206 potestatem.
1416 2171 1560 2206 Postquam
1584 2177 1673 2200 autem
1705 2174 1833 2201 sacerdos

212 2225 222 2241 ε
245 2216 381 2244 hominem
398 2226 449 2245 non
470 2217 655 2253 ξηειιράίθηιυτ
668 2228 702 2248 ηε
716 2221 880 2257 polluantur,
896 2225 947 2252 nisi
961 2227 994 2254 ad
1009 2234 1034 2263 Β
1048 2215 1129 2263 fuerit
1148 2217 1309 2245 emundatus
1329 2216 1525 2251 puriﬁcationis
1539 2218 1633 2246 ordine
1651 2227 1711 2253 qua:
1729 2219 1755 2246 in
1775 2219 1833 2254 lege

210 2272 220 2288 ‹
244 2268 348 2298 patrem
362 2268 389 2291 et
401 2268 528 2297 matrem,
543 2265 626 2292 lilium
640 2271 667 2294 et
681 2266 775 2301 ﬁliam,
792 2268 902 2297 fratrem
913 2277 940 2298 et
951 2280 996 2299 so-

215 2319 225 2334 ‹
249 2317 336 2337 rorem
348 2330 355 2342 ,
372 2317 432 2345 quas
446 2311 533 2337 virum
549 2319 601 2339 non
618 2312 728 2345 habuit,
747 2314 772 2341 in
789 2315 886 2349 quibus
900 2322 995 2345 conta-

212 2362 222 2379 ι
243 2353 405 2381 "rimabatur.
427 2354 460 2381 Et
473 2359 615 2390 postquam
631 2357 710 2384 fuerit
728 2359 872 2387 mundatus
891 2366 993 2396 septem

211 2408 220 2423 ι
243 2398 301 2425 dies
317 2399 532 2427 numerabuntur
550 2401 586 2427 ei.
608 2401 641 2428 Et
656 2402 682 2429 in
701 2402 744 2430 die
765 2403 892 2432 introitus
911 2407 952 2434 sui
966 2407 993 2435 in

212 2452 222 2468 ι
246 2442 446 2474 sanctuarium,
462 2448 490 2470 et
506 2444 539 2470 ad
554 2446 653 2473 atrium
675 2446 788 2475 interius
803 2453 833 2476 ut
857 2449 994 2479 ministret

213 2497 222 2513 ι
245 2486 311 2514 mihi
330 2487 356 2513 in
382 2488 552 2521 sanctuario,
567 2490 664 2518 offeret
685 2499 735 2526 pro
751 2498 862 2527 peccato
881 2503 929 2522 suo
942 2497 994 2523 Do-

210 2541 220 2558 ε
243 2532 318 2559 mino
331 2531 387 2558 Deo
397 2551 404 2563 ,
423 2531 479 2559 sive
493 2532 586 2560 olferet
605 2534 792 2569 placationem.
807 2538 864 2565 Non
876 2540 928 2567 erit
942 2549 991 2567 au-

209 2588 218 2604 α
242 2581 298 2606 tem
310 2577 350 2605 eis
369 2577 525 2606 luet-editas.
540 2578 596 2612 Ego
612 2580 755 2610 hmreditas
767 2591 870 2616 eorum,
886 2589 913 2612 et
927 2594 990 2621 pos-

209 2634 218 2650 α
243 2624 377 2651 sessiones
390 2631 444 2650 non
459 2623 558 2651 dabitis
575 2625 602 2651 in
621 2624 712 2653 lsrael.
729 2628 784 2663 Ego
796 2631 931 2664 possessio
945 2639 991 2659 eo-

207 2679 217 2694 ι
241 2677 309 2696 rum.
331 2678 341 2695 ι
358 2668 453 2696 Adhuc
466 2670 653 2697 sacerdotibus
664 2673 836 2708 praccipitur,
851 2675 876 2702 in
893 2677 990 2710 quibus

206 2715 402 2743 observandum
413 2714 485 2751 quod
496 2722 549 2743 non
560 2716 659 2743 dixerit
671 2717 806 2746 absolute:
819 2720 866 2747 «Et
880 2722 990 2750 sabbata

204 2760 420 2794 mnetillcabunt,
433 2770 443 2787 ι
466 2761 509 2788 vel
522 2760 600 2796 juxta
622 2762 718 2790 Isaiam
733 2772 740 2790 :
759 2773 769 2790 ς
784 2764 943 2794 Neomenias
963 2772 990 2795 et

204 2805 315 2834 sabbata
334 2811 425 2834 vestra
441 2806 497 2834 odit
511 2807 601 2835 anima
618 2816 677 2836 mea
694 2809 761 2845 (Ira.
777 2811 820 2844 ι),
842 2821 851 2836 ι
868 2811 914 2839 sed
928 2820 988 2839 cum

206 2850 386 2884 distinctione,
415 2852 522 2880 sabbata
548 2861 615 2882 mea.
646 2855 723 2884 Unde
748 2861 773 2883 et
796 2857 822 2883 in
845 2856 990 2894 Evangelia

1048 2262 1163 2290 Mosaica
1179 2263 1332 2297 conscripta
1349 2267 1407 2296 est,
1428 2268 1531 2299 septem
1546 2265 1604 2292 dies
1620 2266 1832 2294 numerabantur

1046 2307 1081 2339 ei,
1096 2307 1137 2334 vel
1150 2306 1287 2342 perlectus
1299 2315 1428 2336 numerus
1440 2309 1628 2343 paenitudinis,
1643 2310 1683 2337 vel
1698 2315 1760 2345 post
1767 2319 1831 2338 con-

1045 2352 1252 2380 summationem
1267 2353 1376 2386 mundi,
1396 2354 1506 2388 quando
1520 2355 1554 2381 ad
1575 2362 1664 2382 veram
1684 2356 1831 2384 transimus

1045 2397 1180 2429 ὀκτώαδιν.
1207 2401 1238 2424 ut
1250 2397 1367 2425 inu'oeat
1391 2403 1484 2426 κνοω
1517 2404 1681 2433 sanctorum,
1710 2401 1762 2429 hoc
1789 2406 1830 2430 at

1043 2442 1114 2469 enim
1133 2443 1245 2470 interius
1264 2444 1373 2475 atrium,
1394 2448 1421 2471 et
1443 2445 1530 2479 possit
1544 2446 1703 2474 ministrare
1724 2447 1752 2474 in
1768 2455 1830 2475 san-

1044 2488 1158 2521 ctuario,
1180 2493 1208 2516 et
1229 2496 1335 2524 semper
1347 2489 1445 2517 oll‘erre
1463 2498 1512 2524 pro
1529 2495 1641 2525 peccato
1658 2493 1829 2520 conscientiae

1044 2534 1182 2561 victimam
1195 2553 1202 2565 ,
1217 2541 1268 2561 nee
1282 2534 1364 2561 ullum
1380 2539 1485 2569 tempus
1498 2536 1546 2567 sit,
1562 2543 1615 2570 quo
1633 2543 1686 2563 non
1701 2537 1827 2565 recorde-

1044 2583 1088 2606 tur
1107 2579 1270 2606 maculatum
1285 2587 1314 2606 se
1333 2578 1417 2607 fuisse
1436 2587 1516 2614 super
1530 2584 1605 2614 patre
1622 2585 1759 2615 etmatre,
1774 2582 1827 2609 lilio

1042 2629 1070 2652 et
1085 2624 1154 2657 ﬁlia,
1171 2625 1253 2652 fratre
1269 2630 1297 2652 ct
1314 2632 1417 2653 sorore.
1439 2625 1520 2653 Multa
1534 2627 1632 2662 quippe
1647 2625 1738 2655 facere
1754 2636 1826 2656 eom-

1041 2670 1169 2705 pellimur
1196 2670 1223 2697 in
1247 2670 1338 2698 szeculi
1362 2670 1441 2706 hujus
1459 2672 1590 2706 angustiis
1612 2673 1766 2707 constituti,
1786 2672 1824 2701 vd

1041 2714 1198 2742 conditione
1210 2715 1308 2747 carnis,
1325 2715 1366 2743 vel
1383 2716 1526 2752 fragilitate
1542 2721 1656 2745 natura.
1671 2718 1722 2752 Qui
1736 2723 1824 2747 autent

1040 2759 1103 2786 talis
1116 2759 1253 2787 exstiterit
1273 2764 1303 2786 ut
1319 2760 1454 2788 ministret
1468 2760 1494 2788 in
1509 2763 1674 2795 sanctuarii),
1685 2768 1714 2791 et
1727 2764 1823 2792 atrium

1042 2804 1209 2839 ingrediatur
1226 2805 1351 2837 interius,
1372 2810 1399 2833 et
1413 2805 1510 2834 onerat
1526 2814 1632 2843 semper
1650 2808 1705 2836 Deo
1719 2810 1821 2837 sacriﬁ-

1041 2851 1123 2884 cium,
1142 2850 1178 2878 ita
1193 2855 1224 2878 ut
1237 2858 1317 2879 verus
1330 2851 1364 2880 sit
1376 2853 1513 2887 sacerdos,
1524 2853 1577 2882 imo
1588 2854 1710 2883 imitator
1723 2857 1782 2890 dus
1791 2857 1821 2884 ds
