4028 6196
339 329 478 385 101⁸1

1212 324 1566 380 ClMMiINT.
1610 324 1675 380 ιτ(
1709 322 2166 381 EZEClllELEM.
2206 352 2275 367 -ιο
2311 322 2438 383 LIB.
2481 322 2664 382 XVlll.

3457 326 3597 385 tota

336 433 1909 512 quosaiptsmestu'l‘uessacerdosiuazteruumse-

2019 449 2135 504 qua:
2164 434 2409 504 principii.
2445 433 2605 491 lusus
2641 436 2915 494 invenitur
2938 451 3063 495 esse
3102 438 3400 511 ,ια-σθω,
3435 450 3499 497 ut
3527 442 3599 501 αδ

334 529 574 585 eundum
618 525 866 581 ordinem
911 523 1302 581 Melchisedech
1344 521 1519 597 (Prol.
1549 523 1691 596 clx),
1742 544 1761 577 ι
1815 525 1919 580 iste

336 619 541 677 nullam
561 618 779 674 habebit
799 616 1193 682 hmreditatem,
1224 616 1329 671 nisi
1360 617 1553 682 Deum,
1581 617 1672 687 qui
1698 624 1783 672 est
1808 617 1920 672 ha:—

336 712 542 767 reditas
584 708 723 780 eius.
766 707 880 764 Nec
918 708 1148 777 accipiet
1183 706 1581 776 possessionem
1631 708 1687 762 in
1729 707 1914 770 Israel.

336 803 442 859 hoc
477 809 563 856 cst
598 800 739 856 inter
766 798 957 870 vulgus
985 797 1217 872 ignobile
1237 837 1253 863 ,
1278 798 1374 855 sed
1408 797 1820 863 sacerdotalem,
1856 806 1917 852 ιιι

336 891 484 946 dicat
522 890 588 948 de
614 903 682 947 eo
707 889 987 945 Dominus.
1032 907 1051 940 t
1095 889 1209 957 Ego
1229 905 1348 946 sum
1387 890 1708 955 ineruditos;
1743 908 1764 941 ι
1807 897 1866 945 et
1900 907 1913 944 :

342 1000 363 1036 t
397 983 512 1052 Ego
534 982 804 1054 possessio
830 996 1039 1038 eorum.
1078 1001 1099 1036 ι
1134 982 1304 1050 Quem
1331 997 1456 1038 cum
1480 983 1807 1049 invenerint,
1834 983 1917 1039 lo-

334 1082 575 1144 quentur
595 1088 662 1129 ac
695 1074 879 1129 dicent
914 1086 930 1127 :
966 1091 985 1125 t
1020 1072 1239 1129 Tenebo
1279 1088 1403 1128 eum
1429 1080 1486 1128 et
1514 1088 1622 1128 non
1645 1073 1917 1149 dimittam

336 1162 520 1235 (Cant.
550 1163 657 1236 ιιι),
702 1183 721 1216 ι
747 1171 803 1219 et
826 1162 1057 1235 psallent
1076 1179 1200 1221 cum
1229 1165 1494 1235 propheta
1526 1183 1541 1220 :
1580 1182 1600 1215 ι
1633 1164 1770 1221 Pars
1798 1179 1918 1223 mea

337 1254 602 1311 Dominus
634 1251 815 1325 (Prol.
842 1268 997 1309 usu
1036 1253 1077 1325 ).
1116 1272 1136 1305 ι
1171 1253 1534 1325 (Λάαικαιιι.)
1565 1253 1769 1310 Levitis
1788 1270 1918 1310 vero

335 1355 517 1411 neque
541 1341 753 1415 Moyses
779 1342 929 1398 dedit
964 1343 1359 1408 bmreditatem,
1390 1358 1566 1413 neque
1593 1342 1771 1399 Jesus.
1802 1342 1918 1409 Qua

335 1450 419 1497 re,
444 1434 578 1504 quid
599 1434 745 1489 aliud
772 1435 1112 1490 sentiendum
1138 1444 1243 1500 est,
1272 1435 1375 1489 nisi
1400 1436 1542 1505 quod
1570 1444 1696 1491 sunt
1729 1436 1784 1490 in
1813 1436 1918 1491 Ec-

336 1525 505 1580 clesia
548 1524 759 1581 Domini
798 1526 1020 1597 quidam
1048 1525 1140 1595 qui
1170 1526 1370 1580 virtute
1399 1526 1566 1582 animi
1608 1533 1664 1580 ct
1700 1526 1920 1580 merito-

337 1632 460 1673 rum
486 1619 657 1688 gratia
682 1626 907 1674 caeteros
935 1617 1183 1673 homines
1203 1617 1514 1687 praecedunt
1543 1622 1565 1672 ‘1
1587 1616 1782 1685 quibus
1805 1616 1918 1686 ipse

334 1704 599 1761 Dominus
625 1719 747 1761 esse
775 1705 1063 1761 limrcditas
1098 1706 1317 1761 dicitur.
1350 1705 1463 1761 Etsi
1504 1706 1586 1761 fas
1621 1714 1706 1761 est
1728 1706 1918 1761 audire

333 1792 395 1850 in
414 1795 632 1859 talibus,
660 1805 716 1851 et
734 1797 919 1851 arcani
958 1798 1220 1853 reconditi
1242 1797 1443 1867 aliquid
1469 1798 1705 1868 aperire,
1740 1799 1915 1855 vidca-
1947 1780 1992 1839 Β

332 1900 459 1940 mus
479 1900 547 1941 ne
567 1885 707 1941 forte
726 1886 854 1942 illud
876 1886 947 1942 sit
963 1887 1104 1957 quod
1122 1886 1467 1944 sacerdotum
1490 1887 1574 1943 vel
1602 1889 1912 1944 chitarum

333 1977 570 2051 ﬁguram
589 1977 822 2035 latenter
846 1979 1101 2034 ostendit.
1140 1979 1275 2046 Quia
1301 1980 1360 2035 in
1388 1981 1537 2037 omni
1574 1982 1791 2052 populo,
1823 1997 1915 2038 eo-

332 2084 459 2125 rum
484 2070 611 2126 dico
646 2071 737 2141 qui
774 2070 1070 2136 salvantur,
1110 2069 1288 2141 major
1312 2071 1432 2127 sine
1463 2072 1627 2127 dubio
1653 2087 1781 2142 pars
1806 2080 1910 2136 est,

327 2170 391 2219 et
420 2162 582 2233 longe
616 2164 956 2219 numerosior
985 2174 1173 2219 eorum
1214 2163 1307 2233 qui
1689 2164 1919 2221 creden—

333 2260 419 2309 tes
448 2252 503 2309 in
538 2253 732 2311 timore
752 2253 866 2311 Dei.
892 2269 992 2325 per
1012 2268 1177 2326 opera
1204 2256 1367 2322 bona,
1396 2270 1492 2326 per
1522 2254 1780 2312 honestos
1796 2271 1917 2312 mo-

330 2352 526 2407 ιαινοι
550 2353 707 2399 actus
729 2343 1038 2412 probabiles
1071 2345 1302 2402 Domino
1328 2346 1562 2418 placent.
1594 2346 1759 2402 Pauci
1782 2362 1915 2404 vero

329 2440 463 2489 sum
501 2440 560 2489 et
603 2432 760 2493 valde
788 2434 899 2490 rari
937 2436 1028 2506 qui
1057 2437 1339 2507 sapiaitia:
1372 2453 1594 2509 operam
1625 2440 1833 2507 dantes,
1860 2448 1917 2496 et

330 2529 574 2578 mentem
607 2539 762 2583 suam
796 2540 989 2595 puram
1016 2528 1379 2597 mundumque
1410 2536 1722 2592 servantes,
1751 2538 1917 2598 atque

331 2613 390 2668 iu
416 2614 674 2673 omnibus
717 2615 995 2685 praeclaris
1032 2616 1323 2673 virtutibus
1357 2633 1485 2673 suas
1517 2618 1727 2673 animas
1748 2635 1915 2675 exco-

330 2703 529 2772 lcntes,
573 2707 788 2764 caeteris
822 2708 1241 2779 simplicioribus
1278 2724 1376 2778 per
1396 2710 1655 2764 doctrinm
1682 2709 1915 2781 gratiam

328 2793 644 2853 illuminant
687 2795 793 2852 iter
820 2808 928 2867 quo
958 2798 1296 2868 gradiuntur,
1333 2806 1391 2853 et
1417 2799 1640 2857 veniunt
1675 2799 1745 2853 ad
1772 2798 1916 2853 salu-

332 2893 464 2942 tem.
503 2885 568 2940 lli
602 2886 850 2944 fortassis
876 2890 979 2943 sub
1010 2888 1313 2944 Levitamm
1345 2896 1400 2944 et
1437 2890 1775 2944 sacerdotum
1812 2906 1914 2945 no-

2019 523 2146 580 Jesu
2191 534 2395 581 sortem
2435 526 2673 584 molestis
2706 529 3005 587 mansionis
3037 533 3272 603 atcipiat
3304 534 3361 589 in
3388 534 3599 604 lutum,

2019 617 2086 671 de
2120 632 2227 686 quo
2251 617 2365 689 ipse
2391 617 2652 674 Dominus
2674 617 2833 676 locus
2857 621 2939 678 ait
2964 640 2978 677 :
3016 641 3037 675 t
3067 623 3250 692 Pater,
3279 624 3482 681 volunt
3505 625 3602 684 ubi

2018 720 2120 777 ego
2146 722 2297 774 sum,
2320 714 2375 763 et
2413 707 2507 764 isti
2538 707 2652 764 sint
2685 724 2933 777 meeum;
2965 720 3022 768 et
3046 714 3188 768 siem
3211 728 3314 785 ego
3341 715 3395 771 in
3424 725 3479 772 te
3498 757 3515 782 ,
3538 725 3600 773 et

2021 804 2077 849 tu
2106 798 2293 863 inme,
2330 814 2497 853 unum
2526 815 2734 866 sumus,
2774 810 2833 856 et
2884 802 2971 858 isti
3018 804 3072 859 in
3114 806 3271 862 nobis
3294 822 3461 862 unum
3491 808 3602 863 sint

2022 886 2208 958 (Joan.
2240 886 2399 964 rvit).
2434 909 2453 943 t
2480 889 2636 958 Quod
2665 890 2711 945 si
2745 892 3347 964 audiensperfectorum
3370 906 3426 952 et
3465 899 3601 953 emi-

2023 980 2267 1035 nentium
2386 982 2756 1037 [nereditatem
2792 983 3076 1040 Dominum
3114 987 3242 1051 dici,
3542 996 3601 1044 et

2023 1068 2229 1125 antbies
2263 1071 2392 1140 quid
2424 1069 2550 1124 illud
2579 1071 2679 1135 sit,
2710 1073 2856 1141 quod
2873 1074 2975 1130 sub
3000 1074 3103 1132 hoc
3119 1076 3340 1132 nomine
3356 1076 3603 1149 designe-

2021 1168 2111 1215 tur
2127 1205 2143 1229 ,
2166 1159 2290 1214 audi
2318 1160 2444 1229 quia
2461 1200 2477 1225 ,
2503 1160 2762 1216 Dominus
2781 1162 3045 1232 sapientia
3064 1170 3169 1219 est.
3192 1161 3291 1220 Cui
3312 1179 3443 1236 ergo
3462 1165 3601 1221 diei-

2025 1260 2113 1306 tur
2145 1253 2435 1309 nazreditas
2477 1268 2601 1309 esse
2642 1254 2921 1317 Dominus,
2958 1254 3061 1310 iste
3096 1254 3468 1313 hmreditatem
3506 1271 3599 1314 sa-

2020 1341 2238 1410 pientiai
2269 1343 2435 1413 capit,
2461 1342 2719 1399 Dominus
2734 1342 2944 1411 iustitia
2973 1344 3192 1400 dicitur.
3220 1346 3320 1402 Cui
3339 1363 3469 1419 ergo
3496 1349 3603 1405 Do-

2022 1433 2201 1488 minus
2242 1434 2530 1489 haereditas
2560 1442 2668 1499 est,
2707 1434 2811 1489 iste
2836 1434 3206 1491 hereditatem
3228 1436 3453 1507 iustitia:
3472 1452 3604 1493 cen-

2020 1522 2286 1591 sequitur.
2325 1523 2589 1578 Dominus
2621 1537 2723 1592 pax
2749 1531 2854 1589 est,
2887 1523 3146 1580 Dominus
3170 1526 3471 1596 redemptio
3494 1536 3601 1594 es,

2022 1608 2281 1670 Dominus
2301 1614 2446 1670 salus
2465 1624 2580 1681 est;
2619 1633 2639 1666 ι
2667 1623 2722 1670 et
2749 1615 2802 1670 in
2833 1616 3061 1672 Domino
3093 1624 3222 1672 sunt
3249 1617 3486 1673 thesauri
3512 1633 3603 1674 se-

2022 1704 2240 1773 pientiat
2283 1711 2349 1765 et
2386 1705 2630 1761 scientiae
2670 1703 2972 1761 absconditi
3013 1704 3236 1777 (Colore.
3282 1706 3367 1779 ιι).
3423 1726 3447 1761 t
3474 1706 3604 1764 line

2017 1796 2198 1852 omnia
2221 1797 2275 1852 in
2296 1796 2667 1852 hereditatem
2701 1796 2965 1868 percipiet
2991 1798 3147 1870 cujus
3174 1797 3463 1855 btemditas
3489 1799 3600 1854 Bs-

2015 1888 2198 1944 minus
2230 1886 2416 1945 fuerit.
2459 1886 2844 1944 Verumtamen
2885 1896 2943 1945 et
2983 1888 3073 1944 isti
3100 1890 3299 1961 quibus
3332 1889 3601 1959 sapientia

2016 1978 2113 2034 Dei
2135 1978 2359 2034 verbum
2387 1977 2482 2032 Dei
2506 1986 2564 2033 et
2590 1978 2815 2042 veritas,
2846 1984 2902 2032 et
2920 1976 3130 2046 iustitia
3161 1992 3283 2033 esse
3309 1976 3601 2035 hereditas

2016 2071 2252 2126 dicitur:
2298 2068 2696 2125 ﬂabitationem
2740 2068 2959 2123 interim
2998 2082 3126 2123 eum
3164 2068 3272 2125 illis
3302 2068 3600 2140 accipiunt,

2017 2174 2247 2232 quorum
2281 2159 2570 2215 haereditas
2598 2158 2830 2215 habetur
2874 2158 2928 2213 in
2955 2159 3147 2225 terris,
3175 2166 3238 2214 ut
3263 2174 3333 2214 ex
3359 2159 3601 2227 ipsorum

2018 2252 2296 2310 consortio
2320 2251 2377 2307 hi
2405 2251 2497 2322 qui
2522 2265 2620 2321 per
2642 2249 2963 2320 semetipsos
2998 2249 3235 2306 modum
3264 2249 3447 2305 velut
3470 2264 3603 2321 par-

2019 2343 2210 2413 ticipes
2232 2340 2371 2398 efﬁci
2397 2340 2680 2410 sapientiai
2719 2345 2776 2393 et
2816 2337 3060 2395 scientiae.
3093 2338 3211 2403 Dei,
3255 2344 3313 2393 et
3354 2337 3604 2394 νει-ἰωὰ

2015 2435 2135 2506 ejus
2162 2449 2228 2489 ac
2246 2432 2415 2490 verbi.
2453 2432 2522 2487 Et
2544 2432 2617 2487 ita
2642 2431 2804 2486 etiam
2835 2428 2905 2484 ad
2939 2429 3191 2485 minimos
3214 2442 3467 2500 quosque
3490 2425 3605 2484 «ιιι-

2016 2525 2262 2595 pensatio
2290 2524 2470 2579 divina
2514 2522 2800 2593 pertendit.
2853 2521 2922 2576 Et
2957 2520 3051 2590 qui
3094 2516 3464 2589 principaliter
3492 2529 3601 2572 non

2016 2627 2245 2690 possunt
2298 2618 2492 2673 divinae
2548 2618 2740 2689 gratim
2779 2631 3010 2688 capaces
3069 2614 3327 2680 existere,
3399 2610 3602 2667 illuui-

2018 2712 2134 2765 nari
2156 2726 2222 2767 ex
2253 2721 2564 2767 sanctorum
2589 2711 2862 2766 consortio
2883 2714 3216 2772 mereantur,
3247 2713 3303 2761 et
3329 2702 3604 2776 complea-

2021 2813 2108 2858 tur
2143 2802 2275 2858 illud
2297 2803 2440 2873 quod
2464 2800 2753 2871 Aposmlus
2790 2800 2925 2856 dicit
2946 2800 3017 2855 ad
3055 2796 3370 2854 Corinthios
3388 2795 3458 2851 de
3477 2806 3603 2850 sati-

2015 2898 2122 2953 etis
2151 2896 2545 2966 Jemsolymitis
2577 2910 2593 2949 :
2627 2913 2647 2947 t
2686 2893 2754 2950 Ut
2804 2901 2986 2949 vestra
3026 2890 3245 2962 quidem
3270 2886 3600 2944 abundantia

328 2975 483 3031 mine
508 2976 888 3047 designantur,
927 2993 1158 3048 quorum
1188 2979 1478 3035 baererﬁtus
1513 2979 1629 3049 ipse
1656 2980 1916 3036 Dominus

2019 2987 2115 3043 ﬂat
2148 2987 2217 3042 ad
2241 2987 2461 3042 illorum
2491 2985 2762 3057 inopiam;
2812 2990 2873 3037 ut
2900 2983 3112 3038 illorum
3147 2979 3473 3036 abundatio
3507 2977 3606 3035 ιιι

328 3067 555 3137 est,qni
603 3076 687 3124 est
739 3066 1028 3139 sapientia,
1063 3083 1229 3138 (piam
1267 3082 1382 3140 pra
1424 3069 1640 3125 steteris
1662 3071 1915 3128 omnibus
1942 3125 1986 3149 η
2020 3080 2090 3135 ad
2139 3087 2377 3134 vestram
2429 3078 2665 3148 inopiam
2711 3076 2798 3149 (ιι
2836 3076 2961 3131 Cor.
3013 3074 3155 3147 vui»).
3200 3094 3223 3128 ι
3268 3074 3348 3136 ita
3391 3079 3606 3146 ergoet

329 3158 536 3213 (ﬁxisse
574 3156 947 3227 perhibentur.
989 3158 1211 3214 invenio
1253 3167 1437 3213 tamen
1479 3159 1715 3229 aliquam
1756 3160 1913 3216 diﬂ‘e-
1936 3156 1987 3187 ν
2020 3188 2165 3227 ,ωηο
2203 3170 2520 3227 cohabitare
2558 3167 2821 3237 iubentur
2854 3166 3033 3223 levita
3069 3174 3126 3223 et
3166 3165 3475 3222 saeeniotes
3510 3161 3605 3234 qui

328 3248 564 3305 remiatn
594 3249 649 3303 iu
678 3248 764 3304 bis
789 3263 911 3319 quae
936 3248 1148 3322 Moyses
1173 3249 1470 3315 distribuit,
1501 3258 1558 3304 et
1593 3250 1649 3305 in
1682 3250 1769 3306 bis
1796 3266 1917 3320 qua:
2018 3280 2126 3319 non
2158 3263 2360 3318 habent
2399 3269 2625 3326 ωτι-ειη,
2666 3268 2723 3314 ιη
2748 3259 3012 3330 pel-cipiat
3046 3259 3115 3314 ει,
3146 3256 3389 3313 {suam
3420 3264 3607 3312 um.

327 3338 512 3395 ³⁸⁸⁸³³⁸
2018 3354 2116 3408 dos
2157 3362 2215 3408 et
2252 3350 2444 3407 Levita
2490 3359 2707 3405 terrena
2736 3363 2857 3417 quae
2905 3362 3011 3402 non
3046 3346 3209 3402 habet
3239 3363 3254 3399 :
3284 3352 3341 3400 et
3384 3359 3604 3400 rursum

402 3429 615 3501 Moyses
647 3444 881 3501 namque
917 3430 1124 3487 duabus
1150 3439 1204 3485 et
1235 3430 1404 3486 semis
1440 3430 1684 3485 tribubus
1718 3439 1916 3486 verum
2014 3442 2255 3499 Israelita
2281 3442 2544 3513 percipiat
2566 3456 2598 3495 τι
2635 3442 2921 3497 sacerdote
2942 3447 3002 3493 et
3028 3438 3213 3493 Levita
3246 3436 3514 3501 coelestia,
3541 3444 3600 3492 et

330 3521 665 3578 distribuens
694 3521 838 3577 ultra
868 3520 1158 3580 lordanem
1189 3520 1382 3596 (Nunt.
1409 3523 1611 3593 xxxv),
1639 3537 1748 3578 non
1772 3522 1920 3578 dedit
2014 3533 2199 3590 4mm
2220 3548 2346 3605 qua;
2378 3549 2485 3590 non
2530 3532 2715 3589 habet,
2762 3531 2875 3588 Lex
2917 3530 3062 3588 enim
3096 3527 3194 3584 Dei
3225 3526 3604 3584 sacerdotibus

331 3612 535 3668 Levitis
557 3612 847 3669 habitaculi
871 3613 1177 3685 portionem
1200 3629 1321 3684 qua:
1345 3614 1426 3670 eis
1450 3611 1919 3687 eontiugebatJe-
2017 3624 2307 3679 commissa
2333 3631 2439 3689 est,
2456 3621 2733 3687 euentus;
2756 3628 2819 3675 ut
2838 3619 3076 3676 huicsoii
3097 3630 3316 3689 operam
3338 3617 3602 3683 tribuant.

329 3720 427 3763 sus
463 3713 647 3761 autem
682 3705 832 3760 dedit
864 3720 974 3760 non
1010 3702 1186 3761 solum
1225 3705 1313 3761 bis
1349 3704 1599 3761 tribubus
1634 3720 1773 3775 quas
1804 3705 1918 3775 ipse
2008 3721 2074 3768 et
2099 3714 2265 3770 verba
2302 3714 2401 3770 Dei
2440 3715 2649 3784 absque
2689 3711 2796 3767 ulla
2823 3709 3190 3766 sollicitudine
3228 3714 3441 3763 vacent.
3490 3705 3602 3763 Sed

328 3796 645 3865 dispensat,
673 3810 861 3852 verum
887 3806 943 3852 et
971 3797 1027 3852 in
1056 3796 1162 3853 illis
1188 3811 1311 3867 quae
1342 3811 1375 3851 a
1401 3796 1581 3868 Moyse
1612 3804 1766 3852 trans
1796 3793 1918 3851 Jor-
2019 3802 2214 3857 iterum
2256 3810 2316 3857 ut
2352 3816 2549 3858 vacare
2596 3800 2824 3871 possint,
2878 3798 3139 3855 laicorum
3168 3796 3249 3852 uti
3280 3794 3603 3851 ministeriis

330 3886 531 3942 (lenem
564 3885 781 3943 fueram.
815 3887 1109 3945 collocatae.
1136 3887 1454 3945 Habitacula
1488 3888 1689 3945 etettim
1717 3886 1918 3945 Levit'm
2018 3895 2235 3952 debent.
2268 3893 2328 3949 Si
2357 3894 2504 3950 enim
2539 3893 2713 3949 laietts
2748 3908 2816 3949 ea
2848 3905 2969 3963 quae
2994 3888 3300 3946 necessaria
3326 3895 3454 3945 Sunt
3491 3902 3601 3944 non

332 3976 392 4033 ia
418 3977 643 4049 singulis
688 3979 936 4036 tribubus
978 3981 1367 4048 decernuntur,
1419 3987 1480 4036 ut
1518 3989 1577 4036 et
1607 3994 1705 4050 per
1734 3978 1918 4051 multo
2016 3987 2309 4058 pmbuerit
2331 3985 2704 4042 sacerdotibus
2731 3994 2788 4041 et
2804 3984 3040 4050 Levitis;
3068 3982 3314 4055 occupati
3337 3981 3415 4038 illi
3435 3981 3490 4037 in
3517 3987 3603 4037 ta-

332 4069 1091 4143 magnillcentiusmysterium
1106 4070 1757 4127 nosceremustteenim
1778 4070 1914 4125 ordo
2020 4076 2176 4140 libus,
2227 4076 2283 4131 id
2321 4084 2436 4139 est,
2474 4076 2527 4130 in
2569 4075 2939 4146 corporalibus
2967 4072 3137 4139 curis,
3170 4072 3351 4127 minus
3373 4070 3477 4143 legi
3502 4069 3603 4131 Del

330 4158 608 4218 Leviticus
631 4161 718 4217 vel
737 4162 1087 4219 sacerdotalis
1101 4164 1194 4233 qui
1210 4162 1303 4218 Dei
1326 4162 1602 4233 sapientia:
1614 4161 1919 4217 etscientia.
2016 4165 2308 4219 vacabunt.
2335 4164 2445 4219 lllis
2473 4173 2651 4219 autem
2678 4179 2783 4219 non
2804 4162 3143 4228 vacantibus,
3172 4175 3355 4231 neque
3377 4173 3604 4230 operam

331 4268 555 4323 operam
578 4254 979 4325 impendit,non
1008 4257 1185 4325 potuit
1207 4271 1237 4309 a
1267 4254 1448 4325 Moyse
1471 4264 1672 4310 sortem
1700 4254 1915 4308 babita-
2017 4252 2270 4309 dantibus
2291 4253 2392 4325 legi
2419 4253 2534 4319 Dei,
2562 4262 2617 4308 tu
2647 4253 2998 4324 periclitabis.
3028 4248 3421 4307 Obscurabitur
3451 4249 3604 4304 enim

333 4344 504 4401 tionis
528 4346 796 4416 accipere,
833 4346 958 4416 quia
988 4362 1093 4402 non
1134 4354 1251 4402 erat
1291 4345 1500 4416 Moyses
1522 4345 1788 4411 veritatis,
1821 4344 1915 4400 sed
2018 4344 2108 4399 lux
2150 4344 2388 4400 scientia:
2429 4357 2551 4413 qua
2582 4343 2639 4398 in
2689 4343 2796 4399 illis
2842 4351 2944 4407 est,
2995 4351 3050 4395 te
3092 4354 3199 4394 non
3253 4339 3602 4395 ministrante

331 4436 545 4493 unum
567 4434 889 4506 esetnplaris
911 4435 1175 4491 minister.
1195 4435 1353 4492 Iesus
1372 4449 1501 4490 vero
1527 4434 1787 4490 Dominus
1816 4448 1913 4489 no-
1933 4477 1991 4537 Β
2013 4434 2195 4490 oleum
2220 4435 2475 4501 lucernae,
2507 4442 2563 4489 et
2589 4434 2746 4504 culpa
2766 4442 2857 4487 tua
2887 4430 3015 4486 illud
3035 4428 3279 4537 eveniet:
3294 4427 3439 4498 quod
3462 4427 3602 4537 dixLit

331 4536 470 4591 ater,
501 4526 593 4597 qui
620 4534 741 4581 erat
770 4527 1031 4595 sapientia
1066 4526 1181 4591 Dei,
1215 4528 1330 4596 ipse
1370 4525 1674 4581 habitacula
1698 4525 1911 4596 sapicn-
1933 4517 1989 4537 ¹’
2013 4527 2309 4584 Dominus:
2333 4527 2469 4594 Quia
2489 4540 2664 4581 aecus
2692 4539 2837 4580 caeco
2869 4522 3123 4577 ducatum
3144 4520 3409 4590 prmbens,
3437 4517 3602 4575 ambo

333 4617 717 4687 tibuspraebet.
740 4614 1014 4672 Noncnim
1026 4616 1394 4685 potuitdicere
1409 4615 1618 4686 Moyses
1645 4632 1658 4668 :
1690 4634 1709 4666 t
1738 4614 1909 4679 Vade,
2012 4619 2068 4674 in
2099 4618 2309 4676 foveam
2334 4618 2548 4672 cadent.
2580 4615 2687 4671 Sed
2716 4623 2773 4669 et
2796 4612 2925 4669 illud
2947 4611 3305 4682 complebitur
3326 4608 3471 4682 quod
3494 4608 3601 4667 Do-

330 4707 507 4763 vende
528 4707 710 4763 omnia
731 4708 850 4777 qum
874 4707 1071 4773 habes,
1102 4714 1159 4761 et
1183 4706 1249 4761 da
1275 4705 1622 4776 pauperibus,
1654 4711 1709 4759 et
1744 4705 1913 4760 habe-
2012 4709 2192 4763 minus
2219 4706 2348 4763 dicit
2372 4729 2384 4758 ;
2410 4704 2467 4761 Si
2494 4705 2637 4759 enim
2660 4703 2750 4758 lux
2775 4716 2899 4773 qua:
2921 4711 3003 4756 est
3030 4700 3085 4754 in
3107 4707 3161 4755 te
3183 4700 3421 4755 tenebrm
3445 4702 3595 4766 sunt,

328 4800 422 4858 bis
448 4801 763 4856 thesaurum
790 4800 846 4856 in
869 4800 1050 4867 cmlis;
1082 4807 1138 4854 et
1163 4798 1306 4863 veni,
1335 4811 1561 4867 sequere
1583 4812 1670 4851 me
1689 4796 1908 4868 (Matth.
2013 4800 2252 4855 tenebrae
2287 4798 2416 4867 ipsae
2445 4806 2660 4865 quantm
2685 4794 2838 4849 sunt!
2882 4791 2952 4847 Ut
2989 4805 3118 4861 ergo
3149 4788 3237 4844 lus
3267 4788 3509 4846 scientia:
3532 4788 3592 4847 in

329 4891 508 4966 τιή.»
539 4891 654 4947 Hoc
682 4893 928 4948 estenim
956 4900 1167 4961 partem
1196 4890 1327 4947 dare
1348 4889 1568 4945 Levitis.
1602 4886 1710 4943 Nec
1739 4889 1913 4958 potuit
2014 4888 2387 4945 sacerdotibus
2426 4884 2645 4955 fulgeat,
2693 4883 2911 4939 lucerna
2936 4894 3129 4938 eorum
3157 4879 3230 4937 sit
3261 4893 3477 4951 semper
3503 4894 3597 4935 ac-

329 4986 519 5041 diccre
543 4982 752 5054 Moysm
781 5001 795 5036 :
827 4983 955 5055 quia
987 5002 1008 5034 ι
1036 4982 1131 5052 qui
1167 4997 1274 5037 non
1315 4980 1707 5036 renuntiaverit
1735 4978 1910 5033 omni—
2018 4994 2179 5037 censa
2209 4998 2223 5035 :
2253 4980 2332 5034 Tu
2359 4978 2520 5049 imple
2547 4976 2799 5041 oliicium,
2823 4983 2879 5030 tu
2909 4973 3118 5045 comple
3155 4974 3466 5029 mandatum
3497 4971 3593 5032 Dei

327 5077 436 5135 bus
462 5088 584 5145 qua:
620 5072 879 5143 possidet,
918 5086 1026 5128 non
1066 5079 1245 5143 potest
1280 5086 1403 5126 esse
1430 5068 1724 5139 discipulus
1754 5082 1909 5123 meus
2018 5085 2146 5142 erga
2165 5067 2422 5139 obsequia
2453 5066 2816 5123 sacerdotum.
2846 5066 2997 5134 Quod
3031 5065 3077 5121 si
3101 5064 3240 5121 forte
3270 5064 3533 5135 susceptis
3559 5078 3592 5121 a

329 5165 487 5237 (Lac.
522 5162 655 5237 xiv).
692 5183 712 5216 ι
743 5162 859 5218 Non
882 5162 1031 5218 enim
1048 5161 1225 5232 potuit
1251 5161 1431 5216 dicere
1455 5159 1667 5230 Moyses
1692 5177 1706 5212 :
1735 5176 1753 5207 ε
1789 5157 1913 5213 0m-
2019 5172 2071 5218 te
2098 5178 2217 5233 qum
2246 5160 2549 5217 necessaria
2584 5166 2728 5225 sunt,
2766 5167 2822 5215 et
2859 5159 2941 5216 sic
2965 5174 3075 5215 non
3101 5157 3257 5228 quasi
3284 5170 3391 5211 non
3413 5153 3593 5210 avari-

329 5258 418 5312 nis
441 5256 585 5312 enim
611 5256 705 5327 qui
732 5270 839 5309 non
865 5253 1039 5310 oderit
1070 5262 1281 5324 patrem
1313 5251 1400 5308 vel
1435 5259 1680 5313 matrem,
1711 5257 1765 5305 et
1797 5248 1911 5304 l'ra-
2019 5252 2181 5337 tiam,
2215 5251 2309 5307 sed
2337 5250 2490 5321 quasi
2530 5250 2967 5306 benedictionem
2998 5248 3072 5303 illi
3104 5244 3442 5337 neglexerint

331 5361 447 5406 tres
486 5358 542 5404 ct
583 5362 822 5411 sorores,
846 5357 904 5403 et
936 5346 1098 5411 filios,
1144 5346 1366 5417 insuper
1392 5345 1555 5400 etiam
1592 5351 1648 5399 et
1673 5344 1909 5398 animam
2016 5330 2207 5396 ditioni
2265 5355 2485 5411 operam
2531 5340 2681 5403 dare,
2735 5348 2792 5394 et
2822 5339 2987 5393 verbo
3022 5336 3119 5393 Dei
3157 5348 3376 5403 vacare,
3427 5340 3486 5389 et
3530 5330 3593 5390 ll

331 5452 512 5506 suam,
537 5456 645 5497 non
672 5446 853 5512 potest
875 5452 1165 5494 cssemeus
1194 5435 1491 5506 discipulus
1514 5433 1668 5507 (Luc.
1699 5431 1835 5505 xiv).
1884 5452 1904 5486 ι
2013 5430 2131 5504 lege
2159 5430 2252 5486 Dei
2276 5428 2525 5485 meditari
2541 5429 2628 5484 die
2647 5443 2712 5483 ac
2726 5435 2904 5493 nocte,
2918 5426 3018 5497 ipsi
3038 5423 3300 5480 videbunt
3318 5418 3595 5492 ηεσιοδ

331 5534 449 5589 lloc
470 5532 680 5605 Moyses
704 5532 887 5588 facere
908 5545 1015 5586 non
1040 5528 1236 5601 potuit,
1262 5527 1465 5585 idcirco
1491 5526 1794 5583 habitacula
1822 5540 1910 5581 sa-
2010 5539 2109 5594 pro
2128 5522 2410 5578 animabus
2431 5521 2627 5576 vestris
2658 5520 2885 5576 reddant
2911 5516 3141 5605 Domino
3170 5514 3459 5605 rationem.

331 5604 615 5680 cerdotum
638 5623 727 5678 vel
746 5621 1051 5677 Levitarum
1077 5620 1390 5689 dispensare
1412 5633 1517 5675 non
1546 5617 1738 5689 potuit.
1770 5617 1907 5673 Bea-
2088 5632 2107 5665 ι
2154 5611 2437 5667 Victimam
2463 5618 2518 5667 et
2542 5626 2640 5681 pro
2669 5618 2894 5680 peccato
2919 5616 2973 5663 ct
2994 5619 3094 5678 pro
3113 5604 3331 5671 deﬂeto,
3354 5604 3470 5661 sive
3486 5615 3592 5675 pro

235 5686 279 5755 ἒ
343 5728 427 5777 tus
446 5723 701 5793 crgocst,
722 5716 813 5788 qui
836 5730 895 5771 se
912 5713 1135 5789 exhibet
1158 5686 1338 5780 talem,
1364 5720 1417 5768 ct
1443 5712 1497 5768 in
1519 5686 1637 5769 istis
1654 5711 1910 5769 omnibus
2020 5727 2040 5759 ι
2089 5708 2395 5780 ignorantia
2422 5707 2522 5783 ipsi
2551 5705 2861 5771 comedent,
2884 5711 2940 5758 et
2962 5716 3125 5761 omne
3150 5710 3330 5761 votum
3360 5700 3475 5760 sive
3504 5712 3588 5760 ιο*
