4028 6196
524 341 658 396 1019

1148 341 1206 392 Β.
1250 338 1498 392 [LXBANI
1540 339 1754 393 MAURI
1795 338 2112 392 Alitlllib'l’.
2155 337 2460 393 MOGUNT.
2498 336 2784 392 Ol’i'lllUM
2825 336 3008 391 PARS
3045 337 3109 391 ll.

3627 333 3767 392 ΠΕΟ

513 475 544 510 -ς
583 456 796 526 paratio
823 455 874 507 in
897 453 1058 507 Israel
1076 454 1308 522 ipsorum
1333 453 1454 506 erit.
1479 452 1828 520 Etprimitiva
1845 453 2081 506 omnium
2113 455 2162 513 Α
2187 463 2312 518 ergo
2341 448 2587 518 primitie
2613 446 2895 500 charitatis
2925 446 3034 500 Deo
3063 446 3366 500 otl‘eruntnr
3399 455 3498 516 per
3535 447 3764 501 Pontiﬁ-

526 562 546 596 σ
583 545 1061 614 primogenitorum
1084 581 1098 603 ,
1136 549 1190 593 et
1223 541 1401 592 omnia
1434 539 1719 593 libamenta
1748 553 1812 591 ex
1838 539 2143 611 omnibus

531 654 549 686 ι
596 650 716 702 quae
727 634 1024 686 oderuntur
1037 629 1372 682 sacerdotum
1387 631 1633 682 erunt.Et
1649 631 1916 697 primitiva
1939 631 2087 683 cibo-

527 742 546 774 ι
592 738 710 776 rum
729 730 1023 774 vestrorum
1041 719 1234 771 dabitis
1248 719 1533 780 sacerdoti,
1555 726 1612 770 ut
1629 728 1849 786 reponat
1867 718 2084 770 benedi-

529 833 549 866 α
593 811 1033 867 ctionemdomui
1069 826 1208 870 sum,
1245 809 1372 878 (sire
1408 819 1463 862 ut
1486 820 1646 876 ponat
1685 809 2085 863 benedictiones

527 927 552 958 ‹-
587 923 748 975 super
767 907 951 960 domos
965 904 1213 972 vestras).
1238 923 1254 953 δ
1279 903 1543 971 (Ιιξενοη.)
1563 905 1626 956 Et
1642 905 2084 958 considerandum

521 999 658 1067 quod
673 998 848 1051 omnia
865 1011 982 1064 quae
1011 1010 1153 1048 nunc
1183 1009 1277 1061 per
1301 995 1612 1062 prophetam
1639 995 1890 1047 Dominus
1914 992 2085 1061 loqui-

521 1096 629 1147 tur,
653 1100 749 1153 per
769 1083 982 1153 Moysen
1012 1092 1133 1135 ante
1153 1083 1260 1151 jam
1284 1083 1477 1136 dixerit
1503 1101 1514 1135 :
1547 1093 1602 1135 et
1625 1083 1968 1149 qumreudum
1992 1097 2088 1134 cur

519 1174 706 1226 eadem
742 1187 860 1241 qua:
897 1173 1037 1224 dicta
1069 1181 1191 1224 sunt
1215 1179 1438 1239 repetat.
1483 1171 1549 1224 Ut
1600 1171 1850 1224 videlicet
1889 1184 2006 1238 quae
2033 1171 2085 1223 in

520 1263 793 1316 mentibus
821 1263 1095 1315 hominum
1120 1270 1270 1324 sunt,
1296 1261 1377 1314 vel
1401 1261 1606 1330 legendi
1635 1262 1978 1330 negligentia,
2006 1261 2084 1315 vel

521 1351 771 1406 audiendi
817 1359 1118 1417 contemptu
1141 1391 1156 1413 ,
1197 1361 1250 1404 et
1283 1351 1547 1404 oblivione
1590 1351 1784 1413 deleta,
1814 1352 1933 1403 viva
1959 1366 2088 1404 voce

522 1441 864 1503 innoventur,
889 1456 1006 1508 quae
1021 1456 1124 1493 non
1142 1441 1210 1492 sit
1235 1441 1429 1508 scripta
1447 1440 1669 1503 calamo,
1688 1448 1741 1493 et
1761 1449 2086 1503 atramento,

522 1535 615 1589 sed
649 1534 850 1602 Spiritu
883 1542 937 1586 et
974 1531 1148 1586 Verbo
1181 1532 1292 1586 Dei.
1330 1533 1480 1587 Unde
1523 1541 1577 1586 et
1607 1533 1854 1586 Salvator
1886 1535 2085 1587 nullum

521 1624 770 1678 volumen
820 1624 1074 1677 doctrinae
1122 1638 1235 1675 sum
1274 1623 1545 1690 proprium
1585 1623 1891 1692 dereliquit,
1946 1626 2085 1693 quod

523 1716 577 1770 in
602 1716 867 1784 plerisque
905 1715 1329 1784 apocryphorum
1359 1714 1708 1768 deliramenta
1735 1716 2081 1784 conﬁngunt:

2189 554 2328 601 cem,
2356 538 2468 590 lucc
2501 551 2628 589 vero
2667 551 2784 604 qua:
2809 536 3043 588 secmuio
3075 535 3128 587 in
3165 535 3281 588 loco
3322 543 3447 588 sunt
3486 536 3624 588 meis
3653 535 3766 587 usi-

2188 629 2285 683 bus
2316 628 2704 694 relim‘putnlur.
2745 626 2878 678 Puto
2907 625 3082 677 adhuc
3113 623 3316 692 aliquid
3347 641 3466 678 esse
3489 640 3556 678 ex
3583 625 3764 678 fructu

2187 717 2325 786 quod
2361 717 2514 768 tertio
2541 716 2656 766 loco
2688 714 2990 765 habendum
3022 715 3114 776 sit,
3140 723 3199 767 ut
3229 714 3448 784 diligam
3473 717 3642 769 etiam
3673 717 3762 768 i‘ni-

2188 807 2356 859 micos
2404 820 2568 857 meos.
2622 802 2750 856 Vide
2791 811 2954 855 etiam
3000 803 3044 856 si
3083 813 3238 871 potes
3287 804 3561 870 similiter,
3599 814 3661 858 et
3703 807 3764 859 de

2189 901 2685 954 cmterisl'ructibus
2711 899 2934 967 spiritus
2963 899 3167 952 similes
3189 899 3440 952 invenire
3467 900 3761 967 primitias.

2187 989 2450 1042 Gaudium
2479 989 2712 1041 secanto
2745 988 2860 1040 loco
2891 987 3100 1041 fructus
3132 989 3354 1056 spiritus
3386 990 3670 1043 scribitur.
3707 991 3761 1044 Si

2186 1094 2314 1150 ergo
2348 1080 2400 1132 in
2448 1080 2674 1132 Domino
2723 1080 3008 1149 gaudeant,
3057 1088 3112 1132 et
3150 1095 3244 1147 spe
3290 1080 3573 1148 gaudeam,
3623 1089 3680 1136 et
3721 1083 3763 1134 si

2187 1169 2445 1238 gaudeam
2487 1184 2584 1238 pro
2643 1169 2860 1222 nomine
2911 1168 3118 1221 Domini
3161 1183 3352 1236 passus
3392 1167 3678 1235 injuriam;
3715 1170 3764 1222 in

2190 1260 2272 1312 his
2307 1260 2555 1312 omnibus
2591 1260 2820 1327 aliisque
2864 1258 3053 1311 borum
3111 1258 3376 1311 similibus
3431 1258 3539 1311 Deo
3577 1260 3764 1326 primi-

2189 1349 2290 1402 tias
2320 1349 2496 1417 gaudii
2543 1363 2639 1417 per
2671 1346 2987 1400 I’ontiiicem
3029 1361 3211 1400 verum
3256 1347 3363 1400 Deo
3401 1347 3607 1413 obtuli;
3669 1351 3762 1402 sed

2188 1447 2242 1492 et
2284 1439 2326 1491 si
2359 1440 2598 1507 rapinam
2636 1439 2898 1490 bonorum
2933 1452 3176 1490 meorum
3209 1451 3330 1490 cum
3366 1438 3561 1506 gaudio
3602 1439 3764 1491 susti-

2190 1544 2365 1589 neam,
2405 1537 2460 1580 et
2513 1528 2557 1580 si
2592 1527 2988 1590 tribulationes,
3041 1527 3085 1580 si
3115 1534 3507 1595 paupertatem,
3559 1529 3604 1581 si
3629 1543 3762 1596 qua-

2191 1618 2526 1685 lemcumque
2555 1615 2932 1670 contumeliam
2958 1617 3192 1685 gaudens
3223 1615 3474 1680 tolerent,
3513 1625 3598 1670 est
3631 1619 3761 1673 mihi

2189 1714 2241 1758 et
2271 1707 2370 1759 iste
2401 1707 2636 1759 secundo
2663 1706 2714 1758 in
2749 1704 2866 1758 loco
2893 1719 2958 1757 ex
2993 1704 3256 1758 fructibus
3284 1705 3530 1774 spiritus,
3556 1706 3763 1762 fruetus

521 1808 617 1861 sed
654 1807 830 1860 Patris
857 1815 911 1859 οι
953 1821 1052 1860 suo
1086 1804 1286 1872 Spiritu
1329 1805 1565 1873 quotidie
1590 1805 1823 1873 loquitur
1848 1805 1895 1857 in
1923 1807 2083 1859 corde
2113 1811 2157 1869 Β
2187 1795 2382 1866 gaudii.
2401 1793 2534 1847 Nam
2552 1795 2594 1848 εἰ
2611 1796 2872 1864 gaudeam
2889 1795 2951 1848 de
2973 1795 3131 1848 l‘CbUS
3146 1795 3346 1857 saeculi,
3364 1796 3427 1849 de
3442 1795 3760 1855 honoribus,

522 1895 874 1948 credentium.
905 1895 972 1948 Et
1000 1895 1112 1948 lucc
1135 1895 1238 1947 erit
1268 1895 1542 1961 responsio
1576 1895 1858 1948 adversum
1878 1909 1970 1947 eos
1988 1895 2078 1963 qui

521 1984 918 2038 calumniantur
967 1986 1285 2052 prophetas,
1327 1999 1425 2037 cur
1463 1998 1581 2050 qua:
1625 1984 1676 2036 in
1721 1983 2080 2036 Pentateucho

493 2075 865 2128 continentur
907 2075 960 2127 in
1007 2075 1119 2127 suis
1164 2074 1520 2126 voluminibus
1572 2072 1846 2140 rt-plicent.
1900 2072 2079 2142 (Isid.)

509 2161 666 2218 Nihil
689 2179 872 2219 eorum
895 2180 1013 2232 qua:
1035 2166 1336 2217 necessaria
1359 2165 1570 2218 fuerunt
1591 2164 1863 2233 legislator
1878 2166 2079 2229 omisit,

525 2255 810 2324 designans
865 2255 1062 2322 quippe
1095 2253 1556 2308 conversationum
1606 2253 1972 2316 diﬁ‘crentias,
2029 2262 2084 2308 et

522 2344 811 2398 ostendens
832 2343 985 2398 nobis
1010 2343 1124 2397 vias
1153 2343 1203 2396 in
1235 2343 1504 2397 oblatione
1528 2344 1935 2407 sacriﬁciorum,
1966 2344 2085 2412 qui-

523 2437 625 2490 bus
659 2450 759 2490 nos
803 2445 1050 2504 oporteat
1084 2437 1410 2490 conversari.
1472 2437 1600 2490 Post
1647 2439 1747 2491 hoc
1784 2438 2084 2492 necessarie

523 2524 746 2592 exponit
773 2523 970 2578 Christi
993 2525 1338 2589 sacrificium,
1371 2540 1466 2594 per
1490 2526 1630 2594 quod
1657 2525 1810 2580 nobis
1833 2535 2083 2595 peccato-

519 2623 645 2666 rum
683 2614 926 2667 remissio
962 2623 1016 2668 ct
1061 2614 1357 2684 redemptio
1392 2629 1642 2669 concessa
1685 2622 1786 2668 est.
1818 2613 2084 2685 ("iet-on.)

529 2699 816 2756 Victimam
852 2702 1016 2771 igitur
1038 2712 1092 2757 et
1119 2719 1216 2772 pro
1249 2713 1486 2772 peccato,
1518 2713 1572 2757 et
1595 2719 1691 2773 pro
1717 2703 1932 2769 delicto,
1973 2705 2088 2760 sive

527 2788 854 2857 ignorantia,
885 2792 1166 2847 comedent
1195 2794 1520 2859 sacerdotes,
1551 2794 1617 2848 de
1655 2795 1848 2863 quibus
1887 2794 2087 2849 dictum

526 2889 612 2936 est
640 2897 654 2934 :
686 2900 704 2932 ι
741 2881 965 2936 Peccata
996 2884 1172 2952 populi
1200 2886 1306 2939 mei
1332 2886 1612 2940 comedent
1636 2884 1778 2956 (Ore.
1804 2884 1898 2956 1v).
1935 2905 1953 2938 ι
1981 2884 2088 2940 Nec

527 2979 734 3028 tantum
776 2975 1113 3043 gaudendum
1157 2983 1242 3030 est
1283 2976 1350 3030 ad
1395 2975 1720 3030 oblationem
1767 2991 2087 3041 munerum,

525 3071 784 3134 quantum
819 3065 1112 3120 timendum
1143 3066 1210 3119 ad
1242 3065 1464 3120 honoris
1496 3066 2012 3132 condemnationem,
2040 3066 2084 3122 si

2183 1888 2248 1939 de
2277 1884 2496 1948 divitiis,
2525 1883 2661 1938 falsa
2689 1892 2812 1937 sunt
2860 1884 2962 1938 ista
2993 1885 3183 1954 gaudia
3212 1899 3278 1937 ex
3319 1885 3652 1938 vanitatibus
3673 1901 3760 1937 va-

2184 1978 2432 2032 nitatum.
2467 1976 2522 2030 Si
2549 1977 2746 2030 veroin
2770 1976 2923 2031 malis
2944 1976 3226 2046 gaudeam,
3253 1985 3307 2028 et
3348 1976 3392 2029 si
3419 1975 3759 2030 exsultemde

2183 2072 2408 2126 aliorum
2432 2070 2605 2124 ruinis
2622 2110 2636 2132 ,
2655 2070 2756 2123 ista
2772 2069 2932 2122 etiam
2964 2084 3070 2122 non
3094 2067 3265 2122 solum
3283 2083 3440 2131 vana,
3466 2067 3560 2122 sed
3579 2076 3636 2122 et
3649 2067 3759 2119 dia-

2182 2163 2354 2218 bolica
2370 2165 2561 2234 gaudia
2589 2179 2604 2217 t
2627 2165 2736 2219 imo
2758 2179 2856 2218 nec
2868 2164 3060 2233 gaudia
3079 2162 3402 2216 nominanda
3424 2171 3584 2216 sunt:
3601 2179 3624 2211 ι
3645 2160 3755 2215 Non

2181 2255 2324 2308 enim
2345 2263 2428 2308 est
2448 2254 2681 2322 gaudere
2702 2255 2897 2324 impiis,
2929 2254 3057 2308 dicit
3073 2251 3478 2321 Dominus(lsa.
3495 2253 3707 2319 xum).
3731 2270 3750 2301 ι

2185 2345 2275 2400 Sic
2294 2355 2346 2399 ct
2372 2347 2424 2398 in
2450 2346 2627 2400 Veteri
2651 2355 2703 2400 et
2726 2344 2872 2399 Novo
2887 2343 3230 2398 Testamento
3283 2343 3547 2397 ministris
3575 2342 3755 2396 altaris

2183 2445 2237 2492 et
2261 2438 2608 2492 scrvitoribus
2631 2437 2809 2507 templi
2837 2437 3048 2490 Domini
3080 2437 3387 2490 mandatum
3409 2445 3495 2490 est
3521 2435 3589 2489 de
3609 2435 3754 2489 obla-

2184 2527 2387 2580 tionqu
2423 2527 2671 2598 largitate
2717 2535 2774 2581 et
2817 2527 3149 2582 decimarum
3210 2526 3335 2580 datu
3369 2527 3753 2580 nutrimentum

2186 2617 2406 2680 habere,
2429 2631 2528 2670 nec
2553 2617 2780 2670 terrenis
2795 2616 3219 2686 possessionibus
3239 2630 3555 2671 concessum
3577 2624 3661 2670 est
3680 2616 3756 2669 eis

2187 2705 2545 2776 adipiscendis
2586 2705 2692 2760 ullo
2736 2706 2896 2760 modo
2937 2706 3164 2759 inhiare.
3215 2705 3368 2760 Unde
3403 2703 3667 2758 Dominus
3703 2704 3754 2756 in

2187 2795 2752 2867 Evangelio,apostolis
2775 2804 2828 2848 et
2856 2795 3299 2864 prmdicatoribus
3326 2793 3595 2864 Evangelii
3629 2808 3758 2863 pra!-

2189 2885 2351 2953 cepit,
2395 2885 2614 2939 dicens:
2651 2903 2670 2936 ‹
2712 2885 2914 2939 Euntes
2952 2893 3131 2938 autem
3174 2885 3483 2953 prtedicate,
3517 2885 3755 2938 dicentes

2189 2975 2312 3044 quia
2340 2975 2788 3045 appropinquabit
2813 2989 3035 3044 regnum
3079 2973 3358 3038 calorum,
3395 2971 3639 3026 inﬁrmos
3665 2986 3756 3025 cn-

2192 3074 2326 3130 rate,
2359 3074 2599 3119 mortuos
2619 3065 2896 3129 suscitate,
2925 3064 3165 3132 leprosos
3189 3063 3464 3126 mandate,
3490 3064 3756 3116 daemones

527 3168 593 3210 eo
619 3154 900 3208 abutamur
933 3153 1166 3223 indigne.
1196 3154 1476 3209 Primitive
1504 3155 1658 3225 juxta
1693 3155 1924 3210 litteram
1961 3164 2086 3210 sunt
2112 3151 2156 3214 C
2188 3159 2364 3228 ejicitc
2391 3175 2404 3213 :
2436 3160 2604 3231 gratis
2633 3159 2950 3228 accepistis,
2991 3158 3160 3227 gratis
3188 3158 3328 3209 date.
3377 3155 3552 3211 Nolite
3584 3155 3754 3224 possi-

525 3243 878 3298 animantium
901 3252 956 3298 et
985 3244 1392 3298 iuanimantium
1425 3260 1543 3312 quae
1569 3245 1744 3314 prima
1770 3255 2084 3311 nascuntur,

524 3341 583 3387 ct
605 3349 724 3402 qua:
755 3333 985 3403 primum
1023 3341 1165 3388 terra
1189 3333 1376 3404 gignit.
1413 3333 1668 3388 Primitiae
1701 3350 1912 3405 quoque
1944 3336 2088 3390 cibo-

526 3439 645 3478 rum
695 3432 999 3478 nostrorum
1037 3426 1412 3479 sacerdotibus
1457 3423 1792 3492 oﬂ'eruntur,
1849 3434 1908 3480 ut
1954 3427 2087 3481 nihil

523 3527 800 3588 gustemus
830 3533 1087 3573 novarum
1116 3518 1347 3589 frugum,
1379 3519 1480 3574 nisi
1510 3521 1656 3589 quod
1685 3520 1936 3577 sacerdos
1965 3530 2090 3576 ante

523 3608 837 3677 gustaverit.
877 3607 990 3664 Hoc
1011 3617 1189 3664 autem
1220 3608 1468 3674 facimus,
1504 3617 1562 3663 ut
1588 3619 1811 3680 reponat
1841 3611 2091 3668 sacerdos

523 3699 948 3755 benedictionem
983 3708 1040 3754 et
1076 3700 1396 3754 oblationem
1419 3709 1656 3755 nostram
1681 3702 1734 3755 in
1759 3701 1919 3756 domo
1947 3719 2043 3758 sua
2073 3722 2086 3756 :

525 3789 637 3842 sive
671 3797 729 3842 ut
766 3789 834 3842 ad
864 3790 1307 3858 imprecationcm
1336 3806 1484 3846 suam
1516 3791 1772 3849 Dominus
1809 3794 2092 3850 benedicat

524 3880 771 3935 domibus
808 3883 1026 3936 nostris.
1077 3883 1306 3938 Grandis
1338 3883 1568 3951 dignitas
1607 3887 1969 3950 sacerdotum,
1996 3886 2090 3940 sed

523 3969 741 4040 grandis
781 3971 934 4026 ruina
970 3973 1015 4027 si
1059 3981 1303 4041 peccant.
1350 3974 1626 4028 Laitamur
1671 3977 1738 4029 ad
1783 3989 2086 4039 ascensum,

522 4059 619 4113 sed
660 4059 946 4112 timeamus
975 4059 1042 4113 ad
1083 4060 1309 4129 lapsum.
1342 4062 1459 4117 Non
1497 4071 1582 4116 est
1625 4065 1759 4118 tanti
1791 4063 1969 4132 gaudii
1995 4079 2090 4118 ex-

524 4145 668 4200 celsa
709 4147 964 4214 tenuisse,
986 4149 1172 4216 quanti
1199 4151 1446 4204 num-oris
1470 4152 1533 4205 de
1558 4151 1955 4206 sublimioribus
1977 4167 2092 4206 cor-

523 4236 717 4291 ruisse.
747 4235 931 4306 Neque
951 4238 1093 4291 enim
1121 4238 1290 4293 solum
1319 4256 1414 4307 pl‘O
1443 4242 1641 4294 nostris
1664 4242 1873 4296 delictis
1900 4241 2088 4294 redie-

528 4341 646 4381 mus
687 4327 982 4393 rationem,
1024 4327 1118 4382 sed
1150 4343 1248 4396 pro
1281 4331 1517 4383 omnium
1549 4347 1774 4400 quorum
1818 4332 2091 4386 abutimur

526 4415 700 4482 donis,
717 4424 770 4470 et
791 4431 1126 4487 nequaquam
1148 4433 1333 4473 sumus
1354 4421 1418 4474 de
1441 4435 1626 4474 eorum
1655 4420 1826 4475 salute
1851 4422 2083 4477 solliciti.

2188 3253 2312 3306 dere
2355 3267 2567 3315 aurmn,
2595 3265 2769 3320 neque
2811 3258 3108 3319 argentum,
3159 3263 3334 3318 neque
3381 3247 3665 3317 pecuniam
3703 3246 3754 3299 in

2187 3339 2336 3392 zonis
2364 3338 2580 3403 vestris,
2611 3352 2717 3391 non
2741 3352 2921 3406 peram
2949 3337 3000 3388 in
3031 3337 3134 3398 via,
3165 3350 3336 3404 neque
3369 3335 3500 3388 duas
3524 3333 3755 3396 tunicas,

2186 3444 2360 3499 neque
2385 3429 2764 3491 calceamenta,
2795 3441 2966 3497 neque
2997 3428 3219 3498 virgam.
3261 3427 3462 3495 Dignus
3497 3435 3577 3481 est
3615 3427 3756 3480 enim

2187 3520 2466 3588 operarius
2511 3518 2629 3572 cibo
2683 3533 2780 3572 suo
2815 3515 3048 3588 (ΜαιιΙι.
3098 3534 3130 3570 x
3162 3519 3200 3587 ).
3265 3517 3399 3571 llinc
3452 3526 3508 3570 et
3555 3516 3752 3570 Paulus

2188 3611 2478 3666 Corinthiis
2527 3609 2748 3678 loquens
2798 3626 2810 3661 :
2873 3626 2891 3658 ι
2942 3609 3208 3672 Nescitis,
3249 3607 3459 3675 inquit,
3495 3610 3747 3677 quoniam

2189 3702 2281 3771 qui
2329 3702 2382 3755 in
2429 3700 2668 3755 sacrario
2716 3707 3042 3767 operantur,
3079 3715 3197 3768 qua:
3241 3699 3306 3754 de
3355 3701 3597 3753 sacrario
3637 3710 3757 3754 sunt

2190 3792 2371 3854 edunt,
2409 3790 2500 3858 qui
2545 3789 2735 3843 altario
2774 3789 3100 3851 deserviunt,
3151 3804 3270 3842 cum
3305 3788 3500 3844 altario
3547 3790 3755 3858 partiri

2189 3888 2318 3950 pant
2365 3878 2415 3950 (Ι
2456 3877 2577 3932 Cor.
2625 3878 2722 3947 ix).
2765 3896 2783 3928 ›
2831 3876 2908 3930 Ita
2955 3885 3010 3931 et
3061 3877 3315 3932 Dominus
3360 3878 3630 3931 ordinavit
3677 3879 3755 3931 bis

2189 3972 2280 4038 qui
2327 3967 2670 4038 Evangelium
2731 3968 3069 4032 annuntiant,
3119 3968 3183 4022 de
3228 3967 3518 4037 Evangelia
3557 3968 3749 4021 vivere.

2191 4059 2326 4114 llinc
2379 4071 2434 4114 et
2498 4059 2567 4113 ad
2634 4059 2974 4113 Timotheum
3037 4060 3278 4114 scribens
3334 4059 3410 4113 ait
3458 4077 3471 4111 :
3528 4077 3548 4109 ι
3594 4059 3753 4113 Nemo

2193 4149 2427 4203 militans
2468 4148 2578 4203 Deo
2607 4188 2621 4212 ,
2679 4149 2920 4217 implicat
2979 4164 3036 4203 se
3083 4150 3308 4218 negotiis
3367 4149 3751 4214 saecularibus,

2193 4248 2248 4294 ut
2297 4240 2345 4294 ei
2388 4239 2625 4307 placeat,
2677 4240 2758 4292 cui
2810 4255 2867 4293 se
2916 4239 3176 4308 probavit.
3223 4238 3358 4292 Nam
3397 4247 3455 4292 et
3491 4240 3582 4307 qui
3636 4253 3752 4292 cer-

2194 4340 2268 4384 tat
2294 4331 2346 4382 in
2371 4344 2558 4399 agone,
2592 4345 2697 4382 non
2730 4339 3038 4394 coronatur,
3069 4330 3167 4383 nisi
3195 4329 3432 4399 legitime
3465 4330 3750 4384 certaverit

2192 4418 2276 4490 (II
2310 4418 2440 4472 Tim.
2472 4419 2554 4490 ti).
2589 4438 2606 4470 ι
2650 4418 3008 4472 Laborantem
3037 4420 3181 4473 enim
3224 4419 3516 4490 agricolam
3545 4430 3751 4489 oportet

523 4505 856 4578 (Adamant.)
896 4507 978 4561 Ab
1003 4509 1251 4563 omnibus
1280 4524 1408 4580 ergo
1447 4509 1709 4566 fructibus
1739 4513 2087 4568 sanctiﬁcatis
2114 4505 2164 4563 D
2189 4508 2419 4576 primum
2446 4508 2511 4562 de
2541 4508 2801 4562 fruetibus
2830 4509 3094 4578 accipere.
3126 4508 3235 4563 Nec
3254 4510 3400 4564 enim
3433 4511 3751 4564 conveniens

524 4606 724 4652 sancta:
750 4606 875 4652 sunt
894 4597 1177 4653 otl'erenda:
1197 4600 1446 4668 primitiae
1473 4600 1697 4671 spiritali
1723 4601 1981 4669 pontiﬁci.
2011 4601 2088 4655 Ex

523 4687 721 4755 quibus
753 4701 881 4756 ergo
900 4684 1161 4741 fructibus
1191 4689 1458 4757 spiritales
1480 4690 1742 4759 primitias
1770 4688 2089 4745 oil‘eremus?

521 4775 660 4830 Audi
690 4791 825 4844 quos
859 4775 1065 4829 fructus
1089 4785 1366 4832 enunieret
1394 4778 1680 4846 Apostolus
1713 4797 1724 4832 :
1771 4799 1788 4829 ι
1836 4779 2083 4845 Fructus,

525 4863 718 4931 inquit,
746 4864 985 4932 spiritus,
1019 4865 1273 4930 Charitas,
1297 4867 1568 4938 gaudium,
1596 4883 1718 4939 pax,
1752 4869 2030 4939 patientia,
2063 4888 2080 4920 ι

523 4963 626 5010 etc.
655 4952 795 5022 (Gal.
825 4955 896 5024 v).

595 5043 738 5110 Quas
779 5044 939 5113 igitur
964 5044 1230 5112 primitias
1252 5062 1316 5100 ex
1339 5048 1620 5102 charitatis
1643 5050 1844 5114 fructu,
1869 5051 1959 5119 qui
1983 5051 2087 5120 pri-

523 5149 644 5187 mus
671 5141 756 5187 est
782 5132 988 5188 fructus
1030 5135 1269 5206 spiritus,
1302 5135 1522 5192 offeram
1562 5153 1690 5191 vero
1729 5139 1990 5207 pontiﬁci,
2016 5139 2083 5192 il-

521 5224 602 5280 las
629 5239 728 5295 ego
765 5233 891 5295 puto
941 5240 1060 5280 esse
1105 5227 1373 5295 primitias
1427 5224 1826 5290 charitatis,'ut
1867 5229 2082 5298 diligam

523 5315 803 5370 Dominum
850 5315 1018 5369 Deum
1073 5330 1248 5368 meum
1302 5331 1368 5368 ex
1410 5325 1518 5370 toto
1547 5318 1707 5371 corde
1740 5333 1859 5370 meo
1882 5357 1896 5382 ,
1927 5327 1978 5371 et
2015 5333 2082 5370 ex

515 5389 632 5460 tota
657 5405 856 5470 anima,
879 5414 933 5459 et
955 5421 1021 5459 ex
1049 5413 1162 5459 tota
1193 5415 1370 5460 mente
1393 5421 1506 5460 mea
1537 5406 1750 5478 (Matth.
1781 5407 1944 5478 xxn);
1971 5408 2085 5462 istae

520 5506 643 5550 sunt
705 5497 975 5564 priuutiaa.
1029 5496 1167 5562 Quid
1222 5507 1402 5550 autem
1461 5508 1544 5565 est
1579 5539 1594 5564 ,
1657 5500 1800 5570 quod
1866 5515 1932 5553 ex
1983 5501 2086 5554 isto

519 5588 803 5644 cbaritatis
850 5588 1025 5642 fructu
1058 5589 1294 5643 secundo
1326 5587 1441 5643 loco
1487 5591 1685 5645 habere
1722 5593 1945 5646 debeam
1971 5632 1985 5655 ,
2029 5601 2087 5646 ut

521 5677 740 5748 diligam
787 5679 1092 5748 proximum
1140 5694 1317 5735 meum
1363 5680 1501 5736 sicut
1546 5683 1942 5753 memetipsum.
1978 5684 2083 5742 Illa:

2196 4608 2296 4664 est,
2328 4609 2388 4653 ut
2420 4599 2504 4654 ille
2528 4615 2686 4668 quem
2717 4609 2928 4670 oportet
2967 4617 3178 4671 semper
3216 4601 3432 4657 adstare
3460 4603 3635 4659 cilicio
3663 4603 3744 4656 di-

2193 4691 2338 4756 vino,
2381 4707 2478 4760 pro
2519 4693 2850 4761 adquireudo
2895 4704 3186 4764 occupetur
3225 4704 3437 4750 terreno
3481 4697 3652 4752 lucro.
3695 4697 3748 4750 Si

2193 4777 2313 4846 quis
2341 4787 2518 4832 autem
2556 4780 2829 4848 quiesierit
2853 4781 2981 4848 quid
3026 4784 3248 4852 mystice
3286 4784 3510 4840 decimae
3549 4785 3746 4855 signiﬁ-

2191 4878 2332 4931 cent,
2362 4870 2497 4924 sciat
2523 4872 2921 4924 observantiam
2958 4872 3088 4943 legis
3114 4874 3167 4926 iu
3197 4875 3276 4929 eis
3302 4876 3552 4944 accipere
3580 4892 3744 4946 posse,

2191 4958 2301 5011 sive
2337 4959 2694 5028 integritatem
2737 4962 2858 5015 ﬁdei
2889 4963 3187 5025 catholicae,
3227 4979 3323 5017 seu
3364 4963 3744 5034 perfectionem

2188 5049 2448 5103 bonorum
2497 5067 2756 5120 operum;
2804 5071 2924 5123 qua:
2962 5056 3194 5111 maxime
3241 5054 3327 5109 bis
3368 5057 3622 5109 convenit
3659 5055 3745 5108 ba-

2187 5140 2332 5205 bere,
2361 5143 2448 5209 qui
2487 5144 2719 5211 speciale
2757 5145 2861 5200 Deo
2893 5146 3172 5199 servitium
3205 5147 3504 5202 secundum
3532 5145 3744 5202 electio-

2186 5246 2304 5283 nem
2327 5247 2429 5298 qua
2452 5232 2604 5285 electi
2628 5241 2753 5287 sunt
2771 5235 2836 5286 ad
2855 5234 3205 5287 ministerium
3227 5233 3485 5299 divinum,
3501 5234 3744 5288 exhibere

2188 5317 2400 5372 debent.
2434 5321 2492 5373 In
2518 5321 2736 5375 denario
2771 5323 2912 5376 enim
2947 5338 3170 5376 numero
3210 5333 3480 5378 creatura:
3505 5338 3574 5377 ac
3599 5338 3741 5378 crea-

2188 5409 2318 5462 toris
2346 5409 2579 5479 cognitio
2605 5411 3077 5478 comprehenditur
3094 5451 3108 5475 ,
3141 5411 3266 5480 quia
3293 5412 3630 5481 septenarius
3649 5427 3741 5464 uu-

2189 5512 2368 5552 merus
2392 5497 2454 5551 ad
2477 5498 2763 5552 humanam
2789 5499 3006 5568 respicit
3034 5509 3285 5554 naturam
3313 5501 3484 5558 tribus
3508 5501 3739 5558 videlicet

2194 5589 2298 5642 vim
2349 5590 2542 5644 anima:
2585 5591 3008 5645 ostendentibus.
3047 5589 3196 5646 Unde
3236 5592 3288 5645 in
3339 5591 3737 5650 Deutcronomio

2192 5681 2450 5752 scriptum
2487 5688 2567 5735 est
2613 5699 2625 5734 :
2675 5699 2692 5731 ι
2727 5681 2920 5753 Diliges
2957 5681 3235 5738 Dominum
3274 5682 3441 5736 Deum
3499 5691 3640 5739 llltltll
3676 5699 3735 5736 ex
