4028 6196
428 394 568 451 102i

1328 392 1679 452 COMMENT.
1720 393 1784 450 ΙΝ
1822 384 2277 451 EZEClllELEM.
2321 427 2387 435 —
2427 392 2552 451 ΜΒ.
2598 394 2779 454 Χγιιι.

3530 366 3545 403 i

3545 412 3681 471 1022

434 512 551 560 toto
603 503 767 560 corde
792 511 906 569 tuo,
948 511 1003 559 et
1051 518 1117 560 ex
1170 514 1281 559 tota
1322 506 1500 559 anima
1536 514 1643 569 tua,
1694 513 1749 559 et
1784 520 1850 559 ex
1894 514 2003 559 tota
2036 510 2080 565 Α
2112 503 2255 557 intra
2288 505 2601 559 vestimenta
2630 522 2826 576 corpus
2859 514 2974 575 cst,
3016 508 3153 565 sicut
3186 486 3337 567 intra
3356 516 3677 597 exteriorem

431 595 748 651 fortitudine
786 602 877 649 tua
910 594 1090 665 (Deut.
1131 595 1226 667 vi).
1273 616 1293 648 ι
1326 595 1533 666 Corpus
1558 604 1738 649 autem
1767 610 1833 649 ex
1872 610 2007 664 qua-

430 697 555 744 tuor
580 688 875 743 notissimis
896 696 1106 741 constat
1136 687 1434 742 elementis.
1473 688 1625 741 Hunc
1656 688 1797 741 enim
1829 695 2005 757 septe-

430 779 661 841 narium,
694 777 739 832 si
784 778 1022 831 ternario
1062 792 1287 832 numero
1330 778 1488 832 ﬁdem
1522 786 1576 832 et
1610 778 2002 832 confessionem

428 874 631 921 sanctae
669 864 949 921 Trinitatis
990 866 1314 936 exprimenti
1353 865 1683 935 adjunxeris,
1724 868 2002 922 denarium

427 958 532 1011 rite
554 956 868 1026 complebis.

501 1065 523 1098 ι
566 1045 738 1102 Omne
763 1047 1107 1102 morticinum
1138 1056 1194 1103 et
1219 1056 1436 1119 captum
1464 1063 1495 1103 a
1521 1048 1696 1105 bestia
1720 1049 1785 1105 de
1813 1051 2001 1106 avibus

432 1153 452 1186 ι
497 1144 551 1190 et
580 1137 864 1207 pecoribus
885 1154 991 1193 non
1016 1139 1298 1194 comedent
1324 1141 1651 1196 sacerdotes.
1685 1146 1705 1195 ί
1731 1141 1997 1215 (Ηὶενοη.)

425 1225 494 1280 Et
513 1226 667 1296 juxta
692 1227 925 1282 litteram
950 1230 1094 1283 omni
1122 1230 1303 1299 generi
1324 1229 1516 1295 electo,
1547 1231 1711 1302 regali
1738 1240 1792 1286 et
1821 1247 2000 1288 sacer-

424 1316 620 1383 dotali,
673 1319 817 1389 quod
863 1321 1079 1390 proprie
1126 1321 1194 1375 ad
1242 1320 1578 1379 Christianos
1621 1324 1855 1380 refertur
1903 1329 1993 1397 qui

422 1408 571 1462 uncti
598 1417 725 1463 sunt
741 1410 860 1464 oleo
881 1410 1106 1479 spiritali
1131 1411 1196 1465 de
1217 1425 1324 1480 quo
1344 1413 1601 1483 scriptum
1623 1422 1703 1468 est
1730 1431 1744 1480 ;
1778 1435 1796 1467 ‹
1827 1415 1995 1473 Unxit

422 1507 477 1553 te
503 1498 645 1553 Deus
676 1499 815 1553 Deus
855 1508 975 1553 tuus
1013 1500 1131 1556 oleo
1159 1502 1539 1557 exsultationis
1564 1519 1675 1573 prae
1712 1507 1989 1578 participi-

420 1586 521 1641 bus
546 1588 651 1642 tuis
676 1587 847 1659 (Psat.
880 1588 1024 1662 mv)
1044 1630 1058 1654 ,
1090 1609 1108 1641 ι
1149 1591 1263 1645 haec
1292 1600 1559 1661 praecepta
1586 1596 1909 1649 conveniunt
1936 1606 1993 1650 ut

418 1677 763 1732 morticinum
798 1693 905 1733 non
949 1680 1198 1734 comedat
1240 1688 1347 1734 tam
1397 1683 1461 1737 de
1499 1684 1687 1738 avibus
1724 1701 1883 1755 quam
1924 1689 1990 1741 de

415 1770 733 1839 pecoribus,
780 1770 933 1839 cujus
974 1787 1314 1842 nequaquam
1356 1776 1576 1845 sanguis
1619 1775 1821 1832 eﬁ‘usus
1859 1787 1944 1832 est
1968 1819 1983 1844 ,

413 1859 560 1929 quod
584 1860 637 1914 in
663 1860 887 1916 Actibus
914 1863 1276 1931 apostolorum
1310 1863 1449 1935 (Act.
1484 1866 1573 1936 xv)
1601 1868 1799 1922 dicitur
1819 1868 1985 1923 suli'o-
2016 1857 2064 1915 Β

412 1959 616 2015 catum,
663 1959 719 2004 et
754 1965 874 2020 quae
903 1954 1209 2008 necessario
1244 1957 1581 2011 observanda
1623 1959 1986 2028 apostolorum

411 2038 483 2093 de
528 2037 824 2093 Jerusalem
858 2039 1094 2110 Epistola
1121 2054 1321 2099 monet.
1356 2044 1451 2100 «Et
1469 2056 1682 2116 captum
1706 2064 1735 2101 a
1760 2049 1981 2115 bestia,»

410 2128 539 2197 quia
564 2136 617 2182 et
642 2129 811 2197 ipsum
834 2130 1084 2185 similiter
1106 2133 1422 2189 suffocatqu
1449 2145 1551 2197 est,
1582 2146 1637 2191 et
1666 2138 1989 2195 condemnat

406 2221 743 2287 sacerdotes,
768 2223 859 2291 qui
890 2223 941 2277 in
972 2225 1160 2291 turdis,
1192 2225 1462 2292 ﬁcedulis,
1493 2229 1715 2300 gliribus
1743 2239 1797 2285 et
1826 2241 1989 2288 cxte-

411 2309 489 2366 ris
510 2310 895 2380 hujuscemodi.
927 2313 1054 2370 Haec
1078 2316 1335 2372 aviditate
1360 2318 1497 2389 gula:
1523 2335 1628 2375 non
1652 2322 1983 2378 custodiunt.

410 2404 704 2462 Possumus
727 2418 907 2462 autem
932 2407 1088 2477 juxta
1122 2413 1384 2485 ἀναγωγήν
1426 2415 1767 2469 morticinum
1803 2416 1987 2473 dicere

410 2494 467 2551 in
493 2512 602 2565 quo
624 2496 819 2553 animae
837 2500 1059 2571 sanguis
1079 2511 1327 2557 mortuus
1347 2511 1452 2568 est,
1477 2511 1531 2557 et
1556 2503 1798 2559 imitatur
1819 2505 1987 2561 Nabal

407 2582 716 2640 Cannelum
745 2587 836 2657 qui
879 2587 1267 2659 interpretatur
1303 2591 1527 2657 stultus,
1575 2601 1630 2647 et
1669 2595 1850 2648 audita
1905 2595 1986 2651 ira

408 2672 579 2733 David
594 2660 804 2745 pavore
841 2681 1203 2747 contremuit,
1243 2690 1298 2737 et
1327 2692 1598 2737 mortuum
1629 2691 1714 2739 est
1740 2699 1837 2739 cor
1866 2685 1985 2754 ejus

408 2760 466 2817 in
494 2778 561 2816 eo
589 2761 641 2834 (1
676 2763 800 2836 Reg.
826 2768 978 2839 xxv).
1018 2766 1217 2839 Captus
1245 2779 1426 2826 autem
1455 2788 1485 2826 a
1514 2772 1720 2839 bestiis,
1751 2789 1985 2845 quarum

409 2868 480 2914 ue
522 2855 792 2913 morsibus
834 2857 1088 2925 lanietur,
1119 2860 1389 2932 Pmpbeta
1438 2865 1692 2933 suspirat,
1743 2866 1928 2922 dicens
1966 2886 1981 2923 :

415 2965 433 2999 ι
479 2945 557 3002 Ne
586 2949 767 3034 ttladas
805 2950 925 3008 best
944 2953 991 3007 is
1026 2953 1263 3008 animam
1289 2955 1635 3011 conﬁtentem
1671 2959 1765 3013 tibi
1807 2957 1979 3030 (Psal.

408 3035 624 3109 Limn),
658 3057 676 3089 ι
733 3038 822 3096 ille
860 3040 1118 3099 dicendus
1157 3052 1271 3112 est,
1332 3045 1423 3115 qui
1469 3047 1766 3104 adversarii
1812 3050 1984 3108 leonis

408 3125 681 3181 morsibus
708 3126 1017 3196 devoratur,
1044 3140 1098 3185 et
1121 3133 1308 3203 pardi,
1335 3135 1428 3205 qui
1457 3151 1562 3190 non
1595 3147 1767 3193 mutat
1802 3141 1980 3195 varie-

2110 590 2377 646 hmniucm
2428 594 2587 647 homo
2653 594 2893 649 interior.
2947 596 3222 666 Quomodo
3270 613 3445 657 aute-tn
3500 590 3679 665 lavat?

2106 677 2210 731 Aut
2236 695 2332 748 per
2355 682 2711 751 bapt'smum,
2750 694 2840 738 aut
2871 701 2964 755 per
2990 689 3369 745 abuxidantiam
3414 692 3674 768 lacryma-

2109 781 2226 819 rum
2268 768 2589 824 imitantium
2628 788 2793 841 aquas
2835 774 3189 843 baptismatis.
3228 781 3327 849 Qui
3366 795 3546 845 autem
3576 790 3677 846 hoc

2105 870 2210 911 non
2243 857 2396 923 Facit,
2425 871 2542 930 port
2566 863 2654 916 bit
2681 865 3013 935 iniquitatem
3046 886 3195 923 suam
3220 913 3233 935 ,
3269 875 3674 935 retributionem

2105 947 2349 1003 videlicet
2391 951 2683 1017 injustitim.
2713 954 2804 1010 Sic
2834 958 2974 1011 enim
3003 959 3235 1015 divinam
3262 956 3594 1035 Scripturam
3623 972 3674 1025 in

2103 1039 2337 1107 peccatis
2374 1054 2564 1109 pceuas
2607 1045 2888 1099 restituere
2939 1048 3176 1103 invenies
3234 1055 3670 1113 comminantem.

2105 1128 2256 1184 Unde
2285 1130 2527 1187 Ezechiel
2559 1134 2722 1188 Deum
2753 1138 2961 1191 inluxit
2991 1140 3253 1195 dicentem
3288 1162 3298 1194 :
3340 1164 3355 1195 ι
3406 1145 3519 1217 Non
3548 1165 3674 1229 par-

2100 1229 2183 1275 cet
2223 1223 2408 1277 oculus
2436 1240 2584 1280 meus
2623 1243 2782 1297 super
2819 1237 2887 1293 te,
2933 1242 2983 1283 ct
3016 1249 3120 1285 non
3154 1236 3493 1291 miserebitur
3517 1255 3530 1302 ;
3554 1223 3669 1293 ‘scd

2098 1310 2216 1366 vias
2246 1320 2365 1365 mas
2392 1330 2586 1383 ponam
2618 1332 2778 1386 super
2824 1327 2893 1384 te,
2938 1331 2991 1373 et
3028 1322 3455 1380 abominationcs
3487 1336 3587 1381 tua:
3617 1330 3671 1383 itt

2099 1402 2276 1455 medio
2297 1403 2370 1455 tui
2398 1414 2555 1458 erunt
2587 1404 2804 1476 (Eucti.
2838 1409 2933 1479 vi).
2974 1430 2991 1459 ι

2661 1495 2889 1550 CAPUT
2930 1496 3091 1552 XLV.

2098 1580 2308 1655 Dolore
2328 1584 2673 1652 sanctiﬁcata,
2698 1588 2749 1638 in
2783 1604 2882 1655 quo
2910 1599 3027 1641 sunt
3061 1589 3255 1645 Sancra
3304 1607 3595 1649 sanctorum
3619 1609 3666 1651 et

2164 1653 2425 1732 habitatio
2435 1664 2732 1732 sanctorum
2748 1673 2765 1718 ;
2781 1653 2842 1707 de
2849 1659 3060 1732 jnstitia
3072 1662 3312 1732 ponderis
3326 1675 3369 1715 et
3385 1681 3637 1720 mensura:
3647 1685 3667 1732 ;

2160 1726 2225 1799 de
2246 1725 2533 1799 quantitate
2555 1726 2903 1799 printitmrum
2921 1744 2937 1789 ;
2956 1729 3020 1781 de
3046 1725 3249 1784 duabus
3276 1735 3457 1799 primis
3475 1725 3664 1788 solem:

2166 1790 2592 1871 ttitutibus'primi
2632 1795 2844 1871 metuis,
2879 1813 2988 1849 mur
3028 1814 3131 1851 non
3170 1790 3289 1871 sunt
3328 1803 3383 1855 in
3410 1802 3667 1871 Lege;de

2160 1860 2503 1914 oblationibus
2534 1861 2775 1928 ΡιιδεΙιιε,
2803 1862 3123 1920 Pentecostes
3153 1880 3198 1922 et
3234 1860 3582 1946 Sccnopcgin;

2161 1970 2181 2002 ι
2227 1948 2466 2020 Cumque
2492 1952 2764 2021 cmperitis
2794 1962 2994 2008 terram
3026 1956 3263 2011 dividere
3286 1961 3338 2013 in
3373 1964 3666 2029 posscssio-

2092 2060 2111 2094 ‹
2155 2058 2299 2109 nem,
2323 2052 2568 2112 separate
2597 2044 2865 2113 primitias
2896 2045 3138 2113 Domino,
3168 2049 3565 2107 sanctiﬁcatum
3594 2054 3662 2109 de

2094 2148 2113 2181 ι
2158 2140 2301 2186 terra
2327 2132 2675 2203 longitudinis
2707 2134 2897 2204 viginti
2924 2135 3160 2205 quinque
3188 2136 3371 2203 millia,
3402 2148 3457 2193 et
3483 2139 3664 2197 latitu-

2095 2238 2113 2273 ‹
2154 2221 2294 2276 diuis
2316 2222 2497 2276 decem
2524 2220 2708 2277 millia.
2741 2222 3148 2279 Sanctiﬁcatum
3176 2228 3278 2281 erit
3301 2228 3352 2281 in
3375 2233 3518 2284 omni
3552 2239 3660 2287 ter-

2095 2329 2113 2364 (
2158 2314 2303 2367 mino
2325 2312 2439 2381 ejus
2464 2328 2560 2382 per
2582 2314 2885 2368 circuitum.
2917 2316 2982 2369 Et
3007 2316 3110 2371 erit
3134 2332 3200 2372 ex
3233 2318 3333 2373 hoc
3359 2319 3662 2379 sanctiﬁca—

2094 2419 2113 2454 ι
2160 2408 2294 2467 tum,
2320 2404 2640 2474 quingentos
2676 2419 2774 2473 per
2789 2405 3126 2476 quingentos,
3151 2406 3533 2476 quadrifariam
3560 2425 3659 2483 per

2094 2512 2113 2546 ι
2154 2496 2457 2560 circuitum,
2484 2497 2947 2567 etquinquaginta
2978 2498 3173 2553 cubitis
3201 2496 3505 2556 suburbana
3541 2505 3658 2575 ejus

2093 2600 2111 2634 ι
2152 2596 2249 2653 per
2276 2598 2485 2655 gyrum.
2518 2583 2634 2639 Eta
2664 2599 2914 2640 mensura
2942 2588 3044 2641 ista
3080 2589 3412 2645 meusurabis
3432 2589 3659 2661 longitu-

2092 2691 2111 2725 ι
2156 2673 2333 2728 dinem
2364 2674 2549 2744 viginti
2585 2675 2819 2745 quinque
2854 2676 3102 2743 millium,
3122 2684 3176 2733 et
3202 2676 3537 2734 latitudinem
3564 2682 3658 2738 de-

2091 2780 2111 2814 ι
2155 2777 2271 2817 cem
2298 2762 2541 2817 millium.
2567 2763 2630 2816 Et
2654 2764 2705 2817 in
2743 2766 2858 2834 ipso
2888 2766 2989 2820 erit
3013 2765 3269 2836 templum
3299 2777 3653 2842 sanctmuque

2091 2868 2112 2903 ‹
2155 2858 2461 2907 sanctorum
2479 2869 2491 2904 :
2508 2851 2897 2908 sanctiﬁcatum
2913 2853 2979 2909 de
2993 2861 3135 2909 terra
3155 2854 3261 2909 erit
3284 2856 3654 2913 sacerdotibus

2088 2960 2111 2994 ς
2154 2943 2415 2998 ministris
2442 2945 2729 2999 sanctuarii
2757 2945 2850 3015 qui
2889 2947 3151 3000 accedunt
3192 2947 3260 3001 ad
3294 2947 3653 3011 ministerium

2091 3055 2110 3090 ι
2152 3034 2386 3092 Domini.
2421 3036 2488 3093 Et
2514 3039 2619 3093 erit
2639 3036 2883 3093 eislocus
2912 3038 2965 3092 in
2994 3037 3180 3094 domos
3209 3047 3264 3094 et
3313 3038 3369 3094 in
3401 3050 3653 3096 sanctua-

2090 3145 2109 3180 ‹
2154 3126 2293 3181 rium
2321 3127 2643 3193 sanctitatis,
2674 3128 2863 3199 viginti
2893 3128 3129 3199 quinque
3162 3128 3330 3183 millia
3360 3128 3653 3202 longitudi-

409 3220 577 3269 tatem
603 3231 775 3282 suam,
798 3227 855 3274 et
888 3234 1028 3275 ursae
1060 3236 1179 3291 quae
1204 3224 1371 3293 raptis
1399 3226 1551 3280 saevit
1577 3228 1789 3293 catulis,
1822 3239 1875 3283 et
1904 3230 1982 3283 Iu-

2088 3232 2106 3265 ι
2152 3213 2259 3277 nis,
2288 3222 2343 3267 et
2365 3214 2548 3268 decem
2576 3212 2741 3268 millia
2770 3215 3086 3269 latitudinis.
3120 3216 3320 3271 Levita:
3351 3228 3528 3272 autem
3557 3219 3650 3290 qui

407 3316 603 3373 porum
639 3304 787 3360 rabie
823 3313 877 3360 et
912 3306 1241 3377 reliquarum
1268 3309 1595 3378 bestiarum,
1636 3329 1773 3383 quas
1802 3318 1856 3370 in
1890 3332 1983 3371 va-

409 3392 603 3450 rietate
615 3395 911 3453 daemonum
927 3401 1239 3470 accipimus.
1253 3402 1395 3459 Aves
1410 3412 1591 3460 autem
1606 3405 1724 3462 illas
1741 3406 1983 3464 dicemus

407 3498 529 3557 quae
548 3495 750 3554 ponunt
767 3488 818 3541 in
833 3488 971 3546 ctelo
990 3505 1051 3545 os
1069 3507 1226 3547 suum
1246 3509 1259 3545 :
1282 3501 1336 3547 et
1354 3492 1443 3546 illa
1459 3508 1653 3564 pecora
1672 3509 1792 3565 qua:
1813 3510 1980 3566 prona

410 3573 466 3632 in
485 3582 793 3646 terramque
813 3580 1086 3649 vergentia
1110 3582 1288 3637 ventri
1312 3591 1542 3649 tantum,
1562 3593 1620 3638 et
1634 3585 1718 3639 his
1741 3600 1861 3655 quae
1881 3586 1981 3641 sub

406 3671 596 3717 ventre
619 3673 748 3719 sunt
765 3667 1221 3742 serviunt.(lsid.)
1250 3670 1383 3725 Item
1411 3687 1698 3741 possumus
1736 3675 1979 3729 mortici—

408 3768 536 3811 uum
556 3768 675 3810 esse
694 3766 1032 3826 peccatorem
1052 3760 1371 3832 intelligere,
1387 3771 1571 3833 utpote
1594 3764 1685 3833 qui
1709 3765 1979 3820 crudelem

406 3849 616 3921 peccati
635 3851 863 3907 sustinet
886 3862 1135 3921 mortem,
1163 3870 1194 3909 a
1215 3855 1403 3911 bestiis
1427 3863 1607 3910 autem
1633 3867 1847 3925 captum
1872 3872 1977 3912 non

411 3947 617 3995 tantum
642 3941 978 4011 simpliciter,
1008 3946 1102 4000 sed
1129 3946 1284 4002 valde
1312 3949 1742 4017 peccatorem,in
1770 3957 1978 4005 tantum

408 4037 469 4084 ut
497 4030 712 4101 maligni
731 4031 783 4085 in
809 4046 876 4088 eo
894 4044 1184 4104 operentur
1205 4037 1495 4101 daemones,
1523 4038 1662 4093 sicut
1691 4038 1792 4092 fuit
1810 4038 1979 4095 Judas

407 4118 499 4187 qui
531 4119 746 4176 diabolo
781 4120 1118 4192 ingrediente
1152 4125 1205 4180 in
1244 4128 1406 4182 corde
1436 4142 1534 4182 suo
1561 4128 1836 4185 Christum
1863 4139 1977 4184 tra-

407 4207 565 4274 didit,
592 4209 734 4267 sicut
757 4210 884 4267 olim
908 4213 1163 4280 diximus,
1187 4230 1308 4271 cum
1330 4216 1684 4286 pollutionum
1709 4218 1971 4276 sacriﬁcia

406 4294 683 4367 lcgislator
711 4312 1021 4369 exponeret.
1059 4301 1165 4359 Sed
1192 4304 1300 4360 illic
1327 4306 1541 4375 quidem
1575 4323 1698 4363 eum
1733 4310 1825 4379 qui
1855 4310 1978 4364 teti-
2044 4328 2079 4343 υ

407 4386 488 4454 git
517 4388 831 4455 morticina,
862 4399 955 4444 aut
980 4406 1011 4449 a
1044 4392 1232 4449 bestiis
1260 4404 1445 4464 capta,
1480 4397 1534 4451 id
1557 4407 1640 4452 est
1659 4438 1675 4464 ,
1704 4400 1797 4469 qui
1828 4412 1978 4455 com-

406 4477 703 4533 municavit
741 4480 854 4534 sive
884 4482 1154 4553 particeps
1183 4483 1305 4550 fuit,
1332 4501 1456 4541 cum
1481 4486 1567 4542 his
1603 4488 1690 4558 qui
1728 4489 1976 4559 praedicti

2083 3320 2104 3354 ε
2148 3303 2458 3357 ministrant
2505 3302 2707 3367 domui,
2737 3304 2836 3371 ipsi
2873 3303 3225 3371 possidebunt
3264 3305 3451 3376 viginti
3495 3321 3653 3376 gazo-

2082 3411 2103 3445 (
2142 3392 2405 3465 phylacia.
2437 3393 2502 3446 Et
2525 3394 2918 3463 possessionem
2943 3391 3175 3447 civitatis
3205 3393 3400 3449 dabitis
3415 3396 3651 3465 quinque

2083 3502 2103 3535 ι
2144 3483 2377 3539 millibus
2422 3483 2748 3547 latitudinis,
2783 3490 2837 3536 et
2874 3481 3216 3550 longitudinis
3263 3483 3449 3553 viginti
3496 3487 3650 3556 quin-

2083 3590 2103 3621 ι
2146 3586 2249 3640 que
2296 3571 2529 3625 millibus
2573 3572 2866 3625 secundum
2916 3571 3311 3639 separationem
3358 3577 3650 3631 sanctuarii

2084 3675 2105 3711 ς
2143 3662 2290 3715 omni
2327 3662 2507 3716 domui
2543 3661 2722 3714 lsrael.
2769 3661 3003 3729 Principi
3033 3674 3247 3730 quoque
3279 3661 3401 3717 hinc
3432 3671 3487 3718 et
3525 3664 3650 3721 inde

2083 3778 2103 3811 ι
2146 3759 2212 3812 de
2248 3756 2582 3825 separatione
2631 3752 2717 3807 vel
2768 3753 3021 3823 primitiis
3080 3753 3374 3807 sanctuarii
3423 3756 3475 3808 in
3527 3770 3651 3825 pos-

2083 3867 2102 3901 ε
2141 3847 2436 3903 sessionem
2482 3843 2713 3897 civitatis
2774 3851 2961 3897 contra
3031 3842 3222 3897 faciem
3296 3846 3650 3914 separationis

2083 3957 2103 3991 α
2146 3935 2468 3999 sanctuarii,
2506 3942 2562 3989 et
2602 3942 2791 3987 contra
2820 3934 3015 3989 faciem
3051 3936 3406 4004 possessionis
3444 3937 3592 3992 urbis
3617 3953 3648 3992 a

2083 4046 2103 4081 ι
2141 4029 2306 4083 latere
2337 4028 2505 4083 maris
2544 4041 2713 4095 usque
2747 4028 2816 4082 ad
2855 4040 3034 4092 mare,
3067 4036 3122 4081 et
3154 4043 3183 4081 a
3226 4027 3394 4083 lati-re
3428 4029 3651 4085 orientis

2081 4138 2102 4171 ‹
2144 4135 2312 4190 usque
2356 4119 2420 4173 ad
2475 4118 2741 4174 orientem
2767 4158 2783 4184 ,
2848 4117 3194 4187 longitudinis
3262 4128 3439 4173 autem
3496 4117 3649 4191 juxta

2083 4229 2103 4265 ι
2145 4225 2581 4279 unamquamque
2617 4216 2825 4279 partem
2859 4224 2889 4262 a
2936 4209 3165 4262 termino
3200 4208 3515 4263 occidentali
3561 4223 3649 4263 us-

2147 4318 2250 4372 que
2290 4303 2356 4356 ad
2401 4302 2685 4357 terminum
2731 4299 3047 4354 orientalem
3100 4307 3255 4353 terra:
3290 4298 3394 4352 erit
3431 4300 3478 4352 ei
3520 4312 3649 4368 pos-

2082 4412 2103 4445 ί
2146 4393 2314 4448 sessio
2336 4393 2388 4445 in
2417 4391 2597 4446 lsrael.
2630 4391 2696 4443 Et
2719 4405 2824 4443 non
2857 4387 3320 4457 depopulabantur
3343 4385 3477 4441 ultra
3501 4388 3649 4459 prin-

2087 4505 2105 4538 ι
2148 4487 2292 4555 cipes
2319 4484 2572 4555 populum
2616 4496 2827 4544 meum,
2875 4481 2970 4534 sed
3006 4488 3202 4533 terram
3233 4493 3405 4533 meam
3445 4480 3649 4535 dabunt

405 4575 568 4631 sunt,
600 4567 749 4621 dicit.
786 4567 887 4624 Hic
929 4551 1110 4627 autem
1148 4586 1270 4630 eum
1298 4575 1390 4644 qui
1429 4551 1691 4642 comedit,
1722 4551 1980 4634 videlicet
2011 4551 2060 4610 D
2089 4598 2108 4631 ‹
2152 4551 2334 4634 domui
2370 4551 2564 4641 lsrael,
2614 4574 2909 4629 secundum
2958 4573 3129 4628 tribus
3164 4588 3369 4629 eorum.
3405 4592 3424 4625 ι
3478 4571 3650 4643 (Hie-

406 4654 499 4725 qui
553 4663 724 4712 totum
770 4656 911 4714 illius
960 4669 1240 4729 peccatum
1288 4678 1443 4716 suum
1493 4666 1768 4734 proprium
1827 4665 1977 4733 fecit,

406 4761 668 4817 suamque
708 4750 996 4822 malignam
1036 4752 1384 4809 intentionem
1427 4755 1686 4824 explevit,
1732 4770 1801 4812 ex
1836 4758 1979 4813 malo

407 4837 550 4906 quod
577 4837 665 4891 ille
693 4840 980 4905 commisit,
1009 4841 1149 4900 sicut
1171 4839 1391 4896 fuerunt
1412 4840 1614 4907 Antias,
1639 4851 1696 4897 et
1724 4843 1977 4915 Caiphas,

408 4930 501 4999 qui
541 4946 646 4985 non
679 4932 994 5003 simpliciter
1037 4933 1187 4994 Judze
1233 4935 1525 5005 participes
1560 4945 1688 4989 sunt
1719 4936 1976 5006 proditio-

408 5022 494 5079 nis
532 5023 730 5090 eﬁ‘ccti,
767 5025 867 5095 ipsi
896 5026 1040 5081 enim
1076 5037 1342 5091 ementes,
1381 5026 1695 5096 proditionis
1727 5027 1777 5082 ei
1813 5027 1977 5082 dede-

409 5119 537 5166 runt
561 5115 865 5183 pecuniam,
892 5125 948 5170 et
972 5116 1098 5171 olim
1136 5116 1455 5180 esurientes,
1500 5114 1580 5169 vel
1611 5116 1980 5171 desiderantes

410 5211 640 5261 mortem
668 5203 880 5259 Domini
908 5207 973 5260 ad
998 5208 1344 5276 pascendam,
1388 5205 1795 5260 nutriendamve
1825 5220 1978 5261 suam

411 5293 866 5361 lntentionem,.et
897 5298 966 5352 ad
998 5297 1435 5353 satisfaciendum
1464 5298 1727 5352 desiderio
1755 5311 1851 5367 per
1876 5296 1977 5352 Ju-

409 5385 535 5440 dam
560 5387 976 5458 pmvaluemnt.
1014 5388 1329 5459 Huiusmodi
1364 5389 1645 5444 comedere
1669 5389 1974 5455 morticina,

408 5487 467 5538 et
492 5495 524 5535 a
552 5482 742 5538 bestiis
782 5490 938 5551 capta
966 5482 1240 5546 dicuntur,
1268 5481 1359 5550 qui
1403 5496 1622 5535 necesse
1665 5481 1866 5537 habent
1899 5480 1979 5534 la-

410 5585 540 5627 vare
569 5574 890 5633 vestimenta
921 5588 1019 5628 sua
1044 5583 1098 5627 et
1121 5587 1338 5641 corpus.
1372 5570 1544 5627 Lavat
1572 5580 1749 5625 autem
1772 5579 1977 5626 vestem

407 5676 564 5721 suam
590 5670 646 5718 et
684 5675 899 5733 corpus,
924 5662 1017 5731 qui
1057 5663 1279 5717 mundat
1308 5660 1653 5731 semetipsum
1692 5667 1884 5725 totum,
1925 5660 1979 5715 id

408 5763 497 5819 est
532 5755 842 5817 immorata
875 5754 1304 5827 exteriorcmque
1330 5769 1485 5810 suum
1516 5751 1819 5817 hominem;
1849 5752 1978 5825 quia

2081 4670 2222 4740 ron.)
2271 4667 2396 4723 Post
2434 4666 2783 4721 caeremonias
2822 4663 3159 4719 sacerdotum
3203 4663 3511 4733 cultumque
3552 4678 3649 4719 co-

2082 4772 2200 4812 rum
2241 4766 2297 4811 et
2336 4756 2515 4809 cibum
2548 4767 2668 4823 qua:
2700 4753 2930 4807 debeant
2969 4766 3184 4807 sumere
3231 4765 3415 4820 qureve
3453 4752 3647 4819 vitare,

2081 4862 2221 4901 nuttc
2268 4853 2423 4898 terrm
2469 4851 2669 4898 sancta:
2717 4839 2847 4895 facit
2903 4841 3349 4911 descriptionem,
3398 4850 3451 4896 et
3498 4851 3652 4901 ante-

2080 4950 2240 5005 quam
2284 4946 2498 4988 omnem
2548 4932 2602 4985 in
2642 4930 2815 4985 tribus
2856 4930 3080 4995 dividat,
3122 4933 3187 4985 de
3230 4930 3435 4985 cunctis
3481 4930 3650 4985 tribu-

2079 5025 2182 5080 bus
2222 5021 2376 5093 jubet
2413 5021 2536 5092 eligi
2594 5021 2772 5076 locum
2825 5021 2918 5092 qui
2978 5022 3031 5074 in
3079 5020 3409 5091 longitudine
3457 5021 3650 5074 habeat

2082 5116 2271 5184 viginti
2337 5114 2574 5183 quinque
2626 5112 2789 5167 millia
2818 5153 2833 5178 ,
2884 5121 2940 5167 et
3004 5113 3058 5166 in
3119 5112 3399 5166 latitudine
3464 5111 3649 5165 decem

2081 5207 2266 5263 millia.
2315 5206 2383 5260 Et
2428 5208 2552 5277 quia
2604 5220 2710 5260 non
2760 5215 2843 5261 est
2895 5207 3128 5276 positum
3180 5206 3482 5260 cubitorum
3535 5203 3650 5259 sive

2072 5299 2296 5371 pedum,
2337 5307 2429 5352 aut
2465 5299 2734 5363 ulnarum,
2763 5297 3088 5369 subintelligi
3143 5300 3298 5351 datur
3347 5294 3652 5366 signiﬁcare

2076 5388 2342 5443 calamum
2372 5389 2464 5458 qui
2511 5394 2628 5441 erat
2668 5388 2723 5440 in
2774 5403 2929 5440 manu
2975 5386 3097 5449 viri,
3136 5393 3191 5438 et
3229 5383 3461 5437 habebat
3498 5396 3650 5436 men-

2078 5492 2220 5534 sura:
2253 5494 2350 5533 sex
2395 5478 2603 5532 cubitos
2624 5517 2639 5540 ,
2679 5484 2733 5531 et
2793 5482 2999 5531 sextam
3028 5482 3235 5543 partem
3267 5472 3425 5525 unius
3462 5470 3647 5539 cubili,

2078 5572 2131 5626 id
2160 5582 2264 5635 est,
2288 5572 2591 5629 παλαιστὴν.
2623 5568 2859 5637 Diligens
2883 5572 3135 5635 supputet
3174 5563 3344 5619 lector
3380 5571 3512 5633 quot
3556 5576 3650 5617 ca.

2080 5659 2206 5714 lami
2238 5659 2383 5714 mille
2409 5673 2598 5728 passus
2634 5657 2833 5711 faciant
2854 5697 2868 5722 ,
2908 5666 2962 5710 et
2989 5669 3151 5725 quam
3187 5652 3353 5707 multa
3397 5651 3562 5705 millia
3594 5651 3649 5705 in

2079 5751 2409 5824 longitudine
2446 5749 2646 5805 fuerint
2687 5756 2743 5803 et
2764 5746 3081 5813 latitudine;
3117 5753 3426 5817 postquam
3455 5739 3638 5799 de’scri
