4028 6196
396 286 557 345 1035

1045 286 1104 341 Β.
1150 285 1400 345 BADA?“
1436 284 1654 343 iit-uilli
1693 272 1990 339 Μιειιιιξιι

2088 278 2367 338 IOGUNT.
2403 282 2693 340 GPEBUSI
2731 283 2915 340 PARS
2953 284 3018 340 ll.

3446 286 3667 345 »ιω

415 402 655 475 ptlonem
680 397 1143 470 rursusprmciplt,
1173 405 1232 451 ut
1249 396 1317 451 de
1340 395 1677 452 sanctiﬁcata
1706 403 1851 449 terra
1875 403 1996 459 quae
2020 391 2068 450 Α
2099 390 2166 443 ad
2194 405 2435 459 praesens
2462 400 2693 463 tempus,
2723 401 2778 450 et
2805 392 2872 447 ad
2899 392 3185 450 ecclesiam
3205 405 3328 464 quc
3346 410 3497 452 nunc
3518 395 3663 454 libo-

412 492 589 549 electa
614 498 696 546 est
719 503 788 545 ex
820 486 1069 544 omnibus
1096 485 1341 541 tribubus
1378 485 1566 550 israel.
1595 484 1649 540 id
1670 491 1776 548 est,
1797 480 1988 551 viginti

415 581 652 651 quinque
672 577 895 633 millium
922 576 1251 631 calamorum
1283 576 1334 633 in
1356 575 1711 645 longitudine,
1730 582 1786 628 et
1807 573 1989 628 decem

418 668 642 724 millium
659 667 712 722 in
726 665 1007 720 latitudine
1025 665 1256 736 eligatur
1268 666 1335 720 ad
1349 665 1720 720 aediﬁcandum
1745 670 1994 718 sanctua-

418 759 580 823 rium,
604 757 660 811 id
682 763 786 821 est,
810 755 1064 826 templum
1095 754 1325 818 Domini,
1357 754 1460 811 alia
1494 754 1820 809 intrinsecus
1846 760 1992 811 terra

414 844 827 917 quingentorum
871 845 1203 900 calamorum
1251 860 1349 915 per
1390 843 1675 899 circuitum
1701 883 1716 907 ,
1773 842 1873 899 hoc
1910 850 1995 897 est

416 938 579 991 duum
608 937 853 992 millium.
882 937 950 991 Et
975 952 1042 992 ne
1076 935 1299 992 forsitan
1336 935 1618 991 aediﬁcatio
1647 935 1830 1005 templi
1850 936 1996 992 aedes

414 1027 917 1099 alizejnngerentur,
938 1028 1179 1099 praecipit
1194 1036 1254 1081 ut
1275 1027 1660 1097 quinquaginta
1688 1028 1885 1082 cubitis
1898 1042 1996 1097 per

415 1118 700 1173 circuitum
726 1125 867 1172 terra
903 1117 974 1172 sit
994 1132 1160 1171 vacua
1187 1116 1240 1171 in
1269 1115 1594 1180 suburbana,
1623 1115 1728 1181 vel,
1756 1126 1814 1171 ut
1837 1114 1996 1187 Sym-

415 1211 658 1273 machus,
688 1218 745 1265 et
776 1208 1071 1265 Theodotio
1093 1217 1150 1263 et
1188 1208 1539 1279 Septuaginta
1579 1206 1991 1272 transtulerunt,

421 1320 439 1353 ι
483 1300 537 1355 in
564 1301 886 1365 terminum,
932 1308 986 1355 et
1011 1301 1407 1371 scparationem
1440 1307 1495 1354 et
1533 1300 1784 1369 spatium.
1829 1318 1847 1352 ι
1882 1298 1995 1354 llac

416 1391 776 1462 descriptione
810 1391 958 1446 ﬁnita
980 1432 995 1455 ,
1025 1391 1127 1446 alia
1172 1407 1237 1446 ex
1279 1392 1489 1461 integro
1522 1390 1834 1461 separandae
1871 1404 1997 1445 san-

416 1481 759 1536 ctiﬁcationis
798 1495 1049 1535 mensura
1103 1481 1433 1552 praecipitur,
1485 1488 1545 1534 ut
1592 1479 1781 1551 viginti
1832 1478 2035 1548 quin-.

416 1586 522 1640 que
547 1570 772 1625 millium
810 1570 1142 1626 calamorum
1178 1571 1230 1624 in
1253 1570 1588 1642 longitudine
1623 1579 1675 1626 et
1709 1570 1995 1625 latitudine

416 1663 604 1719 decem
649 1664 893 1725 millium,
927 1672 1051 1734 post
1095 1665 1427 1735 superiorem
1478 1680 1788 1731 mensuram
1843 1673 1990 1720 terra

416 1751 520 1807 alia
545 1752 817 1819 metiatur,
846 1753 899 1808 in
924 1729 1028 1825 qua
1051 1729 1393 1823 nequaquam
1423 1754 1495 1809 sit
1528 1729 1806 1824 templum,
1832 1754 1884 1809 id
1906 1763 1991 1809 est
2023 1729 2067 1787 Β

417 1851 691 1908 sanctum,
714 1841 807 1897 sed
834 1852 1079 1901 sanctum
1109 1853 1461 1913 sanctumque
1485 1853 1794 1903 sanctorum
1821 1861 1835 1898 :
1870 1861 1890 1895 ε
1926 1843 1994 1897 Et

420 1929 667 1986 habitent
704 1933 756 1985 in
796 1946 860 1985 ea
886 1934 1190 1988 sacerdotes
1226 1933 1316 2003 qui
1343 1933 1605 1988 accedunt
1648 1932 1715 1988 ad
1751 1932 1995 1991 ministe-

419 2021 558 2078 rium
583 2022 814 2078 Demiui.
855 2042 873 2074 ι
908 2022 1163 2078 Habitent
1191 2031 1369 2078 autem
1397 2039 1461 2079 eo
1504 2031 1746 2093 tempore
1779 2023 1995 2095 quando

419 2111 738 2168 sacerdotali
762 2110 1053 2183 funguntur
1073 2111 1248 2168 cilicio
1269 2131 1282 2165 :
1307 2121 1361 2168 et
1385 2112 1456 2167 sit
1479 2112 1618 2183 ipsa,
1644 2121 1705 2167 ut
1733 2113 1989 2177 diximus,

420 2202 692 2274 possessio
715 2202 901 2275 viginti
926 2204 1164 2275 quinque
1188 2198 1411 2259 millium
1438 2204 1767 2260 calamorum
1796 2202 1851 2257 in
1879 2202 1994 2275 lous

417 2388 544 2442 vita:
580 2387 671 2456 qui
713 2387 1080 2445 sacerdotibus
1128 2388 1392 2452 serviunt,
1436 2397 1492 2442 et
1538 2386 1736 2443 habent
1775 2386 1993 2457 propria

417 2478 739 2542 ministeria,
767 2478 1034 2549 accipient
1065 2477 1240 2534 locum
1269 2480 1335 2534 ad
1358 2477 1671 2534 :ediiicanda
1694 2478 1880 2550 viginti
1899 2494 1994 2549 ga-

422 2570 751 2643 zophylacia,
760 2571 914 2641 juxta
932 2570 1177 2639 Aquilam
1191 2576 1430 2635 excdras,
1440 2568 1591 2638 juxta
1607 2568 1989 2641 Symmachum

420 2661 702 2727 tlmlamos,
731 2660 880 2729 iuxta
904 2657 1323 2717 Tlteodotionem
1349 2677 1588 2732 quaeras,
1615 2661 1751 2725 sive,
1773 2669 1832 2714 ut
1853 2658 1989 2730 Sep-

420 2752 660 2822 tuaginta
699 2751 1104 2820 transtulerunt,
1148 2753 1429 2809 civitatem.
1452 2752 1555 2807 Per
1582 2755 1722 2824 quod
1748 2752 1994 2822 intelligi-

424 2855 545 2896 mus
572 2850 878 2911 scparatum
902 2844 1189 2914 quemdam
1210 2843 1386 2900 locum
1401 2843 1467 2898 ad
1490 2844 1868 2899 habitationem
1893 2843 1988 2901 Le-

418 2928 674 2993 vitarum,
689 2930 838 2993 urbis
855 2932 1113 2990 vocabulo
1127 2933 1443 3000 nuncupari,
1462 2933 1553 3002 qui
1575 2932 1724 2989 locus
1749 2933 1991 3005 quinque

421 3016 586 3077 millia
635 3020 831 3077 habeat
880 3020 1207 3077 calamorum
1248 3022 1303 3077 in
1342 3021 1645 3086 latitudine,
1696 3031 1751 3077 et
1799 3023 1985 3093 viginti

420 3114 660 3185 quinque
681 3108 845 3171 millia
871 3114 923 3171 in
946 3114 1297 3187 longitudine.
1322 3113 1448 3171 llaec
1476 3124 1656 3171 autem
1695 3116 1897 3179 omnia,
1932 3116 1987 3171 id

420 3215 525 3269 est,
564 3205 930 3261 sanctuarium
959 3214 1013 3260 et
1036 3205 1261 3262 alterum
1298 3206 1684 3269 sanctuarium,
1714 3216 1988 3267 sanctum-

418 3310 525 3366 que
553 3304 860 3353 sauctorum
878 3306 941 3355 et
979 3296 1279 3357 habitacula
1308 3299 1644 3353 sacerdotum
1664 3338 1678 3363 ,
1718 3308 1771 3352 et
1799 3298 1988 3357 duilius

415 3389 723 3447 [levitarum
759 3390 850 3463 qui
882 3390 1188 3447 ministrant
1223 3392 1612 3455 sacerdotibus,
1653 3390 1988 3461 appellantur

415 3479 536 3541 loca
573 3491 821 3553 separata
860 3491 913 3537 et
947 3490 1258 3538 consecrata
1303 3481 1360 3537 in
1406 3482 1782 3544 ministerium,
1834 3491 1887 3537 et
1928 3484 1985 3537 in

416 3572 902 3631 sanctiﬁcationem
955 3573 1135 3628 domui
1186 3572 1368 3629 israel.
1414 3572 1542 3629 Post
1586 3574 1986 3643 quadruplicem

418 3674 580 3723 terra:
604 3675 803 3723 sancite
836 3666 1248 3737 descriptionem
1293 3667 1511 3736 ponitur
1546 3668 1731 3738 quinta
1772 3669 1980 3725 divisio.

411 3750 676 3835 Princeps
707 3758 823 3814 sive
861 3759 966 3813 dux
997 3759 1177 3831 populi
1199 3760 1429 3831 accipiat
1471 3756 1597 3815 hinc
1621 3772 1677 3817 et
1707 3762 1852 3825 inde,
1877 3761 1983 3817 hoc

418 3858 504 3915 est
555 3864 619 3907 ex
674 3859 903 3920 utraque
953 3860 1103 3921 parte
1155 3852 1442 3909 sanctuarii
1489 3853 1542 3907 in
1588 3854 1982 3923 possessionem

414 3957 596 4006 suam,
625 3949 683 3998 ct
706 3942 759 3997 in
780 3942 915 3997 urbe
941 3950 1202 4007 versetur,
1239 3944 1595 4014 respiciatque
1633 3946 1748 4015 ejus
1774 3959 1987 4014 posses-

420 4034 503 4089 sio
528 4032 597 4087 ad
626 4040 933 4101 separatum
969 4033 1164 4104 templo
1191 4034 1364 4089 locum
1386 4044 1441 4090 et.
1468 4036 1657 4092 faciem
1698 4038 1869 4099 lll’lllS.
1892 4036 1988 4090 sit-

418 4139 575 4196 quea
611 4122 778 4179 latere
822 4123 1008 4184 maris,
1047 4123 1150 4177 boc
1175 4131 1252 4178 est
1292 4124 1360 4178 ab
1400 4124 1678 4182 occidente
1722 4140 1892 4195 "ante
1920 4125 1984 4183 ad

417 4214 649 4271 alterum
692 4213 831 4269 latus
867 4212 1063 4279 maris;
1104 4212 1437 4269 latitudinem
1472 4214 1674 4269 habens
1703 4230 1862 4283 quam
1906 4214 1988 4267 in-

417 4303 587 4365 ferius
620 4304 674 4358 in
700 4302 1056 4374 descriptione
1086 4302 1317 4357 tribuum
1360 4301 1690 4371 singularum
1721 4303 1986 4372 Propheta

2013 3071 2062 3135 ϐ

2096 487 2180 535 rat
2204 481 2259 537 in
2291 481 2512 548 mundo,
2544 491 2599 537 et
2621 483 2687 541 ad
2715 482 2955 538 caelestia
2994 483 3077 540 ire
3103 482 3347 551 festinat,
3383 485 3666 544 referenda

2092 581 2221 626 sunt
2243 573 2447 638 omnia,
2474 581 2535 628 ut
2551 572 2619 627 de
2643 573 2895 629 universo
2922 574 3123 630 mundo
3165 573 3454 644 eligantur,
3492 577 3585 633 alii
3615 579 3667 634 in

2094 662 2489 732 possessionem
2527 661 2622 720 Del
2666 663 2760 732 qui
2788 670 3034 718 sanctum
3063 664 3408 734 possideant,
3449 665 3539 722 alii
3577 668 3667 739 qui

2095 752 2164 807 ad
2190 752 2395 820 majora
2416 753 2763 823 profecerim,
2791 761 3010 809 tean
3029 762 3214 811 sancta
3241 765 3569 813 sanctorum.
3611 758 3665 814 in

2095 845 2360 903 ministris
2398 859 2611 914 quoque
2652 846 2787 901 ordo
2825 845 3073 899 diversus
3114 853 3200 903 est
3241 847 3580 903 sacerdotum
3612 859 3668 904 et

2092 938 2430 1004 Levitarum,
2456 951 2691 1007 quorum
2731 935 2821 991 alii
2857 935 3197 993 orationibus
3226 937 3343 993 suis
3368 948 3533 1007 atque
3560 941 3668 994 vir-

2097 1030 2301 1086 tutibus
2350 1028 2592 1100 quotidie
2626 1026 2895 1083 sacriﬁcia
2941 1024 3172 1085 oderant
3198 1028 3329 1092 Deo,
3360 1028 3449 1084 alii
3489 1030 3547 1083 in
3578 1047 3666 1087 sc—

2095 1123 2269 1178 cundo
2293 1130 2351 1176 et
2376 1121 2569 1177 minori
2594 1120 2764 1190 gradu
2789 1130 2919 1175 sunt
2935 1127 2995 1175 ut
3024 1119 3108 1177 his
3135 1119 3465 1186 ministrent,
3498 1129 3556 1174 et
3574 1136 3668 1191 per

2095 1229 2190 1268 eos
2221 1213 2313 1286 qui
2355 1213 2423 1268 ad
2460 1213 2720 1271 virtutum
2763 1210 2999 1267 culmina
3021 1210 3473 1269 conscenderunt.
3514 1211 3666 1266 Etad

2094 1312 2397 1359 ostreatum
2428 1303 2499 1359 sit
2530 1304 2638 1358 dux
2667 1304 2780 1359 sive
2812 1304 3063 1373 princeps
3111 1303 3207 1373 qui
3259 1312 3468 1358 tanaim
3503 1303 3668 1373 possit

2094 1401 2153 1449 ut
2174 1402 2360 1451 contra
2380 1410 2542 1449 unam
2572 1395 2768 1450 tribum
2792 1394 3192 1464 possessionem
3220 1394 3468 1465 accipiat,
3488 1393 3663 1447 unius-

2094 1502 2200 1556 que
2229 1486 2481 1540 meritum
2504 1493 2815 1554 compenset
2858 1482 3051 1539 merita
3073 1481 3448 1552 plurimorum.
3474 1481 3545 1535 Et
3560 1481 3668 1552 pri-

2096 1593 2243 1633 mum
2285 1579 2412 1633 dum
2456 1585 2705 1632 versatur
2744 1576 2799 1631 in
2847 1574 3041 1632 saeculo
3090 1573 3157 1629 de
3201 1572 3338 1627 mari
3384 1586 3560 1642 usque
3600 1572 3665 1627 ad

2096 1684 2268 1736 mare,
2322 1668 2659 1725 latitudinem
2694 1666 2987 1738 possideat.
3033 1664 3237 1721 Deinde
3282 1664 3352 1720 ab
3386 1663 3669 1720 occidente

2094 1761 2210 1817 sive
2230 1775 2261 1815 a
2288 1760 2426 1815 mari
2447 1775 2619 1830 usque
2639 1758 2706 1815 ad
2726 1759 3015 1821 orientem,
3046 1765 3105 1811 ut
3128 1754 3414 1825 praesentia
3439 1754 3666 1809 derelin-

2092 1867 2284 1923 quens,
2316 1853 2381 1908 ad
2410 1851 2592 1906 futura
2623 1851 2839 1907 festinet
2857 1858 2915 1906 et
2930 1849 3126 1905 habeat
3147 1854 3354 1903 certam
3378 1845 3668 1917 possessio-

2092 1958 2216 2000 nem
2254 1957 2427 1999 suam.
2470 1941 2537 1998 Et
2564 1956 2899 2013 nequaquam
2938 1939 3210 2011 principes
3247 1937 3424 1992 aliena
3456 1935 3665 1992 deside.

2093 2042 2242 2099 rent,
2295 2042 2353 2089 et
2404 2047 2737 2105 unaquaeque
2786 2032 2959 2089 tribus
2996 2047 3151 2087 suam
3197 2039 3409 2101 partem
3458 2035 3663 2085 teneat.

2092 2123 2245 2191 Quod
2289 2124 2507 2194 proprie
2545 2124 2613 2177 ad
2651 2124 2930 2194 episcopos
2971 2131 3027 2177 et
3070 2121 3418 2192 presbyteros
3467 2117 3659 2175 referri

1992 2233 2039 2296 μηδ
2090 2223 2288 2285 potest,
2319 2214 2515 2283 quibus
2540 2214 2770 2279 dicitur,
2794 2233 2814 2267 ‹
2844 2221 2907 2270 ut
2943 2229 3049 2269 non
3069 2220 3283 2268 vastent
3307 2222 3472 2281 atque
3496 2222 3662 2281 popa.

418 2294 680 2366 git‘ndiue,
711 2301 766 2349 et
807 2293 991 2350 decem
1018 2294 1241 2350 millium
1275 2295 1329 2350 in
1371 2294 1675 2351 latitudine.
1705 2294 1871 2349 Porro
1892 2293 1990 2351 Le-

2092 2308 2272 2363 icntur
2295 2307 2437 2362 ultra
2461 2306 2717 2378 populum
2747 2300 2992 2373 Dei,'nec
3012 2313 3219 2362 terram
3249 2305 3417 2360 isracl
3444 2305 3666 2360 haeredi-

2092 2407 2202 2455 tate
2241 2397 2569 2470 possideant.
2606 2418 2626 2452 ι
2667 2397 2777 2455 Sed
2816 2397 3415 2467 unusquismte‘babeut
3447 2410 3662 2469 paes-

2090 2492 2299 2547 sionem
2345 2505 2519 2558 suam,
2562 2505 2687 2560 quas
2717 2490 2885 2561 gradu
2925 2488 3070 2544 illius
3107 2488 3399 2544 constitua
3426 2480 3662 2543 θωπί.

2090 2583 2223 2655 ginti
2237 2583 2473 2653 quinque
2494 2590 2673 2637 autem
2695 2580 2860 2638 millia
2888 2579 3195 2636 referuntur
3211 2579 3281 2635 ad
3306 2582 3661 2651 “alio,”

2088 2683 2282 2745 quater
2292 2674 2468 2745 posita
2489 2680 2633 2728 sunt.
2662 2672 2833 2728 Porro
2859 2671 3047 2727 decem
3075 2670 3246 2727 millia
3272 2671 3339 2726 ad
3367 2671 3660 2740 perfectam

2090 2767 2370 2822 scientiam
2398 2805 2413 2832 ,
2455 2774 2512 2820 ut
2561 2765 2615 2821 in
2671 2765 2841 2821 altero
2893 2764 3115 2834 simplex
3167 2771 3387 2818 tantis.
3418 2768 3663 2817 tam

2090 2857 2312 2913 historia
2338 2874 2353 2910 :
2388 2856 2442 2910 in
2470 2855 2639 2912 altero
2656 2856 2820 2911 etiam
2841 2855 2909 2910 de
2930 2856 3171 2928 θεοὶατέα,
3204 2840 3535 2932 cturnus-ni
3550 2852 3660 2921 vir-

2091 2949 2292 3005 tutibus
2331 2947 2664 3017 disputetur,
2708 2947 2835 3017 quia
2884 2936 3551 3018 decentiorin
3578 2952 3662 3002 est

2091 3052 2365 3095 numerus.
2406 3036 2539 3095 Illud
2579 3053 2792 3107 quoque
2823 3036 3270 3103 considerandum
3477 3048 3659 3092 sacer-

2091 3131 2266 3193 dotes,
2295 3128 2385 3198 qui
2429 3127 2483 3183 in
2513 3129 2704 3199 majori
2744 3128 2914 3198 gradu
2955 3136 3085 3183 sunt
3128 3127 3432 3192 constituti,
3464 3126 3658 3198 viginti

2089 3216 2329 3289 quinque
2361 3216 2527 3271 millia
2557 3217 2865 3287 possideant
2895 3217 2948 3272 in
2988 3216 3338 3287 longitudine,
3382 3223 3439 3271 et
3474 3206 3657 3271 decem

2089 3307 2257 3363 millia
2296 3308 2351 3362 in
2391 3307 2689 3365 latitudine.
2740 3306 2940 3363 uviae
2981 3316 3188 3373 autem,
3224 3309 3279 3362 id
3305 3316 3410 3372 est,
3437 3305 3659 3362 inferior

2088 3396 2309 3466 iiradus,
2331 3396 2581 3456 eumdem
2614 3396 2835 3467 quidem
2863 3410 3149 3452 nunerum
3172 3397 3375 3452 habent
3400 3394 3465 3452 in

2090 3487 2274 3544 tudine
2293 3528 2311 3552 ,
2338 3489 2439 3545 hoc
2466 3496 2550 3544 est
2580 3488 2769 3557 viginti
2798 3488 3036 3557 quinque
3063 3487 3253 3551 millia,
3298 3486 3395 3542 sed
3423 3484 3651 3542 latitudo

2088 3578 2256 3648 ipsius
2296 3577 2547 3646 quinario
2588 3591 2813 3633 numero
2870 3577 3110 3631 ﬁniatur.
3168 3577 3316 3634 Unde
3362 3584 3420 3631 et
3466 3575 3657 3647 viginti

2089 3677 2298 3724 tantum
2322 3676 2508 3724 tenent
2534 3667 2911 3739 gaeophyiacia
2950 3666 3005 3723 in
3028 3682 3136 3738 quo
3165 3678 3395 3724 numero
3412 3666 3662 3729 circnm-

2088 3768 2177 3815 tur
2198 3776 2423 3817 munera
2470 3760 2632 3816 Esau.
2677 3758 2936 3829 Princeps
2964 3772 3096 3815 vero
3120 3758 3213 3829 qui
3244 3770 3378 3814 vero

2089 3853 2140 3908 in
2170 3852 2364 3922 populo
2388 3859 2493 3915 est,
2510 3859 2565 3906 et
2588 3859 2823 3917 meretur
2842 3850 2997 3906 (locis
3018 3862 3215 3907 nom
3236 3850 3507 3920 accipere,
3534 3850 3658 3904 hinc

2087 3941 2211 3996 inde
2249 3940 2446 4010 accipit
2489 3940 2891 4009 possessionem
2933 3938 3254 4005 sanctuarii,
3305 3954 3369 3994 ex
3409 3938 3657 3996 omnibus

2086 4031 2336 4087 videlicet
2359 4030 2453 4100 qui
2479 4030 2529 4086 ei
2572 4029 2851 4085 voluntate
2864 4028 3097 4097 subiecti
3128 4036 3268 4091 sunt,
3300 4036 3358 4083 et
3389 4029 3539 4083 urbis
3566 4029 3659 4083 ha-

2087 4124 2285 4178 bitator
2315 4130 2429 4188 est,
2473 4121 2874 4192 multorumque
2911 4122 3140 4177 salutem
3166 4135 3317 4176 suam
3355 4121 3655 4176 mercedem

2088 4212 2234 4269 facit.
2286 4212 2349 4269 ln
2391 4213 2561 4284 priori
2611 4212 2811 4283 templo
2848 4211 2990 4282 quod
3027 4212 3226 4266 dicitur
3266 4210 3652 4274 sanctuarium,

2086 4306 2366 4376 quingenti
2385 4321 2482 4376 per
2499 4305 2707 4375 singula
2745 4304 2912 4360 latera
2939 4303 3132 4358 calami
3161 4301 3565 4365 describuntur,
3601 4309 3656 4355 et

413 4392 692 4449 describit.
732 4391 969 4462 Denique
993 4391 1252 4464 sequitur.
1292 4390 1350 4450 in
1389 4390 1772 4462 longitudinem
1805 4402 1984 4449 autem
2012 4415 2067 4479 Ι)
2090 4410 2302 4451 rursum
2329 4394 2713 4465 quinquaginta
2753 4393 2943 4458 cubiti,
2973 4393 3167 4463 quibus
3195 4392 3374 4447 omnis
3408 4389 3655 4445 sacerdo-

409 4484 569 4557 juxta
621 4499 1050 4556 unamquamque
1091 4491 1303 4553 partem
1349 4499 1512 4554 quam
1559 4484 1782 4554 singulae
1815 4485 1986 4542 tribus

420 4575 687 4644 accipiunt
725 4589 757 4630 a
799 4576 1026 4630 termino
1068 4574 1409 4640 occidentali,
1437 4573 1491 4629 id
1522 4583 1608 4630 est
1634 4574 1796 4629 maris
1817 4590 1986 4645 usque

415 4666 485 4726 ad
512 4666 800 4722 terminum
823 4666 1159 4731 orientalem,
1192 4667 1282 4737 qui
1310 4666 1403 4721 ubi
1432 4666 1645 4721 finiatur
1666 4666 1720 4722 in
1751 4667 1983 4727 tribuum

419 4757 778 4831 descriptione
807 4772 1107 4815 nossemus.
1138 4758 1206 4813 Et
1236 4756 1352 4814 haec
1389 4758 1493 4815 erit
1534 4760 1800 4830 possessio
1833 4760 1986 4817 ducis

417 4849 532 4905 sive
548 4847 814 4917 principis
839 4847 893 4901 in
918 4858 1059 4904 terra
1080 4849 1260 4905 israel.
1295 4849 1420 4905 Haec
1449 4849 1665 4908 interim
1688 4851 1830 4906 dicta
1854 4853 1981 4917 sint,

418 4950 476 4995 ut
523 4937 746 5008 simplex
794 4937 1031 4995 historice
1070 4955 1250 4995 sermo
1295 4947 1565 4997 noscatur.
1610 4941 1876 4999 Czeterum
1935 4945 1983 4999 si

416 5030 746 5089 voluerimus
772 5042 1084 5098 comparare
1106 5029 1432 5099 spiritalibus
1447 5030 1731 5101 spiritalia,
1755 5040 1809 5087 ct
1828 5031 1983 5100 juxta

417 5120 681 5192 quosdam
705 5119 1024 5190 interpretes
1053 5119 1122 5173 ad
1142 5118 1335 5173 altiora
1363 5121 1745 5184 conscendere,
1777 5122 1865 5190 qui
1893 5136 1983 5177 ae—

416 5220 607 5271 serunt
634 5210 856 5286 ﬁgurant
890 5208 1193 5266 futurorum
1231 5225 1352 5265 esse
1379 5212 1688 5280 praesentia,
1715 5220 1770 5266 et
1804 5212 1985 5266 omnia

416 5317 537 5372 quae
581 5301 836 5359 dicuntur
879 5300 1150 5371 pertinere
1191 5299 1258 5354 ad
1298 5298 1575 5354 caelestem
1621 5298 1975 5367 Hierusalem,

415 5407 536 5463 qua
560 5400 645 5449 est
669 5399 845 5448 mater
870 5392 1107 5446 omnium
1137 5397 1400 5455 nostrum,
1448 5397 1503 5445 et
1545 5390 1827 5447 ecclesiam
1872 5390 1982 5462 pri-

419 5482 750 5548 njtivorum,
796 5497 900 5538 non
953 5481 1168 5554 quidem
1223 5478 1442 5539 dillicilc
1488 5480 1594 5535 erit
1636 5480 1814 5536 dicere
1858 5494 1978 5550 quae

414 5568 559 5626 dicta
579 5579 706 5626 sunt
727 5571 796 5627 ab
818 5571 958 5635 aliis,
989 5572 1083 5627 sed
1115 5586 1368 5629 veremur
1395 5585 1462 5625 ne
1492 5568 1859 5649 hujuscemodi
1882 5585 1978 5626 ex-

417 5661 730 5735 positionem
754 5665 987 5732 prudens
1008 5663 1173 5719 lector
1196 5677 1529 5733 nequaquam
1555 5662 1794 5732 recipiat.
1824 5662 1976 5721 [inde

2087 4495 2199 4542 tum
2229 4486 2497 4556 possessio
2522 4492 2820 4554 separatur.
2856 4482 2913 4538 lu
2939 4485 3173 4539 secundo
3195 4493 3375 4538 autem
3404 4490 3653 4537 sanctua-

2087 4575 2192 4640 rio,
2234 4574 2325 4629 ubi
2365 4584 2494 4631 sint
2518 4582 2703 4629 sancta
2740 4582 3074 4637 sanctorum,
3117 4572 3342 4626 latitudo
3380 4571 3562 4641 templi
3599 4580 3652 4626 et

2085 4667 2318 4736 spatium
2346 4681 2448 4722 ron
2473 4664 2818 4729 describitur,
2864 4664 2960 4718 sed
3000 4664 3237 4718 incertus
3264 4676 3525 4716 numerus
3551 4668 3649 4717 est.

2086 4758 2238 4825 Quod
2265 4757 2481 4826 quidem
2510 4763 2566 4809 et
2594 4755 2647 4809 iu
2673 4754 3018 4825 possessione
3044 4752 3300 4823 principis
3329 4752 3648 4814 invenimus,

2087 4848 2177 4917 qui
2207 4848 2408 4916 absjuc
2440 4846 2550 4901 ullo
2584 4860 2809 4901 numero
2835 4844 2998 4898 habet
3038 4843 3431 4914 possessionem
3471 4842 3524 4896 in
3561 4856 3651 4911 po-

2085 4939 2210 5008 pulo
2232 4937 2414 5001 lsnel,
2456 4938 2582 4992 dum
2617 4935 2889 5007 profectus
2912 4936 3286 4991 universorum
3315 4932 3581 4988 redundat
3599 4931 3647 4983 in

2083 5029 2402 5099 principem,
2453 5036 2508 5083 et
2549 5027 2932 5097 discipulorum
2968 5027 3120 5083 salus
3164 5025 3447 5096 premium
3488 5021 3651 5094 magi.

2083 5128 2320 5175 stmrum
2342 5125 2445 5174 est.
3450 5144 3451 5149 η
3524 5192 3529 5195 μ
3570 5130 3573 5135 '

2161 5229 2181 5263 ι
2225 5209 2349 5266 limo
2374 5210 2506 5265 dicit
2536 5209 2794 5265 Dominus
2823 5211 3001 5266 Deus:
3034 5206 3275 5264 Sullioiat
3298 5196 3655 5275 voltis,”-

2089 5319 2110 5353 ο
2153 5300 2299 5369 cipes
2329 5297 2523 5366 lsrael;
2566 5299 2903 5369 iniquitatem
2944 5310 3002 5354 et
3038 5299 3253 5369 rapinas
3290 5296 3640 5361 intermittite,

2084 5409 2108 5441 ι
2150 5399 2206 5447 et
2238 5389 2503 5459 judicium
2533 5397 2588 5445 et
2625 5388 2891 5460 justitiam
2927 5390 3107 5446 facite.
3135 5390 3400 5459 Separate
3420 5385 3641 5442 conﬁnis

2087 5502 2107 5536 ς
2151 5491 2326 5538 vestra
2361 5498 2391 5536 a
2422 5481 2621 5553 populo
2654 5498 2795 5545 meo,
2826 5483 2906 5537 ait
2943 5483 3204 5537 Dominus
3238 5481 3399 5536 Deus.
3440 5496 3462 5532 ›
3502 5476 3644 5545 (Hir-

2081 5569 2222 5643 ron.)
2260 5570 2364 5626 Pro
2409 5570 2607 5640 rapinis
2651 5569 3002 5644 Septuaginta
3042 5571 3309 5631 miseriam
3354 5564 3642 5623 transtule-

2082 5673 2239 5727 runt;
2266 5678 2364 5734 pro
2391 5662 2651 5731 Mutis,
2680 5664 3079 5733 oppressionem.
3098 5662 3191 5718 Est
3215 5669 3395 5717 autem
3420 5663 3638 5716 sensus'
