4028 6196
301 352 442 409 N195

1224 350 1575 407 COMMENT.
1613 351 1678 407 IN
1715 348 2163 409 EZECHIELEM.
2210 378 2279 395 --
2313 349 2439 406 LIB.
2484 348 2667 407 ιιιήι.

300 472 402 536 Qui
426 466 715 539 accepistis
737 475 944 538 partem
958 465 1868 538 vestram,oprincipcs,Scriptura
1900 474 1945 531 Α
1973 467 2125 521 vobis
2172 480 2399 535 magnus
2446 482 2590 529 esse,
2641 465 2736 520 ﬁat
2782 464 3029 520 minister
3053 463 3270 536 (Matth.
3297 482 3384 533 sx;
3414 465 3547 521 Luc.

303 563 549 625 dicente,
577 558 804 629 principi
834 573 1052 628 quoque
1086 560 1212 614 hinc
1243 560 1366 613 inde
1392 559 1447 612 in
1476 558 1875 628 separationem

300 651 599 708 sanctuarii
616 649 1013 722 possessionem
1030 648 1282 713 civitatis,
1302 648 1638 712 subauditur,
1658 648 1872 702 dabitis.

301 740 372 796 Et
404 747 551 796 tanta
578 746 663 795 cst
694 746 874 793 vestra
904 739 1165 809 potentia,
1196 749 1254 792 ut
1280 739 1440 792 unius
1469 737 1641 792 tribus
1670 747 1878 806 partem

300 829 574 899 acceperit
616 836 795 883 vestra
838 828 1128 897 possessio.
1177 827 1382 882 Idcirco
1419 827 1674 898 praecipio
1717 836 1879 894 atque

300 932 621 973 commoneo
643 926 700 970 ut
719 916 946 971 sufﬁciat
974 917 1079 971 huc
1100 930 1270 985 usque
1299 916 1639 985 iniquitatem
1688 914 1881 971 fecisse

300 1018 359 1064 et
404 1008 642 1078 rapinas,
682 1007 807 1060 dum
849 1005 1023 1060 aliena
1055 1006 1308 1060 invaditis
1342 1013 1503 1074 atque
1525 1005 1776 1074 diripitis.
1813 1005 1881 1060 Et

301 1099 431 1169 quia
468 1099 727 1168 scriptum
762 1105 845 1151 est
878 1115 892 1151 :
928 1116 946 1148 ι
989 1096 1209 1151 Dimitte
1243 1096 1445 1150 malum
1473 1105 1528 1150 et
1565 1096 1650 1150 fac
1679 1096 1879 1149 bonum

304 1189 358 1252 (Ι
394 1188 538 1243 Petr.
570 1189 675 1260 Ill),
713 1208 732 1241 ι
761 1204 790 1243 e
831 1188 1106 1243 contrario
1138 1203 1150 1240 :
1189 1206 1207 1239 ς
1246 1184 1512 1241 Iudicium
1537 1186 1692 1241 facite
1720 1194 1882 1255 atque

294 1280 589 1347 justitiatn,
605 1276 913 1346 iudicantes
928 1276 1174 1347 pupillos,
1190 1286 1246 1330 ct
1264 1276 1623 1346 justiﬂcantcs
1645 1276 1877 1330 viduam.

306 1370 574 1439 Separate
601 1377 778 1423 vestra
819 1368 1048 1422 confinia
1078 1382 1107 1420 a
1134 1366 1328 1435 populo
1359 1383 1503 1432 meo,
1541 1387 1558 1417 ι
1591 1382 1658 1422 ne
1692 1366 1883 1420 videli-

306 1473 403 1516 cet
443 1462 705 1515 tcrminos
736 1457 1092 1521 transferatis,
1122 1465 1176 1510 et
1196 1457 1471 1526 quia'ipsa
1507 1456 1704 1510 vicinia
1741 1455 1885 1508 lmdit

308 1551 671 1613 humiliorem,
706 1549 797 1618 qui
840 1545 1184 1617 supercilium
1226 1545 1443 1615 majoris
1480 1556 1533 1601 et
1571 1546 1887 1615 potentioris

306 1655 420 1693 non
443 1646 618 1709 potest
642 1638 931 1691 sustinere.
959 1635 1097 1690 Hinc
1135 1650 1232 1708 per
1252 1637 1439 1691 Isaiam
1470 1637 1667 1689 dicitur
1694 1652 1707 1689 :
1744 1652 1761 1685 ι
1794 1634 1885 1688 Va:

307 1729 407 1799 qui
457 1726 782 1798 conjungitis
811 1726 1029 1781 domum
1058 1727 1126 1781 ad
1171 1726 1411 1791 domum,
1452 1735 1506 1780 et
1531 1741 1720 1797 agrum
1757 1741 1885 1796 agro

1979 561 2134 629 xxii).
2177 577 2196 610 ι
2252 559 2317 613 Et
2360 560 2452 628 qui
2500 559 2728 614 voluerit
2770 568 2891 614 esse
2937 558 3159 628 primus,
3192 558 3265 612 sit
3309 558 3552 614 omnium

1978 666 2185 707 servus.
2217 650 2370 705 Sicut
2396 649 2535 704 filius
2564 649 2792 704 hominis
2822 663 2925 703 non
2947 648 3092 703 venit
3116 648 3428 711 ministrari,
3456 648 3553 704 sed

1981 740 2304 802 ministrare,
2332 749 2386 793 et
2415 740 2544 793 dare
2573 738 2806 791 animam
2834 752 2986 791 suam
3011 736 3428 806 redemptionem
3453 753 3552 807 pro

1980 833 2241 902 plurimis.
2298 831 2458 885 Multa
2492 838 2616 885 sunt
2644 830 2689 883 si
2720 828 2938 883 voluero
2963 829 3031 883 de
3057 828 3227 883 sacris
3256 827 3554 897 Scripturis

1983 922 2254 974 revolvere
2275 960 2289 983 ,
2337 918 2427 972 ubi
2464 916 2724 984 majorum
2757 917 3004 985 superbia
3039 925 3351 981 coercetur,
3394 925 3452 971 et
3482 916 3550 970 ad

1980 1008 2337 1062 humilitatem
2387 1021 2575 1059 omnes
2630 1005 2828 1058 domini
2873 1015 3263 1074 provocamur,
3302 1005 3550 1070 dicentis,

1982 1097 2180 1151 Discite
2204 1111 2233 1149 a
2263 1110 2347 1149 me
2371 1095 2496 1164 quia
2525 1094 2669 1147 mitis
2692 1109 2827 1155 sum,
2856 1102 2912 1147 et
2936 1095 3155 1149 humilis
3176 1094 3361 1149 corde.

2058 1205 2077 1237 ι
2107 1186 2317 1240 Statera
2343 1184 2511 1252 justa,
2537 1192 2591 1236 et
2610 1184 2732 1253 ephi
2755 1187 2977 1253 justum,
3001 1195 3057 1240 et
3081 1187 3236 1241 batus
3250 1186 3430 1255 justus
3450 1189 3563 1243 erit

1988 1296 2006 1327 ι
2034 1278 2206 1331 vobis.
2259 1276 2394 1346 Ephi
2435 1285 2489 1329 et
2536 1276 2695 1330 batus
2730 1276 2951 1344 mqualia
2994 1283 3049 1330 et
3090 1278 3248 1332 unius
3288 1293 3562 1335 mensum

1988 1382 2006 1415 ι
2033 1373 2211 1427 erunt,
2255 1373 2314 1417 ut
2353 1365 2530 1431 capiat
2570 1363 2829 1417 decimam
2866 1372 3072 1432 partem
3111 1366 3297 1433 belus,
3326 1376 3383 1422 et
3414 1369 3565 1423 deci-

1990 1475 2009 1509 ‹
2036 1472 2177 1510 mam
2211 1465 2414 1526 partem
2441 1455 2586 1523 cphi,
2613 1454 2763 1522 juxta
2788 1469 3091 1511 mensuram
3117 1458 3230 1511 cori
3259 1459 3364 1513 erit
3384 1458 3559 1529 ωίμιίο

1992 1563 2010 1596 ι
2041 1547 2257 1600 libratio
2286 1561 2494 1600 eorum.
2538 1546 2714 1600 Siclus
2743 1555 2919 1600 autem
2945 1547 3132 1616 viginti
3159 1548 3347 1602 obolos
3376 1550 3557 1604 habet.

1992 1653 2011 1688 ι
2040 1636 2207 1691 Porro
2238 1636 2423 1707 viginti
2447 1636 2586 1701 sicli,
2612 1644 2667 1689 et
2690 1637 2875 1705 viginti
2902 1637 3140 1707 quinque
3159 1638 3300 1703 sicli,
3320 1640 3558 1709 etquin-

1995 1746 2014 1778 ‹
2043 1728 2212 1781 decim
2256 1726 2371 1781 sicli
2413 1727 2613 1779 minam
2660 1724 2882 1780 faciunt.
2914 1745 2933 1780 ι
2993 1726 3261 1798 (meram)
3310 1729 3566 1785 Dicemus

306 1819 579 1890 copulatis
601 1820 769 1887 usque
795 1816 861 1872 ad
897 1817 1187 1872 terminum
1214 1817 1337 1872 loci.
1368 1814 1638 1887 Numquid
1669 1816 1881 1871 habita-
1910 1811 1961 1870 B
1985 1831 2113 1886 ergo
2135 1815 2288 1883 juxta
2316 1814 2634 1871 chraicum
2661 1822 2715 1870 et
2744 1815 3005 1880 litteram,
3042 1827 3100 1871 et
3129 1818 3256 1887 quid
3290 1817 3444 1872 nobis
3486 1820 3562 1873 vi-

306 1909 442 1965 bitis
477 1908 575 1963 soli
615 1923 775 1979 super
820 1907 1058 1963 terram?
1091 1929 1109 1960 ι
1156 1906 1292 1979 (Isa.
1336 1906 1416 1976 v.)
1449 1906 1578 1973 Quae
1616 1914 1699 1961 cst
1738 1906 1882 1960 enim

311 2000 511 2067 rabies,
533 2014 654 2054 cum
679 2007 817 2055 tecta
851 2007 906 2055 et
935 2000 1050 2070 agri
1081 2000 1150 2054 ad
1188 1998 1529 2069 depcllendos
1571 1998 1791 2064 imbres,
1830 2006 1885 2052 et

309 2092 378 2145 ad
404 2090 660 2145 serendas
687 2089 870 2160 fruges
888 2089 1091 2144 habere
1112 2089 1359 2150 debeant,
1380 2103 1443 2143 ea
1470 2088 1669 2142 habere
1688 2100 1887 2155 cupere

309 2176 368 2231 in
390 2178 588 2247 quibus
609 2177 820 2232 cunctis
851 2177 1094 2231 habitare
1128 2192 1231 2230 non
1256 2177 1453 2246 possis,
1480 2185 1533 2229 et
1559 2191 1678 2245 qua:
1709 2175 1886 2229 colere

309 2281 422 2321 non
458 2265 709 2330 sufﬁcias,
749 2265 1079 2335 alteriusque
1106 2267 1479 2320 necessitatem
1521 2275 1666 2320 tuam
1705 2263 1888 2319 facere

310 2356 689 2426 voluptatem?
731 2355 892 2411 Juxta
951 2355 1302 2426 tropologiam
1360 2365 1552 2410 contra
1607 2354 1887 2409 haereticos

311 2448 531 2518 quidam
574 2447 678 2501 hoc
713 2446 913 2501 dictum
948 2447 1305 2510 arbitrantur,
1345 2446 1435 2517 qui
1465 2462 1588 2501 cum
1623 2445 1887 2499 moverint

310 2536 479 2608 pedes
504 2551 632 2591 suos
654 2538 719 2591 de
746 2538 976 2605 oriente,
1009 2537 1227 2591 veniunt
1253 2537 1307 2590 in
1340 2551 1588 2607 campum
1622 2537 1884 2601 Senuaar,

310 2627 406 2698 qui
440 2626 823 2696 interpretatur
852 2628 1100 2683 excussio
1126 2628 1389 2693 deutimn,
1425 2637 1479 2681 et
1514 2628 1783 2681 mitiﬁcant
1809 2628 1885 2682 ci-

310 2717 540 2772 vitalem
587 2716 923 2773 confusionis
971 2726 1286 2788 turremque
1322 2718 1609 2788 superbiae.
1660 2717 1751 2772 Isti
1791 2718 1906 2772 do-.

312 2821 440 2861 mus
463 2807 732 2874 domibus,
763 2808 817 2860 id
845 2816 947 2872 est,
984 2808 1235 2877 dogmata
1268 2807 1601 2878 conjungunt
1625 2807 1889 2877 dogmati-

312 2899 436 2954 bus.
464 2898 666 2965 Quibus
686 2899 888 2953 dicitur
908 2913 1005 2968 per
1026 2898 1306 2953 Miclneam
1329 2917 1343 2953 :
1376 2917 1395 2949 ι
1424 2898 1599 2955 Nolite
1620 2898 1888 2952 aediﬁcare

315 2989 372 3043 in
400 2992 559 3045 domo
587 2991 822 3045 derisum
860 2988 1046 3060 (Misit.
1074 2988 1198 3060 vn),
1231 3008 1251 3042 ι
1287 3002 1356 3043 ne
1384 3002 1545 3058 super
1575 2986 1889 3043 fundamen-

314 3086 431 3132 tum
453 3079 814 3149 Christi-quod
836 3077 1032 3133 Paulus
1059 3078 1334 3149 apostolus
1356 3078 1536 3148 posuit
1559 3075 1608 3149 (1
1626 3075 1749 3132 Cor.
1775 3076 1882 3148 tu),

312 3177 367 3222 et
390 3168 443 3221 in
466 3184 573 3237 quo
590 3169 881 3221 debuerant
907 3168 1170 3221 aedificare
1194 3182 1404 3230 aurum,
1424 3175 1728 3237 argentum,
1750 3166 1883 3235 lapi-
1910 3155 1954 3218 C

313 3260 412 3313 des
454 3258 720 3327 pretiosos
746 3297 759 3321 ,
798 3274 829 3311 e
862 3258 1135 3313 contrario
1175 3257 1442 3311 aediﬁcent
1487 3256 1652 3326 Isgna,
1680 3253 1881 3319 fenum,

310 3347 592 3417 stipulam,
627 3362 854 3416 quorum
899 3348 1022 3401 linis
1060 3345 1365 3399 incendium
1401 3351 1502 3399 est.
1528 3344 1603 3398 De
1630 3342 1883 3412 hujusce-

272 3500 282 3509 .
312 3438 460 3492 lllOul
480 3438 728 3492 domibus
746 3437 992 3491 Salvator
1013 3437 1066 3490 in
1090 3434 1379 3505 Evangelio
1406 3433 1679 3503 loquitur:
1710 3449 1729 3482 ι
1756 3431 1885 3487 0m-

309 3530 399 3585 uis
421 3530 513 3598 qui
546 3531 777 3584 audierit
815 3530 978 3583 verba
1009 3543 1155 3592 utea,
1187 3536 1243 3581 et
1268 3542 1377 3581 non
1404 3525 1594 3579 fecerit
1619 3539 1682 3579 ea
1706 3563 1722 3591 ,
1748 3523 1885 3578 assi-

311 3622 592 3676 milabitur
630 3623 748 3676 viro
795 3625 1004 3684 Stulto,
1046 3619 1137 3688 qui
1183 3618 1415 3672 aediﬁcat
1462 3617 1680 3671 domum
1728 3630 1883 3669 suam

310 3724 477 3781 super
506 3725 746 3766 arenam.
784 3711 1071 3766 Descendit
1101 3709 1299 3780 pluvia,
1339 3715 1609 3762 venerunt
1638 3706 1880 3770 ﬂumina,

312 3803 580 3857 [laverunt
601 3803 766 3865 venti,
781 3809 836 3856 et
860 3802 1192 3870 impegcrunt
1216 3800 1267 3852 in
1295 3798 1515 3853 domum
1533 3798 1700 3863 illam,
1717 3806 1771 3852 et
1794 3812 1885 3852 ce-

310 3892 446 3946 cidit
478 3909 491 3944 :
522 3901 580 3947 et
610 3891 714 3946 fuit
747 3891 900 3947 ruina
928 3892 1119 3945 domus
1150 3887 1293 3943 illius
1324 3903 1542 3958 magna.
1577 3906 1597 3940 ο
1636 3889 1768 3941 Tam
1793 3887 1882 3942 diu

310 3992 495 4036 autem
527 3992 773 4051 quierunt
803 3981 1041 4035 haeretici
1072 3995 1206 4033 nova
1246 3979 1515 4033 veteribus
1540 3978 1790 4048 juugere,
1828 3986 1884 4031 et

309 4072 501 4127 eadem
534 4071 926 4126 recentioribus
953 4071 1265 4132 immutare,
1291 4070 1463 4124 donec
1487 4077 1543 4123 et
1570 4082 1760 4124 sensus
1784 4068 1884 4123 bu-

310 4176 506 4217 manus
527 4170 583 4217 et
611 4176 790 4216 sermo
828 4161 1060 4215 deﬁciat.
1106 4160 1216 4215 Hoc
1247 4159 1464 4215 interim
1491 4159 1693 4213 dictum
1720 4158 1789 4213 sit
1814 4157 1882 4211 ad

313 4253 458 4308 illius
481 4254 739 4322 temporis
761 4252 1013 4323 populum
1036 4261 1092 4306 et
1118 4252 1185 4305 ad
1213 4250 1515 4305 haereticos.
1541 4249 1811 4305 Caeterum
1827 4257 1882 4304 et

310 4344 514 4397 nostris
547 4342 878 4412 principibus
912 4350 1236 4411 praeceptum
1274 4338 1475 4410 poterit
1500 4340 1760 4409 coaptari,
1788 4340 1880 4411 qui

310 4434 368 4486 in
399 4448 603 4487 morem
627 4432 923 4488 Pharaonis
944 4441 998 4487 et
1014 4431 1389 4502 [Egyptiorum
1406 4430 1716 4501 Opprimunt
1744 4430 1880 4484 ﬁlios

1984 1905 2174 1960 deatur
2205 1905 2256 1959 in
2284 1903 2509 1976 singulis
2530 1906 2767 1974 apertius
2803 1903 3151 1973 explicemus.
3184 1907 3420 1971 Statera,
3440 1922 3566 1977 quia

1984 1995 2244 2050 llebraicc
2268 1994 2466 2050 dicitur
2509 2010 2735 2060 ntozene,
2772 1995 2824 2066 in
2862 1996 2946 2050 his
2983 1995 3297 2065 intelligitur
3322 2010 3442 2065 quae
3464 2010 3565 2066 ap-

1984 2086 2321 2156 penduntur;
2360 2086 2518 2155 cpha,
2551 2099 2671 2155 quae
2710 2086 2763 2138 in
2809 2084 2999 2140 Caeco
3040 2100 3290 2166 sermone
3313 2098 3568 2156 eun-tmte

1984 2175 2181 2231 dicitur
2228 2174 2377 2244 epbi,
2420 2177 2488 2230 ad
2529 2189 2835 2229 mensuram
2872 2176 3107 2244 pertinet
3130 2176 3401 2231 variarunt
3442 2178 3565 2230 fru-

1984 2281 2129 2337 gum,
2153 2267 2299 2321 verbi
2327 2267 2520 2335 gratia,
2548 2265 2735 2331 tritici,
2767 2266 2974 2331 hordei,
3006 2266 3351 2336 leguminum.
3395 2267 3568 2322 Porto

1983 2357 2162 2422 battis,
2193 2357 2283 2426 qui
2317 2357 2580 2412 Hebraiee
2608 2355 2905 2427 appellatur
2926 2356 3035 2410 buli
3058 2395 3077 2421 ,
3098 2357 3287 2412 eadem
3312 2372 3565 2413 mensura

1983 2457 2068 2506 est
2090 2462 2210 2518 quas
2237 2456 2292 2503 et
2315 2448 2459 2516 epbi,
2490 2455 2546 2501 et
2581 2447 2634 2500 in
2663 2446 2945 2516 speciebus
2973 2454 3184 2502 tantum
3210 2447 3426 2516 liquidis
3453 2446 3565 2503 viui

1983 2548 2040 2595 et
2054 2540 2180 2605 olei,
2201 2548 2259 2594 et
2279 2538 2604 2593 istiusmodi.
2625 2535 2798 2592 Corus
2824 2537 3041 2608 triginta
3069 2537 3483 2607 hubet'modios,
3506 2547 3563 2595 et

1985 2629 2039 2684 in
2069 2638 2298 2699 utraque
2323 2643 2597 2693 mensura,
2627 2628 2731 2681 hoc
2759 2636 2842 2681 est
2867 2634 2976 2680 tam
2998 2627 3275 2682 aridorum
3309 2644 3471 2698 quam
3492 2629 3561 2684 li-

1984 2721 2286 2791 quentium,
2334 2727 2481 2775 tenet
2530 2718 2871 2788 principium.
2928 2717 3141 2773 Decima
3175 2734 3303 2788 pars
3341 2721 3457 2776 cori
3506 2721 3561 2776 iu

1985 2811 2069 2866 his
2087 2825 2209 2881 quae
2232 2810 2411 2865 modio
2437 2818 2837 2875 memorantur,
2862 2807 3161 2879 appellatur
3190 2809 3354 2880 epba,
3382 2810 3437 2865 id
3456 2823 3561 2875 est.

1988 2912 2098 2959 tres
2141 2903 2326 2967 modii,
2361 2910 2415 2956 et
2447 2903 2653 2957 decium
2695 2917 2821 2972 pars
2860 2902 2974 2957 cori
3006 2902 3060 2955 in
3089 2902 3373 2971 speeielms
3404 2903 3564 2973 liqui-

1984 2996 2069 3050 dis
2103 3002 2329 3049 vocatur
2364 2995 2524 3047 batus
2558 2993 2671 3047 sive
2710 2993 2898 3057 vadus,
2934 2999 2993 3046 ut
3035 2990 3276 3060 ejusdem
3300 3007 3564 3048 onerosum

1986 3083 2221 3153 sitepba
2250 3091 2306 3137 et
2338 3082 2513 3137 batus.
2555 3081 2845 3152 (Maurum)
2889 3079 3038 3137 Unde
3078 3082 3134 3136 in
3180 3080 3321 3149 Lege
3342 3080 3564 3149 jubetur

1986 3170 2171 3242 (Leuit.
2220 3186 2295 3235 vi,
2343 3170 2516 3225 Exod.
2564 3169 2754 3240 xxix):
2787 3187 2807 3220 ι
2836 3170 3052 3232 Decima
3094 3184 3221 3240 pars
3264 3170 3386 3239 cpiti
3435 3185 3565 3225 eou-

1986 3274 2172 3330 spersa
2195 3260 2335 3323 oleo,
2358 3279 2379 3311 ι
2408 3258 2553 3327 quod
2580 3274 2890 3313 mensuram
2919 3260 3138 3314 habebit
3165 3268 3411 3328 quartam
3440 3276 3565 3331 por-

1986 3358 2091 3405 tem
2112 3350 2205 3405 hin
2232 3366 2247 3403 :
2277 3367 2297 3400 ι
2323 3357 2379 3403 et
2408 3348 2572 3402 libum
2602 3350 2671 3403 ad
2697 3348 2821 3401 vina
2850 3346 3119 3403 fundanda
3143 3346 3383 3414 ejusdem
3410 3365 3565 3405 meu-

1984 3456 2125 3496 surte
2150 3459 2172 3493 ι
2205 3440 2321 3496 dari
2348 3441 2400 3494 in
2427 3439 2816 3494 holocaustum.
2844 3438 3091 3496 Mensura
3112 3452 3243 3510 ergo
3268 3440 3415 3509 epbi,
3440 3455 3565 3510 quae

1984 3538 2095 3585 tres
2119 3530 2281 3585 habet
2309 3530 2445 3584 alias
2469 3543 2771 3595 mensuras,
2813 3540 3013 3585 sancte
3048 3528 3331 3585 Trinitatis
3356 3530 3563 3601 signiﬁ-

1985 3631 2075 3678 cat
2115 3624 2293 3685 lldem,
2331 3622 2485 3692 cujus
2520 3622 2782 3678 decimam
2816 3621 3068 3691 juhemur
3102 3621 3321 3687 oli’erre,
3361 3623 3415 3678 id
3457 3633 3561 3688 est.

1984 3716 2353 3772 credulitatem
2370 3715 2756 3771 incarnationis
2774 3714 3131 3786 Cbristi,qure
3153 3715 3205 3769 in
3231 3714 3376 3786 Lege
3405 3716 3563 3772 nobis

1983 3805 2292 3876 plenissime
2331 3806 2762 3866 commendatur,
2806 3804 2920 3859 sive
2957 3804 3354 3869 observantiam
3393 3806 3564 3876 ipsius

1983 3894 2244 3966 decalogi.
2301 3893 2560 3949 Jubemur
2604 3895 2761 3951 simul
2815 3895 3013 3953 oﬂ'erre
3060 3897 3262 3965 oleum,
3320 3899 3426 3955 hoc
3476 3909 3564 3956 est

1983 3987 2299 4042 charitatem
2328 3995 2382 4039 et
2411 3987 2859 4043 misericordiam.
2912 3987 3175 4045 Jubemur
3196 3999 3255 4046 et
3280 3991 3465 4048 vim
3489 3993 3561 4049 ad

1982 4074 2353 4140 libamentum,
2393 4075 2447 4130 id
2480 4084 2585 4142 est,
2620 4077 2851 4146 gratiam
2886 4079 3218 4150 spiritalem,
3258 4080 3374 4136 sive
3406 4096 3560 4137 cetu-

1983 4165 2403 4222 municationem
2438 4167 2706 4236 passionis
2739 4167 2971 4236 Christi,
3010 4178 3068 4225 et
3102 4170 3218 4226 lucc
3243 4170 3399 4238 juxta
3437 4188 3565 4243 per-

1986 4256 2227 4311 titionem
2258 4271 2523 4311 mensum
2559 4257 2675 4323 bin,
2714 4259 2818 4314 hoc
2852 4266 2937 4313 est
2970 4259 3264 4314 secundum
3300 4260 3560 4316 distribu-

1982 4349 2184 4402 tionem
2222 4347 2476 4419 perfectaz
2508 4348 2825 4405 devotionis.
2867 4347 3135 4421 (Ηὶιννοη.)
3168 4348 3338 4405 Porro
3375 4351 3560 4417 siclus,

1985 4441 2073 4509 qui
2112 4440 2296 4496 Grmce
2334 4441 2531 4496 dicitur
2566 4451 2743 4504 stater,
2782 4440 2969 4511 viginti
2998 4441 3159 4495 habet
3185 4440 3390 4496 obolos.
3420 4441 3561 4504 Hine

309 4525 478 4580 Israel
514 4539 611 4594 per
651 4525 945 4594 potentiam
1240 4522 1332 4592 n);
1383 4493 1490 4576 nec
1522 4521 1883 4575 meminerunt

1990 4493 2142 4595 vero,
2177 4493 2296 4601 qua:
2333 4493 3029 4602 ᾆρᾖιὲιιξιιέιτᾶνηὶαῖιωιιοι
3063 4493 3561 4603 eaeaeae“.

308 4617 576 4685 scriptum
612 4633 625 4669 :
666 4635 684 4666 ι
723 4616 923 4671 Ducem
970 4624 1019 4669 te
1048 4614 1474 4677 constituerunt,
1516 4627 1584 4667 ne
1613 4610 1882 4675 cleveris;

308 4708 405 4760 scil
427 4714 546 4760 esto
566 4705 709 4760 inter
731 4719 825 4760 eos
847 4705 1001 4774 quasi
1025 4718 1164 4759 unus
1190 4718 1257 4757 ex
1278 4703 1409 4772 ipsis
1438 4702 1628 4772 (Ereti.
1652 4708 1880 4771 πωπω.»

310 4797 382 4852 Et
407 4796 537 4851 illud
564 4796 707 4867 quod
734 4796 787 4850 in
819 4795 1107 4866 Evangelio
1137 4794 1398 4849 Dominus
1429 4793 1669 4863 loquitur
1695 4811 1706 4847 :
1740 4812 1758 4845 ι
1790 4794 1882 4848 Sin

307 4896 499 4941 autem
518 4886 716 4941 dixerit
737 4901 929 4942 servus
953 4886 1045 4941 ille
1066 4887 1119 4941 in
1146 4885 1308 4941 corde
1336 4898 1435 4939 suo
1469 4902 1482 4938 :
1507 4883 1747 4938 Moretur
1787 4883 1886 4939 do-

310 4979 494 5034 minus
518 4993 671 5035 meus
707 4978 918 5045 venire,
945 4988 1005 5035 et
1045 4979 1274 5051 ceperit
1299 4986 1585 5050 percutere
1624 4990 1806 5033 servos
1831 4982 1887 5030 ct

307 5072 574 5137 ancillas,
610 5073 899 5129 comedere
939 5082 996 5129 et
1036 5072 1223 5130 bibere
1245 5114 1261 5139 ,
1303 5083 1358 5128 et
1389 5072 1667 5139 inebriari,
1703 5072 1887 5127 veniet

308 5162 562 5216 dotninus
600 5175 743 5217 servi
780 5162 925 5218 illius
962 5163 1015 5218 in
1058 5163 1147 5218 die
1168 5180 1275 5234 qua
1317 5178 1425 5220 non
1452 5170 1637 5235 putat,
1670 5171 1726 5217 et
1751 5162 1882 5216 hora

308 5265 476 5319 quam
499 5252 672 5307 nescit
696 5267 712 5306 :
740 5263 796 5307 et
819 5253 1021 5309 dividet
1050 5268 1195 5319 eum,
1235 5261 1292 5309 et
1331 5261 1538 5325 partem
1568 5251 1686 5321 ejus
1718 5260 1882 5323 ponet

305 5356 435 5397 cum
463 5341 770 5400 inﬁdelibus
798 5344 1011 5417 (Matth.
1039 5361 1206 5410 xxiv;
1243 5345 1371 5401 Luc.
1393 5346 1547 5418 1:11).»
1585 5344 1882 5414 Discipulos

309 5448 527 5504 quoque
579 5450 707 5495 suos
755 5437 811 5491 in
856 5436 1146 5506 Evangelio
1188 5437 1271 5492 his
1320 5437 1604 5507 prmptis
1648 5436 1826 5490 erudit
1864 5452 1878 5488 :

316 5544 338 5578 ι
383 5524 548 5583 Scitis
572 5530 826 5600 quoniam
852 5530 1124 5600 principes
1152 5529 1390 5600 gentium
1421 5529 1768 5584 dominantur
1791 5542 1877 5583 eo-

310 5634 458 5685 rum,
499 5629 553 5675 et
592 5620 682 5690 qui
713 5612 947 5691 majores
983 5631 1128 5687 sunt,
1172 5626 1490 5691 potestatem
1530 5627 1785 5676 exercent
1828 5619 1881 5674 in

309 5723 407 5765 eos
450 5727 465 5741 ο
507 5726 612 5766 non
652 5712 730 5767 sic
773 5713 876 5766 erit
923 5714 1061 5767 inter
1095 5726 1210 5767 vos.
1261 5711 1368 5765 Sed
1410 5711 1501 5779 qui
1549 5709 1783 5764 voluerit
1828 5709 1882 5763 in

1988 4624 2078 4693 qui
2116 4621 2321 4678 faciunt
2354 4621 2539 4676 obolos
2574 4619 2718 4674 mille
2752 4619 3031 4674 ducentos.
3067 4619 3220 4688 Quod
3262 4630 3441 4677 autem
3479 4623 3564 4679 di-

1988 4715 2152 4779 citur,
2178 4713 2362 4782 viginti
2386 4711 2503 4767 sicli
2529 4719 2585 4765 ct
2606 4710 2792 4781 viginti
2816 4710 3052 4780 quinque
3080 4710 3220 4774 sicli,
3261 4719 3318 4767 et
3333 4712 3562 4782 quinde-

1988 4805 2094 4860 cim
2138 4803 2254 4859 sicli
2290 4803 2490 4858 minam
2522 4799 2741 4864 faciunt,
2777 4800 3034 4857 lectorem
3074 4805 3293 4857 turbare
3326 4818 3432 4859 non
3461 4803 3561 4860 de-

1988 4895 2101 4951 bet.
2159 4892 2367 4948 Idcirco
2414 4892 2558 4947 enim
2603 4890 2888 4946 diflicultas
2937 4891 2992 4946 in
3043 4892 3282 4948 numeris
3320 4894 3559 4964 ponimr,

1988 4990 2048 5036 ut
2072 4983 2332 5036 intentum
2360 4980 2595 5034 anitnum
2621 4978 2784 5034 faciat
2810 4977 3090 5035 auditoris.
3133 4980 3283 5037 Unde
3310 4990 3365 5037 et
3393 4981 3561 5038 multa

1987 5072 2240 5128 dicuntur
2275 5072 2328 5125 in
2368 5068 2637 5140 parabolis
2668 5078 2723 5124 et
2760 5069 3151 5139 amigmatlbus.
3194 5089 3216 5122 ι
3243 5080 3304 5127 ιιι
3337 5072 3431 5141 qui
3467 5071 3563 5130 ha-

1988 5167 2078 5220 bet
2126 5177 2284 5219 aures
2334 5162 2627 5227 audiendi,
2671 5163 2852 5219 audiat
2892 5162 3104 5232 (lauit.
3151 5164 3252 5235 ιι).
3301 5183 3323 5216 ι
3371 5161 3561 5220 Omnis

1986 5257 2181 5328 quippe
2216 5253 2496 5326 prophetia
2535 5254 2866 5311 obscuritate
2902 5256 3141 5312 continet
3167 5253 3469 5317 veritatem,
3499 5260 3562 5308 ut

1986 5345 2231 5417 discipuli
2254 5346 2581 5402 intrinsecus
2602 5348 2844 5413 audiant,
2868 5347 3058 5417 vulgus
3087 5344 3319 5416 ignobile
3344 5353 3402 5403 et
3424 5344 3561 5402 foris

1982 5437 2215 5507 positum
2258 5434 2465 5491 nesciat
2521 5435 2649 5505 quid
2686 5435 2917 5492 dicatur.
2962 5434 3210 5505 Praeipit
3245 5445 3376 5506 ergo
3410 5431 3558 5488 Scri-

1983 5535 2143 5598 ptura
2180 5526 2358 5581 d’iviua
2396 5533 2456 5579 ut
2486 5524 2631 5596 justa
2667 5525 2777 5580 sint
2808 5525 3076 5595 pomlera,
3126 5522 3360 5579 dicens:
3395 5540 3415 5574 ι
3441 5520 3558 5577 Non

1983 5618 2089 5674 erit
2142 5618 2194 5672 in
2246 5615 2523 5686 marsupio
2571 5623 2664 5670 tuo
2708 5629 2959 5670 mensura
3000 5612 3218 5684 grandis
3249 5620 3309 5668 et
3359 5611 3557 5674 liuor.

1984 5717 2181 5764 statera
2232 5721 2356 5763 vera
2393 5714 2449 5762 et
2478 5704 2624 5774 justa
2663 5705 2770 5760 erit
2829 5703 3007 5762 vobis.
3045 5712 3100 5758 et
3138 5717 3391 5763 mensura
3429 5717 3560 5763 ven
