4028 6196
458 315 600 369 [0'27

1087 309 1144 363 Β.
1186 311 1434 367 RABAM
1473 306 1692 366 MAURI
1727 299 2050 358 ARCHlEP.
2092 295 2400 356 MOGUNT.
2438 294 2722 352 OPERUM
2761 295 2939 350 PARS
2976 293 3037 349 ll.

3564 296 3700 354 εἰ)ἳὸ

446 440 504 482 «ιι
530 429 679 498 iusta
713 426 820 482 erit
853 426 1004 480 vobis
1041 422 1235 494 (Lcrit.
1278 422 1413 492 xix).
1443 440 1462 473 ι
1520 422 1585 475 Ει
1623 422 1676 475 in
1713 417 2018 474 Proverbiis
2047 425 2094 478 Α
2123 411 2499 467 cerdotibusin
2524 409 2772 480 primitiis
2790 407 3078 463 efferendis
3099 422 3216 477 qua:
3231 407 3293 462 de
3317 406 3489 462 tribus
3509 409 3704 468 modiis

441 517 651 573 dicitur
692 534 710 570 :
748 534 765 567 ι
805 514 1015 569 Statcra
1062 511 1278 582 grandis
1313 521 1370 564 et
1405 511 1580 563 minor
1607 549 1622 572 ,
1662 505 2020 562 ahominaLiIe

450 618 533 664 est
573 618 858 676 utrumque
896 605 948 658 in
983 611 1273 670 conspectu
1309 601 1403 655 Dei
1442 601 1624 670 (Prov.
1661 614 1761 666 XI).
1793 617 1810 649 ι
1870 597 2021 663 Quod

451 696 666 765 quidem
681 709 784 748 non
799 691 970 748 solum
997 690 1048 742 in
1078 688 1415 742 commerciis
1436 696 1487 741 et
1513 689 1564 740 in
1587 701 1683 739 usu
1698 685 2021 754 quotidianae

455 787 573 837 vitae
624 783 776 838 nobis
825 787 906 834 est
951 779 1344 833 observandum
1371 817 1385 840 ,
1423 777 1516 830 sed
1554 777 1607 828 in
1642 774 1890 828 onmibus
1929 786 2020 824 cu-

451 874 726 928 stodienda
759 869 967 937 justitia
992 908 1007 933 ,
1061 869 1271 921 dicente
1308 867 1583 934 Scriptura
1623 882 1635 918 :
1677 862 2021 917 Scrinonibns

453 965 558 1016 tuis
580 961 742 1014 facies
771 967 1025 1012 stateram
1052 965 1105 1010 et
1131 955 1564 1026 appendiculum,
1597 962 1654 1006 ut
1683 961 1733 1006 et
1761 953 1813 1005 in
1846 950 2021 1004 verbis

449 1065 500 1106 et
533 1053 585 1106 in
617 1066 777 1121 opere
807 1061 860 1103 et
883 1049 1299 1117 cogitationibus
1347 1047 1523 1100 omnia
1575 1046 1809 1113 pondere
1847 1051 1901 1095 et
1943 1058 2023 1094 ra-

451 1145 487 1197 ti
525 1159 593 1197 ne
641 1143 922 1196 faciamus.
971 1141 1194 1195 Obolqu
1225 1149 1422 1200 autem,
1450 1139 1549 1190 hoc
1590 1145 1671 1189 est.
1712 1134 2018 1188 vicesimam

449 1242 656 1302 partem
685 1232 802 1286 sicli
831 1235 942 1285 sive
979 1231 1216 1293 stateris,
1243 1243 1362 1282 esse
1397 1227 1668 1280 minimam
1712 1225 2020 1294 portiuncu-

450 1328 552 1379 lam
599 1326 654 1379 in
693 1324 800 1378 alio
842 1322 960 1376 loco
984 1322 1243 1392 legimus:
1273 1319 1387 1386 ejus
1425 1318 1515 1386 qui
1560 1316 1732 1370 ﬁdelis
1765 1325 1846 1368 est
1879 1323 2021 1367 totus

452 1417 682 1470 mundus
716 1414 1018 1468 divitiarum
1056 1430 1069 1464 :
1115 1412 1256 1464 illius
1303 1419 1482 1462 autem
1527 1407 1615 1476 qui
1666 1404 1895 1458 inﬁdelis
1939 1413 2022 1457 est

451 1522 624 1575 neque
664 1506 868 1569 obolus,
918 1505 1070 1573 quasi
1117 1502 1235 1555 aliis
1277 1501 1454 1554 verbis
1496 1498 1688 1552 dixerit
1733 1514 1746 1549 :
1790 1495 2021 1549 inﬁdelis

450 1597 583 1650 nihil
625 1596 676 1650 in
721 1597 885 1649 verbo
934 1593 1186 1663 possidet,
1231 1593 1324 1644 sed
1365 1591 1525 1643 etiam
1569 1588 1786 1640 minima
1825 1585 2024 1654 indiget

451 1687 712 1754 portione.
758 1686 833 1738 De
866 1701 971 1752 quo
1010 1683 1114 1737 alio
1152 1682 1315 1735 vei-ho
1355 1680 1405 1732 in
1445 1678 1734 1746 Evangelio
1771 1676 1965 1730 dicitur
2002 1692 2015 1727 :

2124 503 2403 560 dimidium
2438 503 2565 558 facit
2590 501 2846 565 modium,
2872 502 3153 571 perspicue
3186 509 3508 570 supputatur
3540 518 3702 558 sexa-

2122 595 2378 664 gesimam
2429 602 2636 663 partem
2689 591 3044 662 primitiarum
3093 592 3400 646 sacerdotes
3452 592 3698 661 accipere

2123 687 2336 740 debere.
2382 684 2507 738 Hrcc
2532 685 2747 738 interim
2769 683 2921 752 juxta
2950 681 3183 736 litteram
3205 691 3260 736 et
3293 681 3448 749 juxta
3476 683 3695 740 Hebrai-

2122 789 2239 827 cam
2269 774 2573 836 veritatem,
2603 781 2659 826 et
2683 772 2915 826 sensisse
2939 779 2993 824 et
3023 772 3237 825 audisse
3263 770 3514 826 sufﬁciat.
3549 772 3700 826 Nune

2124 870 2453 916 revertamur
2491 862 2557 915 ad
2594 860 2997 931 intelligentiam
3021 860 3334 930 spiritalem,
3370 861 3424 913 in
3453 877 3559 930 qua
3592 862 3702 930 pris

2123 967 2267 1004 mum
2303 951 2649 1020 quieremlum
2689 950 2953 1019 quomodo
2997 949 3249 1003 dicatur:
3288 969 3304 1000 ι
3339 950 3556 1004 Honora
3593 953 3695 1004 Do.

2123 1041 2324 1095 minum
2350 1042 2414 1094 de
2439 1040 2599 1108 justis
2630 1041 2733 1094 tuis
2765 1041 3051 1103 laboribus,
3083 1052 3136 1094 et
3171 1041 3237 1095 da
3266 1043 3313 1095 ei
3343 1043 3408 1095 de
3434 1041 3698 1098 fructibus

2113 1132 2337 1201 justitia:
2361 1141 2484 1194 tum,
2522 1141 2580 1186 ut
2613 1133 2933 1202 impleantur
2959 1133 3174 1187 cellaria
3210 1142 3297 1186 tua
3329 1132 3621 1198 frumento,
3647 1141 3700 1189 et

2120 1226 2246 1279 vino
2273 1224 2559 1279 toreularia
2588 1235 2677 1278 tua
2708 1225 3007 1279 redundent
3040 1223 3221 1296 (Prov.
3249 1226 3367 1296 in);
3394 1247 3413 1278 ι
3456 1236 3518 1280 ut
3552 1239 3696 1296 pust-

2121 1333 2281 1387 quam
2305 1317 2564 1372 obtuleris
2587 1317 2852 1385 primitias
2877 1317 3116 1371 laborum
3149 1327 3364 1372 tuorum
3391 1327 3556 1389 atque
3595 1321 3641 1372 vi
3653 1335 3700 1372 r-

2123 1416 2314 1471 tutum,
2351 1414 2405 1460 et
2433 1407 2652 1471 dixeris,
2677 1421 2800 1460 ecce
2823 1423 2965 1461 nunc
2993 1423 3090 1478 ego
3123 1409 3274 1462 attuli
3309 1409 3404 1462 tibi
3439 1411 3700 1478 primitias

2123 1499 2390 1554 fructuum
2422 1507 2594 1564 terra;
2626 1513 2761 1568 quos
2797 1499 2984 1552 dedisti
3029 1501 3178 1564 mihi,
3209 1501 3432 1555 Domine
3463 1520 3476 1554 ι
3502 1517 3701 1556 merca-

2124 1590 2198 1643 ris
2227 1588 2453 1642 audirc:
2487 1607 2506 1640 ι
2535 1588 2860 1642 Benedictus
2910 1598 2963 1642 tu
3009 1590 3060 1643 in
3100 1591 3342 1656 civitate,
3391 1600 3446 1645 et
3485 1592 3700 1646 benedi-

2124 1689 2242 1734 ctus
2279 1688 2333 1732 tu
2359 1679 2412 1732 in
2440 1694 2608 1749 agro;
2639 1679 2905 1734 benedicti
2936 1679 3026 1733 ﬁlii
3061 1681 3194 1735 uteri
3227 1681 3326 1746 tui,
3353 1689 3409 1735 et
3429 1682 3703 1752 genimina

457 1793 474 1824 ι
504 1775 618 1829 Non
644 1776 948 1845 egredietur
974 1773 1096 1827 inde
1131 1773 1232 1825 nisi
1275 1771 1462 1825 reddat
1499 1767 1846 1820 novissimum
1887 1781 2019 1833 qua-
2050 1773 2095 1830 Β
2126 1755 2281 1824 terfuga
2318 1777 2456 1834 tum,
2503 1776 2558 1822 et
2605 1768 2810 1822 fructus
2855 1769 3216 1839 jnmentorum
3263 1779 3508 1834 tuorum,
3537 1789 3556 1822 ι
3599 1781 3700 1824 etc.

453 1865 924 1935 drantem(uanh.
953 1865 1022 1935 v),
1051 1885 1069 1914 ι
1101 1863 1201 1916 hoc
1227 1872 1328 1926 est,
1358 1861 1520 1914 etiam
1545 1869 1844 1912 extremum
1871 1872 2023 1909 mun-

455 1970 602 2009 mum
637 1964 690 2011 et
730 1957 1012 2010 minutum.
1069 1954 1316 2023 Legimus
1362 1952 1546 2006 decem
1589 1965 1743 2002 muas
1801 1947 2020 2016 singulis

456 2047 624 2102 servis
651 2047 717 2099 ad
740 2044 1117 2116 negotiandum
1149 2044 1392 2096 traditas.
1439 2041 1504 2094 Et
1533 2040 1585 2092 in
1615 2039 1716 2092 alia
1745 2039 2020 2108 paraboli,

457 2139 597 2194 inter
627 2151 810 2192 servos
839 2136 1038 2189 talenta
1065 2135 1264 2198 divisa,
1293 2144 1348 2186 et
1372 2131 1667 2184 debitorem
1709 2129 2024 2196 quingento-

459 2243 573 2282 rum
601 2226 938 2284 denariorum
959 2231 1014 2278 et
1040 2221 1446 2293 quinquaginta,
1477 2228 1532 2273 et
1559 2218 1834 2288 eperarios
1858 2218 2025 2272 vinea:

456 2320 547 2391 qui
571 2318 810 2390 singulos
833 2317 1104 2386 accipiunt
1127 2314 1400 2378 denarios,
1427 2320 1482 2367 et
1511 2311 1787 2365 mulierem
1809 2311 2024 2363 viduam

455 2436 574 2487 qua:
613 2417 925 2472 drachmam
957 2413 1282 2484 perdiderat,
1319 2420 1374 2466 et
1403 2411 1490 2463 vix
1527 2425 1647 2463 eam
1678 2408 1909 2462 lucerna:
1939 2421 2026 2460 ac-

454 2509 707 2564 eensione
751 2506 946 2576 reperit
996 2504 1146 2576 (Lac.
1197 2519 1283 2556 xiv
1312 2520 1327 2567 ;
1355 2501 1545 2555 Matth.
1578 2514 1715 2565 xxv;
1745 2497 1873 2552 Luc.
1914 2512 2023 2562 vn;

459 2597 647 2652 Matth.
681 2613 786 2661 xx;
814 2595 943 2649 Luc.
975 2593 1088 2666 xv).
1125 2593 1255 2660 Qua:
1285 2593 1463 2647 omnia
1486 2606 1642 2660 quem
1682 2604 1897 2644 sensum
1926 2588 2024 2642 ha-

455 2690 637 2752 beant,
673 2702 779 2742 uon
815 2694 902 2741 est
936 2684 1092 2754 hujus
1137 2684 1389 2753 temporis
1425 2684 1716 2737 disserere.

465 2827 470 2832 .
529 2797 550 2830 ι
577 2779 642 2834 Et
677 2780 759 2832 hae
789 2784 914 2831 sunt
951 2775 1199 2846 primitiae
1228 2791 1362 2844 quas
1402 2773 1621 2838 tolletis,
1660 2781 1867 2827 sextam
1904 2786 2028 2841 par-

461 2888 478 2920 ι
511 2877 618 2930 tem
647 2868 769 2936 ephi
797 2868 862 2921 de
890 2881 1017 2922 coro
1050 2864 1324 2930 frumenti,
1351 2872 1404 2917 et
1431 2871 1638 2917 sextam
1669 2870 1874 2930 partem
1903 2861 2026 2930 ephi

461 2979 480 3010 ε
511 2962 576 3013 de
594 2973 722 3014 coro
747 2957 953 3012 hordei.
982 2955 1228 3010 Mensura
1251 2968 1462 3022 quoque
1479 2952 1602 3006 olei.
1620 2951 1784 3004 Batus
1807 2950 1907 3003 olei
1932 2949 2024 3004 dc-

461 3071 478 3102 ι
505 3051 643 3105 cinia
686 3065 809 3118 pars
845 3049 954 3102 cori
989 3055 1091 3109 est,
1121 3056 1177 3101 et
1214 3046 1400 3099 decem
1431 3044 1541 3097 bati
1580 3059 1768 3098 eorum
1805 3040 2026 3104 faciunt,

2130 1859 2306 1931 (Deut.
2339 1859 2549 1928 xxvui.)
2579 1859 2643 1913 Et
2663 1860 2937 1928 possideas
2953 1858 3106 1927 juxta
3137 1860 3453 1930 Apostolum
3483 1859 3699 1932 (Eplies.

2127 1950 2163 2021 ι)
2199 1965 2412 2004 onmem
2441 1950 2861 2004 benedictionem
2897 1950 3252 2019 spiritualium
3300 1953 3353 2004 in
3393 1951 3702 2006 etelestilus

2127 2043 2178 2095 in
2201 2040 2438 2105 Christo,
2461 2042 2586 2095 dum
2617 2041 2872 2110 quidquid
2902 2041 3084 2103 habes,
3112 2056 3226 2094 non
3255 2050 3359 2095 tua:
3394 2052 3556 2111 putas
3585 2058 3701 2096 esse

2127 2133 2357 2198 virtutis,
2392 2133 2484 2188 sed
2511 2131 2627 2200 ejus
2654 2133 3056 2197 misericordia,
3087 2132 3176 2200 qui
3206 2131 3390 2203 fruges
3427 2133 3594 2187 dedit.
3643 2133 3700 2186 Et

2125 2224 2388 2293 siquidem
2433 2233 2640 2278 tantam
2688 2223 3034 2277 habuerimus
3077 2224 3357 2277 scientiam
3400 2222 3696 2291 Scriptura-

2127 2329 2268 2377 rum,
2297 2320 2355 2366 ut
2381 2312 2605 2383 mystica
2635 2327 2859 2380 quaeque
2889 2312 3185 2380 pandamus
3203 2321 3260 2366 et
3283 2313 3576 2370 doceamus
3608 2312 3701 2365 ho.

2127 2404 2317 2468 mines,
2369 2403 2422 2457 id
2466 2411 2567 2466 est,
2620 2402 2880 2457 rationale
2925 2403 3157 2467 animal,
3201 2403 3394 2458 damus
3438 2404 3702 2472 primitias

2128 2491 2381 2546 frumenti
2437 2491 2627 2546 nostri.
2685 2489 2741 2544 Si
2804 2499 2982 2545 autem
3032 2499 3153 2560 post
3197 2506 3474 2562 anagogen
3516 2507 3700 2561 puram

2128 2591 2334 2637 tantum
2379 2597 2667 2652 sequamur
2698 2581 3000 2645 historiam,
3040 2596 3158 2650 qua:
3201 2582 3473 2652 simplices
3501 2585 3703 2637 nutrire

2127 2684 2320 2746 potest,
2339 2673 2493 2743 juxta
2517 2672 2645 2728 illud
2675 2674 2816 2742 quod
2843 2673 3100 2742 scriptum
3142 2681 3228 2728 est
3254 2691 3268 2726 :
3304 2693 3322 2723 ι
3352 2673 3612 2728 Homines
3652 2683 3703 2728 ct

2120 2768 2364 2837 jumenta
2415 2765 2590 2820 salvos
2631 2765 2814 2830 facies,
2858 2764 3104 2829 Domine,
3133 2783 3152 2816 ι
3205 2765 3396 2818 damus
3436 2765 3704 2833 primitias

2128 2857 2313 2913 hordei
2345 2858 2535 2922 nostri,
2571 2856 2710 2925 quod
2738 2856 2998 2910 hordeum
3027 2855 3166 2910 sevit
3202 2867 3257 2911 et
3294 2855 3465 2921 Isaac,
3513 2857 3609 2912 sed
3651 2858 3704 2912 in

2131 2964 2271 3009 terra
2323 2954 2741 3023 alienigenarum
2768 2992 2782 3016 ,
2833 2959 2888 3005 et
2930 2963 3107 3004 ortum
3152 2960 3237 3006 est
3278 2952 3328 3006 ei
3369 2951 3700 3022 centuplum.

2129 3044 2229 3111 Qui
2264 3044 2451 3099 hordei
2494 3044 2585 3097 dat
2617 3042 2904 3110 primitias,
2937 3050 3113 3111 potest
3149 3042 3366 3096 dicere:
3405 3061 3423 3093 ‹
3451 3043 3704 3096 Dominus

460 3162 478 3192 ι
505 3141 632 3209 quia
669 3141 854 3194 decem
881 3138 992 3192 bati
1020 3136 1244 3204 implent
1267 3149 1472 3189 eorum.
1503 3153 1521 3184 ι
1569 3131 1838 3203 (ιιὶενοη.)
1873 3132 2028 3184 Dica—
2053 3135 2097 3195 C
2129 3136 2302 3206 pascit
2341 3139 2446 3198 me,
2491 3142 2546 3188 et
2591 3133 2725 3186 nihil
2769 3133 2898 3186 mihi
2936 3133 3122 3195 deerit,
3156 3133 3207 3185 in
3245 3132 3362 3187 loco
3389 3149 3604 3202 pascua:
3634 3135 3702 3187 iii

459 3247 579 3286 nius
614 3231 776 3299 igitur
812 3229 1044 3299 primum
1071 3226 1224 3295 juxta
1265 3226 1519 3287 litteram,
1549 3222 1783 3287 δέκαδας,
1812 3223 1916 3277 hoc
1939 3231 2023 3276 est

457 3321 720 3376 decimam
749 3328 954 3389 partem
981 3317 1223 3372 omnium
1248 3315 1457 3385 frugum
1481 3314 1728 3367 Levitica:
1752 3313 1909 3367 tribui
1935 3327 2014 3381 po.

457 3412 612 3480 palus
631 3427 697 3464 ex
720 3411 834 3478 lege
859 3411 1104 3463 debebat.
1133 3409 1364 3461 Rursum
1394 3422 1460 3460 ex
1489 3407 1655 3474 ipsius
1680 3405 1900 3458 decimis
1927 3403 2027 3458 Le-

464 3501 738 3564 v-ita:,-hoc
765 3509 849 3554 est
901 3496 1122 3552 inferior
1157 3497 1524 3550 ministrorum
1561 3497 1757 3566 gradus
1789 3495 2026 3548 decimas

457 3594 618 3646 dabat
671 3591 1056 3650 sacerdotibus,
1085 3595 1139 3641 et
1189 3589 1304 3640 haec
1356 3595 1438 3640 est
1487 3601 1604 3652 qua:
1663 3585 2027 3654 appellabatur

457 3682 866 3756 Διντεροδέκαδη.
918 3680 1084 3732 Erant
1121 3693 1333 3746 quoque
1379 3685 1433 3728 et
1480 3676 1593 3728 alite
1633 3675 1850 3728 decimae
1893 3689 2027 3741 quas

457 3773 826 3841 unusquisque
839 3770 914 3824 de
940 3767 1134 3838 populo
1166 3766 1328 3820 lsrael
1359 3766 1408 3818 in
1437 3765 1546 3818 suis
1583 3765 1787 3815 horreis
1816 3777 2027 3829 separa-

455 3863 549 3924 hat
577 3871 636 3916 ut
666 3862 971 3915 comederet
1003 3873 1117 3922 cas,
1155 3873 1278 3912 cum
1307 3857 1410 3910 iret
1437 3855 1504 3909 ad
1541 3854 1792 3923 templum
1816 3854 1868 3906 in
1897 3854 2028 3906 urbe

455 3953 772 4013 Jerusalem,
804 3959 858 4003 et
905 3949 958 4002 in
1009 3947 1273 4002 vestibulo
1308 3945 1509 4015 templi,
1538 3955 1590 3998 et
1620 3945 1925 3998 sacerdotes
1967 3961 2029 3998 ac

459 4045 672 4098 Levitas
699 4041 988 4094 invitarent
1023 4037 1092 4089 ad
1125 4038 1388 4090 convivia.
1421 4036 1590 4089 Erant
1617 4044 1794 4088 autem
1830 4045 1883 4087 et
1913 4035 2028 4088 alia:

460 4133 701 4193 decimae,
732 4144 865 4196 quas
891 4127 1212 4196 pauperibus
1242 4128 1623 4180 recondebant.
1675 4126 1745 4178 At
1771 4141 1898 4178 vero
1925 4125 2031 4194 pii-

461 4224 646 4275 mitiva
685 4234 803 4286 qua:
845 4219 910 4271 de
957 4214 1195 4284 frugibus
1228 4216 1542 4279 offerebant,
1583 4232 1686 4268 non
1721 4223 1876 4268 erant
1912 4232 2033 4285 sptb

461 4311 580 4364 ciali
612 4323 832 4362 numero
861 4305 1097 4366 delinila,
1133 4302 1222 4356 sed
1261 4301 1594 4354 ollercntium
1624 4303 1850 4355 arbitrio
1881 4304 2034 4356 dere-

460 4405 605 4457 licta.
668 4400 1138 4464 'l'raditionemque
1185 4394 1487 4460 accepimus
1533 4392 1878 4446 "Clll‘lUOl'Ulll
1925 4411 2030 4446 non

461 4497 598 4566 Lege
626 4499 964 4564 praeceptam,
993 4487 1085 4542 sed
1121 4486 1496 4555 magistrorum
1522 4483 1746 4538 arbitrio
1768 4484 2025 4549 inclitam,
2061 4480 2106 4536 D

461 4587 550 4654 qui
582 4587 865 4654 plan-imum
896 4575 1361 4648 quadragesimam
1400 4583 1606 4641 partem
1652 4573 1814 4626 dabat
1857 4589 2033 4626 sacer-

463 4679 691 4737 dotibus,
719 4674 809 4741 qui
831 4672 1106 4724 minimuni
1136 4667 1546 4735 sexagesimum,
1580 4666 1718 4718 inter
1746 4666 2037 4734 quau-age-

461 4768 652 4818 simam
697 4774 752 4816 ct
791 4761 1178 4830 sexagesimum
1214 4757 1408 4811 licebat
1434 4756 1624 4810 offerre
1662 4758 2032 4824 quodcumque

464 4856 776 4909 voluissent.
807 4852 958 4916 Quod
992 4851 1154 4920 igitur
1181 4849 1231 4900 in
1260 4848 1622 4901 Pcutateucho
1645 4849 1859 4901 dubium
1885 4850 2034 4900 dere-

463 4945 643 5000 lictum
673 4949 774 5003 est,
801 4942 886 4993 hic
917 4940 1221 5006 specialiter
1245 4939 1498 4992 delinitur
1531 4948 1747 5006 propter
1783 4940 2034 4991 sacerdo-
2078 4954 2085 4961 '

465 5045 574 5090 tum
607 5033 902 5090 avaritiam,
934 5047 998 5083 ne
1024 5031 1252 5096 amplius
1280 5045 1309 5082 a
1338 5030 1532 5098 populo
1571 5031 1789 5098 exigant
1829 5031 1879 5082 in
1927 5031 2034 5098 pri-

463 5126 629 5182 mitiis
673 5120 994 5184 deferendis,
1043 5120 1092 5172 id
1144 5127 1245 5182 est,
1292 5128 1348 5172 ut
1390 5121 1776 5188 sexagesimum
1825 5131 2032 5188 partem

461 5218 690 5277 olferant
719 5229 904 5270 eorum
932 5226 1050 5280 qua:
1075 5211 1363 5279 gignuntur
1387 5221 1602 5265 eterra.
1661 5213 1716 5266 Si
1755 5214 1897 5266 enim
1940 5229 2032 5267 co-

461 5327 578 5374 rus,
618 5309 707 5378 qui
737 5304 996 5362 llebraice
1027 5301 1322 5371 appellatur
1359 5320 1498 5358 omer
1531 5316 1584 5360 et
1617 5322 1645 5358 a
1685 5304 2030 5374 Septuaginta

463 5403 662 5459 dicitur
693 5400 858 5475 κόρος,
911 5389 1130 5468 triginta
1171 5395 1333 5449 habet
1372 5397 1579 5451 modios
1624 5407 1730 5452 tam
1773 5400 1828 5451 in
1870 5399 2034 5453 aridis

461 5493 742 5564 speciebus
763 5505 921 5559 quam
944 5490 995 5542 in
1014 5486 1339 5557 liquentibus
1354 5527 1368 5550 ,
1387 5489 1520 5556 epha
1547 5504 1756 5557 quopie
1780 5499 1834 5544 et
1855 5490 2034 5558 batus,

461 5583 769 5650 iuxtaquod
795 5597 954 5649 supra
983 5581 1237 5643 diximus.-
1261 5578 1465 5632 decima
1495 5594 1616 5646 pars
1642 5589 1726 5634 est
1751 5582 1882 5643 cori,
1909 5597 2040 5650 prae-

465 5673 767 5743 cipiturque
792 5680 848 5725 ut
869 5681 1018 5726 sexta
1043 5685 1168 5736 pars
1192 5679 1298 5725 tam
1325 5670 1446 5738 ej-hi
1465 5687 1622 5730 quam
1647 5673 1753 5727 bati
1779 5675 1933 5729 detur
1953 5690 2037 5730 sa-

2126 3241 2212 3280 me
2243 3223 2562 3279 collocavit:
2587 3237 2748 3291 super
2784 3237 2950 3290 aquas
2992 3221 3300 3276 refectionis
3341 3223 3593 3278 educavit
3623 3240 3704 3277 me

2126 3313 2298 3386 (Psal.
2342 3311 2496 3382 χχιι).
2530 3331 2548 3362 ›
2600 3311 2700 3376 Qui
2744 3319 2922 3365 autem
2960 3311 3238 3365 rationalia
3262 3313 3434 3381 pascit
3461 3314 3704 3366 animan-

2127 3403 2222 3466 tia,
2247 3403 2408 3455 vertit
2430 3401 2771 3465 sententiam,
2799 3409 2854 3454 et
2880 3401 3009 3454 dicit
3041 3419 3052 3453 :
3089 3417 3107 3452 ι
3136 3399 3461 3470 Praeparasti
3493 3402 3544 3455 in
3574 3419 3699 3456 con-

2126 3504 2310 3564 spectu
2350 3509 2471 3548 meo
2509 3508 2745 3547 mensam
2805 3494 3062 3548 adversus
3090 3507 3182 3547 eos
3209 3494 3298 3562 qui
3334 3493 3596 3547 tribulant
3623 3510 3703 3547 me

2129 3586 2299 3657 (Psal.
2347 3589 2502 3657 xxii).
2533 3606 2552 3638 ι
2600 3585 2667 3639 Et
2706 3593 2990 3655 postquam
3038 3585 3138 3640 olei
3188 3595 3242 3639 et
3289 3585 3396 3638 vini
3446 3585 3704 3638 obtulerit

2127 3677 2413 3745 primitias,
2451 3675 2628 3745 jungit
2673 3684 2726 3728 et
2761 3674 2995 3743 loquitur
3024 3693 3035 3728 :
3077 3693 3094 3726 ι
3130 3675 3477 3745 lmpinguasti
3510 3679 3561 3728 in
3591 3676 3705 3729 oleo

2129 3774 2288 3834 caput
2314 3779 2510 3828 meum,
2539 3772 2594 3818 et
2617 3765 2754 3817 calix
2785 3774 2905 3818 tuus
2930 3766 3201 3820 inebrians
3225 3781 3385 3836 quam
3413 3767 3706 3834 ptieclartts

2129 3866 2212 3910 est
2253 3856 2462 3926 (Ibid.),
2492 3874 2510 3906 ι
2567 3855 2655 3909 illo
2692 3855 2808 3908 oleo
2850 3857 2992 3924 quod
3033 3858 3231 3925 absque
3268 3856 3382 3912 fecc
3411 3860 3704 3912 mundissi-

2133 3961 2276 3998 mum
2319 3946 2385 3998 ad
2429 3945 2702 3999 lucernam
2754 3945 2962 3998 Domini
3012 3956 3360 4016 praeparatur.
3413 3947 3568 4014 Quod
3616 3950 3705 4016 qui

2132 4037 2418 4103 paraverit,
2441 4035 2768 4088 cxhilaramr
2800 4036 2965 4089 facies
2994 4036 3109 4102 ejus
3131 4038 3182 4090 in
3208 4037 3348 4100 oleo,
3373 4040 3497 4092 oleo
3523 4041 3707 4093 exsul-

2133 4127 2348 4181 tationis
2393 4143 2497 4194 quo
2543 4124 2791 4180 Christus
2833 4139 3024 4181 unctus
3073 4139 3156 4181 est
3202 4144 3311 4197 prie
3357 4131 3707 4199 participibui

2132 4219 2244 4272 suis
2289 4215 2460 4287 (Psal.
2502 4216 2683 4287 κων),
2725 4225 2778 4271 et
2821 4217 3039 4273 effectus
3085 4219 3225 4273 oliva
3273 4235 3392 4274 cum
3447 4224 3706 4290 propheta

2134 4311 2372 4364 cantabit
2400 4324 2414 4362 :
2454 4330 2470 4360 ι
2497 4309 2606 4378 Ego
2639 4320 2818 4363 autem
2843 4312 2981 4364 sicut
3003 4311 3140 4365 oliva
3174 4313 3447 4369 fructifera
3474 4316 3708 4369 indoin

2136 4399 2347 4455 Domini
2391 4401 2562 4471 (Psal.
2607 4402 2704 4467 LI),
2734 4421 2752 4452 ι
2797 4411 2851 4457 et
2889 4403 2978 4454 illo
3014 4404 3138 4456 vino
3168 4406 3307 4473 quod
3331 4405 3397 4458 de
3439 4422 3566 4460 vera
3602 4409 3710 4461 vile

2134 4492 2397 4544 redundat
2447 4493 2499 4545 in
2551 4491 2903 4546 torcularibus
2953 4493 3288 4557 Salvatoris,
3342 4496 3554 4552 dicente
3609 4501 3700 4553 Do.

2135 4581 2280 4635 mino
2310 4598 2323 4634 :
2360 4601 2376 4631 ι
2403 4582 2513 4652 Ego
2543 4598 2660 4635 sum
2691 4583 2832 4646 vitis,
2872 4600 2965 4637 vos
2995 4587 3332 4655 propagines,
3363 4587 3526 4643 Pater
3562 4609 3711 4646 meus

2134 4671 2366 4740 agricola
2400 4671 2579 4741 (Joan.
2615 4676 2723 4739 xv).
2754 4692 2772 4724 ι
2834 4672 2911 4726 De
2932 4674 3012 4727 his
3045 4675 3400 4736 torcularibus
3434 4687 3545 4734 tres
3568 4685 3711 4750 psal-

2135 4777 2249 4816 mos
2280 4763 2522 4830 legimus,
2553 4773 2819 4828 octavum,
2851 4773 2902 4817 et
2934 4767 3336 4834 octogesimum,
3365 4777 3420 4823 et
3440 4774 3713 4842 octogesi-

2136 4866 2278 4902 mum
2329 4852 2575 4914 tertium,
2611 4854 2702 4921 qui
2737 4868 2925 4908 omnes
2970 4856 3034 4909 ad
3083 4857 3335 4913 Ecclesia:
3372 4874 3710 4926 sacramenti

2136 4941 2461 5016 referuntur.
2509 4942 2575 4996 Et
2606 4943 2658 4996 in
2689 4945 2854 4997 veteri
2882 4946 3096 5012 quidem
3137 4945 3276 5015 Lege
3315 4948 3521 5020 absque
3560 4968 3712 5006 men-

2135 5047 2261 5086 sura
2308 5043 2463 5086 erant
2528 5043 2581 5085 et
2630 5049 2854 5086 nu.ero
2899 5034 3186 5101 primitiua:
3230 5055 3248 5085 ι
3283 5037 3400 5093 Non
3449 5042 3593 5095 enim
3643 5044 3712 5096 ad

2137 5137 2445 5175 mensuram
2471 5124 2608 5177 Deus
2632 5125 2876 5191 spiritum
2904 5127 3063 5178 dabat
3102 5127 3284 5197 (lauit.
3323 5131 3428 5199 ιιι).
3455 5151 3474 5184 ι
3527 5132 3584 5186 In
3627 5148 3714 5186 se-

2135 5214 2308 5266 cunda
2351 5223 2529 5266 autem
2578 5213 2928 5270 aedificatione
2964 5218 3183 5286 templi,
3226 5221 3367 5289 quod
3413 5223 3710 5279 Etechielis

2137 5306 2417 5373 prephetia
2448 5307 2705 5369 continet,
2737 5317 2884 5361 certa
2914 5324 3161 5363 mensura
3185 5321 3288 5375 est,
3309 5314 3363 5367 id
3389 5325 3474 5369 est
3493 5332 3713 5387 sexage-

2139 5398 2322 5451 narius
2369 5414 2643 5464 numerus,
2686 5413 2792 5467 quo
2831 5399 3058 5455 mundus
3095 5403 3375 5471 expletur,
3418 5417 3475 5459 ut
3520 5409 3714 5462 dicitur

2140 5491 2334 5544 nobis:
2373 5509 2389 5539 ι
2419 5490 2474 5542 In
2504 5506 2606 5558 qua
2640 5508 2889 5545 mensura
2927 5494 3094 5548 mensi
3132 5495 3362 5561 fueritis,
3403 5500 3711 5554 remetictur

2141 5581 2291 5636 vobis
2315 5581 2528 5651 (Matth.
2558 5581 2674 5651 vn).
2706 5600 2725 5633 ι

2219 5691 2237 5724 ‹
2269 5671 2334 5726 Et
2360 5685 2585 5727 arietem
2613 5690 2773 5728 unum
2810 5674 2876 5729 de
2913 5691 3073 5746 grege
3109 5675 3482 5740 ducentorum,
3532 5678 3704 5734 dehis
