4028 6196
391 268 523 329 1039

1289 268 1636 325 COMMENT.
1676 269 1739 325 IN
1779 268 2230 327 EZECIIIMM.
2268 302 2335 310 —
2374 272 2499 328 LIB.
2538 273 2723 333 XVIII.

3480 283 3619 359 “5P

389 399 406 430 ι
433 394 557 449 quae
592 378 819 435 nutrivit
858 378 1016 434 Israel
1062 379 1116 434 in
1156 380 1502 445 sacriﬁcium,
1537 387 1592 433 et
1617 379 1672 434 in
1696 379 1950 434 holocau-
1977 385 2029 445 Α
2055 377 2451 450 nitentibusque
2498 381 2704 441 .Judmis
2748 397 2809 441 ut
2835 388 3193 463 deponeretur
3220 390 3406 448 titulus
3432 392 3622 451 triump-

389 488 409 521 ι
438 480 605 536 stum,
636 480 690 524 et
731 470 782 524 in
822 470 1039 539 paciﬁca
1067 470 1133 524 ad
1161 471 1480 539 expiandum
1508 485 1605 538 pro
1631 471 1727 533 eis,
1759 471 1835 523 ait
1856 471 1954 533 Do—

382 546 405 611 }
435 560 616 614 minus
640 559 795 614 Deus.
834 558 1022 614 Omnis
1050 558 1276 628 populus
1300 566 1455 613 terra;
1482 558 1745 612 tenebitur
1769 558 1954 627 primi-

389 668 406 700 ι
439 651 528 705 tiis
561 651 644 704 his
667 649 893 720 principi
922 649 975 703 in
1002 650 1185 705 Israel.
1232 650 1299 704 Et
1330 665 1489 718 super
1517 648 1759 718 principe
1794 658 1953 702 erunt

368 732 405 790 ἰ
439 740 770 807 holocausta,
798 750 854 795 et
875 740 1218 805 sacriﬁcium,
1244 749 1299 794 et
1323 739 1575 795 libamina
1618 741 1670 793 in
1706 738 1954 794 solemni-

385 851 403 881 ι
438 832 673 897 tatibus,
699 839 755 884 et
788 831 843 884 in
878 829 1130 885 Kalendis
1166 840 1221 885 et
1256 830 1310 883 in
1350 830 1606 893 sabbatis,
1648 830 1702 883 in
1737 830 1952 883 univer-

387 937 405 969 ι
439 919 517 973 sis
564 919 993 974 solemnitatibus
1035 919 1225 973 domus
1271 919 1452 973 Israel.
1504 919 1622 989 Ipse
1662 919 1820 972 faciet
1854 934 1951 987 pro

384 1032 401 1060 ι
432 1019 658 1079 peccato
686 1010 1008 1066 sacrificium
1039 1020 1093 1065 et
1128 1011 1495 1066 holocaustum
1534 1020 1589 1064 ct
1624 1010 1845 1081 paciﬁca
1882 1010 1951 1064 ad

384 1118 401 1148 ι
434 1099 756 1168 expiandum
787 1113 885 1168 pro
919 1100 1078 1155 domo
1117 1100 1298 1154 Israel.
1330 1120 1351 1152 ι
1406 1099 1579 1170 Supra
1616 1101 1749 1154 dixit
1789 1109 1949 1171 quota

377 1205 509 1259 pars
534 1203 715 1241 eorum
747 1203 864 1257 qum
889 1189 1282 1258 appenduntur,
1316 1204 1805 1257 mensuriequoque
1842 1199 1951 1253 tam

378 1276 654 1330 aridarum
686 1277 984 1346 specierum
1014 1294 1174 1348 quam
1196 1277 1532 1347 liquentium,
1559 1279 1750 1333 debeat
1772 1276 1952 1332 offerri

377 1367 630 1436 principi.
668 1366 818 1420 Nunc
847 1369 1091 1421 eumdem
1124 1367 1481 1436 primitiarum
1511 1368 1564 1421 in
1595 1368 1953 1424 animantilms

378 1467 529 1511 tenet
553 1456 815 1520 ordinem,
849 1467 905 1511 ut
934 1472 1099 1511 unum
1138 1458 1202 1512 de
1238 1473 1399 1528 grege
1431 1459 1779 1512 ducentorum
1816 1460 1955 1514 arie-

381 1558 494 1600 tum
517 1546 702 1616 jubcat
729 1546 933 1612 offerri,
968 1562 1103 1616 quos
1130 1549 1297 1602 nutrit
1336 1548 1499 1602 Israel
1527 1549 1578 1602 in
1607 1550 1948 1612 sacriﬁcium,

374 1646 433 1691 et
460 1637 515 1690 in
544 1636 910 1691 holocaustum
948 1647 1000 1691 et
1040 1637 1090 1691 in
1131 1637 1352 1707 paciﬁca
1394 1639 1461 1692 ad
1494 1640 1813 1709 expiandum
1855 1658 1953 1712 pro

2055 467 2248 537 phalis,
2292 471 2528 537 gentium
2559 473 2615 527 in
2650 473 2823 532 Pilato
2863 477 3019 533 turba
3055 476 3334 550 respondit
3362 490 3380 511 ο
3416 496 3436 532 ι
3466 478 3619 549 Quod

2037 555 2247 634 scripsi
2269 554 2461 624 scripsi
2490 554 2674 627 (Joan.
2703 560 2837 630 xix).
2866 578 2885 611 ι
2919 560 3066 615 «διώ
3102 567 3371 634 principe,
3419 567 3615 634 Inquil,

2035 628 2251 702 erant?»
2264 646 2497 704 Pulchre
2512 652 2869 709 sacerdotalis
2882 655 3115 726 dignitas
3131 660 3616 731 commonctnrcui

2053 735 2291 823 subjecta
2320 737 2390 790 sit
2422 736 2628 804 oﬁicio,
2666 748 2723 793 ut
2754 742 2892 796 sciat
2923 758 2982 798 se
3031 738 3373 812 sacriﬁcium,
3393 748 3615 823 petiitpe-

2051 822 2196 875 mina
2219 839 2337 892 qua:
2371 824 2670 881 oﬂ‘cruntur
2703 844 2767 885 ex
2790 831 2950 886 humo
2970 847 3068 901 pro
3085 835 3280 902 populo
3308 816 3499 893 offerre

2053 912 2180 967 bere
2203 914 2257 967 in
2295 917 2507 971 cunctis
2534 917 2979 987 solenmitatibus,
3022 932 3128 977 tam
3153 926 3396 981 videlicet
3428 928 3478 981 in
3512 926 3619 983 Ka-

2051 1003 2244 1069 lendis,
2282 1004 2335 1058 id
2364 1014 2448 1060 est
2486 1009 2806 1074 neomeniis,
2829 1027 2989 1079 quam
3020 1012 3074 1065 in
3099 1014 3337 1068 sabbatis
3358 1055 3373 1079 ,
3404 1019 3618 1085 quando

2054 1092 2288 1146 tenebris
2308 1103 2498 1147 cuncta
2524 1096 2909 1163 operientibus,
2931 1097 3135 1154 lunaris
3158 1101 3430 1155 exordium
3462 1102 3618 1157 lumi-

2051 1181 2137 1234 nis
2159 1189 2261 1235 est.
2292 1183 2359 1235 Et
2387 1184 2439 1237 in
2477 1187 2661 1254 requie
2688 1188 3056 1253 sabbatorum,
3092 1200 3150 1244 ut
3182 1189 3349 1246 faciat
3371 1193 3617 1255 videlicet

2051 1286 2148 1340 pro
2168 1281 2388 1339 peccato
2416 1275 2480 1328 ad
2505 1265 2827 1344 expiandum
2861 1294 2958 1348 pro
2988 1280 3145 1334 domo
3179 1280 3362 1345 Israel,
3393 1298 3511 1352 qure
3537 1292 3617 1337 est

2051 1358 2288 1415 Ecclesia
2313 1363 2403 1417 Dei
2434 1364 2674 1428 viventis,
2701 1369 2949 1423 columna
2974 1378 3028 1423 et
3057 1369 3451 1425 ﬁrmamentum
3476 1375 3613 1427 veri-

2055 1448 2217 1502 tatis:
2251 1450 2350 1503 ista
2385 1448 2468 1505 est
2512 1453 2654 1506 cnizn
2691 1454 2879 1510 domus
2927 1456 3157 1511 viventis
3188 1456 3301 1522 Dei,
3332 1467 3387 1511 et
3431 1458 3618 1514 domus

2054 1538 2233 1603 Israel,
2274 1556 2393 1609 qua:
2428 1545 2733 1611 expiatione
2767 1562 2987 1601 suorum
3025 1548 3225 1617 indiget
3254 1558 3615 1618 peccatorum.

2053 1624 2190 1692 Quia
2211 1642 2336 1697 ergo
2356 1627 2613 1684 festormn
2633 1632 2775 1703 leges
2795 1635 3049 1690 habemus
3072 1636 3123 1689 in
3140 1637 3407 1701 manibus,
3421 1646 3474 1690 et
3495 1637 3619 1692 inde

374 1725 595 1797 populo,
622 1727 697 1780 ait
717 1726 976 1781 Dominus
999 1727 1159 1781 Deus.
1193 1726 1342 1793 Quod
1376 1743 1474 1783 nos
1500 1727 1833 1798 interpretati
1865 1747 1952 1785 Stt-

2057 1730 2198 1770 nunc
2228 1732 2403 1772 sermo
2435 1730 2545 1784 est,
2583 1723 2917 1793 requiramus
2938 1724 3243 1797 diligentius
3271 1727 3361 1796 qui
3396 1727 3467 1781 sit
3491 1730 3624 1781 ordo

378 1833 504 1872 mus
538 1835 557 1868 ι
587 1817 652 1871 de
694 1817 779 1872 his
814 1832 934 1887 qua:
959 1817 1128 1871 nutrit
1158 1816 1340 1882 Israel,
1385 1839 1403 1871 ι
1440 1819 1493 1873 in
1524 1817 1788 1875 Hebraico
1819 1821 1952 1875 scri-

376 1916 532 1978 ptum
560 1916 665 1972 est,
706 1923 1034 1972 memmasce,
1078 1909 1221 1977 quod
1270 1908 1460 1978 Aquila
1500 1917 1556 1964 et
1602 1909 1952 1980 Symmachus

373 1996 802 2066 interpretantur
830 1997 931 2052 ἀπὸ
953 2005 1050 2052 τῶν
1076 1996 1295 2062 ὑδὰτων,
1329 1998 1674 2068 Septuaginta
1700 2009 1754 2052 et
1781 1996 1953 2052 Theo-

376 2088 544 2153 dotio,
586 2088 687 2143 ἁπὸ
719 2096 819 2144 τῶν
849 2092 1218 2165 ποτιστηρίων,
1253 2090 1394 2159 quod
1445 2089 1672 2144 alterum
1713 2091 1779 2145 de
1822 2089 1951 2143 irri-

373 2179 520 2251 guis,
551 2177 779 2232 alterum
828 2177 895 2233 de
935 2178 1213 2233 canalibus
1245 2179 1358 2233 sive
1399 2180 1621 2250 piscinis
1652 2186 1847 2246 sonat,
1895 2190 1952 2234 ut

376 2269 629 2325 videlicet
659 2268 909 2340 primitiae
935 2269 1196 2339 principis
1226 2286 1333 2324 non
1361 2269 1488 2323 alibi
1524 2271 1624 2325 nisi
1658 2272 1709 2325 in
1738 2271 1953 2341 irriguis

374 2359 707 2414 nutriantur.
749 2358 817 2412 Et
861 2359 1128 2428 quomodo
1176 2358 1228 2411 in
1283 2359 1648 2427 superioribus
1706 2357 1950 2428 legimus,

374 2447 772 2521 sexagesimam
807 2456 1013 2518 partem
1041 2447 1236 2503 debere
1275 2446 1454 2502 oﬁerri
1480 2447 1728 2518 principi,
1756 2449 1822 2503 de
1866 2447 1951 2502 bis

366 2534 501 2608 quin
528 2539 937 2609 appenduntur,
972 2546 1026 2592 et
1068 2553 1187 2607 qua:
1215 2553 1479 2593 mensurae
1522 2538 1827 2606 sulijacent,
1873 2539 1953 2595 sic

375 2628 919 2699 nuncducentesima
958 2644 1081 2697 pars
1123 2629 1473 2682 animantium
1495 2627 1715 2697 jubetur
1745 2629 1948 2696 olferri,

375 2726 435 2774 et
456 2717 826 2789 hujuscemodi
857 2718 986 2789 legis
1016 2720 1295 2789 praeceptis
1316 2735 1529 2774 onmem
1557 2722 1807 2790 populum
1832 2738 1950 2778 esse

376 2805 701 2876 subjectum,
732 2814 793 2861 ut
817 2805 1011 2861 offerat
1040 2806 1161 2861 duci
1202 2807 1314 2861 sive
1350 2808 1600 2878 principi,
1628 2810 1768 2878 quod
1802 2810 1947 2865 vide-

378 2896 509 2953 licet
532 2913 633 2969 per
656 2896 807 2952 illum
828 2895 1137 2953 holocausta
1166 2907 1220 2952 et
1244 2899 1509 2954 sacrificia
1539 2908 1594 2954 et
1617 2899 1871 2955 libamina
1895 2902 1949 2956 in

377 2986 607 3059 singulis
631 2986 1059 3043 solemnitatibus
1080 2986 1376 3043 oli'erantur
1407 3005 1500 3058 pro
1520 2989 1737 3060 populo,
1764 2998 1818 3044 et
1850 3005 1947 3044 ex-

364 3076 558 3150 pietur
596 3075 788 3132 domus
814 3077 929 3131 Dei.
961 3076 1038 3130 Ex
1082 3091 1190 3147 quo
1231 3077 1784 3146 animadvertendmn,
1808 3080 1952 3150 quod
1977 3066 2021 3127 C
2053 3076 2262 3131 Stivitas
2312 3093 2325 3129 :

383 3170 650 3238 quomodo
696 3167 923 3240 populus
957 3169 1167 3224 debitor
1199 3179 1280 3224 est
1314 3170 1670 3238 primitiarum
1722 3171 1952 3227 offeren-

362 3267 569 3313 ‘darnm
598 3252 847 3331 principi,
863 3259 942 3313 sic
962 3259 1211 3328 princeps
1233 3258 1441 3312 debitor
1453 3268 1535 3313 est
1557 3260 1735 3329 populi
1759 3260 1953 3315 offerre

362 3363 481 3420 'pro
502 3364 567 3405 en
592 3350 859 3405 victimas.
897 3350 1065 3416 Quem
1087 3349 1238 3419 juxta
1269 3349 1617 3420 tropologiam
1650 3366 1755 3403 non
1789 3350 1963 3433 aliun'"

381 3432 684 3510 intelligere
724 3454 1039 3509 possumus,
1072 3439 1182 3493 nisi
1235 3439 1517 3494 Dominum
1572 3437 1948 3495 Salvatorem:

362 3530 485 3585 iste
506 3530 575 3585 de
591 3530 834 3587 ducentis
848 3531 1208 3588 animantibus
1230 3531 1454 3602 suscipit
1472 3531 1718 3598 arietem,
1734 3533 1870 3599 sive,
1894 3542 1953 3587 ut

378 3623 770 3695 signiﬁcantius
795 3624 1091 3681 Hebraicus
1113 3630 1288 3680 sermo
1315 3625 1667 3692 demonstrat,
1697 3625 1948 3701 βὸκκημα,

378 3716 526 3784 quod
558 3717 624 3769 ad
658 3725 851 3770 cuncta
881 3715 1204 3780 animantia,
1256 3724 1311 3771 et
1339 3732 1446 3771 non
1474 3717 1689 3786 proprie
1718 3718 1785 3772 ad
1815 3719 1954 3772 arie-

280 3806 291 3811 ’
380 3813 492 3856 tem
522 3801 712 3858 referri
750 3810 946 3874 potest.
990 3803 1058 3858 Et
1104 3805 1327 3874 suscipit
1356 3803 1554 3859 animal
1598 3806 1683 3860 vel
1730 3810 1951 3861 arietem

378 3893 473 3963 qui
507 3885 740 3950 nutritus
767 3904 849 3950 est
880 3896 932 3949 in
957 3894 1089 3966 locis
1116 3897 1352 3966 irriguis,
1377 3897 1955 3975 sanctarumyidelicet

381 3982 814 4054 Scripturarum,
865 3996 920 4040 et
965 3988 1380 4055 potestdicere:
1421 4007 1439 4038 ι
1484 3989 1741 4043 Dominus
1781 3991 1953 4059 pascit

381 4084 489 4136 me,
506 4081 560 4127 et
587 4073 721 4128 nihil
747 4074 876 4129 mihi
912 4076 1101 4141 deerit,
1133 4076 1326 4131 inloco
1348 4093 1560 4147 pascuae
1588 4079 1657 4133 ibi
1686 4094 1772 4133 me
1795 4078 1955 4133 collo-

379 4166 525 4220 cavit
550 4184 563 4220 :
592 4181 753 4236 super
797 4183 963 4237 aquas
1008 4167 1319 4224 refcctionis
1372 4168 1622 4224 educavit
1664 4184 1749 4224 me
1779 4168 1950 4239 (Paul.

384 4256 545 4329 xxvi).
580 4277 599 4310 ι
637 4257 763 4313 Haec
792 4269 947 4314 erant
970 4260 1192 4331 irrigua,
1222 4261 1328 4315 imo
1379 4269 1434 4317 et
1467 4262 1681 4317 canales
1711 4266 1777 4317 ad
1822 4278 1955 4332 quos

381 4364 433 4408 et
457 4351 625 4407 Jacob
653 4352 879 4407 ducebat
920 4369 1109 4423 pecora
1153 4369 1249 4408 sua
1282 4351 1431 4426 (Gen.
1459 4354 1609 4425 xxx),
1644 4363 1703 4408 ut
1746 4355 1799 4408 in
1827 4355 1956 4424 ipsis

383 4440 630 4495 biberent
657 4450 816 4509 atque
843 4441 1205 4512 conciperent,
1238 4452 1292 4497 et
1325 4442 1480 4511 juxta
1510 4444 1783 4514 virgarum
1812 4443 1955 4499 colo-

383 4532 504 4584 rum
554 4529 695 4585 fetus
738 4532 956 4585 ederent
992 4531 1249 4597 Domino;
1305 4547 1402 4601 pro
1455 4531 1720 4587 sacriﬁcio
1761 4532 1954 4600 Aquila

380 4633 436 4676 et
464 4621 825 4691 Symmachus
864 4620 1058 4674 donum
1089 4621 1511 4689 interpretantur
1539 4639 1551 4674 :
1585 4622 1726 4689 quod
1762 4621 1813 4675 in
1847 4621 1950 4676 lle-

380 4714 570 4768 braico
618 4712 813 4768 dicitur
842 4710 1056 4775 Manna,
1088 4721 1143 4765 ct
1185 4711 1399 4780 proprie
1449 4727 1554 4766 non
1603 4712 1835 4780 pertinet
1885 4713 1952 4767 ad

382 4802 634 4868 hostiam,
658 4802 752 4858 sed
781 4801 847 4855 ad
871 4817 932 4856 ea
962 4816 1082 4871 qua:
1112 4816 1179 4856 ex
1207 4800 1380 4856 simila
1406 4808 1460 4855 et
1486 4801 1721 4871 polenta,
1747 4810 1801 4857 et
1833 4802 1951 4858 oleo

380 4890 681 4946 oﬂ‘cruntur
713 4890 767 4945 in
795 4890 1080 4946 sacriﬁcio.
1111 4888 1494 4945 Holocaustum
1525 4906 1653 4945 vero
1681 4900 1780 4957 est,
1813 4894 1954 4962 quod

370 4989 555 5036 totum
579 4978 803 5035 offertur
836 4981 946 5034 Deo
988 4989 1042 5034 et
1076 4994 1229 5035 sacro
1270 4980 1392 5051 igne
1419 4981 1770 5035 consumitur.
1802 4981 1956 5036 Paci-

382 5069 507 5134 ﬁca,
531 5070 746 5139 quando
776 5071 1185 5125 reconciliamur
1212 5071 1341 5137 Deo,
1357 5080 1411 5126 et
1432 5087 1527 5141 pro
1555 5072 1708 5126 nobis
1731 5072 1956 5141 Aposto-

383 5157 469 5211 lus
502 5155 738 5226 loquitur
778 5174 790 5210 :
834 5174 854 5207 ι
905 5157 1194 5212 Precamur
1223 5172 1322 5226 pro
1346 5157 1589 5223 Christo,
1634 5161 1953 5214 reconcilia-

368 5248 517 5303 Amini
544 5248 655 5302 Deo
679 5246 767 5319 (11
793 5247 913 5301 Cor.
942 5247 1018 5317 v).
1053 5268 1071 5301 ι
1108 5248 1173 5302 Et
1200 5249 1249 5301 in
1283 5248 1389 5302 alio
1415 5249 1534 5303 loco
1562 5267 1573 5302 :
1610 5268 1628 5300 σ
1666 5249 1806 5304 Deus
1834 5258 1953 5305 erat

366 5336 439 5391 εἰη
462 5335 682 5391 Christo
708 5338 964 5391 mundum
999 5339 1350 5392 reconcilians
1371 5339 1471 5394 sibi
1510 5339 1720 5413 (1ὺὶι1.).
1768 5361 1788 5392 ι

368 5430 387 5459 Ὺ
450 5427 559 5482 Iste
582 5439 763 5484 autem
794 5431 1059 5501 princeps,
1098 5431 1180 5484 cui
1206 5432 1458 5500 primitiae
1484 5432 1551 5486 de
1594 5435 1952 5489 animantibus

370 5517 697 5585 “afferuntur,
722 5521 836 5591 ipse
862 5531 1017 5577 estet
1048 5538 1162 5587 rex,
1186 5533 1245 5576 ut
1280 5524 1332 5577 in
1358 5525 1531 5579 crucis
1560 5541 1769 5595 quoque
1800 5525 1951 5580 titulo

378 5610 784 5666 demonstratur
812 5610 1100 5667 Ilz‘ebraicis
1123 5623 1174 5665 ct
1196 5612 1399 5667 Graecis
1428 5614 1621 5670 litteris
1638 5631 1699 5670 ac
1723 5616 1947 5682 Latinis,

2054 1805 2434 1875 festivitatum,
2475 1820 2533 1865 ut
2567 1827 2633 1866 ex
2676 1814 2806 1883 ipsis
2838 1816 3113 1871 ordinibus
3146 1825 3204 1872 et
3235 1815 3619 1872 sacrificiorum

2056 1902 2160 1955 ritu
2193 1902 2446 1973 colligere
2473 1902 2740 1971 possimus
2765 1904 2995 1975 qualiter
3021 1907 3385 1979 unusquisque
3413 1908 3480 1963 ex
3511 1900 3620 1962 Suis

2053 1995 2266 2049 actibus
2293 2000 2346 2046 et
2376 1993 2874 2049 conversationibus
2908 1995 3109 2050 sanctis
3143 1995 3251 2051 Deo
3276 1992 3620 2069 festivitatet’n

2054 2086 2221 2153 possit
2245 2096 2457 2153 parare.
2491 2080 2669 2135 Prima
2695 2097 2823 2151 ergo
2844 2093 2926 2138 est
2950 2083 3213 2140 festivitas
3233 2085 3350 2153 Dei,
3382 2103 3499 2155 quae
3529 2102 3621 2156 ap-

2054 2175 2282 2244 pellatur
2308 2172 2637 2227 indesinens.
2671 2172 2747 2227 De
2780 2174 2865 2227 his
2899 2174 3041 2228 enim
3077 2176 3359 2230 mandatur
3383 2192 3501 2247 quae
3543 2178 3620 2232 in-

2053 2264 2388 2327 desinenter,
2433 2272 2487 2317 et
2525 2263 2640 2318 sine
2678 2264 2784 2317 ulla
2821 2268 3042 2334 prorsu’s
3082 2265 3468 2337 interruptione
3510 2266 3609 2323 ma:

2054 2354 2241 2407 tutinis
2277 2361 2331 2407 et
2357 2352 2679 2421 vespertinis
2708 2354 2987 2409 sacriﬁciis
3020 2351 3335 2409 offerantur.
3366 2354 3621 2414 Mandans

2054 2443 2215 2513 igitur
2262 2442 2608 2497 festivitatum
2661 2444 2829 2510 ritus,
2872 2459 2978 2499 non
3028 2445 3205 2514 primo
3254 2442 3437 2501 statim
3474 2447 3621 2503 venit

2052 2532 2118 2586 ad
2151 2530 2495 2586 festivitatem
2533 2531 2783 2598 Paschze,
2827 2514 3000 2603 neque
3035 2535 3102 2588 ad
3131 2535 3453 2606 Azymorum
3475 2576 3491 2602 ,
3528 2552 3620 2591 ne-

2050 2635 2154 2690 que
2201 2621 2267 2674 ad
2320 2619 2698 2690 Sccnopegim,
2749 2621 2986 2691 aliasque
3027 2624 3092 2677 de
3139 2625 3333 2693 quibus
3367 2626 3617 2695 praecipi-

2053 2722 2170 2774 tur,
2222 2711 2315 2765 sed
2350 2709 2488 2764 hanc
2533 2710 2760 2779 primam
2805 2714 2981 2780 posuit
3033 2713 3086 2766 in
3142 2728 3246 2784 qua
3290 2715 3616 2771 sacriﬁcium

2050 2800 2356 2857 indesinens
2377 2801 2591 2855 mandat
2611 2798 2822 2867 oﬁ‘erri,
2853 2817 2959 2872 quo
2990 2802 3194 2859 scilicet
3223 2806 3475 2875 agnoscat
3496 2807 3617 2878 quis

2049 2891 2137 2946 ille
2168 2891 2275 2945 vult
2299 2906 2416 2946 esse
2435 2890 2704 2961 perfectus
2722 2899 2778 2945 et
2798 2902 3036 2957 sanctus,
3059 2894 3183 2962 quia
3206 2909 3311 2950 non
3333 2892 3618 2966 aliquando

2050 2981 2265 3051 quidem
2312 2982 2515 3052 agenda
2548 2990 2635 3037 est
2658 2980 3123 3053 Deo,.aliquando
3160 3001 3267 3041 non
3290 2976 3511 3060 agenda
3542 2990 3619 3046 fe-

2377 3075 2468 3130 sed
2516 3089 2731 3145 semper
2761 3085 2816 3131 et
2849 3077 3212 3134 indesinenter
3241 3062 3420 3148 justus
3459 3092 3621 3154 agere

2053 3169 2212 3223 debet
2242 3168 2384 3223 diem
2427 3166 2644 3223 festum.
2686 3167 3020 3224 Sacriﬁcium
3048 3184 3279 3241 namque
3305 3172 3447 3243 quod
3475 3172 3619 3230 inde-

2053 3260 2311 3324 sinenter,
2341 3267 2397 3313 et
2423 3258 2478 3313 in
2508 3259 2787 3315 matutinis
2808 3268 2866 3315 et
2901 3260 2956 3313 in
2983 3262 3306 3339 vespertinis
3333 3258 3619 3320 mandatur

2052 3346 2258 3415 offerri,
2274 3350 2375 3404 hoc
2395 3348 2617 3414 indicat,
2632 3356 2692 3402 ut
2710 3357 2765 3403 et
2787 3349 2839 3401 in
2854 3348 2969 3420 lege
2991 3364 3053 3405 ac
3074 3351 3348 3420 prophetis
3374 3352 3493 3422 quae
3512 3360 3636 3408 m'a-

2054 3439 2283 3493 .atinum
2313 3446 2522 3508 tempus
2545 3439 2868 3505 ostendunt,
2893 3446 2946 3494 et
2970 3439 3022 3492 in
3050 3440 3354 3510 evangelica
3379 3438 3618 3498 docti-ina

2054 3546 2171 3600 quae
2192 3530 2574 3601 vespertinum,
2600 3528 2653 3584 id
2672 3539 2771 3594 est,
2799 3530 2853 3585 in
2873 3544 3096 3601 vespera
3120 3530 3300 3587 mundi
3325 3528 3619 3590 Salvatoris

2054 3621 2288 3678 ostendit
2306 3616 2953 3686 adventum,‘indesinenti
2966 3616 3259 3678 intentione
3279 3624 3612 3693 persisteret.

2057 3714 2162 3769 llas
2202 3728 2329 3783 ergo
2362 3713 2495 3768 tales
2523 3711 2842 3768 festivitates
2869 3712 3125 3769 Dominus
3157 3714 3287 3769 dicit
3315 3732 3327 3768 :
3366 3732 3385 3766 ι
3427 3715 3494 3769 Et
3516 3710 3613 3770 ob-

2055 3802 2339 3858 scrvabitis
2371 3802 2487 3858 dies
2518 3803 2685 3859 festos
2719 3817 2889 3858 meos.
2928 3822 2947 3856 ι
2997 3804 3119 3859 Dies
3147 3819 3275 3875 ergo
3312 3804 3480 3861 featus
3507 3804 3615 3860 Do-

2055 3895 2183 3947 mini
2219 3901 2319 3959 est,
2355 3893 2398 3948 si
2426 3894 2474 3949 ei
2500 3894 2822 3949 sacriﬁcium
2846 3894 3209 3950 indesinenter
3232 3897 3539 3963 offeramus,
3570 3898 3619 3955 si

2055 3985 2170 4038 sine
2218 3983 2613 4041 intermissione
2643 4000 2888 4051 oremus;
2942 3987 3013 4041 ita
3062 3997 3121 4041 ut
3163 3988 3417 4043 ascendat
3442 3978 3617 4045 oratio

2056 4082 2270 4140 nostra,
2315 4076 2454 4130 sicut
2482 4077 2757 4131 incensum
2790 4078 2841 4130 in
2869 4090 3158 4148 conspectu
3191 4077 3306 4145 ejus
3341 4093 3525 4143 mane,
3563 4089 3618 4135 et

2055 4167 2281 4222 elevatio
2308 4183 2563 4223 manuum
2590 4178 2891 4223 nostrarum
2921 4170 3015 4225 ﬁat
3047 4172 3095 4226 ei
3142 4170 3465 4227 sacriﬁcium
3493 4188 3616 4228 ves-

2056 4258 2322 4326 pertinum
2356 4257 2527 4329 (Psal.
2571 4259 2717 4332 exc).
2768 4260 2865 4315 Est
2892 4262 3054 4332 igitur
3098 4262 3268 4331 prima
3311 4262 3620 4319 solemnitas

2054 4346 2196 4418 jugis
2244 4348 2493 4403 sacriﬁcii
2542 4348 2625 4404 'vel
2676 4349 3043 4415 indesinentis,
3093 4367 3212 4420 quae
3260 4365 3289 4404 a
3330 4352 3622 4409 cultoribus

1981 4407 2032 4464 Β
2059 4438 2331 4505 Evangelii
2356 4454 2419 4492 eo
2454 4440 2610 4493 modo
2635 4454 2740 4508 quo
2765 4455 2925 4508 supra
2947 4441 3310 4508 exposuimus,
3341 4441 3495 4495 debet
3522 4457 3619 4495 ex-

2057 4527 2208 4597 pleri.
2242 4530 2345 4582 Sed
2382 4529 2657 4599 quoniam,
2686 4530 2821 4583 sicut
2855 4529 3196 4598 propheticus
3224 4546 3400 4587 sermo
3428 4535 3621 4603 perdo-

2055 4621 2166 4675 cuit
2195 4621 2391 4691 (Amos.
2418 4622 2536 4691 vn),
2571 4621 2685 4675 dies
2712 4620 2834 4675 festi
2870 4631 3210 4690 peccatorum
3238 4635 3623 4684 convertuntur

2055 4711 2106 4762 in
2147 4709 2369 4773 luctum,
2400 4718 2452 4763 et
2494 4709 2701 4764 cantica
2752 4725 2935 4769 eorum
2982 4713 3034 4767 in
3080 4713 3377 4785 plancttnn;
3412 4728 3618 4774 certum

2052 4806 2133 4853 est
2154 4814 2277 4867 quza
2307 4799 2395 4868 qui
2442 4807 2629 4868 peccat
2656 4840 2669 4863 ,
2696 4806 2751 4854 et
2774 4801 2881 4870 agit
2905 4802 3019 4856 dies
3045 4804 3283 4873 peccati,
3323 4822 3482 4877 agerc
3513 4824 3618 4864 non

2056 4899 2236 4958 potest
2263 4891 2400 4943 diem
2430 4889 2621 4944 festum
2657 4909 2667 4941 :
2700 4898 2755 4945 et
2783 4890 2900 4947 ideo
2938 4893 3040 4947 illis
3069 4895 3253 4950 diebus
3278 4896 3470 4967 quibus
3496 4914 3593 4968 pce

2055 4992 2174 5046 cat,
2203 4982 2396 5035 offerre
2440 4998 2544 5035 non
2580 4991 2758 5052 potest
2801 4984 3108 5042 indesinens
3140 4988 3463 5046 sacriﬁcium
3484 4992 3595 5046 Deo

2058 5070 2163 5125 Sed
2212 5072 2298 5126 ille
2326 5070 2520 5126 oll'erre
2571 5082 2793 5141 potest,
2840 5076 2930 5143 qui
2979 5077 3342 5137 indesinenter
3390 5081 3620 5136 custodit

2050 5161 2331 5230 justitiam,
2375 5171 2427 5216 et
2462 5172 2746 5217 conservat
2789 5166 3133 5238 semetipsum
3166 5184 3194 5221 a
3234 5178 3469 5239 peccato.
3505 5166 3618 5236 Q‘ia

2055 5252 2141 5306 die
2160 5260 2334 5306 autem
2359 5254 2700 5323 interruperit
2724 5265 2778 5309 et
2798 5259 3118 5325 peccaverit,
3147 5267 3351 5312 certum
3375 5268 3460 5312 est
3478 5263 3619 5329 quod

2054 5342 2107 5395 in
2132 5341 2217 5394 illa
2242 5343 2327 5396 die
2359 5358 2461 5396 non
2483 5342 2636 5398 offert
2664 5346 2985 5400 sacriﬁcium
3008 5348 3312 5402 indesinens
3335 5347 3464 5401 Deo.
3490 5348 3619 5417 Qua:

2055 5442 2136 5487 est
2165 5442 2343 5486 autem
2373 5433 2637 5489 festivitas
2659 5436 2884 5501 sabbati,
2911 5438 3014 5492 nisi
3045 5437 3131 5491 illa
3161 5439 3225 5492 de
3252 5456 3354 5509 qua
3385 5439 3614 5510 Aposto-

2054 5521 2136 5576 lus
2155 5519 2293 5576 dicit
2327 5539 2340 5575 :
2383 5538 2402 5572 ι
2440 5522 2789 5594 Relinquetur
2815 5541 2943 5596 ergo
2973 5528 3347 5593 sabbatismus,
3393 5528 3493 5583 hoc
3538 5538 3620 5584 est

2054 5612 2263 5669 sabbati
2301 5612 2629 5684 observatio,
2658 5617 2854 5687 popqu
2900 5617 2991 5671 Dei
3023 5616 3207 5684 (Hebr.
3241 5621 3336 5687 IV).
3377 5640 3392 5669 ι
3435 5620 3612 5677 Relin-
