2014 3098
226 147 293 177 "ﬁt

539 148 569 175 Β.
590 147 715 176 ΚΑΒΑΝΙ
734 147 843 175 MAURI
860 147 1020 175 ARCHIEP.
1042 148 1195 177 MOGUNT.
1214 147 1356 177 OPERUM
1376 148 1467 177 PARS
1485 149 1520 177 ll.

1783 147 1850 178 tibi

224 206 337 239 quentes
354 209 416 238 ergo
431 202 556 235 Iudaicus
572 202 675 229 sabbati
695 202 906 233 observationes,
923 202 1009 237 qualis
1024 208 1046 237 Α
1060 202 1111 230 bus
1123 203 1250 237 operibus
1260 204 1325 236 suis,
1339 204 1466 232 saeculum
1479 205 1606 236 futurum,
1623 210 1685 232 tunc
1698 213 1760 233 cum
1773 208 1850 233 aufu-

225 250 320 278 debeat
338 257 397 277 esse
410 249 563 277 Christiano
579 250 681 276 sabbati
697 250 850 277 observatio
862 250 1008 277 videamus.

227 296 274 324 Die
288 296 390 323 sabbati
406 295 470 322 nihil
488 302 518 322 ex
534 296 659 322 omnibus
678 296 768 322 mundi
788 296 892 323 actibus
905 300 1014 340 operte;

225 340 339 375 operari.
370 340 398 366 Si
423 347 487 374 ergo
506 339 612 367 desinas
636 340 670 366 ab
694 341 819 368 omnibus
838 341 1010 368 saecularibus

224 386 348 420 operibus
358 405 365 417 ,
379 390 405 412 et
418 385 483 411 nihil
500 385 663 411 uniuni-anum
678 393 771 419 geras,
785 386 832 413 sed
845 385 1010 420 spiritalibus

225 431 352 465 operibus
365 437 455 460 vaces,
477 430 510 457 ad
522 430 663 457 ecclesiam
679 431 835 461 convenias,
849 430 1009 458 lectionibus

223 475 320 502 divinis
335 480 361 502 et
377 476 535 501 tractatibus
553 483 644 501 auretn
666 476 796 509 praebeas,
809 476 840 502 de
854 475 1009 503 cmlestibus

222 520 335 554 cogites,
358 521 390 547 de
413 520 500 547 futura
516 528 562 555 Spe
582 520 788 547 sollicitudinem
805 528 893 555 geras,
917 526 1010 548 ventu-

223 574 281 592 rtuu
306 566 435 600 judicium
450 574 505 600 prae
526 566 612 593 oculis
636 566 743 598 habeas,
767 574 818 592 non
833 567 961 600 respicias
976 568 1010 595 ad

222 613 362 647 praesentia
389 617 413 639 et
430 613 555 645 visibilia,
575 613 621 640 sed
645 613 678 640 ad
693 613 837 640 invisibilia
854 619 881 641 et
897 614 985 640 futura
1001 623 1007 640 :

222 658 280 685 hate
301 663 343 685 est
363 660 515 686 observatio
530 659 632 686 sabbati
649 659 802 687 Christiano
817 668 824 687 :
845 661 891 688 sed
914 662 971 688 lucc
983 665 1010 688 et

221 703 304 731 Judzci
319 704 462 731 observare
474 704 611 732 deberent.
629 705 747 739 Denique
761 705 841 732 etiam
854 706 924 740 apud
939 706 1010 740 ipsos

222 749 243 775 si
258 749 344 782 faber,
369 750 389 776 si
411 754 536 781 structor,
556 755 583 777 et
607 751 628 778 si
647 751 691 786 qui
716 751 866 786 hujusmodi
885 752 1009 787 opiﬁcum

222 793 311 826 fuerit,
325 795 424 822 otiatur
441 796 466 822 in
481 795 522 822 die
543 796 656 823 sabbati.
674 796 769 824 Lector
789 802 878 824 autem
893 796 958 832 legis
971 797 1011 824 di-

220 839 289 865 vinze
304 840 343 866 vel
358 840 453 867 doctor
475 849 527 867 non
543 841 643 868 desinit
656 849 670 867 a
687 841 757 867 bono
773 849 863 876 opere,
878 846 905 868 et
921 847 1010 868 tamen

1061 249 1115 285 giet
1127 249 1204 277 dolor
1217 254 1242 276 et
1258 250 1366 278 tristitia
1381 257 1408 278 et
1422 251 1546 286 gemitus,
1561 256 1588 279 et
1602 252 1654 279 erit
1667 253 1759 280 omnia
1773 258 1801 280 et
1824 253 1850 280 in

1060 294 1184 321 omnibus
1195 295 1275 322 Deus.
1289 294 1317 321 In
1333 302 1385 330 quo
1402 296 1514 322 sabbato
1529 297 1659 324 concedat
1673 297 1755 324 etiam
1775 297 1851 325 nobis

1061 339 1131 365 Deus
1142 339 1212 365 diem
1227 339 1323 366 festum
1336 348 1414 374 agere
1429 348 1532 373 secum,
1546 348 1607 368 cum
1622 343 1725 370 sanctis
1747 342 1851 377 angelis

1060 384 1117 411 suis
1140 383 1207 411 festa
1232 384 1383 418 celebrare;
1400 385 1543 414 offerentes
1561 387 1724 415 sacriﬁcium
1751 389 1838 418 laudis

1060 432 1088 454 et
1099 428 1240 456 reddentes
1250 429 1386 457 Altissimo
1397 434 1459 457 vota
1475 436 1578 459 nostra.
1595 432 1670 461 Tunc
1685 433 1809 462 fortassis
1823 441 1849 463 et

1060 472 1222 500 sacriﬁcium
1251 474 1416 507 indesinens,
1443 476 1475 503 de
1496 484 1549 511 quo
1571 485 1651 513 supra
1675 481 1848 514 exposuimus

1060 516 1154 544 melius
1168 516 1315 545 offeretur:
1331 523 1393 545 tunc
1410 520 1481 546 enim
1496 520 1590 548 melius
1605 522 1791 551 indesinenter
1804 532 1848 552 as-

1060 562 1155 590 sistere
1169 563 1257 589 anima
1270 564 1370 597 poterit
1382 564 1436 592 Deo
1450 570 1477 592 et
1488 565 1584 593 offerre
1607 568 1771 596 sacriﬁcium
1795 570 1849 597 lau-

1060 606 1101 633 dis
1122 614 1171 641 per
1196 608 1349 641 pontiﬁcem
1372 616 1509 645 magnum,
1539 612 1583 646 qui
1607 617 1648 639 est
1670 615 1799 642 sacerdos
1823 616 1846 642 iu

1059 656 1200 684 aeternum,
1214 654 1359 681 secundum
1378 656 1500 683 ordinem
1526 657 1731 687 Melchisedech.
1759 661 1847 689 Tertia

1060 696 1192 725 festivitas
1203 698 1312 732 ponitur
1324 699 1477 728 Neomeuia:
1493 701 1560 735 dies,
1577 703 1603 730 in
1627 712 1680 738 qua
1696 704 1808 733 oll'ertur
1822 712 1849 734 et

1060 743 1148 769 hostia
1163 743 1233 770 sicut
1256 744 1384 779 scriptum
1408 750 1471 772 est:
1491 755 1500 771 ι
1522 746 1550 773 ln
1571 747 1692 776 calendis
1714 754 1815 783 autem,
1836 761 1845 776 ι

1060 789 1086 816 id
1099 794 1151 822 est,
1165 790 1191 816 in
1207 791 1339 818 mensium
1350 792 1478 825 exordiis,
1497 803 1506 819 ι
1528 793 1646 822 oﬂ'eretis
1663 795 1847 825 holocaustum

1062 834 1184 866 Domino,
1208 844 1217 860 ι
1239 839 1290 863 etc.
1307 835 1453 864 Neomenia
1467 842 1555 866 autem
1579 839 1678 866 dicitur
1694 849 1764 868 nova
1775 842 1847 870 luna.

221 884 359 911 sabbatum
385 893 437 912 non
462 887 638 914 contaminat.
662 885 689 913 Si
714 887 784 914 enim
801 887 865 914 dicit
884 888 917 914 ad
940 895 1007 915 eos:

1061 878 1108 905 Est
1118 885 1182 914 ergo
1196 883 1223 906 et
1235 879 1285 907 ista
1300 879 1445 914 festivitas,
1457 889 1517 909 eum
1530 882 1591 910 luna
1610 884 1763 913 innovatur.
1775 886 1846 914 Nova

223 939 232 955 ι
253 930 306 957 Aut
326 939 378 957 non
392 931 494 966 legistis
506 932 568 966 quia
581 932 735 959 sacerdotes
747 933 772 959 in
786 933 884 968 templo
904 934 1003 961 sabba-

222 979 277 1002 tum
293 976 402 1007 violant,
421 981 448 1003 et
459 977 516 1004 sine
528 977 640 1004 crimine
652 978 736 1005 sunt?
756 977 864 1013 (Matth.
879 978 940 1012 xu.)
960 988 968 1004 ι

257 1020 307 1053 Qui
323 1028 385 1055 ergo
398 1021 514 1048 cessavit
533 1022 567 1049 ab
584 1021 710 1056 operibus
731 1022 823 1048 surculi
841 1026 867 1048 et
882 1022 1009 1056 spiritali-

221 1065 271 1092 bus
286 1066 390 1092 actibus
407 1071 496 1098 vacat,
512 1066 561 1093 iste
572 1071 613 1093 est
628 1067 672 1100 qui
689 1066 851 1094 sacriﬁcium
862 1067 966 1094 sabbati
981 1071 1008 1094 et

221 1111 291 1138 diem
306 1110 403 1138 festum
418 1112 473 1146 agit
484 1112 667 1138 sabbatorum.
680 1111 771 1147 Neque
785 1119 866 1139 onera
880 1117 971 1147 portat
981 1112 1007 1140 in

220 1156 273 1183 via.
295 1156 369 1184 Onus
381 1157 451 1184 enim
466 1160 508 1184 est
520 1164 599 1183 omne
612 1161 762 1191 peccatum,
783 1157 1008 1191 quemadmodum

220 1201 285 1228 dicit
299 1207 327 1228 et
340 1201 472 1238 Propheta
487 1212 494 1231 :
513 1213 522 1229 ‹
542 1203 616 1231 Sient
637 1212 705 1232 onus
718 1211 798 1239 grave
816 1209 925 1239 gravata
945 1209 1009 1232 sunt

220 1255 300 1282 super
325 1255 366 1274 me
388 1247 484 1283 (Paul.
511 1249 646 1285 xxxviii).
665 1260 675 1277 ›
705 1249 797 1285 Neque
822 1249 895 1277 enim
919 1250 1008 1286 ignem

221 1292 343 1319 accendit
361 1293 444 1324 illum,
463 1293 566 1321 scilicet
580 1295 668 1330 ignem
683 1295 716 1322 de
728 1303 781 1329 quo
796 1294 895 1323 dicitur
910 1304 917 1322 ι
939 1304 948 1321 ι
970 1295 1009 1323 [te

221 1337 248 1364 in
263 1337 363 1364 lumine
378 1338 447 1373 ignis
468 1339 560 1371 vestri,
575 1344 603 1367 et
621 1340 647 1366 in
659 1340 766 1367 flamma
787 1349 869 1375 quam
884 1340 1009 1368 accendi.

221 1384 270 1410 stis
285 1384 311 1410 in
329 1384 439 1411 sabbato
456 1386 638 1420 unusquisque
649 1385 716 1419 (Isa.
733 1386 785 1422 1.).)
805 1387 857 1413 Sed
869 1391 896 1414 et
911 1387 937 1414 in
950 1387 1008 1414 loco

220 1436 269 1455 suo
285 1433 310 1455 et
324 1436 375 1455 non
391 1431 509 1463 procedit
528 1438 560 1458 ex
574 1438 617 1458 eo.
632 1431 698 1464 Quis
710 1439 773 1466 ergo
784 1436 825 1458 est
840 1432 913 1460 locus
927 1432 985 1466 ejus
997 1432 1008 1459 ?

220 1473 323 1500 Anima:
334 1474 438 1502 scilicet
447 1475 585 1509 spiritalis.
609 1475 715 1502 Iustitia
731 1475 805 1502 locus
817 1476 884 1510 ejus,
898 1478 1006 1509 veritas,

222 1519 363 1554 sapientia,
385 1520 575 1553 sanctiﬁcatio,
593 1523 620 1548 et
640 1521 728 1547 omnia
749 1529 807 1554 qme
826 1521 947 1549 Christus
968 1527 1009 1549 est

220 1564 295 1592 locus
306 1566 402 1593 anima:
412 1570 463 1594 est.
479 1567 516 1593 Ea
530 1574 583 1601 quo
597 1566 656 1594 loco
667 1574 725 1595 eam
741 1575 792 1594 non
804 1573 910 1602 oportet
922 1569 1007 1602 exire,

223 1616 320 1638 utvera
329 1611 440 1639 sabbata
453 1612 630 1644 custodiat,et
640 1612 710 1640 diem
721 1612 818 1640 festum
830 1614 856 1640 in
867 1614 1008 1642 sacriﬁciis

219 1657 309 1692 exigat
319 1657 500 1689 sabbatorum,
517 1658 586 1685 sicut
597 1661 624 1685 et
637 1657 766 1685 Dominus
779 1658 907 1686 dicebat:
928 1669 936 1685 ι
955 1659 1006 1693 Qui

223 1707 314 1730 manet
326 1703 352 1730 in
360 1710 402 1731 me
410 1706 491 1738 etego
500 1704 525 1730 in
534 1711 566 1730 eo
574 1702 663 1738 (Jaan.
672 1704 727 1740 xv).
741 1714 750 1730 ι
763 1704 837 1738 Quod
847 1713 878 1731 an
884 1709 934 1732 tem
943 1705 1009 1732 dixi-

221 1756 280 1776 mus
287 1756 350 1776 vera
358 1748 506 1781 sabbata,si
512 1749 592 1776 altius
600 1755 750 1784 repetamus
757 1751 874 1784 qumsint
882 1758 943 1777 vera
952 1751 1009 1778 sab-

219 1795 292 1826 bata,
302 1794 370 1821 ultra
385 1795 456 1822 hunc
468 1795 595 1822 mundum
607 1799 649 1822 est
661 1803 721 1822 vera
730 1795 836 1829 sabbati
843 1795 1005 1823 observatio.

220 1839 295 1873 Quod
313 1840 383 1867 enim
402 1840 532 1875 scriptum
546 1844 588 1867 est
610 1840 638 1867 in
653 1839 749 1867 Genesi
777 1839 853 1876 (Gen.
879 1841 922 1875 ιι),
944 1841 1006 1875 quia

221 1885 354 1920 requievit
382 1885 452 1913 Deus
479 1885 505 1912 in
533 1885 576 1912 die
591 1885 696 1913 sabbati
721 1886 756 1912 ab
781 1886 905 1920 operibus
930 1887 1005 1918 suis.

221 1937 274 1957 non
291 1930 412 1957 videmus
427 1930 469 1957 vel
484 1934 546 1957 tunc
569 1930 669 1958 factum
696 1938 756 1958 esse
781 1930 808 1957 in
826 1930 869 1957 die
894 1932 1007 1965 septima

221 1974 263 2002 vel
287 1975 367 2003 etiam
394 1983 466 2002 nunc
490 1975 558 2003 ﬁeri.
580 1976 692 2010 Semper
706 1976 789 2003 Deum
809 1976 932 2003 videmus
944 1984 1007 2011 ope-

222 2022 288 2053 rari,
314 2025 341 2048 et
366 2021 467 2048 nullum
482 2022 623 2049 sabbatum
641 2027 703 2056 est,
729 2023 756 2050 iu
782 2031 835 2058 quo
858 2032 911 2051 non
937 2023 1007 2051 Deus

222 2070 357 2101 operetur,
376 2066 469 2100 inquo
485 2074 538 2093 non
560 2068 689 2102 perducat
716 2069 799 2096 solem
825 2077 902 2096 suum
926 2077 1007 2104 super

222 2111 306 2138 bonos
330 2115 357 2139 et
383 2111 488 2144 malos,
512 2116 540 2139 et
560 2112 634 2146 pluat
660 2121 740 2147 super
763 2115 852 2149 justos
874 2119 901 2142 et
921 2116 1006 2150 injus-

223 2163 264 2184 tos
290 2156 395 2192 (Matt/1.
418 2158 454 2192 v).
486 2166 495 2182 ι
515 2157 542 2184 lu
567 2165 620 2192 quo
645 2166 697 2185 non
727 2159 856 2193 producat
881 2160 905 2186 in
931 2168 1007 2186 mon-

223 2202 296 2229 tibus
317 2201 419 2234 fenum,
435 2206 461 2229 et
479 2201 591 2229 herbam
614 2203 736 2229 servituti
761 2203 895 2230 hominum
920 2203 1004 2239 (I'sul.

221 2246 321 2282 CXL-rt),
343 2257 352 2272 ι
371 2247 463 2281 inquo
487 2255 539 2274 non
557 2247 688 2282 percutiat
702 2251 729 2274 et
748 2252 833 2280 sanet,
850 2248 963 2275 deducat
974 2250 1006 2275 ad
1023 2239 1045 2267 ί)

223 2291 356 2319 iufernu'm
370 2295 396 2318 et
413 2290 533 2324 reducat,
550 2291 576 2318 in
601 2299 653 2326 quo
677 2299 729 2318 non
751 2292 855 2319 occidat
876 2297 904 2320 et
916 2293 1007 2320 vivere

224 2336 305 2364 faciat
331 2337 405 2364 Unde
416 2341 444 2364 et
465 2337 592 2365 Dominus
614 2338 640 2365 in
664 2337 823 2373 Evangeliis.
837 2346 899 2366 cum
922 2337 1006 2366 Iudici

222 2382 483 2416 pmscribercntsibi
492 2382 524 2409 de
535 2382 692 2417 operatione
700 2386 726 2410 et
739 2383 877 2411 curatione
889 2384 1006 2417 sabbati,

226 2427 363 2462 respondit
376 2427 414 2454 eis
429 2436 435 2453 :
452 2436 461 2452 ι
483 2427 562 2455 Pater
581 2435 657 2455 meus
680 2435 764 2462 usque
784 2428 862 2455 modo
883 2433 1009 2463 operatur

225 2476 253 2498 et
277 2478 326 2505 ego
350 2478 446 2506 operor
467 2471 555 2507 (Joan.
570 2471 608 2508 v).
632 2482 641 2498 ι
661 2472 811 2501 Ostendens
827 2481 875 2508 per
895 2474 953 2502 haec
980 2474 1007 2501 in

226 2517 299 2544 nullo
324 2516 403 2550 hujus
426 2516 515 2543 smculi
539 2518 649 2546 sabbato
677 2519 844 2553 requiescere
866 2519 966 2552 Deum,
992 2527 1007 2547 a

225 2561 468 2598 dispenstionibus
482 2562 583 2595 mundi,
599 2568 626 2590 et
640 2572 655 2590 a
679 2564 878 2599 provisionibus
901 2565 1007 2600 generis

225 2608 345 2636 humani.
358 2607 425 2635 Nam
438 2612 574 2635 creaturas
585 2609 692 2643 quidem
702 2609 765 2637 fecit
777 2618 809 2637 ex
824 2610 899 2637 initio
910 2615 936 2637 et
947 2610 1010 2637 sub-

225 2654 339 2681 stantias
353 2652 473 2688 protulit,
488 2657 604 2687 quantas
617 2654 667 2680 sibi
681 2654 784 2682 sciebat
799 2659 828 2681 ut
841 2659 902 2689 pote
919 2663 1007 2682 rerum

224 2698 364 2730 conditor,
381 2698 415 2725 ad
437 2698 627 2732 perfectionem
651 2699 742 2726 mundi
763 2707 842 2734 posse
861 2698 982 2727 sulliccrc
1001 2708 1007 2725 :

226 2743 274 2770 sed
297 2751 381 2778 usque
403 2744 437 2771 ad
459 2744 715 2771 consummationem
739 2744 839 2778 smculi,
859 2745 892 2772 ab
916 2752 1008 2772 earum

226 2789 378 2823 provisione
401 2793 428 2817 et
449 2789 647 2825 dispensatione
669 2798 721 2818 non
748 2797 844 2819 cessat.
867 2792 926 2819 Erit
945 2799 1009 2827 ergo

225 2837 320 2859 verum
336 2835 488 2867 sabbatum,
504 2836 593 2870 inquo
605 2836 784 2870 requiesceret
796 2838 865 2865 Deus
878 2839 912 2867 ab
922 2842 1007 2868 omni-

1060 927 1150 949 autem
1170 924 1271 952 dicitur
1291 932 1352 952 cum
1381 926 1430 953 soli
1448 927 1570 961 proxima
1594 928 1676 956 fuerit
1700 930 1795 958 eli'ecta
1821 938 1846 959 et

1058 966 1136 994 valde
1149 968 1174 994 ei
1191 967 1345 1002 conjuncta,
1366 969 1402 997 ita
1420 975 1451 998 ut
1471 972 1520 998 sub
1545 972 1668 1001 claritate
1682 974 1741 1009 ejus
1755 976 1844 1003 liueat.

1059 1010 1113 1039 Sed
1126 1012 1222 1040 mirum
1237 1013 1350 1042 fortasse
1367 1015 1496 1049 videatur,
1511 1017 1591 1045 immo
1615 1021 1781 1054 superfluum
1805 1022 1844 1049 lex

1059 1056 1149 1085 divina
1162 1059 1299 1087 mandare.
1315 1060 1383 1093 Quid
1396 1062 1467 1089 enim
1481 1063 1617 1100 religionis
1630 1066 1761 1094 condecet
1779 1067 1845 1095 hunc

1058 1109 1144 1135 novae,
1159 1103 1186 1130 id
1211 1108 1262 1137 est,
1281 1113 1342 1133 cum
1368 1107 1538 1143 conjungitur
1560 1109 1609 1136 soli
1630 1115 1658 1137 et
1679 1112 1801 1140 adhaeret
1821 1114 1844 1141 ei

1059 1148 1202 1177 observare
1216 1149 1398 1179 festivitatem.
1425 1151 1487 1181 Haec
1512 1154 1534 1181 si
1557 1156 1705 1184 secundum
1729 1158 1845 1186 litteram

1059 1194 1276 1229 considerantur,
1290 1205 1343 1224 non
1360 1202 1413 1225 tam
1430 1199 1552 1234 religiosa
1565 1209 1645 1235 quam
1661 1205 1845 1238 superstitiosa

1059 1239 1230 1268 videbuntur.
1245 1241 1297 1269 Sed
1312 1243 1414 1270 sciebat
1424 1244 1567 1279 Apostolus
1581 1246 1691 1279 Paulus,
1705 1249 1769 1283 quia
1792 1258 1843 1277 non

1060 1283 1092 1311 de
1107 1284 1149 1311 his
1163 1284 1281 1319 loquitur
1294 1286 1347 1319 lex,
1363 1296 1450 1323 neque
1465 1289 1544 1316 ullum
1567 1290 1647 1318 ritum
1662 1293 1724 1327 quia
1747 1293 1846 1323 Iudaeis

1058 1329 1195 1357 observari
1208 1331 1315 1359 videtur
1327 1337 1437 1361 sanctus
1459 1333 1576 1369 Spiritus
1588 1338 1721 1372 praieipit,
1737 1344 1765 1366 et
1787 1340 1845 1367 ideo

1059 1374 1092 1401 ad
1104 1382 1160 1408 eos,
1178 1377 1223 1411 qui
1239 1377 1318 1405 fidem
1330 1379 1377 1407 Dei
1390 1387 1574 1417 susceperunt,
1592 1385 1699 1413 dicebat
1715 1395 1722 1412 :
1742 1395 1751 1411 (
1762 1386 1846 1415 Nemo

1059 1430 1124 1468 ergo
1142 1423 1299 1458 vosjudicet
1313 1427 1339 1454 in
1353 1427 1414 1456 cibo
1427 1434 1474 1456 aut
1486 1431 1512 1457 in
1527 1435 1592 1465 potu
1609 1437 1656 1459 aut
1668 1433 1695 1460 in
1704 1438 1783 1468 parte
1793 1434 1846 1462 diei

1059 1466 1120 1494 festi
1134 1473 1180 1496 aut
1190 1472 1330 1498 neomenia
1345 1477 1391 1499 aut
1407 1474 1529 1508 sabbato,
1541 1484 1601 1511 qua:
1617 1482 1680 1505 sunt
1693 1466 1796 1506 umbrae
1806 1478 1846 1505 fu-

1059 1517 1181 1540 turorum
1211 1514 1322 1550 (Coloss.
1345 1520 1386 1553 ιι).
1411 1528 1420 1544 ι
1444 1518 1471 1546 Si
1493 1527 1557 1556 ergo
1576 1523 1672 1550 umbra
1695 1522 1846 1551 futurorum

1022 1567 1044 1598 ρ
1060 1563 1110 1590 est,
1124 1559 1276 1593 sabbatum,
1289 1561 1322 1588 de
1334 1570 1387 1597 quo
1399 1571 1448 1598 pro
1476 1565 1580 1593 viribus
1595 1574 1676 1602 supra
1700 1568 1847 1603 explicavi-

1060 1610 1134 1636 mus;
1154 1608 1181 1631 et
1199 1607 1339 1634 neomenia
1362 1609 1458 1636 umbra
1481 1609 1632 1639 futurorum
1656 1617 1722 1641 est:
1743 1619 1846 1642 certum

1058 1654 1100 1678 est
1123 1651 1185 1686 quia
1197 1656 1225 1679 et
1240 1658 1343 1682 caetera:
1358 1655 1519 1685 festivitates
1533 1657 1658 1686 similiter
1669 1659 1773 1688 umbra:
1785 1666 1847 1688 sunt

1058 1697 1220 1727 futurorum.
1238 1700 1292 1728 Sed
1305 1710 1376 1730 nunc
1391 1704 1424 1731 de
1447 1705 1590 1733 neomenia
1604 1707 1754 1735 videamus.
1775 1708 1846 1736 Dixi-

1059 1752 1119 1773 mus
1132 1746 1194 1780 quia
1209 1749 1355 1776 neomenia:
1371 1749 1503 1777 festivitas
1526 1752 1686 1787 appellatur,
1699 1761 1762 1781 cum
1785 1754 1846 1782 luna

1058 1790 1181 1819 innovari
1204 1794 1317 1828 etB—perit
1335 1800 1362 1821 et
1387 1795 1437 1822 soli
1458 1797 1580 1831 prosima
1604 1797 1662 1826 ﬁeri
1685 1800 1846 1836 penitusque

1058 1836 1209 1871 conjuncta.
1227 1838 1271 1866 Sol
1285 1838 1408 1873 justitize,
1423 1840 1547 1869 Christus
1569 1848 1622 1870 est.
1638 1843 1706 1871 Huic
1728 1845 1752 1872 si
1771 1845 1844 1878 luna,

1059 1881 1084 1909 id
1105 1886 1156 1914 est,
1180 1882 1298 1911 Ecclesia
1323 1892 1381 1918 sua,
1404 1894 1463 1921 quae
1478 1887 1578 1916 lumine
1605 1888 1689 1924 ipsius
1712 1890 1843 1925 repletur,

1053 1926 1146 1961 juncta
1166 1927 1259 1962 fuerit,
1276 1934 1303 1956 et
1315 1931 1423 1965 penitus
1434 1932 1457 1959 ei
1471 1933 1625 1966 adhaeserit,
1642 1934 1678 1961 ita
1700 1939 1730 1961 ut
1749 1943 1845 1963 secun-

1058 1971 1120 1998 dum
1147 1973 1257 2000 verbum
1279 1974 1420 2010 Apostoli:
1437 1986 1446 2002 ι
1469 1975 1514 2012 qui
1539 1985 1567 2005 se
1591 1978 1680 2015 jungit
1705 1981 1820 2008 Domino
1835 2000 1842 2013 ,

1058 2024 1127 2044 unus
1140 2023 1201 2044 cum
1218 2025 1250 2045 eo
1264 2019 1374 2054 spiritus
1389 2019 1434 2047 flat
1454 2021 1479 2056 (1
1499 2020 1560 2050 Cor.
1579 2022 1633 2059 vr),
1655 2033 1664 2049 ι
1685 2028 1749 2053 tunc
1770 2024 1844 2053 festi-

1057 2061 1167 2089 vitatem
1185 2064 1331 2091 neomenia:
1345 2066 1409 2100 agit.
1427 2065 1502 2095 Tune
1529 2068 1602 2095 enim
1625 2076 1695 2097 nova
1717 2069 1842 2103 eﬂieitur,

1058 2114 1118 2133 cum
1147 2108 1276 2142 ahjecerit
1298 2114 1416 2138 veterem
1439 2112 1586 2146 hominem,
1599 2118 1627 2141 et
1648 2115 1739 2143 induta
1764 2115 1846 2143 fuerit

1058 2160 1166 2186 novum,
1188 2164 1196 2179 ι
1219 2155 1263 2189 qui
1279 2157 1424 2183 secundum
1448 2157 1531 2185 Deum
1548 2163 1655 2187 creatus
1679 2165 1722 2188 est
1736 2160 1841 2196 (ΕρΙιιδ,

1059 2198 1105 2232 ιν),
1130 2208 1139 2223 ›
1162 2203 1242 2234 atque
1259 2200 1294 2227 ita
1316 2202 1412 2229 merito
1434 2203 1613 2231 innovationis
1634 2205 1842 2238 solemnitatem,

1058 2250 1117 2276 quae
1140 2249 1181 2270 est
1206 2246 1352 2273 neomenia:
1375 2247 1514 2281 festivitas,
1530 2250 1608 2284 gerit.
1634 2250 1709 2278 Tunc
1730 2252 1845 2288 denique

1060 2292 1111 2321 est,
1132 2290 1238 2323 quando
1253 2299 1339 2326 neque
1355 2293 1436 2320 videri
1451 2301 1538 2329 neque
1548 2297 1737 2330 comprehendi
1752 2298 1844 2326 Imma-

1059 2333 1101 2360 nis
1118 2335 1270 2369 aspectibus
1291 2342 1388 2371 potest.
1409 2338 1507 2366 Anima
1528 2340 1601 2367 enim
1624 2349 1686 2368 cum
1710 2347 1793 2371 totam
1815 2352 1844 2372 se

1059 2378 1203 2407 sociaverit
1216 2380 1340 2415 Domino,
1355 2387 1382 2410 et
1404 2384 1430 2410 in
1446 2384 1615 2419 splendorem
1628 2385 1696 2414 lucis
1708 2388 1768 2423 ejus
1790 2393 1842 2416 tota

1058 2424 1232 2457 concesserit,
1249 2426 1368 2461 nihilque
1379 2429 1488 2456 omnino
1503 2433 1637 2457 terrenum
1653 2432 1764 2468 cogitat,
1779 2433 1844 2460 nihil
1857 2452 1860 2454 «

1058 2471 1222 2497 mundanum
1238 2473 1359 2507 requirit,
1374 2481 1423 2501 nec
1438 2473 1589 2503 hominibus
1611 2476 1719 2510 placem
1744 2479 1841 2510 studet.

1057 2514 1104 2542 sed
1117 2519 1198 2542 totam
1220 2524 1249 2543 se
1271 2517 1408 2552 sapientia:
1430 2518 1533 2551 lumini,
1547 2524 1630 2549 totam
1654 2521 1738 2549 calori
1757 2525 1841 2552 sancti

1060 2559 1175 2594 Spiritus
1187 2563 1394 2597 mancipaerit,
1410 2564 1514 2592 subtilis
1536 2570 1564 2593 et
1586 2566 1714 2601 spiritalis
1735 2568 1840 2603 eiecta,

1059 2608 1193 2641 quomodo
1208 2608 1281 2635 cerni
1308 2609 1342 2636 ab
1363 2610 1515 2638 hominibus
1538 2616 1586 2638 aut
1607 2612 1734 2641 humanis
1755 2619 1841 2649 potest

1059 2654 1248 2688 conspectibus
1271 2657 1451 2691 apprehendi?
1466 2657 1595 2685 Animalis
1623 2666 1741 2694 namque
1759 2660 1839 2689 homo

1060 2698 1209 2734 intelligere
1221 2704 1248 2727 et
1270 2700 1423 2728 discernere
1445 2709 1497 2729 non
1520 2706 1608 2737 potest
1626 2703 1785 2738 spiritalem.
1809 2704 1837 2732 Β

1060 2742 1120 2770 ideo
1137 2744 1293 2778 dignissime
1308 2745 1378 2772 diem
1393 2745 1490 2773 festum
1507 2751 1568 2782 aget
1590 2751 1618 2775 et
1641 2748 1758 2776 hostiam
1778 2756 1839 2777 tneo-

1060 2790 1155 2816 menize
1173 2790 1294 2823 Domino,
1310 2795 1400 2825 utpote
1425 2799 1473 2826 per
1493 2793 1579 2827 ipsum
1594 2794 1718 2821 innovata
1737 2794 1839 2830 jugula-

1060 2834 1107 2861 bit.
1139 2834 1241 2868 Quarto
1264 2836 1289 2862 in
1308 2836 1366 2864 loco
1389 2839 1497 2872 ponitur
1522 2845 1594 2866 Inter
1615 2839 1774 2867 festivitates
1795 2839 1837 2867 Dei
