4028 6196
300 294 440 351 1055

1178 293 1536 353 COMMENT.
1576 296 1644 352 IN
1682 296 2136 354 EZECHIELEM.
2175 327 2243 337 —-
2278 297 2402 355 LlB.
2448 297 2629 354 XVIII.

3436 309 3574 366 ξοδ.

288 405 518 467 Pascha:
543 403 876 471 soletnnitas,
904 407 957 461 in
1000 416 1118 478 qua‘
1140 409 1431 467 festivitate
1477 427 1650 483 agnus
1676 413 1879 471 eccidl-
1909 418 1961 483 Α
1988 422 2188 469 metere
2234 412 2460 480 fructus,
2505 428 2569 468 ex
2618 412 2813 483 quibus
2860 414 3027 470 laetari
3081 414 3253 473 facias
3288 419 3475 486 Deum,
3518 434 3573 479 et

290 509 403 554 tur.
437 495 546 552 Sed
570 494 693 552 vide
725 503 781 550 tu
801 496 1014 567 Agnum
1043 513 1250 565 verum,
1278 500 1493 571 Agnum
1524 503 1643 569 Dei,
1671 504 1881 574 Agnum

285 588 384 659 qui
416 587 555 642 tollit
603 596 829 657 peccata
870 590 1076 653 mundi,
1132 599 1188 646 et
1236 592 1402 648 dicito
1440 595 1567 663 quia
1614 614 1633 645 ι
1677 594 1885 650 Pascha

286 688 544 734 nostrum
566 676 879 735 immolatus
906 686 992 736 est
1029 679 1275 738 Christus
1301 680 1356 753 (1
1385 681 1508 738 Cor.
1534 683 1610 755 v).
1662 703 1679 733 ι
1714 685 1883 740 Judaei

284 766 500 822 carnali
528 780 692 821 sensu
721 767 1011 822 comedam
1044 783 1240 824 carnes
1276 770 1422 841 agni,
1448 786 1547 826 nos
1577 782 1757 829 autem
1784 789 1878 827 eo-

284 856 572 922 medamus
594 870 817 910 carnem
844 856 993 911 verbi
1020 857 1135 911 Dei.
1168 858 1287 929 Ipse
1316 860 1463 915 enim
1489 860 1626 915 dixit
1657 880 1670 915 :
1708 881 1726 911 ι
1771 862 1884 919 Nisi

282 945 642 1003 comederitis
697 961 888 1002 carnes
931 962 1097 1013 meas,
1146 963 1255 1005 non
1302 950 1573 1009 habebitis
1608 952 1777 1008 vitam
1827 954 1881 1010 in

283 1032 445 1087 vobis
470 1031 602 1102 ipsis
643 1029 825 1102 (Joan.
867 1029 966 1103 γι).
1014 1050 1032 1083 ι
1064 1032 1176 1089 [loc
1221 1035 1366 1105 quod
1414 1036 1575 1092 modo
1617 1037 1884 1107 loquimur

283 1135 483 1177 carnes
516 1128 646 1175 sunt
666 1120 816 1175 verbi
845 1119 965 1186 Dei,
999 1122 1044 1176 si
1077 1130 1256 1177 tamen
1302 1139 1412 1178 non
1448 1125 1606 1195 quasi
1654 1126 1886 1183 infirmis

283 1211 457 1276 olera,
483 1218 578 1264 aut
612 1210 765 1280 quasi
794 1210 978 1280 pueris
1018 1210 1174 1267 lactis
1202 1211 1895 1285 alimoniamprtel'ersmus:

283 1301 333 1357 si
378 1301 620 1372 perfecta
665 1300 957 1369 loquimur,
988 1301 1036 1357 si
1088 1302 1334 1368 robusta,
1386 1303 1433 1357 si
1477 1301 1661 1369 fortia,
1690 1319 1883 1362 carnes

283 1396 444 1451 vobis
490 1395 642 1451 verbi
681 1394 776 1449 Dei
823 1395 1144 1465 apponimus
1169 1394 1550 1450 comedendas.
1589 1394 1689 1450 Ubi
1735 1398 1883 1452 enim

282 1486 553 1558 mysticus
594 1501 796 1552 sermo,
824 1486 916 1541 ubi
964 1486 1301 1558 dogmatieus
1341 1496 1396 1541 et
1448 1486 1730 1543 Trinitatis
1776 1488 1882 1544 ﬁde

284 1580 531 1650 repletus
552 1578 827 1650 profertur
846 1594 911 1634 ac
934 1580 1159 1646 solidus,
1175 1580 1266 1634 ubi
1281 1579 1446 1634 futuri
1470 1580 1674 1645 saeculi,
1699 1589 1881 1637 amoto

282 1668 558 1723 velamine
579 1668 796 1735 litterae,
825 1668 958 1738 legis
989 1667 1249 1740 spiritalis
1270 1677 1607 1723 sacramenta
1632 1671 1879 1739 pandun-

285 1767 397 1824 tur,
421 1758 513 1812 ubi
536 1774 660 1830 spes
673 1758 866 1814 animae
880 1758 1066 1825 avulsa
1087 1759 1154 1814 de
1177 1758 1334 1814 terris
1355 1753 1595 1829 jac'tatur
1611 1760 1663 1814 in
1689 1760 1874 1827 caelos,

284 1858 341 1905 et
368 1850 423 1904 in
445 1849 550 1904 illis
570 1848 868 1906 collocatur
910 1870 938 1913 η(
966 1865 1087 1919 qua:
1106 1851 1293 1906 oculus
1314 1866 1419 1906 non
1442 1852 1596 1918 vidit,
1613 1868 1712 1907 nec
1736 1853 1882 1909 auris

287 1941 515 2006 audivit,
536 1955 638 1996 nec
664 1941 718 1994 in
742 1956 829 1996 cor
864 1939 1100 1997 hominis
1127 1943 1485 1998 ascenderunt
1505 1942 1556 2014 (Ι
1569 1942 1691 1998 Cor.
1716 1943 1807 2015 ιι),
1855 1964 1876 1997 ι

285 2030 407 2085 hzec
438 2030 620 2084 omnia
643 2046 836 2086 carnes
860 2040 985 2086 sunt
1012 2033 1161 2088 verbi
1184 2033 1302 2099 Dei,
1328 2033 1420 2103 qui
1444 2041 1621 2103 potest
1639 2025 1883 2104 perfecto

286 2121 568 2177 intellectu
598 2123 742 2177 vesci
765 2131 821 2177 et
846 2124 1008 2178 corde
1033 2125 1336 2194 purificato,
1357 2125 1448 2181 ille
1468 2142 1595 2182 vere
1621 2125 1883 2182 festivita-

292 2220 375 2268 tes
427 2213 642 2282 paschae
693 2212 936 2268 immolat
989 2215 1339 2281 sacrificium,
1383 2224 1438 2271 et
1495 2217 1639 2272 diem
1682 2216 1882 2273 festum

286 2302 404 2371 agit
442 2317 567 2357 cum
607 2301 718 2359 Deo
764 2315 820 2360 et
849 2320 972 2360 cum
1002 2305 1208 2377 angelis
1236 2306 1371 2375 ejus.
1418 2307 1547 2363 Post
1587 2309 1728 2364 hanc
1772 2307 1881 2364 imo

285 2396 604 2451 continuata
629 2394 756 2451 huic
781 2394 1051 2479 festivitas
1074 2398 1320 2469 sequitur
1355 2412 1688 2468 azymorum,
1716 2413 1881 2467 quam

288 2486 489 2543 merito
531 2486 850 2552 celebrabis,
893 2489 937 2544 si
980 2490 1307 2547 extermines
1346 2506 1508 2546 omne
1557 2491 1882 2550 fermentum

289 2578 510 2649 malitiae
531 2586 586 2633 et
604 2579 859 2650 nequitia:
881 2580 949 2634 ab
982 2581 1161 2636 anima
1200 2589 1312 2647 tua,
1344 2590 1400 2636 et
1424 2597 1615 2654 azyma
1651 2583 1883 2640 sinceri-

289 2671 426 2727 tatis
460 2670 811 2741 veritatisque
853 2672 1128 2728 custodias
1152 2671 1205 2743 (1
1236 2672 1358 2727 Cor.
1391 2674 1467 2745 v).
1511 2672 1698 2744 Neque
1736 2676 1883 2731 enim

288 2760 590 2833 putandum
617 2767 700 2816 est
723 2761 1145 2831 omnipotentem
1186 2761 1355 2819 Deum
1380 2762 1528 2834 leges
1572 2765 1883 2835 hominibus

290 2868 393 2925 pro
415 2852 684 2911 fermento
710 2855 972 2921 scribere,
1000 2864 1054 2911 et
1080 2871 1176 2926 per
1200 2871 1263 2912 ea
1307 2855 1499 2924 jubere
1525 2857 1879 2913 exterminari

292 2945 531 3000 animam
562 2946 628 3002 de
650 2947 883 3017 populo;
910 2946 957 3002 si
986 2962 1092 3017 qua
1119 2946 1257 3003 forte
1280 2963 1471 3017 parum
1528 2947 1730 3020 aliquid
1772 2948 1882 3004 fer-

297 3036 466 3091 menti
493 3034 652 3105 hujus
673 3052 738 3092 ex
759 3036 933 3091 farina
950 3037 1228 3107 conspersi
1255 3038 1308 3093 in
1330 3038 1489 3094 domo
1507 3053 1604 3094 sua
1626 3038 1882 3094 habuisse

1987 519 2148 574 agere
2174 505 2317 559 diem
2344 503 2563 560 festum.
2593 504 2746 571 Quod
2777 504 2939 561 aliter
2970 505 3195 575 implere
3217 523 3323 563 non
3343 511 3568 578 poteris,

1986 597 2092 653 nisi
2115 597 2302 651 audias
2328 596 2643 667 Apostolum
2688 597 2959 653 dicentem
2996 616 3009 651 :
3043 617 3062 651 ι
3107 598 3209 666 Qui
3252 602 3486 659 seminat
3513 604 3568 659 in

1986 688 2199 757 spiritu,
2221 687 2289 743 de
2331 688 2523 757 spiritu
2570 696 2737 743 metet
2770 689 2935 743 vitam
2958 697 3214 757 teternam
3238 689 3384 761 (Gal.
3416 691 3514 765 γι).
3546 711 3565 746 ι

1987 776 2047 834 Si
2074 778 2153 833 sic
2181 777 2436 838 semines,
2463 786 2518 832 et
2539 776 2616 831 sic
2648 786 2840 842 metas,
2872 791 3001 832 vere
3035 778 3177 833 diem
3222 779 3416 837 festum
3453 783 3572 853 agis

1986 883 2266 925 umerum.
2296 864 2591 938 Propterea
2632 867 2865 937 denique
2910 876 2963 923 et
2986 872 3248 939 propheta
3292 872 3569 942 admonet,

1984 959 2173 1016 dicens
2211 978 2224 1015 :
2262 978 2282 1012 ι
2322 960 2580 1015 innovate
2609 959 2665 1016 in
2697 962 2849 1015 vobis
2885 962 3093 1016 novalia
3119 1003 3135 1027 ,
3169 972 3223 1019 et
3269 965 3434 1021 nolite
3477 981 3570 1022 se-

1984 1051 2196 1105 minare
2220 1064 2385 1120 super
2409 1050 2592 1120 spinas
2622 1049 2766 1121 (Ose.
2797 1052 2873 1122 χ).
2923 1071 2941 1102 ι
2973 1051 3071 1118 Qui
3116 1067 3247 1124 ergo
3276 1070 3373 1110 cor
3412 1071 3570 1112 suum

1982 1146 2049 1195 et
2067 1138 2382 1195 interiorem
2413 1140 2686 1195 hominem
2717 1150 2941 1195 renovat
2967 1142 3034 1197 de
3059 1143 3146 1197 die
3186 1144 3240 1197 in
3270 1144 3433 1211 diem,
3468 1147 3571 1203 istc

1983 1229 2086 1286 sibi
2127 1229 2348 1284 innovat
2390 1220 2619 1291 novalia,
2651 1237 2843 1286 etnon
2879 1231 3112 1287 seminat
3155 1249 3317 1304 super
3363 1237 3566 1306 spinas,

1984 1321 2082 1377 sed
2133 1335 2296 1391 super
2349 1329 2551 1376 terram
2598 1323 2816 1388 bonam,
2846 1339 2964 1392 qua:
3011 1326 3199 1380 reddat
3241 1329 3290 1382 ei
3335 1328 3568 1387 fructum

1985 1412 2409 1467 tricentesimum
2465 1421 2559 1467 aut
2610 1415 3005 1485 sexagesimum
3071 1426 3163 1470 aut
3214 1421 3569 1476 centesimum

1985 1502 2137 1573 (Luc.
2168 1502 2310 1574 vm).
2355 1503 2461 1558 Iste
2484 1518 2614 1572 ergo
2638 1513 2742 1569 est,
2768 1506 2859 1574 qui
2907 1507 2962 1560 in
3006 1508 3195 1576 spiritu
3240 1511 3469 1569 seminat
3513 1521 3570 1568 et

1984 1593 2186 1663 colligit
2216 1592 2425 1650 fructus
2462 1596 2706 1664 spiritus.
2737 1596 2968 1652 Fructus
3003 1608 3181 1654 autem
3206 1602 3426 1671 spiritus
3454 1605 3568 1674 pri-

1982 1700 2103 1740 mus
2132 1686 2375 1741 omnium
2417 1695 2501 1742 est
2529 1689 2780 1758 gaudium
2808 1688 2951 1758 (Gal.
2983 1691 3056 1761 v).
3088 1692 3155 1747 Et
3182 1694 3376 1749 merito
3425 1697 3565 1752 diem

1906 1767 1953 1828 B
1980 1776 2177 1833 festum
2203 1772 2766 1834 novorum‘fructuum
2792 1780 2921 1849 agit,
2949 1781 3041 1850 qui
3094 1783 3345 1851 gaudium
3376 1786 3575 1851 metit;

1981 1866 2249 1936 praecipue
2271 1866 2361 1934 qui
2392 1866 2552 1921 simul
2572 1875 2742 1922 motat
2764 1875 2818 1923 et
2838 1883 3026 1937 pacem
3062 1877 3119 1925 et
3146 1872 3481 1941 patientiam,
3512 1885 3567 1929 et

1980 1955 2279 2011 bonitatem
2317 1965 2373 2011 et
2400 1957 2890 2024 mansuetudinem,
2922 1958 3165 2029 aliosque
3195 1961 3389 2015 horum
3414 1963 3567 2017 simi-

1981 2046 2058 2104 les
2086 2045 2296 2102 fructus
2347 2046 2586 2117 colligat,
2618 2049 2931 2120 dignissime
2984 2065 3246 2105 novorum
3291 2052 3565 2111 fructuum

1980 2141 2327 2198 festivitatem
2351 2142 2581 2198 Domino
2607 2154 2751 2215 aget.
3081 2155 3084 2159 '

2051 2230 2202 2286 Tunc
2246 2231 2441 2286 deinde
2505 2233 2750 2302 sequitur
2792 2230 3062 2287 festivitas
3107 2232 3563 2303 Septimanorum.

1983 2324 2136 2381 Sicut
2159 2325 2304 2380 enim
2332 2325 2478 2380 inter
2505 2324 2641 2390 dies,
2672 2327 2932 2395 septimus
2957 2326 3158 2395 quique
3177 2328 3295 2382 dies
3313 2329 3567 2385 observa-

1981 2421 2070 2468 tur
2097 2412 2402 2480 sabbatum,
2446 2421 2502 2468 et
2527 2423 2612 2469 est
2642 2410 2925 2479 festivitas,
2951 2416 3026 2470 ita
3056 2424 3113 2469 ut
3158 2417 3300 2471 inter
3354 2435 3571 2475 menses

1982 2502 2244 2571 septimus
2266 2501 2468 2571 quique
2498 2502 2703 2557 mensis
2721 2502 2999 2558 sabbatum
3030 2504 3103 2557 sit
3122 2506 3407 2561 mensium.
3431 2507 3559 2569 Agi-

1985 2601 2070 2647 tur
2094 2606 2222 2662 ergo
2248 2591 2303 2646 in
2325 2606 2390 2647 eo
2418 2591 2708 2658 festivitas,
2744 2607 2864 2662 quae
2887 2592 3087 2647 dicitur
3114 2592 3348 2649 Sabbata
3380 2595 3563 2651 sabba-

1981 2692 2184 2748 torum,
2208 2691 2263 2739 et
2282 2683 2344 2738 fit
2369 2684 2424 2738 in
2451 2684 2538 2739 die
2558 2684 2733 2753 prima
2767 2681 2970 2757 mensis
2997 2684 3260 2737 memoria
3290 2685 3558 2740 tubarum.

1982 2773 2089 2830 Sed
2117 2775 2239 2844 quis
2266 2783 2351 2830 est
2398 2774 2491 2844 qui
2518 2772 2863 2830 festivitatem
2898 2780 3051 2844 gerat
3080 2774 3355 2828 memoriae
3407 2774 3563 2828 tuba-

1981 2875 2101 2914 rum
2126 2899 2142 2926 ,
2182 2859 2286 2915 nisi
2317 2859 2410 2929 qui
2435 2866 2616 2928 potest
2641 2858 3313 2929 scripturasprophetieas
3333 2865 3388 2913 et
3406 2872 3565 2913 evan-

1980 2949 2177 3021 gelicas
2212 2958 2374 3020 atque
2406 2948 2751 3019 apostolicas,
2782 2962 2902 3018 quae
2929 2948 3078 3003 velut
3097 2946 3307 3003 caelesti
3331 2948 3563 3017 quadam

1980 3048 2273 3111 personant
2301 3039 2447 3105 tuba,
2480 3039 2741 3094 mandare
2763 3038 3058 3103 memoriae,
3090 3046 3146 3093 et
3175 3038 3314 3092 intra
3343 3040 3565 3093 thesau—

296 3126 800 3196 deprebendantur,
839 3142 1065 3196 eamque
1109 3143 1298 3184 curam
1351 3143 1674 3199 magnopere
1712 3127 1880 3184 fuisse
1906 3115 1951 3179 C
1983 3146 2103 3185 rum
2128 3129 2306 3185 cordis
2334 3129 2417 3183 sui
2445 3127 2777 3184 recondere?
2808 3126 2909 3194 Qui
2944 3140 3075 3199 ergo
3107 3127 3224 3182 haec
3252 3127 3381 3183 facit
3408 3136 3463 3182 et
3508 3127 3564 3181 in

295 3204 493 3270 divina:
519 3214 792 3284 majestati
816 3232 920 3287 qua
962 3215 1214 3273 fermenti
1238 3216 1398 3287 hujus
1421 3233 1584 3273 causa
1610 3219 1879 3276 intantum

296 3319 358 3361 se
379 3305 528 3360 dicat
542 3305 761 3374 offendi,
780 3307 1109 3373 utanimam,
1127 3324 1287 3378 quam
1304 3309 1419 3378 ipse
1433 3310 1500 3363 ad
1514 3310 1801 3380 imaginem
1825 3318 1881 3366 et

297 3393 705 3451 similitudinem
736 3411 887 3451 suam
903 3397 1053 3463 fecit,
1068 3396 1416 3451 exterminari
1438 3412 1536 3466 pro
1568 3398 1667 3451 hoc
1691 3394 1881 3463 jubeat

297 3491 355 3541 et
377 3485 566 3540 everti.
592 3484 708 3539 Non
735 3486 866 3540 mihi
898 3488 1110 3541 videtur
1136 3488 1252 3542 base
1271 3487 1469 3542 divinis
1488 3486 1695 3558 legibus
1721 3488 1881 3558 digna

298 3587 422 3631 esse
466 3574 836 3646 intelligentia,
866 3577 957 3632 sed
984 3576 1111 3630 illud
1134 3576 1304 3647 magis
1350 3584 1454 3643 est,
1479 3577 1621 3646 quod
1663 3577 1880 3631 horres-

285 3656 396 3731 cit,
419 3666 610 3721 merito
623 3667 888 3722 horrescit
912 3669 1073 3733 Deus,
1097 3677 1143 3722 st
1168 3667 1405 3734 malitiae,
1431 3668 1475 3723 si
1499 3668 1612 3733 irae,
1628 3668 1673 3723 si
1695 3668 1880 3738 nequi-

301 3757 391 3813 tia:
412 3756 605 3827 spiritu
624 3757 927 3814 infirmetur
947 3759 1126 3812 anima
1142 3766 1195 3813 et
1210 3758 1533 3813 intumescat
1551 3759 1619 3813 ad
1637 3756 1841 3830 flagitia
1860 3774 1875 3823 ;

300 3852 420 3907 haec
447 3866 554 3906 non
583 3851 697 3905 vult
723 3838 842 3907 eSse
866 3852 920 3906 in
950 3852 1132 3906 anima
1158 3853 1321 3916 Deus,
1347 3859 1403 3906 et
1423 3850 1530 3905 tale
1554 3852 1879 3905 lermentum

300 3942 403 3998 nisi
426 3943 714 4010 abjecerim
722 3958 783 3998 us
796 3944 862 3998 de
877 3943 1036 3999 domo
1053 3942 1245 3997 animae
1258 3952 1477 4007 uestrae,
1494 3942 1690 3996 merito
1702 3948 1881 3996 exter-

300 4033 644 4089 minabimur.
674 4034 780 4089 Sed
807 4049 875 4089 ne
905 4042 1241 4102 contemnas,
1281 4032 1494 4089 etiamsi
1526 4046 1749 4102 parvam
1795 4032 1874 4085 vi-

299 4121 447 4176 deris
474 4123 617 4177 intra
642 4130 695 4179 te
721 4120 1036 4178 fermentari
1055 4101 1354 4199 'malitiam,
1387 4122 1513 4192 quia
1535 4101 1565 4173 in
1610 4121 1878 4177 modicum

297 4210 623 4268 fermentum
660 4221 825 4269 totam
856 4228 1088 4268 massam
1133 4213 1429 4282 corrumpit
1471 4210 1533 4284 (I
1575 4210 1698 4266 Cor.
1728 4210 1814 4281 v).
1854 4229 1873 4262 ι

299 4302 366 4356 Ει
390 4303 509 4357 ideo
532 4317 707 4373 neque
732 4302 796 4357 de
820 4317 990 4373 parvo
1008 4311 1231 4373 peccato
1258 4302 1515 4376 negligas,
1534 4302 1789 4373 quoniam
1810 4317 1878 4357 ex

296 4411 405 4450 uno
427 4405 647 4464 peccato
672 4402 962 4465 generatur
985 4402 1037 4448 et
1059 4394 1224 4448 aliud.
1242 4393 1394 4449 Sicut
1414 4394 1559 4448 enim
1582 4408 1650 4447 ex
1663 4391 1876 4463 justitia

295 4493 585 4557 generatur
598 4484 826 4555 justitia,
841 4498 906 4538 ex
934 4484 1182 4539 castitate
1196 4484 1419 4539 castitas
1442 4482 1509 4554 (si
1531 4484 1676 4537 enim
1698 4482 1885 4553 primo,

298 4574 443 4628 tenui
452 4582 531 4628 ter
544 4582 728 4628 castus
739 4587 857 4627 esse
871 4573 1115 4642 coeperit,
1134 4582 1354 4642 accepto
1366 4572 1633 4627 castitatis
1647 4570 1876 4625 fermen-

299 4674 375 4732 to,
403 4666 640 4736 quotidie
661 4665 859 4720 castior
884 4664 1115 4719 eﬂicitur
1136 4681 1148 4716 :
1172 4664 1245 4717 ita
1266 4671 1321 4717 et
1342 4666 1432 4732 qui
1449 4662 1616 4718 semel
1632 4663 1772 4716 intra
1793 4676 1872 4726 se,

296 4756 423 4810 licet
444 4770 667 4825 parvum
701 4756 917 4810 malitiae
939 4754 1239 4824 reposuerit
1267 4754 1613 4819 fermentum,
1636 4754 1876 4823 quotidie

296 4845 588 4914 semetipso
611 4845 835 4914 nequior
869 4842 1097 4900 edicitur
1122 4859 1187 4899 ac
1207 4844 1462 4899 deterior.
1486 4844 1553 4898 Et
1581 4844 1700 4900 ideo
1724 4845 1769 4899 si
1795 4845 1876 4901 vis

298 4950 461 5004 agere
504 4949 814 5005 azymorum
846 4936 1188 4991 festivitatem
1217 4951 1337 4993 cum
1365 4935 1494 5000 Deo,
1539 4951 1605 4990 ne
1652 4952 1915 5013 parvum.

296 5026 515 5096 quidem
548 5027 763 5081 malitia:
789 5026 1109 5083 fermentum
1132 5028 1271 5082 intra
1298 5037 1348 5082 te
1373 5028 1608 5082 residere
1633 5028 1879 5097 patiaris.

298 5118 429 5173 Post
459 5118 598 5174 hanc
628 5119 871 5187 sequitur
897 5126 1049 5174 sena
1080 5117 1369 5182 festivitas,
1401 5135 1520 5189 qua:
1551 5119 1750 5173 dicitur
1770 5118 1881 5197 No:

301 5223 510 5273 verum,
542 5209 592 5262 id
622 5216 737 5272 est,
792 5209 1042 5277 primitiis
1086 5209 1153 5265 de
1205 5211 1359 5265 novis
1409 5208 1725 5265 offeruntur.
1776 5198 1880 5266 Ubi

301 5300 445 5355 enim
472 5300 767 5373 seminatus
814 5300 977 5357 fuerit
1005 5316 1155 5373 ager,
1186 5301 1469 5372 diligenter
1494 5301 1762 5366 excultus,
1793 5309 1879 5354 at-

303 5404 407 5461 que
428 5389 493 5444 ad
521 5390 889 5445 maturitatem
926 5392 1233 5460 pervenerit
1269 5406 1456 5462 seges,
1488 5400 1616 5445 tunc
1662 5391 1717 5445 in
1770 5389 1881 5444 fru-

303 5494 487 5539 ctuum
504 5484 829 5555 perfectione
847 5483 1113 5539 festivitas
1130 5475 1341 5539 Domini
1355 5477 1579 5553 ge‘ritur.
1617 5481 1673 5536 Si
1688 5497 1815 5553 ergo
1831 5489 1885 5536 et

306 5583 363 5630 tu
383 5574 465 5629 vis
478 5592 738 5633 novorum
762 5577 901 5631 diem
932 5575 1127 5630 festum
1155 5590 1313 5643 agere
1340 5589 1460 5629 eum
1491 5573 1739 5646 Domino,
1763 5572 1885 5628 vide

306 5669 575 5740 quomodo
600 5669 854 5733 semines,
884 5676 974 5722 aut
1005 5668 1094 5722 ubi
1143 5665 1396 5735 semines,
1423 5674 1483 5721 ut
1530 5666 1706 5739 possis
1749 5666 1885 5722 tales

706 5761 977 5823 ΡΑτιιοι.
1024 5757 1155 5819 CX.

1981 3220 2096 3292 lege
2119 3220 2331 3276 Domini
2381 3220 2672 3274 meditatur
2717 3218 2805 3272 die
2853 3232 2919 3271 ac
2969 3227 3127 3272 nocte
3176 3214 3435 3289 (Psal.t),
3464 3217 3566 3272 ista

1981 3308 2325 3363 festivitatem
2353 3307 2493 3378 gerit
2518 3307 2793 3361 memoriae
2829 3308 3099 3360 tubarum.
3140 3306 3246 3361 Sed
3277 3317 3334 3361 et
3378 3308 3424 3361 si
3470 3309 3563 3378 qui

1980 3404 2158 3467 potest
2178 3396 2383 3468 gratias
2407 3395 2527 3450 illas
2557 3395 2729 3450 sancti
2757 3394 2994 3463 Spiritus
3019 3396 3344 3463 promereri,
3366 3396 3565 3465 quibus

1981 3486 2231 3556 inspirati
2267 3494 2393 3542 sunt
2441 3486 2739 3557 propheta},
2770 3495 2826 3540 et
2866 3484 3102 3554 psallens
3130 3484 3313 3541 dicere
3344 3505 3358 3540 :
3396 3506 3414 3537 ‹
3456 3487 3548 3543 Ca-

1979 3579 2092 3632 nite
2114 3578 2167 3631 in
2199 3574 2353 3632 initio
2380 3576 2583 3631 mensis
2606 3575 2755 3641 tuba,
2787 3574 2844 3629 in
2875 3574 2962 3629 die
2988 3574 3218 3644 insignis
3246 3574 3561 3631 solemnita-

1982 3667 2051 3721 tis
2073 3665 2189 3734 ejus
2215 3665 2388 3738 (Psal.
2423 3664 2610 3737 LXXX),
2644 3673 2699 3719 et
2722 3664 2815 3733 qui
2841 3664 2945 3718 scit
2975 3662 3030 3716 in
3050 3663 3280 3718 Psalmis
3307 3662 3559 3731 jubilare,

1980 3758 2139 3827 digne
2163 3756 2275 3811 Deo
2304 3755 2417 3822 agit
2441 3754 2841 3809 solemnitatem
2873 3753 3145 3807 tubarum.
3180 3753 3279 3807 Est
3305 3753 3483 3808 adhuc
3506 3764 3563 3809 et

1952 3848 2080 3901 alia
2112 3846 2375 3901 festivitas
2406 3860 2531 3900 cum
2570 3842 2810 3915 aﬂligunt
2852 3842 3063 3898 animas
3108 3859 3232 3899 suas
3281 3854 3337 3901 et
3384 3846 3559 3901 humi-

1978 3939 2132 4005 liant,
2158 3938 2256 3993 sed
2284 3952 2390 3993 non
2417 3937 2555 3992 festa
2601 3935 2960 3991 celebrantes.
2992 3935 3037 3990 0
3076 3938 3213 3992 mira
3262 3938 3556 3994 festivitas!

1979 4028 2104 4083 Dies
2134 4027 2305 4083 festus
2328 4035 2552 4082 vocatur
2579 4023 2797 4081 afﬂictio
2843 4025 3054 4080 animae.
3091 4046 3110 4078 ‹
3153 4026 3250 4082 Hic
3277 4028 3444 4094 enim,
3473 4028 3558 4082 in-

1979 4119 2114 4190 quit,
2146 4119 2262 4174 dies
2288 4126 2373 4174 est
2405 4115 2829 4187 propitiationis,
2858 4116 3071 4172 decima
3111 4117 3199 4174 die
3230 4118 3432 4175 mensis
3476 4134 3561 4175 se-

1977 4214 2152 4285 ptimi.
2201 4232 2219 4264 ι
2260 4213 2424 4270 Vides
2469 4226 2617 4283 ergo,
2644 4210 2690 4266 si
2721 4210 2803 4266 vis
2857 4210 3003 4266 diem
3055 4209 3255 4266 festum
3302 4226 3483 4281 agere,
3515 4214 3561 4267 si

1977 4304 2060 4359 vis
2087 4303 2379 4359 utltetetur
2426 4301 2568 4357 Deus
2614 4314 2778 4371 super
2814 4308 2883 4367 te,
2914 4297 3090 4370 afllige
3132 4300 3370 4355 animam
3413 4309 3561 4356 tuam

1978 4402 2034 4453 et
2056 4394 2278 4451 humilia
2306 4410 2445 4449 eam.
2479 4392 2594 4449 Non
2643 4392 2695 4447 ei
2719 4391 3004 4461 permittas
3033 4389 3252 4459 explere
3290 4390 3559 4446 desideria

1980 4504 2098 4554 sua,
2137 4504 2237 4543 nec
2264 4487 2531 4543 concedas
2552 4485 2602 4540 ei
2647 4482 2902 4538 lascivius
2926 4480 3162 4551 evagari,
3193 4481 3286 4536 sed
3310 4481 3361 4536 in
3384 4497 3575 4551 quan-.

1980 4588 2093 4635 tum
2123 4578 2240 4632 fieri
2268 4584 2463 4646 potest,
2491 4573 2663 4643 amige
2689 4580 2744 4626 et
2793 4570 3017 4626 humilia
3044 4585 3184 4626 eam.
3234 4572 3476 4641 Denique
3505 4583 3562 4628 et

1978 4668 2198 4723 Paschm
2245 4665 2509 4722 festivitas
2553 4671 2608 4716 et
2652 4675 2966 4731 azymorum
3012 4675 3209 4730 panem
3257 4659 3560 4718 alllictionis

1979 4760 2177 4815 habere
2207 4756 2422 4811 dicitur.
2452 4752 2562 4808 Nec
2592 4758 2770 4821 potest
2810 4750 2934 4819 quis
2961 4764 3123 4820 agere
3166 4750 3310 4806 diem
3335 4750 3555 4818 festum,

1978 4850 2083 4906 nisi
2106 4846 2407 4903 alﬂictionis
2434 4859 2624 4914 panem
2656 4841 3088 4906 manducaverit,‘
3106 4850 3163 4896 et
3189 4843 3552 4901 manducave-

1984 4940 2055 4994 rit
2074 4938 2272 5008 pascha
2316 4950 2437 4991 cum
2481 4926 2863 4989 amaritudine.
2903 4950 2921 4982 ι
2967 4931 3360 4988 Manducabitis
3387 4935 3554 4999 enim,

1984 5028 2177 5098 inquit,
2207 5040 2396 5096 azyma
2422 5039 2544 5078 cum
2575 5008 2957 5077 amaritudine.
2983 5040 3002 5072 ι
3037 5020 3200 5077 Vides
3220 5036 3349 5093 ergo
3372 5025 3559 5092 quales

1983 5127 2111 5172 sunt
2133 5115 2451 5170 festivitates
2470 5112 2586 5166 Dei.
2618 5109 2733 5166 Non
2762 5110 3028 5180 recipiunt
3070 5111 3409 5168 dulcedinem
3437 5127 3558 5167 cor-

1983 5209 2255 5278 poralem;
2284 5206 2416 5263 nihil
2451 5205 2758 5269 remissum,
2784 5203 2919 5259 nihil
2939 5204 3334 5273 voluptuosum,
3361 5212 3454 5259 aut
3476 5204 3557 5259 lu-

1983 5301 2258 5354 xuriosum
2278 5298 2482 5363 volunt,
2512 5298 2606 5353 sed
2657 5294 2998 5352 alllictionem
3026 5299 3238 5361 animae,
3265 5306 3320 5351 et
3360 5295 3556 5352 amari-

1985 5390 2242 5456 tudinem,
2274 5392 2738 5465 humilitatemque
2777 5394 3068 5466 deposcunt
3099 5409 3113 5447 :
3139 5394 3266 5465 quia
3296 5412 3315 5445 ι
3358 5393 3451 5464 qui
3496 5407 3558 5449 se

1984 5480 2250 5546 humiliat,
2300 5481 2414 5551 ipse
2457 5483 2781 5541 exaltabitur
2836 5484 3069 5556 (Matth.
3123 5482 3296 5555 mn)
3343 5502 3362 5534 ι
3412 5482 3556 5553 apud

1986 5573 2174 5628 Deum.
2206 5572 2320 5638 Hoc
2342 5588 2470 5644 ergo
2491 5575 2732 5645 deposcit
2758 5586 2815 5632 et
2835 5575 3228 5646 propitiationis
3262 5575 3395 5629 dies.
3420 5573 3556 5627 Cum

1987 5664 2133 5720 enim
2160 5661 2356 5720 afﬂicta
2380 5662 2544 5721 fuerit
2569 5662 2747 5722 anima
2768 5675 2823 5722 et
2849 5665 3125 5721 humiliata
3169 5664 3222 5718 in
3264 5671 3558 5734 conspectu

3082 5754 3159 5815 33
