4028 6196
483 268 630 328 1055

1126 266 1188 322 s.
1227 263 1481 322 mm
1517 260 1737 323 mum
1774 262 2096 322 ARCHIEP.
2133 262 2446 323 uocum.
2486 262 2775 324 orsnuu
2812 247 2994 323 rans
3030 268 3093 325 ιι.

3618 274 3756 332 {036

489 386 728 454 Domini,
759 394 887 441 tunc
914 385 965 441 ei
989 384 1309 457 propitietur
1338 383 1480 440 Deus
1512 401 1527 436 :
1562 391 1618 439 et
1662 390 1793 439 tunc
1838 383 1907 438 ad
1950 397 2073 439 eam
2101 387 2154 450 Α
2177 381 2293 437 rite.
2321 379 2471 437 Pone
2498 380 2746 449 virtutes,
2781 390 3100 454 potestates,
3127 383 3304 451 sedes,
3336 384 3755 456 dominationes,

479 478 638 535 venit
666 475 775 544 ille,
806 488 965 546 quem
1006 473 1284 544 proposuit
1310 473 1450 529 Deus
1491 472 1927 544 propitiatorium
1953 488 2074 544 per

489 569 650 625 fidem
678 567 736 622 in
781 564 1042 635 sanguine
1086 577 1186 618 suo
1229 562 1479 619 Christus
1518 563 1678 619 .lesus
1726 562 1988 619 Dominus
2019 572 2075 619 et

490 657 817 727 Redemptor
859 653 975 723 ejus
1001 652 1052 725 (1
1079 652 1243 729 Joan.
1270 652 1355 725 ιι).
1382 652 1501 708 Jam
1540 668 1669 709 vero
1695 653 1916 710 ultimus
1957 654 2073 710 dies

488 747 660 803 festus
688 743 804 809 Dei,
831 744 922 813 qui
950 743 1039 806 sit,
1072 758 1180 814 quo
1202 744 1344 799 Deus
1388 744 1604 799 laetatur
1637 744 1692 799 in
1728 744 1967 810 homine,
1991 743 2073 799 vi-

490 837 665 892 deam.
723 833 1077 903 Scenopegia,
1145 833 1341 903 inquit.
1366 834 1608 889 Laetatur
1650 849 1780 905 ergo
1807 849 1969 906 super
1996 843 2066 899 te,

490 940 617 982 cum
669 924 871 981 viderit
895 924 948 979 in
976 924 1083 979 hoc
1107 924 1309 981 mundo
1338 924 1395 980 in
1433 925 1798 981 tabernaculis
1825 926 2073 981 habitan-

486 1023 619 1079 tem,
653 1029 777 1070 cum
806 1022 858 1069 te
893 1013 1087 1069 viderit
1111 1029 1219 1069 non
1253 1014 1452 1071 habere
1494 1015 1660 1071 ﬁxum
1689 1024 1745 1070 et
1788 1013 2071 1071 fundatum

489 1094 731 1160 animum
755 1119 821 1160 ac
847 1104 1183 1175 propositum
1216 1119 1377 1175 super
1403 1114 1597 1171 terras,
1632 1121 1731 1161 nec
1759 1106 2071 1162 desideran-

488 1202 599 1249 tem
647 1209 769 1264 quae
834 1202 1047 1249 terrena
1099 1201 1255 1259 sunt,
1300 1209 1402 1249 nec
1443 1196 1691 1249 umbram
1748 1197 1871 1250 vitae
1912 1195 2070 1266 hujus

487 1285 643 1358 quasi
669 1284 1060 1356 possessionem
1089 1285 1367 1355 propriam
1395 1293 1449 1339 et
1471 1294 1786 1355 perpetuam
1813 1288 2068 1357 deputan-

485 1388 621 1446 tem,
658 1378 755 1432 sed
782 1376 930 1432 velut
954 1377 1010 1431 in
1054 1378 1284 1433 transitu
1313 1378 1570 1447 positum,
1601 1388 1657 1433 et
1681 1381 1749 1434 ad
1776 1395 1960 1435 veram
2005 1380 2069 1434 il:

487 1469 594 1524 lam
622 1469 853 1540 patriam
874 1468 1015 1523 unde
1034 1483 1287 1541 egressus
1308 1478 1412 1535 est,
1440 1471 1697 1541 paradisi,
1723 1471 2066 1528 festinantem

488 1573 554 1612 ac
566 1557 832 1612 dicentem
850 1575 862 1611 :
884 1575 902 1608 ι
921 1556 1096 1613 Incola
1109 1572 1206 1629 ego
1222 1574 1340 1614 sum
1353 1568 1408 1614 et
1439 1560 1755 1631 peregrinus
1776 1561 1917 1616 sicut
1946 1577 2065 1616 om-

486 1661 584 1701 nes
602 1654 783 1717 patres
801 1646 907 1702 mei
944 1644 1116 1719 (Psal.
1142 1650 1390 1718 xxxvm).
1423 1670 1441 1701 ι
1466 1650 1523 1704 ln
1542 1650 1900 1706 tabernaculis
1920 1652 2063 1706 enin

2173 483 2337 543 atque
2360 487 2524 530 omne
2550 488 2747 547 nomen
2768 474 3194 530 clarissimarum
3218 475 3634 550 cmlestiumque
3652 481 3761 536 vir-

2175 569 2366 626 tutum,
2392 575 2500 616 non
2521 562 2718 628 solum,
2744 563 2889 632 quod
2912 562 2965 617 in
2991 564 3245 634 praesenti
3271 564 3468 621 saeculo
3505 567 3758 624 nomina-

2175 659 2284 717 tur,
2314 652 2411 707 sed
2433 653 2578 722 quod
2600 652 2767 709 etiam
2793 652 2850 708 in
2876 652 3077 709 futuro.
3108 653 3256 710 Inter
3275 655 3375 712 hos
3406 671 3601 714 omnes
3626 674 3758 716 oon-

2171 740 2373 806 sidera,
2404 750 2459 797 et
2482 740 2689 812 conjice
2717 740 2990 813 quomodo
3010 745 3096 815 agi
3122 745 3334 816 possint
3361 746 3478 802 dies
3502 746 3630 803 festi
3653 749 3757 804 Do.

2172 831 2327 899 mini,
2350 848 2471 903 quae
2519 834 2596 890 ibi
2640 833 2932 902 festivitas,
2977 850 3098 905 quae
3144 837 3362 908 gaudia,
3391 853 3514 908 quae
3557 839 3758 898 laetitia

2171 924 2505 995 magnitudo.
2535 923 2674 980 Nam
2702 925 2769 981 de
2804 926 2890 982 his
2916 941 3052 997 quas
3078 944 3241 1000 supra
3268 930 3505 986 diximus
3534 933 3753 1002 spirita-

2171 1011 2311 1068 libus
2354 1013 2756 1081 festivitatibus,
2791 1016 2955 1072 eliam
3004 1018 3049 1073 si
3093 1034 3300 1091 magna:
3353 1029 3482 1076 sunt
3531 1030 3588 1076 ct
3630 1037 3757 1078 vere

2169 1104 2451 1176 prmeipuaa
2469 1121 2592 1160 cum
2619 1107 2933 1178 spiritaliter
2961 1118 3222 1180 geruntur
3244 1109 3297 1164 in
3325 1111 3506 1165 anima
3528 1154 3544 1179 ,
3572 1120 3753 1170 tamen

2168 1207 2235 1248 ex
2261 1204 2416 1264 parte
2444 1205 2591 1261 sunt,
2628 1212 2736 1252 non
2765 1212 2832 1253 ex
2857 1199 3087 1269 integro.
3119 1201 3196 1255 Ex
3221 1209 3376 1271 parte
3413 1219 3544 1274 ergo
3571 1204 3624 1258 in
3651 1205 3748 1261 hoc

2169 1283 2368 1338 mundo
2381 1287 2552 1341 sancti
2566 1287 2886 1357 aguntdiem
2904 1287 3335 1360 festum,quiaex
3365 1304 3521 1363 parte
3556 1296 3749 1360 sciunt,

2167 1383 2222 1428 et
2240 1388 2306 1429 ex
2329 1386 2483 1446 parte
2496 1379 2841 1449 prophetam.
2857 1380 2989 1436 Cum
3005 1391 3185 1437 autem
3211 1385 3480 1450 venerint,
3497 1402 3622 1456 qua:
3635 1403 3752 1457 per-

2169 1463 2307 1520 fecta
2342 1472 2488 1532 sunt,
2513 1469 2792 1525 destruent
2829 1472 2931 1527 iSta
2969 1488 3089 1542 qua:
3116 1460 3362 1545 exparte
3394 1483 3523 1531 sunt
3546 1477 3610 1550 (I
3628 1478 3749 1533 Car.

2167 1554 2315 1624 xm).
2350 1554 2661 1613 Sicutenim
2686 1560 2940 1630 perfectae
2962 1563 3201 1619 scientia:
3222 1566 3366 1623 cedit
3400 1567 3529 1633 ista,
3555 1585 3750 1639 quaeex

2166 1661 2232 1715 pa
2241 1654 2320 1701 rte
2345 1656 2447 1713 est,
2464 1658 2518 1704 et
2528 1650 2782 1721 perfectae
2796 1654 3095 1725 prophetiae
3119 1656 3260 1711 cedit
3279 1657 3402 1724 ista,
3422 1674 3544 1728 qua:
3556 1674 3620 1714 ex
3637 1646 3753 1731 par-

488 1738 1228 1811 habitaveruntetpatres,et
1241 1743 1516 1797 Abraham
1530 1743 1583 1797 in
1596 1743 1813 1809 casulis,
1833 1743 2003 1807 idest,
2019 1744 2073 1798 in
2103 1745 2150 1805 Β
2181 1746 2233 1792 ιε
2262 1739 2467 1794 estita
2499 1750 2557 1795 et
2588 1742 2841 1810 perfecta:
2872 1743 3173 1813 festivitali.
3195 1748 3338 1803 cedit
3370 1749 3498 1816 ista.
3526 1767 3650 1821 quae
3684 1769 3751 1809 ex

479 1828 854 1887 tabernaculis
865 1831 1259 1889 habitavitcum
1272 1834 1419 1889 Isaac
1433 1842 1488 1889 et
1508 1834 1674 1890 Jacob
1694 1836 2067 1892 coheredibus

389 1972 392 1976 .
484 1920 821 1976 remissionis
840 1920 1098 1991 ejusdem.
1121 1924 1254 1980 Cum
1279 1940 1408 1997 ergo
1440 1926 1615 1983 incola
1637 1927 1805 1983 fueris
1832 1937 1888 1984 et
1913 1944 2068 1999 pere-

483 2008 672 2080 grinus
692 2010 746 2065 in
774 2012 956 2077 terris,
988 2022 1043 2067 et
1080 2029 1184 2069 non
1205 2023 1289 2070 est
1308 2030 1460 2071 mens
1482 2025 1572 2071 tua
1601 2018 1708 2072 fixa
1748 2028 1804 2073 et
1827 2020 2068 2075 radicata

487 2100 542 2153 in
556 2099 841 2156 desideriis
858 2110 1216 2168 terrenarum,
1231 2105 1323 2160 sed
1338 2117 1557 2175 paratus
1577 2123 1657 2171 es,
1675 2117 1733 2163 ut
1759 2109 1867 2164 cito
1893 2119 2068 2167 trans-

476 2201 595 2253 cas,
613 2194 670 2242 et
691 2195 917 2257 paratus
940 2200 1003 2241 es
1026 2188 1330 2245 extendere
1354 2199 1405 2244 te
1433 2205 1652 2261 semper
1691 2192 1756 2246 ad
1785 2192 2065 2249 anteriora

475 2278 643 2345 (Phil.
675 2279 780 2350 ιιι),
818 2295 1107 2353 usquequo
1145 2284 1437 2353 pervenias
1470 2287 1537 2341 ad
1570 2297 1770 2342 terram
1795 2284 2062 2343 ﬂuentem

472 2370 557 2428 lic
575 2383 631 2428 et
655 2375 784 2431 mel.
808 2384 863 2428 et
882 2372 1253 2433 llmreditatem
1278 2381 1461 2450 capias
1478 2380 1786 2437 futurorum
1811 2397 1824 2435 :
1846 2381 1890 2438 si
1913 2392 1963 2438 te
1982 2382 2066 2437 in-

480 2469 665 2524 quam,
682 2457 914 2525 positum
932 2458 985 2512 in
1003 2459 1089 2513 his
1106 2460 1285 2515 videat
1304 2462 1461 2527 Deus,
1478 2462 1755 2521 laetaturin
1770 2475 1844 2531 te,
1859 2467 2065 2523 etdiem

482 2546 679 2600 festum
722 2556 847 2619 aget
879 2562 1045 2619 super
1073 2558 1143 2604 te.
1175 2550 1300 2607 Haec
1326 2552 1544 2621 quidem
1594 2554 1647 2609 in
1689 2558 1963 2625 pmsenti.
2004 2558 2063 2612 ln

480 2632 662 2689 futuro
700 2649 866 2701 vero,
899 2638 945 2692 si
984 2638 1066 2693 vis
1101 2639 1446 2713 considerare
1477 2646 1748 2713 quomodo
1786 2645 1902 2701 dies
1940 2646 2063 2702 festi

479 2730 733 2790 agantur,
757 2724 905 2794 erige
930 2708 1269 2794 paululum'si
1293 2737 1449 2808 potes
1470 2708 1663 2789 sensus
1693 2740 1816 2789 tuos
1836 2749 1867 2788 a
1891 2742 2059 2799 terra,

478 2818 535 2862 et
561 2810 885 2867 obliviscere
908 2814 1183 2884 paulisper
1216 2818 1331 2874 haec
1371 2834 1490 2889 qum
1524 2819 1792 2876 habentur
1811 2822 1867 2876 in
1898 2822 2057 2877 facie.

482 2899 740 2955 Describe
762 2915 892 2956 vero
917 2904 1012 2957 tibi
1042 2907 1312 2974 quomodo
1333 2909 1530 2962 coelum
1552 2918 1607 2964 et
1630 2918 1774 2964 terra
1798 2918 2057 2977 transeat,

476 2998 535 3044 et
581 2990 778 3045 transit
815 2993 992 3049 omnis
1038 2994 1128 3048 hic
1170 2996 1385 3051 habitus
1429 2999 1636 3053 mundi.
1683 2998 1891 3054 Caelum
1930 3015 2056 3056 vero

2168 1839 2322 1900 parte
2349 1839 2433 1887 est
2455 1831 2740 1890 festivitas.
2763 1834 2947 1907 Neque
2969 1838 3290 1911 enim,quod
3323 1841 3627 1911 perfectum
3647 1853 3747 1912 est,

2167 1921 2401 1977 mundus
2431 1922 2532 1979 iste
2560 1940 2757 2014 capere
2794 1936 3004 1997 potest;
3033 1929 3143 1994 ubi,
3176 1938 3236 1984 ut
3263 1931 3521 1998 diximus,
3559 1948 3749 1991 neces-

2167 2009 2304 2066 sitas
2330 2013 2592 2083 corporis,
2628 2009 2775 2072 nunc
2803 2016 3008 2086 cibum,
3036 2035 3177 2075 nunc
3206 2030 3416 2091 potum,
3441 2039 3589 2080 nunc
3612 2041 3750 2082 som-

2166 2115 2295 2156 num
2318 2105 2577 2173 suggerit,
2597 2121 2739 2161 nunc
2764 2107 2930 2162 etiam
2950 2114 3421 2182 quantamcumque
3444 2117 3750 2173 necessario

2165 2191 2290 2249 vitae
2339 2196 2626 2263 praesentis
2675 2197 3091 2269 sollicitudinem
3146 2212 3362 2270 movet;
3395 2220 3517 2274 qua:
3569 2207 3749 2261 omnia

2166 2281 2568 2355 interrumpunt
2596 2286 2713 2341 sine
2747 2287 2911 2344 dubio
2933 2290 3389 2350 continuationem
3436 2293 3748 2353 festivitatis

2167 2374 2281 2430 Dei.
2332 2374 2469 2432 Cum
2513 2386 2697 2433 autem
2745 2381 2957 2436 venerit
3009 2381 3160 2451 illud,
3183 2385 3327 2454 quod
3372 2386 3581 2442 dictum
3626 2396 3745 2453 est,

2164 2463 2232 2519 de
2260 2464 2465 2536 bisqui
2492 2467 2848 2525 restituentur
2879 2471 2933 2525 in
2962 2481 3170 2539 sancta,
3202 2475 3249 2529 si
3278 2482 3461 2532 tamen
3487 2486 3544 2532 et
3573 2494 3671 2534 nos
3696 2487 3750 2534 et

2164 2568 2232 2608 ex
2261 2554 2351 2610 his
2370 2569 2491 2612 esse
2512 2572 2822 2615 mereamur
2847 2562 2940 2631 qui
2976 2562 3292 2622 restituendi
3335 2577 3485 2634 sunt,
3514 2570 3609 2639 qui
3651 2586 3748 2626 ne-

2163 2658 2269 2715 que
2296 2646 2557 2714 esurient,
2585 2664 2761 2720 neque
2789 2652 2994 2720 sitient,
3026 2669 3201 2725 neque
3229 2658 3623 2726 dormitabunt,
3648 2678 3746 2717 ne-

2162 2734 2630 2805 quelaborabunt,
2651 2740 2745 2795 sed
2770 2752 2931 2798 erunt
2953 2746 3243 2817 pervigiles
3261 2748 3403 2803 sicut
3425 2749 3746 2821 angelorum

2161 2824 2271 2878 vita
2298 2826 2524 2898 pervigil
2552 2828 2770 2897 dicitur,
2802 2846 2925 2886 cum
2971 2833 3025 2888 in
3056 2835 3207 2891 illum
3245 2838 3494 2894 ordinem
3533 2840 3748 2895 restitui

2161 2916 2514 2973 merebuntur
2532 2958 2548 2983 ,
2583 2927 2713 2976 tunc
2734 2920 2840 2977 erit
2858 2937 2987 2978 vera
3016 2933 3069 2980 et
3092 2925 3406 2998 incorrupta
3434 2927 3739 2985 festivitas:

2160 3004 2314 3074 cujus
2353 3004 2663 3065 festivitatis
2697 3012 2949 3083 princeps
3004 3022 3061 3070 et
3098 3030 3325 3086 sponsus
3378 3028 3436 3073 et
3476 3019 3733 3075 Dominus

477 3092 678 3132 novum
698 3088 753 3133 et
777 3094 917 3134 nova
947 3089 1088 3141 terra
1119 3082 1394 3139 fundetur.
1430 3084 1635 3141 Amove
1658 3086 1724 3143 de
1751 3090 2057 3159 conspecti-
2084 3104 2129 3167 ρ
2159 3100 2265 3154 erit
2315 3101 2428 3171 ipse
2463 3100 2624 3160 Iesus
2667 3082 2915 3164 Christus
2964 3082 3214 3165 Salvator
3264 3119 3470 3188 noster.
3499 3110 3608 3168 Sed
3650 3113 3738 3169 his

476 3166 580 3221 bus
609 3167 715 3223 tuis
746 3169 911 3224 etiam
946 3171 1076 3227 solis
1106 3172 1265 3241 huius
1304 3173 1499 3240 lucem,
1533 3185 1588 3230 et
1620 3177 1688 3231 da
1727 3176 1801 3232 illi
1831 3181 2051 3246 mundo,

476 3258 571 3326 qui
616 3269 878 3317 venturus
924 3273 1026 3330 est,
1065 3264 1193 3320 solis
1250 3266 1410 3336 hujus
1460 3269 1767 3339 septuplum
1814 3271 1993 3327 lumen
2038 3291 2052 3327 ε

474 3344 587 3401 imo
604 3349 785 3417 potius
804 3353 1102 3407 secundum
1129 3353 1421 3424 Scriptura:
1460 3359 1838 3414 auctoritatem
1881 3361 2055 3431 ipsum

474 3435 527 3492 ei
555 3436 622 3491 da
650 3437 955 3497 Dominum.
984 3442 1182 3500 Lucem
1212 3460 1374 3514 pone,
1414 3456 1655 3505 astantes
1686 3452 1907 3522 angelos
1936 3454 2052 3523 glo-

943 3610 1328 3622 *Ἥ

1332 3615 1620 3627 ν-ο-ς-*ο*
1633 3618 1843 3628 -ισ-σῡ-οο
1858 3620 1913 3627 α..-

730 3632 760 3650 κ

2164 3190 2237 3245 ita
2261 3191 2553 3260 prtelibatis
2578 3194 2632 3249 in
2663 3196 2888 3267 singulis
2914 3197 3316 3266 festivitatibus,
3344 3216 3485 3271 quas
3509 3201 3745 3258 oblatio-

2161 3295 2258 3335 nes
2277 3280 2472 3339 oﬂ‘erre
2500 3284 2751 3350 debeant,
2781 3301 3015 3357 sequens
3060 3288 3195 3344 liber
3238 3290 3596 3357 demonstrat,
3622 3305 3746 3363 my-

2161 3371 2461 3442 sticamque
2500 3374 2930 3432 observationem
2956 3392 3143 3444 earum
3179 3381 3329 3435 brevi
3372 3396 3624 3437 sermone
3651 3383 3747 3438 de-

2163 3469 2446 3516 monstrat.

2387 3625 3615 3652 *Μ

3624 3638 3733 3657 ὴ

1461 3766 1761 3844 LIBER
1838 3769 2286 3850 DECIMUS
2363 3776 2713 3888 Nouus

856 3991 1205 4060 SEQUITUR
1235 3994 1461 4054 CAPUT
1499 4001 1657 4058 XLV.

548 4105 567 4138 ι
612 4084 738 4139 llaec
763 4082 891 4138 dicit
922 4082 1176 4139 Dominus
1195 4085 1374 4143 Deus:
1421 4089 1477 4145 In
1502 4092 1680 4162 primo
1708 4109 1917 4163 mense,
1946 4113 2050 4153 una

478 4196 496 4229 ι
542 4174 742 4231 mensis
768 4188 948 4229 sumes
978 4172 1203 4229 vitulum
1246 4177 1313 4232 de
1348 4190 1594 4238 armento
1622 4183 2047 4254 immaculatum,

479 4286 496 4318 ι
540 4274 594 4321 et
616 4264 857 4335 expiabis
877 4264 1265 4320 sanctuarium.
1297 4267 1366 4323 Et
1389 4270 1539 4326 tollet
1560 4275 1812 4331 sacerdos
1832 4277 1899 4333 de
1923 4292 2046 4333 san-

2163 4026 2181 4057 ι
2223 4009 2561 4069 solemnitate
2584 4012 2767 4081 faciet,
2812 4019 2955 4075 sicut
2982 4036 3145 4095 supra
3172 4028 3316 4083 dicta
3348 4043 3476 4088 sunt
3517 4051 3617 4106 per
3642 4054 3736 4097 se-

2161 4119 2178 4150 ‹
2224 4110 2369 4171 ptem
2398 4102 2513 4159 dies
2539 4112 2647 4160 tam
2687 4122 2783 4175 pro
2806 4121 3052 4179 peccato,
3078 4131 3240 4186 quam
3269 4135 3369 4190 pro
3396 4102 3732 4195 holocausta,

2158 4208 2176 4241 ι
2217 4200 2272 4244 et
2303 4193 2354 4245 in
2390 4194 2658 4249 sacrificio
2699 4204 2754 4250 et
2790 4197 2844 4252 in
2872 4200 3011 4256 oleo.
3047 4222 3064 4255 ι
3115 4203 3381 4282 (Ηίενοη.)
3411 4210 3607 4269 Totum
3641 4193 3736 4272 ca;

2151 4282 2376 4353 pitulum
2416 4290 2592 4357 posui,
2631 4307 2701 4347 ne
2727 4294 2955 4350 divisum
2986 4313 3082 4367 per
3114 4301 3323 4373 singula
3357 4304 3585 4377 legentis
3612 4313 3732 4367 ani-

540 4356 701 4429 guine
750 4355 893 4437 quod
922 4356 1026 4410 erit
1054 4371 1153 4426 pro
1172 4368 1417 4426 peccato,
1461 4370 1514 4416 et
1532 4374 1693 4433 ponet
1723 4366 1775 4420 in
1806 4370 2047 4438 postibus
2073 4366 2126 4427 D
2151 4389 2297 4429 mum
2336 4355 2732 4437 conturbaret.‘
2757 4383 2825 4438 Et
2858 4355 3093 4455 primum
3149 4355 3231 4445 de:
3272 4355 3735 4466 interpretationis

476 4467 492 4498 ι
537 4448 754 4510 domus,
783 4453 839 4500 et
864 4434 917 4499 in
947 4454 1180 4515 quatuor
1205 4449 1415 4519 angulis
1441 4453 1732 4523 crepidinis
1758 4434 1966 4524 altaris,
1995 4470 2047 4516 et

478 4557 493 4587 ι
538 4538 593 4593 in
620 4536 865 4608 postibus
905 4544 1076 4606 portae
1103 4538 1225 4592 atrii
1259 4539 1547 4598 interioris.
1582 4543 1650 4612 Et
1673 4546 1752 4602 sic
1788 4547 1955 4605 facies
1994 4552 2048 4606 in

476 4648 493 4680 ι
537 4629 762 4698 septima
788 4628 988 4683 mensis
1002 4642 1102 4698 pro
1127 4645 1450 4702 unoquoque
1471 4635 1562 4704 qui
1602 4636 1868 4705 ignoravit
1889 4649 1944 4694 et
1963 4657 2047 4695 er-

477 4737 494 4769 t
543 4734 665 4773 rore
691 4719 943 4787 deceptus
967 4728 1072 4784 est,
1102 4728 1157 4773 et
1182 4721 1424 4791 expiabis
1452 4740 1550 4794 pro
1579 4729 1755 4784 domo.
1793 4729 1849 4784 lu
1872 4732 2046 4801 primo

477 4825 492 4856 ι
542 4822 743 4870 mense,
758 4815 950 4877 quarta
967 4808 1171 4863 decima
1191 4809 1278 4864 dic
1301 4814 1522 4879 mensis,
1537 4816 1642 4874 erit
1664 4818 1815 4874 vobis
1834 4821 2045 4889 pascha:

479 4917 493 4947 ι
536 4895 863 4950 solemnitas.
902 4895 1116 4967 Septem
1148 4900 1336 4956 diebus
1362 4917 1552 4973 azyma
1581 4911 1945 4966 comedentur.
1979 4913 2045 4967 Et

476 5009 491 5040 ι
536 4988 700 5044 faciet
729 4988 979 5060 princeps
1012 4991 1067 5045 in
1092 4992 1179 5047 die
1218 4973 1318 5048 illa.
1347 5010 1447 5063 pro
1476 5012 1535 5053 se
1581 5007 1637 5053 et
1661 5015 1760 5069 pro
1792 5003 2043 5062 universo

478 5102 489 5130 ς
536 5078 729 5150 populo
759 5087 917 5133 terrm
962 5081 1186 5135 vitulum
1237 5099 1335 5153 pro
1375 5097 1618 5157 peccato.
1665 5090 1734 5145 Et
1755 5091 1809 5145 in
1837 5103 2039 5165 septem

472 5191 489 5221 ε
536 5171 744 5225 dierum
764 5169 1106 5225 solemnitate
1122 5170 1279 5228 faciet
1294 5176 1666 5234 holocaustum
1681 5180 1907 5238 Domino
1925 5201 2042 5241 :se-

472 5281 487 5310 ι
530 5269 677 5332 ptem
707 5259 901 5316 vitulos
927 5270 980 5317 et
1007 5270 1210 5332 septem
1243 5266 1441 5321 arietes
1469 5268 1840 5328 immaculatos
1867 5278 2041 5345 quoti-

470 5371 491 5405 ι
534 5353 621 5409 die
646 5363 850 5425 septem
881 5354 1070 5411 diebus
1091 5396 1104 5422 ,
1141 5364 1197 5411 et
1220 5373 1319 5429 pro
1350 5371 1573 5429 peccato
1603 5364 1810 5421 hircum
1853 5385 2040 5440 capra-

471 5460 493 5495 c
539 5459 658 5499 rum
680 5444 918 5515 quotidie
946 5462 959 5513 ;
991 5455 1048 5502 et
1067 5449 1391 5506 sacriﬁcium
1427 5455 1551 5523 ephi
1579 5460 1675 5526 per
1717 5460 1937 5516 vitulum
1985 5472 2039 5518 et

471 5552 489 5586 ι
532 5536 654 5627 ephi
682 5553 779 5627 per
823 5538 1045 5627 arietem
1094 5540 1287 5610 faciet,
1327 5552 1388 5600 et
1423 5547 1526 5603 olei
1566 5549 1658 5604 hin
1706 5566 1802 5622 per
1831 5554 2036 5627 singula

470 5639 491 5671 ι
535 5624 676 5691 ephi.
706 5623 944 5694 Septimo
972 5645 1173 5699 mense,
1197 5632 1382 5703 quinta
1416 5634 1623 5692 decima
1652 5639 1738 5694 die
1756 5623 1955 5699 mensis
1978 5644 2033 5699 in

2148 4466 2408 4523 varietate
2435 4469 2721 4528 dicendum
2755 4484 2855 4531 est.
2904 4477 3004 4533 Ubi
3042 4495 3141 4536 nos
3176 4483 3516 4556 interpretati
3544 4507 3732 4548 sumus

2153 4576 2171 4608 ι
2202 4557 2254 4611 in
2281 4569 2512 4628 quatuor
2536 4563 2744 4635 angulis
2771 4557 3065 4638 crepidinis
3093 4572 3296 4641 altaris,
3332 4596 3350 4629 ι
3379 4576 3727 4655 Septuaginta

2148 4652 2560 4722 transtulerunt,
2618 4676 2636 4709 ι
2667 4667 2721 4713 et
2745 4674 2908 4729 super
2931 4672 3161 4732 quatuor
3193 4668 3423 4739 angulos
3458 4652 3643 4745 templi
3670 4687 3727 4732 et

2145 4758 2309 4813 super
2332 4745 2501 4801 altare
2530 4765 2541 4800 :
2578 4767 2597 4800 ι
2644 4748 2710 4803 Et
2736 4751 2826 4804 ubi
2853 4767 2951 4808 nos
2990 4754 3247 4823 diximus,
3303 4778 3322 4810 σ
3348 4775 3448 4831 pro
3479 4778 3726 4835 unoquo-

2144 4848 2249 4903 que
2278 4837 2370 4904 qui
2421 4837 2689 4909 ignoravit
2713 4850 2768 4896 et
2797 4857 2985 4900 errore
3014 4845 3271 4918 deceptus
3304 4861 3408 4920 est,
3442 4872 3462 4906 ι
3526 4853 3605 4909 illi
3630 4873 3728 4928 po-

2122 4934 2388 4991 .suerunt,
2427 4945 2446 4978 ι
2475 4943 2574 4997 pro
2596 4929 2874 4999 ignorante
2895 4944 2949 4987 et
2968 4950 3067 5005 pro
3096 4939 3341 5007 parvulo.
3378 4962 3398 4995 ι
3427 4943 3486 5000 lu
3509 4960 3578 5003 eo
3602 4964 3728 5019 quo-

2143 5029 2247 5083 que
2260 5015 2347 5069 ubi
2373 5032 2470 5072 nos
2487 5019 2738 5086 diximus,
2761 5040 2779 5072 ι
2798 5031 2858 5077 et
2876 5026 3201 5103 sacrificium
3217 5031 3339 5100 ephi
3354 5046 3454 5102 per
3476 5015 3721 5103 vitulum,

2141 5113 2196 5158 ct
2234 5105 2356 5175 ephi
2382 5122 2482 5177 per
2521 5110 2780 5179 parietem
2820 5112 3010 5182 faciet,
3050 5094 3484 5195 et‘olei-bin-pcr
3518 5094 3720 5202 singula

2140 5196 2296 5265 ephi;
2326 5216 2344 5248 ι
2370 5197 2580 5254 illorum
2608 5201 2772 5257 editio
2795 5210 2952 5268 tenet,
2989 5225 3006 5257 ι
3036 5217 3090 5262 et
3114 5210 3440 5267 sacrificium
3455 5196 3720 5272 eteoctio-

2140 5304 2261 5343 nem
2279 5289 2445 5345 vitulo
2460 5299 2514 5345 et
2538 5295 2836 5351 coctionem
2851 5283 3007 5353 arieti
3035 5300 3186 5356 dabis
3208 5311 3261 5356 ct
3281 5303 3382 5358 olei
3408 5306 3501 5361 bin
3524 5310 3719 5364 coctio-

2138 5380 2241 5435 nis.
2274 5400 2292 5432 ι
2320 5381 2377 5436 Ιιι
2398 5391 2644 5441 extremo
2670 5403 2881 5458 quoque
2913 5391 3197 5458 versiculo,
3230 5395 3321 5449 ubi
3342 5411 3445 5451 nos
3467 5398 3713 5465 diximus,

2139 5470 2195 5525 in
2220 5472 2485 5527 sacrificio
2507 5482 2562 5529 et
2590 5475 2645 5530 in
2666 5477 2810 5545 oleo,
2830 5478 2905 5533 illi
2919 5480 3170 5537 dixerunt
3188 5524 3202 5548 ,
3232 5503 3249 5535 c
3268 5485 3409 5541 sicut
3430 5487 3483 5542 in
3505 5504 3713 5555 manas,

2138 5564 2277 5623 sicut
2302 5565 2356 5620 in
2383 5565 2521 5623 oleo.
2562 5587 2581 5622 ι
2613 5567 2669 5624 in
2697 5571 2893 5640 primo,
2922 5573 3115 5644 inquit,
3141 5591 3327 5635 mense
3355 5587 3412 5634 et
3433 5580 3607 5652 prima
3634 5581 3717 5637 die

2138 5655 2338 5711 mensis
2363 5673 2376 5708 :
2404 5655 2548 5713 haud
2569 5658 2787 5716 dubium
2817 5665 2947 5734 quin
2968 5665 3132 5722 Nisan
3153 5669 3419 5743 significat
3452 5691 3464 5727 :
3495 5693 3513 5725 ι
3539 5688 3713 5731 sumus
