4028 6196
429 464 463 481 ἓξ

469 266 492 321 1
502 264 609 322 059

451 466 521 523 'et
547 466 591 523 si
622 467 717 538 qui
744 467 795 522 ei
825 466 1029 522 similes
1060 475 1205 532 sunt,
1242 466 1455 536 plenius
1480 467 1550 522 ab
1577 468 1691 539 ipsa
1714 468 1978 541 sapientia
1998 477 2054 525 et

464 558 633 614 verbo
676 556 771 613 Dei
822 556 1219 628 perfectiusque
1268 559 1645 630 cognoverint.
1708 558 1819 615 Nos
1867 566 2051 615 autem

466 655 729 718 quantum
766 662 831 703 ex
864 648 1104 717 ipsorum
1134 646 1332 702 litteris
1352 647 1607 717 colligere
1636 663 1956 719 possumus,
1996 649 2048 703 in

466 738 661 809 quibus
692 737 849 791 nobis
871 736 1139 807 velutper
1165 738 1414 792 umbram
1450 747 1507 792 et
1528 738 1819 810 imaginem
1851 739 2049 794 indicia

467 830 711 901 quaedam
734 829 997 885 dederunt
1020 829 1085 884 ad
1113 829 1530 885 aediﬁcationem
1558 845 1921 893 communem,
1943 831 2053 885 dis-

468 932 651 980 cutere
685 922 997 977 summatim
1026 920 1093 977 de
1121 920 1517 976 sacrificiorum
1566 922 1675 975 ritu
1706 921 1886 991 aliqua
1934 929 2051 976 ten-

468 1016 721 1070 tabimus.
752 1012 811 1067 In
842 1013 1056 1083 paschae
1094 1011 1394 1068 festivitate
1424 1022 1596 1083 agnos
1626 1012 1881 1068 scribitur
1908 1026 2048 1077 esse,

466 1105 560 1174 qui
590 1103 840 1174 purificat
882 1102 1160 1173 populum,
1200 1103 1255 1156 iu
1280 1102 1401 1156 aliis
1429 1101 1651 1167 vitulus,
1689 1101 1745 1154 in
1780 1100 1901 1155 aliis
1938 1100 2052 1155 hir-

468 1208 587 1258 cus,
616 1200 710 1246 aut
737 1190 903 1257 aries,
957 1190 1041 1245 vel
1076 1205 1263 1259 capra,
1303 1190 1389 1245 vel
1436 1188 1627 1254 vitula,
1666 1188 1809 1242 sicut
1849 1203 1916 1243 cx
1943 1189 2049 1254 his,

466 1298 587 1351 qure
615 1282 842 1336 recitata
872 1290 1018 1347 sunt,
1043 1281 1325 1335 didicistis.
1383 1279 1529 1334 Unus
1561 1295 1690 1351 ergo
1723 1294 1788 1333 ex
1821 1279 1906 1334 his
1932 1279 2050 1333 ani-

468 1372 723 1437 malibus,
757 1386 876 1441 qute
920 1370 987 1425 ad
1028 1370 1424 1441 purificantlum
1451 1371 1705 1441 populum
1742 1380 2049 1436 sumuntur,

467 1474 550 1520 est
574 1479 774 1543 agnus,
805 1464 896 1533 qui
936 1477 1109 1532 agnus
1139 1463 1255 1532 ipse
1298 1477 1419 1519 esse
1452 1463 1650 1518 dicitur
1692 1462 1954 1517 Dominus
2000 1470 2056 1517 ct

468 1554 718 1610 Salvator
745 1563 967 1609 noster:
998 1553 1077 1608 sic
1103 1553 1244 1607 enim
1270 1551 1537 1606 intellexit
1558 1550 1794 1607 Joannes
1812 1592 1826 1617 ,
1853 1551 1945 1620 qui
1973 1558 2054 1606 est

467 1645 644 1716 major
667 1644 908 1715 omnium
932 1642 1342 1713 prophetarum,
1371 1650 1425 1697 et
1467 1642 1701 1714 signavit
1725 1642 1790 1697 de
1826 1643 1941 1712 ipso
1967 1641 2050 1696 di—

467 1750 637 1792 cens:
674 1752 697 1788 t
732 1735 872 1790 Ecce
916 1736 1102 1805 Agnus
1137 1731 1256 1803 Dei,
1307 1747 1435 1788 ecce
1464 1734 1554 1802 qui
1586 1733 1725 1788 tollit
1768 1742 2054 1802 peccatum
2082 1733 2131 1793 B
2161 1751 2325 1808 varia;
2374 1753 2663 1822 qualitates
2698 1731 2936 1812 herum
2964 1800 2979 1824 ,

472 1826 661 1882 mundi
687 1825 871 1897 (Joan.
905 1826 967 1897 1).
1002 1824 1183 1898 (Greg.
1218 1824 1498 1896 Nazian.).
1535 1845 1553 1877 ι
1608 1826 1762 1894 Quod
1788 1828 1836 1883 si
1866 1844 2069 1901 agnus,

470 1917 562 1986 qui
591 1916 659 1970 ad
707 1916 1102 1985 purificandum
1150 1915 1405 1985 populum
1446 1916 1604 1983 datus
1629 1925 1731 1983 est,
1784 1918 1849 1972 ad
1877 1933 2060 1988 perso-

460 2021 598 2061 nam
626 2005 841 2060 Domini
892 2016 948 2061 et
979 2006 1286 2061 Salvatoris
1334 2008 1509 2062 nostri
1559 2006 1814 2083 refertur,
1871 2024 2059 2065 conse—

466 2113 647 2171 quens
698 2098 933 2165 videtur,
982 2098 1126 2167 quod
1172 2098 1337 2153 etiam
1377 2106 1571 2153 caetera
1610 2100 1861 2155 animalia
1888 2143 1903 2166 ,
1939 2118 2059 2174 qute

472 2193 559 2249 his
583 2192 824 2264 ejusdem
875 2192 1273 2264 puriﬁcationis
1299 2192 1488 2247 usibus
1513 2192 1767 2263 deputata
1797 2200 1941 2260 sunt,
1973 2210 2059 2250 re-

470 2281 603 2337 ferri
631 2282 879 2347 debeant,
905 2281 1155 2337 similiter
1178 2282 1245 2338 ad
1271 2281 1482 2353 aliquas
1506 2298 1785 2353 personas,
1813 2299 1932 2355 qua:
1959 2299 2057 2357 pu-

470 2369 789 2426 rificationis
840 2369 1041 2441 aliquid
1093 2370 1330 2425 humano
1357 2371 1540 2442 generi
1571 2370 1873 2427 conferant.
1921 2373 2057 2428 Vide

472 2473 601 2530 ergo
656 2473 726 2515 ne
778 2459 920 2515 forte
972 2460 1113 2515 sicut
1156 2461 1417 2536 Dominus
1470 2469 1527 2521 et
1572 2461 1821 2541 Salvator
1870 2471 2056 2518 noster

477 2567 495 2598 ι
524 2549 677 2619 quasi
708 2565 878 2621 agnus
914 2550 983 2605 ad
1006 2550 1337 2617 occisionem
1375 2551 1569 2607 ductus
1608 2551 1744 2625 (Ita.
1769 2554 1909 2625 un),
1946 2573 1964 2606 ι
2000 2562 2056 2609 et

472 2637 527 2693 in
567 2639 894 2695 sacriﬁcium
926 2639 1114 2697 altaris
1142 2641 1355 2697 oblatus
1383 2652 1725 2712 peccatorum
1778 2645 2052 2703 remissio—

471 2744 593 2783 nem
622 2730 879 2785 universo
905 2731 1160 2800 praestitit
1193 2733 1395 2787 mundo
1424 2751 1438 2787 :
1481 2733 1555 2788 ita
1593 2732 1842 2790 fortassis
1866 2742 1920 2789 et
1945 2750 2051 2791 cac-

471 2826 708 2872 terorum
744 2828 1051 2875 sanctorum
1082 2836 1146 2875 ac
1165 2820 1435 2889 justorum
1469 2842 1486 2873 ι
1533 2824 1774 2897 sanguis,
1806 2823 1897 2895 qui
1924 2822 2055 2879 etfu-

466 2922 560 2964 sus
586 2916 673 2964 est
696 2924 727 2962 a
763 2910 1027 2980 sanguine
1066 2910 1201 2966 Abel
1242 2911 1374 2981 justi
1416 2928 1588 2984 usque
1617 2916 1687 2970 ad
1731 2914 2050 2985 sanguinem

466 2998 744 3055 Zachariae
769 3001 1064 3070 prophetae,
1115 3002 1206 3071 qui
1237 3001 1558 3057 interfectus
1587 3011 1673 3061 est
1700 3004 1844 3059 inter
1877 3006 2049 3061 aedem

1109 268 1171 323 B.
1209 266 1465 323 RABANI
1504 268 1725 327 MAURI
1761 266 2087 325 ARCHIEP.
2126 266 2438 326 MOGUNT.
2474 268 2763 329 OPERUM
2799 274 2982 333 PARS
3018 277 3082 334 Il.

464 390 529 432 ac
553 375 935 448 superstitiosa
964 376 1254 432 ducuntur.
1288 376 1397 433 Sed
1424 378 1541 434 haec
1565 379 1783 449 quidem
1820 379 2043 449 Papius,
2072 383 2123 442 Α
2149 380 2359 478 dicibus
2378 380 2628 453 legimus,
2669 404 2687 438 ι
2715 391 3041 447 rcversioms
3062 409 3195 449 mea:
3218 396 3400 453 instat.
3439 419 3459 452 ι
3492 400 3591 459 Sic
3614 418 3745 478 ergo

3604 286 3744 342 1040

2157 469 2457 542 figuraliter
2468 482 2647 544 potest
2660 476 2852 545 videri,
2877 483 3018 551 quod
3040 484 3177 540 alius
3196 502 3295 557 pro
3322 489 3620 550 festivitate
3642 469 3743 552 no-

2152 575 2363 628 vorum,
2387 563 2526 619 alius
2553 580 2654 635 pro
2680 567 2970 628 festivitate
3000 575 3230 643 sabbati,
3255 580 3393 636 alius
3414 599 3513 652 pro
3537 583 3746 645 festivi-

2152 658 2264 707 tate
2304 653 2797 724 tabernaculorum,
2845 663 2988 731 quod
3031 665 3214 722 hircus
3261 684 3355 725 aut
3392 673 3614 742 vitulus,
3652 688 3744 734 aut

2153 743 2297 801 aries
2324 744 2586 802 offeratur
2607 750 2673 805 ad
2716 754 3174 831 reconciliandam
3205 760 3516 820 hominibus
3535 768 3741 829 Deum:

2152 834 2322 890 donec
2362 836 2505 892 enim
2528 848 2654 894 sunt
2686 853 2929 911 peccata,
2959 841 3183 904 necesse
3204 859 3287 906 est
3327 856 3534 925 requiri
3567 869 3622 913 et
3649 862 3745 917 ho-

2153 926 2285 981 stias
2310 943 2407 997 pro
2428 931 2683 999 peccatis.
2711 932 2846 989 Nam
2868 953 3025 1007 pone,
3046 942 3196 997 verbi
3223 947 3419 1015 gratia,
3444 966 3551 1005 non
3576 951 3745 1010 fuisse

2151 1016 2455 1086 peceatum.
2489 1020 2546 1077 Si
2571 1038 2677 1079 non
2705 1025 2896 1083 fuisset
2920 1040 3223 1099 peccatum,
3249 1053 3355 1091 non
3384 1056 3607 1098 necesse
3629 1044 3742 1099 fuc-

2154 1119 2240 1161 rat
2269 1107 2463 1163 Filium
2490 1110 2586 1166 Dei
2609 1130 2805 1182 agnum
2851 1117 2988 1185 fieri,
3016 1138 3115 1178 nec
3155 1142 3291 1195 opus
3321 1127 3501 1186 fuerat
3538 1150 3662 1189 eum
3691 1139 3741 1191 in

2153 1214 2318 1255 carne
2342 1202 2573 1270 positum
2615 1205 2873 1277 jugulari,
2902 1211 2995 1264 sed
3021 1215 3307 1270 mansisset
3350 1220 3474 1287 hoc,
3518 1227 3662 1293 quod
3686 1227 3741 1283 in

2152 1289 2416 1360 principio
2451 1302 2570 1347 erat
2591 1295 2733 1349 Deus
2754 1297 2999 1352 verbum.
3033 1301 3232 1357 Verum
3284 1289 3549 1375 quoniam
3572 1314 3739 1373 intro-

2156 1377 2255 1431 ivit
2281 1388 2560 1448 peccatum
2581 1383 2637 1436 in
2669 1385 2812 1440 hunc
2834 1389 3111 1455 mundum,
3129 1399 3333 1461 peccati
3356 1409 3536 1456 autem
3558 1421 3742 1462 neces-

2155 1470 2290 1525 sitas
2309 1473 2748 1558 propinationem
2798 1480 3045 1548 requirit,
3094 1494 3148 1539 et
3188 1491 3502 1558 propitiatio
3544 1512 3652 1551 non
3680 1498 3740 1553 fit

2155 1567 2259 1622 nisi
2286 1554 2384 1641 per
2408 1570 2640 1626 hostiam
2669 1593 2681 1624 :
2725 1577 3091 1631 necessarium
3118 1576 3214 1633 fuit
3233 1583 3504 1650 provideri
3537 1586 3740 1643 hostias

2157 1673 2256 1728 pro
2295 1670 2536 1729 peccato.
2577 1662 2643 1716 Et
2679 1666 2933 1733 quoniam
2980 1670 3185 1737 peccati
3228 1672 3394 1740 ipsius
3439 1676 3670 1734 diversa:
3687 1690 3741 1735 et

3038 1762 3372 1820 diversorum
3425 1770 3740 1826 animalium

2158 1843 2486 1899 mandantur
2536 1845 2761 1911 hostia);
2810 1850 2993 1919 procul
3019 1851 3211 1918 dubio,
3239 1871 3361 1925 qua:
3388 1862 3742 1917 convenirent

2156 1933 2507 1990 varietatibus
2533 1946 2897 2005 peccatorum.
2940 1939 3029 1997 Sic
3062 1959 3205 2014 ergo
3243 1945 3405 2002 efﬁcit
3445 1949 3585 2006 alius
3616 1953 3739 2022 qui-

2156 2022 2277 2079 dem
2310 2036 2621 2095 sanctorum
2648 2030 2762 2084 sive‘
2782 2032 3118 2103 angelorum,
3143 2045 3202 2091 ut
3225 2038 3481 2106 diximus,
3513 2044 3628 2098 sive
3649 2045 3739 2100 bo-

2156 2114 2359 2171 miuum
2385 2117 2605 2185 vitulus,
2639 2121 2730 2189 qui
2768 2121 2822 2176 in
2851 2122 2938 2177 illa
2964 2124 3259 2181 festivitate
3296 2129 3626 2188 interveniat
3643 2149 3740 2204 pro

2154 2206 2334 2275 populi
2356 2208 2605 2287 delictis:
2644 2212 2781 2269 alius
2819 2224 2999 2273 autem
3033 2219 3175 2274 aries
3201 2219 3255 2274 in
3276 2221 3382 2276 alia
3421 2222 3736 2294 festivitate,

2155 2313 2383 2367 quorum
2430 2300 2817 2363 intercessione
2854 2306 2946 2361 ﬁat
2984 2309 3288 2379 purificatio
3338 2328 3437 2383 pro
3478 2319 3733 2386 peccatis.

2154 2388 2306 2455 Quod
2346 2391 2391 2445 si
2442 2394 2717 2463 puriﬁcari
2748 2399 3028 2467 potuerint
3058 2401 3306 2460 homines
3345 2420 3376 2458 a
3414 2408 3659 2476 peccatis
3684 2419 3737 2466 ct

2151 2493 2270 2534 esse
2294 2482 2560 2550 puriores,
2585 2486 2904 2541 minuuntur
2926 2498 2979 2542 et
3001 2490 3211 2547 hostia}.
3247 2492 3302 2548 Si
3325 2495 3473 2550 enim
3494 2514 3594 2566 pro
3614 2514 3735 2570 pec-

2152 2570 2292 2625 catis
2338 2581 2465 2626 sunt
2518 2574 2709 2630 hostia:
2753 2587 2812 2632 et
2858 2582 3342 2648 prosmultitudine
3386 2575 3735 2656 peccatorum

2151 2661 2517 2733 multiplicatae
2558 2676 2708 2734 sunt,
2765 2670 2885 2726 sine
2916 2673 3077 2729 dubio
3107 2684 3160 2729 et
3187 2692 3285 2746 pro
3310 2679 3608 2750 exiguitate
3637 2684 3729 2737 mi-

2150 2758 2407 2805 nuuntur.
2435 2751 2699 2826 (Ilia-on.)
2744 2756 3252 2833 Attcndendumque
3272 2767 3579 2837 diligentius
3592 2773 3730 2839 quod

2152 2839 2205 2893 in
2237 2841 2504 2898 sacrificio
2539 2846 2663 2913 ephi
2690 2860 2789 2915 per
2813 2847 3062 2915 vitulum,
3105 2863 3159 2909 et
3190 2856 3314 2924 cphi
3357 2871 3456 2926 per
3482 2859 3722 2923 arietem.

2151 2940 2206 2984 ct
2229 2930 2331 2985 olei
2362 2932 2453 2987 hin
2476 2932 2795 3002 offeruntur,
2828 2954 2946 3008 qua:
2978 2941 3030 2994 in
3060 2942 3174 3014 lege
3195 2958 3462 3015 praecepta
3496 2937 3644 3005 sunt.
3672 2951 3729 3007 lu

2153 3020 2424 3076 oblatione
2444 3034 2623 3079 autem
2652 3027 2786 3081 hirci
2814 3045 2913 3085 nec
2939 3032 3083 3100 ephi,
3104 3049 3227 3097 nec,
3246 3044 3304 3090 ut
3325 3035 3465 3093 LXX
3499 3047 3732 3095 transtu-

465 3103 522 3148 et
554 3092 723 3148 altare
749 3093 965 3167 (Matth.
985 3094 1141 3165 χχιιι)
1162 3111 1177 3159 ;
1197 3094 1424 3150 alterius
1449 3093 1667 3166 quidem
1698 3097 1920 3167 sanguis
1943 3097 2052 3153 sic-
2076 3090 2121 3153 C
2155 3104 2541 3196 lerunt,‘coctio
2578 3116 2815 3184 ponitur,
2849 3120 2937 3187 qui
2960 3090 3227 3191 pro'ephi’
3246 3090 3463 3196 signa,

466 3192 526 3239 ut
552 3184 753 3251 vitulae,
788 3185 1010 3242 alterius
1053 3186 1196 3242 sicut
1226 3187 1364 3241 hirci
1407 3195 1502 3242 aut
1525 3202 1702 3257 capra:
1722 3228 1736 3252 ,
1766 3196 1860 3243 aut
1884 3188 2048 3244 alicu-

457 3274 550 3348 jus
575 3277 769 3332 horum
793 3270 957 3333 fusus
982 3285 1067 3333 est
1102 3278 1169 3332 ad
1194 3278 1521 3348 expiandum
1557 3292 1655 3348 pro
1685 3287 1839 3348 parte
1867 3279 2046 3350 aliqua

460 3367 735 3440 populum.
783 3367 909 3424 Sive
935 3383 1064 3442 ergo
1086 3370 1203 3426 haec
1246 3371 1314 3425 ad
1341 3367 1610 3438 iustorum
1637 3371 2048 3441 prophetarum-

460 3459 566 3531 qite
592 3476 871 3531 personas,
913 3463 1008 3533 qui
1037 3463 1091 3518 in
1118 3464 1223 3518 hoc
1257 3464 1458 3529 mundo
1489 3462 1728 3535 jugulati
1771 3473 1917 3531 sunt,
1960 3465 2047 3520 vel

460 3566 648 3607 eorum
677 3554 769 3624 qui
797 3554 1019 3609 dicunt:
1074 3574 1093 3607 ‹
1134 3554 1400 3623 Quoniam
1425 3563 1647 3626 propter
1679 3564 1730 3611 te
1758 3565 1933 3611 morte
1965 3555 2045 3611 af-

461 3644 672 3707 ﬁcimur
715 3643 1151 3718 [mortificamur]
1204 3654 1315 3700 tota
1356 3646 1459 3709 die,
1488 3645 1740 3700 :estimati
1772 3661 1958 3700 sumus
1988 3654 2045 3700 ut

458 3752 588 3791 oves
613 3736 901 3792 occisionis
930 3733 1106 3809 (Psal.
1154 3742 1362 3805 xum,»
1415 3736 1694 3792 referenda
1737 3737 2042 3805 videantur,

459 3826 581 3894 quis
612 3823 768 3880 facile
798 3827 996 3880 audeat
1031 3825 1302 3884 allirmare
1330 3826 1352 3880 ‘2
1394 3825 1578 3899 Neque
1605 3826 1750 3881 enim
1782 3827 1898 3882 haec
1928 3826 2045 3881 ani-

460 3915 621 3969 malia
647 3929 745 3985 per
773 3917 1027 3986 speciem,
1077 3917 1169 3971 sed
1192 3932 1290 3991 per
1312 3915 1533 3987 figuram
1581 3916 1769 3972 referri
1795 3918 1861 3971 ad
1892 3917 2039 3972 illam

458 4005 545 4060 vel
572 4006 717 4059 illam
763 4021 1049 4076 personam
1083 4007 1319 4074 putanda
1358 4018 1505 4062 sunt.
1546 4005 1682 4064 Nam
1712 4008 1826 4078 ipse
1854 4006 2039 4063 Domi-

458 4108 561 4147 nus
589 4091 745 4147 Jesus
769 4092 1019 4147 Christus
1041 4109 1147 4147 non
1174 4094 1293 4148 ideo
1316 4109 1487 4166 agnus
1512 4095 1728 4160 dicitur,
1766 4097 1918 4167 quasi
1948 4098 2041 4167 qui

457 4193 694 4240 mutatus
721 4184 813 4251 sit,
866 4191 919 4238 et
946 4198 1238 4245 conversus
1285 4185 1340 4238 in
1367 4185 1601 4255 speciem
1631 4188 1796 4258 agni:
1844 4188 2041 4247 dicitur

457 4281 635 4330 tamen
665 4290 836 4346 agnus
862 4273 989 4344 quia
1018 4273 1263 4328 voluntas
1288 4283 1343 4328 et
1370 4274 1584 4330 bonitas
1599 4276 1716 4345 ejus
1735 4278 1841 4345 qua
1872 4278 2040 4332 Deum
2069 4276 2083 4292 '

392 4364 397 4370 ”
456 4365 849 4436 repropitiavit,
904 4364 1213 4419 hominibus
1262 4372 1316 4421 et
1362 4374 1707 4434 peccatorum
1761 4368 2041 4438 indulgen-

457 4432 583 4511 tiam
612 4432 775 4522 dedit,
817 4455 939 4511 talis
961 4455 1171 4510 exstitit
1218 4432 1452 4510 humano
1486 4457 1692 4527 generi,
1733 4473 1781 4526 (ι.
1807 4458 1885 4512 asi
1910 4432 2035 4531 agni
2068 4432 2117 4490 θ

455 4548 628 4603 hostia
662 4546 1003 4603 immaculata
1031 4555 1085 4601 et
1108 4547 1398 4614 innocens,
1430 4563 1536 4617 qua
1566 4548 1769 4618 placari
1804 4551 2034 4604 homini-

452 4639 551 4693 bus
579 4640 757 4694 divina
784 4639 1100 4695 creduntur.
1131 4638 1222 4694 Sic
1256 4655 1387 4711 ergo
1435 4639 1480 4695 si
1507 4641 1596 4710 qui
1625 4639 1899 4710 justorutn
1937 4644 2035 4702 ho-

451 4726 658 4781 minum
682 4727 771 4782 hic
790 4742 889 4797 pro
916 4728 1357 4799 repropitiatione
1386 4729 1568 4787 divina
1598 4730 1745 4786 velut
1773 4732 1917 4789 aries
1940 4744 2036 4791 aut

451 4819 675 4884 vitulus,
712 4828 804 4874 aut
836 4822 1020 4879 hircus
1046 4824 1257 4880 oblatus
1283 4833 1368 4881 est
1391 4866 1406 4891 ,
1437 4824 1761 4881 sacrificium
1793 4829 1863 4883 ob
1891 4829 2039 4899 puri-

449 4907 757 4964 ﬁcationem
794 4911 995 4981 populo
1035 4914 1429 4983 impetrandam
1469 4915 1640 4985 accipi
1681 4925 1897 4987 potest:
1943 4930 2038 4977 aut

450 5014 558 5053 non
589 4997 803 5053 videtur
856 5000 998 5055 aries
1025 5010 1119 5055 aut
1150 5004 1331 5058 hircus
1368 5003 1738 5059 holocaustum
1786 5022 1848 5063 sc
1879 5009 2038 5064 uidu—

450 5096 576 5150 lisse
600 5093 800 5149 Paulus
824 5109 923 5163 pro
956 5095 1151 5165 papqu
1176 5097 1353 5161 lsracl,
1388 5115 1509 5154 cum
1536 5100 1748 5155 dicebat
1777 5089 1805 5155 ε’
1828 5122 1844 5153 ι
1874 5102 2033 5174 Opta-

448 5187 572 5241 bam
619 5194 798 5241 autem
854 5202 951 5259 ego
980 5188 1093 5258 ipse
1127 5190 1413 5245 anathema
1458 5207 1579 5247 esse
1607 5209 1635 5247 a
1686 5190 1903 5251 Christo
1933 5212 2031 5267 pro

451 5276 710 5333 fratribus
736 5278 890 5345 meis,
936 5279 1025 5348 qui
1055 5286 1179 5335 sunt
1209 5282 1419 5352 cognati
1457 5283 1560 5337 mei
1586 5287 1883 5341 secundum
1912 5304 2031 5341 car-

450 5384 572 5424 nem
598 5368 769 5441 (Rom.
802 5370 904 5442 rx)?
939 5391 956 5423 ι
1018 5369 1111 5425 Vis
1136 5379 1313 5426 autem
1345 5373 1499 5439 scire,
1532 5376 1678 5443 quod
1706 5391 1765 5431 se
1796 5377 2025 5433 hostiam

447 5462 610 5516 etiam
662 5461 858 5518 Paulus
896 5462 1086 5519 offerat
1127 5462 1521 5534 jugulandam?
1567 5468 1707 5523 Audi
1734 5485 1858 5525 eum
1889 5482 1941 5526 et
1973 5473 2027 5529 in

417 5552 571 5618 _aliis
609 5554 874 5609 dicentem
905 5575 923 5631 ι
961 5574 979 5606 ι
1013 5555 1134 5610 1am
1179 5556 1321 5610 enim
1350 5571 1449 5627 ego
1496 5558 1770 5625 immolor,
1804 5571 1858 5614 et
1894 5571 2029 5616 tem-

450 5659 549 5711 pus
582 5648 922 5704 resolutionis
945 5648 1029 5719 (II
1056 5650 1187 5705 Tim.
1220 5652 1317 5722 tv),
1358 5673 1375 5705 ι
1430 5651 1515 5708 vel
1542 5654 1674 5709 utin
1701 5654 1902 5712 Grtccis
1929 5672 2022 5711 eo-

2150 3204 2451 3259 coctionem
2514 3205 2851 3278 interpretati
2912 3220 3055 3266 sunt.
3120 3213 3230 3269 Hin
3273 3232 3403 3272 vero
3446 3233 3570 3288 quae
3620 3204 3729 3277 elei

2148 3304 2295 3351 certa
2331 3311 2580 3351 memrra
2612 3308 2714 3363 est,
2747 3300 2813 3356 de
2840 3316 2942 3370 qua
2990 3312 3113 3359 ante
3133 3304 3247 3375 jam
3278 3307 3535 3375 diximus,
3578 3325 3728 3367 assu-

2147 3384 2245 3437 mit
2270 3383 2324 3439 iu
2372 3387 2639 3443 sacrificio
2683 3389 2830 3443 vituli
2862 3398 2917 3445 et
2959 3393 3164 3459 arietis,
3213 3402 3270 3447 ut
3306 3397 3607 3455 fomentum
3644 3400 3723 3455 lu-

2146 3475 2307 3530 minis
2329 3478 2667 3548 sempiterni,
2711 3489 2766 3534 et
2807 3483 3049 3551 requiem
3075 3484 3277 3542 laboris
3312 3497 3366 3543 et
3393 3489 3727 3547 lassitudinis

2145 3565 2462 3631 sanitatem,
2509 3578 2632 3637 post
2677 3569 3039 3639 placationem
3082 3587 3430 3646 peccatorum
3478 3584 3727 3652 accipere

2144 3652 2437 3724 pOssimus.
2481 3656 2536 3711 In
2563 3659 2793 3728 septimo
2818 3678 3033 3732 quoque
3074 3679 3280 3733 menso,
3302 3669 3489 3738 quinta
3516 3670 3725 3726 decima

2144 3745 2231 3800 die
2257 3748 2479 3814 mensis,
2502 3749 2606 3805 hoc
2627 3762 2744 3816 est,
2819 3755 3285 3827 scenopegiarum,
3316 3760 3458 3815 idem
3497 3762 3726 3818 oblatio-

2142 3834 2228 3889 nis
2274 3844 2329 3890 ct
2375 3838 2764 3896 sacrificiorum
2808 3844 2942 3899 ordo
2985 3848 3280 3903 servandus
3316 3860 3421 3915 est,
3472 3860 3585 3910 tam
3630 3869 3725 3922 pro

2142 3934 2387 3995 peccato,
2429 3944 2591 3996 quam
2610 3946 2710 4000 pro
2748 3932 3081 4001 holocausta,
3113 3946 3168 3991 et
3195 3938 3248 3992 in
3275 3941 3562 4007 sacrificio,
3588 3953 3642 3997 et
3668 3944 3721 3999 in

2141 4016 2276 4083 oleo,
2306 4027 2363 4073 ut
2387 4016 2734 4077 festivitatem
2764 4024 2997 4091 Domini,
3022 4025 3222 4098 fugatis
3246 4032 3489 4087 tenebris
3515 4042 3571 4088 et
3601 4043 3720 4091 orto

2145 4107 2345 4165 lumine
2371 4109 2472 4165 olei
2496 4150 2512 4177 ,
2545 4126 2941 4183 consequamur
2962 4155 2980 4181 ,
3003 4116 3369 4190 clarioresque
3424 4123 3715 4183 habeamus

2126 4200 2530 4268 'solcmnitatcs,
2564 4202 2617 4258 in
2640 4205 2835 4274 quibus
2865 4206 3021 4263 nobis
3053 4211 3234 4265 omnia
3257 4222 3482 4280 peccata
3511 4215 3714 4269 donan-

2142 4301 2247 4346 llll'.

2704 4409 2932 4466 CAPUT
2978 4410 3164 4469 XLVI.

2144 4519 2762 4601 Desacrt'ﬁct'insabbati
2798 4534 2847 4578 et
2896 4522 3226 4601 Neomenite;
3269 4546 3362 4598 per
3379 4547 3511 4601 quas
3539 4541 3710 4601 portas

2212 4591 2411 4671 intrare
2452 4591 2728 4671 degebant,
2756 4605 2822 4671 ‘ct
2867 4597 3012 4651 exire
3052 4591 3310 4671 principes
3360 4591 3409 4653 et
3436 4591 3615 4671 pupilli
3644 4604 3711 4655 ad

2213 4660 2470 4752 gratatum
2497 4661 2662 4715 Deum
2685 4678 2703 4715 .'
2731 4664 2795 4744 de
2820 4660 3103 4752 spontaneq
3120 4660 3709 4752 holocausto'pr'incipis,

2210 4730 2347 4800 quod
2367 4731 2604 4802 princeps
2632 4734 2791 4801 possit
2812 4730 2970 4809 dare,
2995 4745 3043 4789 et
3067 4736 3131 4791 de
3168 4730 3519 4793 destructione
3538 4730 3712 4811 coqui:-

2212 4815 2417 4854 narum.

2214 4949 2233 4980 ι
2267 4929 2393 4985 [hnc
2421 4931 2830 4988 dicitDuminus
2865 4932 3006 4989 Deus
3032 4954 3045 4989 :
3079 4933 3240 4990 Porta
3265 4937 3389 4990 atrii
3418 4937 3709 5004 interioris,

2143 5040 2161 5072 ε
2203 5037 2320 5090 quae
2346 5022 2565 5091 respicit
2591 5023 2659 5078 ad
2704 5024 2991 5091 orientem,
3017 5026 3121 5081 erit
3154 5026 3342 5082 clausa
3362 5043 3456 5083 sex
3499 5028 3708 5095 diebus,

2144 5130 2160 5163 ι
2209 5112 2260 5165 in
2298 5112 2492 5187 quibus
2524 5129 2659 5182 opus
2700 5113 2801 5168 lit:
2835 5116 2919 5171 die
2952 5123 3132 5171 autem
3160 5118 3370 5173 sabbati
3418 5122 3711 5190 aperietur,

2142 5223 2160 5254 ς
2204 5203 2297 5259 sed
2327 5204 2378 5257 in
2418 5204 2504 5259 dic
2532 5204 2889 5260 Kalendarum
2918 5208 3212 5281 aperietur,
3241 5217 3297 5262 et
3320 5208 3543 5266 intrabit
3568 5212 3715 5280 prin-

2142 5310 2159 5343 ι
2203 5308 2327 5363 ceps
2351 5309 2449 5363 per
2483 5294 2622 5348 viam
2653 5292 2897 5352 vestibuli
2943 5307 3110 5367 porta:
3135 5297 3358 5365 deforis,
3387 5308 3443 5355 et
3468 5303 3635 5357 stabit
3660 5303 3712 5357 in

2142 5401 2157 5431 ι
2207 5382 2388 5437 limine
2413 5394 2611 5460 portae.
2660 5385 2725 5438 Et
2762 5385 2958 5440 facient
2996 5386 3304 5443 sacerdotes
3338 5389 3709 5447 holocaustum

2138 5489 2157 5520 ι
2205 5468 2318 5538 ejus
2366 5483 2421 5526 et
2476 5473 2698 5542 pacifica
2752 5475 2888 5545 ejus,
2940 5485 2995 5530 et
3040 5474 3289 5531 adorabit
3338 5495 3501 5550 super
3552 5481 3712 5536 limen

2139 5582 2155 5613 ι
2200 5570 2389 5632 portae,
2418 5568 2811 5635 etcgredietur.
2848 5566 3009 5622 Porta
3048 5578 3229 5624 autem
3262 5585 3370 5625 non
3424 5572 3710 5627 claudetur

2141 5675 2155 5704 ι
2204 5671 2370 5725 usque
2397 5658 2462 5712 ad
2493 5673 2790 5728 vesperam.
2830 5661 2895 5716 Et
2920 5663 3165 5720 adorabit
3190 5666 3420 5734 populus
3454 5676 3611 5722 terra:
3646 5667 3713 5721 ad
