4028 6196
377 421 512 478 1οη

1298 415 1645 474 coenam.
1674 392 1755 470 tu
1795 412 2246 471 nzsontELEu.
2283 445 2352 457 -
2386 411 2514 470 un.
2554 413 2696 469 xxx.

3046 336 3083 359 ’σε

3472 414 3637 470 1042⁷

380 549 402 585 ι
443 531 643 589 ostium
669 536 836 599 porta:
879 526 1022 582 illius
1042 526 1097 582 in
1127 527 1368 584 sabbatis
1412 536 1468 584 et
1490 501 1545 582 in
1576 525 1826 581 Kalendis
1845 539 1938 580 εο-
1965 529 2015 588 Α
2042 531 2132 579 tur
2153 524 2422 591 sacriﬁcii,
2444 525 2497 580 id
2523 533 2608 582 est
2631 523 2822 581 simila:
2841 530 2896 579 et
2913 523 3007 578 hin
3028 522 3154 586 olei,
3182 522 3257 578 ita
3276 520 3532 579 oil‘eratur
3555 534 3613 581 et

382 639 405 673 ι
441 635 557 675 ram
585 616 833 673 Domino.
868 614 1247 672 Holocaustum
1270 624 1449 685 autem
1475 617 1578 671 hoc
1594 614 1784 671 offeret
1808 614 1950 684 prin-

381 726 404 761 ι
442 722 571 778 ceps
583 705 810 762 Domino
836 704 890 759 in
904 704 990 760 die
1016 704 1246 771 sabbati,
1266 720 1361 760 sex
1387 719 1553 775 agnos
1579 703 1951 759 immaculatos

381 812 405 848 ι
445 803 501 851 ει
525 795 751 849 arietem
795 793 1218 860 immaculatum,
1263 801 1320 848 et
1357 793 1680 849 sacriﬁcium
1705 793 1831 863 ephi
1855 807 1953 862 per

386 900 406 935 ι
451 884 698 939 arietem.
748 883 824 937 De
850 883 1006 953 agnis
1034 898 1161 945 vero
1187 882 1533 939 sacriﬁcium.
1574 883 1723 953 quod
1747 882 1952 938 dederit

386 994 405 1026 ι
449 989 643 1029 manus
690 972 826 1042 ejus,
851 982 906 1028 et
952 973 1058 1029 olei
1095 974 1188 1028 hin
1234 989 1331 1044 per
1357 973 1566 1044 singula
1593 973 1738 1042 ephi.
1778 973 1836 1027 ln
1864 972 1954 1028 die

387 1082 405 1114 ι
451 1072 631 1118 autem
657 1061 1019 1117 Kalendarum
1064 1062 1291 1118 vitulum
1320 1063 1388 1120 de
1417 1070 1668 1118 armento
1693 1063 1954 1117 immacu-

388 1170 405 1203 ι
453 1151 642 1216 latum,
669 1159 723 1205 et
754 1165 850 1207 sex
879 1152 1005 1222 agni
1024 1160 1080 1207 et
1105 1152 1303 1208 arietes
1341 1151 1671 1207 immaculati
1697 1154 1957 1218 erunt,‘et

388 1259 405 1291 ι
448 1239 571 1309 ephi
610 1253 706 1308 per
733 1232 981 1305 vitulum,
1009 1240 1134 1311 ephi
1162 1255 1375 1311 quoque
1415 1255 1512 1311 per
1538 1240 1762 1297 arietem
1793 1231 1957 1296 faciet

388 1348 406 1378 α
450 1327 792 1383 sacriﬁcium.
822 1328 880 1382 lu
911 1330 1063 1400 agnis
1086 1340 1267 1384 autem
1299 1330 1440 1385 sicut
1465 1330 1739 1386 invenerit
1765 1346 1956 1385 manus

388 1436 406 1468 ι
450 1426 505 1471 ει
544 1417 648 1471 olei
677 1417 772 1471 hin
823 1432 919 1489 per
964 1419 1173 1491 singula
1220 1420 1363 1488 cphi.
1402 1438 1423 1471 ι
1480 1418 1802 1490 Priusquam
1827 1420 1956 1490 quid

383 1508 487 1562 ista
511 1507 811 1576 signiﬁcent
834 1508 1181 1576 disseramus,
1227 1511 1341 1581 ipsa
1373 1506 1664 1588 Scripturaé
1684 1531 1958 1588 παραγρα-

382 1606 570 1658 στικῶς
594 1597 756 1652 verba
792 1599 1073 1669 pandenda
1110 1608 1255 1655 sunt.
1293 1618 1312 1652 ι
1345 1601 1533 1667 Porta,
1586 1601 1778 1671 inquit,
1832 1601 1957 1657 atrii

384 1676 657 1742 interioris
705 1702 797 1742 sex
850 1688 1039 1744 diebus
1071 1708 1089 1740 ι
1153 1688 1244 1762 (de
1292 1692 1488 1760 quibus
1540 1693 1799 1763 scriptum
1850 1700 1956 1759 est,

390 1796 409 1827 ι
442 1774 550 1829 Sex
576 1776 763 1833 diebus
786 1779 1117 1847 operaheris,
1154 1789 1215 1836 ει·
1235 1780 1400 1838 facies
1425 1783 1610 1839 omnia
1649 1799 1814 1854 opera
1841 1781 1956 1854 tua)

2052 616 2106 670 in
2129 614 2316 669 vitulo.
2345 614 2472 670 Haec
2499 613 2897 684 perspicuitatis
2928 627 3091 668 causa
3119 612 3229 668 sint
3252 613 3445 682 posita,
3471 627 3613 668 nunc

2051 705 2590 776 spiritalemseusum
2608 703 2841 759 Domino
2868 704 3103 758 donante
3132 716 3454 758 reseremus.
3503 699 3615 757 Sex

2051 795 2262 859 diebus,
2296 794 2490 863 quibus
2516 807 2804 862 operemur
2830 794 2883 847 in
2909 792 3127 857 mundo,
3163 799 3319 862 porta
3343 790 3618 847 orientalis

2053 884 2179 940 atrii
2221 884 2496 938 interioris
2534 881 2713 937 clausa
2756 882 2911 937 nobis
2953 889 3057 938 est.
3108 880 3400 950 Postquam
3436 890 3616 937 autem

2050 971 2359 1027 venerimus
2385 958 2455 1025 εἰί
2482 971 2623 1026 diem
2647 970 2929 1040 septimum
2949 1008 2964 1035 ,
3008 969 3062 1024 id
3103 976 3188 1024 est
3228 968 3297 1023 ad
3325 968 3468 1023 diem
3495 967 3619 1024 sab-

2052 1062 2185 1126 bati,
2214 1061 2268 1116 in
2292 1076 2400 1131 quo
2423 1068 2622 1117 aeterna
2652 1060 2865 1130 requies
2888 1068 2989 1125 est,
3016 1059 3131 1115 sive
3159 1058 3228 1114 ad
3252 1059 3395 1115 diem
3420 1057 3620 1115 Kalen-

2055 1153 2279 1218 darum,
2325 1151 2540 1222 quando
2581 1140 2705 1222 post
2744 1165 2944 1206 caecam
2987 1159 3203 1206 noctem
3237 1156 3295 1204 et
3332 1149 3629 1206 horribiles

2056 1247 2307 1304 tenebras
2348 1244 2486 1301 lucis
2531 1244 2810 1300 exordium
2854 1251 2965 1310 est,
3011 1245 3254 1314 aperitur
3279 1242 3437 1298 nobis
3461 1250 3618 1313 porta

2054 1334 2378 1403 orienta'lis,-
2400 1344 2457 1400 et
2498 1335 2546 1392 si
2582 1335 2704 1405 quis
2736 1341 2977 1390 nostrum
3010 1348 3108 1404 per
3134 1331 3327 1388 merita
3360 1331 3634 1389 virtutum

2057 1428 2208 1485 ducis
2249 1442 2443 1483 nomen
2491 1433 2547 1480 et
2588 1425 2905 1494 dignitatem
2933 1421 3096 1479 fuerit
3131 1429 3483 1483 consecutus.
3526 1434 3625 1491 per

2058 1517 2201 1572 viam
2242 1515 2493 1572 vestibuli
2540 1522 2709 1586 porta:
2753 1513 2977 1577 deforis,
3022 1514 3128 1569 hoc
3170 1521 3257 1568 est
3301 1527 3401 1582 per
3437 1511 3619 1566 mundi

2058 1606 2217 1676 hujus
2256 1606 2486 1672 labores,
2507 1614 2563 1663 et
2599 1613 2811 1675 portam
2849 1603 3134 1670 Ecclesiae,
3182 1619 3302 1673 quae
3344 1602 3521 1659 adhuc
3566 1603 3619 1656 in
3675 1622 3689 1634 ο

2059 1697 2290 1753 terrenis
2317 1696 2511 1753 ﬁnibus
2533 1695 2708 1766 posita
2735 1702 2837 1759 est,
2861 1693 3228 1766 ingredietur:
3255 1707 3361 1748 non
3396 1692 3623 1747 interius

2060 1790 2278 1856 atrium,
2304 1789 2408 1845 hoc
2432 1788 2577 1844 enim
2606 1788 2661 1843 in
2685 1788 2938 1859 praesenti
2968 1787 3086 1843 loco
3112 1785 3387 1852 scribitur,
3427 1784 3521 1840 sed
3556 1783 3624 1838 ad

385 1867 492 1921 erit
520 1867 737 1934 clausa;
776 1888 796 1920 ι
831 1884 931 1926 nec
956 1870 1208 1942 quaelibet
1248 1883 1424 1943 porta,
1469 1876 1564 1931 sed
1598 1894 1619 1929 ι
1649 1892 1770 1946 qua:
1795 1877 1956 1948 respi-
1983 1856 2034 1916 Β
2058 1882 2219 1937 limen
2246 1888 2417 1951 porta:
2443 1856 2736 1943 interioris,
2778 1886 2835 1933 et
2871 1875 3037 1933 stabit
3078 1876 3132 1931 in
3170 1891 3256 1931 ea.
3311 1873 3408 1929 Sin
3442 1881 3623 1929 autem

338 2034 346 2040 ἱ
386 1955 464 2008 cit
502 1955 568 2008 ad
593 1956 879 2023 orientem,
913 1977 933 2011 ι
991 1960 1132 2016 unde
1167 1962 1341 2017 oritur
1387 1962 1468 2019 sol
1493 1960 1738 2032 justitim.
1786 1965 1956 2022 Porro

387 2042 475 2099 die
500 2046 730 2113 sabbati,
759 2048 812 2102 id
837 2059 941 2115 est,
976 2051 1226 2120 septimo,
1258 2052 1312 2107 in
1331 2067 1437 2123 quo
1465 2056 1681 2126 requies
1706 2066 1812 2123 est,
1833 2073 1961 2129 ape-

387 2133 561 2188 rietur
591 2149 687 2204 per
713 2136 951 2209 singulas
976 2139 1363 2208 hebdomadas,
1410 2150 1464 2198 et
1488 2160 1705 2201 rursum
1726 2148 1961 2218 comple-

390 2224 461 2278 tis
496 2224 685 2280 diebus
716 2226 930 2296 triginta
949 2267 965 2294 ,
1018 2230 1232 2298 quando
1258 2231 1478 2288 alterius
1504 2235 1706 2292 mensis
1738 2237 1862 2294 ﬁnis
1907 2248 1964 2295 et

388 2315 613 2371 alterius
640 2319 922 2375 exordium
967 2330 1070 2387 est,
1123 2322 1177 2377 id
1200 2333 1303 2389 est,
1332 2328 1638 2393 neomenia,
1667 2330 1754 2385 die
1777 2331 1965 2387 videli-

391 2413 478 2459 cet
500 2404 880 2472 Kalendarum,
910 2410 1211 2478 aperietur:
1245 2420 1304 2466 ut
1329 2413 1469 2483 quod
1492 2415 1834 2488 privilegium
1863 2419 1964 2473 ha-

392 2495 485 2549 bet
513 2499 772 2567 scptimus
801 2500 915 2555 dies
947 2500 1001 2555 iu
1045 2502 1398 2570 hebdomade,
1430 2506 1535 2561 hoc
1574 2508 1772 2563 habeat
1793 2510 1964 2579 privi-

392 2584 590 2657 legium
629 2591 832 2644 mensis
855 2591 1152 2645 exordium.
1201 2592 1311 2648 Cur
1349 2604 1530 2651 autem
1560 2598 1835 2668 aperiatur
1880 2602 1966 2658 die

393 2678 644 2769 septimo,
698 2688 756 2735 et
799 2679 883 2736 die
913 2680 1272 2738 Kalendarum
1315 2694 1468 2756 porta
1508 2689 1783 2747 interioris
1816 2693 1963 2773 atrii,

393 2782 516 2840 qua:
560 2770 778 2839 respicit
806 2771 874 2827 ad
902 2773 1184 2840 orientem,
1218 2791 1447 2846 sequens
1489 2795 1667 2837 sermo
1693 2770 1964 2840 monstra-

396 2859 496 2913 bit.
552 2880 570 2911 ι
599 2861 665 2914 Ει
690 2861 931 2923 intrabit,
986 2863 1184 2932 inquit,
1234 2867 1483 2939 princeps
1506 2885 1605 2939 per
1629 2873 1772 2927 viam
1800 2883 1967 2942 portae

397 2949 618 3015 deforis,
649 2951 772 3005 atrii
796 2952 1045 3007 videlicet
1071 2956 1376 3024 exterioris,
1427 2969 1482 3014 et
1510 2962 1673 3016 stabit
1700 2963 1757 3018 in
1782 2965 1967 3023 limine

397 3050 586 3109 portae,
620 3060 638 3091 ι
708 3042 983 3097 interioris
1014 3043 1158 3108 atrii,
1191 3061 1310 3115 qua:
1335 3047 1558 3119 respicit
1584 3046 1654 3107 ad
1679 3053 1964 3111 orientem.

399 3128 510 3184 Nec
536 3130 860 3201 ingredietur
894 3133 1091 3187 atrium
1120 3135 1366 3205 interius,
1401 3140 1497 3194 sed
1533 3134 1624 3197 illo
1653 3151 1832 3200 stante
1874 3146 1964 3200 alii

399 3222 709 3276 sacerdotes
739 3222 933 3278 facient
969 3218 1068 3296 pro
1093 3227 1209 3297 ipso
1236 3227 1659 3302 holocaustum,,
1677 3250 1836 3305 quam
1864 3239 1963 3294 ob-

399 3311 658 3367 lationem
686 3314 1065 3384 interpretatus
1092 3326 1176 3372 est
1205 3315 1579 3390 Symmachus,
1616 3331 1671 3378 et
1719 3326 1964 3395 paciﬁca,

402 3403 515 3458 sive
541 3418 661 3473 quae
686 3405 751 3459 ad
778 3404 1001 3460 salutem
1031 3409 1324 3477 pertinent,
1355 3419 1414 3464 ut
1458 3406 1743 3482 postquam
1792 3416 1967 3472 hostia

401 3493 659 3563 principis
684 3510 838 3550 sacro
880 3496 1001 3567 igne
1042 3497 1204 3553 fuerit
1247 3511 1613 3569 concremata,
1648 3513 1705 3559 et
1749 3491 1970 3563 dux’re-

402 3584 717 3642 conciliatus
763 3585 894 3652 Deo,
949 3596 1075 3644 tunc
1123 3588 1353 3646 adorare
1401 3579 1570 3661 possit
1604 3609 1766 3664 super
1807 3595 1968 3653 limen
2000 3582 2020 3601 ’

402 3688 571 3749 portae
601 3677 869 3735 interioris
894 3680 1065 3752 atrii,.
1088 3682 1140 3735 in
1164 3697 1270 3752 quo
1296 3685 1511 3739 steterit
1538 3693 1594 3740 et
1640 3687 1967 3758 egrediatur.

406 3768 545 3837 Quid
568 3768 765 3841 igitur?
789 3779 908 3839 post
939 3770 1299 3841 egressionem
1323 3772 1584 3844 principis
1610 3774 1794 3832 statim
1815 3788 1971 3849 porta

405 3859 718 3916 claudetur!
794 3859 1141 3929 Nequaquam
1174 3902 1189 3927 ,
1265 3863 1359 3918 sed
1421 3874 1606 3934 aperta
1656 3867 1761 3922 erit
1805 3884 1974 3938 usque

408 3950 476 4005 ad
527 3964 802 4019 vesperam
831 3991 846 4016 ,
895 3957 954 4004 ut
1002 3958 1123 4019 post
1167 3948 1467 4021 principem
1516 3953 1694 4009 omnis
1745 3956 1973 4026 populus

408 4049 567 4098 terra:
616 4043 803 4098 adoret
857 4050 1042 4098 contra
1101 4044 1296 4098 ostium
1343 4052 1514 4114 portae
1559 4044 1739 4101 illius:
1787 4047 1975 4105 adoret

408 4138 588 4183 autem
610 4129 662 4182 in
727 4128 965 4183 sabbatis
1016 4135 1070 4183 et
1134 4124 1189 4182 in
1228 4127 1521 4195 Kalendis,
1572 4130 1785 4201 quando
1848 4147 1976 4204 ape-

408 4218 549 4273 ritur
600 4228 773 4290 porta.
826 4218 894 4273 Et
922 4219 1048 4288 quia
1100 4209 1271 4288 supra
1314 4218 1568 4275 dixerat:
1606 4218 1826 4288 Facient
1888 4237 1976 4279 sa-

412 4309 658 4370 cerdotes
718 4308 1091 4364 holocaustum
1137 4307 1253 4376 eius
1288 4314 1343 4363 et
1402 4307 1625 4380 paciﬁca
1682 4309 1821 4380 ejus,
1874 4328 1978 4368 nec

412 4395 812 4466 sign'ﬁeaverat
898 4396 1336 4453 holocaustorum
1420 4415 1704 4455 numerum
1734 4441 1751 4467 ,
1833 4416 1978 4458 nunc

412 4480 574 4538 infert
634 4502 654 4535 ι
699 4485 1064 4540 holocaustum
1129 4487 1233 4541 hoc
1294 4486 1482 4543 eil‘eret
1554 4488 1807 4559 princeps
1871 4490 1973 4545 Do—

414 4572 559 4626 mino
588 4573 641 4626 in
671 4573 756 4627 die
781 4575 1006 4628 sabbati.
1029 4595 1047 4625 ›
1081 4573 1283 4630 Olferct
1310 4583 1486 4630 autem
1514 4592 1620 4631 non
1649 4592 1745 4648 per
1772 4574 1850 4645 se,
1878 4581 1971 4635 sed

411 4674 513 4732 per
542 4663 866 4728 sacerdOtes,
891 4663 957 4719 de
979 4663 1174 4733 quibus
1203 4665 1459 4733 scriptum
1488 4674 1604 4720 est:
1636 4684 1654 4717 ‹
1684 4667 1751 4721 Ει
1779 4667 1980 4725 facient

415 4751 724 4807 sacerdotes
750 4749 1118 4808 holo'caustum
1146 4754 1262 4824 ejus
1297 4761 1353 4808 et
1388 4754 1614 4823 paciﬁca
1648 4753 1782 4825 ejus.
1836 4754 1971 4822 Sex,

416 4840 610 4909 inquit,
625 4856 793 4912 agnos
814 4842 1184 4897 immaculatos
1204 4850 1259 4897 et
1279 4843 1502 4898 arietem
1522 4844 1972 4915 immaculatum,»

416 4931 491 4984 ita
518 4937 579 4983 ut
609 4931 930 4986 sacriﬁcium
966 4932 1148 4987 arietis
1182 4948 1432 4987 mensura
1462 4933 1583 5005 ephi
1618 4935 1710 5002 sit,
1728 4953 1846 5006 qua:
1884 4939 1979 4994 he-

415 5020 597 5073 braice
625 5021 918 5090 appellatur
941 5023 1089 5091 epha.
1125 5021 1233 5077 Sex
1262 5032 1438 5078 autem
1464 5024 1617 5094 agnis
1660 5026 1732 5081 sit
1775 5030 1980 5084 sacriﬁ-

418 5111 560 5164 cium
578 5151 594 5176 ,
626 5114 767 5181 quod
794 5112 986 5167 oﬁ'erre
1012 5115 1248 5184 potuerit
1276 5126 1466 5170 manus
1495 5114 1640 5183 ejus,
1671 5120 1759 5187 qui
1788 5118 1978 5187 offert,

417 5209 472 5255 et
494 5215 590 5270 per
614 5196 822 5273 singula
843 5203 1103 5283 ephi,erit
1131 5202 1233 5258 olei
1262 5218 1512 5259 mensura
1537 5214 1657 5275 quae
1683 5207 1980 5277 appellatur

417 5293 509 5348 hin
530 5312 544 5348 :
568 5294 924 5375 Kalendarum
947 5305 1144 5364 autem,
1161 5299 1263 5353 hoc
1287 5308 1391 5365 εει,
1415 5299 1819 5354 ncomeniarum
1845 5300 1980 5367 dies,

416 5386 523 5443 hoc
559 5387 779 5446 habebit
810 5390 1142 5461 privilegium
1182 5390 1411 5460 amplius
1448 5407 1477 5445 a
1517 5391 1604 5446 die
1632 5390 1877 5455 sabbati,
1924 5402 1984 5447 ut

415 5472 617 5532 vitulus
651 5476 956 5535 imm‘nle'tur
981 5480 1046 5535 de
1082 5488 1325 5535 armento
1351 5481 1463 5536 sive
1499 5488 1685 5535 taurus
1718 5481 1981 5536 immacuq

419 5565 582 5623 latus.
619 5569 823 5644 Caetera
851 5572 1049 5636 autem,
1081 5570 1133 5625 id
1162 5582 1246 5653 est
1269 5583 1360 5625 sex
1391 5571 1513 5641 agni
1539 5570 1864 5627 immaculati
1883 5612 1897 5637 ,
1925 5579 1981 5626 et

419 5658 561 5713 aries
584 5658 981 5723 immaculatus,
1005 5669 1059 5716 et
1083 5660 1347 5717 sacriﬁcia
1372 5674 1556 5716 eorum
1584 5662 1745 5717 ritum
1771 5662 1978 5717 sabbati

320 5759 346 5779 *
419 5746 884 5818 possidebuntJta
916 5752 1196 5817 duntaxat,
1210 5759 1271 5805 ut
1290 5748 1980 5819 sicutinarieteephiolfer-

2056 1969 2306 2042 princeps
2331 1970 2385 2025 in
2410 1967 2664 2038 praesenti
2689 1967 2953 2037 scriptura
2979 1981 3088 2022 non
3110 1964 3408 2036 ingreditur
3428 1964 3626 2018 atrium

2059 2060 2305 2126 interius,
2353 2059 2449 2115 sed
2485 2058 2676 2114 statin
2704 2056 2892 2112 limine
2925 2055 3063 2127 ejus,
3111 2053 3242 2109 nulli
3282 2052 3503 2133 dubium
3543 2059 3633 2108 est

2062 2165 2205 2207 nunc
2229 2165 2297 2205 ex
2320 2155 2475 2221 parte
2497 2163 2598 2204 nos
2620 2148 2828 2214 videre,
2852 2155 2909 2202 et
2931 2160 2996 2201 ex
3021 2153 3177 2216 parte
3202 2157 3548 2215 cognoscere,
3573 2150 3631 2199 et

2064 2242 2292 2298 necdum
2327 2238 2562 2294 revelata
2576 2236 2721 2294 'facie
2746 2237 2970 2307 gloriam
3004 2235 3213 2291 Domini
3251 2232 3627 2302 contemplari.

2064 2332 2304 2401 Denique
2330 2338 2506 2386 stante
2532 2328 2777 2399 principe
2820 2327 2876 2383 in
2917 2326 3103 2381 limine
3128 2332 3298 2395 portae
3325 2324 3451 2380 atrii
3488 2322 3628 2378 inte-

2065 2423 2247 2487 rioris,
2266 2421 2451 2476 creteri
2472 2418 2799 2483 sacerdotes,
2819 2416 3015 2488 quibus
3040 2416 3144 2477 hoc
3165 2412 3397 2469 ofﬁcium
3421 2411 3634 2481 delega-

2065 2524 2178 2570 tum
2202 2519 2303 2578 est,
2317 2526 2454 2581 quos
2473 2523 2759 2580 possumus
2781 2506 3077 2577 intelligere
3098 2507 3324 2560 virtutes
3338 2503 3628 2575 angelicas,

2065 2601 2264 2659 facient
2286 2616 2385 2672 pro
2412 2600 2529 2671 ipso
2559 2598 2929 2656 holocaustum
2957 2605 3011 2651 et
3034 2595 3279 2667 paciﬁca.
3324 2594 3633 2670 Indigemus

2065 2693 2209 2748 enim
2238 2690 2607 2747 misericordia
2631 2689 2758 2755 Dei,
2800 2697 2856 2744 et
2895 2687 3072 2745 omnis
3113 2692 3361 2742 creatura
3388 2684 3457 2739 ad
3482 2697 3631 2739 com-

2064 2784 2399 2855 parationem
2444 2780 2705 2838 creatoris
2748 2778 3021 2834 immunda
3062 2785 3148 2833 est
3187 2783 3243 2831 et
3281 2773 3464 2829 divino
3506 2773 3631 2845 igne

2065 2872 2372 2945 purganda,
2417 2886 2525 2942 quo
2565 2878 2619 2925 et
2655 2868 2807 2925 lsaia:
2835 2867 2971 2940 (Isa.
3002 2866 3077 2938 v1)
3107 2865 3381 2937 prophetae
3406 2868 3653 2933 purgata-

2067 2972 2194 3020 sunt
2220 2962 2393 3027 labia,
2433 2970 2495 3017 ut
2522 2967 2808 3031 postquam
2843 2974 2941 3028 per
2968 2956 3296 3013 sacriﬁcium
3327 2968 3515 3024 pacem
3547 2966 3633 3007 re-

2066 3054 2300 3124 ceperit,
2340 3060 2469 3108 tunc
2504 3052 2559 3106 in
2593 3051 2778 3108 limine
2805 3049 3151 3114 constitutus,
3181 3047 3366 3103 adoret
3393 3045 3634 3115 omnipo-

2070 3143 2291 3200 tcntiam
2317 3143 2445 3208 Dei,
2483 3150 2539 3198 et
2574 3156 2635 3197 se
2666 3140 2790 3197 atrii
2827 3139 3099 3195 interioris
3134 3139 3378 3209 ingressu
3405 3135 3636 3219 fateatur

2070 3235 2347 3306 indignum
2384 3242 2440 3288 et
2476 3232 2658 3287 statim
2696 3231 3048 3301 ingrediatur.
3097 3229 3388 3299 Postquam
3417 3235 3631 3291 autem,

2067 3326 2158 3395 qui
2187 3325 2393 3394 primus
2419 3332 2505 3389 est
2531 3322 2692 3395 fuerit
2720 3337 2989 3395 egressus,
3021 3336 3125 3376 non
3153 3321 3434 3375 claudetur
3463 3333 3632 3389 usque

2040 3412 2045 3416 ’
2069 3386 2138 3470 ad
2161 3386 2445 3483 vesperam
2475 3386 2840 3482 hujus‘saccvuli
2869 3386 2985 3480 ipsa
3006 3416 3160 3479 porta
3188 3408 3462 3463 interioris
3490 3386 3633 3473 atrii,

2069 3504 2165 3560 sed
2206 3512 2393 3573 aperta
2430 3502 2574 3567 erit,
2621 3508 2683 3555 ut
2724 3499 2952 3570 populus
2992 3513 3204 3568 quoque
3246 3506 3401 3553 terra:
3449 3498 3519 3551 sit
3567 3498 3635 3551 ad

2069 3593 2265 3649 ostium
2288 3632 2303 3658 ,
2348 3600 2405 3648 et
2436 3591 2622 3646 adoret
2647 3590 2714 3646 ad
2740 3604 2865 3645 eum
2897 3608 2909 3642 :
2935 3604 3273 3659 nequaquam
3326 3587 3470 3643 omni
3501 3596 3636 3643 tem-

2070 3698 2233 3754 pore,
2257 3683 2351 3738 sed
2391 3682 2604 3752 quando
2633 3680 2961 3752 requieverit
2985 3695 3016 3733 a
3044 3679 3304 3750 peccatis,
3335 3685 3410 3744 et,
3439 3676 3640 3746 fugatis

2072 3772 2331 3838 tenebris,
2360 3771 2485 3828 ﬁdei
2511 3780 2566 3826 et
2591 3770 2830 3826 scientia:
2856 3769 3036 3824 lumen
3062 3768 3351 3839 acceperit.
3401 3766 3515 3822 Hoc
3542 3783 3639 3821 au-

2073 3874 2180 3921 tem
2210 3865 2382 3935 ipsum
2413 3863 2786 3918 holocaustum
2809 3900 2825 3927 ,
2872 3861 3014 3931 quod
3058 3859 3216 3915 oli'ert
3260 3859 3509 3930 princeps
3541 3874 3640 3928 per

2073 3954 2380 4011 sacerdotes
2417 3952 2472 4007 in
2506 3952 2595 4006 die
2637 3950 2866 4016 sabbati,
2889 3965 2984 4005 sex
3029 3964 3289 4022 agnorum
3324 3950 3640 4005 immacula-

2072 4055 2248 4103 torum
2276 4059 2499 4099 numero
2525 4043 2882 4099 terminatur:
2912 4057 3012 4114 pro
3036 4056 3131 4098 sex
3156 4041 3404 4097 videlicet
3428 4041 3639 4108 diebus,

2073 4137 2128 4192 in
2170 4134 2365 4206 quibus
2394 4144 2693 4204 ,Operamur
2730 4132 2790 4193 in
2832 4133 3071 4189 mundo:
3109 4141 3163 4189 et
3193 4132 3416 4188 arietem
3449 4131 3640 4186 imma-

2075 4224 2331 4287 culatum,
2356 4222 2445 4292 qui
2476 4222 2727 4293 princeps
2752 4222 2930 4295 gregis
2956 4231 3059 4287 est,
3088 4222 3164 4276 ita
3192 4229 3250 4275 ut
3278 4236 3374 4290 per
3400 4222 3642 4292 singulos

2075 4314 2272 4368 arietes
2293 4310 2548 4367 offeratur
2569 4312 2621 4366 in
2647 4311 2912 4367 sacriﬁcio
2935 4311 3079 4380 ephi,
3097 4311 3149 4365 id
3171 4318 3270 4377 est,
3290 4311 3494 4366 decima
3516 4326 3641 4380 pars

2074 4403 2297 4460 corisln
2325 4418 2582 4473 agnorum
2604 4412 2781 4457 autem
2808 4417 2902 4457 sex
2928 4400 3190 4455 sacriﬁcio
3215 4409 3360 4455 certa
3389 4415 3640 4455 mensura

2077 4508 2182 4545 nou
2222 4491 2460 4562 ponitur,
2488 4511 2505 4543 ι
2536 4491 2628 4546 sed
2672 4498 3157 4559 quantumcumque
3197 4487 3408 4543 dederit
3451 4504 3644 4543 manus

2080 4584 2214 4655 ejus,
2248 4604 2265 4638 ι
2301 4584 2390 4653 qui
2421 4582 2600 4647 offert,
2635 4582 2739 4636 hoc
2766 4589 2867 4644 est,
2897 4592 2993 4649 pro
3024 4593 3246 4650 operum
3273 4579 3533 4649 qualitate
3559 4588 3641 4633 at-

2082 4688 2187 4743 que
2206 4686 2486 4727 mensura:
2510 4669 2612 4724 olei
2637 4679 2815 4723 autem
2835 4668 2929 4723 hin
2949 4666 3136 4723 efferet
3155 4683 3252 4738 per
3271 4668 3478 4739 singula
3497 4669 3643 4739 ephi,

2084 4763 2189 4817 hoc
2216 4768 2299 4816 est
2324 4760 2500 4814 oleum
2552 4756 2694 4828 quod
2722 4756 2826 4812 sibi
2850 4756 3084 4827 quinque
3110 4757 3341 4828 virgines
3370 4772 3644 4827 praepara-

2084 4857 2304 4915 verunt,
2339 4859 2398 4903 ut
2427 4856 2592 4919 ungat
2616 4846 2846 4902 similam
2873 4846 2986 4900 sive
3013 4847 3381 4914 commisceat,
3394 4857 3449 4902 et
3467 4849 3646 4902 omnis

2081 4938 2280 4995 oblatio
2306 4936 2400 4992 Dei
2428 4935 2582 5006 plena
2611 4934 2682 4989 sit
2706 4932 2906 4989 lumine
2935 4934 3200 4998 veritatis,
3232 4942 3288 4988 et
3313 4933 3647 4989 exhilaretur

2083 5024 2247 5080 facies
2269 5022 2543 5079 oﬁ‘erentis
2581 5021 2778 5077 oleum.
2814 5020 2913 5075 Die
2935 5009 3113 5076 autem
3145 5020 3525 5085 Kalendarum,
3544 5022 3647 5075 hoc

2081 5122 2194 5180 est,
2240 5113 2327 5169 die
2366 5112 2673 5177 tricesimo,
2717 5111 2932 5181 quando
2967 5109 3320 5181 primogenita
3358 5117 3414 5165 et
3448 5108 3647 5163 Levitis

2082 5211 2433 5259 numerantur
2459 5204 2512 5257 in
2540 5202 2676 5273 lege,
2699 5209 2897 5272 prmter
2918 5216 3132 5257 omnem
3157 5199 3339 5265 lsrael,
3367 5200 3431 5254 de
3454 5198 3648 5275 quibus

2080 5309 2244 5364 supra
2270 5294 2521 5359 diximus,
2562 5292 2785 5348 offertur
2807 5291 3006 5346 vitulus
3033 5292 3097 5344 de
3123 5296 3363 5344 armento
3390 5288 3649 5341 immacu-

2081 5382 2258 5449 latus,
2308 5398 2469 5453 super
2503 5398 2610 5454 quo
2645 5382 2854 5455 plenius
2888 5382 2943 5436 in
2979 5379 3147 5452 priori
3191 5375 3424 5447 capitulo
3471 5375 3645 5431 disse-

2085 5477 2291 5531 ruimus
2315 5493 2329 5530 :
2352 5485 2413 5533 et
2444 5476 2567 5548 agni
2593 5492 2685 5531 sex
2708 5484 2763 5530 et
2781 5476 2979 5530 arietes
3004 5469 3349 5535 immaculati,
3370 5475 3426 5544 et
3450 5474 3649 5522 caetera

2084 5580 2203 5636 qum
2255 5565 2549 5622 offeruntur
2597 5566 2650 5621 in
2702 5564 2940 5622 sabbatis
2990 5568 3050 5615 ut
3098 5568 3355 5615 aeternam
3402 5557 3646 5627 requiem

2085 5672 2494 5731 consequamur,
2531 5667 2587 5714 et
2619 5672 2921 5713 mereamur
2947 5654 3172 5709 audire:
3204 5670 3225 5703 ι
3255 5650 3403 5722 Euge
3425 5690 3441 5716 ,
3490 5664 3646 5705 serve

2082 5747 2239 5818 bene,
2258 5751 2383 5821 quia
2407 5751 2460 5806 in
2484 5749 2671 5821 paucis
2698 5746 2866 5803 ﬁdelis
2887 5743 3054 5814 fuisti,
3070 5756 3231 5815 super
3250 5740 3415 5798 multa
3441 5748 3493 5797 te
3515 5754 3625 5795 con.
