4028 6196
476 397 613 454 1045

1111 389 1169 443 Β.
1215 386 1466 442 RABANI
1505 384 1724 442 MAURI
1762 385 2081 442 ARCHIEP.
2124 389 2436 447 MOGUNT.
2479 389 2766 468 OPERUM
2808 393 2986 449 PARS
3021 395 3084 448 ll.

3596 400 3724 455 ΙΟΗ

471 507 713 572 nstituam,
739 504 878 558 intra
906 502 961 569 in
988 500 1225 570 requiem
1253 498 1452 553 domini
1480 499 1554 552 tui
1585 496 1798 568 (Matth.
1827 496 1986 568 xxv);
2018 515 2036 548 ι
2070 505 2122 563 Α
2149 497 2367 571 (Philip.
2392 499 2496 572 ut).
2530 521 2550 554 ι
2609 501 2914 572 Statimque
2943 503 3098 573 quasi
3137 503 3413 574 perfectus
3449 505 3726 577 loquitur:

473 605 532 655 ct
560 612 665 652 non
695 595 864 651 solum
895 593 961 646 ad
989 599 1201 661 portam
1247 588 1522 644 interioris
1564 587 1687 642 atrii
1726 588 2044 658 pervenire,

474 690 571 746 sed
597 689 760 743 etiam
795 683 1093 754 penetralia
1123 682 1239 752 eius
1273 681 1474 735 intrare
1511 679 1780 750 possimus
1824 685 1876 732 et
1919 678 2048 733 illud

473 795 635 852 opere
659 778 957 850 possidere,
987 794 1005 826 ‹
1035 774 1267 829 Plantati
1290 774 1344 827 in
1372 773 1529 827 domo
1553 771 1789 836 Domini,
1816 772 1867 825 in
1895 772 2050 826 atriis

473 873 662 926 domus
688 869 786 923 Dei
811 867 982 923 nostri
1004 865 1274 922 ﬂorebunt
1297 867 1465 934 (Prol.
1486 865 1608 935 rei).
1625 881 1641 914 ι

548 980 568 1012 ‹
591 961 832 1029 Cumque
852 959 1198 1030 ingressurus
1215 964 1299 1009 cst
1311 955 1578 1025 princeps,
1605 969 1700 1023 per
1720 954 1865 1006 viam
1887 954 2048 1008 vesti-

471 1072 489 1104 ε
531 1051 641 1106 buli
669 1060 841 1121 porta:
869 1045 1204 1120 ingrediatur
1231 1056 1286 1102 ct
1313 1062 1409 1116 per
1432 1047 1676 1101 eamdem
1704 1045 1842 1099 viam
1869 1054 2043 1100 exeat.

469 1162 487 1196 ι
529 1142 742 1198 Etcum
766 1141 991 1197 intrabit
1012 1139 1238 1211 populus
1265 1147 1422 1192 teme
1442 1137 1496 1191 in
1523 1147 1814 1206 conspectu
1837 1135 2048 1191 Domini

469 1253 488 1286 ι
530 1233 582 1288 in
611 1231 1062 1298 solemnitatibus,
1085 1230 1176 1300 qui
1204 1229 1502 1300 ingreditur
1523 1242 1622 1298 per
1643 1237 1852 1297 portam
1881 1226 2048 1296 Aqui-

470 1343 488 1375 α
525 1324 664 1379 lonis
698 1330 758 1376 ut
784 1323 972 1378 adoret
996 1361 1010 1388 ,
1055 1319 1363 1392 egrediatur
1391 1333 1487 1389 per
1513 1317 1654 1371 viam
1691 1303 1861 1386 porta:
1887 1317 2049 1370 meri-

472 1435 488 1466 ι
528 1415 719 1470 dianae.
734 1415 802 1469 Et
821 1414 912 1483 qui
936 1411 1235 1484 ingreditur
1253 1425 1350 1481 per
1369 1410 1508 1463 viam
1531 1416 1698 1478 porta:
1717 1407 2044 1472 meridianae,

473 1525 490 1556 ε
528 1505 834 1575 egrediatur
861 1519 959 1572 per
988 1503 1129 1556 viant
1157 1509 1327 1570 porta:
1355 1497 1782 1568 Aquilonis.Non
1813 1505 2048 1552 reverta-

473 1615 491 1645 «
527 1603 615 1648 ιιιι·
641 1610 738 1665 per
765 1595 909 1648 viam
945 1602 1145 1662 portae,
1188 1606 1286 1659 per
1313 1605 1474 1660 quam
1505 1589 1780 1659 ingressus
1807 1596 1922 1651 est,
1953 1588 2047 1642 sed

472 1703 493 1737 ι
526 1701 556 1741 e
581 1685 802 1755 regione
830 1683 974 1738 illius
1002 1682 1330 1753 egredietur.
1363 1679 1620 1748 Princeps
1647 1688 1824 1733 autem
1855 1679 1908 1732 in
1935 1695 2048 1732 me-

472 1795 491 1830 ‹
525 1776 612 1833 dio
657 1791 848 1842 eorum
887 1792 900 1828 :
943 1788 1065 1828 cum
1117 1770 1546 1842 ingredientibus
1595 1770 1943 1840 ingredietur,
1992 1777 2047 1822 et

2159 607 2177 639 ι
2210 589 2384 645 Unum
2411 599 2592 646 autem
2620 593 2981 661 posteriorum
3009 593 3352 660 obliviscens,
3393 596 3460 650 ad
3497 613 3561 652 ea
3613 615 3730 668 quae

2150 681 2201 734 in
2230 681 2408 752 priora
2443 691 2570 736 sunt
2597 697 2682 737 me
2707 683 3024 747 extendens,
3056 682 3212 751 iuxta
3242 687 3581 755 propositum
3609 702 3731 758 per-

2149 785 2347 839 sequor
2382 773 2448 826 ad
2487 771 2732 827 bravium
2793 787 3043 843 superna:
3095 775 3432 830 vocationis:
3467 787 3730 849 quotquot

2147 875 2279 932 ergo
2305 860 2529 931 perfecti
2568 863 2672 916 hoc
2701 862 2938 931 sapimus
2963 860 3171 932 (Ibid)
3202 881 3222 915 ι
3278 863 3558 929 Quomodo
3585 867 3727 922 enim

2146 963 2325 1023 potest
2352 965 2496 1010 stare
2525 956 2824 1020 sententia,
2866 963 2927 1011 ut
2953 956 3045 1027 qui
3075 955 3288 1011 dixerat
3320 973 3425 1012 non
3464 961 3591 1028 quia
3617 959 3726 1027 iam

2149 1044 2351 1114 accepi,
2389 1053 2482 1099 aut
2509 1047 2633 1114 quia
2658 1045 2770 1114 iam
2800 1047 3072 1116 perfectus
3131 1049 3260 1113 sim,
3283 1049 3481 1104 audeat
3509 1052 3724 1107 dicere-

2149 1133 2423 1206 Quotquot
2449 1149 2578 1208 ergo
2609 1135 2832 1206 perfecti
2860 1137 2962 1193 hoc
2989 1138 3262 1207 sapimus?
3281 1139 3361 1195 Ex
3387 1154 3494 1209 quo
3521 1143 3726 1212 perspi-

2148 1243 2307 1283 cuum
2334 1238 2415 1284 est
2444 1245 2656 1286 omnem
2687 1231 2956 1287 hominem
2985 1240 3040 1287 et
3065 1233 3372 1289 universam
3397 1244 3722 1299 creaturam,

2128 1312 2396 1390 quamvis
2445 1321 2512 1376 ad
2559 1321 2946 1391 perfectionem
2994 1325 3238 1390 venerit,
3275 1332 3456 1380 tamen
3489 1324 3725 1396 indigere

2149 1415 2517 1474 misericordia
2543 1418 2640 1472 Dei
2683 1427 2739 1473 et
2777 1419 2987 1488 plenam
3019 1417 3404 1488 perfectionem
3432 1433 3500 1473 ex
3530 1419 3721 1489 gratia,

2149 1523 2255 1562 non
2289 1525 2356 1564 ex
2395 1511 2590 1565 merito
2622 1513 2918 1582 possidere.
2973 1511 3290 1582 Prmcipitur
3317 1513 3498 1583 itaque
3531 1512 3723 1582 populo

2150 1608 2340 1666 terra},
2373 1619 2391 1652 ι
2423 1610 2488 1656 ut
2532 1603 2576 1656 si
2627 1603 2926 1674 ingreditur
2963 1618 3061 1672 per
3101 1613 3314 1672 portam
3338 1603 3625 1673 Aquilonis
3668 1614 3723 1657 ut

2150 1691 2356 1758 adoret,
2380 1694 2691 1774 egrediatur
2713 1709 2809 1764 per
2832 1695 2971 1774 viam
2998 1702 3166 1774 porta:
3190 1695 3520 1764 meridianae.
3545 1713 3564 1745 ι
3595 1694 3723 1762 Quis

2149 1790 2232 1836 est
2259 1782 2359 1835 iste
2385 1773 2630 1852 populus,
2677 1784 2764 1838 cui
2793 1764 2894 1838 hoc
2921 1764 3272 1854 praecipitur?
3314 1781 3519 1853 Nempe
3548 1785 3719 1856 genti-

469 1885 490 1920 l
523 1882 646 1923 cum
671 1865 1070 1936 egredientibus
1096 1863 1421 1934 egredietur.
1459 1862 1526 1916 Et
1553 1861 1608 1915 in
1634 1860 1884 1914 nundinis
1910 1869 1963 1914 et
1990 1859 2042 1914 in
2073 1857 2118 1916 Β
2148 1869 2296 1936 lium,
2338 1881 2397 1926 ut
2432 1873 2522 1940 qui
2556 1873 2932 1943 derelinquens
2969 1884 3181 1944 portam
3207 1873 3515 1943 Aquilonis,
3551 1891 3582 1928 a
3617 1890 3720 1943 quo

471 1977 490 2009 ι
523 1956 955 2014 solemnitatibus
985 1955 1089 2009 erit
1114 1952 1441 2008 sacrificium
1465 1951 1589 2020 ephi
1611 1965 1709 2020 per
1736 1949 1962 2003 vitulum
1991 1959 2046 2004 et

474 2070 492 2102 ι
525 2049 648 2121 ephi
681 2063 778 2120 per
803 2048 1045 2103 arietem.
1093 2046 1150 2102 In
1187 2045 1342 2116 agnis
1373 2053 1552 2099 autem
1586 2044 1690 2097 erit
1719 2043 2043 2097 sacrificium

426 2128 434 2136 ’
471 2161 490 2193 ι
524 2141 664 2196 sicut
691 2140 958 2195 invenerit
987 2154 1178 2192 manus
1205 2139 1342 2208 eius,
1361 2146 1416 2190 et
1449 2136 1552 2190 olei
1587 2135 1679 2189 bin
1713 2150 1810 2203 per
1839 2135 2043 2204 singula

474 2251 490 2280 ο
523 2232 668 2303 ephi.
701 2251 720 2284 ι
775 2231 1034 2301 Princeps
1067 2229 1185 2293 ille,
1231 2229 1298 2283 de
1337 2244 1444 2298 quo
1479 2243 1641 2298 supra
1668 2229 1880 2283 dictum
1920 2236 2002 2284 est
2025 2271 2039 2295 ,

474 2341 492 2372 ι
524 2322 594 2378 Et
620 2321 844 2377 intrabit
884 2320 1134 2390 princeps
1174 2335 1272 2388 per
1298 2319 1438 2373 viam
1472 2318 1721 2374 vestibuli
1752 2330 1920 2390 porta:
1947 2319 2041 2374 de-

462 2412 636 2468 foris:
664 2427 762 2482 per
789 2411 1033 2467 eamdem
1073 2419 1282 2479 portam
1317 2409 1655 2481 ingrediatur
1685 2420 1742 2464 et
1775 2424 1871 2478 per
1899 2425 2044 2464 eam—

463 2504 589 2560 dem
617 2503 956 2574 egrediatur;
990 2504 1012 2555 ί
1052 2501 1206 2557 liberi
1238 2501 1381 2556 enim
1429 2501 1637 2556 arbitrii
1677 2510 1796 2566 est,
1846 2510 1902 2556 et
1944 2517 2040 2571 [.0-

465 2604 717 2650 testatem
760 2593 924 2648 habet
951 2591 1185 2664 ponendi
1215 2591 1449 2645 animam
1482 2607 1634 2646 suam
1663 2589 1844 2663 (Joan.
1876 2590 1956 2663 x),
1990 2600 2044 2647 et

462 2696 679 2737 rursum
713 2681 1023 2737 resumendi
1070 2695 1230 2745 eam,
1284 2688 1340 2733 et
1389 2689 1498 2733 tam
1540 2679 1606 2735 ad
1656 2695 1754 2736 nos
1799 2680 2040 2746 veniens,

462 2787 626 2844 quam
653 2773 719 2827 ad
733 2771 976 2827 cmlestia
991 2773 1379 2837 conscendens,
1403 2771 1590 2826 eadem
1616 2768 1913 2839 maiestatis
1935 2787 2045 2826 suae

461 2863 636 2917 utitur
660 2862 943 2928 libertate,
979 2862 1212 2930 denique
1240 2877 1345 2917 non
1375 2862 1569 2932 quaerit
1606 2862 1906 2928 nundinas,
1944 2877 2045 2917 nec

462 2953 865 3019 solemnitates,
900 2968 1002 3008 nec
1035 2952 1394 3008 differentiam
1436 2951 1600 3006 ullam
1641 2953 1892 3007 observat
1932 2953 2045 3008 die-

462 3061 585 3101 rum
609 3085 624 3110 ,
672 3045 799 3115 quia
837 3058 995 3098 omne
1036 3051 1247 3112 tempus
1277 3043 1326 3096 ei
1356 3041 1620 3098 festivitas
1657 3049 1759 3096 est.
1810 3042 2045 3114 Populus

462 3150 644 3196 autem
672 3140 726 3194 in
758 3139 1011 3194 nundinis
1041 3145 1248 3191 tantum
1294 3145 1348 3191 et
1386 3136 1440 3189 in
1483 3135 1914 3192 solemnitatibus
1960 3135 2042 3190 in-

463 3233 704 3304 greditur
742 3240 795 3288 et
819 3231 1107 3303 egreditur,
1134 3239 1188 3285 et
1222 3246 1328 3284 non
1357 3246 1452 3300 per
1477 3231 1720 3284 eamdem
1750 3231 1915 3294 viam,
1943 3230 2038 3285 sed
2067 3202 2111 3262 Ο

461 3341 561 3399 per
583 3325 809 3381 alteram
835 3334 996 3393 atque
1024 3323 1249 3391 alteram
1287 3344 1300 3375 ;
1335 3323 1592 3391 scriptum
1623 3331 1707 3377 est
1733 3322 1906 3376 enim:
1932 3341 1949 3373 ι
1974 3321 2042 3375 Et

462 3433 586 3473 cum
617 3417 840 3471 intrabit
874 3415 1105 3486 populus
1134 3414 1382 3468 terric'in
1415 3421 1705 3482 conspectu
1737 3413 1947 3467 Domini
1986 3413 2042 3466 in

463 3507 917 3570 solemnitatibus,
943 3506 1032 3574 qui
1066 3504 1364 3575 ingreditur
1388 3519 1484 3572 per
1508 3513 1720 3572 portam
1762 3502 2042 3573 Aquilonis

469 3608 528 3654 ut
550 3600 756 3663 adoret,
787 3597 1095 3669 egrediatur
1120 3611 1219 3666 per
1243 3595 1386 3650 viam
1409 3604 1578 3664 porta:
1594 3594 1929 3660 meridianze;
1953 3594 2045 3664 ﬁet

464 3689 556 3759 qui
589 3688 892 3759 ingreditur
918 3701 1014 3756 per
1043 3685 1182 3740 viam
1212 3693 1382 3754 porta:
1421 3683 1762 3751 meridianae,
1795 3685 2040 3755 egredia-

466 3792 555 3834 tur
587 3794 686 3850 per
715 3779 869 3834 viam
900 3785 1070 3849 porta:
1096 3776 1399 3847 Aquilonis,
1449 3791 1557 3831 non
1605 3785 1906 3832 revertetur
1947 3792 2045 3846 per

467 3870 609 3923 viam
637 3879 809 3938 porta:
836 3883 932 3938 per
960 3883 1122 3938 quam
1153 3868 1426 3938 ingressus
1451 3875 1555 3932 est,
1610 3868 1703 3923 sed
1747 3883 1777 3922 e
1820 3869 2043 3940 regione

471 3960 612 4014 illius
642 3959 968 4029 egredietur.
1023 3957 1177 4024 Quod
1217 3972 1324 4012 non
1355 3957 1528 4012 solum
1576 3957 1661 4012 his
1707 3957 2040 4028 przecipitur,

465 4051 559 4120 qui
603 4049 953 4120 egrediuntur
996 4048 1062 4102 de
1111 4046 1394 4113 Sodomis,
1444 4057 1500 4102 et
1546 4048 1744 4102 dicitur
1776 4048 1888 4112 eis,
1923 4065 1942 4098 ‹
1977 4063 2044 4102 ne

468 4138 728 4208 respicias
780 4144 1075 4191 retrorsum
1109 4136 1260 4206 (Cen.
1303 4137 1452 4208 xrx),
1486 4155 1504 4188 ι
1560 4152 1734 4206 neque
1789 4137 1893 4192 illis
1951 4137 2042 4206 qui

467 4246 689 4286 manum
724 4229 944 4284 mittunt
977 4227 1042 4282 ad
1072 4235 1342 4292 aratrum,
1392 4236 1450 4281 ut
1493 4244 1596 4282 non
1644 4229 1933 4297 respiciant
1979 4243 2041 4282 ea

467 4337 588 4391 quae
614 4327 736 4391 post
766 4328 973 4389 tergum
1008 4327 1153 4383 sunt,
1191 4317 1286 4372 sed
1317 4317 1369 4370 in
1400 4317 1558 4371 domo
1587 4333 1799 4388 quoque
1831 4319 2040 4373 Domini

466 4409 775 4467 constitutis
790 4408 1027 4477 iubetur,
1051 4421 1116 4462 ne
1137 4416 1261 4476 post
1283 4415 1428 4478 terga
1451 4407 1762 4476 respiciant,
1788 4417 1842 4462 et
1866 4422 2042 4463 rever-

471 4511 654 4556 tantur
679 4501 747 4556 ad
775 4515 940 4570 egena
977 4506 1032 4552 et
1059 4499 1271 4552 infirma
1304 4497 1592 4562 elementa,
1633 4505 1688 4552 et
1725 4497 2043 4568 incipientes

424 4605 443 4620 ‘
473 4593 700 4664 spiritu,
740 4605 903 4645 carne
928 4598 1332 4651 consumantur,
1383 4590 1479 4645 sed
1505 4597 1566 4643 ut
1602 4587 1670 4643 de
1715 4587 2047 4658 spiritalibus

472 4697 686 4752 quoque
715 4681 782 4736 ad
809 4679 1008 4750 majora
1037 4679 1332 4749 procedant
1356 4687 1409 4734 et
1435 4679 1617 4734 dicant
1641 4693 1763 4732 cum
1789 4677 2045 4747 Apostolo

471 4773 693 4845 (Philip.
724 4773 804 4844 ll-t)
829 4787 842 4825 :
873 4793 890 4823 ι
922 4771 1323 4827 Prazteritorum
1353 4770 1677 4825 obliviscens
1701 4778 1758 4825 et
1782 4770 1835 4824 in
1863 4770 2044 4840 priora

469 4882 557 4922 me
585 4865 902 4930 extendens,
935 4884 952 4914 ι
987 4872 1043 4918 ut
1073 4878 1410 4934 nequaquam
1440 4877 1502 4916 ex
1537 4870 1689 4931 parte
1717 4872 2044 4932 cognoscant

473 4967 529 5014 et
556 4974 619 5012 ex
659 4964 812 5027 parte
855 4955 1177 5025 prephctent
1228 4953 1279 5026 (Ι
1331 4953 1452 5008 Cor.
1499 4953 1643 5027 xm),
1690 4955 1784 5010 sed
1828 4955 2044 5010 veniant

469 5050 539 5106 ad
570 5047 898 5122 perfectum,
932 5046 1088 5117 juxta
1114 5063 1231 5100 eam
1257 5055 1434 5102 tamen
1460 5047 1863 5116 perfectionem,
1887 5064 2050 5117 quam

473 5151 652 5212 potest
682 5143 874 5210 eapere
901 5139 1133 5192 humana
1162 5148 1353 5192 natura
1373 5180 1386 5204 ,
1429 5150 1487 5194 ut
1528 5139 1890 5210 intelligamus
1922 5141 2051 5196 illud

475 5230 842 5303 evangelicum
870 5248 883 5284 :
913 5248 932 5282 ‹
965 5229 1032 5284 Et
1069 5245 1166 5285 vos
1209 5245 1331 5284 cum
1375 5232 1554 5285 omnia
1584 5229 1824 5288 feceritis
1854 5232 2048 5296 dicite,

479 5325 634 5380 Servi
671 5323 889 5379 inutiles
927 5338 1144 5391 sumus,
1192 5324 1334 5394 quod
1378 5322 1664 5380 debuimus
1692 5324 1874 5380 facere
1915 5325 2048 5381 feci-

473 5430 595 5470 mus
622 5414 772 5486 (Luc.
801 5414 958 5488 xvu).
993 5435 1012 5468 D
1062 5413 1215 5470 Unde
1239 5423 1294 5469 et
1316 5414 1603 5483 Apostolus
1632 5415 1686 5469 in
1712 5417 1901 5471 eadem
1927 5416 2052 5486 Epi-

476 5506 611 5562 stola
647 5507 714 5562 de
750 5507 956 5562 duabus
983 5507 1220 5576 loquitur
1243 5503 1704 5576 perfectionibus;
1752 5508 1908 5578 quasi
1953 5493 2052 5562 im-

479 5597 752 5666 perfectus
798 5598 941 5652 enim
991 5597 1215 5652 scribit:
1263 5614 1280 5647 ι
1325 5594 1442 5650 Non
1481 5597 1604 5664 quia
1639 5596 1751 5666 iam
1782 5597 1966 5669 accepi
1997 5607 2053 5653 et

478 5687 634 5753 quasi
677 5685 788 5753 iam
837 5686 1108 5756 perfectus
1152 5687 1291 5741 sim:
1332 5702 1628 5756 persequor
1651 5697 1828 5744 autem
1871 5689 1915 5744 si
1955 5703 2050 5760 ap-

491 5775 817 5844 prehendam
835 5816 849 5842 ,
879 5778 932 5831 in
963 5793 1068 5847 quo
1095 5788 1150 5832 et
1178 5777 1596 5846 comprehensus
1623 5795 1741 5834 sum
1779 5796 1810 5834 a
1838 5779 2054 5834 Christo

2144 1962 2505 2017 cxardescunt
2546 1963 2686 2016 mala
2735 1977 2897 2032 super
2942 1970 3183 2026 terram,
3238 1964 3520 2034 ingressus
3565 1963 3722 2017 fuerit

2147 2053 2548 2124 templum,nou
2576 2055 2881 2124 egrediatur
2907 2054 3009 2108 nisi
3046 2069 3143 2124 per
3179 2054 3309 2108 riam
3351 2063 3522 2124 porte
3559 2055 3719 2109 meri—

2144 2143 2320 2198 diana:
2354 2145 2420 2200 ad
2457 2152 2671 2214 portam
2705 2145 2956 2210 luminis,
3007 2145 3073 2198 ad
3118 2153 3328 2214 portam
3376 2145 3611 2209 caloris,
3655 2145 3720 2201 ad

2144 2245 2352 2306 portam
2385 2237 2437 2290 in
2471 2252 2575 2306 qua
2619 2251 2849 2306 sponsus
2891 2238 3053 2291 cubat
3093 2235 3147 2289 in
3186 2236 3430 2291 meridie.
3483 2237 3722 2306 Denique

2143 2327 2340 2383 dicitur
2388 2327 2440 2381 in
2493 2328 2681 2382 eodem
2727 2327 2949 2381 Cantico
2997 2326 3332 2380 canticorum
3370 2341 3385 2378 :
3440 2344 3458 2377 ‹
3517 2325 3719 2398 Surge,

2142 2419 2369 2489 Aquilo;
2408 2427 2464 2474 et
2489 2419 2632 2483 veni,
2659 2417 2856 2474 Auster
2879 2417 3055 2489 (Cant.
3085 2417 3181 2487 tv).
3204 2436 3223 2469 ι
3259 2416 3362 2483 Qui
3388 2432 3519 2472 vero
3547 2419 3722 2489 ingre-

2144 2509 2289 2564 ditur
2322 2523 2420 2579 per
2479 2511 2618 2564 viam
2669 2516 2838 2577 portae
2875 2507 3217 2572 meridianze,
3269 2508 3581 2577 egrediatur
3627 2522 3723 2578 per

2143 2602 2284 2656 viam
2313 2610 2482 2670 portaa
2503 2599 2812 2670 Aquilonis;
2845 2599 3091 2669 quisnam
3120 2598 3210 2654 ille
3234 2606 3318 2652 est
3337 2597 3598 2668 populus?
3620 2598 3724 2653 sci-

2143 2690 2269 2745 licet
2284 2689 2610 2756 Judazorum,
2627 2691 2716 2760 qui
2734 2690 3110 2759 derclinQuens
3130 2699 3340 2760 portam
3356 2691 3456 2744 vim
3479 2689 3722 2756 luminis,

2144 2783 2290 2837 vadit
2317 2783 2384 2837 ad
2423 2791 2633 2852 portam
2658 2782 2940 2852 Aquilonis
2975 2783 3040 2837 de
3073 2796 3179 2851 quo
3206 2783 3441 2838 dicitur:
3477 2801 3496 2834 ι
3529 2782 3724 2854 Aquilo

2143 2881 2335 2928 ventus
2363 2873 2686 2927 durissimus
2732 2871 2921 2944 (Eccli.
2961 2871 3146 2940 xuii);
3180 2893 3198 2925 ι
3242 2889 3370 2927 nam
3401 2883 3454 2928 et
3504 2874 3606 2928 olla
3633 2871 3724 2928 Je-

2147 2964 2328 3020 remia:
2356 2979 2384 3018 a
2413 2964 2550 3020 facie
2579 2964 2848 3035 aquilonis
2875 2966 3185 3020 accenditur
3210 2964 3345 3036 (Jer.
3375 2966 3438 3036 ι).
3471 2957 3725 3022 Dicamus

2145 3063 2200 3110 et
2226 3054 2402 3109 aliter.
2436 3053 2787 3132 Pegportam
2815 3054 3096 3126 Aquilonis
3126 3056 3443 3127 ingreditur,
3471 3057 3564 3126 qui
3592 3073 3723 3128 pec-

2147 3152 2267 3198 cata
2297 3142 2519 3198 dimittit
2543 3161 2555 3196 :
2586 3151 2642 3198 et
2670 3143 2944 3214 egreditur
2973 3158 3068 3214 per
3094 3153 3306 3213 portam
3335 3144 3722 3209 meridianam,

2143 3235 2233 3303 qui
2260 3233 2486 3288 virtutes
2515 3234 2780 3304 sequitur.
2830 3234 2872 3288 Ε
2909 3235 3202 3298 contrario,
3247 3233 3295 3288 si
3328 3234 3508 3303 justus
3544 3234 3728 3304 lapsus

2142 3323 2307 3380 fuerit
2355 3325 2409 3379 in
2456 3325 2722 3395 peccatis,
2772 3325 3071 3396 ingreditur
3116 3323 3334 3395 quidem
3375 3341 3473 3395 per
3513 3335 3724 3396 portam

2141 3413 2520 3480 meridianam,
2543 3413 2638 3469 sed
2650 3414 2926 3485 egreditur
2946 3429 3042 3484 per
3063 3414 3202 3468 viam
3226 3421 3394 3484 portae
3416 3415 3722 3484 Aquilonis.

2148 3520 2167 3554 ι
2199 3501 2458 3573 Princeps
2492 3511 2706 3570 autem,
2749 3504 2953 3574 inquit,
2995 3505 3049 3558 in
3084 3505 3262 3560 medio
3294 3520 3481 3560 eorum
3522 3507 3630 3561 erit
3651 3547 3666 3570 ,
3700 3527 3718 3558 ο

2143 3591 2560 3663 ingredientium
2589 3593 2796 3649 scilicet
2833 3602 2888 3649 et
2924 3595 3310 3664 egredientium
3333 3636 3348 3661 ,
3391 3595 3546 3664 iuxta
3596 3596 3724 3652 illud

2143 3683 2284 3752 quod
2312 3684 2571 3753 scriptum
2597 3692 2716 3738 est:
2753 3702 2770 3734 ι
2804 3683 3009 3739 Medius
3051 3686 3192 3740 inter
3229 3701 3323 3741 vos
3365 3694 3512 3750 stat,
3533 3701 3721 3759 \quem

2143 3788 2238 3828 vos
2261 3767 2520 3844 ignoratis
2538 3771 2718 3842 (Joan.
2745 3771 2808 3845 1).
2841 3792 2860 3826 ι
2889 3772 3254 3842 EtApostolus
3278 3793 3290 3828 :
3315 3797 3334 3826 ι
3363 3775 3446 3829 An
3464 3776 3724 3846 ignoratis

2143 3862 2396 3932 quoniam
2425 3860 2673 3918 Christus
2711 3862 2766 3916 in
2800 3863 2951 3919 vobis
2985 3873 3067 3920 est
3093 3863 3177 3935 (II
3201 3863 3323 3919 Cor.
3353 3867 3520 3934 xm)?
3551 3885 3570 3916 ι
3628 3866 3720 3920 Sin

2144 3964 2324 4008 autem
2361 3954 2734 4023 ignorantibus
2779 3954 2996 4021 dicitur,
3047 3955 3191 4025 quod
3223 3955 3430 4010 medius
3463 3955 3604 4010 inter
3631 3971 3726 4011 eos

2143 4045 2295 4099 stetit
2319 4044 2588 4111 Christus,
2636 4054 2838 4115 quanto
2869 4049 3043 4118 magis
3073 4048 3400 4102 scientibus!
3456 4047 3564 4104 Sed
3601 4065 3722 4104 cum

2144 4135 2287 4190 inter
2308 4137 2541 4192 scientes
2560 4136 2810 4194 Christus
2833 4139 3061 4206 steterit,
3085 4148 3214 4194 tunc
3234 4155 3431 4210 corpus
3453 4151 3724 4196 mortuum

2144 4225 2238 4281 fiet
2278 4236 2500 4297 propter
2538 4237 2820 4297 peccatum
2844 4268 2860 4294 ,
2909 4238 2965 4284 et
3005 4231 3228 4299 spiritus
3271 4232 3461 4286 vivens
3501 4240 3724 4302 propter

2137 4315 2422 4386 iustitiam.
2458 4315 2758 4386 Ingreditur
2784 4328 2964 4373 autem
2995 4319 3246 4390 princeps
3271 4336 3392 4375 cum
3420 4317 3726 4390 ingredien-

2144 4405 2316 4470 tibus,
2356 4413 2413 4460 et
2438 4405 2710 4475 egreditur
2734 4421 2856 4461 cum
2887 4408 3318 4478 egredientibus,
3367 4418 3719 4478 utrorumque

2148 4496 2363 4551 virtutis
2401 4505 2563 4566 atque
2614 4497 2822 4567 peccati
2860 4499 3012 4552 testis
3044 4499 3324 4554 assistens.
3375 4499 3432 4554 In
3472 4501 3728 4556 nundinis

2152 4600 2283 4656 ergo
2321 4595 2378 4639 et
2416 4585 2469 4640 in
2514 4585 2965 4652 solemnitatibus,
3014 4587 3358 4644 sabbatorum
3384 4589 3634 4645 videlicet
3673 4599 3730 4645 et

2153 4673 2544 4740 Kalendarum,
2575 4683 2629 4729 et
2663 4677 2927 4731 universa:
2957 4675 3281 4747 festivitatis,
3313 4678 3380 4732 de
3407 4694 3512 4748 qua
3542 4679 3596 4732 in
3633 4695 3729 4734 an-

2153 4767 2444 4822 terioribus
2485 4766 2646 4821 locuti
2692 4781 2901 4831 sumus,
2957 4775 3066 4820 tam
3108 4768 3162 4822 in
3213 4767 3414 4832 vitulo,
3462 4784 3627 4838 quam
3673 4769 3726 4824 in

2154 4857 2322 4911 ariete
2360 4856 2568 4928 singula
2593 4857 2721 4928 epbi
2748 4857 3048 4913 offeruntur
3076 4859 3130 4912 in
3159 4859 3443 4914 sacrificio.
3478 4860 3536 4914 ln
3576 4863 3727 4931 agnis

2153 4966 2281 5006 vero
2307 4965 2412 5004 non
2443 4951 2550 5005 erit
2575 4958 2758 5006 certus
2789 4967 3068 5016 numerus,
3109 4965 3208 5008 nec
3234 4952 3500 5006 voluntati
3538 4955 3726 5008 dimis-

2153 5057 2270 5098 sum
2299 5042 2582 5096 arbitrium
2599 5082 2614 5108 ,
2645 5041 2736 5097 sed
2761 5042 2968 5097 viribus
2998 5043 3118 5112 quis
3145 5050 3326 5096 utetur
3353 5051 3409 5098 et
3435 5044 3578 5098 bono
3602 5059 3729 5108 cono

2150 5137 2430 5201 scientiae,
2487 5144 2547 5189 ut
2600 5143 2860 5206 quantum
2911 5143 3107 5204 potest,
3143 5149 3249 5189 non
3302 5143 3569 5204 quantum
3616 5135 3727 5188 vult

2150 5227 2342 5283 offerat
2366 5246 2378 5282 :
2401 5235 2457 5281 et
2486 5239 2646 5296 super
2673 5227 2852 5281 omnia
2881 5226 2985 5281 olei
3019 5227 3111 5281 bin
3139 5241 3235 5297 per
3258 5226 3380 5295 epbi
3413 5227 3644 5297 singula,
3670 5236 3728 5279 ut

2153 5329 2386 5392 ungatur
2422 5319 2596 5375 simila
2635 5327 2690 5372 et
2720 5318 2936 5374 lucerna
2968 5319 3292 5373 accendatur
3337 5319 3390 5372 in
3437 5327 3725 5388 conspectu

2153 5410 2392 5477 Domini,
2418 5418 2472 5466 et
2500 5410 2590 5480 qui
2621 5424 2686 5466 eo
2715 5410 2883 5465 utitur
2908 5411 3079 5480 possit
3104 5409 3321 5465 dicere:
3358 5427 3377 5461 ι
3409 5410 3523 5480 Ego
3549 5419 3726 5465 autem

2153 5502 2294 5558 sicut
2316 5501 2456 5556 oliva
2481 5499 2763 5556 fructifera
2791 5501 2843 5554 in
2871 5501 3031 5556 domo
3057 5499 3269 5555 Domini
3294 5499 3469 5572 (Psal.
3495 5500 3592 5574 LI).
3621 5519 3641 5555 ι

2231 5612 2250 5644 ‹
2279 5593 2412 5649 Cum
2439 5601 2616 5648 autem
2639 5592 2828 5650 fecerit
2855 5600 3208 5663 spontaneum
3233 5592 3610 5647 holocaustum
3635 5597 3724 5645 aut

2162 5704 2179 5736 ι
2214 5685 2436 5756 pacifica
2459 5683 2756 5739 voluntaria
2785 5684 3033 5750 Domino,
3061 5685 3331 5754 aperietur
3355 5684 3406 5739 ei
3434 5693 3588 5754 porta
3611 5697 3728 5752 qua

2161 5798 2180 5832 ι
2215 5780 2431 5850 respicit
2461 5780 2528 5836 ad
2555 5779 2842 5848 orientem,
2876 5789 2933 5836 et
2958 5779 3118 5837 faciet
3145 5779 3516 5837 holocaustum
3545 5792 3720 5839 suum,
