4028 6196
335 417 472 473 £045

1265 410 1616 470 COMMENT.
1658 411 1725 467 IN
1765 409 2318 490 EZECHIELEM..——
2353 411 2481 468 LIB.
2524 413 2664 471 XIX.

3463 426 3619 482 I046?

334 549 357 580 ι
387 536 443 584 et
477 524 704 597 paciﬁca
748 538 878 588 sua,
920 523 1060 579 sicut
1088 521 1204 579 ﬁeri
1240 524 1376 579 solet
1401 525 1457 578 in
1483 524 1570 580 die
1598 523 1831 588 sabbati,
1855 531 1910 578 et
1937 525 1987 584 A
2012 521 2172 578 faciet
2208 523 2389 592 illum,
2422 545 2440 579 ι
2471 540 2570 596 per
2597 527 2810 599 singula
2839 529 3088 587 videlicet
3126 547 3319 599 mane,
3360 541 3600 606 quando,

334 637 356 670 ι
387 617 698 685 egredietur
739 615 1129 685 claudeturque
1170 622 1326 684 porta
1362 624 1652 686 postquam
1695 615 1910 672 exierit.

332 725 355 760 ι
390 708 459 763 Et
501 722 698 779 agnum
735 704 1048 760 anniculum
1096 705 1503 761 immaculatum
1551 705 1714 761 faciet
1765 705 1917 762 holo-

331 819 353 851 ‹
387 807 653 854 caustum-
681 797 921 867 quotidie
964 797 1214 857 Domino.
1277 797 1506 868 Semper
1549 811 1710 852 mane
1753 796 1918 862 faciet

333 907 354 940 ι
388 889 540 943 illud.
597 889 665 942 Et
691 887 1017 943 sacrificium
1066 888 1228 951 faciet
1272 903 1434 960 super
1475 905 1542 945 eo
1585 897 1706 945 cata
1733 905 1914 957 mane,

333 997 354 1030 ι
389 993 548 1033 mane
597 987 806 1042 sextam
867 987 1077 1048 partem
1117 980 1262 1049 ephi,
1315 989 1372 1035 et
1419 980 1488 1035 de
1534 979 1654 1036 oleo
1701 983 1917 1038 tertiam

332 1085 354 1120 ‹
387 1076 599 1139 partem
629 1068 744 1130 hin,
778 1075 840 1122 ut
864 1068 1162 1124 misceatur
1190 1068 1402 1144 simila.
1443 1068 1784 1127 Sacriﬁcium
1813 1070 1923 1127 Do-

335 1176 354 1209 r
389 1159 538 1213 mino
582 1157 894 1229 legitimum
928 1155 1058 1229 juge
1109 1168 1271 1228 atque
1318 1169 1685 1233 perpetuum-
1734 1159 1920 1218 Faciet

333 1267 355 1301 ι
391 1265 590 1320 agnum
626 1258 682 1304 et
719 1248 1048 1305 sacriﬁcium
1093 1258 1150 1305 et
1196 1250 1377 1306 oleum
1403 1259 1526 1307 cata
1547 1266 1737 1324 mane,
1761 1268 1919 1327 mane

332 1358 356 1391 α
390 1340 765 1395 holocaustum
792 1340 1206 1409 sempiternum.
1240 1361 1258 1394 ι
1294 1341 1566 1412 (meram)
1595 1341 1696 1399 Ubi
1724 1359 1820 1398 nos
1843 1343 1920 1399 le—

327 1429 510 1500 gimus
554 1429 985 1498 immaculatum,
1033 1439 1088 1486 et
1130 1432 1186 1486 in
1221 1428 1488 1488 Hebraico
1529 1434 1792 1502 scriptum
1836 1442 1920 1488 est

329 1522 554 1574 "tamin.
604 1521 796 1590 Aquila
834 1522 1120 1591 perfectum
1151 1523 1578 1593 interpretatur:
1611 1533 1666 1578 et
1697 1524 1788 1578 ubi
1823 1523 1919 1580 Se-

329 1614 610 1684 ptuaginta
649 1631 865 1680 manaa,
909 1615 1210 1671 Theodoti!)
1247 1618 1587 1690 sacriﬁcium,
1628 1618 1820 1686 Aquila
1865 1627 1920 1673 et

331 1705 714 1775 Symmachus,
741 1707 935 1760 donum
967 1707 1317 1762 transferunt.
1356 1707 1462 1762 Pro
1488 1723 1552 1763 eo
1574 1716 1754 1763 autem
1775 1711 1921 1779 quod

330 1811 434 1851 nos
463 1797 695 1852 diximus
722 1809 1093 1867 spontaneum,
1135 1799 1486 1870 Septuaginta
1522 1801 1821 1872 ὁμολογίαν,
1865 1801 1918 1856 id

331 1898 441 1955 est,
473 1891 845 1961 confessionem
875 1901 1175 1959 verterunt,
1217 1903 1272 1949 et
1299 1910 1395 1966 pro
1423 1897 1664 1976 principe
1691 1885 1916 1953 ducem:
1947 1877 1994 1937 Β

333 1982 441 2037 hoc
481 1982 624 2037 enim
670 1985 786 2037 nasi
833 1984 1124 2054 signiﬁcat.
1185 1987 1375 2042 Adhuc
1414 1979 1594 2043 autem
1633 2005 1815 2044 sermo
1855 1991 1922 2046 de

331 2079 578 2149 principe
601 2087 706 2144 est,
732 2079 800 2136 de
827 2096 934 2150 quo
956 2081 1125 2137 Isaias
1149 2082 1387 2153 loquitur
1411 2102 1424 2137 :
1459 2103 1478 2135 ‹
1511 2084 1650 2140 Ecce
1678 2085 1922 2139 testimo-

331 2169 485 2222 nium
516 2170 570 2223 iu
598 2170 870 2239 gentibus,
904 2171 1026 2227 dedi
1052 2187 1176 2227 eum
1224 2174 1521 2244 principem
1548 2184 1603 2229 et
1627 2185 1923 2245 przrcepto-

335 2275 454 2314 rem
485 2261 536 2314 in
566 2263 815 2332 gentibus
865 2262 1001 2333 (Isa.
1049 2265 1160 2335 ιγ).
1195 2285 1214 2318 ι
1265 2266 1333 2320 Ει
1357 2266 1644 2321 Ezechiel:
1680 2286 1697 2318 ‹
1730 2267 1798 2321 Ει
1822 2282 1923 2337 ego

335 2353 598 2410 Dominus
619 2359 814 2413 ero'eis
838 2359 891 2412 in
915 2358 1084 2413 Deum
1100 2359 1316 2431 (Ezech.
1334 2362 1547 2433 xxxrv).
1571 2381 1590 2413 ι
1625 2363 1691 2416 Et
1715 2364 1880 2417 David
1904 2383 1917 2417 :

341 2463 362 2496 ι
391 2444 650 2516 Princeps
676 2448 730 2501 in
756 2448 934 2504 medio
957 2461 1148 2504 eorum
1171 2449 1439 2521 (Psal.cnv
1472 2453 1516 2507 δ.
1541 2470 1560 2503 ι
1599 2451 1735 2506 Cum
1759 2453 1923 2522 igitur

333 2535 442 2590 iste
468 2536 722 2606 princeps
751 2536 944 2593 fecerit
969 2546 1348 2609 spontaneum,
1377 2549 1433 2593 et
1456 2539 1655 2594 dixerit
1683 2560 1701 2592 ι
1732 2543 1924 2595 volun-

338 2629 508 2692 taria,
558 2631 670 2684 sive
713 2640 1040 2701 spontanee,
1087 2632 1200 2687 oris
1230 2634 1370 2699 mei,
1423 2633 1758 2703 beneplacita
1804 2635 1919 2700 fac,

339 2721 563 2776 Domine
592 2720 764 2792 (Psal.
794 2725 1013 2794 cxvm);
1047 2743 1064 2775 ι
1129 2723 1495 2792 Spontaneum
1541 2735 1720 2779 autem
1771 2727 1924 2781 holo-

336 2818 610 2875 caustum,
645 2819 703 2864 ut
729 2819 903 2865 totum
932 2827 992 2866 se
1018 2812 1210 2868 offerat
1237 2812 1369 2879 Deo,
1399 2821 1450 2867 et
1481 2813 1704 2882 paciﬁca
1735 2814 1923 2868 volun-

339 2902 509 2965 taria,
559 2903 702 2970 quod
757 2903 807 2956 in
859 2904 1131 2972 prioribus
1161 2902 1266 2960 nun
1301 2906 1597 2960 invenitur.
1647 2905 1919 2976 Scriptum

336 3000 426 3048 est
452 2993 593 3048 enim
621 3007 634 3046 :
667 3011 685 3042 ι
718 2992 783 3046 Ει
822 2992 1021 3048 facient
1060 2995 1368 3050 sacerdotes
1404 2995 1776 3050 holocaustum
1807 2995 1923 3062 ejus

337 3092 394 3138 ct
440 3085 663 3153 paciﬁca
708 3083 844 3152 ejus,
877 3105 894 3136 ι
949 3093 1005 3138 et
1037 3085 1104 3141 de
1131 3086 1445 3155 spontaneis
1474 3102 1539 3141 ac
1567 3087 1884 3141 voluntariis
1905 3127 1920 3152 ,

339 3175 535 3243 quibus
553 3189 694 3228 nunc
718 3175 915 3229 dicitur
940 3177 1161 3231 omnino
1190 3177 1469 3242 reticetur,
1517 3184 1576 3229 ut
1601 3193 1706 3231 non
1726 3192 1918 3232 neces-

2012 625 2132 677 orto
2159 617 2448 684 sole,lucis
2484 621 2766 675 exordium
2805 630 2927 688 est,
2975 624 3041 678 de
3079 639 3188 694 quo
3231 641 3391 683 mane
3432 628 3602 686 David

2013 707 2250 779 loquitur
2276 711 2329 765 in
2359 712 2568 781 psalmo
2595 730 2608 767 :
2647 731 2666 764 r
2701 713 2856 770 Mane
2881 717 3138 773 exaudies
3163 733 3350 774 vocem
3382 737 3556 778 meam
3586 741 3599 778 :

2014 814 2174 854 mane
2201 801 2455 856 assistam
2486 802 2582 857 tibi
2607 811 2663 858 et
2680 803 2874 860 videbo
2886 802 3151 880 (Psal.v).
3177 829 3194 860 ι
3231 809 3385 865 Mane
3412 813 3603 882 depre-

2015 900 2193 957 catur,
2209 893 2300 962 qui
2324 893 2379 948 in
2403 892 2581 950 lucida
2596 895 2789 965 degere
2811 900 3222 955 conversatione
3245 901 3599 971 dignoscitur.

2017 980 2170 1038 Tunc
2193 983 2338 1060 enim
2367 999 2526 1040 mane
2553 986 2802 1052 dicimus,
2834 990 3050 1059 quando
3077 991 3340 1049 discussis
3369 997 3606 1051 tenebris

2017 1072 2151 1128 clari
2178 1073 2400 1130 luminis
2421 1076 2684 1133 adventus
2711 1078 2999 1134 infulserit.
3023 1081 3264 1142 Ecclesia
3291 1085 3460 1152 enim,
3481 1101 3604 1157 qua:

2017 1176 2077 1218 se
2119 1165 2396 1234 cognoscit
2442 1166 2700 1223 habuisse
2747 1171 2996 1225 tenebras
3044 1181 3389 1240 peccatorum
3438 1184 3494 1230 et
3537 1179 3606 1233 de

2019 1263 2182 1310 nocte
2230 1257 2416 1311 mundi
2458 1257 2617 1312 istius
2660 1271 3025 1330 congregata,
3077 1271 3203 1318 tunc
3250 1278 3311 1318 se
3359 1249 3604 1321 exaudiri

2018 1348 2214 1402 merito
2237 1348 2435 1417 credit,
2466 1364 2588 1403 cum
2615 1351 2669 1404 in
2697 1351 2874 1406 lucem
2907 1353 3144 1409 caelestis
3175 1357 3607 1411 conversationis

2017 1440 2233 1510 erupit:
2268 1442 2464 1510 repetit
2491 1457 2706 1512 quoque
2737 1459 2916 1509 mane,
2949 1445 3092 1515 quod
3119 1446 3426 1502 necessario
3455 1464 3605 1503 men-

2017 1540 2127 1586 tem
2183 1531 2416 1588 lucidam
2463 1533 2726 1590 beneﬁcio
2767 1535 2979 1590 Domini
3040 1546 3220 1592 astare
3267 1539 3349 1594 sui
3395 1555 3610 1611 semper

2017 1624 2354 1680 orationibus
2375 1626 2666 1681 sentiebat.
2691 1627 2759 1681 Et
2781 1628 3012 1693 intuere,
3033 1644 3202 1698 quare
3223 1645 3386 1686 mane
3405 1632 3606 1687 dictum

2020 1724 2136 1780 est,
2179 1716 2386 1772 scilicet
2426 1733 2551 1773 cum
2592 1718 2664 1774 in.
2688 1719 2804 1788 ipso
2841 1719 3066 1774 exordio
3094 1718 3356 1776 bonorum
3389 1731 3605 1777 actuum

2020 1807 2306 1872 veritatem
2339 1808 2570 1878 coeperit
2616 1823 2770 1864 mens
2802 1809 3100 1864 clariﬁcata
3135 1825 3501 1882 cognoscere:
3542 1827 3609 1867 ne

2020 1906 2243 1968 putares
2281 1909 2405 1970 post
2436 1910 2723 1970 peccatum
2755 1917 2965 1958 moram
3008 1904 3160 1972 ﬁeri,
3206 1921 3313 1976 qua
3344 1907 3608 1975 potuisset

2023 1989 2216 2054 audiri,
2265 1990 2406 2045 sicut
2432 1991 2682 2047 Ezechiel
2711 1994 2977 2064 propheta
3004 1995 3172 2052 dicit;
3206 2015 3224 2045 ‹
3254 1995 3455 2065 impius
3483 2010 3611 2064 qua-

2022 2097 2234 2152 cunque
2261 2083 2349 2138 die
2375 2098 2445 2138 se
2464 2084 2726 2138 averterit
2753 2084 2822 2138 ab
2849 2086 3126 2156 impietate
3151 2101 3268 2152 sua,
3296 2100 3486 2141 omnes
3513 2085 3610 2140 im-

2021 2173 2252 2241 pi'etates
2272 2173 2388 2242 ejus
2411 2190 2519 2229 non
2548 2183 2711 2230 erunt
2729 2175 2782 2228 in
2806 2177 3123 2231 memoriam
3145 2175 3360 2247 (Ezech.
3378 2175 3561 2243 xvm).
3584 2195 3604 2228 ι

2021 2263 2217 2320 Astare
2261 2275 2347 2321 est
2376 2268 2520 2321 enim
2556 2275 2877 2336 praesentem
2931 2283 3145 2338 semper
3191 2267 3466 2322 assistere.
3506 2267 3615 2335 Per

2023 2355 2130 2410 hoc
2168 2364 2346 2410 autem
2379 2341 2901 2427 verbum/religiosa
2937 2357 3240 2413 devotionis
3279 2357 3613 2413 eontinuitas

2025 2444 2312 2500 indicatur.
2364 2445 2458 2500 Ille
2499 2445 2764 2514 siquidem
2813 2446 2949 2500 bene
2988 2446 3189 2502 dicitur
3228 2448 3339 2504 Deo
3386 2458 3610 2515 astare,

2024 2537 2117 2607 qui
2146 2536 2342 2608 dignus
2377 2544 2556 2607 potest
2593 2537 2710 2607 ejus
2747 2539 3125 2607 conspectibus
3160 2554 3444 2610 apparere,
3475 2541 3615 2597 sicut

2022 2628 2169 2683 Elias
2217 2631 2284 2683 de
2331 2643 2390 2685 se
2437 2629 2576 2683 dixit
2623 2625 2834 2683 :Vivit'
2862 2630 3145 2695 Dominus,
3191 2632 3244 2685 in
3286 2631 3442 2702 cujus
3479 2647 3609 2687 con-

2023 2726 2213 2788 spectu
2241 2717 2415 2774 adsto.
2456 2717 2630 2788 Supra
2660 2719 2834 2775 dixit:
2865 2721 3124 2776 exaudies
3152 2721 3241 2776 hic
3274 2723 3527 2777 additur:
3559 2732 3615 2779 et

2023 2809 2248 2874 videbo;
2279 2809 2536 2879 quoniam
2560 2810 2614 2864 in
2645 2810 2734 2864 illa
2764 2812 3167 2867 resurrectione
3191 2812 3367 2881 ipsum
3392 2814 3608 2882 conspi-

2024 2903 2172 2968 ciet,
2223 2903 2312 2958 cui
2356 2903 2446 2958 hic
2474 2904 2680 2959 sanctis
2725 2903 3065 2959 orationibus
3103 2903 3450 2975 supplicavit.
3507 2905 3609 2971 Qui

2025 2994 2097 3050 sit
2132 3003 2313 3048 autem
2343 2995 2445 3049 iste
2473 3009 2646 3064 agnus
2674 2993 3070 3058 immaculatus,
3104 2994 3218 3049 sive
3253 2993 3526 3064 perfectus
3555 3003 3609 3048 et

2025 3085 2331 3151 anniculus,
2365 3085 2531 3140 Isaias
2557 3085 2770 3156 plenius
2795 3086 2975 3151 docet,
3005 3085 3194 3141 dicens
3219 3104 3231 3138 :
3265 3103 3282 3137 ι
3315 3085 3472 3140 Sicut
3497 3085 3616 3140 ovis

2027 3178 2096 3234 ad
2123 3179 2398 3232 victimam
2429 3179 2621 3234 ductus
2650 3187 2762 3243 est,
2791 3187 2848 3234 et
2874 3178 3013 3234 sicut
3042 3193 3212 3250 agnus
3239 3178 3295 3233 in
3322 3187 3616 3249 conspectu

339 3270 498 3323 sitate
525 3269 706 3334 faciat,
735 3271 826 3324 sed
857 3270 1149 3335 voluntate,
1184 3279 1307 3339 post
1335 3271 1708 3325 holocaustum
1733 3237 1998 3343 offerat,C
2031 3271 2303 3324 tondentis
2337 3285 2398 3324 se
2435 3269 2554 3323 sine
2593 3284 2758 3334 voce,
2805 3278 2862 3324 et
2905 3285 3011 3325 non
3054 3271 3304 3339 aperiens
3349 3285 3412 3326 os
3456 3285 3612 3325 suum
3659 3315 3662 3318 .

338 3360 564 3429 paciﬁca
617 3369 670 3415 et
721 3361 1101 3416 reconcilietur
1151 3364 1279 3417 Deo.
1338 3361 1492 3418 Unde
1539 3371 1595 3416 et
1640 3363 1926 3433 virginitas

339 3450 516 3522 major
545 3464 628 3508 est
663 3455 888 3524 nuptiis,
925 3455 1048 3524 quia
1087 3469 1195 3517 non
1239 3455 1474 3526 exigitur
1515 3469 1615 3509 nec
1656 3454 1924 3521 redditur,

341 3543 438 3597 sed
468 3542 710 3597 offertur.
763 3545 866 3599 Pro
903 3545 1164 3614 paciﬁcis,
1210 3559 1330 3614 quae
1367 3543 1630 3600 Ilebraice
1673 3544 1928 3600 dicuntur

341 3631 613 3710 selamim,
665 3634 1015 3705 Septuaginta
1062 3635 1323 3690 salutaria
1371 3636 1818 3705 interpretantur,
1868 3645 1930 3691 ut

344 3723 462 3792 ipsa
498 3724 864 3779 reconciliatio
893 3725 1239 3793 paciﬁcorum
1302 3725 1448 3781 salus
1517 3726 1590 3780 sit
1628 3725 1925 3782 offerentis.

343 3815 479 3870 Cum
513 3831 642 3887 ergo
671 3818 775 3872 hoc
814 3816 1004 3872 fecerit
1033 3817 1317 3888 princeps,
1359 3812 1633 3887 aperietur
1658 3818 1708 3872 ei
1738 3827 1892 3888 porta
1912 3861 1926 3882 ,

344 3905 431 3960 vel
474 3905 626 3974 juxta
675 3907 1057 3978 Septuaginta,
1093 3927 1110 3959 ι
1144 3909 1352 3978 aperiet
1401 3908 1504 3962 sibi
1549 3917 1759 3978 portam
1810 3925 1932 3979 quae

346 3999 570 4066 respicit
595 4000 661 4053 ad
689 4000 973 4063 orientem,
998 4020 1015 4052 ι
1052 4000 1196 4054 illam
1223 3999 1473 4054 videlicet
1497 4008 1706 4069 portam
1733 4001 1800 4056 de
1823 4017 1930 4071 qua

347 4091 608 4159 scriptum
636 4100 755 4145 est:
787 4110 804 4140 ι
839 4091 962 4145 [hoc
1000 4101 1154 4160 porta
1199 4092 1408 4146 Domini
1436 4132 1450 4155 ,
1493 4092 1623 4162 justi
1654 4092 1933 4147 intrabunt

348 4197 448 4252 per
470 4197 587 4236 eam
618 4182 789 4253 (Psal.
815 4185 1003 4253 cxvu).
1036 4203 1053 4234 ι
1110 4184 1174 4237 Ει
1206 4183 1346 4244 unde
1373 4184 1548 4237 oritur
1575 4183 1655 4238 sol
1685 4182 1930 4251 justitiac.

353 4293 376 4326 ι
404 4275 472 4329 Et
513 4275 705 4340 faciet,
755 4276 980 4346 inquit,
1013 4276 1386 4330 holocaustum
1419 4291 1573 4330 suum
1613 4283 1668 4330 et
1706 4277 1931 4346 paciﬁca

349 4382 473 4431 sua,
504 4386 521 4419 ι
558 4369 622 4421 de
650 4369 844 4438 quibus
872 4385 1012 4424 nunc
1042 4369 1313 4423 diximus:
1348 4368 1532 4422 Faciet
1567 4377 1770 4434 autem,
1807 4371 1932 4440 quia

350 4466 706 4526 spontaneum
731 4459 1056 4514 sacriﬁcium
1079 4465 1183 4523 est,
1209 4466 1264 4512 et
1292 4472 1398 4511 non
1421 4457 1509 4511 alii
1535 4473 1631 4526 pro
1653 4473 1718 4513 eo
1738 4456 1937 4514 facient

353 4548 689 4616 sacerdotes,
722 4548 975 4604 videlicet
1000 4550 1140 4604 sicut
1169 4549 1288 4603 ﬁeri
1323 4549 1462 4604 solet
1497 4550 1549 4603 in
1581 4550 1667 4605 die
1697 4551 1929 4607 sabbati.

352 4638 496 4707 Ergo
520 4639 663 4692 omni
698 4649 938 4709 tempore
967 4638 1340 4693 holocaustum
1368 4647 1422 4692 et
1448 4641 1751 4707 paciﬁcum,
1792 4641 1934 4710 quod

352 4725 579 4781 oﬁ‘ertur
605 4728 922 4791 voluntarie,
943 4714 1242 4783 reseratam
1271 4728 1433 4782 habet
1459 4736 1672 4798 portam
1700 4729 1932 4798 Domini,

354 4835 456 4874 nec
479 4819 729 4874 observat
750 4823 1054 4886 sabbatum,
1077 4822 1170 4876 sed
1196 4834 1384 4874 omnes
1407 4820 1522 4874 dies
1543 4820 1593 4874 ei
1621 4830 1937 4892 reputantur

355 4912 412 4965 in
433 4911 692 4981 requiem.
726 4912 966 4982 Denique
985 4921 1269 4982 postquam
1291 4896 1550 4967 obtulerit
1564 4912 1936 4968 holocaustum

354 5008 409 5054 et
445 5000 668 5069 paciﬁca
694 5042 708 5064 ,
760 5003 943 5056 statim
981 5003 1256 5072 egreditur
1278 5011 1335 5057 et
1362 5001 1632 5056 clauditur
1659 5014 1783 5072 post
1808 5019 1935 5059 eum

349 5089 535 5158 janua,
567 5092 682 5147 sive
712 5091 914 5147 claudit
936 5093 1181 5164 januam,
1209 5101 1268 5145 ut
1293 5099 1542 5146 servetur
1569 5093 1797 5164 principi
1824 5095 1939 5164 pri-

359 5179 606 5250 vilegium
633 5197 789 5256 suum
817 5197 913 5236 nec
936 5181 1204 5237 sacriﬁcio
1228 5180 1342 5250 ejus
1367 5177 1546 5252 populi
1586 5183 1940 5238 misceantur.

355 5269 424 5323 Et
477 5271 602 5340 quia
667 5272 990 5341 generaliter
1047 5271 1257 5327 dixerat
1301 5289 1321 5322 ‹
1365 5281 1722 5342 spontaneum
1784 5273 1940 5330 holo-

355 5368 640 5426 caustum,
700 5370 792 5414 aut
841 5361 1065 5431 paciﬁca
1112 5359 1416 5416 voluntaria
1463 5361 1730 5427 Domino,
1777 5380 1797 5414 ι
1841 5377 1941 5417 nec

356 5459 681 5520 apposuerat
723 5460 934 5506 taurum
970 5453 1085 5508 sive
1110 5452 1338 5506 vitulum
1358 5493 1372 5517 ,
1415 5453 1640 5506 arietem
1667 5452 1752 5507 vel
1781 5467 1938 5508 ovem

357 5539 676 5610 hircumque
720 5557 815 5611 pro
844 5551 1085 5612 peccato,
1131 5543 1308 5607 docet,
1341 5542 1484 5611 quod
1533 5542 1598 5597 sit
1631 5543 1805 5612 ipsum
1833 5542 1934 5597 ho-

355 5631 678 5688 locaustum.
704 5653 721 5685 ι
752 5633 982 5705 Agnum,
1011 5617 1645 5704 inquiens,'anniculum,
1679 5634 1938 5688 immacu—

355 5722 524 5780 latum
574 5726 739 5781 faciet
785 5728 1184 5792 bolocaustum,
1230 5746 1248 5779 ι
1297 5735 1494 5781 etnon
1531 5725 1695 5780 certis
1723 5724 1934 5790 diebus,

353 5815 446 5870 sed
479 5816 749 5886 quotidie;
781 5836 800 5869 ι
835 5832 935 5874 nec
963 5802 1200 5887 qualibet
1232 5816 1386 5882 hora,
1416 5815 1509 5870 sed
1545 5829 1704 5870 mane
1731 5833 1750 5865 ι
1780 5829 1939 5869 mane

2030 3359 2164 3431 (Isa.
2192 3358 2331 3429 Llll).
2381 3379 2400 3411 ι
2437 3359 2504 3413 Et
2540 3358 2802 3414 Jeremias
2831 3377 2843 3412 :
2878 3379 2896 3411 ι
2926 3360 3037 3428 Ego
3063 3369 3240 3414 autem
3273 3361 3415 3416 sicut
3443 3376 3616 3432 agnus
3659 3399 3667 3402 -

2028 3453 2290 3508 innocens
2316 3453 2509 3506 ductus
2535 3452 2600 3505 ad
2619 3451 2892 3506 victimam
2919 3466 3025 3506 non
3051 3451 3276 3521 cognovi
3302 3449 3441 3520 (Jer.
3467 3451 3566 3521 xi).
3594 3471 3611 3502 ι

1990 3538 1996 3544 ’
2029 3542 2096 3597 Et
2119 3541 2356 3597 Joannes
2383 3540 2663 3611 Baptista:
2698 3559 2716 3592 ‹
2751 3541 2889 3595 Ecce
2933 3541 3117 3611 Agnus
3163 3540 3290 3605 Dei,
3340 3541 3431 3610 qui
3483 3541 3620 3595 tollit

2027 3642 2308 3704 peccatum
2338 3633 2524 3687 mundi
2553 3631 2734 3704 (Joan.
2763 3631 2824 3700 ι).
2860 3652 2878 3683 ι
2927 3632 3030 3686 Iste
3059 3640 3142 3686 est
3169 3645 3360 3700 agnus,
3391 3631 3482 3701 qui
3514 3632 3615 3686 im-

2030 3725 2268 3781 molatur
2314 3723 2368 3778 in
2415 3721 2672 3794 Egypto,
2727 3723 2796 3789 de
2843 3719 2996 3790 cujus
3041 3721 3304 3793 sanguine
3335 3730 3620 3775 armantur

2027 3827 2213 3887 postes
2259 3814 2381 3870 ﬁdei
2429 3821 2483 3869 et
2526 3814 2915 3868 exterminator
2951 3811 3274 3867 excluditur.
3323 3810 3623 3866 Anniculus
3692 3823 3696 3828 '

2031 3915 2210 3962 autem
2247 3906 2374 3976 quia
2403 3905 2720 3975 praedicavit
2752 3918 2951 3958 annum
2987 3903 3196 3958 Domini
3233 3901 3620 3971 acceptabilem

2032 4007 2089 4054 et
2113 3998 2254 4053 diem
2282 3997 2674 4052 retributionis.
2707 3995 2818 4050 Nec
2847 3995 3075 4050 miretur
3099 3993 3290 4058 lector,
3320 3992 3364 4047 si
3394 3993 3538 4048 idem
3567 4001 3650 4046 et»

2032 4089 2284 4160 princeps
2305 4097 2408 4152 est,
2431 4096 2488 4142 et
2511 4087 2766 4142 sacerdos
2790 4093 2846 4141 et
2863 4085 3084 4149 vitulus,
3106 4092 3161 4138 et
3184 4083 3328 4137 aries
3353 4091 3409 4138 et
3429 4098 3620 4154 agnus,

2034 4197 2156 4237 cum
2203 4181 2260 4235 in
2291 4179 2616 4250 Scripturis.
2643 4178 2846 4233 sanctis
2896 4192 2996 4246 pro
3042 4176 3304 4230 varietate
3334 4191 3629 4231 causarum.

2034 4270 2276 4341 legamus
2309 4287 2431 4325 eum
2473 4270 2779 4334 Dominum,
2818 4278 2872 4322 ct
2907 4266 3100 4330 Deum,
3142 4273 3197 4319 et
3235 4265 3539 4328 hominem,
3567 4276 3621 4319 et

2034 4365 2387 4435 prophetam,
2439 4371 2494 4418 et
2523 4363 2762 4433 virgam,
2809 4368 2863 4414 et
2895 4358 3112 4420 florem,
3160 4366 3214 4412 ct
3253 4358 3518 4421 radicem,
3569 4365 3628 4412 et

2035 4455 2358 4525 principem,
2403 4461 2460 4508 et
2499 4451 2760 4521 judiccm,
2811 4460 2865 4504 et
2912 4464 3113 4519 regem,
3140 4446 3346 4516 justum
3375 4455 3431 4501 et
3460 4446 3622 4517 justi-

2039 4545 2191 4610 tiam,
2223 4543 2519 4615 apostolum
2538 4582 2552 4606 ,
2572 4552 2648 4626 ‘et
2679 4541 3014 4610 episc0pum,
3047 4538 3350 4602 brachium,
3381 4552 3622 4600 servum,
3650 4593 3662 4599 α

2041 4635 2397 4705 unigenitum,
2420 4624 2713 4701 pastorem,
2742 4629 2907 4683 ﬁlium
2936 4637 2992 4684 et
3017 4643 3264 4698 puerum,
3291 4624 3625 4697 unigenitum

2042 4735 2098 4781 et
2123 4723 2561 4796 primogenitum,
2577 4720 2788 4796 ostium
2808 4759 2822 4782 ,
2852 4719 2994 4772 viam
3015 4757 3029 4782 ,
3059 4717 3307 4787 angelum
3324 4757 3347 4782 ,
3371 4717 3624 4786 sagittam

2042 4826 2093 4872 et
2124 4802 2481 4886 sapientiam,
2527 4820 2583 4866 et
2630 4809 2797 4864 multa
2843 4809 2986 4862 alia:
3016 4823 3245 4878 quorum
3291 4810 3533 4863 omnium
3585 4813 3627 4864 si

2044 4907 2264 4962 voluero
2295 4903 2599 4961 testimonia
2629 4902 2829 4964 dicere,
2853 4901 3073 4971 proprio
3102 4901 3238 4956 libro
3265 4901 3528 4974 indigent.
3572 4903 3627 4956 In

2042 4996 2354 5053 holocausto
2388 4995 2567 5064 itaque
2595 4993 2750 5048 istius
2778 4992 2902 5063 agni
2929 4991 3253 5048 immaculati
3283 5001 3338 5048 et
3364 4993 3625 5054 auniculi,

2042 5089 2133 5159 qui
2163 5101 2319 5142 mane
2347 5099 2562 5156 semper
2581 5083 2826 5149 offertur,
2845 5083 3010 5140 faciet
3038 5085 3152 5155 ipse
3177 5084 3429 5154 princeps
3458 5083 3626 5136 sacri-

2043 5179 2221 5234 ﬁcium
2261 5178 2375 5234 sive
2414 5190 2628 5241 manaa,
2661 5183 2715 5229 et
2751 5175 3007 5241 similam,
3032 5175 3146 5231 sive
3193 5175 3391 5229 donum
3442 5187 3635 5236 mane,.

2043 5285 2200 5339 mane
2231 5276 2438 5325 sextam
2468 5277 2676 5337 partem
2705 5267 3186 5337 ephi,subauditur
3218 5267 3408 5322 similae
3433 5282 3446 5318 :
3469 5273 3632 5319 sexta

2044 5368 2224 5414 autem
2255 5371 2381 5428 pars
2411 5357 2534 5428 ephi
2563 5356 2818 5412 dimidius
2857 5357 3069 5413 modius
3107 5364 3209 5410 est.
3242 5353 3300 5409 Si
3329 5352 3473 5408 enim
3499 5354 3625 5422 ephi

2044 5450 2250 5506 decima
2277 5464 2404 5520 pars
2429 5447 2542 5503 cori
2573 5456 2673 5510 est,
2704 5447 2756 5502 id
2782 5457 2867 5503 est
2892 5456 3003 5503 tres
3031 5445 3215 5510 modii,
3244 5443 3374 5499 nulli
3403 5443 3626 5498 dubium

2045 5539 2174 5609 quin
2213 5548 2364 5593 sexta
2408 5553 2534 5608 pars
2578 5537 2702 5607 ephi
2728 5537 3009 5592 dimidium
3043 5533 3206 5590 faciat
3235 5533 3494 5589 modium.
3550 5534 3637 5588 De.

2041 5631 2163 5687 oleo
2191 5645 2408 5701 quoque
2451 5644 2718 5684 mensurae
2763 5629 2879 5692 hin,
2902 5626 3058 5681 tertia
3104 5640 3234 5696 pars
3275 5624 3520 5688 offertur,
3569 5625 3629 5678 ut

2044 5721 2336 5777 misceatur
2361 5721 2476 5777 sive
2500 5721 2819 5792 aspergatur
2845 5717 3032 5776 similis
3049 5717 3373 5773 sacriﬁcium
3402 5714 3629 5770 Domino.

2043 5812 2345 5883 legitimum
2385 5813 2512 5884 juge
2538 5821 2700 5882 atque
2728 5816 3044 5880 perpetuum
3085 5808 3227 5879 quod
3265 5807 3410 5864 nulla
3455 5807 3622 5868 inter-
