4028 6196
315 428 341 481 l
353 424 458 480 049

1232 412 1589 471 counsur.
1630 411 1698 467 IN
1732 391 2188 467 bzscuinbeu.
2228 441 2298 453 -
2335 408 2461 465 me.
2503 407 2641 463 xxx.

3417 411 3552 469 1650

313 540 473 597 duxit
493 550 577 593 me
604 550 702 607 per
727 544 959 604 quatuor
981 530 1205 602 angulos
1229 530 1372 585 atrii.
1402 530 1469 585 Et
1490 543 1615 585 ecce
1638 527 1887 585 atriolum
1916 539 1965 599 Α
1991 527 2240 582 victimas
2284 526 2460 596 populi
2488 544 2500 579 :
2523 524 2703 596 populi
2743 523 2959 594 quidem
2988 523 3237 586 victimae,
3268 533 3386 592 qua:
3425 521 3552 577 οσο-

314 639 437 686 erat
458 632 510 684 in
533 627 725 699 angulo
743 625 888 690 atrii,
901 623 1088 678 atriolo
1109 621 1312 692 singula
1334 636 1432 690 per
1451 619 1673 690 angulos
1686 619 1838 683 atrii;
1863 637 1883 669 ι

318 741 378 779 ιιι
411 730 643 792 quatuor
669 717 877 773 atriolis
916 715 1095 786 anguli
1138 713 1328 768 atriola
1357 711 1636 780 disposita.
1681 709 1774 764 Ille
1807 709 1892 763 vir

317 829 482 886 quem
509 826 649 881 stepe
674 815 1076 869 commemorat,
1109 805 1293 860 eduxit
1317 818 1441 857 eum
1468 803 1535 857 de
1563 801 1683 857 loco
1707 816 1890 855 sacer-

314 907 528 968 dotum,
572 902 666 973 qui
708 901 964 971 vergebat
1003 899 1070 952 ad
1113 896 1437 966 aquilonem,
1475 895 1590 949 sive
1638 894 1729 963 qui
1774 902 1893 973 erat

316 972 625 1067 separatus,
644 988 738 1046 ubi
766 996 1003 1058 coquunt
1030 987 1341 1043 sacerdotes
1375 999 1474 1052 pro
1502 982 1697 1037 delicto
1718 972 1893 1052 et'pro

319 1095 542 1159 peccato
580 1083 664 1138 vel
702 1080 1025 1152 ignorantia.
1068 1078 1265 1132 Eduxit
1288 1085 1466 1131 autem
1496 1076 1550 1129 in
1578 1075 1774 1129 atrium
1799 1089 1895 1128 ex-

321 1179 511 1234 terius.
537 1175 613 1230 Ex
632 1189 738 1244 quo
769 1171 1114 1242 intelligimus
1133 1168 1259 1223 illud
1276 1169 1475 1223 atrium
1502 1168 1568 1222 de
1588 1182 1697 1237 quo
1716 1181 1895 1238 egres-

317 1286 415 1327 sus
442 1277 525 1325 est
547 1266 711 1323 fuisse
739 1264 988 1327 interius,
1008 1272 1066 1316 et
1086 1260 1251 1315 multa
1273 1275 1391 1315 esse
1414 1259 1552 1313 atria
1573 1259 1629 1312 in
1654 1258 1896 1327 Scriptu—

318 1361 401 1416 ris
440 1356 642 1414 sanctis
666 1355 732 1409 de
759 1353 953 1423 quibus
986 1352 1253 1421 legimus:
1283 1368 1301 1401 ι
1333 1349 1436 1416 Qui
1470 1348 1626 1402 statis
1652 1347 1708 1401 in
1736 1347 1896 1401 domo

316 1447 557 1511 Domini,
582 1446 637 1499 in
665 1443 817 1499 atriis
844 1442 1033 1497 domus
1061 1439 1155 1494 Dei
1181 1439 1350 1494 nostri
1389 1437 1563 1509 (Psal.
1593 1434 1837 1507 cxxxvr).
1868 1453 1888 1487 ι

317 1539 395 1594 Et
423 1539 475 1592 in
500 1537 707 1591 Joanne
733 1552 746 1587 :
776 1553 794 1586 ‹
824 1532 893 1587 Et
927 1531 1061 1586 alias
1101 1544 1229 1584 oves
1260 1530 1434 1583 habeo
1468 1543 1589 1598 quae
1626 1543 1733 1582 non
1773 1533 1898 1589 sunt

316 1642 391 1682 ex
420 1627 523 1680 hoc
546 1625 709 1687 atrio,
730 1630 787 1678 et
818 1621 937 1677 illas
959 1627 1172 1689 oportet
1200 1633 1285 1672 me
1306 1618 1596 1680 adducere,
1628 1626 1684 1670 et
1711 1629 1894 1670 vocem

318 1728 498 1770 meam
547 1713 794 1775 audient,
825 1718 879 1766 et
904 1711 996 1765 fiet
1027 1723 1192 1763 unum
1220 1706 1419 1761 atrium
1447 1715 1503 1760 et
1547 1720 1685 1760 unus
1711 1712 1897 1775 pastor

316 1803 507 1874 (Joan.
545 1803 620 1874 χ).
650 1822 669 1854 ι
701 1801 814 1856 Hoc
850 1803 993 1856 enim
1038 1798 1226 1854 Graece
1266 1799 1394 1858 αὐλή
1442 1797 1729 1868 significat,
1752 1795 1895 1867 quod

317 1892 515 1948 Latina
544 1891 858 1962 simplicitas
887 1891 940 1945 in
966 1890 1095 1945 ovile
1123 1888 1416 1944 transtulit.

394 1983 617 2051 Quando
652 1991 830 2037 autem
855 1981 989 2035 dixit
1011 1996 1078 2034 ex
1117 1980 1223 2035 hoc
1249 1979 1408 2044 atrio,
1438 1977 1674 2033 ostendit
1701 1990 1821 2032 esse
1845 1984 1899 2030 et

319 2072 470 2136 aliud
512 2071 652 2142 quod
678 2070 762 2126 vel
803 2071 856 2124 in
902 2070 1137 2141 gentium
1185 2069 1339 2123 turba
1387 2068 1456 2121 ad
1502 2066 1899 2121 distinctionem

315 2161 508 2227 Israel,
535 2161 615 2214 vel
638 2143 709 2214 'in
738 2160 887 2214 caelis
915 2159 982 2212 ad
1010 2159 1405 2228 separationem
1432 2156 1630 2211 terreni
1657 2156 1777 2210 atrii
1808 2156 1901 2227 de-

270 2308 277 2318 ,
318 2262 672 2317 monstratur,
703 2260 758 2307 et
804 2266 900 2321 pro
943 2250 1203 2318 qualitate
1253 2250 1570 2307 meritorum
1610 2248 1900 2316 unicuique

319 2343 497 2399 oflieio
527 2343 721 2397 atrium
748 2341 1049 2411 delegatum
1076 2354 1090 2391 :
1117 2354 1279 2409 super
1308 2354 1414 2408 quo
1441 2338 1493 2392 in
1535 2336 1900 2391 anterioribus

318 2432 532 2502 plenius
575 2432 900 2500 disputatum
945 2437 1046 2484 est.
1090 2426 1204 2482 Hoc
1233 2436 1412 2483 autem
1456 2426 1654 2481 atrium
1686 2425 1751 2479 de
1793 2439 1900 2494 quo

319 2537 468 2577 nunc
496 2536 674 2575 sermo
702 2528 808 2585 est,
840 2535 936 2589 per
961 2518 1199 2588 singulos
1227 2517 1449 2588 angulos
1476 2523 1709 2586 quatuor
1730 2516 1897 2570 habe-

320 2612 417 2665 bat
442 2609 651 2673 atriola,
680 2624 799 2679 quae
830 2608 1183 2677 Septuaginta
1232 2606 1439 2660 minora
1467 2612 1686 2669 vocant,
1717 2611 1772 2657 et
1801 2618 1899 2658 nos

320 2715 422 2769 pro
463 2698 717 2754 facilitate
748 2713 939 2754 sensus
972 2699 1380 2774 ὑποκοριστικῶς
1423 2694 1612 2750 atriola
1645 2694 1896 2749 diximus.

322 2789 686 2859 Quadraginta
726 2787 1028 2842 cubitorum
1073 2792 1189 2839 erat
1218 2800 1314 2854 per
1353 2785 1569 2855 longum
1597 2794 1650 2839 et
1678 2783 1899 2854 triginta

322 2895 423 2948 per
461 2877 647 2942 latum,
670 2876 735 2931 de
755 2876 949 2945 quibus
975 2875 1211 2930 numeris
1233 2876 1283 2928 in
1307 2875 1409 2929 hoc
1433 2876 1618 2929 eodem
1641 2875 1899 2944 propheta

325 2966 630 3035 disputasse
652 2979 737 3019 me
763 2961 1005 3029 memini,
1029 2964 1171 3032 quod
1192 2963 1333 3017 aliud
1360 2963 1427 3018 ad
1449 2948 1823 3019 tribulationcs
1845 2971 1899 3017 et

322 3053 624 3123 angustias,
643 3053 784 3106 aliud
804 3052 870 3107 ad
891 3050 1183 3122 perfectam
1207 3051 1470 3105 referatur
1489 3059 1720 3105 aetatem.
1748 3050 1898 3105 Unde

322 3142 681 3213 quadraginta
701 3142 888 3196 diebus
916 3141 1123 3213 Moyses
1144 3150 1197 3197 et
1219 3142 1364 3199 Elias
1384 3153 1438 3197 et
1462 3142 1717 3198 Dominus
1737 3154 1898 3212 atque

1991 625 2184 672 runtur
2210 632 2308 686 pro
2344 616 2537 673 delicto
2567 617 2681 670 sive
2716 623 2937 684 peccato
2971 623 3026 668 et
3065 615 3397 685 ignorantia,
3429 621 3555 668 sunt

1989 704 2239 761 alimenta
2287 713 2343 759 et
2387 703 2665 774 refrigeria
2712 704 3072 766 sacerdotum,
3107 711 3167 756 ut
3212 701 3558 757 meminerint

1989 797 2125 852 nihil
2151 813 2210 852 se
2243 796 2386 851 aliud
2416 797 2611 851 debere
2636 804 2905 866 appetere,
2932 810 3054 850 eum
3083 795 3246 849 etiam
3270 795 3325 848 in
3354 792 3554 863 templo

1990 901 2182 941 carnes
2211 886 2279 941 ad
2303 900 2490 940 eorum
2520 882 2797 954 refrigeria
2823 892 3138 955 praeparatae
3166 884 3290 939 sint.
3326 882 3553 955 (Miami

1990 977 2210 1048 Legitur
2249 976 2511 1045 siquidem
2543 976 2594 1029 in
2623 975 2863 1053 Levitieo
2907 974 2996 1029 ubi
3028 976 3469 1033 commemoratio
3494 977 3557 1030 fit

1991 1065 2412 1121 consecrationis
2436 1062 2616 1117 Aaron
2643 1071 2697 1118 et
2728 1064 2956 1118 filiorum
2983 1063 3098 1132 ejus
3120 1066 3175 1119 in
3198 1065 3553 1120 sacerdotium

1992 1153 2058 1209 de
2080 1153 2322 1207 coctione
2343 1152 2584 1206 carnium
2615 1160 3048 1206 consecratarum
3075 1152 3139 1206 ad
3167 1167 3321 1207 usum
3346 1168 3562 1208 eorum—

1993 1244 2114 1299 dem
2144 1241 2501 1305 sacerdotum,
2532 1241 2603 1294 ita
2648 1241 2967 1311 praecepisse
3012 1240 3229 1311 Moysen
3271 1250 3431 1309 atque
3475 1242 3557 1295 di-

1993 1333 2136 1391 xisse
2161 1347 2176 1386 :
2206 1352 2225 1384 ι
2254 1330 2480 1401 Coquite
2509 1346 2702 1386 carnes
2725 1338 2848 1386 ante
2872 1330 3017 1386 fores
3046 1332 3378 1387 tabernaculi
3404 1341 3457 1387 et
3487 1331 3559 1387 ibi

1992 1423 2256 1481 comedite
2282 1438 2392 1485 eas,
2412 1437 2576 1493 panes
2600 1431 2811 1492 quoque
2834 1408 3252 1478 consecrationis
3281 1423 3439 1484 edite,
3470 1423 3562 1492 qui

1993 1514 2154 1583 positi
2184 1520 2310 1568 sunt
2336 1514 2389 1567 in
2420 1515 2674 1579 canistro,
2706 1514 2846 1569 sicut
2874 1514 3131 1584 praacepit
3151 1514 3283 1569 mihi
3304 1515 3566 1570 Dominus

1993 1608 2178 1662 dicens
2205 1625 2217 1660 :
2241 1606 2422 1660 Aaron
2457 1614 2512 1660 et
2548 1606 2641 1660 filii
2674 1604 2805 1672 ejus
2845 1606 3125 1661 comedent
3150 1620 3262 1660 eas.
3296 1604 3563 1676 Quidquid

1993 1696 2165 1750 autem
2193 1696 2458 1764 reliquum
2494 1696 2657 1751 fuerit
2690 1696 2755 1749 de
2784 1710 2945 1750 carne
2970 1705 3024 1750 et
3048 1696 3115 1750 de
3133 1694 3398 1767 panPbus,
3428 1696 3567 1767 ignis

1994 1793 2293 1839 consumet.
2319 1785 2395 1839 De
2422 1785 2560 1840 ostio
2597 1799 2810 1854 quoque
2838 1785 3165 1841 tabernaculi
3196 1801 3301 1840 non
3347 1787 3566 1843 exibitis

1924 1896 1972 1954 Β
1999 1880 2203 1945 septem
2231 1872 2418 1928 diebus
2455 1878 2623 1943 usque
2647 1874 2715 1927 ad
2746 1873 2887 1928 diem
2915 1890 3022 1943 quo
3052 1873 3405 1944 complebitur
3432 1886 3568 1933 tem-

1996 1958 2098 2035 pus
2132 1966 2550 2021 consecrationis
2575 1974 2768 2021 vestrae
2798 1984 2810 2019 :
2834 1975 3037 2036 septem
3064 1967 3208 2022 enim
3230 1967 3417 2023 diebus
3444 1968 3565 2023 fini-

1997 2064 2085 2110 tur
2115 2058 2455 2121 consecratio
2475 2056 2658 2128 (Leuit.
2691 2056 2832 2133 vni).
2868 2057 3051 2129 (Isid.)
3100 2058 3254 2126 Quod
3291 2061 3475 2114 etiam
3499 2059 3568 2114 ad

1996 2146 2299 2215 hujusmodi
2329 2146 2628 2203 culinarum
2665 2148 3114 2220 significationem
3143 2165 3247 2204 non
3280 2150 3570 2222 incongrue

1995 2239 2248 2309 pertinet.
2294 2234 2568 2310 Praecipua
2613 2255 2828 2309 quoque
2857 2256 2998 2294 nunc
3034 2240 3309 2311 legislator
3336 2242 3572 2311 providit

1998 2342 2062 2382 ac
2088 2326 2345 2383 discrevit
2374 2328 2625 2397 mysteria
2650 2336 2713 2383 .et
2738 2326 3033 2398 figuraliter
3060 2345 3158 2399 per
3185 2345 3249 2384 ea
3277 2345 3397 2398 quae
3426 2345 3570 2384 nune

1997 2416 2390 2485 contemplatus
2414 2427 2497 2470 est
2524 2418 2931 2482 tradidit,’iutra
2975 2419 3268 2474 Ecclesiam
3300 2435 3420 2475 eam
3447 2430 3570 2490 per-

1998 2506 2108 2571 fici,
2140 2514 2194 2561 et
2241 2506 2546 2562 nullatenus
2592 2507 2937 2578 profanorum
2991 2510 3192 2564 visibus
3238 2518 3291 2564 et
3348 2511 3568 2566 auribus

1996 2596 2276 2668 publicari,
2323 2612 2422 2652 nec
2469 2596 2687 2654 cuilibet
2740 2600 2935 2654 volenti
2987 2603 3304 2672 protanandi
3345 2618 3410 2657 ea
3450 2618 3569 2658 esse

1949 2699 1957 2705 ‘
1999 2686 2327 2743 facultatem.
2375 2688 2526 2745 Unde
2556 2688 2680 2760 quia
2712 2693 3117 2748 tabernaculum
3160 2695 3448 2750 testimonii
3473 2690 3566 2750 Dei
3648 2758 3661 2773 ⁸

1999 2780 2193 2835 οωιυῐη
2229 2792 2368 2845 esse,
2399 2783 2595 2847 atrium
2634 2791 2810 2837 autem
2842 2782 3167 2839 tabernaculi
3205 2783 3363 2851 hujus
3391 2784 3570 2840 eccle-

1998 2874 2154 2940 siam,
2186 2875 2310 2943 quia
2360 2874 2473 2949 ipsa
2517 2886 2599 2929 est
2643 2883 2767 2930 ante
2797 2875 2941 2937 coeli,
2966 2876 3242 2933 introitum
3287 2876 3568 2940 collocata,

1998 2962 2111 3033 ipsa
2132 2962 2427 3019 Jerusalem
2469 2965 2665 3034 quippe
2707 2964 2942 3020 caelestis
2966 2974 3111 3020 tenet
3131 2965 3411 3037 imaginem
3434 2967 3573 3021 sicut

1998 3054 2124 3135 olim
2150 3042 2515 3126 prxediximus.
2566 3056 2623 3110 In
2654 3072 2715 3111 ea
2743 3073 2934 3112 carnes
2971 3048 3219 3113 sacrificii
3249 3058 3404 3129 coqui
3436 3074 3573 3128 pra:-

1999 3147 2158 3216 cepit.
2188 3146 2276 3200 Ait
2298 3148 2440 3201 enim
2466 3162 2480 3200 :
2506 3166 2524 3198 ι
2554 3147 2817 3218 Przecepit
2845 3149 2926 3204 eis
2955 3149 3139 3205 dicens
3164 3167 3177 3204 :
3201 3148 3427 3219 Coquite
3453 3164 3572 3204 car-

324 3231 574 3288 Salvator
623 3232 676 3286 in
720 3248 902 3287 eremo
940 3233 1269 3303 jejunarunt.
1334 3233 1402 3287 Et
1446 3232 1512 3287 ad
1564 3234 1896 3289 sacerdotale
1924 3240 1968 3315 ζ]
2000 3250 2097 3290 nes
2146 3247 2271 3291 ante
2319 3236 2463 3291 fores
2508 3239 2951 3315 tabernaculi,et
2995 3241 3067 3295 ibi
3110 3242 3372 3297 comedite
3405 3257 3516 3297 eas.
3546 3262 3566 3295 ι

320 3322 556 3381 cilicium
589 3339 694 3379 non
745 3332 865 3395 post
904 3324 1215 3379 vicesimum
1274 3325 1519 3394 quintum
1572 3325 1748 3379 aetatis
1801 3340 1896 3378 an-

321 3431 479 3476 num.
512 3416 603 3470 sed
638 3424 757 3485 post
789 3417 1114 3471 tricesimum
1140 3415 1423 3470 accedunt.
1449 3415 1809 3481 Quamobrem
1838 3425 1895 3469 et

321 3506 584 3563 Dominus
613 3507 828 3577 triginta
864 3523 1127 3562 annorum
1157 3519 1275 3562 erat
1300 3522 1421 3561 eum
1451 3509 1597 3562 venit
1623 3508 1688 3563 ad
1718 3509 1895 3577 bapti-

320 3600 525 3652 smum.
557 3598 622 3651 Et
647 3598 699 3651 in
728 3598 829 3652 hoc
858 3600 1047 3653 eodem
1092 3598 1348 3668 propheta
1395 3598 1698 3652 tricesimus
1723 3611 1896 3652 annus

320 3687 542 3758 ponitur
588 3687 638 3740 in
675 3678 915 3743 exordio.
963 3688 1065 3744 Ubi
1110 3689 1274 3759 igitur
1300 3690 1430 3754 cibi,
1457 3688 1526 3744 ibi
1556 3698 1611 3743 et
1651 3690 1897 3761 angustia

321 3786 487 3846 atque
516 3779 739 3833 tentatio
763 3795 862 3848 per
886 3795 1005 3848 qua:
1044 3789 1305 3850 parantur
1333 3781 1436 3836 cibi
1482 3799 1495 3834 :
1543 3781 1723 3843 et,ubi
1778 3797 1900 3852 per-

272 3904 280 3911 .
319 3864 568 3921 feetiviri
595 3869 899 3933 venerimus
912 3868 977 3922 ad
999 3875 1230 3933 aetatem,
1249 3869 1319 3922 ibi
1350 3869 1605 3924 calcanda
1628 3878 1754 3924 sunt
1783 3886 1900 3924 om-

322 3956 415 4011 nia
453 3964 509 4009 et
535 3956 815 4010 dicendum
844 3975 857 4011 :
887 3977 905 4008 ‹
936 3956 1204 4017 Habentes
1230 3946 1433 4012 victum
1461 3966 1516 4012 et
1540 3960 1790 4013 vestitum
1817 3960 1901 4016 his

320 4047 561 4101 contenti
605 4064 790 4102 sumus
829 4047 882 4120 (Ι
912 4048 1043 4111 Tim.
1075 4048 1187 4119 v1);
1221 4069 1239 4100 ι
1267 4056 1361 4103 et:
1392 4068 1410 4100 ε
1447 4048 1503 4104 Si
1532 4049 1738 4104 dederit
1766 4051 1898 4106 mihi

321 4136 584 4191 Dominus
627 4137 802 4191 cibum
852 4138 919 4191 ad
948 4138 1295 4203 vescendum,
1327 4147 1382 4193 et
1421 4147 1626 4193 vestem
1675 4138 1740 4192 ad
1769 4157 1900 4210 ope-

322 4223 568 4278 riendum
602 4223 752 4295 (Gen.
787 4223 997 4295 xxvm),
1024 4246 1041 4276 ι
1069 4226 1152 4281 vel
1179 4235 1324 4281 certe
1366 4226 1527 4306 illud:
1558 4245 1575 4277 ι
1606 4226 1743 4282 Esca
1770 4242 1900 4283 ven-

325 4317 418 4381 tri,
448 4325 503 4372 et
536 4328 723 4371 venter
764 4319 923 4382 escis,
954 4318 1093 4373 Deus
1134 4328 1309 4372 autem
1338 4327 1390 4373 et
1417 4319 1558 4373 hunc
1586 4326 1641 4372 et
1666 4319 1785 4374 illas
1812 4321 1905 4373 dc-

322 4417 501 4465 struet
528 4408 576 4479 (I
606 4408 735 4463 Cor.
756 4409 852 4480 γι).
886 4430 903 4460 ι
932 4407 1121 4485 ΔΝεξριιθ
1150 4411 1202 4465 in
1231 4410 1411 4464 futuro
1459 4409 1901 4466 manducabimus

320 4508 382 4556 et
416 4500 678 4566 bibemus,
706 4501 799 4555 sed
828 4500 916 4556 illo
943 4517 1225 4556 vescemur
1249 4516 1385 4570 pane
1412 4501 1607 4570 quide
1637 4501 1776 4556 coelo
1804 4503 1899 4557 de-

1998 3324 2274 3392 Quomodo
2301 3341 2430 3394 ergo
2478 3325 2529 3378 in
2568 3327 2654 3381 his
2697 3343 2801 3381 non
2849 3312 3160 3383 admiranda
3197 3330 3266 3384 sit
3309 3331 3572 3400 sapientia

1996 3412 2251 3482 spiritus?
2278 3412 2484 3481 Nullam
2524 3414 2720 3485 quippe
2767 3414 3090 3472 dubietatem
3138 3416 3439 3486 hujusmodi
3491 3420 3573 3473 in-

1998 3503 2230 3558 tellectui
2276 3502 2577 3575 dereliquit.
2621 3504 2911 3575 Propterea
2954 3523 3146 3563 carnes
3182 3524 3304 3563 eum
3344 3509 3573 3579 panibus

1997 3595 2205 3649 comedi
2229 3592 2564 3665 praecipiens,
2587 3606 2649 3650 ut
2678 3599 2789 3651 nos~
2816 3596 3233 3668 intelligeremus
3262 3597 3391 3655 illud
3416 3601 3485 3655 ab
3507 3615 3573 3656 eo

1996 3685 2311 3754 mysterium
2359 3685 2485 3747 dici,
2512 3682 2657 3755 quod
2700 3685 2855 3741 simul
2886 3687 3042 3757 panis
3071 3695 3127 3742 et
3168 3704 3298 3744 caro
3325 3698 3407 3744 est
3432 3691 3573 3749 sicut

1999 3788 2194 3843 corpus
2225 3774 2445 3838 Christi,
2474 3793 2493 3825 ι
2522 3776 2677 3844 panis
2724 3777 2895 3841 vivus,
2927 3777 3019 3845 qui
3051 3778 3118 3834 de
3163 3778 3301 3834 caelo
3348 3778 3572 3836 descen-

2000 3864 2095 3919 dit.
2120 3884 2138 3916 ι
2175 3863 2242 3919 Et
2272 3864 2376 3919 hoc
2398 3864 2519 3920 ideo
2548 3873 2604 3919 ut
2633 3865 2742 3921 illic
2768 3866 3010 3922 absolute
3042 3870 3264 3939 mystica
3293 3883 3450 3925 emua
3480 3872 3573 3929 de-

1998 3956 2153 4011 beret
2180 3956 2462 4010 celebrari.
2988 3978 2995 3983 '

2069 4046 2250 4100 Aaron
2295 4055 2476 4102 autem
2507 4055 2562 4102 et
2602 4045 2697 4101 filii
2743 4048 2860 4118 ejus
2901 4046 3029 4103 illud
3078 4057 3223 4107 recte
3263 4049 3567 4105 comedent.

2000 4134 2115 4191 Nisi
2142 4136 2287 4190 enim
2316 4134 2564 4192 Christus
2598 4146 2816 4208 rogatus
2851 4155 2945 4193 ore
2979 4140 3316 4193 sacerdotum
3348 4139 3462 4209 ipse
3484 4156 3574 4197 ve-

2001 4228 2164 4292 nerit,
2185 4234 2241 4282 et
2262 4242 2470 4282 coenam
2498 4229 2916 4285 sanetificaverit
2938 4237 2993 4284 et
3019 4230 3332 4295 mitiavcrit,
3361 4245 3424 4285 ea
3454 4247 3574 4301 qua:

2001 4326 2233 4386 aguntur
2279 4316 2582 4372 nullatenus
2643 4319 2968 4373 sacrificium
3030 4319 3368 4374 Dominicum
3416 4319 3569 4375 fiunt.

2003 4405 2108 4461 Sed
2147 4406 2251 4462 hoc
2281 4407 2425 4477 quod
2472 4408 2737 4478 reliquum
2778 4419 2860 4465 est
2897 4410 2961 4463 de
2988 4410 3240 4464 carnibus
3266 4418 3318 4465 et
3343 4409 3573 4481 panibus

2002 4497 2055 4551 in
2094 4498 2214 4567 igne
2239 4498 2452 4553 incendi
2478 4500 2767 4568 praecepit:
2795 4499 2935 4568 quod
2966 4513 3109 4553 nunc
3136 4500 3381 4555 videmus
3406 4502 3572 4556 etiam

323 4591 534 4647 scendit
581 4590 773 4663 (Joan.
804 4591 915 4661 vi).
971 4590 1044 4645 De
1085 4607 1191 4660 quo
1237 4591 1290 4644 in
1337 4589 1601 4645 Psalterio
1648 4592 1896 4646 canitur:
1929 4591 1981 4650 D
2004 4588 2330 4642 seusibiliter
2355 4588 2409 4640 in
2443 4587 2679 4642 Ecclesia
2711 4586 2847 4652 fieri,
2884 4588 3100 4658 ignique
3136 4590 3270 4643 tradi
3316 4605 3574 4660 quaecun-

329 4701 349 4733 ι
378 4680 577 4736 Panem
599 4682 908 4753 angelorum
934 4682 1276 4736 manducavit
1295 4683 1454 4736 homo
1475 4680 1589 4753 (Ps.
1613 4681 1850 4752 Lxxvu);
1878 4701 1895 4733 ι

324 4780 383 4826 et
408 4789 421 4824 :
453 4789 470 4821 ι
505 4770 652 4826 Meus
679 4773 830 4827 cibus
856 4780 939 4828 est
961 4812 975 4837 ,
1003 4781 1063 4826 ut
1091 4771 1286 4825 faciam
1314 4772 1642 4827 voluntatem
1669 4774 1785 4843 ejus
1808 4775 1900 4843 qui

325 4876 415 4917 me
463 4862 608 4917 misit
647 4860 825 4935 (Joan.
871 4864 964 4935 ιν).
1001 4882 1018 4914 ι
1070 4854 1243 4930 Quod
1274 4873 1453 4916 autem
1508 4879 1757 4917 mensura
1794 4880 1899 4918 una

327 4949 644 5023 atriolorum
674 4960 792 5006 erat
832 4961 1081 5022 quatuor,
1113 4968 1231 5021 qum
1276 4951 1397 5005 atrii
1429 4951 1648 5021 majoris
1678 4952 1901 5023 angulos

326 5040 663 5110 pessidebat,
694 5053 922 5112 quatuor
972 5044 1154 5098 mundi
1205 5044 1469 5113 significat
1512 5043 1728 5113 plagas,
1758 5044 1899 5113 quod

327 5129 385 5183 in
413 5130 606 5186 sudore
631 5132 805 5187 vultus
830 5134 997 5188 nostri
1021 5134 1364 5189 comedamus
1394 5149 1587 5204 panem
1619 5130 1768 5205 (Gen.
1795 5133 1898 5207 tu),

328 5228 383 5272 et
411 5218 586 5274 omnis
615 5219 767 5276 labor
790 5224 961 5289 ventri
985 5224 1318 5293 aercorique
1342 5225 1605 5294 proficiat,
1623 5241 1741 5294 quae
1769 5241 1901 5297 qua-

327 5312 457 5359 tuor
482 5303 673 5361 atriola
700 5308 780 5362 vel
805 5326 943 5363 unus
970 5310 1146 5380 paries
1175 5310 1465 5365 ambiebat.
1499 5309 1565 5364 Et
1592 5311 1783 5366 culinae
1822 5311 1902 5364 fa-

327 5384 550 5453 bricatae
596 5409 751 5454 erant
792 5400 976 5455 subter
1015 5402 1256 5472 porticus
1294 5417 1393 5471 per
1418 5418 1603 5473 gyrum
1624 5444 1638 5465 ,
1669 5403 1751 5458 vel
1780 5419 1903 5473 pro-

327 5485 528 5555 pinqua
556 5488 827 5543 habebant
854 5491 1119 5553 accubitu,
1150 5501 1209 5545 ut
1237 5492 1325 5545 ubi
1353 5493 1478 5556 cibi,
1517 5493 1587 5547 ibi
1617 5502 1670 5547 et
1693 5508 1899 5548 mensa-

327 5589 449 5629 rum
496 5580 830 5649 prreparatio.
873 5580 941 5635 Et
968 5598 1035 5637 ne
1073 5581 1295 5637 forsitan
1321 5581 1593 5653 ignoraret
1636 5582 1900 5654 Propheta

331 5663 459 5734 quid
498 5674 703 5733 essent,
744 5685 863 5739 quae
901 5668 1167 5737 cerneret,
1194 5672 1345 5727 dixit
1374 5672 1442 5728 ad
1483 5688 1605 5728 eum
1632 5691 1645 5727 :
1670 5672 1795 5728 Haec
1819 5684 1903 5729 est

332 5754 519 5810 domus
549 5756 844 5812 culinarum
883 5759 935 5814 in
986 5774 1091 5830 qua
1134 5769 1366 5831 coquent
1408 5761 1641 5817 ministri
1686 5760 1899 5818 Domini

2007 4691 2111 4746 que
2138 4691 2419 4732 remanere
2447 4677 2730 4746 contigerit
2761 4677 3159 4747 inconsumpta.
3206 4679 3345 4751 Ergo
3375 4696 3440 4735 ex
3468 4682 3574 4741 hoc

2005 4768 2149 4838 quod
2184 4769 2361 4838 agitur
2386 4766 2730 4833 sensibiliter,
2761 4769 3081 4839 significatio
3114 4771 3391 4841 cujusdam
3420 4774 3576 4830 intel-

2005 4857 2222 4928 ligibilis
2272 4857 2346 4910 rei
2392 4858 2471 4912 eis
2518 4859 2609 4927 qui
2648 4858 2929 4925 intendunt
2956 4861 3233 4930 provenit,
3272 4872 3333 4917 ut
3361 4865 3576 4934 quando

2008 4949 2077 5003 ad
2130 4947 2511 5003 comestionem
2556 4948 2811 5003 sacrificii
2856 4949 3162 5017 deficimus,
3194 4958 3249 5005 et
3293 4954 3579 5011 comedere

2004 5036 2135 5092 illud
2163 5037 2369 5108 integra
2398 5052 2504 5092 non
2526 5052 2831 5117 possumus,
2849 5048 3027 5096 mente
3048 5040 3225 5098 forsan
3249 5043 3578 5101 lassescente

2005 5129 2118 5183 sive
2146 5129 2449 5194 deficiente,
2474 5139 2653 5184 utrum
2687 5145 2751 5184 ea
2780 5147 2899 5201 quae
2920 5133 3171 5188 videntur
3200 5149 3395 5204 corpus
3420 5148 3577 5205 Opor-

2007 5226 2117 5273 teat
2140 5220 2361 5290 intelligi
2406 5220 2638 5287 Domini,
2670 5223 2724 5276 in
2751 5224 2892 5292 quod
2919 5224 3092 5281 oculis
3120 5241 3221 5280 nec
3246 5226 3420 5295 angeli
3447 5240 3573 5294 pos-

2008 5318 2132 5364 sunt
2179 5311 2508 5379 prospicere,
2540 5328 2647 5367 non
2692 5313 2943 5383 relinqui,
2974 5316 3070 5370 sed
3115 5316 3279 5369 etiam
3326 5316 3467 5371 tradi
3509 5328 3574 5371 ea

2006 5398 2118 5469 igni
2143 5408 2355 5469 oportet
2381 5396 2626 5470 spiritus,
2655 5411 2713 5457 ut
2739 5419 2803 5459 ea
2828 5407 3075 5460 comedat
3101 5420 3220 5474 qua:
3265 5406 3423 5467 nobis
3445 5413 3573 5461 sunt

2006 5504 2074 5544 ex
2115 5491 2427 5546 infirmitate
2459 5492 2722 5548 inesibilia
2746 5495 3051 5564 :quomodo
3098 5502 3277 5550 autem
3303 5494 3570 5559 comedat,

2006 5594 2130 5635 cum
2153 5581 2588 5651 cogitaverimus,
2615 5583 2802 5638 virtuti
2846 5583 3068 5652 spiritus
3109 5598 3241 5640 esse
3272 5581 3568 5656 possibilia,

2006 5684 2071 5726 ea
2094 5686 2213 5741 quae
2236 5671 2392 5727 nobis
2419 5670 2767 5742 impossibilia
2795 5672 3061 5729 videntur.
