4028 6196
502 347 634 405 1051

533 425 540 431 ’
1064 461 1291 519 CAPUT
1326 463 1529 521 XLVII.

506 566 579 624 De
596 569 747 651 aquis
758 570 1077 651 multisque:
1090 573 1373 651 procedunt
1396 574 1461 629 de
1469 577 1691 651 templo,
1705 580 1770 634 de
1801 580 1973 651 gratia
1997 582 2090 637 ba—

565 639 764 715 ριὶζςςιιὶἱ
769 640 832 693 de
845 639 1098 715 diuisione
1109 650 1445 715 numquam
1458 639 1788 704 hwréditarie
1801 639 1997 715 accepit
2009 651 2090 707 Is-

570 709 679 763 rael
690 723 710 761 :
729 710 794 763 de
804 720 955 780 porta
979 710 1219 780 civitatis,
1235 709 1387 783 cujus
1402 732 1589 772 nomen
1605 729 1686 773 est
1707 709 2086 778 domus’Judw.

572 857 592 891 ι
629 838 695 893 Et
714 842 981 896 convertit
1004 858 1092 898 me
1121 843 1189 898 ad
1214 854 1428 915 portam
1459 848 1674 917 domus,
1702 860 1757 907 et
1783 866 1913 910 ecce
1933 870 2088 926 aqua:

502 947 522 981 ι
562 931 981 1001 egrediebantur
1027 937 1217 991 subter
1248 937 1415 995 limen
1459 942 1652 998 domus
1693 946 1759 1000 ad
1798 947 2083 1003 orientem.

500 1039 518 1071 ι
557 1020 748 1077 Facies
776 1023 922 1077 enim
948 1024 1139 1081 domus
1168 1029 1495 1098 respiciebat
1516 1034 1585 1087 ad
1608 1035 1894 1091 orientem.
1916 1038 2086 1110 Aquae

501 1131 518 1161 σ
566 1123 749 1168 autem
776 1114 1182 1173 descendebant
1230 1120 1285 1173 in
1328 1119 1469 1177 latus
1510 1126 1696 1194 templi
1734 1127 1983 1184 dextrum
2017 1132 2085 1187 ad

500 1223 516 1253 ι
566 1205 849 1260 meridiem
898 1207 1105 1263 altaris.
1159 1210 1228 1265 Et
1275 1196 1465 1269 eduxit
1503 1230 1588 1270 me
1616 1234 1714 1286 per
1742 1218 1884 1273 viam
1916 1231 2087 1290 porta:

500 1313 518 1346 ‹
566 1296 853 1365 aquilonis,
883 1306 937 1353 et
966 1302 1231 1357 convertit
1274 1318 1361 1358 me
1389 1305 1459 1360 ad
1503 1308 1646 1361 viam
1679 1307 1824 1364 foras
1870 1321 2083 1382 portam

499 1408 517 1438 ι
561 1388 909 1455 exteriorem,
962 1391 1102 1445 viam
1135 1408 1255 1461 qua:
1303 1390 1631 1466 respiciebat
1673 1400 1740 1454 ad
1792 1402 2079 1459 orientem.

501 1494 520 1527 ι
564 1476 630 1531 Et
669 1493 797 1533 ecce
838 1494 993 1549 aquae
1037 1478 1407 1540 redundantes
1445 1501 1478 1539 a
1512 1486 1684 1543 latere
1727 1490 1919 1547 dextro
1958 1510 2081 1548 cum

499 1585 518 1618 ι
560 1569 908 1638 egrederetur
926 1570 1011 1625 vir
1029 1571 1096 1625 ad
1115 1573 1402 1641 orientem,
1420 1577 1509 1646 qui
1534 1578 1767 1635 habebat
1785 1580 2080 1638 funiculum

498 1677 517 1710 ι
564 1659 618 1712 in
644 1674 803 1713 manu
831 1676 948 1722 sua,
969 1670 1023 1715 et
1045 1676 1263 1719 mensus
1283 1673 1368 1719 est
1392 1666 1539 1722 mille
1566 1669 1869 1736 cubitos,et
1900 1681 2080 1729 trans-

497 1767 518 1800 i
559 1749 717 1803 duxit
744 1765 829 1804 me
856 1766 954 1820 per
983 1768 1179 1822 aquam
1209 1770 1381 1825 usque
1421 1757 1489 1812 ad
1532 1759 1686 1815 talos.
1735 1759 2079 1833 Rursumque

498 1858 515 1889 ι
559 1852 778 1894 mensus
798 1849 883 1894 est
900 1842 1067 1908 mille,
1082 1852 1137 1897 et
1154 1846 1460 1901 transduxit
1475 1862 1560 1903 me
1574 1863 1672 1918 per
1687 1864 1883 1921 aquam
1907 1869 2077 1924 usque

497 1952 516 1984 ‹
557 1932 624 1987 ad
651 1948 844 2003 genua.
876 1933 946 1988 Et
973 1950 1192 1993 mensus
1234 1946 1319 1994 est
1362 1939 1540 2006 mille,
1569 1950 1625 1995 et
1654 1943 1955 1999 transduxit
1991 1961 2077 2000 me

496 2043 516 2076 ι
558 2040 656 2097 per
701 2025 895 2096 aquam
926 2043 1100 2097 usque
1128 2030 1196 2084 ad
1228 2044 1407 2087 renes.
1456 2033 1523 2087 Et
1554 2049 1777 2090 mensus
1819 2041 1903 2091 es‘t
1932 2036 2077 2092 mille

494 2133 514 2165 ι
561 2120 855 2178 torrentem
887 2130 1048 2186 quem
1091 2110 1199 2173 non
1223 2122 1373 2190 potui
1417 2125 1778 2193 pertransire,
1818 2128 2075 2196 quoniam

493 2224 513 2257 ι
556 2206 924 2264 intumuerant
944 2224 1098 2280 aqua:
1128 2211 1378 2282 profundi
1409 2215 1687 2284 torrentis,
1719 2218 1811 2287 qui
1843 2235 1949 2273 non
1976 2236 2075 2290 po-

493 2315 512 2346 (
556 2304 698 2352 terat
725 2300 1092 2355 transvadari.
1116 2320 1134 2352 ι
1168 2301 1441 2376 (Ηὶενοη.)
1463 2303 1570 2361 Pro
1591 2321 1700 2377 quo
1725 2305 2077 2381 Septuaginta

487 2390 918 2445 transtulerunt:
951 2410 970 2444 ι
1000 2392 1068 2447 Et
1098 2409 1318 2451 mensus
1355 2408 1439 2453 est
1466 2398 1613 2455 mille
1641 2408 1697 2456 et
1724 2416 1831 2456 non
1864 2412 2078 2473 poterat

484 2479 839 2547 pertransire,
913 2481 1171 2551 quoniam
1207 2482 1487 2541 ferebatur
1515 2502 1656 2558 aqua
1686 2488 1862 2545 instar
1888 2492 2077 2560 princi-

390 2574 399 2581 ‘
484 2569 613 2640 pitis
642 2571 920 2639 torrentis,
952 2573 1047 2644 qui
1079 2575 1300 2630 transiri
1330 2592 1438 2633 non
1482 2579 1905 2652 potest.¢Aquae
1932 2582 2075 2650 istae,

484 2677 608 2732 qua:
633 2664 1053 2733 egrediebantur
1076 2667 1265 2723 subter
1291 2668 1456 2724 limen
1489 2672 1709 2739 domus,
1740 2673 1795 2728 id
1822 2681 1907 2729 est
1935 2681 2075 2733 tem-

484 2753 561 2824 pli
609 2768 715 2809 non
756 2754 1071 2812 ferebantur
1099 2758 1166 2813 ad
1206 2760 1515 2831 aquilonem
1540 2774 1597 2818 et
1619 2764 1690 2818 ad
1714 2764 2070 2829 occidentem,

487 2845 583 2902 sed
614 2846 681 2900 ad
707 2846 993 2901 orientem.
1035 2848 1103 2903 Et
1140 2849 1195 2904 in
1227 2850 1400 2907 latere
1430 2852 1614 2923 templi
1642 2852 1833 2908 dextro
1852 2893 1868 2920 ,
1900 2855 1954 2910 id
1990 2863 2076 2910 est

486 2936 556 2991 ad
603 2935 922 3001 meridiem,
964 2937 1247 3007 ipsamque
1298 2940 1580 2995 meridiem
1625 2957 1733 2997 non
1784 2941 2075 3011 cujuslibet

484 3026 612 3091 loci,
643 3027 738 3083 sed
759 3026 966 3081 altaris.
1009 3027 1086 3081 Ex
1115 3016 1223 3097 quo
1249 3029 1596 3099 perspicuum
1632 3030 1693 3085 fit
1738 3047 1924 3088 sacras
1951 3047 2072 3088 esse

483 3136 657 3191 aquas
702 3130 757 3176 et
808 3120 1110 3178 Salvatoris
1163 3124 1338 3179 nostri
1389 3125 1701 3195 signiﬁcare
1742 3127 2068 3195 doctrinam,

1131 352 1194 406 ιι.
1235 352 1489 410 nimim
1529 351 1749 413 mum
1785 356 2105 416 ABClllEP.
2143 338 2455 421 uocuiv'r.
2496 363 2783 425 OPERUM
2820 368 3003 427 rans
3035 370 3102 427 ιι.

3630 381 3654 435 ί
3664 381 3771 439 053!

2113 485 2167 545 Α
2190 490 2314 531 cum
2343 477 2560 535 silentio
2588 479 2722 553 (ha.
2757 485 2902 556 vui),
2940 504 2959 537 ι
2986 485 3055 540 de
3080 484 3276 555 quibus
3303 485 3546 558 loquitur
3568 491 3738 550 Isaias
3763 514 3777 550 :

2195 586 2216 620 ι
2251 568 2526 629 Haurietis
2558 589 2730 645 aquas
2764 576 2832 631 de
2855 576 3093 633 fontibus
3124 577 3425 636 Salvatoris
3450 579 3589 654 (Ira.
3614 585 3735 656 ιιι).
3756 607 3776 639 ι

2187 666 2258 722 Et
2271 667 2560 727 Psalmista
2584 685 2599 724 :
2622 689 2646 723 ἰ
2666 671 2980 728 Benedicite
3005 673 3233 730 Domino
3255 673 3323 729 de
3354 673 3597 733 fontibus
3614 678 3779 736 Israel

2190 758 2363 831 (Psal.
2396 761 2588 834 ιινιι).
2615 782 2633 814 ι
2668 763 2738 818 Et
2759 763 2900 819 idem
2926 764 3098 819 Isaias
3123 767 3190 821 de
3204 766 3437 822 Domino
3462 765 3776 826 Salvatore:

2193 870 2211 903 ι
2244 850 2370 919 Iste,
2402 852 2498 919 ait,
2529 853 2797 910 habitabit
2824 855 2880 910 in
2910 856 3125 912 excelsa
3161 857 3421 927 spelunca
3466 867 3635 929 petra:
3663 861 3777 916 for-

2188 940 2431 1007 tissimae,
2461 944 2619 1013 panis
2647 944 2696 999 ei
2725 944 2962 1011 dabitur,
2991 954 3217 1016 etaqua
3246 946 3391 1003 illius
3420 948 3594 1008 ﬁdelis
3618 969 3631 1004 :
3654 966 3773 1006 eru-

2184 1033 2265 1103 pit
2292 1033 2436 1088 enim
2461 1034 2518 1089 in
2544 1036 2761 1092 deserto
2791 1052 2932 1107 aqua
2976 1046 3031 1093 et
3071 1039 3227 1094 vallis
3272 1041 3329 1096 in
3376 1049 3527 1096 terra
3568 1044 3766 1099 sitienti

2186 1122 2320 1195 (ιω.
2355 1124 2571 1199 xxxiii).
2594 1145 2613 1177 ι
2646 1126 2959 1198 Diciturque
2993 1129 3379 1187 credentibus:
3410 1150 3430 1183 ‹
3466 1131 3647 1189 Nolite
3696 1135 3767 1189 ti-

2184 1230 2352 1283 mere,
2377 1218 2633 1287 quoniam
2661 1220 2865 1275 redemi
2887 1229 2967 1287 te;
2991 1236 3145 1277 meus
3162 1236 3223 1277 es
3246 1231 3327 1287 tu,
3342 1231 3399 1278 et
3416 1222 3463 1279 si
3491 1226 3770 1283 transieris

2182 1321 2283 1376 per
2310 1322 2528 1378 aquam,
2547 1318 2727 1365 tecum
2747 1325 2847 1381 ego
2873 1326 2992 1365 sum
3023 1310 3159 1383 (Isa.
3188 1313 3398 1384 sum)»
3425 1314 3496 1369 Et
3522 1331 3765 1372 rursum:

2188 1414 2209 1446 σ
2237 1397 2338 1463 Qui
2359 1399 2542 1463 sititis.
2560 1399 2631 1454 ite
2651 1400 2718 1455 ad
2734 1416 2927 1470 aquam
2944 1400 3078 1470 (lca.
3104 1402 3211 1475 ιν).
3234 1423 3256 1457 ι
3275 1403 3345 1457 Et
3360 1419 3460 1474 per
3477 1404 3766 1462 Jeremiam

2181 1484 2419 1555 loquitur
2447 1489 2624 1544 Deus:
2655 1509 2674 1541 ι
2701 1490 2818 1545 Duo
2861 1491 3004 1545 mala
3049 1490 3177 1547 fecit
3218 1493 3451 1564 populus
3477 1510 3656 1556 meus.
3684 1512 3767 1551 me

2180 1576 2468 1648 dereliquit
2497 1578 2699 1635 fontem
2739 1595 2893 1651 aqua:
2916 1581 3072 1646 vivae,
3096 1591 3153 1637 et
3181 1582 3432 1637 foderunt
3475 1583 3581 1639 sibi
3622 1584 3767 1640 lacus

2178 1667 2270 1736 qui
2316 1684 2515 1741 aquam
2554 1671 2836 1726 continere
2876 1685 2982 1725 non
3021 1680 3249 1742 possunt
3297 1672 3430 1742 (Jer.
3449 1674 3531 1744 ιι).
3560 1692 3580 1725 ι
3619 1674 3767 1729 Sicut

2180 1758 2342 1828 igitur
2387 1758 2615 1829 legimus
2652 1760 2707 1815 in
2747 1761 2944 1815 bonam
2984 1770 3195 1830 partem
3233 1776 3426 1831 aquas,
3457 1778 3582 1831 quae
3615 1780 3765 1835 egre-

2110 1837 2152 1894 Β
2179 1849 2400 1903 diuntur
2426 1850 2493 1905 de
2521 1850 2707 1906 limine
2732 1850 2914 1921 templi
2944 1859 2999 1906 et
3025 1850 3333 1907 referuntur
3360 1854 3429 1907 ad
3467 1854 3762 1909 doctrinam

2175 1939 2453 2004 Ecclesiae.
2476 1942 2556 1997 sic
2582 1950 2709 1998 sunt
2735 1958 2891 2013 aqua:
2918 1958 3119 1999 amarae
3142 1953 3198 1999 et
3222 1959 3378 2014 aquae
3404 1947 3677 2014 pessima,
3698 1947 3765 2002 ad

2176 2045 2312 2100 quas
2357 2030 2622 2088 Jeremias
2666 2035 2927 2105 propheta
2970 2050 3069 2090 nos
3109 2036 3358 2105 prohibet
3391 2038 3653 2093 accedere
3684 2040 3762 2094 di-

2176 2138 2306 2181 cens
2329 2144 2342 2179 :
2373 2144 2391 2177 ι
2425 2124 2568 2193 Quid
2588 2125 2742 2182 vobis
2765 2136 2821 2182 et
2843 2126 2944 2181 viae
2966 2125 3183 2198 Egypti
3209 2137 3268 2182 ut
3287 2127 3491 2184 bibatis
3521 2130 3588 2185 de
3612 2131 3763 2201 aquis

2177 2213 2323 2271 Gcon
2356 2204 2490 2287 (Jer.
2533 2217 2619 2286 ιι),
2644 2237 2662 2270 ι
2702 2232 2821 2287 qua:
2849 2218 3115 2289 Iiebraice
3139 2218 3391 2274 dicuntur
3413 2221 3549 2286 sior,
3581 2222 3633 2276 id
3656 2230 3757 2285 est,

2179 2306 2405 2362 turbida:
2424 2317 2586 2378 atque
2611 2311 2867 2366 emnosze?
2892 2309 2967 2364 De
2988 2310 3184 2379 quibus
3208 2310 3380 2365 iratus
3406 2327 3572 2382 super
3593 2312 3759 2368 haere-

2177 2396 2300 2450 ticis
2326 2396 2565 2467 loquitur
2588 2397 2730 2454 Deus
2753 2416 2766 2452 :
2799 2419 2817 2451 ι
2843 2399 2984 2455 Ecce
3010 2415 3110 2470 ego
3134 2399 3324 2455 cibabo
3349 2416 3442 2456 eos
3472 2402 3753 2472 angustiis,

2176 2495 2232 2540 et
2254 2487 2391 2542 dabo
2430 2489 2508 2542 eis
2539 2497 2727 2558 potum
2801 2505 2993 2559 aquam
3017 2489 3154 2545 fcllis
3187 2489 3329 2561 (Jer.
3359 2490 3478 2563 ix),
3514 2512 3533 2545 ι
3571 2493 3625 2546 in
3653 2508 3756 2564 qua

2176 2576 2339 2630 draco
2386 2586 2574 2646 regnat
2618 2577 2934 2649 Egyptius,
2963 2580 3055 2649 qui
3090 2580 3256 2635 dicit:
3290 2599 3310 2632 ‹
3346 2580 3462 2635 Mea
3506 2590 3633 2636 sunt
3660 2582 3757 2636 ﬂu-

2174 2668 2339 2731 mina,
2373 2677 2430 2723 et
2454 2683 2552 2738 ego
2597 2667 2703 2725 feci
2742 2670 3115 2739 meiuetipsum
3152 2669 3370 2742 (Ezech.
3408 2671 3585 2743 nix),
3608 2690 3629 2723 ι
3664 2673 3754 2741 qui

2172 2772 2331 2813 omne
2372 2759 2644 2814 excelsum
2679 2759 2859 2825 videt,
2889 2766 2945 2814 et
2982 2758 3097 2828 ipse
3123 2766 3207 2815 est
3234 2770 3329 2816 rex
3355 2774 3547 2815 eorum
3569 2760 3662 2831 qui
3697 2763 3751 2814 in

2172 2850 2328 2920 aquis
2354 2860 2500 2906 sunt.
2529 2851 2683 2907 Unde
2711 2851 2795 2906 vir
2818 2851 3217 2908 ecclesiasticus
3241 2852 3530 2908 Dominum
3563 2854 3756 2923 depre-

2170 2949 2328 2994 catur
2352 2948 2408 2994 ot
2444 2941 2611 2995 dicit:
2642 2959 2660 2993 ι
2695 2939 2915 2996 Salvum
2945 2956 3029 2996 me
3065 2942 3174 3007 fac,
3208 2942 3451 3007 Domine,
3493 2944 3752 3012 quoniam

2170 3031 2507 3087 intraverunt
2549 3048 2704 3103 aquae
2732 3046 2903 3103 usque
2939 3033 3008 3088 ad
3048 3034 3284 3089 animam
3325 3049 3521 3090 meam.
3552 3034 3754 3090 Inﬁxus

2174 3138 2293 3177 sum
2315 3124 2370 3178 in
2399 3123 2586 3178 limum
2607 3122 2858 3193 profundi
2882 3132 2938 3179 et
2962 3139 3068 3178 non
3093 3133 3176 3180 est
3194 3125 3527 3192 substantia;
3552 3116 3671 3179 veni
3698 3126 3753 3180 in

481 3210 633 3282 juxta
664 3211 793 3266 illud
824 3211 968 3282 quod
1012 3213 1273 3283 scriptum
1301 3224 1383 3268 est
1408 3233 1421 3268 :
1454 3234 1472 3267 ι
1506 3215 1582 3270 De
1598 3215 1737 3272 Sion
1765 3218 2071 3288 egredietur
2098 3197 2142 3260 Ο
2172 3212 2510 3267 altitudinem
2543 3213 2738 3279 maris,
2768 3219 2824 3267 et
2846 3220 3132 3283 tempestas
3164 3213 3420 3269 demersit
3461 3229 3549 3268 me
3577 3211 3749 3285 (Paul.

482 3300 601 3368 lex,
651 3310 708 3358 et
753 3302 977 3357 verbum
1017 3302 1231 3358 Domini
1274 3306 1341 3360 de
1381 3302 1681 3362 Ierusalem
1722 3306 1869 3379 (Isa.
1912 3308 2005 3381 ιι).
2047 3329 2065 3362 ι

485 3395 556 3450 Ει
584 3395 638 3450 ἱιι
665 3394 769 3451 alio
797 3394 916 3452 loco
945 3411 960 3452 ἢ
989 3416 1008 3449 ‹
1035 3396 1262 3467 chlcta
1310 3406 1439 3453 sunt
1481 3400 1661 3454 omnia
1710 3401 1936 3456 scientia
1966 3402 2073 3457 Do.

482 3486 640 3554 mini,
671 3487 821 3566 sicut,
842 3503 981 3558 aqua
1010 3488 1177 3543 multa
1208 3489 1459 3560 operiens
1488 3506 1638 3546 mare
1669 3491 1804 3562 (Isa.
1831 3492 1961 3566 ιι).ι
1996 3494 2072 3551 De

483 3579 572 3636 bis
597 3581 755 3652 aquis
784 3554 839 3635 e/t
879 3554 1172 3636 iacharias
1211 3554 1475 3653 propheta
1504 3554 1837 3639 vaticinatus
1875 3554 1958 3640 est
1985 3586 2068 3640 di-

484 3685 654 3727 cens:
689 3690 707 3724 ι
743 3672 800 3727 lu
834 3672 922 3726 illo
962 3672 1049 3727 die
1097 3672 1406 3743 egredietur
1434 3688 1574 3743 aqua
1620 3674 1811 3731 vivens
1868 3676 1935 3732 de
1980 3676 2073 3734 Je-

484 3763 740 3831 rusalem,
771 3773 828 3818 et
852 3763 1086 3819 medium
1123 3761 1242 3832 ejus
1272 3764 1326 3818 in
1353 3779 1504 3821 mare
1545 3765 1801 3836 primum,
1833 3767 2071 3822 medium

482 3864 666 3909 autem
711 3854 853 3908 illius
894 3854 948 3908 in
989 3869 1139 3931 mare
1184 3854 1538 3910 novissimum
1564 3854 1750 3936 (Zaclt.
1782 3857 1915 3925 xxv).
1943 3876 1961 3911 ι
1995 3856 2071 3913 De

484 3947 570 4001 his
602 3945 758 4014 aquis
788 3952 843 3998 et
867 3945 933 3999 ad
966 3943 1366 4000 Samaritanam
1400 3945 1660 4001 Dominus
1704 3945 2067 4015 loquebatur:

489 4053 509 4085 ι
546 4018 605 4089 si
636 4034 804 4088 scires
832 4033 954 4103 quis
980 4034 1181 4102 estqui
1212 4034 1345 4089 dicit
1369 4034 1486 4101 tibi,
1512 4035 1587 4090 Da
1618 4035 1752 4089 mihi
1780 4036 1987 4102 bibere,
2013 4043 2069 4090 tu

484 4125 712 4183 forsitan
731 4126 962 4196 petisses
979 4140 1124 4190 eum,
1140 4133 1195 4179 et
1216 4126 1452 4181 dedisset
1466 4114 1562 4181 tibi
1582 4128 1852 4183 viventem
1872 4143 2069 4198 aquam

484 4221 671 4293 (Joan.
693 4219 789 4293 iv).
815 4240 833 4272 ι
883 4220 953 4275 Et
980 4220 1215 4275 iterum:
1248 4238 1265 4269 ι
1301 4220 1489 4275 Omnis
1522 4221 1614 4290 qui
1644 4222 1782 4277 bibit
1822 4223 1890 4278 de
1929 4238 2069 4292 aqua

483 4315 589 4370 ista
615 4314 765 4369 sitiet
802 4314 1025 4369 denuo:
1055 4313 1147 4382 qui
1178 4321 1356 4366 autem
1398 4312 1596 4367 biberit
1620 4328 1687 4368 ex
1728 4329 1869 4383 aqua
1905 4330 2069 4383 quam

481 4421 585 4478 ego
627 4404 768 4460 dabo
809 4403 893 4470 ei,
922 4419 1030 4458 non
1070 4404 1219 4459 sitiet
1249 4403 1301 4458 in
1332 4411 1596 4459 aeternum
1637 4402 1889 4476 (Ibid.).i
1924 4405 1990 4458 Et
2016 4405 2070 4458 in

483 4495 685 4567 templo
730 4494 999 4551 clamabat
1040 4504 1202 4564 atque
1241 4494 1486 4549 dicebat:
1514 4512 1533 4544 ι
1563 4491 1621 4548 Si
1652 4492 1775 4563 quis
1815 4493 2071 4560 sitit,ve-

484 4589 600 4644 niat
643 4588 713 4643 ad
755 4602 839 4642 me
864 4596 918 4642 et
946 4587 1134 4642 bibat:
1172 4587 1261 4656 qui
1306 4586 1479 4643 credit
1520 4586 1574 4640 in
1614 4600 1721 4649 me,
1750 4585 1890 4639 sicut
1939 4585 2070 4640 dicit

486 4677 791 4748 Scriptura,
818 4674 1037 4731 ﬂumina
1066 4675 1134 4731 dc
1162 4685 1351 4732 ventre
1387 4675 1503 4744 ejus
1526 4674 1694 4730 fluent
1728 4691 1882 4745 aqua:
1909 4676 2064 4730 viva}.

486 4769 602 4824 lloc
647 4778 826 4825 autem
872 4769 1008 4823 dixit
1045 4770 1112 4825 de
1151 4768 1344 4838 spiritu
1388 4782 1551 4837 quem
1595 4768 1867 4837 accepturi
1910 4777 2069 4823 erant

486 4858 772 4915 credentes
815 4857 872 4912 in
916 4874 1039 4914 eum
1066 4857 1248 4931 (Joan.
1285 4857 1404 4930 vn).
1431 4876 1449 4911 ι
1485 4855 1607 4912 Ista:
1647 4865 1772 4912 sunt
1818 4872 1972 4929 aijute
2000 4859 2067 4913 de

487 4956 686 5028 quibus
724 4954 992 5024 Propheta
1046 4955 1369 5024 loquebatur
1422 4955 1477 5009 in
1532 4953 1783 5025 psalmos
1823 4971 1841 5004 ς
1893 4951 2067 5020 Super

485 5062 656 5120 aquas
684 5045 998 5103 refectionis
1019 5045 1270 5101 educavit
1291 5061 1375 5101 me
1400 5042 1571 5118 (Psal.
1606 5043 1763 5115 xx").
1788 5061 1806 5095 ›
1837 5042 1904 5097 Et
1926 5042 2064 5097 Eze-

484 5142 664 5201 chiel:
695 5160 714 5193 ι
739 5140 1028 5197 Assumam
1062 5146 1166 5193 vos
1197 5137 1264 5195 de
1310 5138 1563 5207 gentibus
1604 5144 1659 5191 et
1695 5137 1761 5191 de
1800 5135 1962 5191 terris
2010 5143 2067 5191 et

484 5250 770 5309 aspergam
786 5231 949 5304 super
972 5246 1069 5287 vos
1090 5246 1287 5301 aquam
1308 5229 1582 5294 mundam,
1603 5225 2063 5284 etmundabimini

484 5345 553 5385 ex
592 5326 845 5385 omnibus
878 5320 1234 5380 immunditiis
1274 5320 1498 5386 vestris,
1523 5325 1891 5389 apparuerunt
1915 5317 2061 5372 enim

484 5417 666 5476 fontes
705 5430 967 5487 aquarum
994 5412 1209 5485 (Ezech.
1243 5410 1451 5482 xxxvr).
1480 5428 1498 5461 ι
1534 5408 1601 5463 Et
1627 5408 1682 5463 in
1711 5406 2061 5475 nonagesimo

485 5509 725 5566 secundo
749 5507 960 5577 psalmo
985 5504 1232 5560 canitur:
1265 5521 1283 5554 ‹
1313 5491 1677 5556 Elevaverunt
1712 5497 2062 5587 ﬂumina,Dc-

483 5609 632 5646 nime
665 5593 1024 5646 elevaverunt
1095 5585 1318 5642 (Iuntina
1398 5596 1565 5637 voces
1633 5595 1763 5635 suas
1818 5593 1849 5632 a
1912 5585 2064 5628 voct-

483 5682 591 5737 bus
620 5695 888 5751 aquarum
931 5679 1250 5741 multarum,
1289 5673 1572 5730 mirabiles
1596 5671 1872 5727 elationes
1896 5665 2067 5721 maris

494 5770 676 5841 (Paul.
703 5773 858 5843 exn).
899 5790 917 5824 ι
954 5773 1076 5829 ista:
1101 5780 1234 5828 sunt
1265 5782 1422 5840 aquae
1449 5765 1623 5833 Siloc,
1661 5784 1677 5817 ι
1706 5776 1828 5834 qua:
1858 5759 2068 5818 vadunt

2098 4544 2147 4603 D

2172 3298 2411 3372 varu).i
2435 3302 2502 3358 Et
2526 3303 2721 3358 iterum
2748 3321 2760 3357 :
2790 3322 2809 3355 ι
2835 3303 3061 3360 Liberer
3086 3305 3154 3360 ab
3183 3306 3268 3360 his
3294 3305 3386 3374 qui
3410 3305 3643 3360 oderunt
3666 3321 3753 3360 me

2171 3402 2228 3449 et
2259 3395 2325 3449 de
2368 3394 2633 3464 profundo
2672 3410 2955 3467 aquarum.
2994 3396 3110 3453 Non
3153 3411 3238 3451 me
3278 3396 3581 3468 praecipitet
3615 3406 3750 3451 tem-

2169 3492 2354 3555 pestas
2380 3499 2555 3554 aquze,
2583 3501 2686 3541 nec
2721 3486 3010 3542 absorbeat
3053 3501 3141 3541 me
3178 3486 3531 3556 profundum,
3579 3500 3755 3554 neque

2170 3586 2361 3648 urgeat
2386 3593 2549 3648 super
2575 3594 2660 3633 uie
2688 3587 2880 3648 puteus
2907 3594 2969 3634 os
2997 3594 3151 3633 suum
3181 3577 3418 3651 (Ibidem
3435 3573 3551 3647 xv).
3604 3576 3752 3632 Et‘in

2140 3708 2147 3717 .
2171 3667 2276 3723 alio
2294 3669 2502 3738 psalmo
2528 3688 2542 3723 :
2573 3688 2590 3721 ι
2619 3669 2732 3726 Nisi
2753 3671 2879 3741 quia
2909 3670 3167 3728 Dominus
3187 3670 3379 3724 eratin
3407 3670 3587 3736 uobis,
3611 3670 3754 3725 dicat

2170 3776 2313 3814 nunc
2354 3760 2519 3815 Israel
2544 3802 2559 3826 ,
2588 3761 2691 3816 nisi
2726 3762 2851 3831 quia
2879 3761 3137 3817 Dominus
3177 3762 3379 3822 erat-in
3410 3761 3587 3816 nobis.
3617 3760 3753 3817 Cum

2171 3858 2526 3921 exsurgerent
2555 3850 2801 3907 homines
2829 3851 2884 3905 in
2909 3863 3031 3915 nos,
3062 3849 3287 3905 forsitan
3317 3851 3467 3905 vivos
3497 3850 3754 3921 deglutis-

2172 3952 2294 3999 sent
2326 3959 2443 3999 nos.
2472 3945 2607 4000 Cum
2645 3944 2972 3999 irasceretur
3016 3942 3167 3998 furor
3202 3958 3386 3997 eorum
3434 3958 3600 4023 super
3628 3957 3751 4007 nos,

2173 4022 2401 4090 forsitan
2448 4049 2585 4104 aqua
2621 4033 2991 4089 absorbuisset
3029 4048 3129 4087 nos
3168 4031 3355 4103 (Psal.
3385 4022 3613 4103 exsili).
3637 4051 3656 4082 ι
3685 4031 3754 4086 Ει

2171 4139 2366 4194 sponsa
2410 4124 2463 4179 in
2503 4123 2726 4181 Cantico
2769 4125 3143 4179 canticorum:
3172 4143 3191 4174 ‹
3233 4122 3388 4192 Aqua
3432 4123 3602 4176 multa
3643 4138 3753 4177 non

2170 4217 2370 4289 poterit
2411 4217 2741 4286 restinguere
2786 4215 3126 4279 charitatem,
3166 4223 3220 4267 et
3261 4212 3481 4267 ﬂumina
3525 4228 3631 4267 non
3657 4213 3753 4267 de—

2171 4318 2417 4381 mergent
2436 4326 2555 4366 eam
2581 4308 2757 4382 (Cant.
2786 4308 2925 4376 vui).
2952 4328 2969 4360 ι
3001 4308 3106 4362 Ista
3131 4316 3214 4362 est
3235 4321 3374 4376 aqua
3403 4306 3471 4360 de
3490 4320 3595 4375 qua
3620 4305 3754 4358 dicit

2171 4399 2310 4456 Osee
2336 4419 2349 4454 :
2378 4419 2397 4451 ι
2426 4399 2760 4470 Contempsit
2788 4413 2873 4454 me
2891 4397 3093 4453 Galaad
3118 4398 3329 4464 civitas,
3358 4413 3477 4468 qua:
3496 4405 3756 4469 operatur

2173 4494 2442 4549 vanitates
2490 4484 2817 4549 conturbans
2859 4508 3084 4563 aquam;
3111 4500 3165 4547 ct
3194 4490 3452 4546 fortitudo
3493 4491 3611 4563 ejus
3648 4490 3754 4544 viri

2170 4581 2359 4652 pirata:
2402 4581 2548 4655 (Ose.
2576 4585 2716 4654 νὴ.»
2764 4582 2894 4650 Quae
2934 4597 3074 4653 aqua
3116 4581 3221 4637 alio
3266 4581 3488 4637 nomine
3527 4589 3755 4636 vocatur

2172 4667 2348 4735 Mam,
2370 4671 2475 4725 hoc
2500 4679 2583 4726 est
2604 4670 2924 4736 amaritudo,
2948 4671 3002 4725 in
3028 4685 3136 4741 qua
3161 4670 3361 4742 lignum
3387 4672 3566 4727 crucis
3587 4671 3753 4725 mitti-

2171 4767 2277 4826 tur,
2310 4770 2365 4817 et
2404 4778 2590 4818 amara
2630 4771 2907 4819 vertentur
2934 4764 2988 4818 in
3018 4763 3213 4819 dulcia.
3242 4762 3541 4819 Considera
3578 4764 3748 4835 legem

2170 4851 2362 4924 Moysi,
2393 4854 2438 4909 si
2466 4854 2784 4925 intelligitur
2815 4854 2970 4923 juxta
3000 4870 3216 4910 sensum
3249 4868 3510 4910 carneum
3539 4853 3751 4911 Iudico-

2168 4961 2309 5012 rum,
2326 4948 2593 5019 quomodo
2618 4962 2801 5003 amara
2824 4946 2913 5009 sit,
2929 4944 3186 5001 effodiens
3208 4944 3422 5001 oculum
3449 4960 3552 5016 pro
3572 4947 3747 5011 oculo,

2114 5058 2141 5071 κ
2170 5035 2385 5091 dentem
2423 5052 2523 5107 pro
2555 5036 2734 5115 dente,
2784 5035 2973 5091 ludam
3014 5034 3073 5089 in
3118 5033 3355 5091 Thamar
3396 5034 3750 5092 fornicatione

2171 5136 2225 5181 ct
2248 5125 2386 5182 Osee
2415 5124 2660 5195 junctum
2687 5124 3272 5191 formeariaeJeremia:
3300 5128 3587 5201 περίζωμα,
3617 5125 3745 5181 Mosi

2171 5233 2394 5273 uxorem
2431 5217 2819 5288 EthiOpissam
2854 5227 2910 5272 et
2947 5215 3371 5272 interfectionem
3402 5214 3663 5286 Egyptii,
3690 5222 3746 5268 et

2169 5311 2316 5366 mille
2337 5312 2463 5376 alia,
2485 5325 2605 5381 qua:
2628 5310 2674 5365 si
2699 5306 3225 5388 intelligamusjuxta
3246 5307 3583 5362 occidentem
3607 5305 3742 5359 litte-

2168 5419 2307 5470 ram,
2332 5413 2387 5459 et
2413 5419 2520 5458 non
2543 5403 2699 5475 juxta
2719 5402 2965 5471 spiritum
2992 5400 3579 5461 viviﬁcantem,amara
3599 5404 3737 5459 sunt,

2165 5503 2221 5550 et
2243 5495 2500 5552 lectorem
2531 5509 2687 5550 suum
2708 5508 2814 5547 non
2838 5502 2946 5546 tam
2966 5490 3233 5547 aedificant
3254 5505 3414 5559 quam
3436 5489 3737 5544 destruunt.

2163 5588 2284 5645 Istae
2305 5588 2470 5659 igitur
2490 5601 2665 5656 aqum,
2686 5600 2805 5656 qua:
2825 5583 3172 5665 egrediuntur
3194 5582 3260 5637 de
3286 5580 3486 5650 templo
3506 5576 3737 5641 Dunini,

2164 5685 2394 5751 pergunt
2415 5676 2484 5731 ad
2510 5675 2795 5740 orientem,
2821 5683 2874 5729 et
2916 5673 3246 5729 descendunt
3287 5671 3339 5724 in
3376 5669 3520 5725 latus
3560 5665 3740 5737 templi

2167 5770 2439 5834 dextrum,
2470 5764 2537 5821 ad
2576 5764 2763 5821 altaris
2783 5762 3086 5831 meridiem,
3113 5762 3201 5819 ubi
3231 5775 3458 5831 Sponsus
3485 5759 3739 5815 convivas
