4028 6196
296 432 321 483 ι
331 428 440 483 055

1176 422 1532 480 COMMENT.
1572 423 1642 480 IN
1678 421 2129 480 EZECHIELEM.
2164 452 2237 461 —-
2268 421 2394 475 LIB.
2439 422 2577 476 th.

3399 420 3537 475 test

294 557 426 599 suas
466 538 638 609 pascit
664 538 987 592 etaceuhat.
1030 526 1191 604 Quod
1224 530 1403 594 autem
1452 539 1694 607 sequitur
1715 555 1728 568 -
1759 557 1776 587 ι
1806 538 1873 592 Et
1901 545 1945 602 Α
1980 558 1997 589 ι
2031 555 2189 609 quem
2215 555 2320 594 non
2356 539 2504 610 potui
2532 532 2881 609 pertransirc,
2910 558 2930 591 ι
2966 538 3130 593 multo
3165 537 3353 594 melius
3376 553 3537 608 quam

293 633 481 689 eduxit
504 645 591 685 me
611 643 708 700 per
734 629 873 682 viam
898 637 1066 698 portae
1090 629 1356 698 aquilonis
1374 670 1389 696 ,
1405 639 1468 683 ct
1507 629 1773 684 convertit
1805 630 1871 684 ad

293 723 439 777 viain
470 719 617 776 foras
636 730 845 790 portam
873 719 1220 781 exteriorem,
1243 720 1386 773 viam
1411 733 1530 788 qua:
1553 719 1876 789 respiciebat

294 814 368 867 ad
397 811 680 875 orientem,
712 808 839 862 illud
876 808 1106 862 latenter
1133 809 1386 875 ostendit,
1418 809 1563 878 quod
1586 809 1770 862 statim
1807 809 1874 864 ad

293 911 508 974 portam
539 900 853 957 orientalem
875 900 1158 969 pervenire
1186 915 1293 954 non
1317 914 1623 970 possumus,
1651 900 1755 955 nisi
1778 915 1875 970 per

293 996 441 1050 viam
465 1001 632 1064 portie
658 993 923 1062 aquilonis
956 992 1115 1061 longo
1143 992 1371 1048 circuitu
1407 991 1782 1060 perveniamus
1807 992 1875 1046 ad

293 1098 463 1142 eam.‘
492 1083 605 1139 Nisi
659 1085 803 1139 enim
863 1093 1079 1145 ventum
1133 1076 1557 1155 frigidissimum
1587 1083 1877 1138 vicerimus

293 1173 479 1229 calore
506 1171 717 1235 fidei,el
740 1158 1127 1226 calcaverimus
1153 1171 1399 1242 regiones
1419 1169 1553 1239 ejus,
1580 1179 1643 1225 ut
1663 1170 1880 1240 implea-

296 1270 389 1315 tur
417 1260 543 1314 illud
567 1260 622 1314 in
666 1259 819 1313 nobis
844 1258 1195 1328 apostolicum
1223 1276 1237 1312 :
1265 1278 1284 1310 ι
1316 1260 1459 1314 Deus
1486 1268 1666 1314 autem
1694 1267 1878 1315 conte-

295 1359 384 1405 ret
403 1348 657 1405 Satanam
674 1348 774 1404 sub
792 1349 1018 1417 pedibus
1030 1350 1228 1405 vestris
1237 1349 1493 1405 velociter
1508 1349 1685 1421 (Rom.
1703 1348 1870 1421 ινι);ι

294 1449 511 1509 portatu
542 1453 641 1508 per
664 1454 827 1509 quam
865 1439 1215 1508 egrediuntur
1237 1452 1390 1509 aqua:
1421 1449 1477 1494 et
1505 1449 1630 1495 sunt
1655 1455 1685 1495 a
1710 1440 1877 1497 latere

294 1529 512 1583 dextro.
530 1528 735 1598 ingredi
748 1543 853 1602 non
866 1527 1180 1584 valebimus.
1198 1529 1267 1582 Et
1276 1538 1402 1584 nota
1416 1529 1557 1599 quod
1571 1544 1722 1599 aqua:
1738 1530 1875 1595 ista),

293 1631 421 1686 quae
442 1617 787 1687 egrediuntur
808 1631 907 1685 per
927 1624 1139 1686 portam
1159 1617 1402 1684 orientis,
1435 1618 1695 1672 intantum
1716 1618 1879 1674 larvas

292 1715 482 1776 partes
511 1706 741 1776 fugiunt,
772 1714 831 1760 ut
855 1720 886 1759 a
906 1705 1114 1762 dextris
1136 1707 1326 1762 altaris
1356 1708 1423 1762 ad
1452 1709 1730 1763 meridiem
1758 1723 1880 1779 per-

293 1809 429 1865 gere
452 1794 860 1849 describantur:
887 1812 906 1845 t
940 1794 1038 1850 Vir
1071 1802 1269 1859 autem,
1296 1792 1495 1865 inquit,
1518 1796 1609 1850 ille
1644 1797 1735 1866 qui
1780 1798 1876 1851 ha-

1974 629 2345 701 Septuaginta,
2390 630 2483 699 qui
2525 626 2779 685 diserunt
2805 648 2824 680 ι
2857 645 3017 699 quem
3066 645 3173 685 non
3218 631 3389 699 potuit
3413 646 3534 699 per-

1974 720 2222 773 transite.
2255 738 2274 771 ι
2308 718 2576 789 Propheta
2599 718 2745 773 enim
2782 726 2836 772 et
2875 719 3050 773 omnis
3087 719 3320 773 humana
3349 729 3543 775 natura

1971 821 2087 880 post
2120 809 2332 865 lumbos
2362 817 2655 865 torrentem
2684 809 3069 880 cogitationum
3098 817 3154 862 et
3188 808 3453 864 incentiva
3484 809 3541 863 in

1972 903 2137 957 corde
2179 902 2431 956 vitiorum
2469 917 2578 957 non
2624 906 2802 971 potest
2841 900 3188 970 pertransire.
3239 899 3335 954 Vir
3362 908 3542 955 autem

1973 991 2082 1056 ille,
2110 990 2202 1061 qui
2228 991 2448 1045 indutus
2471 998 2591 1045 erat
2620 989 2825 1045 baddim
2849 999 2904 1043 et
2929 990 3119 1043 ductor
3140 989 3415 1057 prophetae
3432 1029 3446 1052 ,
3482 988 3548 1042 li-

1972 1081 2136 1151 quido
2155 1079 2486 1149 pertransiit,
2513 1095 2534 1130 ‹
2560 1077 2653 1148 qui
2678 1086 2955 1147 peccatum
2979 1091 3082 1131 non
3104 1075 3250 1141 fecit,
3275 1092 3375 1131 nec
3393 1076 3546 1131 dolus

1974 1171 2223 1224 inventus
2267 1176 2350 1225 est
2399 1168 2456 1223 in
2497 1182 2594 1223 ore
2625 1166 2743 1235 ejus
2797 1166 2848 1237 (Ι
2880 1166 3022 1220 Petr.
3070 1164 3154 1236 ιι).
3186 1187 3204 1218 ι
3239 1166 3547 1236 Causasque

1975 1259 2153 1315 reddit
2199 1274 2296 1313 cur
2338 1259 2603 1328 propheta
2638 1255 2784 1311 mille
2818 1264 3040 1324 quartas
3065 1256 3272 1309 cubitos
3309 1271 3414 1310 non
3449 1271 3545 1325 po-

1973 1350 2141 1405 tuerit
2178 1348 2546 1419 pertrausire:
2575 1365 2593 1398 (
2638 1346 2923 1413 Quoniam,
2956 1345 3148 1413 inquit,
3180 1344 3547 1407 intumuerant

1975 1454 2131 1510 aqua:
2174 1437 2422 1507 profundi
2474 1437 2755 1500 torrentis,
2783 1436 2874 1505 qui
2920 1450 3025 1493 non
3069 1442 3248 1504 potest
3302 1443 3545 1490 transva-

1976 1528 2165 1585 dari.»
2217 1526 2305 1583 Et.
2338 1527 2623 1596 quomodo.
2661 1528 2921 1596 scriptum
2979 1535 3059 1583 est
3118 1527 3381 1599 gloriante
3428 1542 3549 1597 pro-

1974 1617 2174 1688 pheta:
2213 1634 2233 1668 ι
2289 1615 2609 1671 Torrentem
2665 1617 2983 1685 pertransiit
3039 1617 3217 1671 anima
3278 1616 3496 1670 nostra?
3526 1636 3544 1665 ι

1979 1706 2086 1763 Sed
2127 1706 2284 1763 facile
2310 1707 2539 1762 solvitur
2580 1707 2626 1763 si
2656 1708 2893 1763 sciamus
2932 1723 3029 1778 pro
3069 1707 3170 1761 hoc
3214 1708 3470 1776 scriptum
3497 1707 3551 1761 in

1980 1786 2206 1854 Hebraeo
2233 1817 2246 1852 :
2277 1817 2297 1850 ι
2328 1798 2563 1856 Torrens
2585 1800 2897 1868 pertransiit
2928 1798 3162 1853 animam
3200 1813 3396 1852 meam.
3419 1817 3438 1848 ι
3474 1797 3551 1852 De

290 1884 463 1939 bebat
484 1883 778 1938 funiculum
804 1884 860 1938 in
889 1899 1077 1951 manu,
1101 1900 1224 1940 cum
1253 1900 1337 1940 me
1365 1885 1607 1941 duxisset
1630 1901 1729 1956 per
1750 1901 1873 1957 por—
1899 1872 1948 1932 Β
1975 1891 2078 1946 hoc
2108 1898 2348 1944 torrente
2378 1896 2433 1944 ct
2471 1887 2638 1943 Isaias
2682 1889 2962 1960 loquitur:
3001 1907 3018 1940 ι
3057 1889 3196 1943 Ecce
3217 1904 3318 1959 ego
3350 1888 3552 1942 incliuo

295 1981 410 2028 tam
452 1973 717 2042 aquilonis
756 1971 1054 2028 forinsecus
1097 1973 1164 2027 ad
1204 1973 1347 2028 viam
1391 1989 1512 2044 qua:
1556 1975 1877 2044 respiciebat

292 2066 582 2129 orientem,
604 2073 659 2118 et
680 2064 793 2133 ipse
813 2078 1023 2133 quoque
1042 2070 1187 2119 esset
1209 2064 1262 2118 in
1285 2064 1474 2120 eodem
1493 2062 1632 2129 loco,
1659 2079 1877 2121 mensus

292 2166 386 2209 est
410 2153 648 2223 ejusdem
670 2162 822 2223 aquae
845 2153 988 2208 mille
1012 2153 1241 2219 cubitos,
1268 2161 1322 2208 et
1351 2155 1653 2210 transduxit
1672 2169 1758 2209 me
1780 2168 1881 2225 per

295 2261 498 2314 aquam
527 2259 697 2314 usquc
729 2246 796 2303 ad
822 2245 986 2307 talos.
1006 2264 1025 2296 ι
1056 2258 1191 2314 quos
1219 2244 1411 2314 Aquiia
1441 2254 1496 2300 et
1526 2245 1879 2317 Symmachus

295 2349 357 2392 et
386 2337 682 2392 'l'heodotio
720 2338 1069 2414 ἀστραγάλους
1095 2336 1432 2405 interpretati
1464 2346 1613 2402 sunt,
1636 2351 1736 2407 pro
1760 2339 1880 2407 qui-

297 2431 402 2484 bus
429 2427 772 2496 Septuaginta
793 2426 1200 2491 transtulerunt,
1214 2426 1310 2480 sed
1331 2426 1581 2480 transibit
1608 2428 1661 2481 in
1683 2442 1876 2498 aquam

294 2508 664 2568 remissionis.
735 2513 892 2579 Quod
963 2514 1269 2585 intelligere
1341 2529 1635 2584 possumus
1702 2530 1877 2585 prima

291 2600 587 2661 hominum
631 2605 948 2676 signiﬁcare
984 2614 1236 2679 peccata,
1293 2622 1416 2676 qua:
1445 2606 1880 2673 ingredientibus

284 2691 460 2746 'nobis
488 2706 657 2762 aquas
698 2691 907 2746 Domini
938 2691 1300 2757 dimittuntur,
1327 2701 1383 2746 et
1415 2693 1667 2763 baptismi
1695 2703 1879 2750 osten-

299 2781 438 2835 dunt
460 2784 688 2852 gratiam
732 2781 1043 2848 salutarem,
1074 2792 1128 2835 et
1173 2782 1326 2837 initia
1356 2790 1480 2837 sunt
1518 2782 1875 2852 profectuum.

297 2872 542 2942 Denique
566 2873 637 2927 ad
661 2872 988 2943 talosusque
1016 2874 1341 2945 perungunt,
1369 2875 1459 2944 qui
1487 2874 1680 2944 plantae
1704 2875 1881 2931 calca-

299 2979 512 3034 neoque
557 2965 719 3020 vicini
742 2973 882 3027 sunt,
916 2965 1005 3034 qui
1035 2972 1184 3034 patet
1229 2966 1497 3028 morsibus
1537 2966 1761 3031 colubri,
1799 2967 1880 3021 di-

298 3066 462 3113 cente
498 3056 762 3112 Domino:
795 3074 815 3109 ι
848 3046 927 3110 Tu
972 3055 1088 3126 ejus
1131 3055 1442 3110 observabis
1470 3064 1648 3125 caput,
1685 3066 1739 3110 et
1765 3057 1880 3126 ipse

299 3148 613 3205 observabit
652 3156 800 3202 tuum
842 3146 1149 3203 calcaneum
1182 3146 1335 3218 (Gen.
1371 3147 1477 3219 ιιι).
1499 3167 1518 3200 ι
1553 3148 1619 3201 Ει
1646 3148 1697 3201 in
1724 3148 1878 3202 Psal-

296 3239 441 3298 ιρι·εο
471 3238 536 3297 de
562 3235 699 3291 Juda
738 3237 934 3292 dicitur
967 3211 1280 3306 proditore:
1312 3254 1330 3287 ι
1364 3211 1463 3304 Qui
1491 3237 1684 3292 edebat
1708 3252 1876 3306 panes
1903 3211 1949 3274 Ο

296 3346 474 3396 meos,
511 3325 875 3402 magnificavit
920 3341 1083 3395 super
1112 3341 1197 3381 me
1243 3325 1729 3395 supplantationem
1757 3323 1874 3397 (Ps.

298 3425 419 3495 xc),
440 3444 459 3476 ι
486 3425 600 3478 sive
628 3423 961 3478 calcaneum.
996 3417 1111 3473 Hoc
1133 3417 1277 3472 enim
1307 3416 1552 3472 Graecum
1580 3419 1770 3494 πτέρνα
1810 3419 1879 3474 si-

297 3514 540 3588 gnificat.
581 3514 710 3570 Post
753 3513 900 3568 mille
936 3517 1117 3569 autem
1164 3506 1405 3572 cubitos,
1429 3508 1519 3576 qui
1566 3506 1885 3577 perveniunt

296 3620 475 3675 usque
520 3605 589 3659 ad
635 3604 825 3669 talum,
851 3618 1069 3658 mensus
1109 3607 1194 3655 est
1234 3597 1374 3655 alios
1405 3595 1548 3650 mille
1576 3596 1786 3652 cubitos
1829 3596 1883 3650 in

297 3714 464 3770 aqua,
493 3715 512 3749 ‹
541 3706 599 3752 et
626 3697 929 3753 transduxit
954 3709 1040 3750 me
1080 3694 1148 3748 ad
1186 3708 1377 3764 genua.
1402 3711 1420 3743 ι
1455 3688 1583 3744 Post
1606 3689 1883 3744 remissio-

299 3803 429 3843 nem
459 3786 722 3857 siquidem
744 3796 1088 3857 peccaturum
1110 3793 1167 3839 et
1184 3785 1286 3839 iter
1306 3780 1645 3852 profecluum
1673 3780 1885 3853 quando

296 3876 578 3947 paululum
602 3879 668 3930 de
702 3875 933 3930 terrenis
960 3876 1029 3931 ad
1062 3874 1253 3929 altiora
1282 3888 1546 3929 conamur
1569 3873 1882 3939 ascendere,

297 3973 566 4029 flectimus
592 3972 816 4027 Domino
837 3988 1030 4043 genua,
1054 3972 1265 4027 dicente
1282 3969 1536 4040 Apostolo
1562 3988 1575 4023 :
1605 3969 1708 4037 «Ut
1727 3982 1887 4025 omne

299 4079 443 4135 genu
456 4062 702 4118 flectatur
720 4063 1020 4118 caelestium
1036 4071 1090 4116 et
1104 4062 1439 4117 terrestrium
1465 4068 1520 4131 et
1535 4059 1883 4126 infernorum,

303 4163 364 4208 et
406 4154 584 4208 omnis
612 4153 793 4223 lingua
817 4152 1141 4207 conﬁteatur
1168 4152 1420 4221 quoniam
1450 4150 1709 4205 Dominus
1730 4149 1889 4205 Jesus

302 4242 561 4298 Christus
606 4243 664 4297 in
712 4241 883 4313 gloria
932 4251 1018 4297 est
1061 4241 1157 4296 Dei
1203 4240 1379 4295 Patris
1427 4238 1658 4311 (Philip.
1706 4240 1799 4309 ιι).
1865 4260 1882 4293 ι

306 4332 494 4388 Tertio
515 4347 737 4390 mensus
752 4342 840 4388 cst
865 4332 1011 4386 mille
1038 4332 1171 4389 alios
1201 4331 1411 4387 cubitos
1437 4352 1455 4383 ι
1484 4338 1541 4385 et
1568 4330 1887 4397 transduxit,

310 4421 512 4490 inquit,
539 4432 627 4474 me
653 4431 754 4487 per
782 4431 975 4485 aquam
994 4429 1181 4485 usque
1206 4414 1273 4469 ad
1295 4427 1471 4469 renes.
1502 4433 1521 4468 ι

386 4510 481 4565 His
506 4511 648 4565 enim
685 4508 936 4579 gradibus
964 4508 1029 4562 ad
1058 4506 1305 4571 sublimia
1354 4506 1718 4575 pervenimus,
1761 4520 1881 4576 quae

310 4610 496 4656 tamen
527 4601 641 4671 ipsa
667 4598 916 4654 sublimia
943 4611 1110 4665 usque
1138 4596 1207 4650 ad
1235 4595 1451 4651 lumbos
1488 4582 1556 4652 et.
1578 4611 1734 4650 renes
1762 4610 1883 4665 per-

310 4693 561 4756 veniunt,
586 4703 645 4748 ut
664 4692 838 4747 omnis
860 4691 915 4745 in
935 4689 1091 4744 nobis
1113 4688 1362 4759 ignobilis
1389 4688 1552 4755 libido
1580 4695 1880 4751 truncetur,

310 4791 370 4838 ot
404 4783 772 4853 possideamus
810 4779 1289 4837 sanctificationem
1334 4778 1578 4848 corporis
1616 4778 1732 4833 sine
1774 4791 1881 4846 qua

315 4888 477 4931 nemo
496 4873 644 4928 videt
674 4873 867 4927 Deum.
891 4870 1041 4927 Unde
1074 4877 1129 4924 et
1168 4870 1221 4924 in
1265 4870 1368 4924 hoc
1393 4868 1581 4923 eodem
1620 4866 1881 4938 propheta

314 4979 347 5019 a
374 4963 600 5034 pedibus
632 4976 803 5032 usque
840 4962 908 5016 ad
950 4959 1160 5015 lumbos
1205 4960 1348 5013 Deus
1384 4959 1573 5029 igneus
1618 4957 1879 5013 cernitur.

272 5037 279 5043 ’
315 5050 556 5120 indigent
587 5049 729 5104 enim
773 5048 897 5119 igne
938 5054 994 5102 et
1019 5046 1337 5117 purgatione
1367 5060 1528 5126 opera
1560 5043 1880 5109 lumborum,

317 5141 529 5197 dicente
548 5139 698 5209 justo
722 5158 735 5194 :
764 5158 783 5191 ‹
824 5139 1088 5206 Quoniam
1119 5136 1286 5192 lumbi
1314 5136 1419 5195 mei
1446 5135 1637 5205 repleti
1666 5143 1793 5190 sunt
1813 5135 1882 5189 il-

314 5232 612 5288 lusionibus
649 5228 820 5301 (Paul.
851 5228 1080 5300 xxxvii),
1117 5248 1135 5279 ι
1162 5243 1259 5297 per
1279 5242 1414 5296 quos
1436 5225 1591 5281 nobis
1630 5234 1685 5280 et
1723 5225 1776 5278 in
1798 5225 1886 5281 die

312 5332 372 5379 et
388 5320 447 5376 in
468 5320 702 5379 noctium
732 5320 1105 5389 phantasmate
1126 5316 1300 5370 illudit
1329 5315 1601 5369 inimicus.
1624 5314 1668 5367 A
1691 5313 1887 5369 lumbis

312 5426 443 5469 vero
479 5427 649 5482 usque
677 5410 747 5465 ad
786 5415 949 5478 caput
973 5415 1028 5462 et
1056 5407 1311 5460 verticem
1353 5404 1742 5474 pretiosissimo
1781 5419 1889 5458 me-

314 5503 446 5559 tallo
469 5501 656 5558 electri
680 5499 887 5571 fulgore
922 5496 1250 5567 resplendet,
1273 5503 1335 5549 ut
1367 5494 1501 5549 nihil
1529 5494 1583 5548 in
1620 5508 1679 5548 se
1709 5494 1887 5549 sordi-

211 5610 217 5615 '
312 5598 462 5661 dum,
488 5595 621 5651 nihil
648 5594 848 5648 habeat
891 5589 1159 5645 utilitatis.
1194 5586 1347 5644 Unde
1387 5603 1530 5642 nunc
1571 5595 1766 5657 quarto
1794 5586 1878 5640 di-

312 5689 491 5743 citur:
528 5705 547 5738 ι
588 5686 654 5739 Et
685 5698 904 5740 mensus
943 5688 1027 5738 est
1053 5679 1219 5755 mille,
1250 5698 1270 5732 ι
1320 5679 1638 5734 subauditur
1682 5678 1885 5733 cubitos

319 5785 646 5842 torrentem,
701 5774 846 5846 quod
894 5771 1243 5843 Septuaginta
1302 5783 1408 5824 non
1454 5770 1883 5835 transtulerunt;

1975 1996 2135 2050 super
2157 1996 2252 2036 eos
2296 1980 2454 2035 sicuti
2498 1977 2717 2034 fluvium
2765 1981 2938 2050 pacis,
2981 1987 3036 2034 et
3063 1980 3204 2036 sicut
3257 1987 3580 2045 torrentem_

1975 2070 2320 2125 inundantem
2343 2069 2587 2139 gloriam.
2617 2088 2636 2120 ι
2674 2069 2739 2123 Ει
2759 2069 2813 2123 in
2838 2070 3111 2125 tricesimo
3140 2069 3328 2138 quinto
3349 2068 3555 2138 psalmo

1976 2161 2042 2216 de
2075 2159 2278 2215 sanctis
2308 2158 2536 2214 dicitur:
2566 2177 2585 2208 ι
2623 2157 2681 2211 in
2732 2159 3067 2227 prbtectione
3093 2159 3298 2213 alarum
3343 2168 3555 2212 tuarum

1977 2250 2288 2321 sperabunt,
2314 2249 2727 2304 inebriabuntur
2747 2249 2815 2303 ab
2842 2248 3090 2303 ubertate
3134 2250 3325 2304 domus
3355 2256 3480 2313 tute,
3502 2258 3555 2304 et

1977 2339 2581 2415 torrenteOdeliciarum
2627 2347 2840 2393 tuarum
2895 2339 3107 2409 potabis
3154 2354 3270 2404 eos,
3303 2340 3555 2408 quoniam

1977 2432 2118 2503 apud
2157 2440 2213 2486 te
2256 2439 2339 2487 est
2369 2430 2489 2486 fons
2516 2430 2679 2493 vitae:
2711 2448 2731 2482 ι
2781 2437 2835 2483 et
2878 2429 2932 2483 in
2967 2424 3262 2484 centesimo
3299 2429 3556 2483 vicesimo

1977 2525 2205 2596 quinto:
2233 2542 2265 2579 «η
2304 2522 2587 2585 Converte,
2623 2520 2867 2585 Domine,
2900 2519 3266 2590 captivitatem
3315 2525 3554 2573 nostram

1958 2614 2120 2671 sicut
2142 2622 2353 2673 torrens
2382 2614 2436 2668 in
2461 2620 2644 2668 austro
2669 2630 2733 2678 ;~)
2784 2620 2838 2667 et
2878 2626 3040 2681 super
3079 2609 3358 2664 Salvatore
3384 2628 3395 2663 :
3426 2627 3444 2660 ι
3480 2608 3555 2663 De

1979 2690 2219 2769 torrente
2251 2707 2415 2762 invia
2454 2707 2604 2762 bibat
2639 2702 2809 2778 (Psal.
2834 2704 3005 2776 c1x).r
3041 2702 3173 2769 Quis
3216 2702 3360 2756 enim
3391 2699 3591 2777 ιιοιιιίη

1979 2812 2108 2863 num
2146 2797 2366 2869 gloriari
2393 2804 2571 2868 potest
2615 2803 2823 2851 castum
2873 2810 2931 2849 se
2978 2794 3179 2848 habere
3206 2792 3344 2847 cor?
3373 2791 3456 2845 vel
3488 2791 3556 2847 ad

1979 2886 2132 2956 cujus
2157 2895 2389 2943 mentem
2410 2902 2509 2957 per
2530 2886 2807 2942 oculorum
2825 2876 3093 2939 fenestras
3113 2896 3261 2938 mors
3280 2881 3557 2951 concupis-

1980 2980 2172 3033 centiae
2203 2992 2310 3031 non
2344 2977 2604 3040 introivit,
2633 2983 2688 3029 et
2714 2983 2775 3029 ut
2797 2988 2986 3043 parum
3010 2974 3209 3039 dicam,
3241 2971 3407 3026 animi
3433 2970 3538 3025 titil

1980 3068 2145 3125 latio?
2179 3086 2197 3120 ‹
2230 3066 2458 3123 Mundus
2483 3066 2627 3123 enim
2652 3066 2708 3121 in
2731 3064 2963 3135 maligno
2989 3063 3194 3135 positus
3217 3069 3301 3118 est
3324 3061 3375 3134 (Ι
3395 3061 3555 3116 Ιοαη.

1979 3160 2056 3233 v),
2082 3181 2102 3214 ι
2133 3169 2189 3216 et
2214 3176 2245 3215 a
2273 3160 2502 3231 pueritia
2524 3160 2826 3229 appositum
2844 3167 2937 3214 .est
2960 3172 3053 3212 cor
3082 3148 3316 3212 hominis
3348 3156 3415 3210 ad
3440 3170 3556 3209 ma-

1980 3251 2108 3313 lum,
2149 3258 2209 3304 ut
2236 3265 2304 3303 ne
2349 3250 2506 3304 unius
2535 3249 2750 3317 quidem
2791 3248 2895 3303 diei
2941 3263 2973 3302 a
3011 3248 3308 3303 nativitatis
3336 3246 3558 3301 exordio

1978 3341 2095 3397 sine
2121 3348 2344 3410 peccato
2369 3338 2439 3393 sit
2458 3338 2691 3391 humana
2714 3336 2967 3390 conditio.
2992 3335 3144 3391 Unde
3168 3346 3222 3390 et
3244 3335 3412 3390 David
3435 3351 3534 3390 con

1980 3429 2159 3484 litetur
2186 3428 2241 3482 in
2262 3427 2470 3497 psalmo
2494 3443 2507 3479 :
2541 3444 2559 3477 ι
2597 3426 2738 3480 Ecce
2766 3424 2909 3479 enim
2941 3425 2996 3478 in
3022 3424 3398 3493 iniquitatibus
3426 3439 3558 3479 con-

1980 3527 2167 3590 ceptus
2193 3535 2332 3585 sum,
2369 3527 2423 3574 et
2461 3518 2515 3573 in
2556 3518 2793 3589 peccatis
2831 3517 3077 3586 concepit
3113 3523 3414 3595 memiater
3437 3531 3556 3571 mea

1983 3609 2155 3683 (Psal.
2182 3610 2304 3682 1.).»
2357 3607 2475 3664 Non
2525 3608 2579 3663 in
2631 3607 3008 3677 iniquitatibus
3057 3606 3247 3670 matris
3290 3621 3424 3661 mem
3472 3606 3559 3661 vel

1982 3709 2130 3756 certe
2155 3700 2309 3766 meis,
2340 3699 2433 3754 sed
2460 3699 2514 3753 in
2544 3697 2915 3772 iniquitatibus
2941 3698 3188 3751 humana:
3212 3695 3555 3752 conditionis.

1986 3789 2137 3849 Unde
2163 3799 2219 3849 et
2240 3789 2526 3863 Apostolus
2559 3793 2724 3847 dicit:
2755 3812 2771 3843 ι
2811 3787 3073 3864 Regnavit
3099 3801 3245 3845 mors
3283 3787 3349 3845 ab
3386 3785 3556 3845 Adam

1984 3898 2156 3954 usque
2179 3882 2507 3954 adliloysen,
2538 3883 2703 3938 etiam
2737 3897 2898 3952 super
2934 3895 3027 3935 eos
3087 3879 3177 3948 qui
3219 3895 3324 3934 non
3363 3894 3557 3950 pecca-

1984 3982 2180 4030 verunt
2207 3975 2260 4029 in
2287 3974 2693 4031 similitudinem
2728 3966 3186 4044 przevaricationis
3218 3972 3347 4029 Atia:
3377 3972 3554 4044 (Rom.

1985 4065 2062 4139 v).
2088 4085 2106 4117 ι
2148 4063 2348 4136 (σι-αθ.)
2375 4050 2513 4130 Quid
2556 4080 2786 4134 namque
2830 4065 3132 4120 millcnario
3179 4050 3423 4130 numero,
3453 4065 3558 4121 nisi

1987 4156 2167 4212 collati
2214 4158 2423 4211 numeri
2488 4155 2762 4231 plenitudo
2808 4158 3089 4228 signatur?
3125 4159 3220 4212 Vir
3257 4160 3437 4228 itaque
3466 4159 3559 4229 qui

1987 4246 2252 4318 apparuit,
2299 4246 2446 4302 mille
2498 4248 2707 4302 cubitos
2740 4249 2978 4315 metitur,
3037 4256 3091 4302 et
3146 4247 3411 4321 Propheta
3460 4263 3559 4318 per

1988 4354 2155 4409 aquas
2176 4353 2347 4407 usque
2372 4339 2438 4393 ad
2466 4338 2603 4403 talos
2620 4332 2849 4395 ducitur.
2875 4338 3006 4405 Quia
3031 4338 3356 4408 Redemptor
3376 4347 3560 4396 noster

1989 4443 2112 4483 cum
2137 4427 2290 4483 nobis
2318 4429 2385 4483 ad
2406 4443 2465 4483 se
2493 4428 2769 4484 conversis
2791 4429 2915 4482 boni
2942 4427 3144 4482 exordii
3173 4426 3557 4497 plenitudinem

1994 4520 2200 4586 tribuit,
2225 4521 2365 4575 dono
2393 4518 2651 4589 spiritalis
2675 4516 2952 4587 sapientia:
2980 4516 3152 4587 prima
3186 4516 3353 4571 nostri
3377 4517 3557 4586 operis

1990 4612 2219 4683 vestigia
2239 4609 2490 4666 infundit.
2520 4611 2728 4679 Aquam
2753 4609 2948 4679 quippe
2987 4624 3157 4678 usque
3203 4609 3268 4662 ad
3299 4609 3434 4665 talos
3461 4623 3555 4663 ve-

1989 4703 2130 4769 nire,
2156 4711 2241 4757 est
2282 4701 2392 4771 jam
2418 4714 2516 4755 nos
2558 4713 2657 4768 per
2702 4706 2977 4768 acceptam
3008 4698 3322 4767 sapientiam
3349 4698 3558 4754 deside-

1989 4802 2121 4847 ratae
2146 4788 2480 4845 rectitudinis
2516 4787 2742 4859 vestigia
2788 4794 2988 4841 tenere.
3031 4786 3131 4854 Qui
3179 4803 3391 4851 rursum
3414 4789 3557 4844 mille

1987 4883 2229 4946 metitur,
2257 4887 2313 4935 et
2336 4878 2602 4948 Propheta
2623 4891 2794 4948 usque
2812 4877 2878 4932 ad
2910 4893 3083 4947 genua
3119 4894 3217 4949 per
3243 4893 3435 4950 aquam
3459 4880 3557 4935 du-

1988 4975 2147 5030 citur.
2189 4972 2327 5040 Quia
2355 4986 2477 5027 cum
2515 4970 2643 5025 boni
2668 4969 2849 5040 operis
2872 4970 3146 5040 plenitudo
3187 4970 3460 5038 tribuitur,
3486 4972 3556 5027 ad

1987 5066 2092 5121 hoc
2115 5078 2286 5135 usque
2340 5070 2527 5119 nostra
2586 5056 2850 5132 sapientia
2895 5071 3140 5133 augetur,
3186 5069 3245 5117 ut
3293 5063 3349 5118 in
3376 5063 3556 5133 parvis

1981 5153 2094 5224 jam
2144 5153 2356 5210 actibus
2407 5151 2630 5206 minime
2680 5150 2945 5206 flectatur.
3000 5152 3138 5208 liinc
3185 5167 3415 5222 namque
3457 5167 3556 5221 per

1983 5244 2179 5301 Isaiam
2204 5244 2433 5299 dicitur:
2469 5261 2489 5293 ‹
2521 5240 2794 5297 lie-missas
2812 5257 3006 5297 manus
3029 5251 3083 5297 et
3103 5241 3357 5296 dissoluta
3379 5257 3553 5312 genua

1986 5335 2199 5403 erigite,
2229 5345 2283 5388 et
2310 5347 2525 5403 gressus
2556 5339 2731 5387 rectos
2757 5328 2915 5386 facile
2939 5330 3163 5402 pedibus
3188 5331 3381 5385 vestris
3416 5328 3551 5401 (lea.

1988 5422 2171 5493 xxxv).
2196 5442 2215 5474 ι
2243 5420 2392 5490 Aq’ua
2432 5435 2559 5491 ergo
2580 5420 2646 5473 ad
2669 5435 2841 5489 genua
2870 5418 3130 5488 pervenit,
3152 5433 3272 5471 cum
3296 5432 3410 5481 nos,
3434 5432 3555 5487 per-

1987 5519 2138 5579 cepta
2167 5510 2449 5580 sapientia,
2478 5507 2712 5578 perfecte
2734 5509 2798 5563 ad
2823 5508 2948 5563 boni
2980 5507 3159 5577 operis
3178 5506 3552 5561 rectitudinem

1989 5602 2227 5673 stringit.
2267 5600 2367 5666 Qui
2399 5600 2595 5654 iterum
2621 5600 2845 5654 metitur
2882 5597 3048 5662 mille,
3078 5605 3134 5651 et
3170 5595 3433 5665 Propheta
3458 5610 3553 5665 per

1990 5705 2153 5759 quam
2182 5704 2351 5758 usque
2388 5687 2465 5751 ad
2485 5701 2668 5744 rencm
2696 5687 2908 5743 ducitur
2937 5704 2949 5740 :
2996 5685 3124 5757 quia
3151 5684 3400 5741 videlicet
3429 5694 3554 5740 tunc

1990 5780 2046 5836 iu
2073 5780 2228 5836 nobis
2254 5778 2524 5850 plenitudo
2550 5780 2727 5848 operis
2756 5777 3042 5844 excrescit,
3072 5775 3287 5847 quando
3317 5775 3370 5831 in
3401 5774 3553 5831 nobis
