4028 6196
504 404 645 462 1055

1146 403 1207 455 Β.
1245 397 1499 455 ΒΑΒΛΝΙ
1536 396 1755 453 MAURJ
1792 394 2111 452 ARCHIEP.
2148 392 2458 469 MOGUNT.
2496 389 2782 449 OPEBUII
2820 391 3000 449 PARS
3031 392 3094 447 ll.

3622 394 3765 457 {056

498 529 750 595 percepta
795 518 1057 590 sapientia
1101 522 1288 571 omnes
1334 529 1569 585 quoque,
1603 514 1657 568 in
1710 512 1971 583 quantum
1996 520 2081 566 est
2105 515 2159 574 Α
2187 529 2207 564 ι
2241 509 2378 565 feret
2403 507 2693 578 primitiva,
2719 508 2845 577 quia
2871 521 3025 595 aqua:
3046 507 3163 579 ejus
3188 507 3255 564 de
3286 511 3766 583 sanctuarioegre-

497 613 775 689 possibile,
796 611 1205 672 delectationem
1236 606 1417 663 carnis
1438 604 1772 660 exstinxerit.
1802 602 1916 658 Nisi
1935 602 2080 656 enim

502 705 682 762 carnis
709 700 993 757 delectatio
1015 707 1158 755 esset
1183 699 1239 754 in
1272 697 1511 763 renibus,
1540 695 1832 751 Psalmista
1861 694 2082 749 minime

500 798 742 860 dixisset,
763 813 780 846 ι
809 792 919 850 Ure
940 805 1097 847 renes
1116 806 1285 856 meos,
1305 799 1360 845 et
1378 805 1473 845 eor
1492 804 1670 843 meum
1691 785 1861 859 (Paul.
1885 783 2031 856 xxv).
2055 803 2076 838 ι

501 886 654 956 Aqua
681 885 843 955 igitur
867 882 934 937 ad
969 895 1126 936 renes
1175 880 1347 945 venit,
1377 893 1501 933 cum
1549 876 1777 933 dulcedo
1804 873 2083 945 sapientiae

500 979 664 1032 etiam
711 974 981 1031 incentiva
1032 972 1214 1029 carnis
1248 970 1531 1037 interimit,
1576 974 1639 1022 ut
1686 982 1750 1022 ea
1775 980 1896 1037 quae
1923 978 2083 1019 urere

501 1074 736 1122 mentem
788 1070 1041 1135 poterant
1077 1060 1446 1117 delectationis
1495 1057 1741 1113 incendia
1769 1056 2079 1127 frigescant.

503 1159 605 1226 Qui
659 1157 835 1212 adhuc
871 1170 1090 1211 mensus
1148 1161 1231 1209 est
1277 1152 1426 1207 mille
1465 1159 1781 1216 torrentem,
1836 1148 2085 1204 videlicet

501 1264 660 1319 quem
687 1247 952 1317 Propheta
982 1244 1313 1316 pertransire
1336 1258 1441 1298 non
1468 1242 1658 1313 potuit.
1688 1242 1905 1310 De‘quo-
1918 1240 2083 1295 etiam

502 1340 671 1397 dicit:
702 1357 721 1391 σ
763 1338 1032 1406 Quoniam
1077 1337 1449 1391 intumuerunt
1482 1348 1635 1403 aqua:
1678 1330 1929 1402 profundi
1972 1339 2084 1386 tor-

500 1431 690 1496 remis,
716 1431 805 1500 qui
833 1445 939 1485 non
960 1435 1140 1499 potest
1177 1424 1532 1482 transvada‘ri.
1558 1444 1577 1477 ι
1631 1422 1891 1491 Percepta
1924 1436 2081 1476 nam-

502 1539 609 1596 que
633 1522 964 1594 perfectione
988 1519 1191 1591 Operis,
1222 1518 1288 1572 ad
1318 1514 1823 1585 contemplationem
1847 1510 2080 1574 venitur,

502 1613 560 1669 in
601 1628 706 1683 qua
736 1612 943 1667 scilicet
984 1607 1436 1677 contemplatione
1483 1605 1608 1659 dum
1634 1617 1789 1658 mens
1818 1603 1872 1656 in
1913 1600 2082 1655 altum

503 1704 720 1759 ducitur
747 1696 1022 1757 sublevate
1047 1700 1192 1754 videt
1231 1699 1286 1753 in
1316 1698 1447 1761 Deo,
1481 1695 1607 1765 quia
1648 1708 1754 1749 non
1786 1699 1967 1763 potest
1991 1706 2085 1761 pe-

504 1801 723 1849 netrare
765 1792 908 1863 quod
947 1790 1113 1856 videt,
1144 1797 1198 1844 et
1237 1788 1391 1858 quasi
1424 1786 1591 1857 tangit
1642 1785 1709 1840 ad
1740 1797 1936 1854 aquam
1964 1790 2081 1838 tor-

2190 616 2210 653 σ
2245 600 2493 654 dientur.
2523 597 2592 652 Et
2617 605 2776 652 erunt
2822 588 3033 653 fructus
3075 595 3193 666 ejus
3229 597 3286 652 in
3319 598 3518 667 cibum,
3551 611 3609 656 et
3635 601 3765 658 folia

2188 705 2208 739 ι
2241 687 2358 768 ejus
2379 685 2447 740 ad
2479 685 2822 741 medicinam.
2843 704 2863 737 ι
2891 684 3087 740 Totum
3112 686 3427 757 capitulum,
3452 705 3762 761 quanquam

2182 776 2449 847 prolixum
2477 777 2549 831 sit
2574 776 2754 841 simul,
2779 791 2982 846 ponere
3003 776 3171 842 volui,
3195 791 3266 833 ne
3288 792 3508 835 sensum
3536 780 3766 851 legentis

2182 868 2638 938 interrumperem
2660 877 2715 922 et
2741 867 2986 924 lectionis
3004 868 3139 924 ordo
3157 868 3362 924 divisus
3384 870 3440 924 in
3461 880 3647 941 partes
3666 888 3763 926 au-

2181 956 2380 1013 dientis
2434 956 2842 1026 intelligentiam
2895 958 3262 1012 conturbaret.
3326 957 3588 1015 Dicamus
3630 975 3766 1029 ergo

2182 1044 2313 1118 quid
2357 1032 2514 1104 nobis
2546 1047 2796 1104 videatur
2843 1048 2897 1102 in
2953 1048 3198 1118 singulis.
3250 1049 3345 1105 Vir
3372 1050 3480 1115 ille,
3526 1052 3765 1121 quierat

2183 1139 2373 1196 ductor
2392 1138 2708 1204 Ezechielis,
2727 1146 3034 1194 commonet
3073 1140 3410 1210 prophetam,
3451 1149 3513 1196 ut
3539 1141 3779 1213 diligen-,

2182 1232 2291 1287 tius
2338 1232 2609 1289 intueatur
2636 1242 2691 1289 et
2719 1234 2916 1296 videat,
2946 1242 3002 1289 et
3040 1234 3250 1290 occulta
3294 1236 3553 1307 mysteria
3592 1235 3765 1291 oculis

2182 1322 2380 1377 mentis
2407 1324 2671 1379 attendat.
2710 1324 2881 1379 Vocat
2911 1333 3092 1379 autem
3118 1324 3284 1379 tilium
3315 1326 3555 1381 hominis
3590 1326 3676 1380 vel
3708 1342 3761 1380 in

2182 1415 2352 1485 figura
2378 1413 2591 1469 Domini
2619 1413 2933 1470 Salvatoris.
2962 1401 3180 1470 Etenim.
3210 1414 3464 1470 Ezechiel
3502 1415 3768 1486 interpre-

2183 1512 2331 1558 tatur
2363 1502 2621 1560 fortitudo
2643 1505 2732 1560 vel
2768 1506 3052 1575 imperium
3081 1505 3215 1561 Dei:
3243 1505 3327 1559 vel
3351 1512 3503 1561 certe
3529 1505 3599 1559 ad
3620 1520 3769 1560 com-

2180 1594 2534 1650 monitionem
2557 1595 2866 1667 fragilitatis
2893 1597 3163 1661 humanae,
3178 1611 3248 1652 ne
3270 1596 3622 1652 obliviscatur
3643 1611 3771 1652 eon-

2183 1688 2409 1744 ditionis
2432 1703 2565 1755 suaa,
2596 1691 2721 1744 dum
2766 1688 2819 1744 ei
2863 1702 3057 1758 magna
3105 1695 3497 1744 monstrantur.
3529 1688 3599 1743 Et
3624 1704 3767 1743 com-

2183 1776 2448 1833 munitum
2476 1778 2627 1834 ducit
2668 1786 2832 1848 atque
2875 1776 3142 1834 convertit
3170 1779 3239 1832 ad
3282 1779 3458 1847 ripam
3489 1779 3766 1845 torrentis,

501 1882 676 1937 rentis
730 1897 890 1952 quam
910 1878 1243 1951 pertransire
1287 1892 1392 1932 non
1418 1874 1583 1942 valet,
1614 1874 1739 1945 quia
1763 1882 1818 1929 et
1845 1874 2085 1928 intuetur
2114 1871 2158 1931 Β
2184 1878 2248 1926 ut
2269 1871 2526 1941 quoniam
2557 1869 2788 1925 mediam
2814 1868 3236 1940 profunditatem
3276 1868 3511 1925 transire
3545 1885 3652 1923 non
3677 1883 3771 1939 po-

478 1970 854 2041 .speeulando,
893 1969 1035 2040 quod
1081 1969 1265 2032 libeat,
1295 1976 1349 2021 et
1377 1976 1559 2021 tamen
1603 1962 1708 2021 hoc
1735 1964 1909 2034 ipsum
1957 1978 2084 2034 per-

500 2061 643 2117 fecte
672 2077 780 2116 non
805 2061 949 2115 valet
973 2059 1194 2123 intueri,
1231 2059 1373 2128 quod
1398 2057 1549 2112 libet.
1579 2054 1845 2126 Propheta
1868 2070 1996 2127 ergo
2017 2053 2085 2109 ad

504 2166 699 2219 aquam
727 2152 1051 2221 quandoque
1089 2149 1357 2219 pervenit,
1407 2162 1569 2217 quam
1599 2162 1703 2202 non
1749 2145 2081 2217 pertransit:

508 2243 633 2312 quia
656 2242 731 2298 [ad
781 2240 1290 2309 contemplationem
1342 2237 1620 2309 sapientia?
1649 2251 1771 2291 cum
1818 2237 1884 2291 ad
1910 2244 2089 2307 extre-

503 2351 653 2391 mum
680 2316 917 2398 ducitur,
956 2333 1073 2402 ipsa
1102 2331 1218 2401 ejus
1263 2330 1619 2395 immensitas,
1652 2334 1771 2399 qlia:
1795 2342 1860 2382 ex
1907 2342 1967 2383 se
1990 2328 2089 2382 ho-

504 2427 705 2481 minem
727 2424 975 2486 sublevat
1004 2424 1072 2477 ad
1102 2438 1160 2477 se
1184 2422 1424 2476 humano
1454 2420 1635 2475 animo
1673 2419 1885 2488 plenam
1911 2417 2091 2487 cogni-

503 2516 705 2571 tionem
757 2522 940 2578 necat,
967 2520 1029 2566 ut
1072 2511 1216 2566 hanc
1254 2517 1309 2564 et
1337 2508 1606 2580 tangendo
1635 2516 1800 2572 amet,
1826 2512 1881 2562 et
1910 2515 2091 2562 tamen

502 2620 843 2675 nequaquam
888 2602 1323 2674 pertranseundo
1369 2608 1638 2671 penetret.
1685 2599 1883 2654 Beatus
1931 2599 2093 2669 igitur

504 2693 605 2748 Job
650 2694 764 2748 hmc
789 2693 1124 2748 incrementa
1153 2692 1439 2756 virtutum,
1470 2690 1599 2760 quia
1634 2690 1887 2745 distincte
1921 2689 2094 2745 homi-

504 2785 661 2840 nibus
691 2798 922 2853 superno
975 2798 1199 2839 munere
1248 2782 1415 2838 tribui
1441 2782 1746 2851 conspexit,
1776 2782 1973 2850 gradus
1997 2796 2092 2835 vo-

507 2875 687 2930 cavit:
724 2877 979 2945 quoniam
1033 2890 1132 2944 per
1158 2875 1304 2943 ipsos
1330 2873 1642 2929 ascenditur
1670 2880 1727 2925 ut
1756 2872 1825 2926 ad
1855 2870 2095 2926 coelestia

504 2964 795 3020 obtinenda
838 2964 1104 3019 veniatur.
1142 2961 1295 3016 Sacri
1326 2962 1511 3031 itaque
1539 2961 1686 3024 libri,
1715 2960 1770 3014 id
1798 2968 1904 3025 est,
1928 2959 2095 3013 divini

509 3052 710 3123 eloquii
741 3052 1054 3107 memoriam
1085 3050 1307 3114 faciens,
1336 3049 1503 3105 dicit:
1538 3068 1556 3100 ι
1585 3048 1690 3103 Per
1715 3048 1951 3119 singu'os
1978 3062 2105 3117 gres

506 3144 612 3200 dus
642 3126 1170 3212 meosfpronuntiabo
1218 3139 1366 3195 illum
1399 3138 1542 3211 (Job.
1585 3137 1802 3208 xxxx).t
1855 3137 1990 3203 Quia
2017 3138 2098 3192 ni-

2183 1967 2345 2029 terat,
2367 1959 2560 2017 saltem
2581 1974 2647 2016 ea
2666 1975 2789 2030 quae
2812 1959 2866 2014 in
2901 1961 3036 2031 ripis
3058 1969 3184 2015 sunt
3207 1969 3584 2031 recognoscat.
3612 1959 3770 2017 Cum-

2185 2065 2310 2121 que,
2339 2051 2435 2117 ait,
2465 2066 2551 2107 me
2579 2051 2993 2114 convertissem,
3017 2050 3133 2105 sive
3152 2050 3241 2106 ille
3269 2063 3357 2105 me
3393 2051 3768 2113 convertisset,

2185 2141 2278 2212 qui
2302 2142 2497 2197 ductor
2537 2149 2656 2196 erat
2701 2147 2759 2195 et
2794 2138 3048 2206 monitor,
3095 2155 3224 2196 ecce
3265 2140 3318 2193 in
3356 2140 3478 2209 ripa
3520 2142 3774 2195 torrentis

2185 2234 2300 2288 sive
2324 2222 2469 2287 ﬂuvii
2500 2231 2644 2303 ligna
2672 2231 2838 2285 multa
2865 2231 2956 2286 vel
2990 2230 3214 2286 arbores
3240 2229 3489 2300 plurima:
3517 2231 3682 2286 nimis
3706 2246 3771 2286 ex

2187 2331 2420 2392 utraque
2438 2331 2612 2392 parte.
2639 2321 2879 2376 Torrens
2901 2321 3027 2386 iste,
3054 2322 3146 2390 qui
3188 2337 3287 2391 pro
3316 2335 3584 2390 aquarum
3606 2322 3772 2377 abun-

2189 2411 2374 2467 dantia
2424 2410 2597 2465 fertur
2644 2424 2794 2465 more
2847 2411 3105 2465 torrentis
3146 2418 3221 2465 et.
3248 2411 3476 2480 suscipit
3528 2411 3599 2465 de
3636 2410 3773 2466 etelo

2189 2504 2416 2574 pluvias,
2458 2505 2525 2561 de
2547 2518 2656 2575 quo
2699 2506 2752 2559 in
2797 2505 3072 2574 praeterita
3101 2504 3335 2561 diximus
3369 2505 3623 2570 lectione,
3662 2505 3774 2576 ipse

2191 2610 2224 2650 a
2254 2592 2603 2666 Septuaginta
2659 2595 2965 2665 appellatur
3010 2593 3224 2660 fluvius,
3278 2609 3344 2649 eo
3395 2595 3541 2663 quod
3587 2608 3771 2665 perpe-
3872 2608 3875 2609 '

2192 2694 2314 2740 tuas
2338 2674 2513 2753 aquas
2536 2684 2752 2749 habeat,
2778 2700 2879 2740 nec
2906 2685 2972 2739 de
2992 2684 3186 2755 pluviis
3211 2674 3338 2740 hinc
3361 2685 3485 2739 inde
3502 2684 3775 2749 collectas,

2194 2775 2289 2830 sed
2318 2775 2443 2829 vivo
2478 2782 2536 2829 et
2562 2782 2822 2844 perpetuo
2852 2772 3000 2828 fonte
3028 2781 3331 2829 manantes.
3374 2773 3453 2828 De
3477 2788 3586 2844 quo
3614 2772 3775 2829 ﬂuvio

2193 2867 2364 2923 multa
2397 2868 2453 2922 in
2477 2867 2778 2939 Scripturis
2809 2869 3021 2932 sanctis,
3037 2867 3287 2939 legimus,
3330 2869 3427 2924 sed
3479 2869 3765 2938 inpraesen-

2195 2959 2393 3013 tiarum
2420 2972 2593 3028 pauca
2633 2959 2857 3014 dicenda
2880 2966 3026 3023 sunt,
3058 2974 3123 3014 ac
3148 2959 3382 3032 primum
3410 2958 3577 3014 illud:
3602 2976 3625 3008 ι
3651 2957 3773 3012 Fla-

2196 3048 2359 3103 minis
2404 3050 2638 3119 impetus
2676 3049 2911 3104 laetificat
2942 3049 3213 3105 civitatem
3243 3050 3340 3104 Dei
3375 3046 3547 3121 (Psal.
3578 3047 3729 3119 xu).
3752 3068 3772 3101 ι

2197 3139 2265 3193 Et
2295 3139 2348 3193 in
2379 3138 2485 3195 alio
2515 3139 2673 3195 loco:
2706 3158 2724 3191 ι
2754 3139 2981 3196 Flumen
3026 3139 3122 3194 Dei
3165 3139 3426 3209 upletum
3469 3148 3553 3193 est
3600 3138 3775 3208 aquis,

510 3235 706 3290 mirum
737 3232 827 3288 ille
847 3233 913 3287 ad
941 3231 1244 3287 doctrinam
1289 3229 1386 3285 Dei
1414 3229 1680 3284 veraciter
1708 3227 1976 3293 ascendit,
2004 3228 2096 3297 qui
2124 3225 2167 3288 C
2198 3229 2515 3299 praeparasti
2559 3228 2739 3285 cibum
2770 3241 2980 3293 eorum,
3030 3230 3154 3299 quia
3203 3229 3285 3283 sic
3324 3236 3408 3283 est
3453 3228 3776 3298 praeparatio

492 3327 573 3383 'ad
593 3325 939 3381 obtinendam
970 3324 1111 3378 hanc
1133 3322 1392 3393 gradibus
1413 3330 1614 3376 sanctae
1634 3318 1965 3390 operationis
1978 3333 2099 3375 eru-

503 3416 667 3487 perit,
699 3425 752 3471 et
772 3415 924 3485 quasi
953 3412 1322 3484 per,singulos
1349 3412 1549 3484 gradus
1573 3427 1699 3467 suos
1729 3411 1925 3466 librum
1969 3423 2098 3479 pro—

503 3508 739 3573 nuntiat,
775 3508 867 3577 qui
920 3506 1228 3577 percepisse
1278 3519 1337 3560 se
1384 3503 1501 3573 ejus
1533 3502 1824 3558 scientiam
1851 3516 1959 3558 non
1998 3516 2099 3571 per

507 3600 673 3653 verba
705 3597 1095 3661 tantummodo,
1128 3595 1222 3650 sed
1243 3594 1407 3649 etiam
1435 3608 1533 3663 per
1559 3607 1721 3662 opera
1744 3593 2094 3647 demonstrat.

506 3688 780 3761 (Ηὶενοη.)
808 3687 963 3756 Quod
991 3687 1202 3744 cubitos
1227 3700 1423 3757 genere
1446 3683 1745 3739 masculino
1764 3690 1818 3738 et
1838 3697 1945 3737 non
1975 3698 2100 3739 neu-

506 3782 629 3838 trali
659 3781 841 3836 cubita
865 3781 1115 3846 dicimus,
1140 3779 1299 3850 juxta
1331 3779 1567 3850 regulam
1588 3776 2095 3833 Grammaticorum,

506 3874 626 3930 etin
643 3873 1013 3943 superioribus
1029 3872 1208 3937 docui,
1226 3886 1448 3927 nonlnos
1468 3870 1767 3941 ignorantia
1782 3871 1883 3924 hoc
1898 3869 2095 3937 facere,

506 3966 601 4020 sed
613 3964 997 4021 consuetudine
1009 3972 1228 4033 propter
1239 3963 1509 4032 simplices
1519 3977 1759 4032 quosque
1769 3969 1823 4016 et
1835 3961 2095 4017 indoctos,

506 4068 734 4123 quorum
756 4053 813 4108 in
838 4051 1252 4122 congregatione
1272 4052 1521 4108 Ecclesiae
1538 4053 1709 4122 major
1720 4059 1802 4107 est
1824 4065 2096 4107 numerus.

586 4163 605 4196 ι
636 4143 702 4196 Et
730 4142 867 4197 dixit
910 4142 978 4196 ad
1008 4155 1132 4195 me:
1166 4140 1326 4196 Certe
1372 4142 1555 4197 vidisti
1582 4183 1598 4208 ,
1630 4141 1705 4196 fili
1735 4140 1991 4196 hominis.
2029 4140 2099 4195 Et

518 4252 537 4285 α
577 4232 761 4289 eduxit
796 4248 881 4287 me
910 4231 964 4285 et
995 4231 1266 4286 convertit
1300 4231 1367 4284 ad
1413 4225 1588 4301 ripam
1630 4231 1904 4287 torrentis.
1938 4229 2100 4285 Cum-

515 4343 534 4375 ι
566 4339 672 4393 que
696 4338 783 4378 me
813 4321 1221 4387 convertissem,
1252 4334 1380 4375 ecce
1410 4319 1465 4373 in
1516 4320 1630 4389 ripa
1660 4321 1914 4376 torrentis
1956 4322 2098 4393 ligna
2150 4316 2154 4320 ’

516 4433 535 4465 ι
572 4413 739 4469 multa
762 4413 924 4468 nimis
950 4427 1015 4466 ex
1036 4420 1264 4481 utraque
1290 4418 1461 4481 parte.
1497 4410 1563 4463 Et
1585 4411 1659 4465 ait
1688 4411 1754 4465 ad
1777 4424 1862 4465 me
1891 4431 1904 4465 :
1931 4412 2099 4481 Aqua:

516 4521 538 4555 σ
573 4503 712 4570 istaa,
738 4519 858 4574 quae
897 4502 1248 4573 egrediuntur
1293 4500 1360 4556 ad
1406 4501 1642 4556 tumulos
1669 4502 1839 4557 sabuli
1878 4503 2100 4559 orientis

2199 3328 2288 3374 tua
2337 3318 2511 3391 (Psal.
2552 3319 2719 3390 um).
2744 3339 2763 3371 ι
2799 3319 3140 3388 Rursumque
3182 3316 3502 3388 pluraliter:
3535 3335 3556 3369 ι
3593 3316 3773 3372 Eleva-

2197 3419 2393 3466 verunt
2416 3410 2661 3475 ﬂumina,
2699 3410 2955 3476 Domine,
2982 3409 3331 3465 elevaverunt
3368 3407 3590 3463 ﬂumina
3619 3423 3776 3463 voers

2197 3515 2325 3575 suas
2362 3514 2394 3554 a
2428 3501 2652 3555 vocibus
2696 3513 2959 3570 aquarum
3008 3499 3322 3563 multarum,
3358 3498 3638 3554 mirabiles
3668 3498 3755 3552 eia

2198 3593 2375 3648 tiones
2405 3591 2572 3647 maris
2625 3591 2809 3664 (Psal.
2851 3591 3013 3663 xcu).
3038 3610 3056 3643 ι
3102 3590 3260 3646 Et-in
3300 3590 3473 3645 Isaia:
3502 3609 3523 3641 ι
3555 3588 3775 3645 Faciam

2196 3684 2251 3739 in
2290 3684 2506 3740 deserto
2536 3685 2700 3747 viam,
2737 3692 2793 3740 et
2836 3685 2888 3739 in
2936 3683 3083 3739 invio
3125 3682 3345 3738 ﬂumina
3380 3681 3519 3753 (ha.
3550 3679 3769 3753 nm).i

2197 3776 2265 3830 Et
2292 3776 2346 3830 in
2371 3776 2479 3831 alio
2507 3776 2746 3847 ejusdem
2789 3776 2909 3830 loco
2952 3773 3324 3830 manifestius:
3355 3790 3374 3824 ι
3407 3771 3703 3843 Apparebit
3723 3771 3775 3826 in

2198 3869 2330 3924 Sion
2356 3867 2548 3924 fluvius
2603 3868 2897 3923 decurrens
2955 3866 3218 3938 gloriosus
3265 3865 3321 3920 in
3376 3874 3524 3919 terra
3575 3863 3775 3919 sitienti

2197 3959 2333 4031 (Ian.
2365 3960 2585 4030 χχχιιι).
2609 3980 2627 4010 ι
2676 3958 2851 4030 Super
2902 3960 3047 4014 hunc
3093 3956 3314 4013 ﬂuvium
3354 3964 3516 4012 erant
3552 3956 3777 4011 arbores

2196 4052 2446 4121 plurima!
2471 4058 2539 4107 ex
2562 4059 2792 4121 utraque
2818 4059 2977 4122 parte
3003 4052 3155 4120 ripae,
3182 4059 3242 4105 ut
3276 4050 3420 4104 inter
3442 4050 3550 4104 duo
3570 4048 3778 4104 scilicet

2198 4145 2576 4208 instrumenta,
2593 4151 2745 4198 vetus
2766 4151 2820 4196 et
2833 4157 3029 4197 novum
3040 4183 3055 4207 ,
3071 4142 3288 4197 clausus
3304 4146 3551 4195 curreret
3561 4138 3773 4193 ﬂuvius.

2197 4235 2368 4307 Ligna
2401 4235 2581 4291 autem
2610 4235 2776 4290 multa
2807 4233 2888 4288 vel
2927 4233 3151 4289 arbores
3195 4232 3457 4301 plurimas
3495 4239 3551 4285 et
3579 4228 3776 4284 multas

2199 4325 2382 4390 nimis,
2424 4325 2543 4379 illas
2594 4324 2849 4389 arbitror,
2898 4337 3038 4393 quas
3090 4323 3144 4377 in
3192 4321 3447 4389 paradiso
3497 4318 3775 4389 Scriptura

2199 4422 2591 4470 commemorat
2610 4414 2782 4485 pomis
2802 4414 2966 4468 variis
2992 4412 3285 4468 abundare.
3310 4410 3603 4483 (Mutuus)
3625 4410 3775 4465 Seri-

2200 4512 2352 4575 ptum
2381 4511 2466 4559 est
2492 4504 2636 4574 enim
2674 4512 2734 4558 et
2781 4504 2836 4558 in
2867 4504 3073 4573 psalmo
3114 4502 3185 4559 de
3208 4502 3369 4557 beato
3408 4501 3551 4565 viro,
3602 4500 3774 4571 quiin

517 4613 538 4647 ι
573 4605 629 4651 et
652 4594 982 4650 descendunt
1011 4592 1077 4647 ad
1121 4593 1281 4663 plana
1323 4591 1521 4647 deserti
1562 4592 1837 4647 intrabunt
1861 4576 2314 4665 mare‘etDlege
2364 4595 2579 4650 Domini
2629 4594 2922 4649 meditatur
2964 4594 3053 4648 die
3109 4608 3175 4648 ac
3229 4600 3431 4657 nocte,
3481 4592 3626 4663 quod
3678 4591 3775 4646 ﬁat

516 4703 535 4735 ‹
573 4686 814 4749 exibunt,
843 4693 898 4739 et
927 4683 1263 4738 sanabuntur
1293 4697 1466 4751 aqum.
1501 4682 1567 4736 Et
1605 4683 1779 4738 omnis
1813 4683 1990 4742 anima
2020 4683 2096 4740 vi-

518 4790 536 4823 i
572 4788 720 4835 vens,
749 4788 869 4842 qum
896 4773 1067 4843 serpit
1091 4786 1411 4841 quocunque
1436 4771 1643 4825 venerit
1668 4778 1900 4838 torrens,
1926 4773 2091 4838 vivet,

517 4884 535 4916 ‹
574 4874 631 4919 et
656 4873 816 4920 erunt
836 4866 1013 4934 pisces
1036 4867 1187 4921 multi
1211 4867 1344 4921 satis
1381 4874 1665 4937 postquam
1698 4868 1944 4923 venerint
1968 4868 2094 4923 illuc

520 4974 539 5008 ε
569 4970 725 5026 aqua:
750 4956 885 5010 istae.
918 4957 986 5010 Et
1004 4944 1354 5012 [sanabuntur
1381 4967 1437 5013 et
1464 4960 1646 5013 vivent
1669 4960 1850 5015 omnia
1877 4961 1944 5014 ad
1971 4975 2092 5029 quae
2128 4946 2135 4949 ⁷

501 5065 540 5100 .‹
572 5045 783 5102 venerit
816 5054 1048 5111 torrens,
1068 5058 1132 5102 et
1170 5050 1389 5103 stabunt
1414 5064 1578 5118 super
1616 5048 1737 5105 illas
1774 5051 2091 5120 piscatores.

519 5156 542 5192 ς
575 5137 658 5192 Ah
687 5137 924 5210 Engaddi
953 5152 1122 5206 usque
1149 5138 1217 5192 ad
1248 5139 1510 5210 Engallim
1533 5138 1756 5194 siccatio
1773 5154 2092 5210 sagenarum

522 5250 544 5285 ‹
578 5231 701 5287 erit.
750 5227 1002 5285 Plurima:
1047 5231 1254 5301 species
1313 5239 1473 5287 erunt
1507 5231 1746 5301 piscium‘
1778 5231 1894 5300 ejus
1954 5230 2095 5285 sicut

517 5341 538 5376 σ
565 5324 743 5393 pisces
773 5323 939 5377 maris
959 5323 1162 5393 magni,
1189 5323 1548 5378 multitudinis
1568 5321 1760 5376 nimiis.
1796 5319 1855 5403 lu
1893 5320 1977 5376 his
1997 5335 2094 5374 au-

516 5438 534 5470 ι
572 5426 706 5483 tem,
730 5433 851 5488 quae
887 5418 1235 5489 egrediuntur
1265 5417 1410 5486 ripas
1437 5424 1491 5470 et
1524 5421 1649 5470 sunt
1677 5414 1958 5483 palustria,
1984 5424 2092 5470 non

516 5525 535 5559 ι
573 5509 1054 5573 sanabuntur,'sed
1080 5510 1132 5562 in
1164 5507 1364 5562 salinas
1385 5505 1670 5561 dabuntur.
1700 5504 1769 5558 Et
1798 5519 1960 5574 super
1983 5511 2095 5558 tor-

517 5615 537 5649 ι
572 5606 781 5652 rentem
810 5598 1017 5652 orietur
1043 5600 1096 5652 in
1120 5598 1251 5669 ripis
1272 5596 1388 5666 ejus
1411 5610 1478 5650 ex
1505 5603 1736 5664 utraque
1755 5610 1819 5665 pa
1830 5602 1909 5650 rte
1931 5608 2094 5649 omne

517 5703 537 5739 ε
566 5687 775 5756 lignum
819 5687 1167 5756 pomiferum.
1207 5687 1323 5741 Non
1359 5686 1557 5742 delluet
1585 5685 1771 5740 folium
1815 5700 1879 5740 ex
1906 5699 1992 5747 eo,
2038 5693 2095 5741 et

522 5797 544 5821 ο
573 5791 680 5830 non
706 5776 921 5832 deficiet
947 5778 1155 5835 fructus
1185 5777 1321 5847 ejus.
1361 5778 1466 5833 Per
1509 5777 1749 5848 singulos
1779 5792 1993 5833 menses
2018 5776 2092 5832 af-

2202 4702 2221 4736 ι
2251 4694 2503 4754 tanquam
2522 4683 2724 4755 lignum
2749 4683 2890 4752 quod
2908 4682 3206 4752 plantatum
3230 4691 3316 4737 est
3335 4697 3496 4737 secus
3516 4682 3775 4735 decursus

2196 4787 2482 4841 aquarum,
2508 4772 2654 4841 quod
2684 4770 2917 4827 fructum
2950 4785 3105 4825 suum
3133 4769 3282 4824 dabit
3304 4769 3359 4823 in
3381 4777 3628 4839 tempore
3653 4781 3772 4831 suo,

2192 4873 2248 4921 et
2271 4865 2457 4920 folium
2478 4864 2596 4934 ejus
2619 4880 2727 4919 non
2772 4863 2990 4928 decidit,
3021 4870 3076 4917 et
3100 4861 3280 4917 omnia
3310 4874 3651 4931 quaecunque
3690 4856 3769 4913 fe-

2195 4957 2334 5013 cerit
2384 4954 2848 5025 prosperabuntur
2901 4951 3074 5024 (Paul.
3098 4951 3204 5023 1).»
3254 4950 3431 5005 Arbor
3479 4950 3627 5006 enim
3673 4950 3770 5004 ista

2193 5044 2566 5116 principaliter
2602 5043 2918 5114 intelligitur
2955 5042 3212 5098 Dominus
3237 5039 3508 5104 Christus,
3554 5047 3771 5109 propter

2193 5149 2429 5198 erucem,
2460 5147 2623 5202 quam
2667 5148 2767 5202 pro
2811 5132 3089 5187 hominum
3140 5129 3313 5185 salute
3354 5129 3613 5199 suscepit,
3654 5144 3771 5199 qua:

2195 5228 2389 5281 merito
2417 5226 2619 5297 lignum
2659 5224 2786 5279 vita:
2828 5223 3046 5287 dicitur,
3089 5221 3304 5292 quando
3330 5227 3386 5276 et
3413 5219 3487 5274 ibi
3516 5218 3768 5274 Dominus

2192 5316 2462 5382 Christus,
2503 5316 2595 5386 qui
2633 5323 2718 5371 est
2760 5315 2871 5369 vita
2912 5320 3117 5375 nostra,
3149 5323 3443 5380 suspensus
3476 5316 3582 5371 est,
3622 5307 3769 5362 etla-

2192 5406 2337 5463 troni
2366 5408 2421 5461 in
2449 5407 2637 5462 eadem
2680 5404 2959 5460 conﬁtenti
2997 5403 3201 5458 dictum
3218 5409 3338 5455 est:
3370 5416 3389 5450 ι
3424 5398 3617 5460 Amen,
3649 5396 3766 5451 dico

2195 5499 2313 5565 tibi,
2366 5498 2525 5554 hodie
2567 5511 2777 5552 mecum
2813 5495 2924 5550 eris
2969 5495 3023 5548 in
3070 5491 3322 5564 paradiso
3367 5484 3759 5561 (Luc.xmi).a

2193 5594 2349 5663 Quod
2375 5593 2538 5649 etiam
2584 5590 2793 5660 lignum
2829 5603 2988 5643 secus
3034 5586 3294 5640 decursus
3323 5595 3589 5652 aquarum
3628 5572 3775 5647 posi-

2192 5693 2328 5751 tum,
2361 5683 2462 5738 hoc
2484 5691 2585 5746 est,
2619 5670 2772 5749 juxta
2802 5676 3105 5734 doctrinam
3143 5674 3434 5731 salutarem
3476 5671 3644 5739 ipsius
3666 5666 3771 5720 Do-

2195 5775 2347 5841 mini,
2375 5775 2465 5843 qui
2518 5774 2584 5829 ad
2632 5771 3031 5827 Samaritanam
3079 5766 3357 5824 mulierem
3393 5765 3443 5818 iu
3482 5758 3772 5830 Evangelia
