4028 6196
270 290 297 343 !
309 289 415 342 037

1152 280 1508 345 CDMMENT.
1542 288 1612 343 ΙΝ
1643 285 2103 344 EZECHIELEM.
2134 319 2206 331 —
2242 289 2371 346 LIB.
2416 290 2554 346 XIX.

3378 303 3400 355 1
3410 299 3516 358 058

264 399 385 453 ait:
415 415 435 448 ι
471 394 531 451 Si
553 395 724 451 scires
746 395 869 464 quis
894 402 998 461 est,
1021 397 1112 466 qui
1140 413 1169 452 a
1196 408 1249 454 te
1275 414 1469 469 aquam
1494 400 1648 471 petit,
1680 398 1845 473 petis-
1870 402 1919 460 Α
1946 401 2177 472 denique
2209 404 2254 458 si
2283 403 2533 460 Jordanis
2564 413 2753 461 auctus
2778 407 3041 464 imbribus
3065 411 3243 480 pisces
3280 414 3405 471 illuc
3431 418 3517 473 in-

266 502 363 546 ses
385 486 457 541 ab
484 500 548 540 eo
586 494 646 539 ut
687 487 840 540 daret
882 487 978 540 tibi
1008 502 1202 556 aquam
1246 491 1444 556 vivam,
1473 510 1494 543 ι
1524 500 1629 545 etc.
1659 488 1839 561 (Joan.

268 581 373 648 tv).
402 577 554 632 Dedit
596 573 829 631 fructum
875 591 1033 632 suum
1073 578 1131 632 in
1176 588 1417 649 tempore
1462 594 1583 645 suo,
1630 579 1845 650 quando

266 668 544 725 Ecclesias
567 669 847 725 constituit
887 677 1129 740 tempore
1172 672 1521 741 competenti,
1569 671 1623 725 in
1649 671 1844 740 quibus

266 766 453 813 exstat
480 755 704 812 refectio
741 757 1003 827 spiritalis
1028 759 1265 814 ﬁdelium
1307 761 1629 814 animarum.
1661 760 1715 813 in
1742 761 1846 814 hoc

269 833 425 897 ligno
456 832 586 886 folia
609 835 884 887 manentia
907 844 1055 900 sunt,
1081 837 1211 902 quia
1235 837 1403 891 verba
1429 843 1554 894 vitm
1575 837 1697 892 ﬁxa.
1714 840 1860 894 veri-

271 932 388 978 tate
413 923 488 978 ibi
522 924 850 989 consistunt,
870 927 1009 982 sicut
1037 928 1087 982 in
1115 929 1411 1000 Evangelio
1435 930 1640 986 dicitur
1660 948 1679 986 :
1706 932 1861 990 «Cte-

272 1016 389 1070 lum
411 1025 465 1071 et
489 1026 632 1071 terra
658 1019 988 1079 transibunt.
1020 1022 1186 1076 verba
1211 1033 1393 1077 autem
1440 1039 1558 1078 mea
1578 1040 1688 1080 non
1720 1041 1861 1095 pra:-

270 1107 528 1161 teribuut
552 1106 763 1180 (Matth.
786 1112 991 1175 xxrv)»
1023 1111 1089 1166 Et
1119 1114 1334 1169 intuere
1351 1113 1567 1171 Domini
1589 1119 1755 1174 verba
1777 1118 1860 1173 fo-

271 1196 369 1253 liis
386 1198 598 1252 arboris
616 1211 927 1271 comparata
953 1219 967 1255 :
989 1204 1116 1272 quia
1136 1205 1283 1262 sicut
1304 1207 1393 1262 illa
1416 1208 1632 1267 fructus
1648 1220 1862 1282 tegunt,

278 1291 365 1345 sic
387 1292 955 1360 promissioncssuas,
997 1307 1055 1350 et
1078 1297 1179 1352 ista
1201 1302 1544 1362 custodiunt.
1593 1302 1718 1361 llazc
1734 1315 1861 1364 sunt

275 1398 437 1452 aqua:
470 1384 769 1452 spiritales,
817 1387 933 1445 haec
979 1390 1102 1446 iolia
1136 1381 1419 1450 salutaria.
1470 1396 1546 1451 De
1571 1400 1773 1467 quibus
1805 1400 1859 1456 in

266 1476 602 1548 Apocalypsi
634 1481 828 1536 beatus
849 1484 1087 1541 .loanncs
1108 1484 1277 1543 dicit:
1314 1507 1333 1540 ι
1359 1489 1423 1543 Ει
1450 1492 1691 1547 ostendit
1724 1494 1857 1550 mihi

1948 488 2115 544 [luens
2152 493 2405 562 rapuerit,
2434 495 2616 548 statim
2638 496 2942 550 moriuntur
2969 505 3023 552 et
3043 499 3329 569 pinguibus
3362 504 3520 575 aquis

1945 590 2293 649 supernatant
2309 599 2323 646 ;
2342 599 2462 638 cum
2492 585 2605 640 haec
2626 586 2805 656 itaque
2830 588 2961 642 nihil
2989 589 3237 649 utilitatis
3259 595 3515 664 habeant,

1902 696 1905 699 λ
1946 677 2005 722 ιιι
2016 670 2240 738 simplex
2255 686 2435 727 sermo
2456 682 2700 740 testatur,
2724 683 2778 728 et
2793 673 2899 743 iam
2913 677 2958 730 si
2983 676 3118 731 facta
3134 677 3357 743 fuerint,
3372 684 3514 751 quod

1944 758 2109 811 stulta
2132 758 2436 813 Judmorum
2464 763 2637 817 credit
2677 766 3014 833 superstitio;
3042 765 3199 835 juxta
3228 769 3523 841 intelligenc

1945 846 2076 905 tiam
2105 847 2401 916 spiritalem
2449 849 2662 904 Domini
2710 860 2952 908 torrente
2977 864 3196 917 curatae.
3248 857 3519 912 habebunt

1943 938 2119 1006 pisces
2163 938 2443 1008 plurimos,
2490 949 2547 995 et
2597 943 2777 996 vivent
2806 945 3025 1009 (omnia,
3062 948 3128 999 ad
3157 961 3277 1015 qua:
3307 956 3517 1004 torrens

1943 1024 2047 1079 iste
2071 1028 2397 1096 pervenerit.
2450 1029 2525 1082 Ita
2555 1039 2614 1084 ut
2658 1031 2951 1099 piscatores
2983 1042 3126 1087 stent
3168 1049 3329 1103 super
3370 1036 3515 1106 ripas

1941 1116 2013 1171 ab
2037 1117 2279 1187 Engaddi
2309 1135 2478 1189 usque
2512 1122 2576 1174 ad
2628 1122 2907 1191 Engaliim,
2956 1138 3185 1192 quorum
3221 1126 3371 1194 prius
3400 1124 3517 1179 fon-

1941 1217 2048 1263 tem
2095 1210 2210 1265 sive
2238 1212 2447 1264 ocutum
2489 1213 2654 1275 Im'di,
2706 1229 2934 1282 sequens
2989 1215 3191 1269 fontem
3249 1215 3516 1270 oculumve

1938 1296 2221 1352 vitulorum
2267 1309 2442 1353 sonat.
2501 1302 2762 1370 Ettgullltn
2812 1304 2865 1355 in
2912 1303 3174 1373 principio
3218 1312 3303 1359 est
3350 1305 3517 1359 maris

1940 1388 2158 1453 Mortui,
2189 1390 2287 1444 ubi
2322 1388 2575 1445 Jordanis
2618 1393 2950 1462 ingreditur:
2989 1394 3229 1462 Engaddi
3272 1409 3400 1448 vero
3425 1394 3516 1449 ubi

1939 1477 2124 1532 ﬁnitur
2136 1487 2296 1548 atque
2323 1483 2655 1535 consumitur
2680 1501 2693 1535 :
2722 1498 2870 1538 mare
2888 1492 3068 1538 autem
3094 1483 3358 1539 Mortuum
3385 1485 3516 1539 illud

267 1568 480 1626 ﬂumen
528 1588 684 1642 aqua:
734 1576 880 1643 vitae,
943 1579 1294 1647 splendidum
1342 1583 1487 1637 sicut
1514 1587 1849 1657 crystallum,

1945 1577 2064 1637 puto
2094 1584 2214 1624 esse
2248 1571 2313 1624 de
2338 1585 2446 1640 quo
2476 1571 2766 1626 Zacharias
2811 1571 3047 1641 loquitur
3082 1591 3095 1625 :
3130 1590 3148 1625 ι
3196 1574 3253 1626 lu
3294 1575 3379 1627 tZ-ie
3423 1575 3513 1628 illa

262 1664 467 1718 exiens
496 1666 565 1722 de
585 1667 785 1723 throno
832 1669 922 1724 Dei
960 1682 1016 1726 et
1040 1673 1199 1743 Agni.
1236 1674 1293 1728 in
1322 1677 1504 1731 medio
1530 1679 1719 1748 plateae
1741 1681 1862 1751 ejus
1936 1657 2240 1751 egredietur
2260 1672 2398 1751 fill“?
2427 1659 2612 1715 νίνοηε
2634 1660 2702 1715 de
2719 1658 3015 1716 Jerusalem
3038 1659 3223 1733 (Ζαείιο
3250 1662 3380 1734 ιινλ
3406 1682 3424 1715 ³
3460 1671 3517 1719 ei

266 1766 334 1812 et
355 1773 421 1813 ex
452 1768 683 1832 utraque
701 1772 855 1831 parte
878 1763 1121 1824 ﬂuminis
1141 1764 1394 1821 arborem
1417 1747 1568 1832 vitae,
1588 1786 1709 1840 qua:
1728 1747 1917 1828 faciti}
1943 1748 2177 1840 {mdium
2208 1747 2341 1840 Pius
2377 1750 2429 1804 in
2479 1765 2628 1840 m9”
2682 1751 2937 1821 Primum'
2990 1752 3178 1808 Daniel
3207 1769 3420 1823 quoque
3459 1755 3514 1807 5"

267 1852 516 1908 fructum
539 1854 855 1920 duodecies,
889 1857 1122 1925 singulis
1152 1860 1436 1914 mensibus
1475 1862 1713 1917 reddens
1742 1864 1858 1917 fru-

260 1934 417 1983 ctum
443 1943 622 1995 suum,
665 1938 720 1984 ct
743 1929 867 1985 folia
895 1931 1106 1986 arboris
1132 1930 1275 1986 illius
1298 1939 1425 1985 sunt
1451 1933 1516 1986 ad
1557 1942 1843 1997 sanitatem

256 2016 503 2085 gentium
525 2020 778 2087 deputata
811 2019 992 2090 (Apoc.
1015 2020 1170 2090 χιιι).
1193 2039 1211 2071 ι
1247 2019 1459 2091 (Βεάαί.)
1481 2020 1541 2074 in
1561 2020 1841 2075 duodecim

263 2106 540 2161 mensibus
594 2122 750 2163 omne
787 2117 998 2178 tempus
1022 2109 1262 2165 insinuat
1288 2111 1432 2175 vitta,
1468 2109 1676 2164 scilicet
1700 2109 1842 2165 illius

261 2195 353 2248 ubi
377 2195 602 2251 dicitur:
633 2217 650 2250 ι
681 2198 748 2255 Ει
771 2199 896 2255 anni
920 2200 996 2255 tui
1019 2216 1125 2255 non
1151 2200 1401 2257 deﬁcient
1421 2198 1592 2272 (Paul.
1613 2202 1710 2273 ct).
1731 2221 1750 2254 ι
1774 2202 1842 2256 Et

261 2284 460 2340 iterum
486 2307 498 2341 :
529 2307 546 2339 σ
582 2288 699 2344 Erit
720 2290 921 2345 mensis
940 2306 1005 2345 ex
1036 2306 1223 2348 mense
1246 2300 1302 2347 et
1327 2293 1611 2365 sabbatum
1634 2308 1704 2348 ex
1723 2293 1842 2347 sab-

260 2374 390 2431 bato
443 2376 784 2450 (km-mm).
834 2399 853 2438 ι
918 2380 1018 2436 Ubi
1071 2396 1313 2451 praesens
1373 2380 1586 2437 Domini
1639 2381 1839 2447 vultus,

259 2473 465 2519 mterna
501 2469 722 2534 sanitas,
751 2478 984 2527 teternus
1031 2471 1157 2526 vitm
1216 2472 1369 2526 cibus
1418 2480 1517 2527 est.
1575 2472 1760 2528 Potest
1787 2480 1842 2527 et

261 2554 581 2622 simpliciter
623 2559 845 2630 intelligi
891 2561 1033 2630 quod
1079 2577 1174 2631 per
1203 2562 1503 2625 doctrinam
1557 2563 1840 2619 duodecim

259 2644 641 2713 Apostolorum
664 2665 801 2704 crux
833 2649 1033 2707 Christi
1054 2650 1387 2708 rfructiﬁcct:
1416 2671 1434 2704 ι
1469 2653 1537 2707 Et
1558 2652 1685 2707 folia
1708 2653 1838 2723 ligni

261 2735 332 2789 ad
382 2736 666 2791 sanitatem
720 2740 1017 2809 gentium.»
1067 2739 1127 2795 Si
1174 2741 1382 2801 fructus
1436 2757 1643 2799 merces
1669 2741 1841 2798 beata:

265 2827 691 2895 immortalitatis
710 2831 996 2901 accipitur,
1024 2841 1173 2888 recte
1213 2832 1338 2888 folia
1366 2843 1661 2906 perpetuus
1682 2834 1842 2895 intel-

259 2916 448 2987 -igitur
475 2929 687 2983 cantus,
739 2922 883 2989 quod
934 2921 986 2975 in
1019 2920 1305 2977 sanitatem
1349 2925 1508 2979 cadat
1559 2924 1704 2980 felici
1724 2925 1841 2995 jam

267 3017 417 3063 sorte
468 3009 822 3064 canentibus:
862 3010 934 3065 ibi
978 3012 1120 3066 enim
1148 3013 1393 3083 gentium
1437 3015 1646 3069 curatio
1688 3028 1839 3081 vera,

1923 1836 2058 1917 'btec
2108 1837 2273 1892 verba
2320 1833 2622 1893 consentit:
2656 1858 2674 1891 ‹
2728 1841 3004 1905 Videbam,
3051 1851 3105 1895 et
3130 1857 3257 1897 ecce
3284 1852 3518 1911 quatuor

1940 1926 2087 1981 venti
2124 1927 2244 1982 εαξιί
2286 1928 2653 1983 innitebantur
2685 1928 2737 1983 in
2772 1931 2909 1984 mari
2939 1946 3134 2002 magno
3162 1931 3321 1995 (Dan.
3349 1932 3466 2002 vn).
3490 1952 3510 1985 ι

1940 2015 2010 2071 ΕΙ.
2026 2015 2230 2071 David:
2260 2036 2278 2068 ι
2312 2016 2584 2087 Mirabiles
2603 2018 2926 2074 elevationes
2951 2022 3119 2076 maris
3137 2019 3306 2091 (Psal.
3326 2026 3475 2091 ιιοιι).
3490 2043 3510 2075 ι

1939 2104 2008 2160 Ει
2037 2122 2102 2163 ex
2138 2121 2369 2177 persona
2411 2106 2710 2164 Salvatoris
2741 2109 2792 2163 in
2824 2109 3064 2180 psalmo:
3096 2130 3115 2163 ι
3150 2112 3283 2166 Veni
3306 2113 3366 2167 in
3394 2130 3517 2182 pro-

1939 2198 2164 2259 fundum
2211 2198 2380 2255 maris
2437 2207 2493 2253 et
2548 2207 2840 2269 tempestas
2895 2200 3153 2256 demersit
3200 2218 3287 2257 me
3340 2202 3512 2274 (Psal.

1940 2288 2150 2357 vaut).
2166 2306 2184 2336 ›
2202 2286 2317 2343 Rex
2345 2287 2800 2358 quoqucd‘lgypti
2817 2286 2972 2355 juxta
2996 2289 3243 2344 eumdem
3263 2291 3511 2348 Ezechiel

1942 2376 2103 2429 draco
2128 2375 2430 2445 appellatur
2452 2375 2667 2445 (Ezech.
2692 2376 2885 2447 xxxu),
2914 2378 3004 2445 qui
3035 2376 3243 2432 habitat
3264 2379 3315 2432 in
3351 2382 3515 2446 mari,

1941 2473 1996 2520 et
2035 2465 2256 2533 ventilat
2296 2464 2635 2532 ﬁuutinibus,
2663 2468 2816 2536 quasi
2861 2468 3117 2523 cornibus
3155 2469 3287 2524 suis.
3330 2470 3396 2524 Et
3416 2473 3515 2525 ite~

1943 2578 2094 2616 rum:
2120 2582 2137 2614 ‹
2172 2561 2285 2619 Hoc
2312 2577 2467 2620 mare
2486 2579 2741 2633 magnum
2759 2573 2814 2618 et
2830 2565 3123 2633 spatiosum
3144 2562 3468 2637 (Psal.cut).
3491 2586 3511 2618 ι
3572 2574 3580 2581 ·

1943 2653 2093 2720 Quod
2122 2654 2360 2723 quandiu
2395 2669 2501 2709 non
2549 2654 2842 2727 susceperit
2875 2655 2928 2711 in
2967 2670 3041 2712 se.
3065 2671 3234 2726 aquas
3282 2655 3516 2715 ﬂuminis

1943 2760 2054 2799 sive
2085 2747 2357 2813 torrentis,
2389 2761 2548 2804 onme
2594 2751 2735 2819 quod
2770 2751 2822 2804 in
2875 2765 2934 2806 se
2977 2752 3163 2815 habet,
3206 2752 3515 2816 mortiﬁcat,

1943 2834 2036 2891 sed
2070 2837 2325 2893 Dominus
2353 2840 2420 2893 de
2454 2854 2560 2908 quo
2591 2839 2794 2901 dictum
2819 2848 2941 2894 est:
2973 2857 2991 2890 ι
3042 2839 3311 2895 Percutiet
3340 2850 3394 2894 et
3417 2856 3513 2895 cu-

1942 2926 2082 2979 rabit
2103 2935 2225 2994 post
2252 2926 2387 2982 duos
2431 2927 2580 2983 dies:
2666 2936 2723 2982 et
2768 2928 2821 2981 in
2864 2928 2951 2982 die
2995 2927 3159 2983 tertio
3240 2943 3520 2997 surgemus

1943 3025 2000 3071 et
2023 3018 2268 3072 vivemus
2308 3019 2365 3073 in
2395 3029 2691 3090 conspectu
2737 3019 2855 3089 ejus
2894 3019 3039 3092 (Ose.
3078 3020 3233 3092 νι);›
3278 3022 3391 3092 ipse
3441 3022 3520 3076 lo-
3578 3080 3588 3091 ,

261 3099 566 3169 redemptio
599 3100 777 3169 plena,
803 3099 1030 3156 felicitas
1058 3102 1406 3171 sempiterna.
1438 3101 1706 3176 (Ηὶενοη.)
1737 3104 1842 3160 Do-
1871 3121 1916 3183 ρ
1949 3108 2135 3175 quitur
2178 3109 2233 3163 in
2288 3110 2477 3168 eodem
2520 3112 2779 3180 propheta
2825 3111 2961 3167 Osee
3001 3126 3016 3165 :
3059 3130 3076 3163 ι
3110 3112 3223 3181 Ego
3273 3113 3519 3184 colligari

263 3199 459 3259 cetque
479 3191 794 3260 prophetam
817 3191 1006 3245 ductor
1025 3191 1256 3259 praevius
1269 3201 1325 3245 et
1342 3193 1597 3262 magister
1611 3201 1665 3247 et
1677 3193 1837 3248 dicit:

266 3283 435 3350 Aqua:
454 3281 568 3335 ista:
586 3294 707 3351 quze
725 3282 1074 3352 egrediuntur
1095 3281 1176 3336 vel
1203 3281 1257 3337 in
1273 3281 1549 3337 Galilaeam
1578 3284 1839 3353 gentium,

266 3372 415 3441 juxta
441 3369 810 3442 Septuaginta,
840 3370 945 3436 vel,
978 3379 1038 3424 ut
1065 3369 1243 3426 verius
1266 3370 1319 3425 in
1349 3371 1576 3427 Hebraeo
1595 3374 1844 3429 contine-

268 3475 375 3528 tur,
395 3463 462 3517 ad
488 3462 717 3519 tumulos
734 3463 903 3519 sabuli
927 3463 1204 3519 orientalis
1226 3473 1281 3518 et
1299 3463 1628 3520 descendunt
1651 3467 1721 3527 ad
1732 3467 1843 3535 pla-

266 3572 336 3609 na
364 3556 584 3621 deserti,
610 3554 697 3611 vel
739 3555 805 3609 ad
832 3554 1110 3621 Arabiam,
1143 3556 1420 3610 intrabunt
1448 3572 1616 3624 mare,
1663 3558 1747 3612 vel
1776 3559 1847 3614 ad

264 3645 447 3702 exitus
476 3647 664 3710 maris,
690 3653 745 3700 et
779 3647 1112 3703 sanabuntur
1160 3661 1351 3715 aquae:
1404 3661 1572 3714 aquas
1609 3646 1694 3702 vel
1745 3648 1843 3702 ba-

265 3737 455 3809 ptismi
474 3737 698 3808 gratiam
721 3735 804 3792 vel
818 3735 1192 3807 Evangelicam
1215 3736 1520 3807 signiﬁcare
1542 3738 1846 3797 doctrinam

199 3814 202 3818 ’
266 3828 471 3885 dudum
493 3828 729 3884 diximus
758 3844 773 3883 :
802 3845 921 3898 qua:
946 3830 992 3884 si
1022 3829 1375 3899 egrediantur
1402 3828 1469 3883 de
1496 3830 1684 3885 limine
1714 3840 1848 3884 tem-

266 3919 364 3990 pli,
402 3928 458 3974 et
480 3919 834 3989 Apostolicam
863 3927 1078 3974 teneant
1100 3919 1458 3990 disciplinam,
1487 3919 1723 3981 tumulos
1754 3936 1844 3976 sa-

268 4013 383 4069 buli
409 4013 618 4068 steriles
638 4013 789 4083 prius
809 4020 863 4066 et
887 4012 1151 4067 infertiles
1172 4012 1375 4067 faciunt
1395 4026 1515 4067 esse
1536 4012 1844 4084 frugiferos,

268 4114 330 4161 et
356 4105 537 4159 omnia
565 4105 724 4174 plana
748 4113 909 4174 atque
943 4105 1156 4163 deserta
1193 4105 1267 4158 ita
1298 4104 1606 4177 irrigantur,
1649 4113 1711 4160 ut
1751 4120 1846 4161 ex-

270 4196 513 4267 primant
574 4196 628 4249 in
685 4209 744 4249 se
789 4193 1145 4249 Jerichuntini
1211 4193 1375 4249 fontis
1425 4202 1844 4261 sacramentum,

273 4286 443 4357 quem
462 4287 687 4341 Elirarus
724 4285 1034 4357 evangelica
1074 4293 1130 4340 et
1181 4285 1476 4356 apostolico
1502 4287 1712 4341 curavit
1735 4284 1847 4340 sale

274 4377 384 4447 (IV
420 4377 546 4448 Reg.
572 4378 654 4450 ιι),
686 4378 740 4431 in
768 4385 975 4431 tantum
1004 4385 1062 4430 ut
1087 4376 1175 4430 ubi
1208 4376 1360 4446 prius
1381 4376 1637 4431 sterilitas
1671 4374 1850 4431 fuerat

1946 3195 2225 3263 Ephraim,
2253 3200 2465 3267 suscepi
2487 3214 2607 3253 eum
2632 3202 2685 3254 in
2713 3202 2934 3255 brachio
2960 3218 3082 3257 meo
3108 3211 3165 3257 et
3193 3218 3297 3256 non
3321 3219 3518 3273 cogno-

1945 3280 2299 3353 verunt’quia
2335 3289 2520 3341 sanavi
2544 3303 2637 3342 eos
2666 3290 2717 3342 in
2773 3291 3120 3359 corruptione
3160 3291 3519 3361 bominis,qni

1944 3375 2260 3430 vulneratus
2292 3385 2378 3430 est
2401 3388 2623 3447 propter
2650 3387 2871 3446 peccata
2906 3386 3111 3443 nostra,
3140 3387 3196 3434 et
3212 3380 3521 3437 inﬁrmatus

1944 3480 2042 3534 pro
2071 3464 2446 3534 iniquitatibus
2481 3467 2702 3532 nostris,
2731 3467 3011 3536 diaciplina
3036 3468 3186 3537 pacis
3220 3458 3336 3537 ejus
3359 3484 3522 3539 super

1944 3572 2090 3623 eum,
2117 3566 2176 3612 et
2196 3558 2369 3614 livore
2391 3558 2507 3630 ejus
2527 3558 2700 3614 sanati
2723 3573 2910 3613 sumus
2930 3557 3076 3629 (Ose.
3104 3575 3181 3625 ιι,
3204 3558 3313 3613 ιδα.
3332 3559 3470 3631 un).
3496 3580 3514 3611 ι

1945 3645 2061 3716 Ipse
2082 3646 2223 3701 istud
2248 3662 2395 3702 mare
2420 3648 2559 3717 quod
2587 3656 2666 3703 est
2703 3648 3056 3704 salsissimum
3082 3656 3140 3703 et
3184 3649 3349 3703 nimia
3374 3664 3522 3704 ama-

1945 3737 2179 3794 ritudine
2202 3747 2494 3804 mortuum,
2520 3754 2617 3793 sua
2665 3749 2855 3794 morte-
2887 3738 3117 3803 sanavit,
3159 3739 3251 3808 qui
3276 3739 3401 3793 dicit
3418 3754 3522 3808 per

1944 3830 2171 3887 Isaiam:
2208 3849 2227 3882 ι
2264 3828 2499 3900 Spiritus
2533 3830 2741 3885 Domini
2790 3845 2952 3899 super
2992 3846 3079 3885 me
3109 3840 3330 3900 propter
3370 3831 3515 3900 quod

1945 3922 2102 3981 unxit
2127 3936 2245 3986 me;
2274 3922 2645 3993 evangelizare
2665 3922 2990 3991 pauperibus
3018 3922 3166 3976 misit
3195 3938 3302 3987 me,
3329 3937 3523 3977 sanare

1945 4030 2039 4070 eos
2068 4013 2160 4082 qui
2185 4013 2403 4070 contriti
2448 4021 2574 4069 sunt
2596 4013 2759 4068 corde
2788 4012 2925 4085 (Isa.
2955 4012 3089 4085 ut).
3117 4032 3135 4063 ι
3167 4014 3316 4069 Unde
3340 4023 3389 4069 el
3423 4030 3521 4084 per

1946 4105 2270 4161 Hieremiam
2297 4104 2573 4160 clamitat:
2602 4101 3039 4165 «Convertimini,
3068 4102 3183 4167 ﬁlii,
3203 4112 3520 4157 converteno

1947 4206 2047 4261 tes,
2068 4207 2125 4251 et
2151 4194 2352 4250 sanabo
2374 4175 2724 4248 contritiones
2747 4200 2954 4247 vestras
2969 4191 3102 4263 (λεν.
3122 4190 3225 4261 ιιι).
3250 4211 3267 4241 ι
3301 4190 3522 4247 Dixerat

1945 4287 2088 4342 enim
2113 4285 2341 4355 populus
2376 4284 2679 4354 impatiens,
2715 4291 2769 4337 et
2798 4281 3038 4336 dolorem
3078 4279 3366 4334 vulnerum
3396 4295 3523 4334 suo-

1946 4393 2066 4431 rum
2092 4377 2290 4431 diutius
2319 4374 2464 4429 ferre
2489 4390 2591 4428 non
2628 4374 2936 4428 sustinens:
2969 4390 2987 4422 ι
3040 4370 3310 4424 Transivit
3334 4378 3521 4435 aestas,

274 4479 331 4525 et
356 4485 522 4534 mors,
537 4469 611 4523 ibi
642 4469 860 4525 ubertas
893 4475 1034 4524 esset
1055 4475 1113 4523 et
1137 4468 1282 4533 vita;
1307 4482 1408 4523 nec
1434 4467 1609 4525 solum
1635 4468 1852 4525 deserta
1877 4468 1928 4527 D
1951 4466 2267 4538 pertransiit
2293 4465 2503 4527 messis,
2535 4470 2589 4517 et
2620 4477 2717 4517 nos
2771 4459 2958 4516 salvati
3014 4474 3120 4514 non
3167 4474 3352 4514 sumus
3387 4457 3521 4531 (Jer.

275 4570 541 4619 sanarunt
580 4560 675 4616 sed
696 4560 903 4614 intrant
936 4572 1085 4613 mare
1112 4556 1397 4623 orientale,
1425 4558 1855 4623 mare_videlicet

280 4654 578 4719 Mortuum,
608 4653 661 4709 in
692 4666 799 4723 quo
829 4650 963 4705 n'nil
992 4658 1205 4720 poterat
1229 4664 1353 4704 esse
1393 4648 1577 4713 vitale,
1606 4655 1662 4703 et
1700 4636 1855 4703 mare

277 4744 703 4809 amarissimum,
729 4741 870 4812 quod
920 4740 1103 4796 Graece
1128 4743 1228 4812 τὴν
1267 4739 1442 4808 λίμνην
1492 4735 1746 4809 ἀσφάλτου
1801 4736 1853 4791 id

278 4848 389 4901 est,
422 4834 679 4908 Stagnum
720 4834 984 4889 bituminis
1037 4837 1251 4887 vocant.
1304 4827 1604 4897 Mirumque
1654 4827 1711 4882 in
1743 4842 1856 4881 mo-

280 4929 413 4983 dum
435 4926 592 4997 aquis
619 4923 946 4995 evangelicis
974 4935 1126 4993 aquae
1162 4925 1419 4975 sanantur
1458 4924 1707 4979 mortuae,
1736 4930 1857 4985 quae

281 5016 353 5071 ab
378 5015 622 5086 eo,quod
645 5013 779 5069 nihil
810 5013 865 5069 in
899 5027 958 5068 se
988 5009 1149 5065 vitale
1172 5010 1422 5073 habeant,
1446 5021 1643 5062 nomen
1666 5005 1858 5060 mortis

282 5096 693 5166 sortittc'suut.
751 5103 869 5159 Non
916 5102 1058 5158 enim
1111 5106 1374 5155 noverant
1417 5112 1540 5153 eum
1567 5095 1655 5165 qui
1687 5095 1853 5150 dicit:

289 5222 311 5254 ι
347 5201 461 5272 Ego
489 5213 607 5254 sum
629 5197 735 5251 vita
752 5191 1097 5267 (Joan.txv).t
1130 5190 1198 5245 Et
1224 5203 1410 5244 revera
1432 5188 1586 5258 juxta
1621 5185 1855 5240 litteram

284 5293 397 5350 huc
421 5306 592 5361 usque
628 5289 771 5344 nihil
793 5290 934 5359 quod
962 5286 1131 5356 spiret
1159 5291 1214 5338 et
1256 5281 1425 5353 possit
1471 5280 1724 5335 incedere
1746 5292 1858 5348 prae

287 5382 651 5440 amaritudine
679 5381 844 5435 nimia
875 5379 928 5433 in
963 5378 1066 5432 hoc
1092 5376 1226 5430 mari
1269 5373 1492 5447 reperiri
1520 5379 1717 5441 potest,
1758 5384 1860 5425 nec

289 5473 581 5532 cocbleolze
611 5472 824 5542 quidem
852 5468 1110 5540 parvique
1153 5463 1410 5519 verniculi
1438 5472 1493 5518 et
1533 5460 1781 5532 anguilla:
1807 5468 1862 5525 et

289 5572 486 5618 uetera
513 5561 882 5625 animantium,
908 5559 1020 5614 sive
1040 5555 1367 5624 serpentium
1392 5567 1611 5624 genera,
1632 5567 1861 5622 quorum

294 5655 469 5725 magis
506 5652 822 5723 corpuscula
866 5662 1148 5725 possumus
1195 5648 1354 5701 nosSc
1391 5659 1553 5713 quam
1591 5644 1809 5699 nomina
1846 5662 1861 5697 τ

1952 4557 2092 4631 vm).
2115 4577 2135 4609 ι
2162 4555 2314 4613 Unde
2337 4553 2611 4623 respondit
2635 4551 2684 4606 ei
2732 4548 3026 4604 Dominus:
3063 4568 3081 4599 ί
3116 4547 3366 4617 Nunquid
3396 4550 3528 4605 τεεί..

1952 4663 2022 4705 na
2044 4662 2148 4702 non
2178 4654 2260 4701 est
2284 4645 2338 4698 in
2361 4639 2584 4704 Galaad,
2612 4650 2703 4697 aut
2725 4638 2923 4694 medici.
2939 4653 3044 4692 non
3068 4645 3195 4692 sunt
3220 4638 3326 4693 ibi?
3358 4632 3528 4709 quare

1954 4754 2060 4797 non
2083 4737 2326 4795 ascendit
2369 4732 2582 4791 sanatio
2622 4731 2745 4785 ﬁliae
2770 4730 2946 4800 populi
2973 4730 3116 4785 mei?
3137 4750 3155 4781 ι
3185 4730 3251 4785 Et
3283 4730 3399 4800 ipse
3436 4729 3528 4787 Je-

1956 4831 2152 4890 remias
2183 4825 2509 4884 vociferatur
2541 4832 2596 4879 et
2616 4805 2779 4878 dicit:
2811 4841 2829 4873 ι
2864 4821 3007 4876 Sana
3044 4838 3149 4887 me,
3193 4822 3439 4889 Domine,
3473 4834 3530 4878 et

1959 4924 2223 4986 sanabor;
2247 4919 2452 4975 salvum
2480 4931 2567 4971 me
2589 4914 2776 4980 facies,
2794 4922 2850 4968 et
2871 4913 3051 4968 salvus
3073 4928 3167 4968 cro
3188 4912 3322 4985 (Jer.
3340 4912 3522 4983 xvu)»

1957 5013 2200 5081 Denique
2221 5008 2415 5079 angeli,
2442 5006 2530 5075 qui
2558 5004 2819 5075 praesides
2839 5010 2996 5059 erant
3018 5002 3197 5074 populi
3222 5000 3526 5058 Judzeornm

1959 5117 2024 5159 eo
2052 5100 2293 5171 tempore
2322 5096 2537 5168 quando
2572 5093 2829 5151 clamavit
2862 5092 3148 5148 multitudo
3193 5090 3449 5159 insipiens
3475 5099 3530 5144 et

1962 5193 2074 5247 ait:
2111 5210 2129 5243 ι
2161 5190 2388 5259 Sanguis
2408 5187 2523 5257 ejus
2551 5200 2713 5254 super
2746 5199 2844 5239 nos
2865 5192 2925 5237 et
2955 5198 3117 5252 super
3154 5180 3291 5236 ﬁlios
3319 5187 3531 5233 nostros

1964 5280 2176 5352 (Matth.
2204 5278 2404 5349 xxvn);
2435 5299 2452 5329 ι
2502 5285 2577 5340 et,
2609 5274 2798 5330 Velum
2844 5274 3029 5342 templi
3065 5273 3291 5327 scissum
3341 5276 3445 5332 est,
3476 5277 3532 5323 et

1962 5372 2141 5426 omnia
2171 5368 2517 5425 Hebraeorum
2548 5358 2882 5425 sacramenta
2923 5370 3193 5419 reserata:
3244 5356 3533 5441 responde.

1966 5469 2091 5515 runt
2135 5456 2464 5530 prmeipicuti
2515 5454 2743 5509 Domino
2780 5464 2942 5521 atque
2988 5451 3274 5506 dixerunt:
3313 5465 3333 5497 ι
3365 5445 3535 5501 Cura-

1964 5551 2140 5605 vimus
2174 5548 2499 5618 Babylonem
2545 5553 2600 5599 et
2643 5560 2750 5599 non
2790 5549 2874 5597 est
2913 5549 3124 5604 sanata,
3169 5538 3536 5605 relinquamus

1966 5655 2086 5695 eam
2114 5639 2171 5711 (J
2175 5658 2250 5696 er.
2272 5646 2400 5710 ιι),›
2423 5637 2610 5695 urbem
2632 5633 2882 5689 videlicet
2910 5628 3238 5686 confusionis
3265 5635 3425 5695 atque
3451 5624 3537 5678 vi-
