4028 6196
488 281 626 342 1059

1122 269 1185 325 Β.
1221 263 1475 323 RABANI
1509 257 1733 317 MAURl
1765 253 2086 313 ARCHIEP.
2125 248 2436 311 MOGUNI‘.
2472 224 2758 306 OPERUM
2793 244 2975 302 PARS
3011 243 3074 301 II.

3606 245 3739 302 ηοω

482 395 704 453 tiorum.
750 384 904 445 Unde
932 347 989 440 et
1030 376 1378 449 Josephus‘in
1422 388 1521 430 sua
1563 379 1755 427 nacrat
1800 369 2058 447 Historia,
2088 374 2140 433 Α
2167 367 2448 437 urbspost
2472 364 2685 421 ruinam
2717 362 2829 453 sale
2856 376 3151 453 conspersa
3182 360 3540 453 demonstrat.

483 483 629 558 quod
675 487 957 549 postquam
995 471 1255 527 Dominus
1302 464 1613 558 cruciﬁxus;
1635 471 1739 525 est,
1784 470 1841 516 et
1878 462 2058 517 velum

488 552 671 649 templi
695 571 944 634 scissum,
968 565 1081 620 sive
1101 561 1351 616 liminare
1377 555 1562 625 templi
1587 553 1816 612 fractum
1834 552 2057 616 corruit,

492 643 673 724 audita
693 662 764 718 sit
789 674 895 715 vox
923 658 981 710 in
999 653 1178 724 adytis
1209 650 1390 720 templi
1422 649 1685 703 virtutum
1714 643 2019 700 cmlestium
2043 658 2057 695 :

495 777 517 810 ι
548 757 911 811 Transeamus
933 763 1001 802 ex
1032 745 1117 801 his
1144 742 1384 799 sedibus.
1408 758 1428 792 ι
1458 738 1575 794 Hoc
1619 744 1790 791 totum
1818 749 1924 789 non
1972 747 2063 787 su-

488 843 716 917 perﬂue.
749 840 844 896 sed
892 834 1202 894 necessario
1222 831 1429 889 dictum
1452 829 1545 894 sit,
1573 826 1702 897 quia
1739 837 1890 879 mare
1918 820 2062 877 Mor-

493 947 645 993 tuum
675 935 931 990 inﬂuente
955 929 1011 983 in
1032 943 1091 983 se
1110 924 1328 979 ﬂumine
1356 920 1590 983 Domini,
1608 917 1805 973 dicitur
1829 928 1951 970 esse
1973 928 2068 967 cu-

494 1037 689 1082 ratum.
736 1008 912 1091 Super
950 1021 1059 1074 hoe
1090 1031 1240 1075 mare
1260 1016 1327 1069 ab
1359 1009 1626 1082 Engaddi,
1653 1005 1812 1061 oculo
1841 1014 1897 1059 et
1920 1002 2068 1073 fonte

498 1116 671 1177 hmdi,-
708 1114 800 1183 qui
842 1126 939 1183 pro
986 1107 1224 1180 peccatis
1273 1118 1488 1172 semper
1512 1098 1754 1163 oﬂ'ertur,
1808 1110 1978 1164 usque
2001 1092 2070 1147 ad

496 1205 760 1277 Engallim
791 1203 993 1258 fontem
1019 1199 1327 1262 vitulorum,
1358 1194 1449 1265 qui
1492 1187 2068 1251 mactantur‘Domino,

496 1306 552 1352 et
576 1296 858 1351 imitantur
886 1292 1115 1346 vitulum
1160 1302 1363 1345 cornua
1393 1283 1705 1340 offerentem
1742 1289 1796 1335 et
1822 1278 2069 1349 ungulas,

498 1386 588 1455 qui
642 1385 695 1438 in
747 1391 872 1454 typo
921 1379 1221 1436 Salvatoris
1264 1377 1332 1432 ad
1382 1374 1553 1429 altare
1580 1379 1868 1433 mactatur,
1913 1376 2075 1424 erunt

499 1479 797 1547 piscatores
824 1473 1019 1543 quibus
1056 1471 1297 1540 loquitur
1333 1466 1529 1523 Iesus:
1566 1483 1586 1518 ι
1629 1462 1822 1519 Venite
1867 1463 1935 1516 ad
1965 1474 2072 1523 me,

500 1567 697 1621 faciam
749 1580 847 1621 vos
891 1564 1188 1633 piscatores
1230 1560 1506 1614 hominum
1564 1554 1778 1626 (Matth.
1811 1555 1949 1623 t‘v).i
1998 1549 2076 1603 De

503 1656 697 1726 quibus
753 1662 810 1709 et
855 1652 1157 1707 Jeremtas:
1205 1669 1224 1702 ‹
1258 1649 1397 1705 Ecce
1442 1661 1564 1717 ego,
1617 1644 1809 1714 inquit,
1860 1641 2076 1697 mittam

2162 466 2460 513 torrentem
2487 468 2619 510 vero
2645 454 2760 508 sive
2794 450 3016 507 ﬂuvium
3041 452 3250 507 orietur
3278 450 3334 507 in
3360 452 3496 522 ripis
3530 450 3648 521 ejus
3673 469 3746 509 ex

2160 555 2393 623 utraque
2434 550 2593 614 parte
2615 556 2775 598 omne
2801 539 3005 612 lignum
3034 539 3383 611 pomiferum,
3406 542 3523 596 sive
3552 551 3614 596 ut
3632 557 3747 599 om-

2163 650 2261 692 nes
2284 650 2416 692 voce
2435 647 2671 690 consona
2694 630 3084 689 transtulerunt
3098 630 3307 706 βρῶμα,
3330 631 3473 700 quod
3487 631 3671 688 cibum
3691 642 3750 687 et

2164 741 2345 783 escam
2397 724 2589 785 tribuit
2627 732 2685 778 et
2710 720 2855 792 quod
2900 721 3081 776 mandi
3119 728 3318 790 potest,
3342 720 3751 792 appellaturque

2166 818 2347 887 lingua
2363 815 2625 871 Hebraica
2648 811 2878 866 Hachal.
2899 828 2918 862 ι
2938 812 3007 867 Ει
3028 811 3182 875 nihil,
3199 810 3356 880 juxta
3373 811 3745 882 Septuaginta,

2170 916 2471 963 veterescet
2510 905 2563 960 in
2612 919 2696 970 eo,
2741 923 2760 956 ι
2797 903 2892 958 sed
2934 902 3175 973 quotidie
3201 902 3603 959 innovabantur
3636 902 3753 958 fru-

2169 1012 2264 1069 ges
2287 995 2427 1073 ejus,
2450 996 2565 1051 sive
2599 1012 2617 1045 ‹
2657 1008 2763 1048 non
2789 992 2990 1048 deﬂuet
3028 990 3213 1046 folium
3243 1007 3311 1047 ex
3337 1008 3423 1058 eo,
3447 999 3502 1047 et
3532 990 3638 1047 non
3661 992 3752 1048 de-

2172 1090 2314 1145 ﬁciet
2338 1088 2544 1142 fructus
2558 1086 2691 1157 ejus,
2730 1106 2747 1138 ι
2774 1084 2928 1155 juxta
2957 1084 3087 1140 illud
3109 1084 3252 1154 quod
3275 1086 3328 1138 in
3352 1085 3527 1155 primo
3546 1085 3753 1156 psalmo

2172 1181 2430 1250 scriptum
2464 1186 2550 1234 est
2581 1193 2596 1232 :
2628 1196 2646 1228 ι
2681 1176 2749 1230 Ει
2772 1177 2877 1230 erit
2907 1187 3162 1245 tanquam
3196 1176 3398 1246 lignum
3424 1176 3567 1245 quod
3603 1177 3754 1245 plan-

2175 1282 2345 1329 tatum
2380 1279 2464 1326 est
2503 1286 2659 1325 secus
2698 1270 2958 1347 decursus
2998 1284 3297 1337 aquarum,
3334 1269 3475 1339 quod
3521 1266 3753 1322 fructum

2174 1376 2331 1417 suum
2359 1359 2509 1415 dabit
2553 1359 2608 1413 in
2651 1366 2895 1427 tempore
2934 1373 3052 1423 suo,
3094 1365 3150 1412 et
3178 1356 3362 1411 folium
3391 1356 3509 1425 ejus
3531 1365 3635 1411 non
3665 1358 3760 1412 de-

2175 1452 2323 1507 ﬂuet.
2375 1468 2394 1502 ι
2441 1448 2547 1503 Per
2591 1446 2853 1518 singulos,
2904 1448 3098 1517 inquit,
3155 1462 3371 1501 menses
3418 1446 3606 1501 aﬂ‘eret
3649 1446 3760 1515 pri-

2176 1533 2383 1604 mitiva,
2419 1539 2532 1593 sive
2564 1546 2624 1592 ut
2652 1538 2706 1591 in
2742 1537 3088 1609 Septuaginta
3117 1537 3375 1606 scriptum
3408 1546 3491 1591 est
3523 1555 3538 1589 :
3576 1554 3596 1587 σ
3630 1535 3763 1590 r'ru-

2180 1637 2298 1685 ctus
2324 1629 2440 1701 ejus
2487 1628 2542 1682 in
2584 1627 2932 1693 renovatione
2981 1626 3063 1680 sui
3101 1625 3377 1696 primitiva
3402 1625 3587 1690 dabit;
3628 1644 3666 1701 AD
3702 1636 3763 1679 ut

500 1696 800 1816 ἔξεοειιοτθε
828 1742 962 1815 (Ῑεν,
985 1742 1119 1812 ιη),
1146 1761 1165 1794 ,
1203 1740 1268 1794 Ει
1290 1696 1534 1810 plurim;
1551 1696 1781 1804 'speci‘es,
1835 1732 1944 1785 imo
1986 1744 2078 1800 ge-
2110 1733 2155 1794 Β
2182 1721 2358 1777 omnis
2384 1719 2717 1776 credentium
2758 1717 2966 1773 fructus
3008 1717 3262 1787 primitiae
3297 1718 3432 1781 sint,
3472 1724 3531 1770 et
3567 1696 3764 1787 singuli

504 1852 635 1891 nera
664 1835 891 1906 piscium
922 1841 1081 1888 erunt
1101 1832 1156 1886 in
1185 1831 1323 1886 mari
1351 1828 1624 1899 quondam
1654 1833 1869 1880 mortuo
1893 1840 1906 1875 :
1942 1837 2079 1891 quos
2106 1878 2109 1881 _

504 1928 684 1998 pisces
709 1925 776 1979 ad
804 1924 1078 1978 dexteram
1114 1929 1324 1992 partem
1340 1918 1567 1989 iubente
1592 1914 1820 1971 Domino
1846 1912 2085 1968 extrahit

505 2016 700 2072 Petrus
754 2011 1098 2085 (Joanrxm),
1146 2020 1203 2065 et
1243 2016 1403 2064 erant
1447 2015 1665 2063 centum
1695 2002 2084 2074 quinquaginta

509 2117 639 2170 tres,
666 2106 741 2160 ita
762 2113 822 2158 ut
848 2119 960 2174 prze
1002 2103 1345 2158 multitudine
1367 2115 1558 2156 eorum
1600 2098 1740 2153 retia
1773 2111 2086 2167 rumperen—

511 2209 617 2257 tur.
652 2200 819 2254 Aiunt
842 2198 1005 2262 enim,
1044 2196 1139 2266 qui
1182 2195 1251 2250 de
1300 2191 1653 2247 animantium
1687 2190 1958 2260 scripsere
1989 2203 2086 2243 na-

513 2291 649 2347 turis
680 2300 736 2344 et
763 2289 1094 2360 proprietate
1111 2327 1125 2353 ,
1158 2285 1249 2355 qui
1276 2284 1537 2341 ὰλωυτικά
1565 2292 1675 2337 tam
1700 2281 1893 2336 Latino
1920 2294 2084 2350 quam

510 2380 702 2436 (ἔνι-αεοο
740 2379 976 2434 didicere
999 2390 1248 2432 sermone
1264 2373 1353 2447 (de
1379 2375 1576 2446 quibus
1602 2372 1931 2444 Appianicus
1946 2371 2089 2428 Cilix

515 2467 644 2539 [Αἰ.⁷
671 2465 832 2539 Cilix]
858 2475 943 2522 est
966 2472 1126 2537 poeta
1162 2464 1528 2537 doctissimus)
1576 2471 1797 2519 centum
1821 2462 2091 2532 quinqua-

514 2558 660 2630 ginta
689 2557 789 2613 tria
837 2571 958 2612 esse
1005 2570 1205 2628 genera
1251 2556 1505 2627 piscium,
1554 2570 1676 2625 quae
1719 2553 1900 2609 omnia
1928 2560 2090 2622 capta

515 2658 641 2704 sunt
667 2650 734 2704 ab
756 2648 1035 2718 apostolis,
1066 2657 1120 2704 et
1147 2649 1279 2704 nihil
1310 2649 1572 2705 remansit
1613 2648 1908 2718 incaptum,
1964 2648 2093 2703 dum

516 2750 574 2794 et
601 2738 807 2793 nobiles
851 2747 903 2793 et
965 2738 1250 2809 ignobiles,
1293 2748 1348 2794 et
1376 2738 1572 2794 divites
1598 2745 1652 2792 et
1700 2751 1992 2808 pauperes,
2040 2743 2096 2790 et

519 2842 679 2883 omne
707 2842 874 2898 genus
913 2828 1191 2883 hominum
1233 2828 1300 2883 de
1327 2829 1463 2885 mari
1510 2827 1668 2898 hujus
1697 2827 1885 2882 saeculi
1911 2833 2096 2880 extra-

520 2920 671 2976 hitur
703 2919 771 2973 ad
796 2917 1042 2973 salutem.
1076 2918 1230 2985 Quod
1278 2927 1458 2974 autem
1503 2918 1781 2987 sequitur:
1810 2936 1830 2968 ι
1867 2917 1927 2971 In
1952 2916 2099 2971 litto-

523 3012 672 3067 ribus
692 3008 830 3078 ejus,
860 3016 916 3064 et
945 3008 999 3062 in
1030 3006 1380 3077 palustribus,
1408 3029 1427 3061 ι
1469 3008 1584 3063 sive
1607 3008 1661 3061 in
1688 3006 1773 3062 his
1802 3020 1922 3075 quae
1941 3013 2098 3061 extra

2182 1826 2396 1867 menses
2453 1810 2678 1881 singulis
2725 1808 2984 1880 apostolis
3026 1808 3370 1877 deputentur.
3420 1804 3537 1859 Hoc
3584 1813 3766 1861 autem

2183 1902 2437 1977 eveniet,‘
2471 1920 2489 1952 ι
2541 1901 2795 1971 quoniam
2824 1913 2981 1968 aqua:
3008 1896 3125 1967 ejus
3164 1897 3230 1952 de
3272 1895 3587 1951 sanctuario
3613 1906 3768 1965 egre-

2184 1996 2422 2052 dientur.
2453 2012 2471 2046 ›
2490 1992 2567 2048 Ne
2594 2000 2845 2062 putemus
2869 1991 3106 2062 riparum
3130 2004 3253 2045 esse
3282 1988 3365 2043 vel
3387 1988 3645 2062 arborum
3674 1990 3770 2040 aut

2185 2089 2451 2144 mensium
2511 2061 2787 2142 tantarum
2840 2083 3052 2156 frugum
3104 2080 3491 2138 abundantiam
3525 2120 3542 2143 ,
3594 2061 3770 2133 reddit
3858 2140 3869 2151 ‘

2186 2195 2375 2236 causas
2396 2178 2662 2234 ubertatis
2681 2184 2736 2233 et
2765 2175 2948 2242 infert,
2968 2174 3092 2245 quia
3112 2188 3268 2244 aqum
3296 2169 3415 2241 ejus
3432 2172 3501 2227 de
3521 2179 3772 2227 sanctua-

2186 2275 2271 2329 rio
2293 2272 2656 2345 egredientur.
2682 2289 2703 2322 ι
2733 2269 2847 2326 Non
2875 2282 3006 2341 ergo
3025 2266 3257 2323 volentis
3282 2278 3460 2336 neque
3478 2264 3769 2330 currentis,

2188 2363 2282 2419 sed
2309 2361 2619 2418 miserentis
2644 2368 2729 2416 est
2769 2358 2870 2414 Dei
2906 2356 3085 2429 (Rom.
3112 2356 3211 2422 rx).
3247 2375 3265 2407 ι
3299 2355 3508 2411 Horum
3531 2354 3770 2411 omnium

2189 2455 2457 2527 lignorum
2481 2453 2844 2524 principatum
2887 2457 3033 2505 tenet
3066 2448 3268 2520 lignum
3303 2447 3447 2509 vitat,
3503 2445 3649 2514 quod
3692 2443 3775 2498 in-

2191 2547 2453 2619 telligitur
2490 2543 2776 2615 sapientia,
2808 2542 2876 2596 de
2907 2555 3012 2611 qua
3041 2540 3302 2609 scriptum
3329 2544 3412 2591 est
3437 2554 3451 2589 :
3480 2550 3508 2588 ‘c
3543 2534 3770 2605 Lignum

2191 2640 2317 2695 vita:
2341 2646 2426 2694 est
2453 2637 2704 2693 omnibus
2732 2632 3079 2690 credentibus
3112 2632 3166 2686 in
3193 2645 3256 2685 ea
3289 2626 3473 2700 (Prov.
3502 2626 3612 2699 tu).
3648 2644 3669 2679 ι
3700 2623 3771 2680 ιι-

2193 2732 2391 2801 ludque
2419 2728 2560 2799 quod
2583 2726 2780 2782 dicitur
2805 2743 2819 2779 :
2855 2743 2874 2776 ί
2920 2723 2988 2777 Ει
3015 2727 3176 2777 erunt
3222 2718 3432 2774 fructus
3456 2716 3578 2785 ejus
3598 2716 3655 2770 in
3696 2714 3773 2771 ci-

2195 2826 2344 2890 bum,
2369 2830 2427 2877 et
2466 2820 2653 2876 folium
2678 2817 2794 2887 ejus
2804 2815 2882 2892 ad
2912 2814 3258 2875 medicinam,
3313 2829 3334 2863 δ
3361 2810 3677 2864 divinorum
3712 2805 3779 2861 li-

2196 2919 2419 2974 brorum
2461 2918 2800 2970 sacramenta
2845 2911 3201 2971 demonstrat,
3251 2918 3483 2976 quorum
3545 2901 3779 2957 alterum

2196 3010 2431 3080 pertinet
2459 3006 2528 3061 ad
2556 3004 2810 3065 litteram,
2853 3000 3082 3055 alterum
3126 2998 3194 3052 ad
3217 2995 3492 3067 spiritum,
3525 3001 3589 3047 ut
3611 2992 3780 3055 verba

520 3102 705 3156 littora
742 3120 761 3151 ‹
797 3098 1166 3169 egrediuntur.
1201 3112 1353 3167 aqum
1389 3113 1495 3152 non
1532 3097 1887 3162 sanabuntur,
1920 3114 1938 3147 ι
1967 3093 2097 3149 illud
2123 3111 2168 3173 ρ
2199 3095 2461 3167 simplicia
2518 3093 2883 3164 intelligamus
2938 3090 2990 3168 in
3042 3087 3202 3151 foliis,
3262 3087 3316 3141 in
3344 3084 3614 3139 fructibus
3650 3096 3780 3136 vero

526 3193 758 3251 latenter
784 3190 1038 3257 ostendit,
1081 3189 1223 3259 quod
1248 3189 1342 3259 qui
1389 3189 1444 3244 in
1469 3186 1581 3243 Noé
1608 3202 1737 3241 arca
1768 3201 1876 3242 non
1908 3184 2094 3251 fuerit,

527 3289 711 3351 pereat
750 3290 1011 3351 regnante
1038 3280 1258 3353 diluvio,
1284 3287 1341 3335 et
1372 3293 1508 3349 quos
1533 3279 1635 3333 iste
1660 3276 1852 3333 ﬂuvius
1881 3292 1987 3332 non
2018 3285 2101 3332 at—

526 3371 731 3443 tigerit,
754 3386 859 3425 non
900 3371 1193 3440 suscipiant
1242 3371 1551 3427 sanitatem.
1581 3389 1599 3420 ι
1654 3368 1760 3424 Sed
1780 3369 1846 3423 in
1874 3368 2094 3433 salinas,

527 3464 721 3533 inquit,
753 3457 1059 3529 dabuntur;
1091 3483 1109 3516 ι
1154 3464 1308 3535 juxta
1357 3450 1486 3518 illud
1525 3462 1668 3532 quod
1696 3461 1953 3532 scriptum
1977 3471 2095 3518 est:

531 3572 550 3605 ι
586 3553 873 3610 Pestilente
921 3554 1201 3626 ﬂagellato,
1247 3555 1440 3614 stultus
1466 3556 1759 3631 sapientior
1783 3554 1888 3610 erit
1917 3553 2099 3626 (Prov.

528 3644 665 3715 xix),
688 3663 706 3695 ι
741 3644 996 3700 erudiunt
1022 3647 1164 3701 enim
1209 3646 1383 3702 bonos
1405 3646 1649 3716 exempla
1673 3645 1937 3716 pejorum.
1970 3645 2095 3701 Sive

530 3734 583 3787 in
634 3733 836 3788 salinas
892 3735 1161 3790 dabuntur
1189 3732 1343 3802 juxta
1371 3734 1501 3810 illud
1550 3735 1693 3804 quod
1719 3734 1773 3788 in
1806 3734 2098 3805 Evangelio

530 3824 789 3895 scriptum
821 3834 940 3881 est:
975 3845 993 3877 ι
1022 3814 1240 3881 ’Βοηιιηι
1281 3835 1365 3881 est
1408 3826 1507 3890 sal,
1561 3826 1606 3882 si
1647 3834 1829 3881 autem
1855 3825 1934 3881 sal
1960 3824 2099 3881 infa-

533 3915 740 3968 tualum
775 3911 955 3979 fuerit,
1005 3916 1059 3969 in
1109 3915 1241 3970 nihil
1285 3927 1369 3972 est
1419 3916 1550 3971 utile
1606 3915 1821 3989 (Matth.
1857 3915 1912 3988 ν)
1944 3933 1959 3982 ;
1994 3934 2012 3966 ›
2040 3925 2099 3971 ttt

532 4003 584 4055 in
623 4012 945 4072 perpetuum
994 4002 1235 4074 frugibus
1278 4015 1502 4061 careant
1549 4015 1606 4061 et
1639 4008 1839 4073 virore,
1875 4006 2021 4077 quod
2046 4014 2102 4062 et

620 4135 681 4147 .-

2198 3202 2416 3245 sensum
2453 3186 2730 3240 latentem.
2759 3182 2914 3238 Sicut
2945 3180 3089 3249 enim
3118 3179 3345 3235 scientia
3371 3177 3780 3247 Scripturantm

2201 3280 2348 3337 ducit
2384 3280 2453 3334 ad
2509 3280 2675 3349 regna
2713 3275 2975 3331 ccclorum
3025 3280 3081 3328 et
3112 3270 3317 3343 przebet
3360 3268 3517 3324 nobis
3560 3280 3777 3337 panem,

2204 3370 2297 3439 qui
2342 3369 2475 3426 dicit
2525 3385 2539 3421 :
2581 3386 2598 3417 ‹
2654 3366 2765 3437 Ego
2804 3375 2925 3419 sum
2954 3363 3124 3434 panis,
3154 3349 3246 3438 qui
3268 3360 3336 3415 de
3364 3358 3505 3423 caele
3524 3354 3779 3412 descendi

2208 3460 2389 3533 (Joan.
2418 3458 2526 3531 vt);
2565 3478 2584 3512 ι
2624 3459 2704 3513 sic
2732 3455 2850 3526 ejus
2874 3455 2999 3510 folia
3026 3452 3284 3510 moralem
3314 3450 3624 3506 doctrinam
3653 3463 3783 3503 con-

2210 3556 2383 3611 tinent
2404 3563 2458 3611 et
2484 3554 2725 3609 tribuunt
2771 3552 3080 3615 sanitatem,
3127 3557 3186 3603 ut
3226 3546 3574 3618 peccantium
3591 3552 3784 3601 curent

2206 3646 2451 3702 vulnera.
2504 3644 2611 3699 Pro
2680 3642 2823 3697 foliis
2872 3655 2993 3711 quae
3042 3639 3307 3695 Hebraice
3382 3637 3639 3692 dicuntur
3689 3636 3782 3689 Alc

2202 3742 2425 3805 propter
2473 3733 2625 3788 verbi
2669 3742 2722 3787 et
2769 3732 2918 3787 vocis
2961 3726 3368 3789 similitudinem
3424 3726 3783 3797 Septuaginta

2204 3823 2572 3879 ascensionem
2591 3822 3001 3878 transtulerunt.
3017 3821 3171 3889 Quod
3189 3828 3243 3874 et
3264 3820 3437 3890 ipsum
3453 3821 3535 3875 sic
3556 3818 3785 3875 edisseri

2205 3908 2404 3988 potest,
2426 3925 2485 3971 ut
2507 3923 2629 3985 post
2653 3914 2806 3971 cibos
2832 3915 3124 3979 fructuum,
3152 3912 3437 3968 verborum
3463 3911 3688 3968 monitis
3715 3911 3785 3965 ad

2208 4006 2448 4063 caelestia
2471 4005 2915 4063 conscendamus.

1681 4268 1974 4348 LIBER
2048 4273 2630 4352 VICESIMUS.

603 4464 736 4523 Cum
763 4463 1020 4533 propheta
1050 4462 1103 4516 in
1129 4461 1449 4532 praecedenti
1479 4461 1617 4517 libro
1636 4462 1702 4529 de
1743 4462 2106 4518 oblationibus
2130 4465 2183 4524 D
2215 4482 2232 4512 ι
2276 4477 2385 4531 quo
2438 4462 2784 4533 possidebitis
2837 4470 3034 4518 terram
3091 4467 3157 4516 .n'
3194 4461 3480 4518 duodecim
3537 4462 3785 4518 tribubus

534 4555 865 4627 singularum
902 4552 1252 4615 festivitatnm
1298 4560 1353 4608 et
1394 4552 1462 4606 de
1505 4552 1775 4609 oblatione
1820 4553 2099 4624 principis,

537 4664 637 4703 nec
652 4662 756 4701 noti
785 4656 840 4699 et
867 4644 1203 4699 sacerdotum
1216 4644 1405 4699 ciliciis
1426 4653 1918 4708 commemorasset,
1942 4659 2106 4715 aqua-

538 4752 762 4807 rumque
789 4735 1173 4791 abundantiam
1198 4741 1253 4787 et
1284 4734 1546 4812 lignorum
1575 4735 1627 4788 in
1664 4735 1801 4805 ripis
1839 4735 1956 4805 ejus
1995 4733 2105 4788 fru-

538 4826 917 4881 ctiﬂcationem
939 4816 1219 4900 enarraret
1234 4825 1534 4889 ,-convertit
1557 4840 1616 4881 se
1643 4825 1712 4880 ab
1739 4826 1840 4880 hoc
1869 4835 1929 4879 ut
1951 4823 2104 4894 juxta

537 4925 857 4989 praeceptum
907 4914 1117 4969 Domini
1153 4916 1426 4970 terminos
1471 4922 1630 4969 terrae
1676 4915 1958 4970 duodecim
2006 4914 2105 4968 tri-

538 5007 702 5061 buum
757 5003 1218 5074 possessionisquc
1284 5003 1541 5073 spiritalis
1591 5010 1807 5057 enarret
1856 4992 2108 5074 primitiae

539 5093 852 5158 sanctuarii,
876 5092 1374 5163 possessionemque
1420 5092 1729 5147 Levitarum
1787 5093 2044 5150 describit
2087 5109 2101 5148 :

538 5184 830 5241 novissime
865 5198 994 5238 vero
1035 5191 1219 5251 portas
1278 5184 1514 5238 civitatis
1550 5184 1604 5238 in
1655 5193 1887 5263 quatuor
1934 5184 2105 5255 plagis

538 5275 773 5330 notando
799 5274 852 5328 in
888 5273 991 5329 fine
1015 5273 1136 5328 libri
1178 5273 1534 5329 habitatorem
1557 5274 1723 5342 ipsius
1769 5275 1952 5345 templi
1996 5274 2103 5329 Do-

428 5377 437 5384 ‘
540 5366 743 5420 minum
770 5377 890 5419 esse
933 5364 1190 5429 ostendit,
1225 5364 1316 5433 qui
1343 5365 1506 5421 totius
1530 5366 1657 5420 boni
1694 5366 1903 5420 initium
1926 5374 1982 5421 et
2007 5380 2104 5421 au-

537 5462 677 5534 ctor,
704 5463 760 5508 et
783 5452 1019 5523 perfecta
1047 5454 1375 5524 operationis
1408 5457 1821 5511 consummatio.

887 5544 1233 5611 SEQUITUR
1275 5546 1501 5601 CAPUT
1540 5546 1745 5602 XLVII.

611 5652 630 5683 ι
672 5632 795 5688 licec
821 5634 952 5689 dicit
982 5635 1238 5689 Dominus
1279 5636 1418 5691 Deus
1449 5654 1462 5689 :
1488 5635 1584 5691 Hic
1610 5646 1693 5693 est
1739 5638 1999 5695 terminus
2050 5639 2132 5693 in.

2211 4573 2229 4603 ι
2274 4550 2458 4620 Israel,
2480 4552 2606 4623 quia
2626 4551 2822 4623 Ioseph
2844 4551 3105 4622 duplicem
3125 4551 3419 4607 funiculum
3446 4550 3629 4608 habet.
3650 4551 3771 4609 Pes

2211 4660 2229 4692 ι
2274 4640 2519 4696 sidebitis
2563 4648 2744 4696 autem
2789 4656 2911 4696 eam
2936 4640 3131 4713 singuli
3158 4654 3309 4711 aeque
3333 4649 3392 4695 ut
3418 4641 3592 4696 frater
3619 4656 3780 4708 suus,

2212 4752 2230 4784 ι
2272 4745 2434 4802 super
2450 4746 2613 4800 quam
2635 4731 2807 4787 levavi
2828 4746 3045 4786 manum
3071 4745 3244 4785 meam
3257 4730 3516 4786 utdarem
3537 4731 3785 4801 patribus

2214 4841 2233 4874 ι
2276 4823 2492 4889 vestris,
2512 4832 2568 4877 et
2593 4823 2751 4878 cadet
2767 4832 2912 4879 terra
2933 4823 3049 4878 haec
3074 4822 3226 4878 vobis
3252 4822 3306 4875 in
3322 4822 3778 4891 possessionem.-

2213 4915 2543 4989 (Adamam.)
2595 4915 2748 4972 Sicut
2793 4916 2999 4971 umbra:
3027 4924 3083 4971 et
3131 4913 3427 4983 exemplari
3469 4914 3786 4969 deserviunt

2213 5005 2511 5060 ctelestium
2542 5006 2628 5061 his
2678 5007 2771 5077 qui
2799 5007 2971 5077 legem
2998 5004 3314 5075 suscipiunt,
3342 5019 3464 5074 qua:
3500 5014 3588 5060 est
3642 5003 3787 5059 illius

2210 5111 2352 5151 verae
2386 5097 2514 5167 legis
2559 5097 2771 5163 umbra,
2830 5099 2901 5152 ita
2950 5095 3225 5167 exemplar
3268 5102 3324 5151 et
3351 5094 3544 5150 umbra
3590 5110 3785 5151 conse-

2210 5195 2438 5256 quenter
2464 5194 2588 5242 sunt
2615 5186 3172 5241 divisionis'ctnlestis
3220 5186 3304 5240 his
3344 5185 3448 5255 ‘qui
3499 5185 3555 5239 in
3602 5183 3782 5240 Juduza

2207 5275 2578 5330 haereditatem
2605 5275 2848 5331 dividunt
2879 5285 3054 5331 teme.
3083 5276 3214 5330 Erat
3250 5290 3381 5347 ergo
3409 5275 3466 5330 in
3494 5276 3653 5330 caelis
3689 5288 3783 5328 ve-

2208 5366 2360 5430 ritas,
2414 5366 2603 5419 umbra
2658 5381 2788 5421 vero
2835 5374 2891 5421 et
2918 5366 3191 5435 exemplar
3220 5365 3553 5423 veritatisin
3602 5364 3779 5426 terris,

2206 5465 2263 5511 et
2294 5457 2464 5512 donec
2494 5454 2683 5513 umbra
2714 5457 2829 5511 haec
2854 5458 3138 5512 constabat
3184 5457 3239 5510 in
3298 5457 3481 5522 terris,
3530 5463 3648 5510 erat
3687 5452 3782 5509 Je~

2210 5545 2446 5600 rusalem
2475 5547 2768 5610 terrestris,
2793 5553 2910 5599 erat
2939 5545 3214 5614 templum,
3242 5555 3360 5599 erat
3386 5545 3557 5601 altare
3582 5554 3634 5600 et
3658 5553 3781 5597 erat

2212 5635 2433 5690 visibilis
2453 5635 2648 5696 cultus.
2684 5643 2839 5691 erant
2870 5635 3153 5705 pontiﬁces
3180 5643 3235 5692 et
3279 5634 3603 5701 sacerdotes,
3648 5649 3777 5690 con-
