4028 6196
297 331 435 388 1061

1235 323 1587 382 COMMEN'I‘.
1630 323 1705 378 I1
1755 319 2208 378 EZECHIELEM.
2246 350 2314 360 —-
2352 321 2480 378 LIB.
2525 322 2639 377 XX.

3417 334 3554 389 £062

293 444 512 501 stabant
533 443 695 498 etiam
723 440 970 496 civitates
994 446 1049 493 et
1081 437 1184 492 vici
1212 436 1381 502 Judar,
1409 447 1464 491 et
1511 435 1691 490 omnia
1738 448 1869 497 οπερ,
1900 437 1950 495 Α
1979 431 2118 500 quod
2147 447 2244 486 nos
2266 432 2516 498 diximus,
2546 452 2564 484 ‹
2593 435 2716 503 quia
2745 434 2939 506 Joseph
2971 439 3234 508 duplicem
3262 440 3554 501 funiculum

291 549 417 600 qua:
468 549 610 588 nunc
640 534 692 588 in
746 533 885 586 libro
934 531 1038 586 hoc
1081 528 1349 600 descripta
1403 543 1522 583 esse
1559 527 1871 582 recitantur.

291 632 431 686 Cum
461 641 591 682 vero
618 627 673 680 in
703 625 934 680 adventu
975 623 1269 678 Salvatoris
1295 621 1388 676 Dei
1427 620 1599 674 nostri
1625 619 1694 674 'de
1724 618 1876 673 enatis

293 716 574 774 descendit
603 714 750 770 salus
784 732 799 767 :
837 733 854 766 ε
891 712 1104 769 Veritas
1139 713 1206 767 de
1248 723 1390 766 terra
1432 718 1552 764 orta
1579 719 1683 774 est,
1714 718 1769 763 et
1791 706 1876 776 ju-

293 808 443 864 sﬁtia
479 807 544 862 de
572 806 710 862 caelo
747 803 1024 875 prospexit
1070 800 1241 863 (Psal.
1274 802 1516 870 uxxrv),
1568 799 1772 855 umbrae
1822 807 1876 854 et

293 899 626 968 exemplaria
675 896 1007 951 ceciderunt.
1081 893 1289 948 Cecidit
1343 893 1485 948 enim
1535 888 1873 955 Jerusalem,

293 988 795 1058 cecidittemplum,
827 987 996 1041 altare
1045 984 1311 1039 sublatum
1355 993 1459 1048 est,
1499 990 1558 1036 ut
1603 996 1777 1050 neque
1821 981 1874 1034 in

296 1091 481 1136 monte
531 1080 766 1136 Garizim
803 1093 976 1148 neque
1023 1079 1076 1131 in
1129 1075 1423 1132 Jerusalem
1477 1076 1548 1131 sit
1590 1076 1741 1131 locus
1782 1074 1872 1128 ubi

293 1179 504 1242 oportet
537 1172 780 1233 adorare,
813 1169 907 1223 sed
944 1185 962 1218 ι
995 1168 1109 1222 veri
1143 1167 1470 1228 adoratores,
1515 1167 1606 1236 qui
1647 1166 1876 1220 adorant

295 1263 534 1324 Patrem,
583 1260 637 1313 in
661 1258 856 1328 spiritu
884 1266 937 1312 et
964 1257 1192 1310 veritate
1217 1257 1440 1311 adorent
1487 1255 1667 1325 (Joan.
1715 1255 1810 1325 1v).
1848 1275 1866 1307 ι

295 1351 390 1406 Sic
411 1367 541 1421 ergo
568 1356 834 1420 prmsente
859 1348 1088 1401 veritate
1116 1354 1271 1416 typus
1300 1353 1354 1398 et
1402 1348 1591 1399 umbra
1622 1344 1869 1398 cessavit.

295 1443 510 1496 Etcum
556 1440 772 1494 adesset
810 1437 1066 1507 templum
1103 1436 1260 1497 illud,
1290 1437 1432 1505 quod
1475 1449 1570 1503 per
1611 1427 1901 1504 Spiritum'

295 1533 391 1587 Dei
422 1541 476 1586 et
507 1531 757 1584 virtutem
793 1527 1054 1581 Altissimi
1085 1526 1139 1580 in
1170 1534 1322 1580 utero
1363 1523 1601 1594 Virginis
1643 1522 1874 1578 fabrica-

298 1632 420 1672 tnm
449 1629 556 1684 est,
580 1619 818 1673 dirutum
847 1627 932 1672 est
955 1619 1215 1687 templum
1246 1633 1310 1672 ex
1344 1617 1619 1687 lapidibus
1648 1617 1881 1673 fabrica-

300 1725 440 1768 tum.
483 1711 683 1766 Aderat
711 1709 953 1779 pontifex
975 1710 1286 1766 futurorum
1311 1709 1601 1772 bonorum.
1631 1723 1881 1765 cessave-

1979 522 2161 586 habet,
2191 542 2209 574 ι
2234 523 2375 576 LXX
2400 526 2792 581 transtulerunt
2817 545 2836 578 ο
2865 539 3208 598 augmentum
3238 531 3494 602 funiculi;
3529 555 3552 590 ι

1976 615 2173 670 etenim
2197 615 2805 687 Joseph-interpretatdr
2831 635 3185 691 augmentum,
3232 640 3346 683 rem
3393 629 3555 686 intel-

1976 704 2200 776 ligentes
2252 722 2350 775 pro
2405 709 2725 764 nontine.'et
2772 709 2988 766 lectoris
3040 715 3277 770 animum
3331 719 3557 776 contun-

1952 797 2181 852 'dentes.
2224 796 2510 853 Subtracta
2537 800 2678 854 enim
2719 800 2950 856 Levitica
2991 806 3130 858 tribu
3167 816 3221 860 et
3252 810 3432 878 templi
3463 827 3554 864 sa-

1976 888 2195 943 crificiis
2216 888 2479 958 delegata,
2504 894 2856 947 remanebant
2884 895 2988 950 duo
3012 898 3179 952 tribus
3207 917 3433 968 quarum
3457 903 3550 957 Jo-

1976 978 2105 1046 seph
2146 977 2314 1032 divisa
2357 987 2441 1032 est
2488 979 2540 1032 in
2572 981 2723 1044 duas,
2756 981 3010 1050 Ephraim
3057 996 3110 1039 et
3159 987 3423 1056 Manasse,
3456 993 3550 1062 qui

1976 1068 2226 1120 dixerunt
2267 1067 2333 1120 ad
2374 1067 2537 1122 Josue
2577 1069 2743 1123 filium
2775 1072 2892 1126 Nun
2925 1091 2937 1126 :
2968 1073 3143 1140 Quare
3178 1079 3366 1132 dedisti
3418 1082 3549 1136 mihi

1974 1157 2368 1224 possessiOnem
2394 1159 2555 1213 sortis
2585 1167 2638 1212 et
2663 1158 2880 1214 funiculi
2908 1165 3086 1228 unius,
3117 1182 3236 1220 cum
3264 1169 3363 1221 sim
3392 1179 3550 1225 tanta:

1974 1249 2328 1326 multitudinis
2385 1257 2441 1302 et
2491 1250 2827 1305 benedixerit
2863 1255 2993 1308 mihi
3045 1256 3339 1312 Dominus?
3369 1260 3550 1329 (Josue

1971 1339 2129 1409 xvu.)
2165 1340 2371 1405 Quibus
2399 1343 2675 1409 respondit
2714 1341 2876 1398 Josue
2908 1362 2921 1398 :
2960 1364 2976 1396 ί
3011 1346 3066 1400 Si
3096 1350 3322 1419 populus
3353 1353 3552 1408 multus

1972 1447 2050 1496 es,
2081 1431 2310 1485 ascende
2341 1432 2393 1484 in
2422 1433 2648 1502 sylvam,
2673 1443 2725 1488 et
2753 1437 2968 1492 succide
2990 1439 3083 1492 tibi
3118 1443 3287 1508 spatia
3322 1443 3372 1496 in
3405 1454 3549 1500 terra

1971 1521 2243 1576 Pherezaei
2279 1530 2331 1574 et
2361 1521 2638 1600 Raphaim,
2669 1525 2791 1593 quia
2831 1537 3055 1596 angusta
3082 1540 3164 1583 est
3201 1533 3296 1585 tibi
3333 1549 3547 1602 posses-

1972 1612 2054 1665 sio
2080 1611 2278 1665 montis
2305 1612 2576 1680 Ephraim.
2621 1633 2640 1664 ›
2686 1615 2749 1667 Ει
2778 1617 2970 1671 iterum
3006 1639 3016 1672 :
3054 1638 3070 1670 ι
3109 1621 3355 1693 Dicitque
3384 1624 3547 1681 Josue

1973 1702 2038 1754 ad
2066 1701 2280 1754 domum
2300 1701 2554 1770 Ephraim
2577 1713 2631 1758 et
2654 1703 2898 1760 Manasse
2917 1726 2928 1760 :
2950 1709 3180 1778 Populus
3204 1713 3399 1768 multus
3415 1731 3473 1769 es
3495 1724 3550 1770 et

301 1818 429 1862 runt
455 1805 747 1877 pontifices
768 1815 1052 1860 taurorum
1091 1814 1148 1858 et
1185 1804 1487 1858 hircorum.
1515 1803 1673 1858 Venit
1692 1787 1943 1872 AgnusB
1972 1805 2177 1859 malim“
2207 1790 2558 1856 f0"liuidinis.
2601 1807 2706 1847 ηοη
2737 1795 2957 1851 habebis
2992 1809 3192 1855 sortem
3224 1819 3404 1863 unam,
3454 1807 3548 1859 sed

303 1902 422 1960 Dei,
444 1902 532 1963 qui
560 1899 700 1954 tollit
722 1912 942 1968 peccata
967 1899 1152 1952 mundi
1179 1897 1363 1965 (Joau.
1386 1899 1448 1959 ι).
1471 1895 1682 1952 deStitit
1708 1912 1865 1965 agnus

1971 1880 2226 1937 transibis
2253 1883 2320 1937 ad
2351 1893 2588 1940 mentem
2618 1897 2673 1942 et
2712 1890 2953 1944 succides
2985 1892 3079 1946 tibi
3109 1904 3270 1962 atque
3297 1897 3549 1967 purgabis

297 1989 358 2025 es
387 1975 682 2042 pecudibus
709 1987 1038 2044 assumptus,
1069 1983 1123 2028 et
1148 1975 1508 2044 nequidquam
1538 1989 1700 2045 atque
1747 1977 1864 2030 ina-

295 2066 439 2117 niter
478 2074 555 2118 tot
584 2065 794 2120 saeculis
827 2065 1116 2136 jugulatus.
1145 2066 1398 2121 Refertur
1440 2081 1568 2136 ergo
1611 2066 1783 2135 prima
1812 2076 1868 2121 et

290 2154 527 2207 secunda
557 2154 884 2210 haereditatis
910 2155 1048 2210 facta
1074 2155 1284 2210 divisio.
1319 2155 1500 2210 Prima
1527 2156 1745 2226 quidem
1770 2172 1868 2226 per

292 2244 532 2314 Moysen,
560 2247 791 2301 secunda
816 2262 962 2310 vero,
989 2264 1107 2317 qua:
1134 2257 1190 2302 et
1214 2247 1484 2316 potentior
1523 2256 1623 2312 est,
1647 2263 1746 2318 per
1780 2247 1867 2303 Je-

288 2351 412 2388 sum
453 2335 592 2388 facta
635 2337 978 2390 describitur.
1037 2337 1318 2408 (Nazian.)
1357 2335 1425 2390 Et
1465 2337 1677 2408 Moyses
1715 2347 1865 2392 trans

287 2423 580 2480 Jordanem
631 2427 789 2481 tribui
843 2427 1051 2492 Ruben,
1099 2436 1154 2481 et
1193 2427 1356 2482 tribui
1387 2429 1502 2485 Gad
1539 2437 1595 2484 et
1632 2429 1866 2483 dimidiae

290 2517 452 2572 tribui
484 2518 725 2574 Manasse
754 2520 1150 2589 possessionem
1196 2521 1460 2587 decernit,
1509 2523 1694 2578 cazteri
1738 2539 1864 2576 vero

286 2627 477 2668 omnes
519 2627 617 2682 per
659 2613 843 2668 Jesum
893 2614 1192 2683 suscipiunt
1241 2611 1610 2670 haereditatem
1673 2615 1861 2685 (Num.

290 2705 486 2776 xuii).
518 2707 762 2760 Diximus
781 2705 894 2774 jam
923 2707 1072 2775 prius
1109 2708 1375 2776 quomodo
1407 2723 1503 2776 per
1529 2708 1699 2779 legem
1749 2705 1865 2776 pla-

285 2807 516 2851 euerunt
537 2797 650 2852 Deo
672 2799 1036 2867 praecedentes
1063 2807 1301 2869 tempore
1327 2815 1443 2862 eos,
1470 2801 1560 2869 qui
1585 2815 1682 2868 per
1704 2801 1863 2854 (idem

287 2887 414 2941 Jesu
445 2889 512 2943 ad
534 2888 800 2957 promissa
831 2890 1170 2958 perveniunt,
1210 2890 1447 2945 nondum
1477 2905 1540 2945 ea
1583 2907 1702 2959 qua:
1736 2905 1861 2959 per-

287 2977 430 3034 tecta
451 2986 576 3032 sunt
600 2987 1022 3046 consequuntur,
1051 2988 1426 3049 exspectantes
1451 2994 1545 3034 eos
1568 2981 1656 3048 qui
1683 2988 1864 3050 poste-

285 3068 460 3121 riores
490 3067 704 3123 diverso
726 3067 939 3136 quidem
982 3077 1240 3138 tempore,
1277 3071 1370 3125 sed
1397 3086 1502 3124 una
1541 3071 1644 3126 fide
1679 3071 1860 3141 place-

1968 1971 2036 2024 ad
2065 1971 2413 2028 habitandum
2438 1977 2608 2044 spatia
2635 1988 2689 2032 et
2716 1981 2916 2047 poteris
2941 1981 3079 2034 ultra
3107 1985 3396 2051 procedere
3425 2004 3546 2040 eum

1967 2058 2299 2117 subverteris
2325 2063 2712 2132 Chananaaum,
2740 2083 2899 2136 quem
2931 2069 3065 2123 dicis
3100 2070 3305 2127 ferreos
3349 2075 3551 2132 habere

1966 2164 2157 2204 currus
2181 2159 2234 2205 et
2257 2167 2378 2207 esse
2402 2152 2772 2210 fortissimum.
2809 2177 2826 2208 ι
2854 2157 2965 2213 Hoc
2985 2171 3270 2228 propterea
3297 2164 3547 2232 dixerim,

1965 2239 2091 2308 quia
2133 2256 2275 2296 nunc
2325 2241 2608 2314 Scriptura
2649 2258 3038 2303 commemorat
3076 2248 3303 2320 Joscph,
3342 2266 3442 2310 IlOC
3468 2265 3551 2312 est

1966 2331 2221 2400 Ephraim
2269 2344 2323 2387 et
2382 2334 2630 2391 Mauasse
2677 2337 2942 2406 duplicem
2994 2341 3196 2396 habere
3225 2344 3546 2412 funiculum,

1965 2420 2188 2491 singula:
2215 2433 2392 2477 autem
2417 2427 2588 2480 tribus
2604 2436 2757 2497 juxta
2771 2430 3166 2486 multitudinem
3189 2449 3342 2489 suam
3365 2454 3549 2508 requa-

1964 2509 2034 2564 lia
2065 2513 2338 2582 accipiunt
2369 2524 2528 2572 terra:
2556 2519 2750 2588 spatia,
2783 2536 3122 2591 nequaquam
3149 2526 3375 2581 arbitrio
3404 2529 3544 2582 divi-

1965 2601 2160 2667 dentis,-
2190 2605 2284 2658 sed
2311 2616 2479 2670 sorte,
2503 2623 2622 2677 qum
2655 2609 2708 2662 in
2738 2610 2949 2664 Domini
2981 2623 3247 2681 potestate
3275 2617 3542 2672 consistit.

1962 2691 2020 2744 In
2045 2696 2432 2750 consuetudine
2459 2699 2674 2768 quidem
2701 2701 2977 2755 hominum
3015 2720 3137 2759 cum
3171 2702 3374 2776 aliquid
3400 2718 3545 2766 sorte

1964 2780 2237 2854 dividitur,
2270 2781 2493 2838 fortuito
2520 2787 2734 2840 videtur
2769 2804 2888 2844 sors
2911 2791 2999 2845 illa
3028 2795 3094 2846 ad
3126 2793 3297 2858 illum,
3335 2795 3418 2849 vel
3441 2797 3544 2852 alia

1963 2869 2028 2923 ad
2064 2870 2229 2924 alium
2262 2874 2490 2940 cedere;
2515 2877 2569 2930 in
2612 2877 2890 2947 Scriptura
2916 2892 3095 2936 autem
3126 2894 3310 2938 sancta
3337 2902 3441 2939 non
3471 2888 3546 2941 ita

1960 2970 2043 3015 est
2072 2979 2085 3015 :
2111 2971 2166 3016 et
2195 2963 2521 3033 aliquotiens
2557 2970 2859 3037 qumrebam
2903 2973 3042 3041 apud
3090 2975 3464 3044 memetipsum
3495 2979 3544 3032 si

1961 3050 2027 3105 de
2052 3063 2112 3105 re
2160 3060 2309 3106 tanta
2348 3069 2412 3108 ac
2443 3055 2535 3109 tali
2580 3057 2767 3114 Patres
2795 3063 2968 3116 sancti
3008 3065 3243 3119 sortibus
3280 3065 3544 3132 judicium

286 3155 439 3220 bum,
467 3156 604 3210 sicut
623 3157 912 3226 Apostolus
946 3156 1080 3211 dim
1107 3157 1295 3226 (Hebr.
1326 3159 1402 3228 χι)
1427 3178 1440 3213 ε
1479 3160 1576 3216 (υ,
1601 3175 1707 3215 non
1741 3161 1864 3216 sine
1887 3141 1930 3202 C
1961 3141 2382 3197 commisissent.
2411 3144 2564 3210 Quod
2591 3147 2636 3200 si
2653 3153 2948 3219 essetapud
2971 3163 3188 3209 sanctos
3209 3156 3278 3208 ita
3308 3167 3542 3226 gestum,

284 3247 443 3302 nobis
472 3247 856 3316 perfectionem
878 3261 1368 3317 consequerentur.
1392 3269 1410 3301 ι
1433 3251 1584 3318 Quod
1620 3253 1728 3306 sub
1767 3251 1859 3308 tali

284 3335 534 3407 exemplo
564 3352 848 3406 possumus
881 3335 1170 3406 conjicere.
1203 3337 1260 3394 Si
1287 3339 1431 3394 enim
1466 3357 1485 3390 ε
1542 3339 1684 3393 Deus
1736 3355 1858 3394 cum

284 3429 620 3498 dispergeret
647 3427 785 3483 ﬁlios
809 3427 1002 3492 Adam,
1025 3428 1214 3482 statuit
1242 3427 1373 3484 lines
1401 3429 1639 3499 gentium
1669 3441 1860 3483 secun-

283 3519 411 3572 dum
431 3533 710 3572 numerum
737 3519 1047 3589 angelorum
1073 3519 1186 3583 Dei,
1223 3539 1242 3570 ι
1276 3518 1359 3573 vel
1383 3527 1441 3573 ut
1463 3519 1515 3573 in
1537 3519 1658 3572 aliis
1679 3533 1860 3573 exem—

281 3609 525 3678 plaribus
546 3609 790 3678 legimus,
829 3629 847 3659 ‹
878 3611 1170 3664 secundum
1195 3625 1476 3664 numerum
1521 3610 1748 3664 ﬁliorum
1779 3611 1857 3664 ls-

284 3697 400 3752 rael
436 3718 454 3749 »
487 3699 539 3751 in
567 3692 720 3752 initio
745 3699 952 3762 mundi,
985 3706 1038 3752 et
1061 3699 1133 3752 ita
1169 3699 1395 3768 dispersi
1425 3709 1552 3754 sunt
1581 3699 1677 3753 lilii
1716 3693 1860 3754 illius

282 3787 452 3840 Adam
496 3787 636 3846 sicut
659 3786 743 3842 vel
783 3787 994 3842 illorum
1025 3774 1214 3841 merita
1237 3786 1322 3842 vel
1353 3788 1521 3858 ipsius
1568 3788 1698 3843 Adae
1726 3803 1858 3843 con-

283 3877 562 3946 templatio
586 3877 926 3947 postulabat:
957 3879 1086 3947 quid
1127 3879 1367 3933 dicemus
1422 3879 1685 3946 futurum,
1735 3897 1856 3937 cum

283 3969 564 4024 novissimi
592 3969 905 4038 Adam,'qui
937 3985 1041 4024 non
1067 3970 1118 4023 in
1170 3970 1404 4023 animam
1437 3971 1726 4035 viventem,
1766 3973 1858 4026 sed

285 4063 338 4117 in
385 4063 571 4132 spiritu
613 4047 978 4115 vivificantem
1008 4061 1180 4114 factus
1204 4071 1306 4123 est,
1331 4061 1559 4129 cmperit
1584 4060 1723 4117 ﬁlios
1754 4077 1857 4117 non

283 4152 612 4222 dispergere,
656 4151 748 4206 sed
799 4150 1110 4219 dispensare
1146 4159 1310 4219 atque
1347 4151 1632 4219 disponere
1676 4151 1858 4206 divina

284 4242 616 4312 dignatione,
647 4256 752 4296 non
797 4240 850 4294 in
893 4240 1064 4306 initio,
1107 4241 1198 4294 sed
1230 4241 1280 4294 in
1311 4241 1416 4294 line
1440 4243 1647 4311 mundi,
1674 4249 1859 4298 etnon

286 4335 415 4397 illis,
443 4334 534 4403 qui
564 4334 617 4387 in
639 4333 808 4387 Adam
844 4347 1031 4386 omnes
1067 4331 1263 4386 mortui
1309 4340 1452 4396 sunt,
1493 4333 1587 4386 sed
1643 4333 1721 4387 eis
1767 4335 1856 4404 qui

285 4427 341 4478 in
364 4423 580 4479 Christo
606 4438 792 4476 omnes
813 4421 1063 4476 vivificati
1093 4431 1240 4485 sunt,
1269 4423 1386 4476 sine
1409 4423 1572 4477 dubio
1603 4432 1728 4478 tunc
1756 4426 1855 4477 erit

283 4514 531 4583 quaedam
558 4512 747 4566 divisio
775 4520 829 4566 et
857 4511 1160 4566 distributio
1202 4512 1342 4576 talis,
1377 4527 1495 4580 qua:
1533 4528 1638 4566 non
1685 4513 1854 4567 solum

284 4619 386 4674 pro
425 4603 632 4656 meritis
663 4613 870 4666 eorum,
900 4601 992 4670 qui
1027 4602 1359 4671 dispensant,
1393 4602 1485 4656 sed
1522 4610 1576 4656 et
1614 4617 1734 4670 qua:
1759 4617 1856 4670 pro

284 4688 562 4743 novissimi
619 4687 788 4741 Adam
840 4686 894 4740 in
933 4701 1039 4756 quo
1080 4701 1269 4740 omnes
1313 4686 1620 4758 vivificandi
1673 4686 1857 4741 dicunt

284 4778 734 4847 contemplatione
761 4779 1031 4849 pensanda
1055 4778 1141 4832 sit.
1165 4777 1348 4831 Gratia
1377 4777 1521 4830 enim
1555 4777 1646 4832 Dei
1672 4793 1857 4832 sumus

284 4870 477 4925 salvati
515 4879 571 4925 et
616 4885 721 4923 non
759 4884 824 4923 ex
851 4869 1028 4933 nobis,
1070 4886 1088 4918 ‹
1125 4882 1224 4922 nec
1273 4874 1398 4921 sunt
1425 4866 1704 4938 condigna:
1734 4883 1856 4937 pas-

285 4961 469 5016 siones
493 4958 648 5028 hujus
698 4960 954 5030 temporis
981 4960 1046 5012 ad
1078 4959 1311 5013 futuram
1339 4957 1587 5029 gloriam,
1617 4975 1735 5028 qua:
1774 4977 1858 5016 re-

288 5049 556 5104 velabitur
583 5050 636 5104 in
662 5049 818 5104 nobis
845 5047 1016 5118 (Rom.
1049 5048 1184 5118 vni).
1217 5068 1235 5099 ι
1271 5047 1364 5102 Dei
1391 5049 1534 5102 enim
1563 5049 1702 5102 dono
1738 5065 1858 5103 san-

287 5140 392 5194 ctis
413 5146 468 5193 et
486 5138 673 5193 electis
695 5139 811 5208 ejus
837 5137 1043 5193 confert
1059 5138 1280 5208 gloriam
1304 5138 1451 5207 regni
1474 5138 1728 5202 caelestis,
1746 5140 1859 5208 ipso

290 5231 580 5305 tribuente,
617 5231 708 5298 qui
736 5229 1010 5299 discipulis
1039 5229 1115 5282 ait
1153 5243 1166 5281 :
1205 5247 1222 5278 ι
1265 5227 1369 5282 Vos
1413 5230 1542 5284 estis
1593 5230 1683 5299 qui
1737 5245 1860 5300 per-

289 5318 563 5374 mansistis
607 5332 815 5372 mecum
845 5317 898 5370 in
939 5316 1316 5371 tentationibus
1342 5319 1496 5383 meis,
1527 5327 1582 5372 et
1603 5333 1702 5388 ego
1745 5318 1858 5372 dis-
1903 5318 1912 5327 '

291 5427 486 5481 ponam
541 5408 691 5464 vobis
735 5408 874 5462 sicut
911 5406 1171 5475 disposuit
1202 5407 1330 5461 mihi
1379 5408 1537 5462 Pater
1579 5423 1729 5462 meus
1775 5423 1860 5462 re-

291 5516 478 5570 gnum,
517 5507 574 5552 ut
613 5498 783 5552 edatis
818 5505 874 5551 et
901 5497 1098 5551 bibatis
1123 5513 1284 5566 super
1312 5511 1552 5552 mensam
1597 5513 1771 5552 meam
1805 5499 1858 5550 in

295 5607 460 5660 regno
506 5606 648 5655 meo,
674 5598 728 5646 et
753 5589 986 5644 scdeatis
1008 5603 1166 5657 super
1193 5589 1414 5644 thronos
1445 5589 1748 5654 duodecim,
1776 5588 1862 5657 ju-

295 5683 538 5737 tiivautcs
565 5679 842 5734 duodecim
871 5678 1041 5733 tribus
1070 5677 1229 5732 Israel
1258 5678 1407 5741 (Luc.
1433 5680 1588 5751 χιιι).
1623 5700 1640 5731 ι
1672 5679 1776 5734 Pro
1798 5695 1862 5735 eo

1955 3229 2064 3297 jam
2091 3231 2157 3284 de
2185 3231 2303 3285 aliis
2330 3232 2637 3288 hominibus
2667 3237 2750 3290 vel
2794 3241 3040 3306 gentibus
3071 3243 3202 3296 nihil
3232 3246 3427 3299 mirum
3462 3249 3540 3300 vi~

1959 3317 2125 3381 deris,
2157 3319 2203 3372 si
2246 3319 2378 3372 nihil
2420 3322 2711 3376 haberetur
2730 3327 2984 3380 eximium
3018 3330 3070 3382 in
3108 3332 3191 3384 his
3216 3349 3336 3400 quae
3357 3350 3386 3387 a
3413 3351 3542 3389 san-

1960 3405 2335 3462 ctisdicuutur
2365 3419 2514 3464 sorte
2541 3412 2733 3466 divisa.
2783 3413 2890 3468 Sed
2923 3417 3200 3474 videamus
3230 3421 3272 3472 si
3303 3421 3439 3476 forte
3487 3425 3539 3476 iu

1961 3493 2254 3563 Seripturis
2298 3497 2501 3566 aliquid
2546 3501 2881 3556 inveniamus
2933 3519 3052 3559 esse
3096 3508 3350 3574 positum,
3400 3512 3542 3578 quod

1961 3584 2113 3638 nobis
2134 3585 2262 3655 quid
2287 3587 2505 3642 virtutis
2524 3591 2865 3646 εολιιὶηθειιυι*
2879 3594 2932 3646 in
2957 3597 3192 3651 sortibus
3214 3599 3536 3655 manifestet.

1959 3675 2281 3760 Incipiamus
2307 3679 2471 3749 igitur
2496 3697 2528 3734 a
2557 3681 2816 3742 chitico.
2847 3685 2936 3739 ubi
2963 3689 3220 3756 scriptum
3261 3701 3384 3744 est:
3425 3711 3442 3741 ι
3475 3693 3542 3746 Et

1960 3767 2246 3836 accipient,
2285 3769 2480 3840 inquit,
2519 3774 2654 3828 duas
2679 3784 2874 3841 sortes,
2904 3792 3022 3832 sors
3063 3795 3166 3833 una
3199 3781 3448 3847 Domino,
3485 3795 3541 3839 et

1958 3872 2086 3913 sors-
2103 3874 2206 3914 una
2231 3860 2614 3930 Apopompcco.
2637 3865 2738 3918 hoc
2763 3875 2844 3919 est
2877 3868 3261 3925 transmissori.
3291 3871 3357 3924 Et
3376 3888 3539 3942 super

1959 3965 2334 4021 quemcunque
2388 3956 2596 4008 venerit
2654 3971 2771 4011 sors
2798 3997 2812 4021 ,
2874 3959 3216 4031 Apopompzei
3269 3965 3537 4032 accipient

1958 4042 2166 4096 hircum
2209 4041 2358 4098 illum
2405 4053 2459 4099 et
2499 4045 2769 4101 abducent
2805 4048 2857 4101 in
2911 4050 3083 4104 locum
3135 4053 3303 4108 eremi
3332 4055 3534 4121 vivum,

1957 4139 2011 4186 et
2034 4131 2304 4186 dimittent
2331 4132 2478 4188 illum
2506 4135 2557 4188 iu
2586 4135 2952 4194 dimissionem
2981 4155 3154 4206 suam,
3207 4143 3370 4197 alium
3409 4161 3539 4200 vero

1957 4222 2167 4276 hircum
2208 4223 2560 4280 immolabunt
2606 4227 2853 4293 Domino,
2911 4249 2928 4281 ι
2959 4239 3013 4284 et
3044 4231 3267 4300 reliqua,
3315 4250 3434 4302 qum
3464 4237 3537 4290 ibi

1958 4324 2104 4380 sunt,
2127 4331 2245 4384 quae
2269 4317 2453 4386 utique
2481 4318 2680 4384 sciunt,
2711 4321 2802 4388 qui
2833 4321 3036 4390 legunt.
3069 4323 3135 4375 Et
3163 4323 3357 4378 iterum
3393 4344 3406 4379 :
3445 4328 3536 4381 ubi

1960 4403 2166 4475 Moyses
2194 4415 2340 4462 sorte
2367 4408 2549 4462 divisit
2581 4410 2738 4464 tribui
2779 4411 2964 4463 lluben
3013 4422 3068 4464 ct
3099 4412 3259 4466 tribui
3312 4411 3427 4467 Gad
3481 4423 3537 4468 et

1884 4479 1932 4536 D
1960 4494 2192 4550 dimidia:
2226 4498 2384 4551 tribui
2411 4499 2687 4563 illanasszu,
2717 4516 2844 4568 (μλλε-
2863 4511 3216 4568 poposcerant
3245 4511 3397 4558 trans
3415 4505 3538 4559 Jor—
3599 4576 3602 4580 Ι

1957 4589 2436 4660 danem,accipere
2463 4600 2660 4645 terram
2684 4592 2828 4644 illam
2871 4607 3030 4660 quam
3052 4607 3408 4661 poposcerant
3440 4597 3536 4652 filii

1956 4680 2139 4735 Israel.
2181 4683 2337 4736 Dedit
2367 4693 2545 4735 autem
2573 4683 2685 4750 ipse
2705 4679 2861 4735 Jesus
2887 4683 3178 4737 secundum
3203 4697 3533 4754 praeceptum

1958 4773 2169 4826 Domini
2200 4771 2400 4826 Chaleb
2430 4772 2540 4826 filio
2565 4771 2838 4840 Jcphontc,
2871 4781 2924 4827 et
2951 4774 3112 4828 tribui
3145 4774 3280 4829 Juda
3307 4787 3530 4832 sortem.

1963 4863 2118 4918 Dedit
2157 4872 2337 4917 autem
2367 4863 2624 4932 Ephrem,
2665 4872 2718 4918 et
2748 4863 2821 4918 illi
2845 4879 2963 4934 quae
2989 4880 3149 4935 super
3195 4877 3313 4922 erat
3371 4869 3534 4924 tribui

1963 4957 2206 5012 Manasse
2237 4975 2250 5010 :
2282 4966 2338 5011 et
2375 4967 2496 5026 post
2533 4957 2648 5012 haec
2668 4959 3011 5028 congregavit
3037 4959 3088 5012 in
3117 4959 3357 5016 Ecclesia
3395 4961 3536 5016 filios

1965 5049 2146 5113 Israel,
2178 5058 2231 5103 et
2251 5049 2386 5101 dixit
2409 5067 2420 5100 :
2446 5069 2463 5097 ι
2486 5047 2695 5101 Mittam
2721 5057 2921 5103 sortem
2951 5058 3006 5103 et
3029 5050 3298 5118 proferam
3329 5052 3381 5105 in
3407 5067 3539 5107 con-

1967 5148 2150 5208 spectu
2180 5138 2413 5202 Domini,
2445 5139 2489 5192 si
2517 5138 2665 5207 prius
2691 5139 3056 5197 describentes
3113 5149 3312 5196 terram
3342 5142 3536 5194 attule-

1969 5230 2085 5284 ritis
2120 5230 2246 5283 mihi
2271 5229 2686 5297 descriptionem
2721 5229 2856 5297 ejus,
2892 5249 2909 5278 ›
2938 5238 2992 5283 et
3021 5231 3092 5283 ita
3118 5241 3238 5299 post
3280 5231 3395 5284 haec
3418 5246 3536 5283 sor-

1968 5319 2110 5374 tibus
2154 5319 2333 5373 missis
2370 5319 2656 5373 haereditas
2704 5319 2897 5386 populo
2926 5319 3017 5372 Dei
3063 5319 3402 5373 distribuitur
3435 5335 3448 5372 :
3481 5328 3536 5375 et

1967 5410 2202 5480 agitatur
2235 5425 2352 5464 sors
2387 5411 2491 5464 ista
2530 5423 2636 5464 non
2677 5407 2918 5474 fortuitu,
2964 5410 3057 5463 sed
3098 5408 3391 5462 secundum
3433 5409 3534 5464 hoc

1967 5501 2108 5572 quod
2134 5500 2570 5571 prtedestinatum
2600 5507 2682 5554 est
2706 5515 2736 5552 a
2770 5499 2895 5552 Deo.
2927 5496 3168 5565 Denique
3197 5497 3369 5550 tribus
3397 5497 3533 5550 Ben-

1962 5594 2132 5664 jamin
2158 5593 2387 5663 primam
2414 5591 2486 5646 ibi
2507 5591 2713 5660 accepit
2735 5596 2933 5644 sortem
2958 5586 3047 5640 ubi
3081 5595 3196 5640 erat
3215 5583 3531 5640 Jerusalem.

1967 5684 2097 5740 Post
2125 5686 2238 5739 han
2269 5685 2440 5739 tribus
2483 5683 2702 5738 Simeon
2733 5679 3020 5734 secundam
3053 5695 3064 5730 :
3099 5687 3219 5733 post
3258 5678 3368 5731 lure
3394 5677 3533 5731 Issa-
