4028 6196
510 268 648 325 1065

1144 265 1205 319 Β.
1246 261 1494 319 RABANI
1530 258 1749 319 MAURI
1784 258 2105 316 ARCHIEP.
2146 255 2455 316 MOGUNT.
2492 255 2775 316 OPE'RUM
2822 256 2997 312 PARS
3038 257 3103 312 ll.

3542 240 3547 243 ’
3626 262 3763 319 test

507 386 663 448 cbar,
684 380 879 437 deinde
906 378 1165 443 Zabulon,
1191 377 1384 433 deinde
1412 376 1568 441 Aser,
1603 382 1727 446 post
1759 374 1877 429 hzec
1911 373 2075 428 etiam
2104 376 2153 436 Α
2179 375 2357 425 luntas
2389 370 2628 426 continet
2657 369 2712 424 in
2744 369 2957 425 occulto
2977 411 2992 434 ,
3021 384 3142 425 sors
3177 370 3485 428 hominibus
3513 374 3759 433 declarat

507 471 872 543 Nephtbalim,
894 470 1086 524 deinde
1108 469 1218 523 Dan
1244 467 1424 537 (Josue
1446 482 1556 529 xvi,
1582 482 1713 530 xvii,
1746 481 1902 527 mu,
1928 465 2073 535 xu):

506 561 564 620 in
593 562 788 632 quibus
809 559 1098 615 novissime
1122 557 1338 611 veniunt
1361 564 1470 611 tres
1494 555 1595 611 illae
1622 555 1809 619 tribus,
1846 570 1967 624 quae
2011 568 2076 608 ex

507 650 822 707 concubinis
842 646 1233 702 descenderant
1271 645 1455 700 Jacob.
1486 646 1614 712 Qua:
1653 659 1781 718 ergo
1827 646 1967 700 ratio
2009 645 2081 722 sit

508 739 732 794 sortium
763 737 901 806 apud
932 735 1305 804 memetipsum
1336 735 1696 804 requirebam.
1722 744 1781 788 ut
1809 751 1874 790 ex
1900 734 2103 789 multis.

510 828 830 883 testimoniis
860 825 1286 896 Scripturarum,
1328 826 1471 895 quod
1512 825 1713 879 latebat
1757 840 2081 893 agnoscere-

506 936 644 974 mus.
682 912 863 975 Inveni
892 934 1021 971 sane
1050 916 1415 987 ioScripturis
1444 917 1606 970 etiam
1640 915 1868 987 gentiles
1904 916 2081 971 homi-

504 1026 600 1065 nes
627 1025 753 1064 usos
779 1024 898 1063 esse
926 1009 1183 1073 sortibus,
1213 1017 1340 1063 tunc
1371 1024 1491 1061 eum
1524 1009 1802 1076 navigaret
1840 1006 2006 1063 Jonas
2026 1016 2081 1064 et

504 1110 798 1171 tempestas
817 1110 1047 1172 urgeret.
1081 1102 1245 1154 Aiunt
1268 1114 1497 1168 namque
1511 1100 1582 1154 illi
1606 1101 1697 1170 qui
1722 1101 2077 1170 navigabant:

510 1211 529 1244 ‹
564 1193 839 1247 Mittamus
870 1201 1066 1246 sortem
1092 1199 1144 1244 et
1174 1191 1408 1245 sciamus
1426 1191 1579 1260 cujus
1606 1205 1768 1245 causa
1799 1190 1910 1244 lure
1933 1196 2081 1245 tanta

504 1282 712 1335 malitia
746 1283 815 1335 sit
846 1281 1018 1352 (Jome
1054 1300 1087 1337 ιι
1130 1281 1167 1352 ),
1216 1300 1234 1332 ι
1263 1280 1416 1349 quasi
1449 1295 1566 1334 sors
1596 1288 1801 1335 tantum
1854 1279 2076 1343 valeret,

503 1381 563 1424 ut
584 1372 812 1440 prodere
837 1372 1024 1439 possit,
1042 1371 1193 1437 cujus
1215 1386 1378 1425 causa
1394 1370 1693 1440 periculum
1708 1371 2081 1439 navigantibus

504 1463 828 1517 immineret.
853 1463 1107 1530 Quamvis
1137 1462 1363 1532 gentiles
1401 1469 1598 1525 essent,
1629 1470 1684 1516 et
1712 1461 1873 1515 alicui
1908 1477 1937 1514 a
1982 1477 2078 1523 co-

504 1555 746 1627 gnitione
777 1554 888 1616 Dei,
918 1568 1020 1607 non
1056 1562 1234 1607 tamen
1265 1554 1367 1608 bac
1394 1552 1643 1623 opinione
1674 1550 1951 1614 falluntur,
1984 1552 2080 1607 sed

502 1647 644 1716 quod
668 1660 851 1714 verum
879 1653 993 1699 erat
1021 1643 1347 1713 prodiditeis
1372 1659 1489 1699 sors
1514 1657 1676 1714 super
1694 1642 1906 1698 Jonam.
1922 1642 2077 1709 Quac-

2181 458 2236 512 in
2262 458 2561 532 manifesto.
2593 458 2897 515 Secundum
2929 474 3055 515 vero
3086 460 3397 516 interiorem
3425 462 3759 521 intellectum

2182 553 2322 608 sicut
2354 552 2549 607 Paulus
2579 553 2789 606 videtur
2817 552 3063 623 judicare
3093 568 3216 606 cum
3245 553 3375 609 dicit
3406 572 3419 608 :
3457 572 3477 605 ε
3517 554 3577 612 In
3602 570 3762 626 parte

2186 642 2410 709 «sortis
2455 650 2763 697 sanctorum
2811 642 2864 696 in
2914 641 3143 725 lumine,
3190 650 3246 701 et
3289 654 3441 698 sorte
3476 645 3656 700 vocati
3700 646 3762 703 in

2185 750 2204 782 ι
2238 730 2472 793 Christo.
2523 752 2541 783 ι
2589 731 2885 787 Videndum
2922 742 3005 786 est
3032 748 3099 787 ne
3141 732 3277 809 forte
3308 750 3415 789 non
3455 735 3629 790 solum
3660 736 3761 792 ho—

2181 824 2440 887 minibus,
2477 822 2571 878 sed
2602 830 2657 877 et
2685 823 2738 876 in
2766 823 3016 894 supernis
3049 824 3341 879 virtutibus
3369 841 3488 881 sors
3564 834 3760 898 agatur

2180 924 2234 970 et
2251 915 2726 986 przesideataliqua
2748 916 2917 971 virtus
2938 916 3061 970 huic
3082 915 3275 981 cilicio,
3297 932 3418 986 quae
3436 920 3582 973 verbi
3595 935 3758 975 causa

2179 1002 2304 1059 Jesu
2336 1004 2449 1059 tilio
2479 1004 2625 1059 Nave
2659 1021 2801 1061 nunc
2829 1015 2976 1062 sorte
3004 1006 3374 1063 haereditatcm
3405 1010 3756 1067 distribuendi

2181 1113 2289 1150 non
2318 1097 2555 1167 aliquam
2580 1098 2831 1167 gratiam,
2857 1098 2948 1152 sed
2971 1098 3259 1154 secundum
3284 1101 3386 1155 hoc
3407 1101 3536 1170 quid
3556 1103 3623 1155 sit
3648 1101 3757 1171 pla-

2181 1198 2307 1240 cere
2334 1185 2444 1240 Deo
2472 1186 2727 1241 ducatum
2754 1186 2992 1255 praebeat
3027 1188 3211 1252 sortis,
3236 1196 3292 1242 et
3322 1188 3399 1242 illi
3436 1189 3654 1259 quidem
3678 1190 3758 1244 fa-

2179 1275 2291 1328 ciat
2313 1274 2552 1339 evenire,
2580 1290 2697 1343 qua:
2709 1276 2882 1346 prima
2911 1284 3234 1345 sunt,quem
3280 1278 3384 1333 scit
3420 1279 3562 1348 apud
3589 1279 3756 1333 Deum

2154 1365 2413 1434 primum
2441 1364 2619 1423 locem
2646 1373 2848 1430 tenere,
2879 1374 2938 1419 ut
2963 1366 3086 1431 hoc,
3106 1366 3249 1436 quod
3274 1367 3328 1422 in
3350 1367 3588 1429 occultis
3617 1369 3755 1439 apud

2180 1458 2349 1519 Deum
2377 1457 2629 1522 habetur,
2650 1457 2822 1513 sortis
2842 1456 3235 1543 gubernatione
3262 1458 3423 1513 etiam
3450 1457 3757 1514 hominibus

2181 1551 2597 1617 demonstretur,
2623 1551 2793 1607 alium
2804 1567 2930 1611 vero
2954 1550 3132 1607 facere
3152 1554 3371 1608 secundi
3395 1553 3497 1609 loci
3520 1562 3577 1611 et
3593 1555 3754 1609 alium

2185 1644 2351 1707 tertii,
2392 1643 2535 1715 quod
2585 1659 2691 1698 non
2740 1637 2913 1699 selum
2952 1644 3011 1698 in
3057 1646 3216 1701 terris
3264 1647 3522 1713 arbitror,
3571 1664 3755 1703 verum

504 1752 631 1791 rens
660 1752 791 1808 ergo
818 1736 882 1791 de
923 1736 1028 1801 his,
1070 1736 1282 1790 invenio
1304 1744 1359 1790 et
1406 1735 1745 1790 Salomonem
1783 1734 1837 1789 in
1863 1734 2090 1788 Prover-
2115 1737 2162 1797 B
2191 1734 2355 1788 etiam
2387 1734 2438 1789 in
2474 1734 2785 1790 coelestibus
2825 1744 2881 1790 et
2912 1735 3215 1813 hujusmodi
3256 1747 3421 1804 sorte,
3463 1754 3587 1809 quae
3618 1741 3765 1811 apud

503 1827 607 1881 hiis
655 1827 922 1881 dicentem
967 1843 981 1879 :
1020 1844 1037 1876 ι
1075 1825 1546 1881 Contradictienes
1573 1825 1790 1881 cohibet
1841 1839 1983 1889 sors,
2028 1836 2083 1882 et

504 1915 645 1970 inter
690 1923 937 1984 potentes
972 1915 1157 1971 delinit
1187 1915 1366 1987 (Prov.
1404 1914 1582 1985 xvm),
1625 1933 1644 1967 ι
1680 1913 1841 1970 veluti
1869 1926 2083 1969 cessare

503 2009 793 2067 ostendens
820 2010 1294 2075 contradictiones,
1313 2010 1403 2064 ubi
1431 2008 1672 2064 mittetur
1693 2024 1832 2064 sors.

540 2094 549 2102 ’
574 2100 680 2155 Sed
707 2116 828 2154 cum
855 2101 968 2165 haec
992 2100 1045 2153 in
1074 2098 1422 2154 Testamento
1452 2099 1631 2153 Veteri
1660 2113 1765 2153 non
1794 2113 1966 2167 pauca
1995 2113 2085 2159 ro-

503 2189 633 2246 ferri
690 2190 758 2246 de
790 2192 1030 2248 sortibus
1076 2191 1396 2256 invenirem,
1422 2190 1661 2247 converti
1690 2205 1777 2245 me
1803 2191 1968 2246 etiam
2014 2191 2085 2247 ad

504 2279 713 2353 Novum
747 2281 1174 2347 Testamentum,
1226 2288 1285 2335 ut
1326 2279 1563 2335 viderem
1589 2279 1635 2335 si
1696 2278 1835 2335 forte
1878 2281 1963 2336 vel
2009 2282 2083 2336 ibi

501 2378 985 2453 contemnerentur
1042 2381 1241 2436 sortes,
1289 2382 1383 2425 aut
1425 2384 1493 2424 ne
1519 2368 1590 2424 ibi
1621 2370 1838 2438 quidem
1893 2385 2082 2429 earum

499 2482 632 2522 usus
672 2466 798 2521 alibi
819 2466 1108 2528 diceretur,
1137 2474 1195 2520 ct
1223 2464 1437 2521 invenio
1482 2463 1626 2534 quod
1656 2462 1941 2533 aliquando
1955 2477 2082 2517 cum

501 2559 717 2623 deesset
773 2572 1000 2614 numero
1028 2556 1395 2629 apostolorum
1424 2570 1584 2621 unus,
1615 2563 1676 2611 ut
1722 2562 1866 2610 esset
1890 2567 2082 2608 ncces-

500 2653 706 2711 sarium
730 2652 784 2706 in
808 2651 982 2706 locum
1008 2649 1158 2706 Judae
1182 2651 1358 2707 alium
1389 2649 1671 2722 subrogari
1692 2649 1831 2721 (Act.
1861 2649 1927 2717 ι),
1953 2663 2082 2704 con—

501 2747 782 2802 venientes
811 2746 1106 2816 apostolos,
1159 2746 1251 2815 qui
1293 2744 1479 2814 utique
1525 2742 1697 2798 mnlto
1730 2742 2083 2813 sapientiores

502 2844 660 2893 erant
688 2852 850 2906 quam
876 2837 931 2892 hi
960 2837 1050 2906 qui
1068 2851 1225 2905 hunc
1269 2836 1551 2907 episcopos
1586 2833 1671 2888 vel
1714 2834 2079 2905 presbyteros,

506 2926 592 2981 vel
612 2926 869 2982 diaconos
896 2927 1171 2989 ordinant,
1220 2934 1273 2980 et
1314 2924 1597 2995 elegerunt
1634 2922 1768 2979 duos
1789 2931 1845 2978 et
1873 2930 2081 2978 statue-

501 3027 628 3074 runt
662 3018 716 3072 in
763 3014 965 3095 medio,
1021 3030 1121 3069 nec
1147 3023 1327 3069 tamen
1373 3018 1440 3068 de
1471 3014 1557 3068 bis
1595 3011 1898 3082 semetipsis
1934 3010 2080 3081 judi-

502 3112 643 3167 cium
667 3088 1029 3180 permiserunt
1076 3115 1134 3162 ut
1187 3107 1336 3162 illum
1385 3105 1627 3162 facerent
1651 3119 1810 3175 quem
1857 3104 1957 3174 ipsi
1987 3118 2080 3159 νο-
2109 3084 2152 3146 C

2186 1824 2470 1882 Dominum
2534 1827 2852 1887 meritorum
2908 1829 3358 1899 contemplatione
3413 1832 3757 1901 distinguitur

2181 1916 2430 1973 etiamin
2474 1915 2565 1972 illo
2612 1924 2852 1988 tempore
2887 1917 3160 1973 habetur:
3205 1937 3225 1970 ι
3269 1919 3404 1975 Cum
3435 1921 3635 1979 viderit
3666 1937 3757 1977 ex-

2182 2007 2361 2064 celsus
2385 2016 2573 2079 gentes
2596 2015 2650 2063 et
2673 2008 3109 2063 disseminaverit
3136 2009 3273 2066 ﬁlios
3298 2012 3495 2077 Adam,
3526 2019 3584 2066 et
3627 2027 3754 2066 con-

2183 2098 2413 2156 stituerit
2438 2098 2576 2153 ﬁlios
2609 2098 2848 2169 gentium
2891 2101 3185 2155 secundum
3221 2116 3506 2156 numerum
3546 2102 3757 2172 angelo-

2181 2206 2302 2249 rum
2340 2189 2434 2243 Dei
2459 2187 2639 2260 (Deut.
2670 2192 2864 2261 xxx").
2917 2208 2936 2242 ι
2977 2189 3045 2243 Ει
3072 2188 3213 2245 facta
3239 2200 3324 2246 est
3345 2192 3524 2260 portio
3552 2193 3755 2247 Domini

2181 2282 2351 2341 Jacob
2388 2281 2661 2338 funiculus
2688 2282 3019 2338 luereditatis
3047 2280 3164 2351 ejus
3192 2282 3377 2337 Israel.
3426 2282 3594 2339 Vides
3630 2299 3756 2354 ergo

2183 2378 2237 2429 et
2288 2373 2377 2429 hic
2418 2379 2657 2443 partem,
2700 2382 2756 2426 et
2808 2371 3105 2427 funiculum
3155 2372 3367 2427 Domini
3418 2372 3586 2429 Israel
3626 2375 3757 2435 dicit

2182 2478 2304 2519 esse
2348 2471 2514 2518 sorte.
2570 2461 2687 2517 Non
2718 2477 2847 2530 ergo
2887 2461 3110 2518 fortuito
3146 2463 3518 2518 arbitrandum
3545 2464 3757 2519 venisse

2183 2563 2407 2610 sortem.
2469 2554 2547 2617 llli
2604 2554 2822 2625 quidem
2882 2550 3073 2625 ang'elo
3118 2564 3333 2625 gentem
3374 2555 3520 2610 illam
3579 2559 3749 2612 διδοίη

2180 2660 2309 2715 pere
2339 2645 2488 2701 verbi
2544 2646 2717 2715 gratia
2748 2645 3153 2717 alEgyptiorum,
3191 2646 3282 2700 alii
3329 2654 3510 2700 autem
3562 2646 3757 2715 angelo

2168 2737 2539 2793 'ldumteorum
2571 2737 2925 2793 Moabitarum
2958 2755 2971 2791 :
3013 2746 3069 2792 et
3094 2737 3184 2792 alii
3220 2736 3424 2793 Indiam
3453 2737 3538 2792 vel
3565 2754 3749 2794 unam-

2182 2842 2453 2898 quamque
2495 2828 2767 2884 natiouem
2808 2842 2995 2885 earum
3022 2867 3038 2894 ,
3086 2843 3204 2897 qua:
3258 2839 3384 2907 sunt
3437 2844 3599 2899 super
3647 2839 3758 2885 ter-

2182 2936 2318 2977 ram.
2371 2917 2478 2975 Sed
2523 2929 2579 2975 et
2612 2919 2692 2975 ibi
2717 2919 2880 2977 etiam
2913 2919 2960 2974 si
3000 2920 3292 2975 secundum
3327 2935 3608 2976 numerum
3658 2936 3756 2975 an-

2184 3013 2424 3085 gelorum
2465 3011 2561 3066 Dei
2590 3012 2841 3071 dicantur
2865 3021 3012 3068 sorte
3048 3021 3237 3083 gentes
3282 3012 3400 3068 istae
3437 3012 3640 3079 divisxe,
3676 3022 3757 3067 ta-

2184 3119 2305 3160 men
2343 3102 2430 3157 illa
2459 3118 2580 3159 sors
2603 3102 2744 3156 sicut
2782 3102 2836 3157 in
2875 3102 3181 3158 hominibus
3218 3102 3472 3167 diximus,
3504 3103 3633 3172 quia
3661 3103 3756 3159 Dei

501 3202 747 3257 luissent.
774 3198 878 3254 Sed
921 3218 939 3249 ι
991 3209 1235 3263 orantes,
1265 3198 1458 3267 inquit,
1510 3196 1773 3250 miserunt
1820 3203 2074 3257 sortem,»
2176 3194 2438 3263 judicium
2466 3191 2610 3263 quod
2633 3193 2685 3247 in
2708 3190 2922 3247 occulto
2942 3200 3045 3261 est,
3072 3205 3190 3248 sors
3215 3191 3404 3261 pandit
3429 3191 3484 3245 in
3502 3190 3757 3261 publico;

501 3303 564 3349 ut
588 3308 654 3349 ex
683 3292 790 3348 illis
821 3290 1028 3349 duobus
1074 3305 1214 3360 quos
1242 3298 1546 3345 statuerant
1573 3288 1625 3341 in
1656 3297 1947 3357 conspectu
1979 3285 2084 3341 Do—

502 3384 653 3446 mini,
678 3384 732 3439 id
761 3390 844 3436 est
866 3381 1086 3450 Joseph,
1115 3376 1206 3450 qui
1261 3389 1485 3436 vocatur
1526 3378 1819 3443 Barnabas,
1873 3378 1966 3446 qui
1993 3392 2084 3431 co-

507 3477 851 3547 gnominatus
876 3485 959 3529 cSt
977 3474 1178 3544 justus,
1207 3482 1264 3527 et
1288 3471 1526 3526 Matbian
1556 3488 1568 3523 :
1600 3471 1852 3535 «Cecidit,
1886 3470 2078 3539 inquit,

502 3584 622 3626 sors
650 3580 814 3637 super
836 3566 1095 3628 Matbian,
1127 3572 1184 3618 et
1207 3572 1595 3618 annumeratus
1614 3570 1700 3617 est
1727 3576 1850 3616 eum
1879 3559 2081 3617 Christi

505 3660 781 3733 apostolis.
819 3678 837 3711 ι
873 3658 1214 3712 Pet-cedente
1228 3669 1459 3724 namque
1478 3653 1699 3719 ratione,
1724 3667 1841 3707 -non
1858 3651 1970 3720 jam
1993 3666 2082 3706 ea-

505 3767 589 3816 Su,
619 3751 715 3806 sed
740 3748 1039 3821 prudentia?
1062 3762 1181 3801 sors
1212 3745 1452 3800 divinum
1479 3743 1742 3815 judicium
1769 3740 2077 3798 deferebat.

506 3844 615 3901 Sed
660 3842 836 3897 adhuc
870 3841 1177 3910 quaerebam
1235 3838 1291 3892 in
1321 3836 1468 3892 Novo
1503 3835 1850 3891 Testamento
1897 3834 1943 3889 si
1989 3847 2085 3887 au.

505 3945 613 3993 tem
636 3949 756 3989 sors
811 3934 864 3986 in
913 3932 1130 3992 Christo
1158 3931 1243 3985 vel
1269 3931 1321 3985 in
1352 3930 1597 3985 Ecclesia
1628 3928 1959 3988 nominetur,
1994 3924 2080 3979 vel

506 4026 560 4083 in
586 4027 749 4080 rebus
773 4023 1034 4093 mysticis,
1064 4036 1185 4090 quae
1206 4022 1272 4076 ad
1293 4023 1530 4075 animam
1552 4021 1826 4090 pertinere
1867 4017 2085 4071 videan-

507 4129 614 4183 tur,
641 4117 857 4173 invenio
888 4114 1107 4173 Paulum
1134 4116 1201 4168 ad
1231 4113 1493 4183 Ephesios
1519 4112 1849 4167 scribentem
1898 4108 2082 4164 dicere

468 4216 473 4221 ’
509 4211 576 4266 de
604 4209 827 4266 Christo
864 4226 877 4263 :
919 4226 936 4258 ι
972 4205 1029 4261 In
1055 4218 1183 4277 quo,
1235 4203 1431 4273 inquit,
1484 4211 1632 4258 sorte
1683 4201 1858 4257 vocati
1895 4214 2083 4255 sumus

507 4298 872 4376 pnedestinati
903 4296 1198 4377 secundum
1226 4293 1559 4363 propositum
1602 4292 1740 4362 ejus,
1778 4290 1869 4359 qui
1898 4288 2083 4346 omnia

507 4400 762 4462 operatur
802 4389 1100 4445 secundum
1151 4378 1433 4442 consilium
1490 4382 1781 4439 voluntatis
1825 4381 1962 4451 ejus,
2020 4388 2079 4436 ut

462 4545 467 4551 ,
509 4483 682 4541 simus
717 4480 770 4534 in
819 4479 1031 4534 laudem
1062 4477 1246 4548 gloria:
1286 4474 1425 4543 ejus,
1476 4474 1569 4544 qui
1596 4484 1724 4527 ante
1751 4472 2084 4542 speravimus

510 4574 564 4630 in
592 4573 809 4628 Christo
840 4570 1058 4643 (Epiros.
1090 4569 1151 4641 ι).
1216 4586 1235 4618 ι
1272 4566 1377 4621 Sed
1403 4572 1457 4621 et
1491 4565 1558 4619 ad
1598 4563 1944 4620 Celesscnses
1972 4563 2085 4617 haec

511 4666 840 4733 scribentem
869 4703 884 4717 .
921 4681 941 4713 ε
992 4660 1209 4716 Gratias
1240 4669 1466 4730 agentes
1491 4659 1602 4713 Deo
1631 4657 1801 4722 Patri,
1848 4656 1942 4726 qui
1972 4655 2086 4710 ido-

513 4770 645 4810 neos
692 4769 791 4808 nos
818 4753 950 4808 fecit
978 4754 1030 4808 in
1065 4761 1217 4824 parte
1259 4752 1424 4806 sortis
1457 4758 1763 4805 sanctorum
1804 4749 1858 4802 in
1884 4746 2088 4800 lumine

512 4843 735 4915 (Colon.
758 4842 819 4914 ι).
850 4863 868 4893 ι
888 4843 1020 4898 Tam
1042 4843 1226 4898 multis
1240 4856 1307 4896 ex
1323 4840 1537 4911 Scriptu
1548 4839 1621 4894 ris
1635 4840 1836 4895 sanctis
1848 4838 1914 4892 de
1938 4850 2087 4891 eom-

514 4933 902 4990 memoratione
915 4933 1138 4990 sortium
1153 4932 1475 4989 testimoniis
1500 4930 1860 5002 congregatis,
1887 4945 1995 5000 quo
2016 4943 2083 4982 ex

512 5024 755 5080 locorum
777 5022 1069 5077 multorum
1100 5022 1807 5078 conslderatienevirtutem
1909 5020 2085 5090 possi-

514 5132 636 5175 mus
684 5114 997 5187 diligentius
1027 5116 1450 5185 apprehendere,
1483 5115 1616 5169 mihi
1645 5115 1859 5184 quidem
1902 5129 1969 5169 ex
2000 5114 2086 5168 his

514 5211 766 5269 omnibus
792 5208 876 5262 vel
912 5207 1131 5263 evidens
1161 5207 1335 5262 adhuc
1361 5222 1551 5262 sensus
1587 5207 1655 5262 ad
1686 5206 1944 5277 liquidum
1983 5220 2083 5276 pa-

516 5308 630 5357 tere
657 5315 765 5355 non
784 5300 978 5369 potuit,
1021 5299 1105 5353 vel
1140 5299 1303 5352 etiam
1330 5298 1396 5351 de
1429 5314 1489 5352 re
1521 5307 1668 5353 tanta
1696 5298 2005 5352 enuntiandi
2031 5305 2087 5351 et

518 5390 821 5463 proferendi
847 5389 1011 5444 animi
1035 5398 1212 5444 metus
1234 5390 1448 5443 insedit.
1480 5388 1617 5444 Illud
1638 5398 1815 5443 autem
1862 5388 2092 5457 inquan—

518 5490 633 5536 tum
668 5496 755 5536 res
799 5483 1003 5550 patitur
1043 5481 1336 5551 contigisse
1372 5479 1624 5545 sufﬁciat,
1654 5482 1799 5550 quod
1835 5480 1989 5536 nobis
2023 5479 2090 5534 ab

518 5571 776 5640 apostolis
821 5587 940 5626 sors
966 5574 1125 5627 ducta
1161 5573 1423 5643 designat.
1453 5571 1589 5637 Quia
1619 5571 1707 5624 ubi
1744 5569 1847 5624 ﬁde
1883 5570 2128 5639 integra“

527 5674 589 5717 ac
612 5661 853 5715 oratione
891 5665 1165 5734 praemissa
1196 5679 1313 5719 sors
1355 5661 1587 5724 ducitur,
1622 5675 1685 5715 ea
1713 5676 1832 5732 quae
1870 5660 1965 5715 Dei
1990 5674 2091 5713 vo-

2182 3286 2256 3338 ita
2278 3284 2440 3339 etiam
2473 3282 2545 3337 ibi
2576 3280 2742 3339 fuisse
2762 3282 3090 3343 credendum
3117 3291 3223 3348 est,
3263 3292 3323 3336 ut
3349 3297 3449 3352 pro
3474 3282 3673 3345 merito
3695 3288 3760 3337 et

2180 3377 2378 3431 virtute
2411 3373 2778 3446 unusquisque
2814 3372 3034 3444 angelus
3080 3370 3241 3427 etiam
3272 3383 3328 3429 et
3356 3373 3502 3428 illam
3541 3384 3756 3444 gentem

2181 3468 2235 3521 iu
2258 3467 2521 3522 divisione
2551 3465 2870 3534 susciperet,
2892 3473 2949 3519 et
2976 3470 3098 3519 esse
3119 3454 3183 3517 in
3197 3462 3284 3518 bis
3311 3464 3543 3543 singulis
3574 3478 3755 3519 sacra-

2182 3568 2363 3614 menta
2388 3556 2681 3615 inell‘abilia
2704 3556 2898 3612 divina:
2923 3556 3358 3626 dispensationis,
3381 3566 3442 3612 ut
3459 3559 3636 3613 ordini
3659 3575 3757 3617 suo

2182 3658 2373 3705 cuncta
2396 3647 2721 3717 competenti
2749 3662 2846 3716 per
2892 3661 3327 3717 unamquamque
3356 3649 3608 3704 virtutem
3629 3650 3757 3706 diri-

2180 3748 2399 3793 mantur
2423 3735 2619 3805 obicio.
2655 3735 2745 3797 Sic
2765 3736 2910 3791 enim
2926 3746 2988 3793 et
3011 3736 3301 3807 Apostolus
3322 3738 3491 3792 dicit:
3520 3757 3539 3791 ‹
3571 3730 3761 3796 Nonne

2181 3845 2368 3885 omnes
2411 3828 2787 3884 ministmtorii
2841 3837 2967 3883 sunt
3014 3827 3250 3898 Spiritus
3292 3828 3348 3883 in
3396 3829 3759 3886 ministerium

2182 3920 2333 3976 missi
2396 3927 2619 3989 propter
2660 3934 2756 3974 eos
2800 3918 2891 3989 qui
2935 3918 3307 3973 htereditatem
3349 3920 3574 3990 capiunt
3616 3919 3761 3975 salu-

2182 4008 2294 4063 tis?
2335 4027 2355 4060 ι
2389 4005 2470 4063 Ad
2502 4008 2695 4062 horum
2725 4007 2889 4078 igitur
2920 4006 3274 4062 imitationem
3301 4007 3630 4063 credendum
3651 4018 3760 4075 est,

2182 4098 2347 4152 etiam
2369 4097 2456 4153 his
2478 4095 2887 4175 Scripturarum
2911 4096 3232 4153 auctoritate
3261 4094 3467 4151 referre
3498 4106 3674 4153 sortes
3705 4106 3767 4154 et

2183 4189 2307 4246 duci
2337 4205 2437 4261 per
2470 4187 2654 4244 Jesum
2687 4188 3089 4253 baereditatcm,
3106 4195 3165 4242 et
3188 4194 3291 4256 per
3322 4203 3764 4259 unamquamque

2183 4282 2385 4347 tribum
2416 4280 2597 4336 divina
2626 4279 3028 4349 dispensatione
3053 4278 3293 4343 decerni,
3314 4286 3373 4332 et
3398 4292 3499 4348 per
3520 4276 3765 4333 ineﬂ‘abi—

2184 4371 2289 4427 lem
2318 4369 2707 4442 providentiam
2739 4369 2835 4423 Dei
2870 4383 2900 4421 a
2934 4367 3291 4438 praesentibus
3320 4367 3375 4421 in
3402 4367 3488 4421 his
3527 4358 3767 4447 sortibus

2186 4461 2500 4517 adumbrari
2522 4460 2716 4516 futurae
2740 4459 3071 4517 haereditatis
3091 4459 3270 4528 portio
3287 4458 3590 4528 expleatur.
3615 4458 3763 4533 Quo-

2186 4555 2333 4611 niam
2368 4552 2583 4624 quidem
2615 4551 2699 4607 lex
2723 4550 2975 4611 umbram
3004 4550 3201 4607 dicitur
3230 4549 3428 4604 habere
3454 4550 3764 4605 futurorum

2187 4649 2473 4711 bonorum,
2500 4655 2555 4700 et
2583 4645 2727 4700 sicut
2753 4643 2882 4699 dicit
2905 4641 3193 4713 Apostolus
3217 4641 3285 4696 de
3312 4641 3398 4699 bis
3449 4642 3543 4711 qui
3570 4642 3639 4697 ad
3660 4641 3766 4703 Do-

2188 4740 2391 4794 minum
2422 4736 2593 4792 Iesum
2621 4735 2894 4791 Christum
2920 4742 3205 4796 venerunt,
3235 4751 3255 4783 ι
3282 4731 3422 4798 Quia
3448 4734 3764 4787 accessistis

2190 4830 2258 4885 ad
2292 4829 2423 4883 Sion
2453 4834 2688 4882 montem
2726 4832 2783 4879 et
2819 4824 3095 4881 civitatem
3136 4824 3229 4878 Dei
3274 4824 3505 4879 viventis
3544 4823 3767 4886 Jerusao

2188 4923 2293 4978 lem
2324 4920 2676 4989 ccelcstemw
2716 4919 2813 4974 Est
2838 4918 3017 4987 aliqua
3049 4917 3101 4972 in
3123 4915 3277 4972 caelis
3301 4916 3519 4978 civitas,
3535 4933 3660 4986 qua:
3683 4917 3769 4970 die

2187 5016 2328 5070 citur
2351 5013 2651 5069 Jerusalem
2682 5019 2737 5066 et
2769 5026 2924 5067 mons
2953 5010 3088 5065 Sion
3120 5027 3134 5061 :
3166 5008 3285 5064 Non
3319 5019 3403 5065 est
3442 5011 3632 5080 utique
3662 5010 3765 5065 hoc

2186 5105 2303 5160 sine
2327 5118 2492 5160 causa
2520 5103 2662 5175 quod
2689 5100 2968 5170 Benjamiu
3000 5102 3055 5155 in
3085 5108 3230 5155 sorte
3259 5117 3355 5156 sua
3378 5102 3590 5171 accepit
3614 5100 3769 5156 Jeni-

2188 5196 2352 5255 salem
2384 5203 2441 5249 et
2471 5201 2707 5248 montem
2760 5191 2913 5255 Sion,
2940 5191 3073 5260 quia
3105 5191 3341 5247 caelestis
3371 5191 3514 5246 illius
3538 5190 3760 5247 Jerusa-

2192 5290 2296 5344 lem
2322 5288 2462 5342 ratio
2491 5286 2608 5341 sine
2628 5283 2792 5339 dubio
2835 5283 2941 5338 hoc
2978 5284 3231 5353 exigebat
3264 5291 3325 5336 ut
3358 5282 3472 5351 jam
3524 5284 3759 5353 aliquam

2192 5379 2469 5450 Beniamin
2493 5377 2625 5430 dare
2649 5375 2867 5429 deberet
2887 5372 3183 5429 Jerusalem
3215 5375 3509 5439 terrestris,
3548 5391 3667 5444 qua:
3694 5375 3761 5427 il-

2191 5474 2295 5529 lius
2314 5471 2549 5527 caelestis
2572 5469 2796 5541 ﬁguram
2825 5476 3005 5525 servat
3030 5482 3093 5521 ac
3114 5466 3364 5522 formam.
3390 5465 3653 5522 Similiter
3666 5481 3762 5520 au-

2193 5576 2299 5622 tem
2327 5567 2396 5621 de
2442 5563 2721 5632 Beniamin
2753 5561 3039 5617 dicendum
3081 5568 3184 5625 est,
3224 5558 3369 5631 quod
3404 5567 3555 5613 certa
3582 5558 3761 5626 aliqua

2193 5660 2399 5717 ratione
2427 5659 2480 5714 in
2506 5656 2658 5715 Juda:
2700 5667 2901 5715 sortem
2927 5653 3251 5722 decernitur,
3292 5653 3376 5708 vel
3418 5653 3634 5709 Hebron
3680 5648 3765 5707 vel
