4028 6196
463 276 473 280 ’
513 282 664 377 ίὸ67’

1151 320 1209 377 Β.
1255 322 1501 379 ΙΚΑἪΛΝΙ
1538 319 1753 380 ΜΑΕΒΙ
1792 321 2086 379 ARCHIEP

2192 323 2456 380 lOCl’INT.
2497 325 2780 381 OPERU.“
2822 325 2998 382 PARS
3032 327 3093 381 ll.

3631 327 3773 388 1068

511 435 746 490 cutionis
765 434 963 490 veteiis
988 434 1330 503 Evangelium
1353 434 1685 504 prcedicavit,
1709 435 2089 504 utpervcniret
2118 442 2164 498 Α
2195 435 2501 489 dulcissima
2545 435 2796 496 Jordmis
2843 441 3043 492 rluenta
3095 440 3386 510 pertingat,
3440 456 3562 511 qum
3615 442 3771 512 longe

511 527 578 584 ad
626 527 824 580 atrium
881 523 1042 578 fontis
1095 525 1313 588 teterni,
1346 532 1399 579 et
1457 526 1508 578 in
1551 525 1797 594 aquilone
1820 525 2088 594 quondam

510 617 719 686 positus
752 613 1178 684 apprehenderet
1207 615 1494 668 terminum
1532 616 1791 671 veritatis.

591 728 609 759 ε
636 707 804 763 Porro
843 705 996 776 plaga
1041 705 1321 760 orientalis
1361 706 1426 760 de
1477 706 1654 761 medio
1691 707 1905 772 Auran,
1933 716 1990 761 et
2024 707 2091 762 dc

517 815 536 848 ι
570 797 745 851 medio
772 795 1022 849 Damasci
1047 835 1061 860 ,
1091 803 1147 849 et
1175 796 1240 850 de
1270 795 1446 850 medio
1477 795 1709 862 Galaad,
1745 805 1800 850 ct
1823 797 1888 852 de
1914 798 2091 852 medio

517 906 536 940 ‹
574 897 732 943 terrm
756 887 943 952 Israel,
965 885 1213 942 Jordanis
1239 888 1622 943 disterminans
1644 889 1709 943 ad
1737 904 1885 944 mare
1907 890 2088 944 orien-

518 997 537 1028 ι
574 977 679 1032 tale
705 977 997 1032 meticmini
1023 977 1232 1047 plagam
1273 977 1609 1032 orientalem.
1641 997 1658 1029 ι
1693 978 1959 1050 (ΙΙὶενοη.)
1987 979 2092 1034 Pro

509 1085 619 1140 quo
655 1070 707 1124 in
737 1068 1094 1124 Numerorum
1117 1069 1256 1123 libro
1283 1069 1356 1124 ita
1381 1070 1638 1140 scriptum
1669 1071 1840 1139 reperi
1871 1089 1882 1123 :
1917 1090 1934 1122 ι
1967 1070 2092 1125 lude

510 1165 799 1219 metientur
813 1159 946 1217 ﬁnes
960 1170 1147 1217 contra
1161 1161 1475 1217 orientalem
1488 1163 1696 1231 plagam
1712 1163 1777 1217 de
1791 1162 2089 1227 villaEnan,

509 1254 613 1310 hoc
633 1262 717 1310 est
738 1253 1013 1309 Aserenon
1036 1268 1207 1322 usque
1229 1249 1516 1322 Sephania,
1535 1260 1591 1308 et
1606 1253 1672 1307 de
1694 1251 1963 1322 Sephania
1980 1252 2094 1307 des-

511 1347 741 1401 cendent
771 1344 984 1398 termini
1024 1343 1227 1399 Rebbla
1265 1352 1448 1398 contra
1489 1343 1710 1398 fontem.
1742 1344 1869 1399 lnde
1903 1359 2093 1414 perve-

509 1424 660 1490 nient
688 1442 871 1490 contra
885 1435 1164 1497 ,orientem
1195 1434 1245 1488 in
1269 1449 1416 1489 mare
1439 1433 1764 1500 Cbenereth,
1794 1443 1848 1488 et
1870 1434 2092 1490 tendent

509 1539 680 1594 usque
702 1521 1022 1588 Iordanem,
1051 1533 1105 1578 et
1133 1526 1202 1578 ad
1237 1525 1485 1580 ultimum
1518 1526 1835 1580 claudentur
1869 1527 2026 1581 mari.
2067 1545 2086 1578 ι

510 1610 684 1682 Supra
703 1612 942 1666 dixerat:
965 1631 982 1663 ‹
1007 1613 1072 1666 Et
1091 1613 1195 1666 erit
1220 1614 1476 1668 terminus
1501 1629 1530 1668 a
1559 1609 1692 1668 mari
1717 1631 1887 1684 usque
1902 1615 2092 1669 Esere-

509 1718 615 1757 non
642 1703 902 1758 terminus
930 1702 1197 1758 Damasci.
1225 1723 1242 1755 ι
1263 1703 1308 1758 Α
1337 1703 1442 1759 ﬁne
1467 1705 1629 1775 igitur
1655 1706 2090 1775 septentrionalis

2194 532 2445 594 separato
2471 526 2606 579 mari
2636 525 2813 580 lumen
2837 527 3062 582 orientis
3087 529 3457 598 consequitur,
3492 531 3566 584 ita
3595 542 3658 586 ut
3683 531 3777 588 ﬂu-

2192 615 2280 669 vio
2307 614 2579 679 Iordanis,
2610 615 2701 684 qui
2730 617 3117 687 interpretatur
3141 619 3288 686 rivus
3303 619 3492 690 judicii
3523 634 3578 676 et
3599 625 3775 678 orien-

2193 708 2262 762 tis
2292 707 2523 762 termino
2539 706 2775 761 ﬁniatur.
2795 706 2948 774 Quod
2967 719 3146 765 autem
3169 711 3220 764 in
3245 709 3599 782 Septuaginta
3624 716 3775 786 poni-

2195 807 2282 854 tur
2307 800 2680 870 pbceniconos,
2710 801 2762 856 id
2790 809 2874 855 est
2901 801 3137 870 palmeti,
3169 803 3222 856 in
3253 803 3518 858 llebraico
3541 820 3646 859 non
3677 807 3775 860 ha-

2192 891 2385 959 betur;
2413 908 2511 963 pro
2537 909 2643 962 quo
2694 909 2792 949 nos
2833 894 3129 948 metiemini
3170 895 3510 964 interpretati
3541 913 3768 952 sumus:

2193 995 2452 1052 errorque
2499 981 2836 1048 manifestus,
2885 983 3026 1051 quod
3075 998 3174 1052 pro
3224 984 3542 1049 thamaddu,
3581 985 3773 1039 litterae

2193 1072 2402 1141 decepti
2429 1071 2778 1127 similitudine
2801 1071 2974 1126 daleth
2998 1080 3052 1128 et
3074 1089 3154 1126 res
3172 1114 3186 1137 ,
3205 1073 3450 1143 legerunt
3476 1075 3765 1127 thamorru.

2271 1178 2288 1211 ι
2326 1159 2486 1231 Plaga
2544 1169 2724 1215 autem
2778 1160 3032 1215 australis
3085 1161 3381 1215 meridiana
3439 1176 3470 1214 a
3528 1161 3766 1216 Thamar

2201 1271 2220 1304 ε
2253 1269 2422 1323 usque
2469 1254 2536 1308 ad
2573 1268 2741 1322 aquas
2779 1251 3240 1309 contradictionis.
3271 1251 3445 1307 Gades
3460 1263 3528 1308 et
3561 1262 3772 1308 torrens

2202 1363 2220 1396 ι
2253 1360 2424 1414 usque
2451 1344 2519 1398 ad
2547 1360 2696 1400 mare
2743 1345 2993 1414 Magnum
3031 1344 3146 1398 hzec
3190 1350 3275 1397 est
3316 1342 3473 1412 plaga
3501 1343 3570 1396 ad
3609 1343 3768 1396 meri—

2201 1454 2219 1488 ι
2257 1437 2397 1490 diem
2441 1436 2713 1491 australis.
2737 1456 2754 1486 ι
2796 1436 2903 1490 Pro
2934 1451 3040 1506 quo
3063 1436 3117 1489 in
3145 1433 3500 1490 Numerorum
3540 1437 3677 1490 libro
3695 1436 3769 1491 ita

2195 1527 2456 1596 scriptum
2499 1533 2583 1581 est
2621 1525 2809 1596 (Num.
2839 1526 3063 1595 xxxiv):
3099 1524 3362 1592 «Incipiet
3406 1540 3438 1578 a
3481 1525 3770 1579 solitudine

2197 1616 2314 1683 Sin,
2342 1631 2461 1685 qua:
2497 1625 2581 1672 est
2610 1617 2764 1685 juxta
2791 1615 2960 1671 Edom
2981 1656 2995 1679 ,
3027 1623 3080 1670 et
3108 1614 3326 1669 habebit
3353 1615 3617 1669 terminos
3642 1629 3771 1668 con-

2195 1717 2280 1762 tra
2307 1709 2570 1762 orientem
2593 1721 2762 1772 mare,
2785 1707 2874 1776 qui
2901 1706 3206 1760 circuibunt
3230 1706 3524 1760 australem
3557 1705 3768 1776 plagam

507 1793 696 1865 plagae,
721 1794 823 1850 hoc
842 1802 927 1849 est
945 1795 1083 1849 atrio
1103 1795 1254 1850 Enon
1284 1796 1505 1851 tendunt
1530 1796 1663 1852 ﬁnes
1680 1838 1695 1863 ,
1713 1797 1868 1866 juxta
1889 1798 2088 1853 Nume-
2119 1786 2164 1844 Β
2193 1813 2292 1870 per
2317 1805 2599 1853 ascensum
2637 1797 2958 1866 scorpionis,
3007 1797 3081 1850 ita
3108 1804 3167 1849 ut
3195 1804 3473 1850 transeant
3511 1794 3693 1850 Senna
3713 1804 3766 1850 et

511 1899 695 1939 rerum
731 1883 926 1939 librum
948 1925 962 1948 ,
993 1900 1163 1954 usque
1199 1884 1495 1956 Sephania,
1527 1902 1688 1956 quam
1721 1887 1930 1942 Hebraai
1951 1888 2092 1959 Apa-

511 1972 675 2026 miam
699 1973 1001 2038 nominant,
1028 1981 1082 2028 et
1105 1975 1172 2029 de
1195 1975 1420 2044 Apamia
1444 1977 1775 2031 descendunt
1800 1977 2014 2032 termini
2037 1979 2092 2033 in

512 2062 736 2129 Rebbla,
753 2080 872 2133 quae
890 2081 1031 2118 nunc
1045 2064 1215 2135 Syria:
1237 2075 1456 2121 vocatur
1469 2066 1773 2121 Antiochia.
1790 2068 1858 2121 Et
1875 2076 1932 2121 ut
1953 2070 2093 2123 scias

516 2153 776 2210 Rebblam
802 2156 940 2210 hanc
970 2157 1274 2227 signiﬁcare
1302 2159 1511 2223 urbem,
1538 2174 1657 2228 qua:
1684 2174 1826 2212 nunc
1857 2159 1906 2212 in
1936 2159 2092 2230 Syria

511 2241 658 2298 lee
686 2242 1017 2298 nobilissima
1044 2252 1159 2309 est,
1199 2245 1473 2314 sequitur,
1505 2265 1524 2297 ς
1569 2255 1755 2301 contra
1796 2246 1995 2303 fontem
2017 2289 2032 2314 ,
2068 2267 2090 2301 ›

509 2347 670 2402 quem
705 2335 1044 2404 perspicuum
1091 2343 1176 2391 est
1213 2335 1506 2405 signiﬁcari
1551 2336 1831 2407 Daphnen,
1883 2339 1948 2393 de
1985 2354 2093 2410 quo

509 2420 660 2478 fonte
687 2423 994 2494 supradicta
1030 2426 1164 2480 urbs
1185 2425 1340 2496 aquis
1372 2426 1846 2482 abundantissl‘mis
1874 2427 2088 2484 fruitur.

510 2509 614 2568 Hic
647 2520 826 2568 autem
853 2512 1003 2568 locus
1030 2528 1059 2568 a
1081 2513 1227 2569 Cneo
1247 2513 1520 2584 Pompeio,
1545 2515 1636 2585 qui
1670 2517 1818 2587 prius
1854 2515 2090 2572 Judzeam

512 2602 757 2660 Romano
781 2604 993 2674 subegit
1023 2604 1250 2675 imperio
1284 2606 1504 2660 militari
1533 2622 1692 2661 manu
1723 2596 1964 2663 conSitus
1984 2617 2088 2674 est,

512 2703 569 2749 et
595 2695 664 2749 ab
697 2708 762 2748 eo
783 2692 936 2763 juxta
985 2693 1220 2748 fabulam
1278 2704 1559 2765 poetarum
1600 2695 1853 2766 Daphnes
1897 2713 2091 2753 nomen

513 2786 720 2855 accepit
744 2785 813 2840 ob
842 2786 1023 2841 lauros
1046 2795 1101 2841 et
1131 2787 1458 2857 cyparissos,
1491 2803 1610 2858 qua:
1645 2789 1865 2846 arbores
1893 2791 1946 2844 in
1977 2791 2092 2860 ipso

513 2875 634 2931 loco
663 2874 1110 2945 frequentissima:
1148 2886 1294 2932 sunt.
1343 2878 1495 2945 Inde,
1537 2880 1730 2949 inquit,
1772 2883 2088 2952 pervenient

513 2966 731 3023 termini
777 2976 965 3023 contra
1004 2968 1320 3022 orientalem
1344 2969 1553 3036 plagam
1597 2971 1663 3024 ad
1705 2985 1851 3024 mare
1886 2971 2092 3028 Chene-

2192 1888 2509 1959 perveniant
2535 1887 2589 1940 in
2613 1886 2894 1940 meridiem
2925 1900 3095 1955 usque
3129 1885 3196 1939 ad
3223 1885 3586 1941 Cadesbarne.
3619 1885 3770 1942 Unde

2194 1981 2535 2050 egredientur
2582 1977 2813 2034 conﬁnia
2861 1978 2929 2032 ad
2969 1977 3150 2032 villam
3205 1979 3423 2032 nomine
3469 1978 3673 2043 Addar,
3713 1987 3767 2034 et

2195 2071 2418 2125 tendent
2453 2084 2625 2138 usque
2661 2069 2728 2123 ad
2764 2068 3053 2132 Asemona,
3087 2069 3293 2137 ibitque
3319 2083 3417 2138 per
3441 2083 3633 2138 gyrum
3665 2078 3767 2122 tero

2195 2159 2375 2212 minus
2415 2157 2482 2212 ab
2509 2158 2779 2210 Asemona
2808 2171 2977 2224 usque
3005 2156 3074 2209 ad
3105 2163 3403 2209 torrentem
3432 2154 3676 2226 Egypti,
3713 2165 3768 2212 et

2193 2251 2360 2304 maris
2409 2247 2585 2319 Magni
2633 2247 2810 2302 littore
2855 2248 3091 2301 ﬁnietur.
3123 2265 3142 2297 ι
3193 2246 3348 2312 Quod
3386 2246 3628 2302 breviter
3669 2247 3766 2302 hoc

2193 2339 2480 2412 signiﬁcat,
2521 2333 2714 2406 ne'per
2739 2337 3079 2393 occasionem
3121 2335 3422 2390 Ezechielis
3463 2338 3534 2391 ad
3559 2336 3766 2406 exposi-

2194 2434 2397 2490 tionem
2427 2431 2709 2486 videamur
2735 2429 3093 2484 Numerorum
3125 2430 3386 2482 transisse
3426 2427 3763 2493 latissimam,

2194 2538 2224 2576 a
2255 2521 2543 2578 solitudine
2575 2519 2689 2587 Sin,
2727 2535 2847 2588 qua:
2885 2527 2969 2574 est
3009 2517 3163 2588 juxta
3205 2518 3374 2573 Edom
3396 2525 3452 2573 et
3497 2519 3634 2572 mari
3660 2517 3766 2571 Ru-

2193 2615 2292 2669 bro
2325 2613 2614 2668 terminum
2650 2612 2905 2677 circuire,
2950 2619 3006 2666 et
3029 2626 3128 2681 per
3151 2625 3437 2665 ascensum
3467 2610 3766 2680 scorpionis

2193 2711 2246 2758 et
2265 2719 2363 2774 per
2385 2702 2565 2758 Senna
2595 2711 2650 2758 et
2675 2702 3022 2758 Cadesbarne
3048 2711 3101 2757 et
3130 2698 3326 2756 atrium
3351 2701 3536 2756 Addar
3563 2711 3621 2755 et
3637 2701 3769 2757 Ase-

2193 2808 2352 2847 mona
2403 2793 2685 2862 pervenire
2737 2807 2910 2862 usque
2952 2792 3017 2846 ad
3050 2799 3343 2846 torrentem
3395 2790 3637 2861 Egypti,
3674 2790 3765 2860 qui

2189 2884 2343 2956 juxta
2392 2884 2584 2938 urbem
2619 2882 3012 2937 Rinocoruram
3066 2882 3202 2936 mari
3252 2880 3443 2935 inﬂuit.
3495 2880 3595 2935 Hic
3638 2895 3764 2937 vero

2193 2975 2456 3030 terminus
2480 2973 2651 3043 plaga:
2681 2973 2953 3036 australis,
2986 2973 3089 3025 hoc
3118 2979 3200 3026 est
3237 2970 3548 3026 meridiana:
3581 2969 3764 3040 incipit

514 3058 632 3114 reth
663 3073 836 3128 usque
880 3057 948 3112 ad
985 3065 1236 3128 stagnum
1275 3057 1595 3113 Tiberiadis.
1626 3057 1774 3114 Mare
1803 3069 1978 3115 autem
2009 3060 2091 3116 di-
2127 3127 2159 3134 _
2194 3080 2226 3119 a
2262 3065 2517 3130 Thamar,
2536 3078 2654 3134 quae
2689 3058 2820 3118 urbs
2855 3064 2910 3118 in
2950 3061 3238 3117 solitudine
3258 3069 3361 3123 est,
3396 3075 3558 3130 quam
3588 3071 3644 3116 et
3670 3059 3765 3115 Sa-

513 3149 656 3204 citur
678 3127 800 3203 cum
821 3147 1019 3202 haheat
1041 3127 1222 3202 dulces
1244 3162 1413 3217 aquas
1433 3146 1584 3216 juxta
1620 3148 1820 3204 idioma
1852 3149 2090 3221 Scriptu-
2115 3127 2160 3191 C
2194 3155 2372 3210 lomon
2416 3127 2571 3209 miris
2600 3154 2855 3222 operibus
2885 3151 3171 3216 exstruxit,
3213 3159 3268 3205 et
3313 3127 3468 3204 hodie
3518 3149 3764 3222 Palmyra

515 3252 700 3292 rarum
720 3252 828 3307 quo
854 3237 1300 3309 congregationes
1332 3253 1596 3306 aquarum
1623 3240 1960 3309 appellantur
1981 3241 2089 3296 Ma-

514 3330 616 3386 ria.
655 3331 760 3386 «Et
783 3332 1024 3397 tendent,
1055 3331 1246 3402 inquit,
1278 3331 1494 3386 termini
1527 3345 1696 3400 usque
1721 3331 2010 3388 Iordanem
2033 3343 2090 3389 et

501 3421 583 3476 ad
627 3420 875 3477 ultimum
921 3421 1240 3477 claudentur
1283 3421 1454 3476 mari:
1488 3441 1506 3473 ›
1540 3421 1624 3476 vel
1672 3423 1809 3478 mari
1858 3423 2085 3489 Mortuo,

512 3512 598 3568 vel
636 3523 698 3569 ut
724 3513 814 3568 alii
837 3521 1028 3584 putant
1056 3512 1237 3584 lingua
1278 3512 1444 3566 maris
1473 3511 1664 3578 Rubri,
1708 3512 1762 3567 in
1807 3512 1961 3581 cujus
2002 3514 2090 3569 lit-

513 3612 632 3660 tore
675 3604 834 3660 Ahila
862 3604 1039 3675 posita
1086 3611 1186 3668 est,
1236 3603 1328 3658 ubi
1372 3617 1515 3657 nunc
1561 3610 1801 3656 moratur
1853 3603 1991 3672 legio
2035 3611 2090 3658 et

511 3695 822 3766 praesidium
853 3693 1238 3748 Romanorum.
1267 3691 1380 3747 Hoc
1412 3691 1565 3760 juxta
1596 3691 1793 3746 librum
1829 3690 2090 3748 Numero-

512 3801 637 3842 rum
664 3787 864 3842 dictum
901 3786 972 3840 sit
1000 3803 1012 3838 :
1039 3785 1194 3856 juxta
1239 3782 1490 3839 Ezechiel
1525 3798 1658 3838 vero
1685 3785 1752 3838 de
1779 3783 1955 3838 medio
1981 3783 2089 3837 Au-

510 3880 782 3949 ramquod
806 3887 890 3933 est
911 3878 1166 3948 oppidum
1195 3876 1444 3931 Damasci
1486 3876 1540 3930 in
1582 3875 1892 3940 solitudine,
1929 3883 1985 3930 et
2023 3876 2089 3931 de

510 3969 692 4025 medio
739 3967 960 4030 Galaad,
1004 3965 1096 4036 qui
1144 3981 1299 4021 mons
1337 3964 1530 4020 Libani
1561 3964 1785 4020 collibus
1810 3965 2089 4035 copulatus

511 4058 708 4114 cecidit
753 4057 808 4110 in
855 4063 1060 4110 sortem
1108 4054 1296 4111 Ruben
1340 4063 1396 4109 et
1427 4054 1542 4109 Gad
1570 4064 1625 4110 et
1650 4055 1884 4110 dimidiae
1919 4056 2088 4110 tribus

512 4146 781 4211 Manasse,
802 4152 858 4200 et
875 4151 957 4199 est
981 4158 1013 4198 a
1039 4152 1190 4215 tergo
1212 4143 1485 4200 Phoenicis
1506 4152 1563 4198 et
1586 4145 1822 4210 Arabiae,
1846 4146 1913 4200 ad
1926 4161 2088 4216 quem

512 4249 752 4296 montem
790 4254 963 4310 usque
1000 4238 1245 4309 pervenit
1279 4237 1344 4292 de
1381 4235 1560 4292 Carris
1596 4237 1870 4307 profectus
1900 4236 2085 4304 Jacob,

508 4342 566 4392 et
605 4333 1028 4404 comprehensus
1055 4339 1138 4387 est
1161 4345 1194 4385 a
1218 4329 1438 4395 Laban,
1483 4330 1546 4384 de
1583 4345 1692 4399 quo
1732 4339 1789 4385 et
1829 4330 2090 4386 Jeremias

507 4425 788 4495 loquitur:
820 4441 840 4475 ι
872 4421 1076 4478 Galaad
1102 4462 1117 4488 ,
1173 4431 1233 4476 tu
1279 4419 1414 4475 mihi
1455 4419 1668 4474 initium
1713 4418 1904 4475 Libani
1951 4419 2082 4490 (Jer.

507 4513 716 4586 xxvii),
746 4534 765 4567 ι
789 4528 950 4583 quam
979 4511 1142 4582 capit
1170 4511 1237 4566 de
1266 4509 1705 4565 Amorrhmorum
1736 4510 1954 4579 regione
1975 4509 2082 4564 Ga-

507 4607 796 4663 laad‘ﬁlius
819 4605 1027 4662 Machir
1045 4605 1140 4660 ﬁlii
1167 4604 1414 4660 Manasse
1440 4621 1453 4658 :
1477 4602 1601 4658 ﬁnis
1625 4600 1888 4674 hujusque
1913 4603 2082 4674 plag1e

509 4701 758 4757 Jordanis
801 4699 992 4754 ﬂuvius
1039 4695 1451 4761 disterminans,
1497 4703 1553 4750 et
1591 4709 1739 4748 mare
1787 4693 2078 4757 orientale,

511 4793 650 4860 quod
678 4791 731 4845 in
755 4791 856 4845 hoc
885 4790 1006 4844 loco
1033 4803 1184 4843 mare
1210 4786 1476 4841 Mortuum
1506 4800 1612 4839 non
1642 4784 1879 4854 linguam
1914 4783 2081 4836 maris

413 4869 418 4880 ’
493 4879 679 4946 Rubri
727 4878 1044 4948 intelligunt.
1085 4877 1339 4932 Dicamus
1370 4875 1524 4946 juxta
1560 4875 1913 4946 tropologiam
1959 4883 2080 4943 post

511 4970 773 5025 terminos
799 4967 1064 5038 aquilonis
1086 4968 1244 5038 longo
1274 4967 1500 5022 circuitu
1525 4981 1623 5036 per
1650 4965 1876 5038 Ethalon
1903 4975 1957 5020 et
1985 4964 2082 5021 Se-

510 5061 672 5127 dada,
701 5066 757 5114 et
794 5057 1051 5121 Berotha,
1104 5057 1351 5112 Sabarim
1407 5071 1620 5126 quoque
1665 5065 1718 5110 et
1765 5056 1990 5120 Thicon,
2028 5063 2083 5110 et

485 5152 722 5217 ,Auran,
759 5158 815 5206 et
859 5148 1217 5211 Damascum,
1262 5155 1316 5202 et
1356 5147 1554 5202 atrium
1599 5145 1752 5201 Enon
1788 5146 1855 5199 ad
1889 5145 2082 5200 Emath

495 5229 680 5314 ilusque
697 5241 942 5316 pervenit
966 5237 1255 5296 Orientalis
1276 5239 1433 5310 plaga
1466 5253 1480 5289 :
1506 5238 1572 5293 de
1593 5238 1769 5294 medio
1794 5237 2083 5294 iracundize

403 5345 406 5348 ’
507 5331 720 5399 Auran,
764 5339 820 5387 et
842 5331 908 5387 de
930 5328 1108 5384 medio
1131 5328 1379 5382 Damasci
1408 5327 1668 5396 sanguine
1694 5326 1942 5381 videlicet
1965 5339 2080 5395 ρω-

507 5425 768 5490 ιιξυεηιίῑε,
820 5433 876 5479 et
919 5424 984 5478 dc
1027 5421 1202 5477 medio
1233 5417 1457 5488 Galaad,
1501 5421 1646 5492 quod
1694 5421 2080 5489 interpretatur

507 5517 768 5613 revela‘io
799 5515 885 5569 vel
937 5513 1174 5569 tumulus
1222 5510 1546 5576 testimonii;
1585 5519 1646 5564 ut
1683 5519 1802 5580 post
1850 5510 1983 5563 iram
2027 5517 2114 5564 et.

514 5601 887 5675 paenitentiam
944 5621 1093 5677 spem
1148 5602 1340 5660 salutis
1387 5603 1650 5667 ostendat,
1693 5612 1746 5656 et
1790 5601 1856 5656 de
1906 5601 2082 5656 medio

515 5703 678 5750 terra:
713 5697 892 5764 Israel,
924 5713 1042 5766 quae
1067 5697 1328 5751 visionem
1359 5693 1600 5749 continet
1634 5693 1782 5763 pacis
1817 5707 1987 5762 usque
2015 5693 2082 5746 ad

2193 3253 2572 3317 nuncupatur.
2615 3242 2949 3311 Ilebrazoque
2993 3256 3243 3296 sermone
3283 3241 3523 3295 Thamar
3547 3241 3766 3307 dicitur,

2191 3351 2310 3406 qua:
2340 3335 2394 3388 in
2423 3333 2604 3403 lingua
2626 3341 2811 3387 nostra
2835 3332 3069 3402 palmam
3094 3339 3269 3396 sonat,
3311 3345 3484 3400 usque
3509 3333 3579 3385 ad
3604 3345 3769 3400 aquas

2191 3424 2636 3481 contradictionis
2683 3423 2880 3487 Cades,
2929 3437 3092 3492 quam
3135 3421 3191 3476 in
3239 3421 3457 3476 deserto
3503 3435 3626 3475 esse
3662 3434 3769 3474 non

2195 3518 2416 3574 dubium
2443 3525 2549 3580 est,
2593 3522 2650 3570 et
2679 3523 2892 3569 torrens
2937 3512 3241 3583 ingrediens
3291 3527 3445 3567 mare
3491 3512 3766 3583 Magnum,

2191 3605 2295 3661 hoc
2315 3604 2460 3675 quod
2484 3602 2703 3673 Egypti
2732 3601 3132 3670 Palaestinzeque
3169 3600 3454 3670 praetendit
3497 3599 3768 3655 littoribus

2189 3704 2243 3748 et
2271 3695 2384 3748 haec
2411 3699 2494 3746 est
2522 3691 2676 3760 plaga
2702 3688 2953 3744 australis
2981 3690 3047 3743 ad
3074 3689 3377 3743 meridiem.
3400 3687 3532 3743 Post
3555 3687 3766 3758 plagam

2189 3800 2320 3856 ergo
2349 3782 2618 3852 aquilonis
2660 3790 2718 3835 et
2755 3780 3002 3845 orientis,
3039 3780 3257 3849 quando
3291 3788 3444 3835 ortus
3474 3780 3633 3836 nobis
3654 3779 3768 3834 fue-

2190 3876 2263 3930 rit
2305 3874 2384 3930 sol
2428 3872 2656 3944 justitia:
2682 3911 2695 3934 ,
2757 3871 3051 3940 accipimus
3106 3869 3463 3924 meridianam
3512 3869 3765 3939 plagam,

2189 3967 2405 4036 quando
2434 3973 2608 4019 totum
2655 3962 2814 4018 nobis
2862 3962 3094 4030 desuper
3128 3960 3310 4016 lumen
3355 3959 3674 4022 infunditur.
3713 3967 3769 4014 et

2189 4072 2311 4111 cum
2337 4055 2610 4109 Abraham
2636 4053 2835 4106 inimus
2853 4052 3183 4114 convivium,
3209 4060 3265 4104 et
3288 4049 3621 4105 inebriamur
3639 4050 3768 4104 vino

2187 4144 2332 4214 quod
2383 4143 2617 4197 laetiﬁcat
2659 4157 2753 4196 cor
2791 4142 3026 4196 hominis
3088 4138 3261 4211 (Psal.
3299 4140 3453 4206 cur),
3504 4156 3626 4195 cum
3669 4139 3762 4194 Jo-

2189 4233 2318 4303 seph
2343 4243 2398 4286 et
2420 4230 2681 4286 fratribus
2705 4229 2840 4299 ejus.
2885 4229 3076 4299 lncipit
3122 4237 3301 4282 autem
3343 4229 3445 4283 ista
3493 4229 3767 4299 possessio

2189 4332 2244 4381 et
2265 4325 2318 4379 hi
2343 4323 2556 4377 termini
2580 4321 2878 4384 aThamar,
2907 4334 2937 4373 a
2964 4320 3138 4389 palma
3161 4321 3408 4376 videlicet
3430 4320 3768 4387 victoriaque

2189 4415 2463 4476 vitiorum,
2487 4428 2658 4482 usque
2695 4414 2763 4467 ad
2801 4427 2970 4482 aquas
3014 4412 3456 4485 contradictionis
3491 4429 3506 4466 :
3551 4411 3769 4479 semper

2190 4504 2335 4558 enim
2375 4503 2666 4556 virtutibus
2702 4502 3106 4557 contradicitur.
3139 4501 3293 4557 Unde
3318 4510 3373 4556 et
3394 4499 3767 4571 praedicationi

2189 4593 2511 4663 evangelica:
2535 4591 2705 4646 Judaei
2729 4599 2916 4645 contra
2950 4590 3172 4644 Paulum
3197 4590 3547 4653 disserentes,
3573 4588 3626 4642 in
3650 4595 3769 4642 toto

2187 4686 2318 4740 orbe
2360 4691 2611 4738 asserunt
2649 4677 2945 4736 contradici
3009 4679 3076 4732 Et
3118 4679 3169 4731 in
3212 4677 3507 4748 Evangelio
3536 4675 3767 4746 legimus

2189 4777 2440 4832 Simeone
2476 4773 2723 4828 dicente:
2760 4790 2777 4822 ι
2800 4769 2896 4825 Hic
2939 4769 3042 4824 erit
3084 4769 3138 4822 in
3183 4768 3394 4822 ruinam
3428 4774 3486 4821 et
3525 4778 3769 4820 resurre-

2187 4868 2420 4922 ctionem
2465 4863 2779 4926 multorum,
2822 4869 2873 4915 et
2907 4861 2960 4914 in
2987 4859 3198 4927 signum
3240 4857 3329 4912 cui
3365 4856 3768 4912 oontradicetur

2191 4958 2342 5028 (Luc.
2371 4959 2455 5029 ιι).
2480 4975 2498 5008 ι
2531 4954 2717 5011 Omnis
2749 4961 2928 5008 autem
2951 4951 3306 5007 contradictio
3325 4958 3412 5005 est
3436 4948 3766 5012 sanctitatis.

2190 5047 2331 5118 quod
2361 5047 2748 5114 interpretatur
2767 5041 2960 5106 Cades,
2987 5040 3202 5095 dicente
3225 5037 3511 5092 Psalmista
3537 5054 3552 5089 :
3584 5053 3603 5086 ι
3630 5033 3770 5089 Con-

2189 5137 2357 5192 cutiet
2407 5133 2668 5196 Dominus
2717 5130 2993 5186 desertum
3044 5127 3220 5184 Cades
3280 5124 3452 5199 (Psal.
3503 5123 3716 5195 xxviii).
3739 5141 3761 5174 ι

2191 5230 2346 5296 Quod
2379 5225 2630 5281 videlicet
2665 5223 2898 5294 primum
2928 5236 3036 5276 non
3064 5221 3296 5275 habebat
3329 5218 3541 5273 Domini
3569 5215 3769 5279 sancti-

2191 5332 2376 5388 tatem,
2409 5322 2503 5378 sed
2523 5335 2846 5376 concussum
2891 5325 2976 5374 est
3013 5325 3177 5386 atque
3210 5322 3566 5378 commotum,
3592 5319 3654 5365 ut
3677 5322 3765 5365 ro

2187 5419 2392 5487 ciperet
2439 5414 2708 5484 hospitem
2759 5412 2948 5475 Deum,
2995 5411 3088 5480 qui
3132 5409 3306 5464 dicit:
3343 5427 3362 5458 ι
3390 5407 3570 5476 Super
3604 5416 3765 5473 quem

2192 5507 2485 5576 requiescit
2538 5505 2762 5576 spiritus
2810 5517 2996 5568 meus,
3047 5501 3152 5555 nisi
3200 5513 3362 5568 safer
3410 5495 3668 5552 humilem
3703 5500 3768 5548 et

2190 5601 2452 5671 quietum,
2508 5607 2565 5654 et
2611 5607 2932 5652 trementem
2978 5594 3143 5648 verba
3195 5605 3314 5645 mea
3360 5587 3494 5660 (ha.
3527 5583 3758 5655 nvi)?»

2195 5691 2324 5745 Post
2360 5690 2636 5744 desertum
2678 5687 2851 5742 Gades
2893 5698 3066 5754 usque
3113 5681 3182 5738 ad
3228 5694 3378 5735 mare
3419 5677 3669 5748 ﬂagtium
3701 5672 3765 5726 in
