4028 6196
447 296 590 353 1069

1372 289 1722 345 (ῙΟΜΜΕΝΤ.
1765 289 1832 344 1N
1868 286 2314 344 I'ZZI'JL‘IIII'ZIJ'ZII.
2359 321 2424 330 --
2466 294 2589 346 LIB.
2645 293 2756 346 XX.

3559 306 3698 363 tu70

448 407 675 466 meridie
721 404 889 475 plaga:
934 402 1188 458 australis
1241 411 1452 456 torrens
1490 411 1592 467 est,
1633 400 1698 455 de
1727 416 1833 470 quo
1863 414 2022 469 supra
2053 405 2098 461 Α
2129 399 2290 453 salem
2316 401 2608 463 malea-tem,
2645 403 2745 454 hoc
2765 411 2845 455 est
2867 402 2918 454 iu
2942 397 3146 457 visione
3168 407 3318 473 pacis
3340 412 3698 479 sempiternae.

445 500 706 561 diximus,
739 496 828 565 qui
859 511 965 550 non
996 495 1062 550 de
1087 503 1254 559 terra,
1297 494 1391 548 sed
1437 494 1502 548 de
1541 492 1678 546 cmlo
1707 493 1914 562 pluvias
1937 494 2028 546 ha-

445 588 541 646 bet
561 588 900 643 diversarum
931 585 1192 638 virtutum
1222 583 1483 637 varietate
1517 581 1789 637 collectas.

524 697 543 730 ι
575 678 643 732 Et
670 677 825 747 plaga
858 675 1024 729 maris
1053 662 1478 744 maré’Magnum
1505 688 1534 726 a
1565 672 1798 727 conﬁnio
1824 686 1921 742 per
1948 672 2030 724 di-

451 787 472 820 ι
502 777 711 824 rectum
737 767 923 841 donec
964 765 1148 817 venias
1193 764 1406 817 Emath.
1450 762 1576 817 "tce
1617 770 1698 815 est
1728 761 1881 832 plaga
1916 778 2028 814 ma-

449 881 470 910 σ
499 861 594 916 ris.
621 878 638 910 ι
675 859 750 912 De
780 872 883 926 qua
933 854 1274 908 manifestius
1295 863 1348 908 et
1373 853 1589 907 brevius
1613 853 1801 906 scribit
1830 852 2027 905 Nume-

445 965 628 1005 rorum
658 948 796 1001 Iibcr
821 945 1008 1017 (Nam.
1043 946 1228 1013 χχχιιι)
1259 962 1270 996 :
1305 942 1505 1013 «Plaga
1550 951 1729 996 autem
1776 942 2025 996 occiden-

447 1038 572 1095 talis
593 1053 623 1090 ,ι
650 1035 786 1090 mari
810 1033 998 1103 Magno
1022 1032 1259 1100 incipiet,
1279 1040 1333 1085 et
1360 1031 1475 1100 ipso
1497 1030 1604 1084 fine
1619 1028 1988 1093 concludetur,
2003 1047 2020 1079 ι

444 1128 548 1184 hoc
572 1135 655 1182 est
694 1126 760 1179 de
790 1124 923 1177 ntari
951 1138 1122 1191 usque
1150 1123 1216 1176 ad
1249 1134 1413 1183 mare,
1447 1135 1477 1174 a
1508 1129 1748 1174 torrente
1777 1119 2029 1173 videlicet

445 1216 801 1276 Itinocorure,
828 1212 917 1281 qui
943 1212 996 1266 in
1028 1225 1176 1264 mare
1201 1209 1375 1264 inﬂuit
1396 1224 1565 1278 usque
1590 1209 1655 1262 ad
1676 1224 1799 1262 eum
1829 1207 2022 1272 locum,

442 1311 534 1380 qui
564 1320 646 1364 est
678 1319 865 1363 contra
915 1305 1106 1359 Emath
1155 1304 1342 1358 urbem
1390 1303 1584 1372 Syrite,
1615 1301 1681 1356 de
1721 1317 1825 1370 qua
1864 1316 2024 1370 supra

442 1402 698 1454 diximus.
758 1396 1023 1452 Occidens
1083 1403 1263 1447 autem
1309 1395 1464 1470 juxta
1519 1392 1664 1462 leges
1717 1389 2027 1460 tropologire

441 1507 658 1562 semper
692 1493 750 1545 in
790 1490 924 1544 mari
966 1498 1072 1552 est,
1113 1501 1325 1556 semper
1353 1486 1406 1540 in
1437 1485 1550 1540 salo
1581 1493 1634 1539 et
1658 1482 1909 1537 fluctibus
1935 1482 2023 1535 ubi

443 1584 683 1653 quotidie
709 1580 989 1650 naufragia
1017 1579 1370 1641 suscitantur,
1399 1585 1455 1630 et
1480 1576 1805 1629 miserorum
1840 1588 2020 1638 neces,

393 1703 410 1723 .
442 1683 497 1727 et
524 1673 832 1726 divitiarum
865 1678 920 1724 et
964 1668 1225 1724 mercium
1276 1667 1514 1721 amissio.
1566 1666 1632 1719 Et
1683 1674 1859 1718 tamen
1900 1679 2020 1718 cum

2135 493 2238 546 Sed
2279 495 2398 562 quis
2433 504 2677 548 nostrum
2714 493 2833 548 talis
2862 503 2966 558 est,
2999 504 3057 548 ut
3083 495 3149 548 ah
3179 495 3486 564 hujusmodi
3520 501 3703 559 distri-

2132 585 2349 639 butionc
2372 585 2437 638 ad
2465 585 2608 638 illam
2649 585 2888 639 cmlestis
2931 584 3259 640 haereditatis
3295 599 3493 644 sortem
3520 593 3704 648 venire

2131 673 2432 726 mereatur?
2463 672 2592 739 Quis
2619 673 2688 726 ita
2721 673 2910 728 beatus
2943 675 3066 739 erit,
3112 676 3266 746 cujus
3299 693 3418 733 sors
3449 679 3706 738 Hierusa-

2132 759 2234 812 lem
2255 761 2456 822 veniet,
2486 771 2545 813 ut
2577 761 2648 814 sit
2687 761 2782 826 ibi,
2829 763 2917 816 ubi
2957 763 3211 832 templum
3226 766 3335 821 Dei
3371 776 3471 830 est.
3508 770 3615 825 imo
3645 782 3704 828 ut

2133 847 2247 917 ipse
2291 849 2360 900 sit
2403 849 2496 901 Dei
2535 849 2828 918 templum?
2871 849 3001 916 Quis
3045 852 3118 904 ita
3157 853 3346 908 beatus
3385 865 3486 922 est,
3531 868 3589 911 ut
3632 861 3702 913 ibi

2133 938 2246 991 dics
2279 938 2444 992 festos
2468 950 2591 1006 agat
2618 939 2706 992 ubi
2732 939 2901 993 altare
2928 941 3165 995 divinum
3191 947 3464 1014 perpetuis
3495 947 3705 1018 ignibus

2131 1028 2408 1080 adoletur?
2442 1027 2570 1093 Quis
2603 1029 2674 1082 ita
2713 1029 2902 1083 beatus
2928 1040 3032 1094 est,
3062 1032 3152 1100 qui
3183 1033 3506 1089 sacrificium
3549 1054 3706 1094 suum

2129 1132 2184 1174 et
2213 1121 2488 1174 incensum
2517 1121 2798 1175 suavitatis
2835 1137 2993 1190 supra
3035 1123 3182 1177 illum
3223 1126 3396 1195 ignem
3421 1137 3604 1197 ponat,
3639 1132 3709 1186 de

2129 1228 2236 1280 quo
2279 1213 2491 1266 dicebat
2536 1211 2823 1267 Salvator:
2858 1234 2874 1264 ι
2900 1214 3079 1284 Ignem
3133 1219 3254 1272 veni
3297 1221 3508 1276 mittere
3550 1222 3702 1293 (Luc.

2128 1303 2300 1370 xu)?»
2361 1302 2494 1369 Quis
2543 1304 2617 1357 ita
2664 1305 2854 1358 beatus
2907 1316 3013 1369 est,
3061 1307 3153 1375 qui
3205 1308 3274 1362 ibi
3322 1326 3535 1382 semper
3585 1325 3709 1385 agat

2127 1389 2332 1445 Pascha
2371 1391 2568 1446 inloco
2595 1409 2754 1462 quem
2797 1394 3018 1465 elegerit
3061 1396 3318 1453 Dominus
3369 1400 3510 1455 Deus
3554 1418 3702 1468 suus,

2127 1482 2198 1534 ibi
2252 1480 2596 1537 Pentecostes
2625 1485 2765 1538 diem
2793 1496 2962 1555 gerat,
2994 1495 3048 1540 et
3075 1485 3418 1545 festivitatem
3465 1497 3706 1564 repropi-

2129 1574 2367 1627 tiatiouis
2391 1583 2446 1628 et
2474 1575 2942 1629 tabernaculorum
2971 1578 3389 1646 solemnitatem,
3443 1598 3548 1637 non
3588 1585 3700 1654 jam

2127 1680 2221 1734 per
2248 1664 2514 1730 umbram,
2563 1665 2656 1718 sed
2684 1681 2780 1734 per
2813 1667 2980 1735 ipsam
3024 1669 3256 1737 speciem
3305 1686 3591 1742 rerumque
3615 1689 3704 1728 ve-

445 1763 560 1816 haec
597 1761 778 1815 omnia
815 1759 1074 1830 patientia
1099 1757 1445 1830 fregerimus,
1479 1757 1725 1812 venimus
1755 1771 1853 1826 per
1876 1755 2020 1809 dire-
2055 1749 2099 1808 Β
2129 1753 2375 1808 ritatcm?
2438 1753 2570 1820 Quis
2628 1763 2872 1809 nostrum
2933 1757 3125 1826 dignus
3175 1759 3466 1814 habebitur
3533 1761 3702 1818 beata:

441 1862 589 1908 ctum
617 1853 685 1907 ad
711 1852 925 1917 Emath,
961 1851 1063 1906 hoc
1106 1861 1192 1906 est
1235 1851 1302 1904 ad
1343 1849 1555 1904 Domini
1585 1849 1890 1912 veritatem,
1932 1848 2023 1917 qui

440 1942 602 2000 victis
622 1943 1090 2013 persecutionibus
1129 1949 1331 1997 aeterna
1376 1939 1534 1994 nobis
1579 1939 1798 2009 przemia
1841 1954 2026 2008 repro-

441 2034 609 2090 misit.
660 2033 952 2105 (Mwnus.)
1001 2033 1067 2088 Et
1106 2041 1166 2088 ut
1198 2033 1439 2088 breviter
1481 2031 1788 2100 supradicta
1833 2029 2024 2085 morali

439 2139 604 2180 sensu
644 2125 804 2179 simul
848 2124 1029 2180 omnia
1078 2122 1528 2192 recapitulemus,
1583 2121 1829 2191 quisquis
1879 2122 2026 2190 cupit

443 2221 604 2268 terra:
647 2222 849 2268 sanctae
896 2213 1264 2268 hzereditatem
1293 2215 1596 2284 possidere,
1626 2226 1682 2270 et
1712 2215 1904 2269 futura:
1931 2231 2024 2285 pa-

444 2305 560 2358 tria:
593 2314 795 2360 sortem
833 2319 957 2360 cum
997 2303 1183 2360 electis
1209 2313 1262 2357 et
1292 2307 1494 2360 sanctis
1517 2304 1610 2359 Dei
1636 2306 1899 2374 accipere,
1931 2320 2024 2359 ne-

441 2409 593 2450 cesse
628 2404 712 2450 est
765 2404 825 2450 ut
853 2395 1074 2464 incipiat
1102 2411 1132 2448 a
1161 2395 1315 2464 plaga
1349 2395 1736 2465 septentrionis
1764 2404 1817 2448 et
1843 2395 2026 2448 tendat

441 2486 510 2539 ad
538 2485 818 2549 orientem,
851 2484 904 2540 id
930 2493 1014 2538 est
1039 2492 1095 2540 ιιι
1118 2485 1332 2538 deserto
1357 2484 1688 2538 infidelitatis
1711 2483 1927 2554 frigore,
1955 2487 2023 2538 ad

441 2583 607 2630 rectm
639 2574 758 2631 ﬁdei
791 2583 968 2629 ortum
1001 2575 1202 2637 tendat,
1239 2582 1292 2628 et
1322 2573 1555 2643 primum
1583 2583 1642 2627 ut
1667 2575 1902 2628 diximus
1929 2591 2027 2645 per

444 2666 670 2734 Thalon,
716 2669 769 2723 id
811 2675 894 2723 est
927 2681 1023 2736 per
1058 2666 1429 2735 paenitentiam
1469 2676 1814 2736 peccatorum
1847 2668 2027 2721 veniat

440 2758 510 2812 ad
541 2758 778 2823 Sadada,
802 2758 905 2812 hoc
932 2765 1016 2812 est
1042 2755 1273 2811 declinet
1295 2774 1325 2810 a
1351 2756 1517 2821 vitiis,
1550 2766 1603 2810 et
1632 2764 1811 2811 cesset
1839 2774 1867 2810 a
1895 2772 2022 2826 pec-

440 2847 603 2914 catis,
651 2846 1076 2918 indignationem
1126 2847 1337 2902 Domini
1383 2857 1648 2902 metuens.
1693 2845 1854 2900 Juxta
1894 2848 2024 2902 illud

442 2935 761 3003 Psalmistaz,
795 2953 903 3006 quo
937 2937 1050 2990 ait:
1084 2955 1103 2988 ι
1128 2936 1343 2992 Declina
1373 2953 1402 2990 a
1434 2937 1575 2990 malo
1603 2947 1658 2991 et
1686 2937 1772 2991 fac
1795 2939 2019 3004 bonum,

442 3032 498 3080 et
541 3025 784 3082 inhabita
828 3025 882 3080 in
928 3024 1180 3081 szeculum
1224 3026 1721 3096 sareulizquoniam
1767 3029 2025 3083 Dominus

446 3126 594 3174 amat
627 3117 912 3186 judicium,
952 3124 1005 3170 et
1035 3132 1140 3170 non
1167 3091 1505 3187 derelinquet
1534 3125 1752 3172 sanctos
1783 3133 1933 3184 suos,
1970 3121 2024 3172 in
2053 3091 2098 3154 δ

445 3218 708 3265 acternum
748 3207 1232 3261 conservabuntur.
1269 3204 1460 3273 lujusti
1495 3216 1674 3262 autem
1710 3208 2022 3275 punientur,

445 3307 504 3356 et
549 3313 730 3354 semen
776 3297 1063 3367 impiorum
1119 3293 1346 3364 peribit,
1382 3315 1398 3344 ι
1465 3305 1520 3347 et
1574 3296 1778 3364 reliqua
1838 3295 2022 3366 (Psal.

455 3389 682 3461 xxxvu).
711 3387 908 3457 Sicque
935 3387 1002 3441 ad
1031 3395 1221 3457 puteos
1250 3384 1479 3439 viventis
1507 3371 1681 3456 aquae,
1715 3385 1818 3440 hoc
1853 3395 1935 3438 est
1959 3386 2026 3439 ad

445 3491 849 3536 sacramentum
905 3476 1286 3547 baptismatis,
1348 3474 1432 3528 vel
1501 3475 1801 3529 doctrinam
1858 3490 2053 3531 sacrae-

446 3571 686 3626 scientim
715 3571 939 3624 tendens
967 3569 1033 3623 ad
1063 3575 1272 3622 montes
1295 3565 1587 3638 spiritales,
1617 3568 1718 3622 hoc
1741 3575 1822 3622 est
1843 3569 2026 3623 docto-

446 3668 536 3714 res
561 3669 780 3714 sanctos
833 3659 912 3714 ire
956 3657 1192 3723 festinet,
1240 3665 1300 3710 ut
1343 3655 1411 3710 ab
1451 3655 1532 3710 eis
1575 3655 1805 3726 accipiat
1847 3655 2027 3710 lumen

447 3764 589 3804 vera:
618 3749 857 3803 scientiae
890 3757 944 3801 et
983 3747 1155 3802 discat
1201 3745 1469 3813 castigare
1513 3759 1710 3812 corpus
1755 3749 1937 3809 suum,
1974 3754 2028 3798 et

448 3848 662 3894 terrena
704 3839 943 3892 membra
992 3834 1319 3889 tnortil‘tcare
1362 3851 1373 3888 :
1419 3845 1684 3905 quatenus
1731 3835 1795 3890 ad
1828 3837 2024 3890 atrium

448 3927 614 3984 fontis
639 3927 824 3982 aeterni
863 3935 918 3979 et
947 3926 1121 3995 ipsum
1157 3925 1445 3978 terminum
1477 3925 1720 3978 veritatis
1745 3927 2028 3994 pervenire

447 4019 636 4090 possit.
672 4017 806 4072 Cum
845 4025 1023 4070 autem
1063 4015 1110 4069 ei
1155 4016 1222 4068 ab
1268 4015 1516 4070 orientali
1556 4014 1710 4085 plaga
1739 4017 1848 4086 ipsa
1883 4017 2025 4070 veri—

446 4116 560 4163 tate
605 4107 867 4163 illucessit
904 4116 960 4162 et
993 4123 1055 4162 ex
1087 4108 1412 4162 testimoniis
1441 4119 1748 4163 sanctarum
1782 4109 2024 4180 Scriptu-

447 4213 635 4253 rarum
683 4198 943 4268 mysteria
987 4199 1102 4268 ipsa
1148 4198 1476 4262 revelantur,
1529 4209 1656 4252 tunc
1690 4201 1741 4253 in
1771 4199 2022 4265 .lorrlane,

447 4293 553 4347 hoc
580 4301 663 4346 est
698 4291 750 4345 in
782 4291 897 4344 rivo
925 4290 1114 4360 judicii
1163 4291 1584 4360 profunditatem
1625 4289 1901 4361 sapientia:
1948 4291 2029 4345 in-

445 4381 674 4452 telligit,
725 4391 781 4435 et
833 4394 960 4434 vere
1001 4381 1368 4436 mundationis
1396 4380 1669 4435 lavacrum
1723 4381 2024 4451 cognoscit.

448 4471 739 4543 Postquam
786 4478 966 4526 autem
1004 4471 1069 4526 ad
1109 4472 1414 4537 meridiem,
1455 4473 1559 4527 hoc
1601 4482 1683 4528 est
1729 4475 1794 4526 ad
1838 4489 2027 4542 puram

447 4563 624 4620 lucem
655 4563 893 4618 scientia:
919 4572 974 4617 et
999 4563 1245 4617 ardorem
1269 4565 1550 4619 charitatis
1575 4567 1902 4634 pervenerit,
1935 4581 2029 4619 ne-

451 4669 605 4710 cesse
653 4662 737 4710 est
781 4664 843 4709 ut
887 4653 1026 4709 bella
1068 4653 1514 4708 contradictionis
1552 4663 1606 4709 et
1639 4656 2027 4724 persecutionis

448 4755 642 4801 :cstum
682 4746 966 4802 sustineat.
1014 4745 1150 4814 Quia
1191 4745 1346 4814 juxta
1388 4744 1742 4814 Apostolum:
1788 4745 2029 4804 «Omnes

451 4835 546 4906 qui
591 4837 678 4907 pie
731 4835 920 4892 volunt
968 4836 1150 4890 vivere
1199 4834 1253 4888 in
1306 4832 1545 4900 Christo,
1593 4837 2025 4906 persecutionem

451 4927 732 4996 patiuntur
779 4925 868 4996 (ΙΙ
893 4924 1028 4978 Tim.
1065 4924 1213 4995 ιιι).ι
1269 4923 1494 4990 Quando
1539 4933 1716 4979 autem
1764 4927 1832 4982 ad
1885 4929 2029 4983 occi-

455 5015 671 5071 dentem
702 5031 1079 5086 properamus,
1122 5023 1176 5068 et
1207 5013 1331 5070 finis
1355 5015 1477 5069 vitae
1505 5023 1702 5070 nostra;
1742 5021 2030 5088 apprOpin-

456 5107 726 5175 quaverit,
744 5122 966 5163 necesse
1003 5115 1085 5163 est
1126 5107 1262 5162 utin
1302 5108 1472 5162 maris
1519 5106 1786 5171 ﬂuctibus,
1823 5109 1925 5164 hoc
1947 5119 2031 5165 est

393 5259 396 5261 _
455 5195 740 5264 prmsentis
784 5195 964 5255 szeculi
1015 5198 1319 5253 turbinibus
1361 5198 1717 5269 exagitemur,
1755 5207 1809 5254 et
1832 5200 1910 5254 sic
1933 5216 2030 5270 per

456 5284 771 5354 patientiam
800 5287 868 5341 ad
898 5287 1106 5342 Domini
1135 5286 1418 5342 veritatem
1447 5274 1669 5344 devictis
1697 5291 2030 5357 persecutio-

455 5378 618 5434 nibus
673 5373 1050 5450 perveniamus
1086 5397 1098 5431 :
1134 5387 1193 5432 ut
1243 5381 1541 5436 secundum
1599 5381 1767 5453 ipsius
1818 5381 2028 5438 Domini

456 5468 802 5534 sententiam,
831 5461 885 5524 In
912 5469 1171 5550 patientia
1205 5477 1387 5525 nostra
1419 5472 1790 5543 possideamus
1821 5461 2031 5544 animas

455 5569 697 5627 nostras,
727 5569 782 5616 et
811 5561 1139 5634 accipiamus
1176 5565 1395 5635 praemia
1429 5563 1552 5622 vitae
1585 5573 1820 5630 aeternae,
1854 5567 2029 5639 possi-

2056 4435 2107 4494 D

2128 1843 2287 1897 sortis
2332 1844 2596 1898 electione
2638 1859 2758 1898 eum
2806 1845 3048 1900 dividere
3094 1848 3236 1903 Deus
3289 1851 3517 1920 coeperit
3562 1852 3703 1908 filios

2126 1933 2434 1997 novissime,
2466 1933 2552 1987 cui
2596 1933 2739 1987 dicat
2775 1932 2928 2003 (Luc.
2960 1935 3074 2007 tux)
3103 1955 3114 1989 :
3151 1955 3170 1987 ι
3203 1938 3321 1992 Eris
3353 1955 3514 2009 super
3544 1943 3700 2012 quin-

2125 2041 2230 2096 que
2248 2026 2494 2084 civitates
2515 2034 2838 2094 potestatem
2861 2026 3083 2092 habens,
3099 2047 3116 2078 ι
3143 2038 3236 2083 aut
3254 2030 3340 2084 cui
3367 2032 3513 2086 dicat
3528 2033 3704 2088 ftEris

2125 2133 2286 2188 super
2303 2119 2489 2173 decem
2504 2119 2757 2173 civitates
2776 2129 3098 2189 potestatem
3124 2121 3350 2186 habens,
3363 2142 3380 2173 ι
3409 2139 3506 2178 nec
3530 2125 3702 2180 solum

2125 2215 2208 2269 cui
2233 2213 2396 2280 dicat,
2428 2231 2445 2264 ι
2468 2213 2610 2267 Intra
2633 2213 2685 2267 in
2709 2214 2964 2284 gaudium
2989 2214 3199 2268 Domini
3228 2216 3320 2270 Dei
3342 2217 3471 2281 tui,»
3503 2219 3598 2273 sed
3619 2221 3702 2274 cui

2124 2304 2289 2371 dicat,
2323 2325 2340 2356 ι
2362 2307 2556 2361 Sedete
2588 2313 2643 2358 et
2672 2319 2768 2359 vos
2802 2319 3014 2360 mecum
3052 2321 3216 2375 super
3245 2309 3525 2362 duodecim
3557 2311 3707 2363 thro-

2126 2411 2225 2450 nos
2244 2395 2554 2463 judicantes
2579 2403 2634 2449 et
2654 2408 2751 2450 vos
2781 2394 3064 2449 duodecim
3096 2397 3270 2451 tribus
3298 2396 3462 2452 Israel
3486 2397 3700 2470 (Matth.

2125 2485 2262 2556 xIx).
2290 2505 2307 2536 ι
2344 2485 2408 2539 Ει
2447 2486 2512 2539 de
2553 2483 2753 2554 quibus
2786 2482 2968 2539 dicat:
3006 2504 3023 2534 ι
3045 2484 3228 2551 Pater,
3258 2485 3377 2540 volo
3401 2494 3459 2541 ut
3490 2488 3579 2542 ubi
3597 2501 3706 2559 ego

2128 2590 2265 2638 sum,
2296 2582 2350 2628 et
2377 2573 2466 2628 isti
2501 2574 2608 2629 sint
2641 2588 2851 2628 mecum
2899 2571 3083 2642 (Joan.
3112 2575 3225 2646 xv),
3251 2593 3268 2626 ι
3311 2583 3365 2629 et
3397 2575 3516 2630 volo
3541 2557 3704 2630 etiam

2127 2666 2260 2721 istos
2286 2680 2402 2720 esse
2430 2679 2603 2736 reges,
2629 2659 2813 2734 ut”ego
2838 2680 2956 2718 sum
2986 2680 3078 2719 rex
3109 2679 3315 2736 regum,
3340 2666 3462 2721 volo
3491 2676 3545 2722 et
3575 2667 3708 2722 istos

2128 2757 2329 2812 habere
2359 2756 2801 2820 dominationem,
2832 2764 2892 2808 ut
2913 2764 2968 2809 et
2995 2771 3095 2825 ego
3117 2771 3234 2810 sum
3257 2757 3514 2812 Dominus
3542 2758 3709 2813 domi-

2129 2847 2396 2901 nantium.
2423 2845 2574 2900 Beati
2597 2846 2687 2914 qui
2728 2846 2796 2899 ad
2819 2847 2961 2900 hanc
2981 2848 3297 2914 pervenient
3320 2849 3706 2904 beatitudinem

2128 2950 2416 2992 summam.
2465 2935 2616 2990 Beati
2665 2936 2755 3004 qui
2795 2938 2861 2990 ad
2907 2936 3008 2990 ista
3051 2939 3465 2992 conscenderint
3494 2937 3708 3010 fastigia

2129 3027 2469 3080 meritorum.
2523 3025 2591 3078 Et
2639 3024 2956 3080 benedictus
2999 3027 3141 3080 Deus
3195 3035 3400 3092 noster,
3453 3028 3544 3098 qui
3595 3029 3712 3084 hate

2130 3117 2379 3185 promisit
2417 3115 2764 3186 diligentibus
2803 3131 2880 3169 se.
2932 3114 2996 3169 Ili
3047 3124 3172 3170 sunt
3217 3117 3317 3186 ipsi
3361 3132 3488 3174 vere
3541 3121 3714 3176 sacris

2131 3207 2372 3260 numeris
2413 3205 2678 3259 numerati
2721 3205 2860 3273 apud
2911 3206 3078 3260 Deum
3111 3225 3124 3258 :
3156 3207 3264 3262 imo
3289 3206 3387 3276 ipsi
3418 3217 3541 3263 sunt
3573 3225 3710 3280 quo-

2131 3314 2249 3351 rum
2283 3299 2445 3350 etiam
2473 3296 2651 3364 capilli
2691 3296 2886 3363 capitis
2925 3298 3194 3350 numerati
3237 3308 3362 3352 sunt
3400 3315 3498 3367 per
3525 3300 3710 3356 Jesum

2130 3386 2402 3440 Christum
2443 3385 2728 3439 Dominum
2779 3393 3043 3438 nostrum.
3095 3385 3201 3439 Sed
3248 3387 3370 3454 quia
3407 3403 3504 3456 per
3524 3405 3712 3459 saper-

2130 3476 2275 3530 biant
2328 3473 2410 3528 vel
2463 3473 2716 3528 invidiam
2766 3487 2925 3527 nemo
2955 3473 3021 3527 ad
3057 3482 3256 3528 sortem
3307 3474 3602 3531 electorum
3656 3488 3712 3532 et

2132 3567 2198 3622 ad
2229 3567 2623 3637 possessionem
2656 3565 2893 3620 emlestis
2932 3565 3120 3634 patria:
3157 3568 3464 3637 pertingere
3490 3571 3707 3638 poterit,

2132 3675 2352 3716 necesse
2402 3667 2486 3712 est
2525 3668 2585 3711 ut
2622 3672 2718 3727 per
2758 3656 3121 3710 humilitatem
3164 3672 3349 3710 veram
3376 3667 3431 3711 et
3463 3659 3710 3713 dilectio-

2130 3766 2253 3807 nem
2299 3749 2594 3802 fraternam
2635 3747 2760 3800 illuc
2793 3747 2871 3801 ire
2915 3747 3226 3811 contendat,
3258 3747 3505 3816 quisquis
3531 3747 3598 3803 ad
3627 3749 3709 3802 fu-

2133 3851 2252 3896 tura
2289 3842 2428 3896 bona
2459 3840 2744 3910 pervenire
2795 3838 3088 3902 desiderat,
3132 3839 3546 3907 memineritque
3574 3841 3712 3894 scri-

2132 3942 2281 4002 ptum
2313 3949 2324 3984 :
2367 3949 2384 3980 ‹
2417 3929 2550 3996 Quia
2598 3930 2793 3994 omnis,
2844 3929 2934 3999 qui
2963 3944 3019 3983 se
3043 3929 3360 3983 exaltaverit
3397 3929 3708 3985 humiliabi-

2133 4033 2238 4087 tur,
2256 4031 2309 4077 et
2335 4023 2425 4092 qui
2447 4036 2504 4075 se
2526 4021 2889 4076 humiliaverit
2912 4021 3238 4076 exaltabitur
3259 4021 3472 4093 (Matth.
3491 4025 3706 4097 Χκιιι).ι

2133 4115 2362 4184 Ideoque
2392 4113 2597 4168 nullum
2627 4112 2912 4182 despiciat,
2953 4113 3156 4168 nttllum
3189 4125 3430 4184 spernat,
3473 4117 3566 4171 sed
3598 4132 3714 4171 ma-

2132 4203 2214 4272 gis
2237 4203 2547 4257 inferiorem
2577 4217 2636 4257 se
2660 4203 2910 4257 omnibus
2935 4216 3055 4257 esse
3074 4204 3274 4268 credat,
3301 4205 3541 4274 sciatque
3553 4205 3712 4274 juxta

2132 4295 2277 4350 Petri
2310 4295 2537 4365 apostoli
2572 4295 2919 4359 sententiam,
2969 4295 3111 4362 quod
3138 4305 3160 4345 ι’
3184 4310 3291 4349 non
3325 4304 3408 4351 est
3451 4312 3712 4367 persona-

2135 4401 2254 4438 rum
2287 4393 2539 4455 acceptor
2568 4385 2732 4449 Deus,
2784 4383 2880 4438 sed
2920 4383 2973 4437 in
3010 4384 3158 4438 omni
3201 4394 3383 4454 gente,
3425 4387 3518 4455 qui
3559 4386 3714 4442 timet

2136 4477 2305 4531 Deum
2326 4483 2380 4531 et
2395 4474 2952 4544 operaturjustitiam,
2973 4483 3226 4543 acceptus
3243 4483 3327 4530 est
3345 4473 3420 4530 illi
3438 4474 3575 4548 (Act.
3593 4476 3673 4548 x).
3687 4497 3705 4529 ι

2136 4565 2289 4632 Quod
2311 4571 2700 4633 consequenter
2718 4563 2803 4615 vir
2823 4563 2912 4631 qui
2937 4563 3002 4617 ad
3024 4565 3346 4634 prophetam
3367 4565 3578 4622 locutus
3601 4578 3705 4632 est,

2134 4653 2388 4716 ostendit,
2417 4653 2632 4707 dicens:
2865 4660 2870 4670 ’

2209 4763 2229 4794 ι
2261 4743 2329 4798 Ει
2358 4742 2609 4797 dividetis
2655 4750 2855 4799 terram
2898 4742 3060 4798 istam
3095 4744 3268 4812 vobis,
3296 4745 3482 4814 Israel,
3509 4755 3564 4802 et
3592 4763 3703 4804 me-

2138 4856 2156 4889 ι
2190 4835 2334 4892 tietis
2354 4849 2473 4890 eam
2502 4834 2554 4888 in
2582 4833 2950 4888 htereditatcm
2981 4834 3135 4890 vobis
3175 4844 3230 4891 et
3256 4837 3480 4892 advenis
3504 4839 3594 4910 qui
3621 4851 3713 4893 ac-

2139 4947 2156 4978 ι
2192 4925 2454 4981 cesserint
2492 4923 2559 4977 ad
2621 4939 2736 4988 vos,
2788 4923 2880 4994 qui
2927 4926 3213 4993 genuerint
3245 4924 3386 4982 filios
3424 4927 3476 4984 in
3533 4929 3709 4984 medio

2139 5037 2157 5069 ι
2192 5015 2396 5082 vestri,
2441 5023 2495 5069 et
2537 5022 2695 5069 erunt
2739 5015 2890 5069 vobis
2928 5016 3067 5069 sicut
3110 5015 3542 5088 indigenm'inter
3569 5017 3708 5072 filios

2140 5127 2156 5157 ι
2194 5107 2377 5162 Israel.
2410 5107 2694 5160 Vobiscum
2733 5105 2970 5172 divident
2997 5107 3390 5176 possessionem
3435 5108 3487 5160 in
3529 5106 3707 5164 medio

2138 5219 2156 5250 ι
2198 5199 2432 5254 tribuum
2472 5197 2656 5252 Israel.
2705 5195 2762 5251 In
2815 5197 2957 5252 tribu
3000 5206 3181 5252 autem
3224 5211 3542 5266 quacunque
3584 5197 3705 5255 fue-

2139 5308 2156 5339 ι
2198 5290 2266 5343 rit
2305 5290 2506 5344 advena
2543 5289 2615 5343 ibi
2651 5288 2848 5343 dabitis
2884 5289 3284 5358 possessionem
3317 5285 3394 5342 llli
3430 5302 3446 5341 :
3485 5287 3560 5341 ita
3594 5286 3706 5344 Do-

2137 5400 2154 5432 ι
2192 5367 2370 5434 minus
2413 5378 2573 5433 Deus.
2604 5387 2624 5429 ι
2657 5377 2924 5450 (Ηὶενοη.)
2958 5378 3060 5434 Per
3095 5379 3199 5450 hoc
3228 5375 3519 5448 capitulum
3545 5375 3710 5434 disci-

2126 5459 2272 5538 mus,
2313 5479 2369 5527 et
2403 5469 2672 5551 decutitar
2706 5469 3048 5542 supercilium
3086 5467 3420 5535 Iudaeorum,
3459 5463 3596 5548 nihil
3623 5469 3716 5524 In‘

2134 5573 2216 5623 ter
2240 5562 2405 5619 Israel
2433 5571 2488 5617 et
2512 5563 2749 5634 gentium
2777 5560 3030 5632 pupulum
3055 5571 3175 5618 esse
3201 5556 3450 5631 divisum.
3478 5559 3706 5634 Si'enim

377 5696 380 5698 .
413 5649 416 5651 λ
459 5651 796 5724 deamusque
817 5633 1014 5710 terram
1036 5633 1421 5740 viventium,et
1435 5647 1745 5741 habitamus
1772 5659 1824 5713 in
1849 5633 2052 5712 lbera?
2136 5655 2354 5712 advenis
2395 5666 2446 5710 et
2477 5656 2798 5730 alienigenis
2837 5669 2965 5727 [cum
3005 5649 3091 5709 his
3133 5654 3224 5725 qui
3261 5661 3388 5710 stmt
3417 5653 3484 5710 de
3507 5633 3704 5726 populo
