4028 6196
450 316 579 383 1071

1051 323 1114 380 Β.
1160 318 1409 376 RA'BANI
1449 318 1670 378 MAURI
1703 319 2019 377 ARCIIIEP.
2061 319 2367 379 MOGUNT.
2400 322 2684 380 OPERUM
2737 322 2914 379 PARS
2951 325 3013 380 II.

3564 329 3705 386 £072

442 439 634 508 Israel,
678 441 781 496 hoc
814 449 895 497 est
941 438 1225 510 indigenis,
1265 446 1408 491 terra
1442 437 1716 501 dividitur,
1748 436 1878 491 nulli
1917 438 2016 492 du-
2046 438 2095 497 A
2121 432 2427 501 Jordanen,
2468 437 2639 493 Bosor
2677 438 2923 494 videlicet
2961 450 3015 493 et
3058 437 3321 508 Ramoth,
3363 453 3419 497 et
3455 442 3705 514 Gaulon,

444 532 594 588 bium
633 531 879 587 eamdem
923 545 1043 586 esse
1084 529 1453 585 hmrcditatem
1486 529 1666 600 populi
1701 530 1939 598 gentium
1969 538 2024 583 et

445 606 643 698 populi
670 611 997 689 Iudaeorum,
1041 623 1085 677 si
1113 631 1295 677 tamen
1325 622 1574 677 conversi
1599 621 1800 677 fuerint
1825 621 1892 676 ad
1915 623 2024 676 cul-

436 702 560 771 tum
594 714 688 769 Dei
716 712 879 767 Israel
910 712 1052 781 quod
1095 713 1317 782 proprie
1363 726 1558 765 nomen
1593 711 1833 780 possidet
1871 711 2021 766 Cliri-

445 806 676 862 stiaiium
718 796 1043 858 habentib‘us
1080 800 1281 856 Iudaeis
1316 800 1451 871 legis
1496 800 1733 855 litteram
1772 810 1825 855 et
1868 801 2022 855 nobis

443 895 691 966 spiritum
714 935 729 959 ,
770 893 983 963 illisque
1023 891 1737 956 tenentibusrmembranas,
1778 899 1833 945 et
1866 890 2022 945 nobis

443 1001 567 1041 eum
588 985 681 1056 qui
707 984 942 1055 scriptus
971 992 1055 1039 est
1078 983 1131 1038 in
1162 983 1490 1038 membranis
1514 996 1528 1035 :
1559 990 1613 1036 et
1633 982 1771 1050 apud
1800 980 2018 1053 Moysen

442 1088 589 1133 sorte
617 1086 761 1133 terra
788 1076 1064 1141 dividitur,
1107 1076 1196 1132 hic
1237 1084 1417 1129 autem
1456 1082 1515 1127 ut
1544 1074 1779 1128 diximus
1807 1073 2018 1128 Domini

435 1158 643 1241 judicio
680 1164 958 1237 delegatur
1001 1180 1216 1234 unaque
1252 1163 1526 1233 possessio
1566 1171 1667 1228 est,
1715 1164 1935 1216 advena:
1964 1170 2019 1216 ct

442 1259 648 1326 Israeli,
677 1260 808 1314 etin
836 1257 1062 1329 singulis
1105 1255 1350 1311 tribubus
1392 1256 1551 1310 datur
1594 1254 1880 1309 haereditas
1922 1252 2014 1321 ju-

442 1350 603 1409 beute
630 1350 856 1407 Domino
878 1348 1010 1404 Deo.
1374 1367 1391 1375 ι

986 1437 1210 1494 CAPUT
1249 1435 1478 1491 XLVIII.

441 1529 547 1587 Hic
575 1531 886 1587 describitur
911 1529 1098 1584 divisio
1128 1537 1315 1595 term,
1346 1536 1599 1598 quantum
1629 1526 1698 1580 ad
1726 1527 2013 1581 intransos.

516 1642 537 1676 ι
570 1623 638 1678 Et
686 1623 801 1677 haec
845 1622 1065 1677 nomina
1117 1620 1355 1675 tribuum
1386 1637 1401 1673 :
1439 1618 1485 1672 A
1519 1618 1715 1673 Iinibus
1750 1617 2016 1687 aquilonis

2125 523 2180 578 in
2231 524 2439 581 duabus
2495 535 2548 583 ct
2602 527 2824 582 dimidia
2879 528 3024 581 tribu
3078 528 3219 584 data:
3268 540 3427 596 sunt.
3483 543 3541 588 et
3592 543 3710 593 tres

2124 616 2265 671 intra
2309 612 2614 683 Iordanen,
2656 617 2829 673 Cades
2868 618 3117 674 videlicet
3156 630 3212 675 ct
3252 620 3469 678 Sichem
3511 636 3568 680 et
3603 625 3708 682 Ca-

2126 706 2421 762 riatharbe.
2470 705 2652 778 Neque
2700 709 2844 763 enim
2892 726 3029 780 opus
3073 719 3191 765 erat
3241 713 3295 767 in
3344 715 3709 787 descriptione

2120 798 2350 868 mystica
2391 807 2445 851 et
2480 799 2817 855 habitatione
2856 808 3163 857 sanctorum
3201 811 3258 856 et
3294 809 3709 865 conversatione

2122 888 2362 959 perfecta
2395 888 2743 958 fugitivorum
2776 893 3008 949 describi
3050 896 3249 951 auxilia
3287 899 3486 967 quibus
3542 900 3707 957 Israel

2122 977 2352 1049 iiidiguit
2400 979 2575 1036 adhuc
2627 981 2682 1035 in
2734 990 2882 1036 terra
2947 984 3194 1054 positus,
3250 996 3306 1042 et
3358 1004 3454 1057 per
3508 991 3707 1047 multos

2123 1067 2337 1124 labores
2389 1079 2552 1140 atque
2600 1071 2914 1127 discrimina
2972 1074 3039 1129 ad
3092 1075 3233 1131 hanc
3284 1078 3554 1133 civitatem
3606 1096 3702 1135 ve-

2122 1158 2242 1214 nire
2293 1158 2589 1227 festinans,
2646 1170 2700 1217 et
2751 1162 2807 1216 in
2860 1164 3089 1236 singulis
3156 1168 3362 1222 sanctis
3427 1171 3701 1239 loquens:

2128 1267 2146 1300 ‹
2182 1248 2401 1304 Advena
2446 1266 2565 1305 sum
2610 1260 2665 1305 et
2703 1254 3057 1323 peregrinus,
3104 1255 3245 1311 sicut
3288 1272 3477 1314 omnes
3521 1271 3707 1331 patres

2121 1338 2227 1394 mei
2260 1337 2449 1410 (Psal.
2482 1356 2689 1396 xxxvni
2713 1341 2752 1412 ).
2790 1363 2807 1393 ι
2843 1341 2911 1397 Et
2956 1344 3011 1398 in
3054 1345 3162 1399 alio
3205 1341 3365 1403 loco}
3399 1370 3417 1400 ι
3454 1349 3703 1408 Ilabitavi

2120 1444 2243 1483 cum
2274 1429 2659 1485 habitantibus
2709 1430 2906 1499 Cedar,
2956 1434 3183 1489 multum
3231 1438 3573 1508 peregrinata
3618 1452 3706 1497 est

2120 1519 2299 1573 anima
2348 1534 2465 1574 mea
2519 1518 2709 1589 (Psal.
2740 1522 2928 1595 crux).
2959 1542 2979 1575 ›

2197 1631 2214 1663 ι
2251 1611 2317 1665 Et
2342 1627 2504 1681 super
2535 1612 2820 1668 terminum
2841 1591 2978 1670 Juda
3007 1632 3037 1670 a
3068 1617 3223 1691 plaga
3252 1591 3499 1677 drientali
3529 1639 3700 1693 usque

445 1733 464 1766 ι
493 1713 646 1785 juxta
697 1713 843 1768 viam
891 1704 1106 1768 Ethlom
1152 1708 1521 1781 pergentibus.
1571 1708 1767 1763 Emath
1800 1681 2015 1763 atrium
2056 1782 2083 1785 ᾗ
2110 1681 2145 1755 ἰ
2182 1704 2249 1758 ad
2278 1703 2492 1776 plagam
2524 1706 2712 1771 maris,
2745 1716 2903 1761 erunt
2923 1681 3187 1778 primitiis;
3201 1728 3338 1781 quas
3376 1716 3703 1784 separabitis

446 1822 463 1853 ι
495 1782 682 1857 Enen
736 1802 1028 1857 terminum
1087 1800 1338 1855 Damasci
1395 1798 1461 1853 ad
1514 1796 1819 1867 aquilonem
1865 1798 2018 1868 juiiia
2051 1782 2094 1841 Β
2129 1814 2145 1843 ι
2188 1810 2291 1847 xxv
2323 1792 2489 1849 millia
2540 1795 2842 1852 latitudinis
2889 1808 2943 1853 et
2990 1800 3339 1872 longitudinis
3381 1782 3544 1859 sicuti
3590 1806 3701 1861 sin-

449 1913 467 1946 i
502 1894 718 1958 Emath,
752 1901 808 1950 et
843 1893 950 1948 erit
972 1892 1021 1948 ei
1046 1892 1203 1962 plaga
1240 1890 1521 1946 orientalis
1554 1905 1705 1944 mare
1739 1890 1850 1944 Dan
1886 1904 2012 1943 una.

448 2001 466 2033 α
504 1978 574 2037 Ει
620 1997 652 2036 a
706 1982 936 2038 termino
985 1981 1101 2036 Dan
1148 1995 1179 2035 a
1226 1979 1382 2051 plaga
1430 1978 1680 2034 orientali
1728 1994 1900 2049 usque
1948 1979 2017 2033 ad

447 2092 464 2126 ι
499 2073 711 2145 plagam
760 2071 899 2127 Aser
949 2086 1077 2126 una.
1129 2070 1197 2126 Et
1244 2084 1407 2139 super
1456 2069 1742 2123 terminum
1790 2067 1930 2123 Aser
1985 2083 2017 2121 a

447 2183 465 2216 ι
503 2164 662 2236 plaga
712 2162 964 2218 orientali
994 2177 1163 2241 usque
1186 2162 1254 2218 ad
1299 2161 1513 2232 plagam
1541 2160 1708 2216 maris
1742 2157 2019 2228 Nephtha—

445 2274 464 2305 ι
501 2253 595 2308 lim
630 2269 757 2308 una.
806 2252 876 2307 Et
899 2268 1062 2322 super
1096 2251 1388 2307 terminum
1418 2244 1765 2319 Nephthalim
1800 2263 1830 2302 a
1864 2247 2017 2318 plaga

452 2364 469 2398 ι
506 2345 733 2401 orientis
770 2328 1046 2423 usquead
1074 2342 1287 2425 plagam
1318 2341 1485 2397 maris
1516 2338 1762 2394 Manasse
1788 2355 1913 2393 una.
1953 2339 2020 2393 Et

447 2457 465 2488 ι
502 2450 664 2511 super
699 2436 987 2513 terminum
1025 2432 1272 2489 Manasse
1310 2449 1341 2488 a
1375 2432 1530 2503 plaga
1564 2426 1810 2486 orientali
1850 2444 2018 2500 iisque

444 2545 462 2577 ι
497 2526 567 2580 ad
610 2525 822 2598 plagam
871 2524 1040 2601 maris
1072 2523 1329 2592 prraim
1363 2538 1491 2577 una.
1529 2522 1597 2576 Et
1628 2537 1791 2592 super
1828 2521 2018 2576 termi-

443 2636 462 2669 i
496 2630 627 2673 num
666 2616 923 2689 Ephraim
964 2631 994 2671 a
1036 2615 1191 2687 plaga
1230 2614 1475 2671 orientali
1508 2628 1678 2683 usque
1713 2612 1780 2667 ad
1807 2613 2018 2683 plagam

444 2725 462 2757 ι
502 2705 670 2761 maris
703 2705 893 2760 Ruben
930 2719 1059 2759 una.
1106 2703 1173 2760 Et
1213 2719 1373 2774 super
1420 2703 1705 2758 terminum
1755 2701 1943 2756 Ruben
1986 2718 2016 2756 a

443 2820 463 2854 ι
497 2800 655 2873 plaga
677 2799 924 2854 orientali
950 2782 1121 2869 uSque
1147 2798 1215 2853 ad
1242 2797 1452 2868 plagam
1481 2796 1646 2851 maris
1671 2794 1805 2850 Iuda
1836 2812 1961 2849 una.
1992 2814 2012 2846 ι

440 2887 745 2963 (Ηὶενοη.)
775 2889 1052 2959 Descripta
1083 2896 1241 2943 terra:
1287 2897 1489 2943 sancta:
1522 2886 1864 2957 possessione
1903 2895 2011 2941 tam

434 2979 589 3053 juxta
612 2986 939 3051 praesentem
964 2977 1266 3033 Ezechielis
1285 2977 1646 3046 prophetiam,
1670 2992 1831 3060 quam
1862 2975 2014 3044 juxta

437 3060 799 3124 Numerorum
844 3064 1070 3130 librum,
1120 3079 1265 3118 nunc
1308 3062 1641 3133 singularum
1696 3062 1930 3117 tribuum
1982 3078 2015 3118 a

2133 1902 2148 1932 i
2185 1883 2321 1953 gula:
2367 1893 2550 1954 partes
2591 1901 2624 1939 a
2670 1886 2824 1957 plaga
2863 1889 3111 1945 orientali
3155 1906 3325 1962 usque
3370 1894 3439 1948 ad
3488 1894 3701 1967 plagam

2128 1990 2144 2020 α
2182 1971 2369 2026 maris.
2414 1972 2484 2026 Et
2530 1973 2633 2027 erit
2676 1977 3040 2031 Sanctuarium
3082 1978 3136 2032 in
3179 1980 3356 2035 medio
3397 1980 3537 2050 ejus.
3578 1982 3696 2038 Pri-

2127 2080 2143 2110 ι
2184 2061 2348 2116 miliae
2391 2077 2527 2131 quas
2568 2065 2890 2133 separabitis
2932 2068 3158 2123 Domino
3196 2069 3474 2142 longitudo
3511 2072 3697 2142 viginti

2125 2170 2143 2203 ο
2181 2151 2416 2222 quinque
2446 2152 2682 2209 millibus
2710 2165 2765 2210 et
2790 2156 3016 2212 latitudo
3044 2157 3228 2214 decem
3259 2160 3516 2217 millibus.
3547 2182 3566 2213 ι
3597 2162 3700 2217 Su-

2120 2240 2383 2313 perﬂuum
2423 2242 2525 2301 est'
2548 2246 2779 2303 disserta
2810 2249 3077 2307 disserere
3096 2294 3109 2318 ,
3140 2262 3195 2309 et
3226 2255 3280 2308 in
3312 2257 3508 2326 quibus
3535 2273 3697 2329 supra

2119 2332 2486 2391 laboravimus
2508 2377 2523 2401 ,
2553 2338 2709 2407 quasi
2749 2354 2854 2393 non
2885 2340 2996 2395 sint
3025 2341 3167 2398 dicta
3201 2345 3397 2400 iterum
3428 2347 3694 2404 laborare.

2120 2425 2249 2481 Post
2290 2435 2497 2498 septem
2538 2429 2775 2485 tribuum
2805 2432 3067 2489 terminos
3093 2437 3161 2490 ab
3188 2435 3399 2492 oriente
3429 2454 3599 2509 usque
3627 2443 3698 2497 ad

2120 2514 2455 2571 occidentem
2496 2517 2874 2574 describuntur
2902 2522 3181 2592 primitiae,
3213 2540 3442 2595 quarum
3472 2528 3701 2585 latitudo

2122 2612 2302 2659 teneat
2330 2605 2517 2677 viginti
2548 2608 2785 2677 quinque
2816 2609 2985 2664 millia
3016 2611 3347 2669 calamorum
3375 2633 3387 2668 :
3419 2616 3697 2688 longitudo

2121 2709 2249 2749 vero
2290 2696 2449 2750 sicuti
2491 2706 2675 2752 tenent
2714 2699 2937 2770 singula:
2979 2702 3150 2757 tribus
3178 2704 3247 2758 ab
3274 2705 3483 2761 oriente
3520 2722 3696 2778 usque

2120 2785 2189 2840 ad
2227 2801 2376 2841 mare
2422 2786 2573 2855 cujus
2620 2788 2973 2859 longitudinis
3018 2791 3255 2848 incertus
3295 2802 3379 2850 est
3416 2812 3693 2861 numerus.

2119 2873 2304 2945 Neque
2360 2877 2505 2931 enim
2561 2878 2614 2932 in
2670 2879 2999 2949 singularum
3051 2882 3412 2952 descriptione
3461 2881 3694 2943 tribuum

2119 2980 2372 3020 mensura
2400 2967 2668 3038 descripta
2691 2978 2793 3025 est.
2821 2970 2915 3026 Sin
2945 2980 3123 3027 autem
3148 2975 3374 3031 latitudo
3405 2978 3561 3037 habet
3585 2996 3694 3035 xxv

2121 3055 2345 3111 millium
2384 3057 2714 3114 calamorum
2738 3102 2752 3125 ,
2805 3063 2979 3118 conici
3018 3064 3178 3119 datur
3218 3065 3387 3122 multo
3436 3067 3701 3137 majorem

436 3157 595 3233 plaga
631 3138 878 3211 orientali
915 3167 1084 3224 usque
1118 3152 1185 3207 ad
1215 3151 1424 3223 plagam
1453 3152 1780 3216 occidentis,
1816 3153 1869 3207 id
1899 3156 2009 3217 est,
2041 3138 2087 3200 C
2116 3161 2237 3202 esse
2278 3162 2564 3202 numerum
2605 3149 2984 3221 longitudinis,
3017 3162 3135 3222 qua:
3174 3169 3388 3226 semper
3415 3155 3583 3224 major
3609 3166 3700 3213 est

434 3242 607 3304 maris
641 3240 916 3315 possessio
951 3240 1293 3299 describitur.
1346 3242 1413 3296 Et
1458 3242 1693 3312 primum
1743 3240 1879 3297 lines
1925 3258 2015 3299 ac-

439 3335 647 3407 cipiunt
697 3336 767 3390 ab
818 3333 1069 3405 aquilone
1114 3334 1268 3405 juxta
1318 3333 1459 3389 viam
1517 3332 1729 3389 Ethlom
1781 3350 2012 3405 pergen-

442 3424 588 3485 tibus
629 3424 864 3492 Emath,
918 3427 1113 3480 atrium
1166 3426 1280 3481 sive
1328 3425 1466 3481 Aser
1520 3426 1671 3480 Enon
1725 3426 2012 3480 terminum

438 3520 723 3585 Damasci,
771 3517 839 3573 ad
883 3517 1190 3587 aquilonem
1233 3515 1387 3585 juxta
1436 3516 1662 3581 Emath,
1710 3516 1777 3571 de
1821 3516 2016 3585 quibus

441 3622 567 3669 ante
613 3613 726 3683 jam
774 3610 1028 3666 diximus.
1082 3608 1274 3680 Incipit
1325 3617 1509 3665 autem
1560 3610 1789 3678 primum
1843 3610 2017 3665 tribus

438 3703 577 3771 Dan,
611 3702 847 3759 secunda
882 3701 1040 3766 Aser,
1078 3699 1240 3755 tertia
1273 3698 1641 3771 Nephthaliin,
1673 3707 1864 3769 quarta
1900 3698 2013 3754 Ma-

441 3808 635 3863 nasse,
670 3774 860 3863 quinta
898 3791 1153 3861 prraim
1173 3832 1189 3857 ,
1225 3800 1376 3847 sexta
1408 3790 1596 3846 Ruben
1618 3831 1633 3855 ,
1664 3791 1889 3861 septima
1915 3789 2013 3846 Ju-

446 3883 551 3937 dai.
600 3881 716 3937 Hoc
760 3887 876 3945 est,
930 3894 959 3933 a
1009 3880 1229 3934 sinistra
1281 3887 1436 3950 parte
1485 3888 1542 3933 et
1585 3879 1884 3949 completus
1916 3896 2016 3934 nu-

442 3986 629 4027 merus
659 3968 1017 4040 septenarius.
1057 3967 1258 4023 Deinde
1290 3969 1542 4041 primitiie
1582 3972 1920 4025 sacerdotum
1961 3979 2018 4025 et

443 4040 790 4122 Levitarum,
823 4066 877 4113 et
916 4057 1277 4112 sanctuarium
1322 4059 1534 4113 Domini
1577 4060 1630 4113 in
1675 4061 1852 4115 medio
1890 4076 2017 4115 san-

443 4158 699 4218 ctumque
726 4152 1059 4203 sanetorum.
1113 4144 1252 4202 Urbs
1292 4162 1505 4217 quoque
1552 4150 1877 4206 describitur
1918 4165 2016 4221 per

443 4241 667 4314 singula.
694 4241 863 4296 latera
902 4240 957 4294 in
998 4238 1264 4310 quadrum
1301 4250 1532 4308 quatuor
1572 4239 1738 4296 millia
1780 4250 1836 4296 et
1860 4243 2017 4313 quin-

441 4334 630 4406 gentos
674 4332 877 4387 habens
906 4330 1174 4413 calamos.
1222 4327 1541 4385 Suburbana
1586 4346 1798 4401 quoque
1839 4347 2016 4388 sacer-

439 4410 625 4481 dotum
666 4432 721 4480 et
761 4410 1072 4478 Levitarum
1115 4436 1212 4491 per
1250 4420 1494 4477 ordinem
1532 4421 1928 4490 describuntur,
1961 4432 2017 4480 et

442 4498 715 4589 possessio
781 4502 1064 4584 principis.
1128 4510 1468 4579 Rursumque
1544 4525 1574 4564 a
1616 4518 1773 4579 parte
1825 4510 2015 4566 dextra

418 4588 743 4660 -Succcdunt
778 4588 1016 4671 quinque
1050 4599 1224 4655 tribus
1252 4615 1282 4654 a
1321 4598 1474 4672 plaga
1510 4599 1758 4656 similiter
1792 4600 2016 4656 orientis

438 4704 611 4761 usque
656 4691 990 4761 adplagam
1047 4689 1385 4755 occidentis,
1435 4704 1662 4761 quarum
1709 4688 1883 4764 prima
1932 4702 2016 4748 est

440 4768 716 4849 Beniamin
746 4822 760 4845 ,
819 4766 1054 4855 secunda
1128 4772 1349 4837 Simeon
1408 4798 1560 4837 suam
1615 4785 2011 4852 possessionem

440 4869 744 4940 specialiter
772 4858 1009 4937 habens,
1050 4880 1106 4926 et
1144 4886 1483 4941 nequaquam
1508 4880 1567 4927 ut
1614 4872 1763 4943 prius
1787 4862 2012 4931 mixtam

437 4944 563 5016 cum
581 4944 742 5023 “Juda
767 4999 782 5025 ,
812 4950 971 5013 tertia
1002 4959 1269 5027 Issachar,
1298 4956 1501 5030 quarta
1523 4958 1793 5027 Zabulon,
1826 4962 2012 5035 quinta

437 5036 906 5129 Gad.‘Porueque
950 5040 1190 5111 civitatis
1236 5064 1435 5118 ternae,
1481 5070 1578 5125 per
1619 5051 1857 5125 singulas
1900 5058 2014 5128 pla-

382 5126 397 5203 ξ.
428 5161 533 5228 gas
555 5124 835 5228 etnomen
864 5143 1037 5225 ipsius
1084 5143 1349 5211 civitatis,
1392 5124 1535 5218 quod
1570 5147 1623 5200 in
1658 5124 1835 5203 fronte
1881 5124 2014 5220 pon-

346 5300 351 5303 τ
656 5222 1029 5321 anrivla'm‘ina
1111 5228 1418 5323 continetur
1449 5279 1465 5304 ,
1520 5238 1585 5295 de
1648 5234 1842 5325 quibus
1893 5243 2013 5298 uni-

654 5312 728 5413 in'
759 5310 1263 5414 suis-disseremus
1296 5328 1445 5414 locis.
1494 5328 1607 5387 Hoc
1653 5320 1867 5407 quoque
1917 5348 2012 5390 no-

438 5424 704 5505 tppdum,
744 5421 887 5495 quod
939 5419 1298 5493 quadraginta
1352 5424 1478 5477 o'cto
1526 5421 1839 5505 civitatum,
1890 5439 2011 5494 quin

436 5512 495 5569 In
548 5504 910 5570 Numerorum
965 5510 1236 5566 volumine
1267 5506 1454 5580 ‘tribui
1508 5504 1762 5569 Leviticie
1812 5510 2011 5581 dantur

438 5582 511 5659 ad
558 5580 907 5677 habitandum
947 5588 1070 5659 cuin
1114 5590 1610 5673 suburbanis'suis,
1655 5601 1746 5659 hic
1785 5580 2012 5660 silentur

437 5676 697 5761 nomina:
706 5672 786 5749 iet“
803 5682 1051 5749 civitates
1081 5680 1427 5763 fugitivorum
1458 5706 1687 5760 quarum
1715 5700 1827 5750 tres
1845 5694 2010 5750 ’t‘rana

2115 3237 2417 3294 latitudine.
2442 3240 2501 3293 In
2522 3241 2697 3295 medio
2718 3251 2893 3297 autem
2919 3245 3283 3299 sanctuarium
3306 3247 3521 3316 ponitur
3535 3246 3697 3317 juxta

2114 3324 2409 3395 primitias,
2449 3344 2570 3399 qua:
2597 3339 2722 3385 sunt
2764 3332 2990 3387 Domino
3028 3342 3320 3402 separatas,
3348 3336 3699 3406 longitudinis

2115 3420 2304 3494 viginti
2343 3425 2580 3495 quinque
2619 3425 2843 3481 millium
2903 3428 3233 3483 calamorum
3297 3440 3353 3485 et
3394 3431 3695 3489 latitudinis

2117 3512 2301 3568 decem
2326 3513 2571 3569 millium.
2596 3515 2725 3582 Quae
2750 3515 2933 3586 legens
2955 3517 3088 3571 nihil
3109 3517 3251 3573 aliud
3275 3535 3486 3589 possum
3514 3522 3698 3576 dic'ere

2117 3604 2222 3660 nisi
2258 3604 2386 3660 illud
2415 3604 2657 3676 Apostoli
2685 3605 2873 3679 (Rom.
2905 3607 2995 3678 x1)
3027 3626 3039 3661 :
3077 3610 3095 3659 ὁ
3123 3606 3168 3664 Ο
3197 3610 3518 3679 profundum
3558 3611 3697 3666 divi-

2115 3694 2313 3750 tiarum
2340 3696 2615 3765 sapientiai
2640 3706 2697 3752 et
2718 3697 2959 3753 scientia:
2986 3700 3110 3754 Dei!
3139 3713 3300 3769 quam
3326 3701 3698 3757 inscrutahilia

2109 3783 2312 3855 judicia
2353 3785 2469 3857 ejus
2506 3796 2559 3842 et
2602 3787 2998 3860 investigabiles
3037 3790 3138 3845 vite
3177 3789 3330 3858 ejus!
3361 3811 3380 3842 i
3410 3791 3478 3845 Et
3505 3791 3557 3846 in
3587 3791 3696 3848 alio

2115 3878 2234 3934 loco
2261 3878 2484 3952 (Ephes.
2518 3881 2612 3951 iii)
2642 3899 2659 3911 ι
2686 3900 2704 3933 ‹
2733 3881 2803 3936 Ut
2828 3884 3043 3952 possitis
3087 3885 3541 3953 comprehendere
3569 3901 3696 3942 cuin

2115 3969 2365 4030 omnibus
2391 3970 2593 4025 sanctis
2611 4010 2626 4034 ,
2658 3986 2778 4041 qua:
2806 3971 2877 4026 sit
2901 3972 3127 4028 latitudo
3145 3983 3202 4028 et
3225 3974 3499 4046 longitudo
3517 3986 3574 4031 et
3597 3991 3694 4031 su-

2115 4054 2351 4111 blimitas
2374 4066 2427 4111 et
2451 4054 2790 4127 profundum.
2837 4058 2989 4115 Scire
3013 4062 3176 4116 etiam
3203 4064 3696 4133 supereminentem

2117 4150 2354 4205 scientiae
2373 4151 2691 4206 charitatem
2714 4151 2936 4220 Christi,
2958 4164 3013 4209 ut
3042 4156 3370 4228 impleamini
3397 4159 3448 4213 in
3477 4176 3693 4215 omnem

2116 4238 2501 4308 plenitudinem
2545 4239 2660 4295 Dei.
2691 4260 2709 4291 i
2737 4239 2936 4313 Viginti
2970 4244 3207 4315 quinque
3251 4246 3474 4301 millium
3508 4259 3689 4305 autem

2117 4343 2399 4383 numerum
2432 4328 2619 4385 referri
2659 4331 2726 4385 ad
2763 4346 2953 4388 sensus
2983 4334 3049 4387 de
3095 4335 3290 4404 quibus
3330 4337 3529 4392 dictum
3562 4348 3645 4395 est
3667 4357 3688 4394 :

2120 4415 2346 4472 Sensum
2377 4417 2615 4474 divinum
2640 4422 2982 4489 possidebitis
3000 4442 3012 4477 :
3030 4434 3085 4479 et
3112 4442 3146 4479 ι
3174 4426 3401 4482 millium
3428 4429 3496 4483 ad
3516 4430 3692 4499 perii.~

2041 4485 2094 4545 Β
2119 4515 2259 4561 ctam
2288 4485 2825 4582 consummatamque
2851 4514 3106 4570 virtutem
3125 4557 3142 4583 ,
3170 4534 3289 4587 qua:
3317 4485 3574 4591 decalogo
3602 4538 3692 4575 ve-

2117 4600 2247 4653 teris
2285 4599 2631 4656 Instrumenti
2678 4604 2745 4658 ad
2784 4605 3147 4678 evangelicum
3190 4611 3469 4679 perveniat
3509 4627 3694 4667 sacra-

2118 4700 2356 4747 mentum
2373 4732 2389 4757 ,
2418 4701 2475 4746 ut
2501 4693 2654 4763 prius
2678 4694 2828 4751 brevi
2869 4710 3121 4754 sermone
3156 4701 3574 4769 perstrinximus
3595 4745 3611 4767 ,
3638 4713 3694 4759 et

2116 4782 2205 4835 liic
2247 4796 2313 4836 cx
2355 4791 2507 4853 parte
2552 4780 3033 4841 commonebiinus.
3068 4786 3124 4842 Si
3154 4789 3298 4844 enim
3340 4790 3409 4845 ab
3445 4806 3557 4847 uno
3601 4793 3695 4848 ad-

2116 4873 2249 4928 dens
2269 4856 2493 4929 n-umero
2514 4874 2579 4929 ad
2604 4883 2835 4945 quatuor
2864 4879 3171 4947 pervenias,
3192 4878 3473 4936 denarium
3504 4878 3692 4953 impie-

2118 4969 2202 5023 bis
2220 4985 2524 5036 numerum,
2546 4978 2707 5039 atque
2732 4972 2807 5026 ita
2832 4969 2924 5027 {let
2949 4981 3010 5026 ut
3028 4982 3083 5027 et
3106 4982 3258 5029 vetus
3283 4973 3692 5033 Testamenan

2117 5054 2514 5129 conStringatiir
2550 5062 2604 5115 in
2640 5076 2801 5129 novo,
2825 5071 2880 5117 et
2907 5058 3104 5117 no'vum
3131 5064 3186 5118 in
3219 5066 3387 5119 veteri
3412 5064 3688 5122 dilatetur.

2190 5169 2207 5197 α
2247 5147 2340 5203 Hie
2364 5160 2546 5205 autem
2569 5160 2728 5206 erunt
2752 5150 3005 5222 primitia:
3029 5149 3690 5213 sanctuarii'sacerdotnm

2120 5260 2137 5289 ι
2178 5240 2245 5294 ad
2297 5228 2599 5310 aquilonem
2648 5238 2998 5314 longitudinis
3047 5242 3239 5316 viginti
3285 5246 3526 5318 quinque
3568 5245 3689 5323 mil-

2121 5323 2145 5379 i‘
2174 5327 2304 5397 lium
2324 5369 2339 5396 ,
2369 5322 2522 5386 ct'ad
2550 5344 2707 5403 mare
2728 5328 3030 5408 latitudinis
3071 5330 3255 5390 decem
3287 5328 3547 5408 millium.
3576 5322 3686 5392 Sed

2120 5438 2137 5469 ι
2175 5420 2229 5488 ei
2264 5419 2335 5489 ad
2372 5410 2637 5491 Orientem
2674 5406 2974 5495 latitudinis
3002 5414 3211 5479 “decem
3239 5406 3498 5492 inimum,
3532 5435 3587 5483 et
3619 5425 3687 5481 ad

2118 5508 2149 5561 α’
2164 5502 2459 5591 meridiem
2490 5507 2843 5595 Ιοηῶιμᾶῖρίέ
2874 5508 3063 5595 viginti
3090 5512 3353 5595 quisque
3377 5509 3631 5589 millium.
3658 5535 3682 5572 ι

2118 5531 2136 5561 ι
2173 5531 2455 5569 meridiem
2492 5531 2843 5586 longitudinis
2874 5531 2926 5569 Vi
2987 5531 3063 5587 nti
3106 5531 3345 5588 quinque
3377 5531 3631 5589 multum.
3658 5535 3682 5572 ι

2104 5582 2483 5674 timeam.)
2514 5581 2903 5683 'Oi'nn‘esilllil'
2920 5531 3481 5683 ﬁnei‘scesp‘eiuni
3516 5600 3686 5666 sortes

2112 5698 2247 5748 suas'
2282 5693 2343 5747 in‘
2374 5676 2793 5750 'terra."'l.évitis
2816 5678 3015 5751 autem
3057 5676 3343 5753 hereditas
3384 5697 3532 5753 solus
3573 5686 3683 5753 sitI-
