4028 6196
440 333 579 390 11375

1364 325 1715 385 coquNr.
1758 325 1823 381 IN
1863 320 2317 381 EZECHIELEM.
2360 355 2431 365 --
2462 280 2589 381 [ξω.
2640 325 2757 387 int.

3559 327 3697 383 I074

434 444 551 500 ﬁcit
599 444 761 498 Deus.
794 442 997 509 Verum
1037 439 1291 509 quoniam
1329 441 1669 512 accipiebant
1696 437 1897 493 Levitae
1926 435 2021 490 de-
2046 436 2178 496 Aet
2217 445 2413 513 quanta
2460 436 2761 493 diﬁ‘erentia
2810 437 2864 491 in
2909 436 3211 509 S‘cripturis
3255 447 3310 493 et
3357 453 3535 494 rerum
3580 455 3707 496 con-
3774 446 3780 453 ’

434 535 606 589 cimas
650 539 705 586 et
744 529 1011 601 primitias
1056 528 1124 584 de
1163 528 1429 585 fructibus
1473 544 1503 581 a
1551 527 1675 582 [iliis
1716 523 1882 604 Israel
1924 538 2025 596 per

434 629 763 694 perceptum
807 620 942 685 Dei,
984 619 1270 691 oportebat
1311 635 1405 674 eos
1443 619 1607 674 etiam
1650 617 1716 677 de
1760 625 1930 681 terra,
1963 622 2024 670 ut

435 714 519 777 ita,
567 713 745 769 dicam
774 751 790 777 ,
842 723 897 766 et
947 711 1013 766 de
1067 710 1392 766 habitaculis
1443 708 1685 787 decimas
1732 707 2020 777 accipere,

432 802 539 858 hoc
582 810 668 858 est
711 801 887 866 enim,
932 801 1001 871 ab
1043 801 1292 857 omnibus
1333 801 1572 856 decimas
1615 798 1906 870 accepisse.
1956 797 2025 877 Et

435 891 560 946 ideo
607 890 934 946 accedentes
979 890 1222 962 primarii
1270 890 1370 945 viri
1397 930 1413 956 ,
1456 889 1550 959 qui
1592 896 1750 943 erant
1792 888 1858 944 de
1896 887 2023 961 ﬁliis

438 980 568 1037 Levi
617 979 685 1034 ad
735 978 1050 1033 Eleazarum
1101 978 1471 1051 sacerdotem,
1516 987 1588 1047 et.
1617 979 1685 1052 ad
1726 976 1911 1055 Iesum
1958 978 2022 1033 li-

435 1069 567 1125 lium
595 1068 742 1124 Nave
762 1110 778 1134 ,
808 1077 864 1124 et
892 1072 959 1124 ad
980 1069 1252 1141 principes
1281 1071 1515 1145 tribuum
1568 1068 1800 1124 ﬁliorum
1853 1067 2018 1123 Israel

437 1160 494 1214 in
549 1157 731 1215 Seium
783 1159 839 1213 in
894 1168 1036 1214 terra
1084 1146 1341 1213 Chanaan
1392 1159 1646 1213 dixerunt
1694 1176 1706 1212 :
1761 1157 2023 1213 Dominus

436 1250 698 1322 praecepit
745 1250 803 1303 in
851 1250 1015 1304 manu
1062 1248 1233 1321 Moysi
1282 1248 1398 1304 dari
1447 1249 1604 1305 nobis
1654 1248 1904 1304 civitates
1952 1249 2022 1303 ad

439 1340 831 1406 habitandum,
874 1350 931 1395 et
974 1339 1280 1419 suburbana
1327 1356 1514 1395 earum
1563 1341 1886 1412 animalibus
1925 1356 2024 1396 no-

435 1431 599 1497 stris,
641 1431 781 1487 sicut
816 1431 872 1486 in
909 1431 1049 1487 libro
1091 1430 1221 1487 Jesu
1259 1429 1407 1487 Nave
1447 1431 1708 1505 scriptum
1754 1430 2021 1505 reperitur

436 1522 663 1597 (Iosue.
696 1540 788 1578 xxx
814 1523 855 1595 ).
895 1521 1195 1594 Oportebat
1227 1538 1356 1594 ergo
1390 1502 1569 1581 etiam
1593 1524 1659 1579 de
1693 1502 2021 1591 suburbanis

435 1624 493 1671 et
532 1616 599 1681 de
640 1612 958 1672 civitatibus
998 1623 1202 1672 sortem
1248 1615 1365 1670 lieri
1398 1633 1409 1667 :
1452 1630 1518 1691 ne
1555 1612 1692 1681 forte
1730 1614 2021 1669 indiscrete

435 1714 490 1761 et
537 1704 760 1761 fortuito
811 1705 955 1760 inter
1001 1700 1223 1761 Levitas'
1267 1702 1537 1773 celebrata
1571 1702 1763 1759 divisio
1804 1702 2018 1759 videre—

2120 529 2409 597 sequentia
2456 529 2798 593 describitur,
2851 530 3136 601 quomodo.
3174 529 3317 594 nihil
3358 530 3475 584 sine
3521 531 3701 586 mode-

2127 614 2336 670 ratione
2382 623 2437 671 et
2478 617 2669 673 ordine
2713 617 2945 689 geritur.
2994 618 3213 673 Intuere
3257 617 3599 689 diligentius,
3649 629 3706 675 et

2126 704 2182 760 in
2223 708 2368 762 omni
2412 709 2680 779 scriptura
2730 711 2847 764 haec
2889 709 2965 763 ita
3010 709 3252 764 invenies
3292 710 3562 765 ordinata.
3595 706 3708 767 Sed

2124 798 2247 873 quis
2288 804 2467 875 potest
2508 797 2802 853 ascendere
2846 799 2962 854 haec
3023 798 3206 854 omnia
3252 808 3309 869 et
3349 801 3708 871 comprehen-

2125 888 2299 943 dere?
2329 887 2464 956 Quis
2508 888 2781 963 invenisse
2824 897 3003 959 potest
3044 890 3269 957 saltem,
3316 898 3373 956 et
3414 892 3706 947 observare

2122 980 2367 1037 ordinem
2416 982 2801 1054 mysteriorum
2846 981 3027 1047 valet,
3078 996 3201 1035 cum
3267 981 3563 1036 secundum
3612 970 3705 1035 lit-

2126 1078 2298 1126 teram
2345 1070 2516 1127 solam
2565 1069 2781 1127 diliicile
2837 1078 3018 1126 textus
3066 1064 3400 1143 narrationis
3443 1071 3703 1142 explicari

2121 1168 2336 1231 potest,
2362 1167 2418 1216 et
2457 1160 2747 1230 permixtio
2785 1159 2869 1214 vel
2909 1148 3151 1215 locorum
3189 1160 3272 1214 vel
3311 1174 3702 1231 personarum,

2122 1266 2243 1323 quae
2279 1252 2334 1309 in
2375 1252 2601 1309 historia
2639 1250 3240 1308 continentur‘evolvi?
3281 1250 3421 1323 Quid
3466 1249 3703 1308 dicimus

2122 1343 2190 1399 de
2213 1335 2317 1400 'his
2354 1344 2753 1408 sacramentis,
2786 1358 2905 1412 qum
2938 1358 3039 1414 per
3074 1343 3178 1398 hoc
3212 1332 3524 1413 scribuntur
3558 1346 3621 1397 'et
3648 1342 3702 1397 in

2122 1434 2320 1504 quibus
2348 1433 2761 1489 distributiones
2790 1432 2986 1489 l‘uturm
3023 1433 3352 1489 haereditatis
3373 1422 3702 1488 adumbran-

2124 1525 2254 1579 tur?
2297 1532 2352 1580 et
2394 1539 2493 1594 per
2536 1540 2697 1594 quem
2741 1532 2945 1580 sanctae
2987 1532 3179 1589 terrae,
3226 1538 3389 1593 quam
3436 1524 3704 1595 mansueti

2122 1613 2437 1669 bmreditate
2482 1614 2813 1685 suscipient,
2862 1614 3056 1670 divisio
3105 1613 3518 1671 celebrabitur?
3566 1614 3700 1680 Quis

2123 1715 2428 1759 castrorum
2471 1705 2629 1759 sedes
2673 1704 2920 1760 diversas
2962 1704 3228 1773 explicet,
3277 1702 3549 1773 quomodo
3589 1702 3706 1759 base

436 1803 545 1850 tur.
587 1794 740 1852 Sicut
773 1810 904 1867 ergo
937 1794 1248 1855 distributio
1282 1795 1474 1861 sortis,
1518 1810 1638 1866 quae
1677 1792 1818 1867 facta
1852 1802 1935 1879 est
1966 1794 2020 1848 in
2048 1805 2096 1866 Β
2125 1795 2180 1850 in
2230 1795 2628 1863 resurrectione
2677 1810 2773 1865 per
2821 1793 3069 1866 singulos
3106 1808 3351 1865 quosque
3390 1800 3703 1869 sanctorum

436 1887 563 1944 ﬁliis
591 1887 788 1953 Israel,
822 1885 1013 1942 habuit
1045 1885 1305 1953 rationem
1325 1901 1481 1955 ,qua
1513 1885 1635 1955 quis
1667 1885 1843 1956 prima
1874 1892 2020 1939 sorte

435 1981 631 2050 dignus
677 1978 990 2045 haberetur,
1043 1992 1150 2050 qua
1195 1987 1251 2034 et
1297 1977 1747 2048 aliustsecunda,
1797 1978 1866 2040 de.
1915 1992 2020 2055 qua

437 2079 496 2131 ut
524 2060 797 2140 pctuimus
832 2068 947 2143 jam
991 2062 1117 2137 ante
1158 2070 1553 2134 tractavimus;
1607 2069 1701 2124 sed
1740 2076 1795 2124 et
1833 2068 1899 2133 hi
1930 2069 2020 2139 qui

434 2176 534 2231 per
581 2144 798 2232 Moysen
852 2160 996 2216 ultra
1049 2157 1323 2220 Iordanen
1373 2168 1429 2215 et
1472 2159 1541 2214 ab
1593 2156 1720 2214 Jesu
1768 2159 1824 2213 in
1877 2167 2021 2214 terra

440 2251 879 2321 repromissionis
927 2250 1233 2321 accipiunt,
1283 2249 1374 2305 ubi
1423 2249 1600 2320 prima
1660 2265 1780 2306 sors
1828 2249 2024 2305 cecidit

434 2339 490 2394 in
523 2337 802 2409 Benjamin
826 2381 843 2405 ,
872 2348 928 2395 et
964 2342 1308 2411 postmodum
1351 2342 1494 2397 inter
1530 2350 1756 2398 cazteros
1801 2342 1855 2396 in
1896 2342 2019 2412 qui-

435 2429 538 2485 bus
586 2428 686 2485 fuit
729 2430 953 2486 ultimus
1000 2430 1116 2486 Dan
1164 2450 1178 2486 :
1230 2432 1307 2486 ita
1355 2447 1578 2490 necesse
1622 2441 1708 2489 est
1751 2448 1872 2489 esse
1919 2433 2021 2488 ali-

433 2536 598 2591 quam
638 2521 903 2577 rationem
943 2509 1107 2576 etiain
1144 2522 1197 2576 in
1237 2523 1426 2578 ordine
1454 2523 1812 2580 sacerdotalis
1838 2532 1893 2579 et
1921 2522 2025 2580 Le-

438 2611 620 2673 vitice:
673 2612 875 2678 sortis,
928 2620 988 2667 ut
1032 2612 1123 2667 alii
1174 2613 1349 2682 prima
1381 2655 1395 2679 ,
1448 2614 1541 2669 alii
1599 2614 1878 2679 secunda,
1930 2610 2022 2668 alii

436 2715 567 2756 vero
623 2700 781 2756 tertia
834 2716 954 2756 sors
1004 2701 1274 2768 ducatur,
1316 2717 1414 2772 per
1466 2718 1602 2773 quas
1650 2702 1740 2757 illa
1795 2702 1878 2758 vel
1932 2701 2023 2758 illa

432 2788 556 2848 loca
606 2790 897 2860 unicuique
946 2791 1328 2847 decernuntur.
1385 2791 1650 2849 Dicuntur
1692 2801 1871 2848 autem
1925 2792 2020 2850 ﬁlii

432 2893 555 2933 esse
590 2877 750 2945 Levi,
784 2877 991 2935 Gerson
1012 2921 1028 2945 ,
1058 2889 1112 2934 et
1146 2879 1349 2946 Caath,
1388 2889 1444 2935 et
1478 2880 1673 2935 Merari
1695 2922 1711 2948 ,
1748 2888 1803 2937 et
1843 2888 2023 2938 osten-

437 2968 584 3022 ditur
634 2967 930 3039 primatum
983 2970 1226 3025 tenuisse
1280 2970 1332 3023 in
1387 2970 1591 3024 honore
1641 2970 1856 3036 Caath,
1914 2971 2020 3026 hoc

431 3068 549 3125 est,
600 3057 695 3129 qui
743 3058 839 3114 lilii
883 3059 1052 3115 Caath
1100 3059 1317 3115 fuerunt
1357 3074 1424 3115 ex
1464 3059 1734 3115 Amram:
1780 3076 1907 3116 nam
1954 3059 2023 3119 de

2126 1882 2447 1939 sacerdotali
2484 1882 2569 1938 vel
2608 1882 2850 1939 Levitico
2885 1883 3075 1940 ordine
3114 1882 3361 1955 habenda
3409 1884 3479 1937 sit
3524 1881 3707 1939 distrio

2125 1973 2318 2046 butio?
2368 1979 2428 2028 ut
2480 1973 2933 2044 quemadmodum
2988 1970 3457 2042 dicit‘Apostolus
3505 1970 3563 2027 in
3614 1986 3704 2027 re-

2125 2065 2465 2122 surrectione
2507 2081 2615 2121 non
2658 2056 3150 2139 confuse'agantur
3191 2064 3410 2131 omnia,
3439 2063 3533 2120 sed
3561 2082 3580 2115 ι
3614 2076 3707 2121 ve-

2125 2158 2241 2225 niat
2280 2155 2653 2227 unusquisque
2694 2156 2748 2211 in
2796 2171 2895 2211 suo
2938 2154 3131 2211 ordine
3173 2155 3385 2209 initium
3419 2152 3704 2222 Christus,

2125 2251 2319 2308 deinde
2373 2252 2463 2317 hi,
2514 2251 2608 2322 qui
2641 2258 2766 2307 sunt
2802 2249 3035 2315 Christi,
3072 2250 3163 2320 qui
3211 2246 3265 2303 in
3310 2249 3543 2329 adventu
3586 2248 3710 2320 ejus

2125 2352 2483 2414 speraverunt
2524 2338 2646 2397 eum
2691 2342 2973 2398 tradiderit
3021 2357 3244 2412 regnum
3283 2341 3396 2396 Deo
3439 2348 3494 2405 et
3526 2341 3665 2410 patri
3689 2381 3702 2401 .

2125 2441 2323 2489 etcum
2350 2431 2643 2501 subiecerit
2686 2433 2736 2487 ei
2784 2445 2998 2488 omnem
3045 2431 3408 2502 principatum
3454 2436 3509 2485 et
3549 2438 3705 2500 pote-

2126 2531 2320 2578 statem
2365 2522 2436 2595 (Ι
2471 2521 2594 2577 Cor.
2630 2522 2777 2593 xv),
2806 2539 2831 2576 ι
2861 2522 2951 2578 ubi
2996 2521 3113 2576 sine
3158 2520 3321 2575 dubio
3367 2519 3505 2574 tales
3552 2534 3700 2590 quae-

2126 2614 2251 2679 dam
2272 2621 2579 2669 castrorum
2602 2612 3010 2669 observationes
3043 2619 3099 2665 et
3130 2608 3491 2664 sacerdotales
3523 2608 3707 2666 distri-

2124 2703 2372 2759 butiones
2396 2712 2450 2758 et
2475 2703 2694 2758 ordines
2717 2717 2781 2758 ac
2805 2702 3053 2757 tubarum
3080 2700 3502 2772 signiﬁcationes
3524 2708 3703 2754 erunt.

2125 2793 2277 2865 Quod
2306 2803 2488 2849 autem
2517 2794 2758 2864 exceptis
2784 2809 2876 2848 sex
2905 2793 3132 2848 urbibus
3160 2789 3508 2861 fugitivorum
3529 2828 3545 2855 ,
3572 2786 3708 2843 alias

2124 2886 2481 2957 quadraginta
2525 2884 2661 2940 duas
2704 2885 2869 2939 urbes
2901 2883 3102 2939 Levitm
3143 2882 3449 2955 accipiunt,
3493 2877 3707 2936 indubia-

2124 2980 2305 3029 tanter
2330 2974 2443 3043 ipsa
2471 2972 2781 3044 praedicatio
2804 2981 3114 3029 sanctorum
3141 2973 3406 3044 signatur.
3432 2971 3536 3043 Ipsi
3561 2969 3717 3029 enim

2123 3062 2401 3133 possident
2448 3062 2783 3129 doctrinam,
2829 3078 2950 3133 qua:
2992 3071 3204 3119 constat
3247 3062 3381 3134 legis
3419 3062 3719 3133 decalogo,

432 3167 498 3209 eo
534 3151 778 3223 Moyses,
812 3160 866 3208 et
893 3148 1107 3216 Aaron,
1156 3159 1211 3208 et
1252 3150 1442 3215 Muria.
1494 3148 1806 3224 (Nazian.)
1852 3151 2024 3223 Igitur
2048 3158 2096 3221 ο
2127 3160 2183 3207 et
2214 3153 2520 3223 quadriﬁdo
2553 3152 2828 3225 Evangelii
2865 3168 3127 3221 numero,
3164 3154 3321 3227 quasi
3356 3154 3537 3220 decies
3569 3171 3706 3226 qua-

432 3241 500 3297 de
534 3232 705 3298 Caath
746 3257 873 3313 pars
903 3242 1119 3312 quidem
1159 3239 1478 3314 [quaedam]
1510 3239 1680 3310 plebis
1710 3239 1902 3296 eﬂ‘ecta
1931 3249 2018 3298 est

431 3334 823 3402 sacerdotalis,
873 3351 994 3405 qua:
1038 3342 1122 3390 est
1162 3334 1345 3389 Aaron
1389 3340 1446 3389 et
1499 3332 1595 3387 ﬁlii
1629 3332 1765 3402 ejus.
1808 3332 2018 3404 Moyses

434 3432 616 3480 autem
668 3418 722 3480 in
772 3424 1093 3483 sacerdotali
1142 3423 1366 3488 ordine,
1425 3431 1521 3477 aut
1571 3422 1617 3477 si
1666 3423 1797 3493 quid
1846 3423 2014 3493 etiam

435 3513 666 3583 amplius
695 3513 1017 3568 sacerdotali
1056 3528 1177 3569 esse
1218 3520 1395 3583 potest
1424 3510 1706 3571 habendus
1749 3519 1870 3567 est:
1906 3511 2014 3567 alia

433 3616 565 3664 vero
594 3612 679 3658 est
705 3603 844 3659 ratio
883 3602 949 3659 de
993 3602 1118 3659 ﬁliis
1160 3600 1296 3670 ejus.
1334 3600 1528 3658 Caeteri
1567 3610 1745 3656 autem
1786 3616 1855 3657 ex
1895 3601 2020 3658 ﬁliis

434 3692 600 3757 Caath
624 3733 643 3758 ,
683 3693 979 3749 secundum
1022 3700 1309 3749 tenuerunt
1345 3692 1402 3747 in
1447 3692 1589 3747 tribu
1629 3691 1780 3747 Levi.
1826 3691 1884 3747 Si
1926 3693 2017 3762 qui

440 3790 570 3837 sunt
602 3796 669 3837 ex
697 3781 947 3839 Issachar
982 3793 1037 3838 et
1075 3782 1328 3839 Chebron
1365 3790 1422 3837 et
1457 3781 1628 3837 Odiel.
1661 3781 1794 3837 Cum
1825 3781 2020 3839 deinde

430 3881 558 3941 pOSt
602 3871 707 3931 hoc
744 3871 1016 3943 accipiunt
1054 3880 1261 3942 partem
1302 3876 1427 3941 post
1466 3868 1635 3924 Caath
1668 3884 1697 3924 e
1736 3869 1860 3925 ﬁliis
1886 3870 2021 3925 Ger-

434 3952 534 4019 son
578 3962 739 4029 tertio
772 3963 891 4020 loco
924 3982 935 4016 :
977 3962 1305 4018 novissimus
1345 3977 1475 4018 vero
1516 3961 1758 4016 omnium
1795 3961 2010 4018 Merari.

433 4042 561 4115 Haec
608 4065 695 4114 est
741 4065 920 4113 autem
970 4055 1272 4113 differentia
1321 4054 1482 4126 primi
1529 4052 1770 4120 ordinis,
1822 4061 1878 4109 et
1926 4068 2017 4110 se-

433 4148 634 4213 cundi,
680 4154 738 4204 et
782 4146 927 4205 tertii
977 4146 1059 4201 vel
1100 4144 1313 4215 quarti,
1360 4159 1522 4213 quam
1565 4142 1742 4215 primo
1780 4141 2019 4196 omnium

435 4224 845 4317 observavimus
876 4236 930 4292 in
974 4226 1233 4293 numeris.
1276 4232 1473 4289 Postea
1518 4232 1697 4295 enim,
1729 4246 1892 4300 quam
1936 4245 2024 4285 or-

2123 3250 2308 3297 ternas
2348 3243 2512 3297 urbes
2544 3242 2837 3306 habentes,
2877 3243 3075 3314 quibus
3107 3244 3270 3298 etiam
3303 3245 3422 3299 duae
3447 3242 3710 3313 adjiciun-

2125 3338 2233 3395 tur,
2265 3328 2391 3400 quia
2422 3328 2678 3383 nimirum
2704 3339 2897 3385 cuncta
2925 3346 3045 3399 quae
3068 3331 3366 3401 praedicant
3384 3370 3400 3396 ,
3428 3332 3620 3387 morali
3643 3349 3708 3389 ac

2119 3418 2350 3489 mystico
2394 3432 2556 3474 sensu
2591 3418 2931 3472 annuntiant.
3113 3407 3116 3410 ’

2198 3529 2216 3559 ‹
2252 3507 2321 3563 Et
2357 3506 2497 3589 erit,
2542 3507 2758 3577 inquit,
2787 3508 3157 3574 sanctuarium
3187 3508 3398 3563 Domini
3431 3509 3485 3563 in
3525 3510 3707 3565 medio

2126 3619 2145 3652 α
2184 3598 2319 3669 ejus.
2364 3597 2753 3655 Sacerdotibus
2793 3599 3163 3673 sanctuarium
3197 3600 3304 3655 erit
3337 3599 3405 3654 de
3439 3599 3564 3657 ﬁliis
3603 3599 3701 3654 Sa-

2127 3713 2145 3746 c
2183 3692 2355 3757 doch,
2396 3691 2488 3761 qui
2526 3691 2899 3747 custodierunt
2917 3678 3287 3763 creremonias
3320 3706 3472 3747 meas
3503 3702 3701 3749 et'nou

2128 3800 2145 3831 ε
2182 3788 2504 3841 erraverunt
2534 3795 2656 3834 cum
2686 3787 2936 3835 errarent
2960 3778 3056 3835 ﬁlii
3083 3778 3285 3847 Israel,
3312 3770 3455 3851 sicut
3482 3794 3704 3839 errave-

2128 3889 2146 3921 ι
2185 3878 2308 3925 mnt
2334 3870 2554 3939 Levitag.
2579 3870 2646 3924 Et
2667 3879 2828 3925 erunt
2853 3870 3108 3940 primitiae
3135 3868 3203 3927 de
3226 3870 3517 3943 primitivis
3546 3881 3707 3927 terrae

2128 3981 2145 4014 ‹
2182 3971 2429 4018 sanctum
2474 3971 2789 4018 sanctorum
2825 3961 2978 4031 juxta
3007 3960 3298 4019 terminum
3327 3963 3658 4020 Levitarum.
3682 3985 3700 4015 ο

2123 4053 2143 4125 (
2157 4051 2401 4125 Hieron.)
2435 4051 2677 4119 Quatuor
2703 4053 3064 4123 primitiarum
3093 4053 3478 4111 describuntur
3505 4054 3705 4127 plagae,

2120 4160 2241 4214 quae
2269 4160 2375 4199 non
2403 4145 2471 4199 ad
2499 4143 2756 4214 populum
2785 4159 2886 4200 nec
2912 4143 2979 4199 ad
3004 4143 3196 4215 vulgus
3225 4145 3457 4215 ignobile
3474 4187 3490 4211 ,
3535 4160 3709 4216 neque

2124 4227 2191 4288 ad
2234 4233 2483 4299 Levites,
2528 4228 2634 4289 hoc
2675 4242 2759 4289 est
2804 4233 3114 4315 inferiorem
3150 4235 3414 4305 gradum,
3446 4235 3542 4290 sed
3582 4249 3707 4306 pro—

435 4314 632 4389 dina'tae
675 4327 893 4387 fuerant
929 4316 1211 4385 duodecim
1254 4326 1429 4381 tribus
1466 4314 1564 4396 per
1600 4332 1836 4395 quatuor
1874 4320 2023 4397 orbis
2124 4328 2240 4397 prie
2287 4327 2353 4384 ad
2398 4328 2603 4382 cultum
2646 4328 2881 4398 pertinet
2920 4326 3297 4393 sacerdotum,
3329 4321 3598 4397 aquilonis
3628 4329 3711 4381 vi-

434 4429 594 4489 terrze
637 4428 853 4492 partes,
906 4418 1052 4475 circa
1093 4433 1277 4473 arcam
1329 4416 1637 4473 testamenti
1676 4414 1888 4470 Domini
1926 4429 2022 4479 ει·
2124 4417 2320 4473 dclicet
2362 4427 2418 4473 et
2464 4403 2763 4483 occidentis
2796 4412 2865 4472 "et
2907 4416 3135 4483 orientis
3175 4425 3230 4473 et
3274 4417 3475 4485 austri,
3518 4425 3573 4473 et
3611 4434 3709 4493 per

434 4512 622 4589 cubias
659 4494 854 4589 agere,
899 4520 955 4568 et
998 4518 1215 4581 statuta:
1254 4518 1383 4587 sunt
1427 4519 1538 4564 tres
1584 4507 1803 4577 quidem
1850 4506 2024 4562 tribus
2046 4507 2102 4567 D
2126 4514 2310 4578 partes
2349 4506 2688 4577 profectuum
2725 4506 2860 4561 ordo
2901 4514 3173 4572 narratur,
3211 4513 3271 4561 ut
3308 4507 3577 4577 aquilonis
3606 4507 3706 4563 fri-

432 4599 506 4659 ab
555 4603 800 4679 oriente,
851 4607 907 4657 et
952 4609 1063 4656 tres
1108 4599 1326 4670 quidem
1376 4599 1444 4655 ab
1495 4596 1681 4661 Africo
1723 4595 1810 4652 vel
1853 4595 2017 4679 meri-
2127 4613 2256 4670 gora
2307 4598 2674 4667 relinquentes
2726 4596 3008 4651 veniamus
3055 4596 3123 4651 ad
3173 4598 3543 4667 occidentem,
3598 4614 3708 4674 quo

434 4676 631 4761 diano,
664 4676 774 4769 tres
805 4703 982 4749 autem
1022 4705 1207 4759 mare,
1246 4691 1392 4761 quod
1420 4698 1503 4751 est
1541 4690 1611 4745 ad
1650 4676 2015 4753 occidentem,
2090 4686 2093 4687 ⁷
2126 4687 2321 4742 scilicit
2370 4687 2620 4742 occidant
2670 4685 2828 4742 nobis
2876 4685 3007 4769 vitia
3065 4694 3228 4765 atque
3284 4687 3575 4763 intereant.
3634 4687 3705 4745 Et

435 4794 553 4847 tres
598 4801 729 4841 vero
775 4785 846 4841 ad
892 4782 1235 4856 aquilonem,
1281 4782 1372 4851 qui
1418 4789 1497 4839 est
1548 4780 1877 4851 septentrio,
1925 4779 2016 4833 ubi

436 4878 604 4934 etiam
651 4876 741 4933 isti
784 4892 881 4948 per
926 4884 1161 4953 quatuor
1204 4873 1353 4930 orbis
1400 4881 1558 4929 terra:
1598 4880 1779 4943 partes
1825 4870 2015 4926 eodem

434 4968 628 5025 ordine
663 4952 1005 5045 deputantur.
1040 4952 1208 5043 Etab
1238 4964 1449 5043 oriente
1492 4962 1710 5032 quidem
1766 4960 1857 5047 ubi
1902 4968 2023 5029 erat

437 5061 614 5116 tribus
656 5057 791 5134 Juda
812 5100 827 5123 ,
857 5075 976 5128 qua:
1003 5067 1122 5125 erat
1160 5058 1301 5113 inter
1334 5064 1561 5137 exteras
1603 5054 1774 5137 prima
1797 5095 1812 5121 ,
1842 5055 2020 5143 Aarqn

437 5160 602 5223 atque
633 5149 729 5225 ﬁlii
759 5146 876 5225 ejus
911 5148 1266 5227 collocantur.
1313 5146 1482 5229 Caath
1523 5160 1654 5203 vero
1695 5153 1750 5207 et
1794 5145 2019 5215 reliqui,

437 5244 529 5314 qui
579 5251 740 5307 erant
773 5241 875 5320 ﬁlii
923 5225 1101 5322 arcam
1143 5225 1700 5322 testamentiDQmini
1744 5230 1925 5301 levare
1969 5238 2020 5321 in

438 5336 797 5413 humeroset
837 5320 1223 5413 tubiscanere
1266 5320 1624 5416 statuuntur:
1671 5334 1746 5390 ita
1787 5341 1849 5401 ut
1895 5347 2021 5413 cuin

436 5420 613 5500 prima
662 5428 792 5505 tuba
848 5425 1197 5505 cecinissent,
1254 5431 1534 5507 moverent
1582 5432 1763 5505 castra
1816 5423 1873 5481 hi
1925 5423 2017 5497 qui

438 5498 601 5583 erant
645 5498 989 5587 ab‘orient'e.
1041 5514 1179 5593 Cum
1227 5498 1359 5573 vero.
1407 5498 1695 5593 cecinisset
1745 5511 2017 5591 secunda,

438 5600 499 5664 hi
538 5609 635 5682 qui
677 5616 836 5679 erant
875 5624 908 5663 a
944 5608 1241 5685 meridiano
1282 5588 1704 5687 consurgerent,
1749 5605 1909 5673 tertia
1950 5588 2020 5687 ab

439 5699 752 5764 occidente,
785 5707 973 5770 quarta
1014 5698 1081 5755 ab
1095 5684 1378 5773 iraquilone.
1411 5688 1573 5761 Vides
1597 5684 2020 5772 quantum'ordo

2126 4780 2250 4835 inde
2296 4787 2635 4834 transeamus
2679 4777 2745 4834 ad
2786 4764 3087 4845 orientem,
3130 4787 3359 4849 ortoque
3402 4779 3557 4837 nobis
3594 4778 3707 4836 sole

2117 4868 2341 4939 iustitiae
2382 4869 2663 4923 veniamus
2704 4867 2772 4923 ad
2811 4856 3092 4925 meridiem
3125 4856 3312 4942 inqua
3346 4858 3705 4945 ctarissimum

2122 4951 2302 5018 lumen
2352 4969 2513 5031 atque
2560 4960 2859 5035 perlectum
2908 4967 3026 5028 est,
3080 4969 3136 5018 et
3179 4970 3291 5019 tam
3340 4963 3408 5020 ab
3453 4962 3707 5034 aquilone

2125 5066 2294 5121 usque
2337 5051 2403 5105 ad
2451 5065 2634 5116 mare,
2681 5065 2842 5127 quam
2886 5049 2953 5106 ab
2998 5052 3210 5120 oriente
3257 5067 3429 5127 usque
3471 5051 3539 5105 ad
3587 5065 3704 5107 me-

2129 5143 2320 5197 ridiem
2367 5141 2553 5213 viginti
2599 5121 2838 5221 quinque
2880 5141 3045 5197 millia
3093 5121 3441 5221 longitudinis
3485 5150 3541 5196 et
3585 5141 3706 5197 lati-

2130 5232 2334 5307 tudinis
2378 5233 2562 5288 decem
2607 5216 2774 5307 millia
2819 5224 2960 5307 sint,
3005 5239 3065 5284 ut
3108 5216 3315 5299 ubiqueT
3347 5218 3534 5307 eadem
3585 5230 3700 5307 lon-

2130 5306 2388 5401 gitudinis
2435 5333 2491 5379 et
2539 5306 3145 5403 latitudinis-mensura
3196 5306 3462 5385 servetur.
3500 5339 3520 5374 ε
3559 5318 3704 5377 San-

2130 5417 2400 5475 ctuarium
2452 5423 2667 5481 autem,
2706 5436 2725 5467 »
2761 5414 2814 5470 id
2865 5418 2949 5469 es‘t
3000 5413 3257 5485 templum
3302 5411 3558 5479 Domini,
3588 5433 3608 5466 ‹
3645 5412 3699 5470 In

2128 5508 2306 5564 medio
2354 5506 2459 5563 erit
2494 5526 2512 5559 ›
2545 5505 2907 5579 primitiarum
2955 5504 3403 5573 sacerdotalium.
3450 5514 3504 5560 et
3549 5520 3706 5576 :equo

2128 5598 2298 5655 latere
2340 5614 2407 5655 ex
2448 5598 2596 5655 omni
2637 5605 2792 5668 parte
2837 5592 3143 5659 vallabitur.
3188 5593 3254 5649 Et
3295 5595 3421 5665 quia
3459 5595 3703 5659 dixerat,

2128 5689 2212 5746 hae
2258 5696 2438 5744 autem
2479 5697 2638 5743 erunt
2678 5682 2928 5755 primitiae
2974 5683 3266 5739 sanctuarii
3316 5688 3698 5745 sacerdotum.
