4028 6196
423 371 561 434 1ὒ⁸15

1061 380 1123 451 n.
1154 379 1417 461 passam
1457 379 1677 436 nsum
1711 380 2028 437 ancmep.
2068 382 2374 442 uocum.
2409 384 2696 444 OPERUM
2739 388 2924 447 PARS
2963 388 3024 445 η.

3543 360 3689 451 1076

418 508 487 550 ne
534 493 807 547 communi
858 494 1112 549 vocabulo
1163 510 1351 549 omnes
1398 494 1707 549 sacerdotes
1756 495 1999 550 vindira-
2028 496 2080 558 Α
2104 507 2160 553 et
2189 498 2443 571 intelligit
2474 518 2532 557 se
2560 517 2590 556 a
2623 503 2946 558 sacerdotali
2979 504 3146 575 gradu
3194 519 3314 561 esse
3351 505 3688 578 disjunctam

412 595 539 645 rent
588 586 696 641 sibi
748 584 905 654 hujus
957 587 1056 642 loci
1108 590 1502 657 possessionem
1556 597 1610 643 et
1648 590 1999 645 cmremonias

415 677 803 741 observandas,
853 677 1004 746 ponit
1052 677 1361 748 specialiter
1388 677 1658 743 inferens,
1692 697 1710 730 ι
1749 679 1999 734 sacerdo-

417 771 558 826 tibus
608 769 976 831 sanctuarium
1024 754 1130 825 erit
1178 769 1244 824 de
1291 770 1415 825 ﬁliis
1465 768 1712 830 Sadoch.
1742 789 1759 821 ι
1794 770 1885 839 qui
1918 770 1999 824 in-

412 868 749 930 terpretatur
784 859 1000 930 justus,
1051 860 1117 915 de
1167 875 1274 929 quo
1326 860 1525 915 dicitur
1559 878 1571 913 :
1605 878 1622 910 ‹
1659 858 1844 914 Justus
1895 860 1999 915 Do-

413 947 593 1004 minus
640 959 694 1002 et
734 946 971 1016 justitias
1013 947 1235 1011 dilexit,
1281 948 1590 1017 aequitatem
1639 947 1771 1001 vidit
1819 947 1997 1003 vultus

411 1039 531 1109 ejus
560 1036 748 1109 (Psal.
781 1056 814 1093 x
836 1038 877 1112 ).
912 1059 929 1089 ι
965 1038 1069 1093 Pro
1095 1055 1202 1109 quo
1234 1037 1442 1105 Sadoch
1472 1038 1827 1108 Septuaginta
1856 1039 1994 1093 scri-

412 1130 551 1188 bunt
595 1130 794 1187 Saduc.
838 1129 956 1199 ipse
1004 1128 1217 1183 Sadoch
1261 1128 1504 1198 loquitur
1553 1129 1604 1182 in
1655 1128 1989 1198 Evangelia:

418 1242 439 1278 ι
470 1221 589 1279 Non
617 1224 760 1278 enim
788 1223 950 1278 Pater
971 1223 1181 1292 judicat
1209 1238 1537 1293 quemquam
1558 1263 1573 1287 ,
1604 1223 1697 1278 sed
1724 1237 1885 1278 omne
1908 1223 1995 1293 ju-

412 1315 612 1370 dicium
642 1312 801 1368 “dedit
839 1313 974 1370 Filio
1007 1312 1205 1384 (Joan.
1242 1314 1334 1383 v).
1369 1334 1387 1365 ι
1421 1314 1491 1368 Ει
1529 1315 1595 1368 de
1636 1315 1737 1369 hoc
1763 1315 1863 1369 sub
1891 1329 1989 1369 no-

412 1404 559 1461 mine
586 1403 891 1458 Salomonis
923 1405 1145 1474 mystice
1175 1404 1441 1474 Propheta
1470 1403 1718 1459 decantat
1746 1423 1758 1457 :
1792 1405 1988 1469 «Deus,

405 1495 668 1568 judicium
691 1508 840 1552 tuum
867 1496 931 1551 da
960 1496 1095 1568 regi,
1118 1504 1172 1551 et
1189 1495 1458 1569 justitiam
1486 1505 1630 1552 tuam
1655 1496 1762 1550 ﬁlio
1788 1498 1982 1567 regis.»

410 1582 491 1638 Illi
534 1592 714 1638 autem
757 1584 1069 1639 sacerdotes
1099 1584 1301 1639 domini
1340 1585 1708 1640 sanctuarium
1750 1585 1989 1655 posside-

410 1674 544 1731 bunt
583 1682 639 1747 et
676 1676 979 1731 custodient
1021 1676 1373 1731 emremonias
1402 1676 1546 1746 ejus,
1580 1678 1671 1748 qui
1703 1696 1807 1733 non
1840 1695 1990 1734 erra-

2100 588 2168 642 ad
2196 588 2577 647 decutiendam
2622 594 2933 663 superbiam
2965 594 3336 652 ministrorum
3359 639 3374 663 ,
3405 599 3497 668 qni
3530 599 3690 671 igno-

2072 748 2083 761 ,η
2101 686 2283 733 rantes
2336 680 2696 736 humilitatem
2750 691 2925 738 status
2971 685 3094 751 sui,
3141 686 3283 740 ultra
3328 690 3680 754 sacerdotes,

2098 765 2201 820 hoc
2238 774 2357 832 est,
2408 771 2775 841 presbyteros
2806 772 3206 838 intumescunt,
3257 782 3312 828 et
3356 775 3680 847 dignitatem

2097 872 2204 911 non
2237 859 2456 923 merito,
2484 861 2577 915 sed
2611 862 2813 918 divitiis
2839 864 3129 919 mstimant.
3160 864 3319 922 Certe
3345 869 3438 939 qui
3470 871 3681 938 primus

2098 944 2263 1001 fuerit
2313 949 2718 1017 ministrorum,
2776 954 2865 1023 qui
2920 969 3016 1023 per
3065 954 3275 1027 singula
3325 958 3686 1016 concionatur

2097 1034 2150 1090 in
2194 1037 2420 1107 p0pulos
2464 1048 2521 1095 et
2562 1056 2592 1094 a
2643 1042 2916 1112 pontiﬁcis
2960 1044 3129 1100 latere
3169 1062 3277 1101 non
3319 1048 3555 1115 recedit,
3587 1052 3679 1105 in-

2086 1124 2288 1194 juriam
2318 1137 2473 1198 putat
2499 1131 2544 1186 si
2587 1134 2870 1204 presbyter
2918 1136 3216 1201 ordinetur,
3246 1146 3303 1192 et
3343 1154 3448 1193 non
3492 1142 3683 1196 memi-

2094 1219 2173 1273 nit
2213 1236 2526 1276 mensarum
2563 1231 2621 1277 et
2657 1223 2938 1279 viduarum
2976 1226 3223 1280 minister
3259 1227 3312 1281 in
3356 1230 3680 1299 obsequium

2093 1323 2172 1375 se,
2200 1318 2255 1365 et
2281 1311 2640 1366 ministerium
2664 1327 2769 1366 non
2799 1312 2969 1368 solum
2998 1315 3339 1370 sacerdotum
3360 1358 3374 1383 ,
3402 1318 3497 1373 sed
3519 1327 3574 1373 et
3595 1320 3678 1374 vi-

2091 1399 2318 1453 duarum
2350 1407 2405 1455 et
2432 1415 2732 1470 pauperum
2761 1402 3083 1474 delegatum.
3117 1423 3136 1456 ι
3169 1405 3239 1460 Et
3267 1422 3373 1460 non
3404 1409 3677 1465 venunda-

2088 1487 2224 1543 bunt
2243 1529 2257 1553 ,
2282 1489 2487 1559 inquit,
2512 1504 2578 1545 ex
2607 1506 2673 1546 eo
2699 1507 2875 1563 neque
2900 1494 3216 1561 mutabunt,
3242 1516 3259 1547 ι
3283 1505 3342 1551 ut
3365 1508 3680 1568 permaneat

2088 1574 2340 1632 Leviticaa
2368 1578 2762 1635 distributionis
2792 1588 2994 1636 aeterna
3021 1584 3293 1654 possessio
3310 1626 3326 1650 ,
3359 1602 3461 1641 nec
3486 1588 3677 1643 vinea--

2089 1673 2180 1719 tur
2204 1667 2380 1737 pretio
2420 1669 2674 1724 meritum
2704 1669 3004 1740 dignitatis,
3032 1687 3133 1727 nec
3156 1674 3224 1728 ab
3252 1674 3358 1729 alio
3386 1675 3678 1732 transiera-

410 1774 609 1822 verunt
644 1782 764 1822 cum
806 1776 1054 1823 errarent
1100 1766 1194 1822 ﬁlii
1237 1767 1397 1822 Israel
1443 1777 1604 1838 atque
1646 1767 1874 1834 Levitae,
1921 1769 1989 1824 de
2088 1770 2210 1810 ωυε
2235 1756 2302 1810 ad
2331 1755 2528 1824 alium:
2572 1758 2699 1829 quia
2744 1774 2865 1829 ‘1“33
2912 1760 3248 1817 sanctiﬁcata
3287 1772 3413 1818 ευιιῑ
3447 1765 3678 1821 Domino

324 1906 329 1911 .
409 1856 607 1927 quibus
660 1857 713 1913 in
765 1860 1130 1929 superioribus
1184 1859 1515 1929 disputatum
1567 1869 1686 1925 est,
1735 1860 1984 1931 qui‘non
2015 1838 2061 1897 Β
2090 1860 2197 1899 ηοη
2238 1854 2363 1901 sum
2397 1862 2585 1903 eorum
2616 1849 2814 1918 quibus
2855 1849 2982 1905 dam
3029 1858 3188 1917 sunt:
3232 1853 3326 1907 sed
3373 1855 3490 1924 eius
3522 1856 3679 1925 cuius

410 1945 645 2002 oﬂ‘erunt
676 1948 966 2020 .victimas,
998 1951 1091 2005 sed
1134 1951 1415 2022 privilegio
1450 1952 1684 2006 nominis
1733 1960 1789 2007 et
1836 1967 1990 2010 erro-

415 2035 491 2090 ris
538 2036 620 2091 sui
666 2037 970 2093 humilitate
1015 2040 1289 2106 contenti,
1339 2056 1554 2111 semper
1598 2041 1891 2111 loquuntur
1932 2044 1986 2098 in

409 2124 574 2180 corde
607 2143 620 2178 :
653 2146 671 2178 ‹
704 2125 1044 2195 [iniquitatem
1091 2142 1265 2183 meam
1313 2145 1412 2200 ego
1458 2146 1723 2201 agnosco,
1767 2141 1821 2187 et
1864 2149 1989 2203 pec-

407 2224 586 2270 catum
632 2232 810 2273 meum
857 2234 1039 2273 coram
1088 2236 1172 2274 me
1214 2230 1295 2274 est
1339 2236 1553 2292 semper
1596 2220 1786 2291 (Psal.
1832 2225 1924 2294 ι).
1961 2242 1979 2275 ι

408 2304 607 2360 Audiat
652 2305 753 2361 hoc
798 2309 1150 2364 sacerdotalis
1194 2310 1396 2379 gradus
1440 2321 1494 2364 et
1534 2311 1748 2367 Arianm
1809 2328 1986 2382 perse-

407 2394 642 2450 cutionis
707 2397 901 2452 ardore
965 2408 1291 2468 superatus,
1338 2415 1401 2454 ac
1441 2416 1579 2454 verm
1628 2409 1812 2470 postea
1860 2401 1984 2457 ﬁdei

404 2500 475 2540 ne
512 2486 707 2556 opibus
755 2497 957 2553 careat,
986 2490 1223 2559 potentia
1278 2489 1410 2544 colla
1468 2491 1806 2552 submittens,
1840 2488 1986 2545 salii-

404 2592 528 2633 cere
578 2578 680 2633 sibi
734 2578 780 2633 si
833 2595 939 2634 non
996 2580 1298 2651 expel'atur
1345 2596 1376 2635 c
1427 2580 1642 2650 templo,
1672 2580 1714 2635 si
1766 2580 1981 2651 pristini

405 2666 641 2723 nominis
687 2670 933 2725 umbram
972 2671 1262 2739 quamdam
1318 2680 1371 2726 et
1422 2671 1709 2743 imaginem
1765 2679 1980 2735 teneat,

403 2765 460 2812 et
502 2772 609 2812 non
660 2759 945 2828 resupinus
1001 2770 1255 2816 eructans
1296 2761 1544 2826 delicias,
1585 2762 1735 2832 quasi
1788 2761 1981 2817 imma-

405 2847 617 2902 culatus
646 2855 700 2902 et
727 2863 894 2918 purus
936 2849 1001 2906 de
1042 2850 1413 2907 excelsissimo
1454 2852 1649 2907 throno
1689 2852 1844 2906 nobis
1884 2852 1984 2906 im-

382 3008 385 3013 ‘
401 2938 610 3009 peritia:
637 2953 747 2994 suae
774 2947 830 2994 et
856 2940 1100 2996 barbara:
1128 2942 1457 3025 garrulitatis
1497 2950 1670 2998 ructet
1702 2958 1979 2998 nauseam.

409 3047 427 3080 ι
458 3028 661 3093 Erunt,
695 3029 904 3099 inquit,
947 3031 1027 3085 eis
1064 3030 1317 3100 primitize
1344 3032 1410 3085 de
1438 3032 1694 3101 primitiis
1740 3040 1927 3099 terrm,
1959 3054 1976 3085 ι

403 3117 508 3172 hoc
549 3126 634 3172 est
678 3118 1075 3184 sacerdotibus,
1121 3129 1175 3172 et
1221 3118 1311 3188 qui
1353 3134 1459 3175 non
1501 3131 1819 3177 erraverunt
1856 3138 1982 3178 cum

2090 1934 2307 1989 nomine
2330 1937 2694 2006 possidentur.
2723 1940 2971 2010 Quinque
2999 1940 3165 1996 millia
3195 1950 3398 2007 autem,
3432 1962 3551 2014 qua:
3579 1963 3674 2002 sn-

2087 2035 2310 2099 persunt
2338 2027 2393 2082 in
2419 2028 2705 2085 latitudine
2731 2045 2830 2100 per
2856 2031 3045 2102 viginti
3082 2032 3319 2103 quinque
3349 2035 3515 2088 millia
3535 2077 3549 2102 ,
3580 2051 3676 2092 su-

2087 2117 2344 2173 bauditur
2368 2119 2738 2191 longitudinis,
2751 2120 2973 2193 profana
3008 2132 3167 2179 erunt
3197 2125 3349 2181 urbis
3382 2135 3439 2181 et
3465 2131 3677 2185 cunctis

2086 2209 2331 2263 habitare
2357 2209 2516 2264 liceat
2535 2210 3087 2283 lsraelitis.omuique
3109 2215 3175 2269 de
3194 2215 3371 2284 plebe,
3397 2231 3501 2272 non
3526 2220 3675 2287 quod

2086 2297 2361 2353 immunda
2392 2300 2502 2353 sint
2543 2309 2636 2355 aut
2662 2302 2865 2371 aliquid
2902 2304 2955 2356 in
2995 2303 3330 2361 habitatione
3368 2314 3526 2362 terrae
3550 2323 3674 2363 sane

2087 2398 2185 2444 cla:
2228 2391 2651 2446 contaminatum
2702 2402 2921 2463 putetur
2961 2405 3016 2450 et
3063 2397 3363 2462 sordidum,
3409 2399 3504 2454 sed
3531 2401 3674 2468 quod

2085 2486 2282 2549 praeter
2305 2482 2611 2537 sacerdotes
2635 2484 2884 2538 omnibus
2906 2484 2959 2538 in
2984 2485 3063 2539 eis
3085 2485 3330 2541 habitare
3351 2490 3670 2557 permissum

2086 2568 2174 2623 sit.
2216 2568 2320 2623 Per
2351 2585 2470 2638 quae
2507 2571 2853 2642 intelligimus
2881 2584 3073 2628 cuncta
3093 2616 3109 2639 ,
3136 2591 3256 2645 qua:
3292 2577 3575 2633 referimus
3603 2580 3671 2634 ad

2086 2672 2310 2723 sensus,
2342 2658 2444 2715 hoc
2469 2668 2572 2726 est,
2602 2661 2669 2716 ad
2695 2663 2941 2731 corporis
2984 2664 3304 2734 voluptates,
3320 2682 3440 2737 quae
3476 2669 3591 2723 visu
3616 2677 3673 2724 et

2086 2751 2293 2817 auditu,
2323 2760 2488 2816 tactu,
2517 2754 2683 2809 odore
2710 2763 2764 2808 et
2787 2770 2978 2825 sapore
3004 2756 3246 2826 capimus
3275 2772 3397 2812 esse
3423 2759 3669 2828 profana,
3698 2804 3711 2811 -

2085 2848 2141 2893 ct
2167 2840 2346 2910 templi
2380 2844 2791 2899 sanctimoniam
2825 2860 2931 2899 non
2958 2843 3178 2910 habere,
3211 2860 3313 2902 nec
3360 2849 3668 2903 sacerdota-

2085 2927 2151 2984 lis
2177 2945 2297 2985 esse
2327 2931 2625 3004 privilegii,
2662 2935 2759 2988 sed
2800 2933 2951 2988 laieae
2988 2936 3229 2990 vilitatis.
3260 2936 3464 2993 Civitas
3488 2948 3665 2995 autem

2081 3012 2189 3077 erit
2214 3022 2267 3076 in
2296 3024 2501 3090 medio,
2536 3025 2603 3082 de
2633 3041 2737 3096 qua
2774 3028 3036 3098 scriptum
3066 3038 3152 3084 est.
3181 3049 3193 3083 :
3232 3048 3252 3081 α
3284 3026 3542 3087 Fluminis
3564 3034 3666 3088 im-

2084 3123 2240 3182 pctus
2264 3112 2500 3169 laetiﬁcat
2524 3116 2797 3171 civitatem
2828 3116 2922 3172 Dei
2951 3118 3121 3189 (Psal.
3149 3118 3294 3190 va).
3318 3140 3337 3171 ι
3366 3121 3434 3175 Et
3459 3141 3472 3176 :
3502 3142 3522 3173 ε
3546 3121 3665 3177 Non

400 3215 651 3263 errarent
695 3207 789 3262 ﬁlii
835 3207 998 3263 lsrael
1044 3218 1099 3264 et
1139 3208 1354 3264 Levitae.
1397 3209 1653 3266 Primitiae
1691 3220 1868 3268 autem
1917 3215 1984 3270 de
2011 3205 2055 3266 Ο
2086 3213 2266 3275 potest
2288 3206 2479 3262 civitas
2508 3206 2765 3263 abscondi
2797 3223 2960 3278 super
2983 3220 3219 3264 montem
3245 3212 3416 3281 posita
3449 3211 3661 3282 (Bauli.

403 3297 690 3368 primitiis,
738 3298 881 3354 sicut
927 3299 1258 3355 decimarum
1312 3302 1568 3367 decimae,
1622 3313 1978 3377 sanctumque

400 3395 711 3442 sanctorum
750 3388 904 3458 juxta
953 3390 1240 3445 terminum
1286 3390 1614 3458 Levitarum,
1644 3402 1703 3448 ut
1746 3395 1979 3452 habeant

398 3478 614 3550 quidem
658 3477 865 3535 Levitae
905 3480 1137 3537 conﬁnia
1188 3470 1565 3549 sacerdotum,
1618 3486 1711 3541 sed
1764 3487 1979 3543 umbili-

397 3582 553 3635 cum,
597 3569 648 3624 id
694 3578 778 3625 est
826 3571 1060 3628 medium
1099 3570 1235 3641 ejus,
1273 3582 1328 3628 et
1372 3574 1541 3645 ipsam
1581 3577 1976 3646 possessionem

398 3665 587 3715 tenere
629 3676 735 3716 non
782 3660 1017 3717 valeant.

476 3777 497 3811 ε
535 3758 644 3814 Sed
690 3767 746 3815 et
787 3759 988 3816 Levitis
1037 3761 1284 3817 similiter
1327 3759 1483 3830 juxta
1539 3762 1673 3819 ﬁnes
1728 3766 1978 3823 sacerdo-

401 3863 425 3899 ι
461 3853 578 3902 tum
628 3847 819 3918 viginti
872 3857 930 3903 et
975 3849 1211 3920 quinque
1262 3851 1427 3906 millia
1481 3850 1865 3923 longitudinis,
1921 3864 1978 3911 et

404 3955 424 3988 ι
463 3937 763 3992 latitudinis
816 3937 1002 3993 decem
1055 3939 1243 3994 millia.
1296 3938 1485 3997 Omnis
1537 3942 1813 4014 longitudo
1867 3960 1975 3999 xxv

403 4045 421 4076 ι
460 4025 719 4089 millium,
761 4033 816 4081 et
853 4025 1081 4083 latitudo
1120 4030 1305 4084 decem
1345 4032 1596 4087 millium.
1639 4033 1705 4088 Et
1750 4051 1856 4089 non
1883 4051 1976 4091 ve-

382 4135 419 4175 ,σ
458 4113 776 4170 nundabunt
830 4131 897 4171 ex
949 4130 1015 4170 eo
1058 4133 1233 4187 neque
1285 4122 1570 4176 mutabunt
1617 4139 1715 4179 nec
1766 4127 1972 4181 tranfe-

402 4214 647 4265 crentur
702 4207 956 4280 primitia:
1011 4217 1200 4276 terrae,
1260 4214 1387 4281 quia
1447 4215 1796 4273 sanctiﬁcata
1851 4228 1977 4273 sunt

400 4317 420 4347 ι
459 4296 696 4355 domino.
741 4298 987 4370 Quinque
1049 4300 1214 4355 millia
1273 4308 1486 4366 autem,
1527 4319 1647 4373 quae
1689 4316 1977 4376 supersunt

403 4404 422 4437 ι
461 4386 515 4443 in
564 4387 847 4443 latitudine
888 4402 987 4458 per
1030 4388 1220 4459 viginti
1262 4390 1498 4459 quinque
1537 4391 1703 4446 millia
1752 4392 1973 4463 profana

400 4495 422 4529 ι
456 4485 620 4532 erunt
656 4476 807 4532 urbis
856 4476 1283 4553 inhabitaculum
1323 4487 1379 4534 et
1426 4481 1479 4535 in
1525 4481 1854 4538 suburbana.
1907 4482 1975 4537 Et

2083 3294 2161 3367 v),
2189 3315 2206 3347 ι
2233 3296 2298 3351 de
2321 3311 2426 3366 qua
2448 3297 2691 3352 dicemus
2714 3298 2766 3352 in
2789 3302 3264 3370 consequentibus,
3286 3306 3658 3378 Προτείχρσμα.

2083 3384 2186 3441 Ιιοο
2230 3394 2342 3453 est,
2387 3388 2742 3453 antemurale,
2776 3397 2830 3444 et
2875 3389 3161 3454 Διάστημα,
3194 3392 3245 3446 id
3282 3402 3403 3459 est,
3434 3395 3664 3463 spatium

2081 3478 2224 3546 quod
2262 3477 2610 3549 Septuaginta
2643 3494 2741 3548 pro
2781 3481 3096 3536 suburbanis
3139 3482 3478 3552 interpretati
3518 3490 3660 3548 sunt,

2080 3580 2238 3637 quem
2268 3580 2487 3621 sensum
2516 3567 2568 3622 in
2596 3567 2699 3624 hoc
2727 3568 2845 3623 loco
2867 3568 3102 3625 habeant
3128 3571 3456 3641 ignoramus.
3550 3620 3559 3629 .

2156 3674 2173 3706 ‹
2212 3655 2279 3711 Et
2314 3657 2395 3712 ha:
2422 3672 2689 3712 mensurae
2720 3659 2835 3727 ejus
2867 3674 2880 3710 :
2909 3658 2990 3712 Ad
3025 3659 3235 3730 plagam
3272 3661 3664 3730 septentriona-

2085 3739 2104 3798 ὸ
2142 3746 2246 3801 lem
2275 3749 2567 3819 quingenta
2596 3759 2651 3805 et
2672 3759 2906 3820 quatuor
2935 3750 3123 3815 millia,
3148 3759 3202 3806 et
3221 3752 3289 3807 ad
3312 3753 3522 3825 plagam
3552 3769 3666 3809 me-

2084 3856 2101 3890 t
2144 3838 2406 3895 ridianam
2431 3840 2721 3911 quingenta
2745 3850 2800 3896 et
2822 3850 3054 3912 quatuor
3080 3841 3245 3897 millia
3270 3852 3324 3896 et
3355 3844 3423 3896 ad
3451 3843 3660 3913 plagam

2083 3949 2101 3981 ι
2138 3930 2457 3986 orientalem
2485 3931 2779 4002 quingenta
2807 3939 2862 3987 et
2896 3940 3128 4001 quatuor
3156 3933 3351 3997 millia,
3374 3942 3431 3987 et
3454 3934 3520 3988 ad
3547 3934 3664 4004 pla-

2084 4037 2102 4070 σ
2141 4036 2262 4091 gain
2297 4020 2683 4077 occidentalem
2724 4023 3015 4091 quingenta
3054 4030 3109 4078 et
3146 4032 3377 4092 quatuor
3411 4023 3596 4078 millia.
3633 4044 3655 4077 ι

2077 4111 2230 4180 Quod
2258 4113 2390 4167 dicit
2418 4130 2434 4168 :
2469 4132 2487 4165 ι
2524 4112 2593 4167 Et
2613 4113 2697 4167 ha:
2723 4128 2990 4171 mensurae
3014 4113 3150 4184 ejus,
3187 4134 3205 4165 ι
3233 4113 3658 4169 subaudiendum

2076 4209 2161 4256 est
2188 4201 2442 4257 civitatis.
2475 4201 2533 4255 in
2565 4201 2671 4256 ﬁne
2697 4203 2841 4256 enim
2875 4202 3132 4272 praeteriti
3170 4202 3388 4272 capituli
3428 4203 3657 4271 positum

2076 4298 2215 4355 est,_«
2244 4298 2299 4345 et
2324 4292 2427 4345 erit
2455 4290 2646 4346 civitas
2672 4291 2725 4344 in
2756 4291 2933 4346 medio
2962 4288 3097 4359 ejus,
3125 4291 3178 4346 id
3203 4300 3305 4357 est,
3328 4300 3508 4347 terrae.
3536 4289 3657 4345 Pri-

2077 4396 2331 4450 mumque
2378 4396 2410 4435 a
2450 4380 2605 4452 plaga
2645 4381 3048 4451 septentrionali
3079 4381 3289 4451 incipit,
3310 4390 3366 4437 et
3387 4397 3419 4436 e
3440 4383 3660 4453 regione

2076 4470 2230 4538 ponit
2272 4469 2485 4539 plagam
2537 4470 2912 4525 meridianam.
2952 4469 3296 4541 Rursumque
3338 4487 3440 4542 par
3487 4472 3661 4529 reddit

401 4584 421 4618 ‹
459 4567 563 4621 erit
600 4567 791 4622 civitas
829 4567 883 4623 in
921 4568 1097 4625 medio
1141 4570 1277 4640 ejus.
1315 4588 1333 4622 ›
1368 4570 1522 4639 Quod
1567 4587 1667 4628 nos
1713 4572 1976 4628 vertimus

2082 4562 2193 4631 pari
2223 4568 2282 4616 ut
2307 4560 2557 4619 orientali
2586 4561 2754 4634 plagm
2779 4577 2810 4617 e
2847 4563 3123 4619 contrario
3156 4571 3320 4634 ponat
3353 4565 3661 4620 occidenta-

397 4654 455 4709 in
504 4656 822 4726 profanum,
872 4673 972 4727 pro
1019 4674 1127 4728 quo
1174 4659 1369 4731 Aquila
1421 4662 1668 4732 βέϐηλον,
1728 4662 1975 4734 Symma-

396 4742 606 4799 chuset
644 4742 943 4802 Theodotio
976 4745 1140 4802 λαῐκὸν
1183 4748 1596 4815 transtulerunt,
1624 4750 1972 4823 Septuaginta

343 4886 349 4892 .
393 4836 584 4890 dixere
618 4839 1001 4909 προτείχισμα,
1045 4836 1187 4908 quod
1229 4838 1554 4893 anteumrale
1581 4856 1866 4909 possumus
1895 4843 1973 4896 di-

396 4939 544 4981 cere.
598 4922 889 4979 Prol'anum
942 4935 1121 4981 autem
1173 4936 1300 4991 est,
1351 4934 1407 4981 et
1457 4927 1689 4993 laicum,
1744 4930 1795 4986 id
1845 4939 1967 4997 est,

396 5020 652 5091 vulgare,
696 5016 840 5089 quod
880 5018 1024 5073 omni
1070 5018 1266 5089 populo
1312 5020 1557 5076 habitare
1595 5024 1797 5092 passim
1821 5023 1967 5079 licet.

397 5102 529 5164 Illud
555 5117 757 5174 autem,
780 5107 925 5180 quod
950 5107 1202 5165 dixerunt
1221 5108 1389 5177 LXX,
1417 5126 1519 5168 nec
1546 5114 1969 5180 mensurabitur,

395 5214 498 5258 nec
526 5201 826 5267 auferetur,
859 5217 959 5277 prp
987 5215 1053 5258 eo
1097 5202 1241 5272 quod
1279 5217 1381 5258 nos
1419 5202 1656 5260 diximus
1675 5245 1691 5270 ,
1722 5221 1829 5260 non
1860 5222 1974 5261 mu-

396 5294 603 5351 tabitur
640 5308 817 5365 neque
850 5290 1207 5349 transferetur
1234 5306 1450 5347 sensum
1484 5309 1588 5348 non
1620 5294 1821 5349 habere
1849 5309 1971 5364 per-

393 5383 640 5454 spicuum
672 5393 777 5440 est.
809 5382 1145 5439 Describitur
1171 5396 1384 5454 quoque
1413 5381 1721 5438 Levitarum
1754 5398 1966 5452 posses-

391 5478 473 5530 sio
493 5513 510 5541 ,
542 5489 664 5546 qua:
693 5475 868 5531 vicina
897 5472 1115 5545 quidem
1154 5481 1240 5528 est
1268 5470 1465 5528 ﬁnibus
1497 5474 1868 5549 sacerdotum,
1913 5481 1969 5529 et

392 5567 583 5623 eadem
613 5567 777 5624 habet
806 5567 979 5638 spatia
1008 5568 1063 5622 in
1094 5564 1458 5638 longitudine,
1503 5574 1556 5621 et
1600 5566 1652 5620 in
1684 5565 1967 5625 latitudine

394 5671 494 5724 pro
551 5657 889 5713 multitudine
933 5656 1276 5723 Levitarum,
1330 5672 1451 5725 quae
1505 5656 1668 5711 habet
1719 5658 1965 5728 paucitas

397 5747 773 5803 sacerdotum.
827 5750 920 5802 sed
972 5757 1147 5802 tamen
1195 5747 1426 5817 propriis
1471 5747 1637 5801 utitur
1683 5749 1956 5815 terminis,

2077 4649 2181 4708 lem
2201 4692 2216 4714 .
2246 4651 2299 4706 id
2318 4660 2399 4707 est
2429 4666 2597 4707 mare.
2631 4649 2959 4723 Singulaque
2998 4651 3167 4708 latera
3200 4654 3438 4708 civitatis
3461 4654 3659 4709 habent

2052 4746 2308 4815 'quatuor
2348 4743 2513 4798 millia
2554 4752 2610 4798 et
2655 4743 2979 4813 quingentos
3018 4744 3289 4811 calamos,
3324 4744 3417 4814 qui
3454 4742 3658 4801 faciunt

2076 4834 2351 4904 supputati
2382 4833 2632 4890 undecim
2660 4833 2824 4888 millia
2855 4850 3110 4904 passuum
3131 4842 3186 4890 et
3207 4836 3482 4905 octoginta
3504 4836 3657 4905 quin-

2073 4939 2196 4994 que,
2226 4932 2283 4978 ut
2312 4923 2471 4979 simul
2491 4924 2666 4979 omnis
2691 4925 2840 4989 urbs,
2868 4925 3009 4981 sicut
3033 4926 3087 4980 in
3109 4925 3215 4980 ﬁne
3240 4922 3401 4994 hujus
3425 4926 3655 4981 volumi-

2073 5015 2158 5069 nis
2200 5014 2487 5078 seribitur,
2516 5030 2614 5085 per
2651 5014 2937 5071 circuitum
2978 5015 3177 5071 habeat
3215 5017 3401 5072 decem
3443 5024 3499 5072 et
3535 5025 3654 5072 octo

2073 5104 2239 5159 millia
2277 5104 2640 5171 calamorum,
2666 5104 2759 5175 qui
2796 5103 3003 5161 faciunt
3031 5105 3387 5178 quadraginta
3425 5115 3654 5177 quatuor

2073 5196 2239 5253 millia
2277 5211 2537 5268 passuum
2571 5205 2627 5254 et
2666 5206 2938 5255 trecentos
2975 5197 3353 5269 quadraginta.
3401 5197 3556 5254 Unde
3600 5206 3653 5250 et

2073 5276 2520 5361 quadragesimus
2562 5298 2790 5362 quartus
2824 5292 3094 5364 psalmus,
3135 5292 3228 5362 qui
3276 5290 3593 5347 inscribitur
3634 5304 3648 5342 :

2076 5401 2095 5433 ‹
2129 5380 2187 5436 ln
2216 5380 2409 5448 ﬁnem,
2436 5397 2536 5452 pro
2574 5381 2659 5438 bis
2699 5382 2789 5453 qui
2828 5382 3304 5439 commutabantnr
3339 5398 3353 5434 :
3395 5398 3415 5434 ι
3453 5387 3504 5435 et
3533 5392 3650 5449 per-

2071 5475 2203 5529 tinet
2226 5475 2294 5530 ad
2323 5473 2501 5540 Idida,
2539 5475 2594 5531 id
2620 5486 2737 5541 est,
2775 5475 2843 5531 ad
2872 5475 3159 5531 amabilem
3182 5474 3394 5532 Domini
3412 5514 3430 5540 ,
3458 5474 3573 5530 sive
3592 5477 3666 5549 ut,

2069 5566 2455 5638 interpretatus
2493 5575 2576 5624 est
2614 5566 2806 5638 Aquila
2844 5584 2940 5638 pro
2987 5567 3133 5622 ﬁliis.
3187 5565 3645 5638 Symmacbnsqne

2067 5677 2160 5731 pro
2184 5660 2403 5730 ﬂoribus
2424 5701 2438 5727 ,
2471 5659 2757 5726 Ecclesiae,
2792 5675 2912 5729 quae
2946 5660 3076 5715 urbs
3113 5658 3324 5714 Domini
3352 5652 3645 5719 est,eonti-

2069 5759 2161 5806 net
2190 5760 2528 5809 sacramenta
2561 5765 2575 5806 :
2605 5751 2671 5809 de
2696 5766 2801 5822 qua
2824 5750 3077 5808 scribitur
3101 5750 3155 5806 in
3185 5749 3373 5805 eodem
3396 5744 3637 5825 psalmo:
