4028 6196
463 230 597 286 1077

1416 225 1764 322 ΕΟΜΜΕΝΧΤ.
1806 226 1872 280 L‘l
1914 224 2367 281 EZECIIIELEM.
2410 259 2479 268 ν-
2516 227 2642 283 LIB.
2687 228 2801 284 XX.

3567 228 3704 285 {073

462 361 482 395 ι
514 343 695 398 Astitit
722 343 900 414 regina
926 358 954 397 a
983 342 1188 398 dextris
1212 343 1316 398 luis
1346 344 1398 398 in
1424 344 1616 399 vestitu
1645 345 1904 398 deaurato
1922 342 2030 397 cir—
2058 343 2105 401 A
2133 354 2190 399 ut
2213 344 2388 399 nullus
2417 360 2475 399 se
2503 345 2570 399 ab
2598 360 2758 415 opere
2802 345 3036 401 civitatis
3075 347 3364 400 immunem
3406 352 3576 415 putet,
3611 348 3705 401 sed

455 431 703 486 cumdata
736 431 1013 486 varietate.
1047 451 1066 484 ›
1100 432 1164 485 Et
1186 432 1379 487 iterum
1412 451 1424 486 :
1463 452 1481 483 ι
1507 433 1692 487 Omnis
1717 432 1884 503 gloria
1910 431 2031 485 filiae

435 519 599 591 regis
626 518 981 588 intrinsecus,
1014 541 1032 573 ι
1063 530 1122 575 ut
1150 517 1254 576 non
1284 522 1353 577 sit
1393 523 1584 577 similis
1611 521 1911 593 sepulchris
1945 519 2027 576 fo-

454 609 701 664 rinsecus
729 608 1020 675 dealbatis,
1052 611 1145 666 sed
1169 619 1223 664 et
1251 611 1394 665 intus
1418 620 1473 666 et
1502 610 1634 666 foris
1672 612 1850 665 omnia
1890 610 2031 666 lavet

454 700 775 769 paropsidis.
806 698 1048 770 Cumque
1085 701 1465 756 recesserimus
1495 703 1562 756 ab
1591 702 1838 771 aquilone
1868 714 2029 757 vento

457 787 832 860 frigidissimo,
862 790 1153 845 transimus
1182 791 1249 845 ad
1279 792 1556 847 meridiem
1578 832 1593 857 ,
1623 800 1680 846 et
1706 800 1828 861 post
1850 801 2027 846 ortum

456 878 511 933 in
542 877 703 945 nobis
724 879 901 934 lumen
931 879 1168 934 scientia:
1215 895 1466 935 occasum
1511 880 1878 935 fortitudinum
1921 880 2028 936 for-

454 968 754 1033 midamus,
802 983 1141 1039 nequaquam
1186 971 1488 1041 prmterita,
1540 971 1635 1026 sed
1672 970 1848 1025 futura
1899 986 2028 1027 con-

453 1058 788 1125 siderantes,
827 1075 926 1114 nec
966 1060 1222 1114 habentes
1256 1072 1458 1116 certam
1482 1061 1701 1116 virtutis
1732 1062 2026 1132 possessio—

453 1163 601 1213 nem,
628 1149 721 1203 sed
741 1149 980 1219 quotidie
1004 1150 1057 1205 in
1086 1151 1328 1206 oratione
1352 1152 1592 1208 dicentes
1616 1170 1635 1206 τ
1661 1170 1679 1203 ι
1706 1153 1784 1208 Ne
1804 1153 2027 1209 inducas

453 1252 552 1293 nos
576 1237 629 1293 in
661 1239 1038 1304 tentationem,
1071 1260 1091 1292 ι
1126 1255 1288 1310 quam
1314 1239 1457 1296 ferre
1487 1258 1593 1296 non
1622 1243 1913 1312 possimus.

530 1347 550 1380 ε
582 1326 763 1383 Erunt
792 1339 971 1384 autem
1002 1330 1307 1388 suburbana
1348 1333 1583 1388 civitatis
1617 1334 1684 1388 ad
1722 1334 2024 1404 aquilonem

459 1435 478 1470 ι
525 1418 739 1472 ducenti
756 1418 1162 1490 quinquaginta,
1181 1432 1234 1476 ct
1254 1421 1320 1475 ad
1341 1422 1620 1478 meridiem
1637 1424 1851 1478 ducenti
1870 1425 2026 1493 quin-

459 1526 477 1558 ι
524 1507 799 1578 quaginta,
829 1517 883 1563 et
916 1509 981 1563 ad
1010 1508 1272 1565 orientem
1309 1511 1519 1567 ducenti
1561 1513 1943 1584 quinquaginta
1972 1524 2027 1570 et

459 1613 480 1647 ι
522 1596 601 1655 ad,
625 1612 773 1651 mare
810 1598 1023 1653 ducenti
1059 1602 1463 1673 quinquaginta.
1501 1624 1519 1657 ι
1551 1603 1656 1660 Pro
1692 1606 2022 1672 suburbanis,

452 1704 573 1760 quae
599 1688 862 1745 Hebraice
889 1691 1139 1748 dicuntur
1168 1711 1396 1766 magras,
1429 1712 1640 1752 rursum
1672 1698 2023 1772 Septuaginta

452 1780 738 1853 Διάστημα,
762 1781 814 1837 id
835 1790 918 1837 est
937 1784 1191 1852 spatium,
1223 1787 1631 1844 transtulerunt.
1649 1790 1799 1856 Quod
1828 1793 2025 1848 dicitur

451 1870 666 1927 ducenti
692 1873 1075 1946 quinquaginta
1096 1891 1192 1946 per
1217 1877 1457 1949 singulas
1478 1880 1682 1951 plagas,
1707 1884 2025 1939 subauditur

450 1962 666 2029 calami,
713 1965 804 2034 qui
848 1980 976 2022 sena
1021 1968 1201 2023 cubita
1231 1969 1430 2025 habent
1459 1978 1513 2026 et
1541 1988 1703 2027 unum
1742 1973 2020 2043 palmum:

449 2062 503 2108 et
529 2068 624 2123 per
650 2055 856 2125 singula
881 2056 1047 2113 latera
1079 2057 1284 2115 faciunt
1307 2075 1497 2130 passus
1527 2072 1811 2119 sexcentos
1837 2065 2024 2120 decem

447 2151 506 2198 et
532 2154 734 2214 septem
761 2145 1121 2215 paulominus,
1145 2158 1201 2204 et
1227 2150 1282 2205 in
1305 2166 1590 2208 commune
1615 2154 1760 2210 mille
1785 2155 2025 2210 calamos

448 2231 711 2289 habentes
740 2250 932 2305 passus
958 2235 1064 2291 duo
1089 2239 1252 2295 millia
1286 2242 1707 2313 quadringentos
1741 2247 2021 2317 sexaginta

448 2333 590 2390 octo,
614 2340 733 2395 qua:
759 2328 930 2398 spatia
970 2345 1152 2385 muros
1175 2346 1273 2401 per
1292 2332 1576 2388 circuitum
1609 2336 1854 2391 ambiunt
1886 2338 2024 2392 civi-

452 2416 596 2481 tatis,
622 2425 680 2471 ut
702 2417 842 2473 inter
862 2420 1047 2475 urbem
1072 2428 1127 2475 et
1146 2436 1208 2476 ea
1227 2438 1346 2493 quae
1378 2423 1582 2493 reliqua
1612 2433 1735 2479 sunt
1761 2426 2022 2482 dividant.

449 2509 526 2566 Ex
549 2526 657 2581 quo
687 2513 990 2566 ostenditur
1018 2513 1223 2568 nullum
1256 2514 1322 2569 de
1348 2516 1434 2571 his
1460 2517 1647 2587 spatiis
1672 2517 1740 2571 ad
1768 2533 2024 2574 exercen-

447 2599 576 2654 dum
596 2615 756 2670 opera
779 2601 1014 2656 civitatis
1036 2602 1524 2673 capiendorumque
1539 2604 1807 2660 fructuum
1823 2607 2023 2662 habere

446 2688 744 2754 licentiam,
776 2692 868 2746 sed
895 2705 1088 2746 vacare
1125 2694 1193 2749 ab
1222 2709 1321 2749 usu
1361 2703 1414 2748 et
1441 2709 1604 2764 opere
1637 2697 1934 2763 hominum,
1962 2706 2022 2753 ut

445 2779 651 2833 circum
668 2780 895 2834 muralia
915 2781 1065 2836 urbis
1089 2791 1277 2853 sponte
1304 2785 1640 2840 nascentium
1668 2785 2021 2857 virgultorum

444 2877 608 2939 atque
653 2870 942 2926 herbarum
991 2881 1046 2928 et
1092 2882 1432 2942 cancrorum,
1480 2892 1600 2947 qua:
1645 2885 1790 2931 terra
1830 2879 2021 2950 gignit,

352 3014 355 3019 λ
447 2957 685 3014 habeant
709 2960 1098 3016 ammaitatem.
1894 2986 1905 2993 κ

522 3065 544 3102 ι
587 3047 739 3116 Quod
776 3058 956 3106 autem
1004 3051 1269 3123 reliquum
1305 3053 1469 3110 fuerit
1500 3056 1552 3109 in
1581 3055 1912 3126 longitudine
1939 3073 2026 3114 se-

454 3154 474 3188 ι
521 3137 752 3193 cundum
772 3138 1036 3208 primitias
1051 3142 1344 3196 sanctuarii
1368 3142 1551 3197 decem
1575 3143 1739 3198 millia
1772 3144 1825 3198 in
1848 3146 2025 3200 orien-

452 3246 474 3282 ι
522 3238 649 3295 tem,
694 3239 751 3284 et
791 3230 976 3286 decem
1017 3232 1183 3286 millia
1222 3233 1277 3287 in
1315 3233 1651 3288 occidentem
1691 3242 1852 3288 erunt
1884 3235 2025 3289 sicut

452 3336 474 3369 ‹
519 3318 766 3388 primitiae
799 3321 1090 3376 sanctuarii
1118 3331 1172 3378 et
1212 3333 1370 3379 erunt
1400 3322 1581 3395 fruges
1606 3324 1720 3392 ejus
1760 3325 1815 3379 in
1842 3325 2024 3380 cibum

455 3428 474 3457 ι
523 3409 604 3463 vel
630 3409 683 3463 in
709 3424 876 3480 panes
905 3411 1007 3477 his,
1035 3411 1126 3481 qui
1164 3413 1405 3467 serviunt
1436 3413 1521 3468 vel
1565 3421 1859 3483 operantur
1898 3414 2026 3468 civi-

454 3515 481 3565 ι⁵
522 3498 636 3552 tati.
670 3497 980 3556 Servientes
1020 3509 1198 3558 autem
1232 3503 1315 3558 vel
1337 3512 1623 3572 Operantcs
1661 3505 1863 3559 civitati
1910 3520 2026 3561 ser-

454 3605 474 3637 ‹
522 3586 666 3643 vient
689 3589 801 3643 sive
822 3590 1186 3659 operabuntur
1210 3605 1275 3646 ex
1302 3593 1551 3648 omnibus
1573 3593 1818 3648 tribubus
1835 3592 2021 3649 Israel.

455 3694 474 3728 ι
521 3675 720 3733 Omnes
743 3678 994 3749 primitiae
1029 3680 1212 3751 viginti
1253 3681 1490 3751 quinque
1533 3681 1776 3747 millium,
1806 3697 1905 3753 per
1946 3683 2025 3737 vi-

456 3786 478 3820 ι
525 3769 656 3839 ginti
688 3770 924 3839 quinque
950 3770 1115 3824 millia
1144 3770 1200 3826 in
1232 3773 1518 3843 quadrum,
1549 3773 1944 3841 separabuntur
1969 3771 2024 3827 in

455 3879 476 3913 ι
519 3861 786 3931 primitias
808 3862 1098 3917 sanctuarii
1118 3871 1173 3918 et
1194 3864 1589 3934 possessionem
1605 3863 1855 3919 civitatis.
1870 3862 2025 3918 :Post

451 3952 603 4009 urbis
631 3960 832 4007 sancta:
861 3952 1277 4022 descriptionem
1305 3962 1360 4008 et
1388 3955 1689 4009 suburbana
1718 3953 1865 4023 ejus,
1896 3955 2026 4010 reli-

450 4057 613 4113 quam
657 4050 864 4113 partem
910 4042 1267 4113 primitiarum
1307 4044 1601 4098 sanctuarii
1638 4044 1823 4099 decem
1856 4044 2025 4100 millia

454 4136 785 4191 calamorum
809 4135 863 4189 in
890 4135 1176 4200 orientem,
1199 4141 1253 4189 et
1267 4135 1371 4189 alia
1387 4135 1570 4191 decem
1597 4135 1762 4190 millia
1790 4135 1856 4189 ad
1879 4137 2026 4192 occi-

455 4228 668 4284 dentem
690 4227 1019 4283 tendentium
1044 4227 1277 4298 delegari
1304 4228 1416 4283 vult
1444 4228 1551 4291 his,
1575 4229 1667 4298 qui
1709 4243 1872 4299 opera
1893 4230 2024 4285 civi-

456 4321 586 4376 tatis
610 4326 864 4375 exereent
892 4318 959 4373 ad
994 4321 1174 4374 varios
1195 4335 1348 4384 usus,
1375 4329 1429 4374 et
1457 4320 1865 4390 quibuscunque
1892 4322 2022 4405 urbs

456 4413 678 4484 indiget,
718 4420 779 4465 ut
820 4409 1025 4467 scilicet
1051 4418 1321 4475 serantur,
1353 4419 1407 4466 et
1431 4426 1498 4466 ex
1533 4410 1794 4483 frugibus,
1825 4428 1944 4482 qua:
1968 4414 2024 4470 in

456 4501 561 4559 hoc
598 4511 757 4557 terra:
791 4509 1084 4557 nascuntur
1121 4500 1316 4570 spatio,
1339 4512 1626 4557 vescantur
1652 4504 1909 4572 operarii,
1931 4505 2026 4575 qui

454 4593 542 4649 vel
567 4594 764 4649 mmnia
784 4593 933 4647 urbis
958 4599 1261 4656 exstruunt,
1299 4591 1382 4645 vel
1403 4592 1701 4662 interrupta
1729 4601 1785 4647 et
1810 4594 2026 4651 ruinosa

458 4686 769 4749 restituunt,
798 4691 858 4738 ut
881 4683 1075 4737 habeat
1110 4680 1300 4736 civitas
1342 4679 1542 4734 cultum
1579 4696 1755 4747 suum,
1795 4690 1846 4738 et
1879 4692 2024 4740 sarta

456 4786 599 4835 tecta
625 4791 746 4832 cum
776 4774 1079 4846 peposcerit
1097 4771 1391 4827 necessitas
1418 4772 1802 4827 instaurentur.
1834 4774 1901 4828 Et
1923 4775 2026 4830 hoc

455 4885 566 4926 non
590 4868 762 4924 solum
791 4868 842 4922 in
872 4865 1052 4930 lsrael,
1081 4864 1162 4921 vel
1188 4865 1243 4919 in
1274 4865 1615 4935 possessione
1643 4874 1801 4921 terrae
1827 4877 2025 4924 sanctae

458 4960 769 5033 spiritaliter
792 4958 1043 5014 Ecclesiae
1073 4957 1327 5028 mysterio
1348 4956 1675 5022 continetur,
1704 4958 1798 5013 sed
1828 4958 1883 5011 in
1920 4958 2028 5014 lio-

457 5064 618 5108 mano
652 5063 865 5120 quoque
911 5047 1028 5104 ﬁeri
1074 5047 1364 5117 probamus
1409 5047 1653 5116 imperio,
1691 5058 1749 5102 ut
1782 5048 2028 5118 quaedam

456 5143 595 5198 villm
627 5141 735 5196 sint
761 5140 1093 5211 pertinentes
1120 5138 1184 5193 ad
1227 5138 1340 5208 jura
1369 5138 1583 5192 urbium
1616 5138 1699 5192 vel
1728 5140 1874 5209 regia
1915 5155 2030 5193 mu-

456 5230 732 5287 nificentia
776 5228 859 5283 vel
894 5228 1293 5284 hereditatibus
1326 5236 1382 5283 et
1417 5228 1558 5282 dono
1597 5227 1885 5282 multorum
1916 5246 1928 5281 :
1961 5243 2030 5284 ne

456 5322 663 5380 scilicet
689 5320 912 5375 aedificia
949 5318 1217 5389 paulatim
1250 5317 1607 5383 collabantur,
1653 5325 1707 5371 et
1749 5319 1892 5374 aedes
1931 5334 2028 5388 pu-

456 5411 629 5475 blicae,
660 5424 778 5480 quae
808 5394 1126 5463 ornamento
1165 5412 1288 5461 sunt
1327 5406 1551 5470 civitati,
1584 5405 1740 5476 longa
1766 5415 2029 5460 vexentur

456 5501 683 5557 incuria.
717 5497 959 5569 Operm-ii
987 5506 1183 5559 autem,
1208 5496 1404 5565 inquit,
1443 5495 1557 5550 sive
1583 5495 1675 5565 qui
1696 5495 1937 5550 serviunt
1971 5495 2025 5550 in

455 5590 706 5663 operibus
746 5588 1001 5652 civitatis,
1030 5596 1178 5647 erunt
1208 5602 1271 5640 ea:
1300 5584 1537 5638 omnibus
1567 5584 1802 5639 tribubus
1831 5582 2023 5649 Israel,

2051 4367 2103 4426 D

2132 449 2320 489 omnes
2349 434 2597 489 certatim
2633 441 2913 490 exstruant
2935 434 3249 499 Ecclesiam,
3280 433 3421 505 quod
3452 435 3504 488 in
3525 435 3707 491 taber-

2096 542 2101 547 '
2132 525 2325 580 naculo
2350 540 2561 594 quoque
2594 523 2791 580 factum
2820 525 3068 597 legimus,
3106 532 3168 579 ut
3200 540 3298 595 pro
3332 525 3593 579 varietate
3621 525 3707 581 vi-

2129 613 2295 679 rium,
2324 614 2460 668 alius
2492 630 2700 676 aurum,
2736 621 2791 668 et
2817 614 3623 684 argentum,coccum,hyssum.
3650 619 3709 667 et

2127 719 2458 775 purpuram,
2506 705 2764 774 variaque
2813 713 2867 758 et
2916 704 3125 759 diversa
3181 703 3554 771 subtegmina,
3613 703 3709 758 alii

2128 794 2315 867 pelles,
2359 803 2414 850 et
2464 810 2747 865 caprarum
2801 793 3032 848 olferunt
3076 793 3232 863 pilus.
3276 792 3343 847 Et
3371 807 3495 847 cum
3521 800 3706 848 essent

2128 887 2265 941 dona
2294 885 2504 941 diversa
2543 899 2642 954 pro
2678 884 2939 953 qualitate
2964 884 3277 939 substantiae
3306 897 3470 937 unum
3500 883 3702 937 donau—

2129 978 2260 1030 tium
2290 985 2432 1031 esset
2462 976 2739 1045 prmmium
2777 994 2793 1029 :
2822 976 2928 1028 imo
2979 975 3150 1044 majus
3200 990 3386 1028 eorum
3416 973 3507 1043 qui
3532 988 3702 1043 parva

2125 1064 2342 1134 quidem
2368 1064 2679 1128 obtulerint,
2709 1064 2804 1118 sed
2826 1063 3025 1131 majora
3048 1079 3146 1133 pro
3168 1064 3390 1128 viribus,
3427 1063 3479 1117 in
3514 1077 3701 1118 exem-

2124 1155 2271 1226 plum
2320 1156 2500 1209 vidum
2545 1156 2816 1224 pauperis,
2866 1170 2986 1224 qua:
3043 1155 3147 1210 duo
3197 1156 3398 1209 minuta
3447 1155 3499 1209 in
3542 1168 3703 1226 gazo—

2124 1246 2356 1316 pliylacii
2399 1246 2539 1301 dona
2581 1246 2825 1301 mittebat
2885 1246 3035 1318 (Luc.
3080 1247 3214 1317 XXI),
3258 1256 3313 1302 et
3368 1247 3574 1301 Domini
3619 1255 3704 1301 est

2118 1335 2323 1404 judicio
2351 1334 2562 1389 laudata
2585 1336 2828 1398 dicentis,
2862 1355 2880 1387 ‹
2910 1336 3047 1391 Vere
3063 1335 3184 1391 dico
3215 1336 3367 1391 vobis
3392 1337 3520 1403 quia
3540 1335 3698 1399 vidua

2125 1424 2240 1478 haec
2265 1423 2593 1494 paupercula
2619 1423 2741 1493 plus
2763 1439 2926 1494 quam
2949 1424 3323 1487 omnesmisit.
3348 1423 3482 1478 Nam
3512 1437 3703 1479 omnes

2125 1512 2180 1566 hi
2205 1526 2269 1566 ex
2299 1511 3057 1568 abundantia-sibi:miserunt
3079 1514 3133 1565 in
3169 1527 3392 1566 munera
3422 1509 3536 1565 Dei.
3574 1509 3701 1566 llaec

2126 1612 2306 1675 autem
2338 1619 2406 1659 ex
2452 1619 2519 1659 eo
2565 1604 2709 1674 quod
2758 1604 2908 1658 deest
2939 1603 3014 1657 illi
3052 1617 3269 1657 omnem
3301 1603 3502 1657 victum
3541 1617 3700 1657 suum

2052 1681 2100 1739 Β
2125 1711 2283 1766 quem
2313 1695 2502 1751 habuit
2529 1694 2892 1750 misitaSicut
2922 1709 3050 1765 ergo
3084 1694 3319 1749 diximus
3347 1694 3412 1749 de
3445 1694 3701 1764 operibus

2125 1785 2383 1852 civitatis,
2409 1786 2489 1841 sic
2516 1784 2646 1839 illud
2678 1784 2912 1839 breviter
2938 1783 3403 1854 perstringendum
3431 1783 3701 1852 est,'quod

2094 1888 2312 1932 'omnes
2335 1875 2588 1946 primitiae
2612 1874 2930 1940 sanctuarii,
2961 1883 3014 1928 et
3041 1874 3314 1943 possessio
3341 1872 3579 1927 civitatis
3606 1887 3701 1941 pa—

2126 1965 2260 2019 riter
2301 1972 2587 2034 supputata
2629 1979 2728 2034 per
2774 1964 3039 2032 quadrum
3083 1962 3359 2017 contineat
3398 1962 3562 2016 millia
3599 1960 3702 2015 ἀειρ-

2125 2062 2281 2110 centa
2326 2055 2683 2123 quadrag'nta
2727 2068 2818 2108 sex
2857 2059 2911 2108 et
2947 2062 3155 2123 partem
3189 2053 3425 2107 tertiam.
3457 2052 3515 2107 Si
3554 2050 3699 2117 enim

2124 2147 2310 2217 viginti
2341 2147 2579 2216 quinque
2602 2145 2770 2200 millia
2798 2145 3156 2209 calamorum,
3185 2144 3274 2214 qui
3304 2158 3463 2199 senos
3490 2142 3701 2199 cubitos

2124 2237 2323 2291 habent
2359 2245 2415 2290 et
2455 2235 2694 2307 palmum
2742 2250 2907 2289 unum
2962 2234 3186 2300 faciunt,
3210 2241 3419 2297 nostra,
3459 2233 3561 2286 hoc
3589 2240 3696 2297 est,

2124 2323 2366 2379 Romana
2415 2325 2697 2393 sexaginta
2749 2330 2816 2378 et:
2851 2338 3018 2377 unum
3071 2322 3258 2386 millia,
3307 2329 3365 2376 et
3415 2327 3699 2376 sexcentos

2123 2414 2405 2485 sexaginta
2449 2422 2656 2484 septem
2694 2429 2912 2484 passus,
2947 2414 3080 2468 nulli
3118 2406 3337 2469 dubium
3363 2422 3467 2478 est,
3497 2414 3611 2467 base
3642 2412 3697 2467 in

2122 2505 2480 2576 quadruplum
2521 2513 2809 2576 supputata
2862 2504 3195 2575 superiorem
3250 2502 3462 2558 efficere
3503 2515 3697 2557 nume-

2122 2613 2262 2653 rum.
2295 2597 2372 2651 Ex
2405 2612 2511 2667 quo
2542 2597 2896 2668 perspicimus
2929 2596 3109 2652 omnia
3148 2592 3493 2665 intelligenda
3531 2590 3699 2662 spiri-

2122 2688 2320 2755 taliter,
2351 2687 2605 2743 Ecclesia:
2644 2685 3035 2757 possessionem
3078 2683 3248 2739 multo
3275 2683 3526 2737 latiorem
3553 2694 3694 2746 esse,

2122 2794 2286 2850 quam
2327 2778 2596 2849 quondam
2634 2778 2734 2833 fuit
2760 2779 2814 2833 in
2849 2777 3051 2841 Iudaea,
3093 2778 3184 2848 qui
3214 2790 3285 2830 ne
3300 2789 3560 2846 accepere
3579 2774 3699 2844 qui-

2094 2869 2243 2925 dem
2289 2877 2472 2939 partes
2513 2877 2673 2924 terra:
2715 2875 2940 2933 sanctae,
2973 2864 3067 2921 sed
3095 2880 3161 2920 ex
3198 2863 3423 2935 singulis
3450 2864 3699 2918 tribubus

2126 2963 2478 3035 quadraginta
2502 2970 2627 3017 octo
2651 2961 2960 3023 civitatum,
2990 2973 3094 3013 non
3123 2972 3188 3012 ex
3213 2956 3701 3027 plenopossessio—

2125 3067 2269 3119 nem,
2303 3052 2399 3108 sed
2441 3051 2829 3107 habitationem
2871 3056 2928 3104 et
2965 3047 3198 3118 hospitia
3238 3055 3610 3117 susceperunt,
3641 3053 3703 3099 ut

2124 3147 2227 3216 ipsi
2248 3157 2463 3214 quoque
2483 3143 2576 3212 qui
2602 3143 2855 3197 videntur
2878 3141 3021 3206 laici,
3062 3154 3164 3194 nec
3189 3138 3500 3210 pervenisse
3525 3138 3591 3192 ad
3619 3151 3702 3192 sa-

2125 3234 2451 3290 cerdotalem
2478 3241 2535 3289 et
2555 3226 2826 3286 leviticum
2856 3230 3097 3301 gradum,
3133 3240 3312 3286 tamen
3337 3230 3381 3285 si
3410 3237 3702 3300 operentur

2125 3327 2179 3381 in
2203 3324 2413 3382 Domini
2439 3325 2686 3387 civitate,
2714 3331 2998 3377 vescantur
3031 3320 3098 3375 de
3124 3328 3306 3376 sancta
3320 3331 3627 3391 terra,terra
3645 3323 3719 3378 vi-

2102 3417 2335 3473 ventium
2366 3423 2615 3485 terraque
2640 3412 2995 3478 credentium,
3024 3425 3253 3482 quorum
3279 3426 3420 3466 unus
3440 3410 3701 3481 loqueba-

2125 3517 2213 3564 tur
2241 3527 2253 3563 :
2280 3526 2299 3560 ς
2328 3507 2502 3564 Credo
2549 3507 2733 3561 videre
2783 3504 2922 3559 bona
2976 3501 3190 3558 Domini
3243 3501 3297 3556 in
3339 3509 3485 3556 terra
3519 3501 3701 3554 viven-

2126 3595 2466 3669 tium(Psal.
2508 3611 2636 3651 xxvi
2668 3595 2706 3666 ).
2750 3613 2769 3647 ι

2201 3708 2220 3740 ‹
2258 3686 2411 3755 Quod
2451 3694 2632 3741 autem
2675 3685 2939 3754 reliquum
2984 3682 3148 3737 fuerit
3188 3682 3447 3753 principis
3484 3682 3591 3738 erit
3630 3696 3699 3736 ex

2131 3798 2148 3830 ι
2184 3777 2330 3832 omni
2354 3785 2505 3846 parte
2537 3775 2897 3846 primitiarum
2928 3773 3222 3828 sanctuarii
3254 3780 3310 3827 et
3344 3771 3703 3842 possessionis

2131 3889 2147 3921 ς
2187 3868 2421 3924 civitatis
2451 3885 2464 3921 :
2493 3880 2523 3921 e
2552 3866 2766 3935 regione
2791 3864 2980 3934 viginti
3010 3863 3247 3933 quinque
3271 3862 3496 3917 millium
3521 3860 3703 3931 primi-
3762 3870 3773 3880 ‘

2130 3977 2148 4009 ε
2185 3958 2382 4011 tiarum
2400 3938 2658 4025 usque‘ad
2681 3954 2963 4009 terminum
2979 3951 3318 4017 orientalem,
3336 3951 3429 4007 sed
3449 3958 3503 4005 et
3517 3965 3549 4004 a
3562 3950 3704 4005 mari

2108 4066 2149 4101 -‹
2186 4063 2217 4105 e
2240 4048 2459 4120 regione
2492 4046 2677 4117 viginti
2703 4045 2939 4114 quinque
2964 4044 3191 4099 millium
3218 4058 3389 4113 usque
3418 4043 3485 4099 ad
3515 4041 3704 4098 termi-

2132 4161 2149 4193 ι
2184 4156 2310 4195 num
2340 4139 2507 4194 maris
2535 4137 2783 4194 similiter
2811 4137 2864 4191 in
2905 4136 3149 4206 partibus
3183 4136 3443 4206 principis
3475 4134 3596 4191 erit.
3636 4132 3707 4190 Et

2130 4251 2149 4284 ε
2185 4240 2345 4287 erunt
2384 4228 2635 4300 primitiae
2676 4226 2966 4283 sanctuarii
3013 4234 3069 4280 et
3113 4225 3480 4279 sanctuarium
3520 4220 3703 4293 templi

2132 4342 2151 4376 ι
2186 4322 2241 4377 in
2268 4321 2445 4376 medio
2464 4317 2601 4388 ejus.
2630 4317 2705 4373 De
2724 4316 3063 4387 possessione
3081 4328 3293 4385 quoque
3314 4313 3624 4371 Levitarum
3649 4320 3705 4368 et

2133 4432 2151 4467 ‹
2186 4412 2255 4468 de
2272 4411 2612 4482 possessione
2637 4408 2867 4464 civitatis
2897 4405 2953 4458 in
2979 4404 3156 4459 medio
3182 4402 3417 4473 partium
3446 4401 3705 4472 principis

2132 4521 2151 4555 ι
2186 4503 2311 4567 erit,
2335 4502 2476 4555 inter
2488 4497 2773 4554 terminum
2788 4494 2945 4559 Juda,
2967 4502 3023 4548 et
3045 4494 3182 4547 intra
3204 4491 3490 4548 terminum
3514 4491 3706 4561 Benja-

2132 4611 2151 4645 ι
2186 4592 2296 4647 min
2310 4600 2366 4645 et
2387 4589 2454 4643 ad
2476 4586 2770 4657 principem
2789 4583 3097 4655 pertinebit.
3123 4601 3141 4634 ι
3161 4582 3239 4638 De
3250 4583 3354 4638 hoc
3365 4581 3599 4653 principe
3616 4597 3705 4637 su-

2125 4701 2222 4754 pra
2248 4682 2461 4752 plenius
2482 4681 2809 4748 disputatum
2830 4684 2933 4741 est,
2959 4684 3014 4731 et
3036 4676 3179 4746 quod
3206 4674 3413 4730 tan‘tum
3436 4673 3583 4729 solus
3608 4688 3702 4728 ac-

2126 4774 2345 4843 ciperet,
2360 4777 2618 4841 quantum
2643 4782 2747 4821 una
2769 4765 2943 4821 tribus
2968 4782 2980 4817 :
3006 4777 3148 4819 nunc
3169 4772 3347 4819 autem
3376 4762 3520 4817 aliud
3543 4762 3706 4818 disci-

2128 4878 2267 4928 mus,
2282 4862 2426 4931 quod
2440 4875 2505 4915 ex
2515 4860 2723 4914 cunctis
2737 4857 2980 4913 tribubus
2989 4855 3249 4927 quidquid
3267 4856 3531 4925 reliquum
3544 4852 3708 4909 fuerit

2129 4957 2219 5012 hic
2258 4954 2403 5009 solus
2445 4951 2695 5021 accipiat,
2724 4958 2783 5004 ut
2812 4947 2957 5004 nulla
2985 4949 3158 5005 tribus
3192 4947 3287 5013 sit,
3320 4962 3440 5015 qua:
3466 4943 3703 5012 Principi

2131 5047 2269 5101 dona
2298 5059 2404 5099 non
2429 5041 2640 5106 oli'erat,
2668 5055 2775 5095 non
2798 5038 3036 5105 aliunde,
3065 5039 3159 5095 sed
3188 5052 3255 5093 ex
3286 5034 3560 5107 primitiis,
3583 5047 3707 5101 quae.

2132 5135 2331 5205 templo
2360 5143 2415 5188 et
2440 5132 2745 5188 sanctuario
2770 5138 2825 5185 et
2847 5129 3119 5201 delegatis‘
3141 5127 3290 5182 urbis
3319 5123 3568 5194 partibus
3587 5137 3705 5181 ser-

2131 5227 2302 5281 viunt.
2318 5223 2431 5280 Hoc
2448 5232 2532 5279 est
2555 5223 2698 5277 enim
2711 5222 2854 5291 quod
2878 5220 3011 5276 dicit
3026 5237 3069 5274 ει
3086 5234 3119 5274 e
3138 5218 3356 5287 regione
3376 5216 3490 5270 sive
3514 5221 3706 5269 contra

2131 5314 2350 5379 faciem,
2374 5312 2561 5384 viginti
2596 5311 2832 5381 quinque
2870 5308 3100 5364 millium
3131 5301 3490 5377 primitiarum
3531 5316 3708 5371 usque

2130 5405 2196 5460 ad
2231 5404 2514 5460 terminum
2540 5402 2917 5465 orientalem,»
2963 5399 3079 5453 sive
3107 5412 3276 5466 usque
3311 5397 3379 5455 ad
3414 5394 3706 5449 terminum

2128 5496 2314 5559 maris,
2347 5502 2408 5549 ut
2439 5495 2549 5549 sint
2571 5493 2824 5564 primitiae
2847 5492 2987 5545 inter
3021 5497 3226 5559 septem
3256 5496 3311 5543 et
3336 5488 3572 5559 quinque
3602 5484 3704 5539 tri-

2130 5585 2228 5640 bus
2263 5592 2317 5639 et
2351 5583 2405 5639 in
2449 5582 2579 5654 ipsis
2626 5580 2880 5654 primitiis
2912 5580 3102 5638 civitas
3143 5591 3203 5637 et
3240 5580 3548 5638 suburbana
3588 5578 3707 5650 ejus
