4028 6196
430 318 568 380 1079

1065 323 1127 378 Β.
1172 322 1427 379 ΒᾹΒΑΝΙ
1459 323 1678 381 MAURI
1718 327 2038 384 ARGIIIEP.
2083 329 2390 388 MOGUNT.
2431 333 2719 391 OPERUM
2758 337 2938 394 PARS
2974 339 3039 394 Il.

3575 344 3722 402 1080

425 438 486 496 in
525 441 703 496 medio
744 441 979 496 civitatis
1023 444 1389 498 sanetuarium
1443 444 1643 513 templi.
1672 445 1803 499 οδω]
1848 454 1904 501 et
1947 437 2014 501 de
2041 451 2091 509 Α
2116 463 2215 518 per
2246 448 2300 502 in
2327 449 2432 503 line
2458 452 2676 519 ponitur
2700 468 2828 519 una,
2854 454 3289 526 subintelligitur,
3326 458 3405 512 vel
3440 473 3600 527 pars,
3630 457 3720 514 vel

426 530 769 602 possessione
816 531 1123 586 Levitarum
1163 542 1217 587 et
1269 534 1337 588 de
1384 535 1724 603 possessione
1753 535 2010 599 civitatis,

427 623 686 692 quidquid
713 623 974 692 reliquum
996 632 1099 688 est,
1140 626 1370 696 principi
1399 627 1760 697 deputabitur.
1789 629 2012 699 Eritque

426 727 555 782 pars
575 721 816 768 extrema
838 722 1043 780 septem
1076 715 1309 770 tribuum
1333 717 1510 771 vicina
1537 718 1789 787 primitiis
1812 727 1866 772 et
1886 721 2015 774 civi-

427 803 526 858 tati
550 811 603 857 et
629 803 824 872 templo
854 803 906 857 in
932 805 1072 860 tribu
1099 805 1256 871 Iuda,
1283 815 1336 862 et
1360 823 1487 877 pars
1511 818 1754 864 extrema
1779 810 2014 881 quinque

427 894 664 948 tribuum
700 896 889 949 eodem
921 894 1046 963 jure
1093 913 1201 967 quo
1247 916 1408 969 supra
1447 901 1499 957 in
1545 902 1683 956 tribu
1729 900 2010 970 Benjamin

425 983 542 1053 ipsa
587 993 829 1039 extrema
875 1002 1003 1056 pars
1027 989 1093 1042 ad
1120 991 1416 1060 principem
1447 993 1756 1062 pertinebit.
1790 994 1866 1047 Ex
1899 1009 2007 1064 quo

426 1075 719 1143 Scriptura:
743 1086 942 1131 sanctae
971 1091 1306 1135 sacramenta
1339 1083 1581 1138 miranda
1611 1093 1754 1148 sunt,
1785 1095 1838 1139 et
1865 1086 2011 1156 cogi-

423 1165 584 1219 tanda
614 1168 783 1237 magis
803 1185 962 1238 quam
987 1171 1199 1241 eloquio
1219 1172 1559 1242 proferenda.
1592 1174 1646 1228 In
1670 1176 1836 1242 priori
1863 1176 2006 1230 enim

422 1254 688 1333 divisione
723 1266 990 1314 terrarum
1025 1268 1173 1316 trans
1202 1263 1489 1318 Iordanem
1528 1281 1624 1334 per
1659 1265 1842 1321 Mosen
1875 1269 2006 1322 dua-

418 1344 522 1400 bus
567 1347 812 1404 tribubus
855 1351 1042 1406 Ruben
1079 1362 1133 1406 et
1171 1353 1287 1409 Gad
1328 1364 1384 1408 et
1423 1356 1657 1412 dimidiae
1695 1360 1856 1413 tribui
1890 1359 2004 1414 Ma-

419 1454 580 1494 nasse
632 1451 774 1496 terra
815 1444 983 1498 divisa
1026 1455 1129 1510 est,
1173 1448 1311 1502 intra
1360 1447 1648 1504 Iordanem
1695 1461 1873 1506 autem
1910 1468 2006 1521 per

417 1526 582 1584 Iosue
613 1531 778 1586 ﬁlium
810 1532 926 1587 Nun
957 1544 1010 1589 et
1033 1536 1349 1591 Eleazarum
1389 1539 1552 1593 tilium
1587 1539 1766 1593 Aaron
1795 1556 1808 1593 :
1837 1539 2003 1595 Iudas

419 1623 661 1690 possedit
695 1624 764 1679 ab
814 1635 1017 1690 austro,
1060 1639 1114 1683 et
1151 1629 1408 1698 Ephraim
1452 1641 1505 1685 et
1544 1632 1791 1687 Manasse
1832 1634 2004 1688 tribus

417 1714 640 1770 dimidia
680 1715 749 1771 ab
785 1721 1054 1787 aquilone.
1082 1720 1276 1776 Postea
1306 1738 1435 1776 vero
1465 1723 1532 1778 de
1566 1722 1678 1778 Silo
1706 1725 1884 1779 missis
1910 1739 2004 1778 ex-

2118 541 2407 608 posscssio,
2439 541 2521 594 vel
2551 542 2836 598 haereditas
2861 561 2873 596 :
2902 544 3026 599 licet
3047 545 3236 615 Aquila
3259 556 3314 601 et
3339 546 3719 617 Symmachus

2117 630 2540 700 interpretentur
2583 649 2783 703 genere
2825 636 3055 689 neutrali
3083 637 3143 691 τὸ
3189 635 3325 710 opm
3359 639 3502 707 quod
3532 638 3718 708 signi-

2115 719 2240 774 ﬁcat
2273 721 2583 775 terminum.
2636 722 2876 792 llludque
2922 725 3159 779 breviter
3207 726 3602 782 attendendum
3652 725 3713 784 in

2114 818 2352 864 extrema
2381 811 3104 880 quinquetribuum,tribum
3127 813 3263 880 Gad,
3294 832 3413 885 qua:
3445 816 3501 870 in
3530 816 3710 885 priori

2114 901 2474 973 descr'ptione
2505 913 2656 960 trans
2698 904 2985 960 Iordanem
3013 906 3144 972 fuit,
3173 909 3300 976 poni
3329 924 3450 963 eam
3485 916 3708 979 partem

2113 1007 2274 1061 quam
2317 994 2466 1063 prius
2503 992 2668 1050 Iudas
2697 996 2870 1051 tenuit
2897 997 2966 1050 ad
3003 997 3213 1067 plagam
3242 997 3495 1052 videlicet
3529 994 3704 1052 austri

2115 1083 2166 1135 in
2200 1084 2476 1138 meridiem
2521 1103 2533 1138 :
2573 1095 2628 1139 et
2670 1101 2790 1141 esse
2830 1087 3121 1142 terminum
3163 1091 3230 1142 de
3257 1089 3494 1143 Thamar
3523 1103 3709 1160 usque

2111 1173 2180 1227 ad
2205 1189 2374 1244 aquas
2410 1176 2854 1232 contradictionis
2895 1178 3065 1233 Gades
3100 1179 3469 1234 hzereditatem
3500 1189 3704 1234 contra

2110 1281 2261 1320 mare
2283 1266 2551 1338 Magnum.
2587 1269 2824 1324 Thamar
2855 1271 2968 1340 ipsa
2987 1280 3072 1326 est
3097 1272 3162 1326 de
3183 1287 3286 1341 qua
3305 1272 3417 1341 jam
3433 1273 3700 1335 diximus,

2109 1371 2270 1426 quam
2312 1374 2454 1412 nunc
2495 1357 2798 1428 Palmyram
2845 1369 3040 1414 vocant
3082 1370 3136 1414 et
3171 1361 3300 1416 olim
3328 1377 3356 1414 a
3401 1359 3701 1414 Salomone

2108 1454 2433 1500 constructa.
2484 1447 2664 1502 Palma
2718 1450 2860 1503 enim
2910 1450 3134 1505 Hebraeo
3177 1465 3426 1505 sermone
3451 1451 3698 1504 Thamar

2108 1536 2421 1604 appellatur,
2475 1538 2542 1592 ab
2590 1554 2655 1593 eo
2702 1540 2845 1601 quod
2894 1539 2966 1592 ibi
3015 1539 3245 1609 palmeta
3294 1540 3404 1592 sint
3437 1538 3691 1608 plurima,

2106 1630 2324 1699 quidam
2362 1641 2554 1700 putant
2589 1633 2689 1686 hoc
2750 1632 2997 1686 sortitam
3045 1631 3382 1686 vocabulum.
3416 1630 3567 1697 Quod
3600 1644 3692 1684 se-

2107 1721 2290 1790 quitur
2323 1740 2334 1774 :
2371 1742 2387 1771 ι
2415 1721 2594 1792 Usque
2620 1723 2687 1776 ad
2716 1737 2884 1791 aquas
2918 1722 3360 1776 contradictionis
3385 1721 3557 1775 Gades
3580 1721 3696 1774 ha!-

416 1806 781 1875 ploratoribus
808 1827 906 1880 per
927 1812 1163 1882 singulas
1188 1814 1360 1868 tribus
1388 1821 1441 1868 et
1465 1814 1824 1883 descriptione
1846 1823 2005 1869 terrae
2035 1813 2080 1870 B
2109 1811 2307 1865 reditas
2335 1819 2526 1865 contra
2558 1827 2701 1865 mare
2733 1811 3006 1882 Magnum,
3037 1831 3055 1862 ›
3082 1827 3179 1881 pro
3204 1826 3310 1880 quo
3339 1808 3693 1878 Septuaginta

417 1896 580 1952 allata
607 1899 674 1952 ad
706 1898 868 1956 Iosue
893 1911 947 1955 et
973 1902 1220 1964 Eleazar,
1243 1902 1516 1971 Benjamin
1537 1905 1689 1974 juxta
1717 1903 1910 1959 Iudam
1931 1906 1998 1959 ab

416 1995 623 2050 austro,
653 1995 709 2042 et
731 1988 886 2056 juxta
922 1991 1172 2059 prraim
1204 2001 1257 2045 et
1299 1993 1577 2046 dimidiam
1611 1994 1808 2048 tribum
1847 2008 1999 2048 acce-

410 2076 494 2143 pit
531 2079 947 2146 possessionem.
986 2080 1229 2134 Sceunda
1266 2083 1438 2136 tribus
1468 2081 1686 2138 Simeon
1716 2084 1998 2137 haeredita-

416 2173 524 2221 tem
558 2167 766 2236 accepit
798 2169 864 2222 de
893 2170 1031 2224 tribu
1055 2168 1209 2235 Inda,
1242 2181 1301 2226 ut
1332 2172 1666 2241 impleretur,
1694 2173 1834 2242 quod
1865 2173 1998 2226 scri-

410 2266 564 2328 ptum
605 2268 690 2314 est
716 2261 781 2314 de
805 2260 932 2314 Levi
959 2269 1012 2315 et
1036 2261 1276 2325 Simeon,
1305 2282 1322 2313 ε
1354 2263 1595 2317 Dividam
1624 2277 1718 2317 eos
1744 2263 1797 2316 in
1829 2261 1996 2317 Iacob

413 2357 468 2401 et
495 2349 797 2419 dispergam
829 2365 922 2405 eos
948 2351 1000 2404 in
1033 2351 1194 2406 Israel
1223 2350 1375 2422 (Gen.
1408 2353 1578 2418 xux).
1610 2372 1626 2402 ι

486 2439 666 2494 Tertia
691 2440 926 2495 Zabulon
959 2440 1232 2497 Galilzeatn
1270 2444 1479 2512 accepit
1505 2443 1556 2497 in
1591 2459 1696 2512 qua
1725 2453 1809 2498 est
1842 2459 1997 2498 mons

412 2529 651 2585 Thabor.
682 2532 884 2598 Quarta
928 2533 1196 2598 lssachar,
1225 2535 1315 2590 ubi
1346 2543 1428 2589 est
1455 2534 1702 2590 Iezrahel
1733 2552 1902 2606 usque
1929 2538 1994 2610 ad

409 2619 725 2676 Iordanem.
755 2621 951 2688 Quinta
980 2623 1165 2687 Asscr,
1195 2638 1366 2693 usque
1399 2625 1465 2680 ad
1505 2635 1740 2681 montem
1773 2626 1996 2682 Garme-

409 2711 545 2776 lum,
578 2712 671 2780 qui
711 2712 956 2768 imminet
1001 2714 1137 2768 mari
1193 2715 1718 2786 Magno,'l‘yrumque
1749 2725 1802 2771 et
1840 2718 1996 2772 Sido-

410 2819 554 2858 nem.
595 2803 760 2860 Sexta
789 2804 1093 2874 Nepthalim
1137 2807 1193 2862 in
1232 2807 1452 2863 Galilaea
1492 2825 1660 2878 usque
1697 2809 1763 2863 ad
1805 2809 1997 2864 Iorda-

407 2909 557 2959 nem,
585 2895 676 2949 ubi
699 2894 943 2950 Tiberias
963 2911 1083 2965 quae
1107 2897 1235 2952 olim
1259 2899 1629 2968 appellabatur
1663 2898 1988 2954 Cbenereth.

408 2981 649 3053 Septima
675 2984 788 3037 Dan
827 2999 996 3053 usque
1025 2985 1250 3054 Ioppen,
1276 2989 1364 3041 ubi
1403 2997 1525 3040 sunt
1557 2997 1733 3043 turres
1763 2990 1992 3044 Abialon

407 3083 462 3128 et
488 3074 664 3130 Selebi
689 3085 743 3130 et
762 3077 1040 3143 Emmaus,
1066 3093 1342 3146 qumnuuc
1363 3079 1663 3149 appellatur
1687 3081 1988 3151 Nicopolis;

407 3163 536 3219 licet
559 3173 750 3234 postea
776 3166 1082 3236 legerimus,
1117 3168 1258 3236 quod
1286 3169 1548 3236 eruperint
1585 3171 1685 3224 sibi
1713 3179 1990 3226 transeen-
2018 3156 2062 3216 (Ι

407 3256 485 3310 sis
525 3255 647 3310 aliis
686 3255 932 3311 tribubus
976 3258 1160 3313 urbem
1202 3258 1390 3314 Lesem
1438 3261 1491 3314 in
1533 3261 1672 3315 tribu
1706 3261 1842 3326 Dan,
1870 3279 1990 3332 qua:

406 3347 569 3403 hodie
597 3347 894 3417 appellatur
920 3349 1145 3405 Paneas.
1186 3351 1320 3406 Cum
1360 3354 1474 3408 hac
1509 3369 1566 3409 se
1612 3355 1686 3409 ita
1732 3355 1988 3418 habeant,

406 3429 463 3493 et
515 3439 654 3494 inter
705 3440 940 3508 priorem
985 3440 1220 3520 tribuum
1275 3443 1716 3514 descriptionem,
1769 3456 1824 3500 et
1872 3463 1990 3517 quae

403 3545 547 3585 nunc
569 3531 798 3586 habetur
822 3540 969 3587 tanta
993 3533 1280 3589 diversitas
1301 3536 1369 3588 sit
1395 3555 1406 3588 :
1435 3538 1537 3590 hoc
1563 3539 1988 3602 consideremus,

405 3621 675 3689 quomodo
703 3629 756 3676 et
794 3623 846 3676 in
882 3625 1129 3691 prtesenti
1169 3625 1528 3694 descriptione
1553 3636 1606 3680 et
1638 3629 1688 3680 in
1722 3630 1990 3697 praeterita

404 3709 546 3764 inter
578 3711 814 3767 tribuum
837 3711 995 3777 Iuda,
1039 3723 1092 3769 et
1128 3714 1405 3782 Benjamin
1434 3720 1562 3772 urbs
1597 3720 1850 3789 templum
1882 3721 1989 3774 eol-

405 3798 640 3854 locatum
675 3801 765 3865 sit,
794 3810 848 3855 et
888 3803 942 3856 in
976 3803 1140 3872 priori
1175 3805 1392 3872 quidem
1433 3806 1790 3875 descriptione
1824 3807 1990 3861 Iudas

400 3892 615 3946 eratab
653 3901 862 3957 austro,
895 3901 950 3948 et
993 3893 1268 3964 Benjamin
1307 3895 1376 3950 ab
1411 3897 1683 3966 aquilone.
1722 3897 1820 3952 llic
1859 3914 1989 3953 vero

403 3998 436 4038 θ
463 3988 737 4041 contrario
764 3987 842 4050 tit,
867 3995 925 4042 ut
949 3987 1116 4042 Iudas
1144 3989 1216 4042 sit
1238 3991 1303 4043 ab
1333 3991 1603 4060 aquilone,
1629 4001 1683 4048 et
1708 3991 1986 4060 Benjamin

401 4077 686 4132 ab'austro
719 4097 731 4130 :
765 4088 886 4147 post
916 4095 1073 4146 quem
1105 4081 1371 4135 secundus
1409 4091 1491 4137 est
1521 4083 1761 4147 Simeon,
1797 4084 1988 4138 tertius

399 4166 638 4232 Isachar,
669 4177 894 4237 quartus
929 4167 1187 4232 Zabulon,
1216 4169 1434 4237 quintus
1463 4171 1605 4235 Gad,
1639 4175 1877 4243 quinque
1909 4175 1988 4228 vi-

398 4261 595 4316 delicet
624 4262 816 4328 tribus,
847 4262 984 4316 sicut
1021 4261 1074 4315 in
1111 4263 1565 4330 consequentibus
1592 4265 1809 4318 dicitur.
1840 4263 1985 4320 Seri-

398 4347 548 4422 ptt’tm
574 4363 657 4408 est
686 4354 828 4408 enim
863 4371 875 4406 :

475 4468 492 4497 ι
540 4447 608 4502 Et
649 4448 873 4518 reliquis
912 4445 1158 4502 tribubus
1188 4463 1216 4500 a
1247 4447 1400 4519 plaga
1439 4447 1689 4502 orientali
1720 4463 1889 4518 usque
1915 4447 1980 4504 ad

403 4561 420 4591 ι
467 4540 682 4611 plagam
727 4539 1118 4595 occidentalem
1170 4539 1448 4609 Benjamin
1494 4555 1619 4594 una.
1678 4540 1743 4594 Et
1794 4549 1979 4595 contra

404 4651 420 4680 ι
472 4631 763 4685 terminum
809 4631 1087 4701 Beniamin
1132 4647 1160 4685 a
1206 4631 1362 4700 plaga
1407 4631 1655 4686 orientali
1701 4645 1870 4699 usque
1914 4633 1980 4685 ad

401 4741 420 4770 ι
466 4721 676 4791 plagam
716 4721 1104 4776 occidentalem
1153 4721 1370 4775 Simeon
1416 4737 1541 4774 una.
1586 4721 1650 4774 Et
1682 4735 1842 4788 super
1868 4731 1981 4776 ter-

405 4833 422 4864 ι
470 4814 672 4866 miuum
713 4813 981 4869 Simeonis
1011 4830 1041 4868 a
1085 4814 1240 4883 plaga
1275 4813 1522 4868 orientali
1560 4829 1728 4882 usque
1764 4815 1831 4869 ad
1862 4813 1977 4884 pla—

403 4926 420 4956 σ
468 4920 590 4977 gam
622 4903 1011 4958 occidentalem
1050 4905 1268 4961 lsaebar
1306 4922 1428 4958 una.
1479 4904 1541 4958 Et
1585 4920 1747 4974 super
1793 4907 1979 4960 termi-

403 5018 422 5050 σ
471 5009 597 5052 num
626 4995 846 5051 Isachar
881 5011 910 5049 a
951 4995 1103 5066 plaga
1142 4998 1387 5053 orientali
1435 5013 1606 5068 usque
1651 4999 1717 5053 ad
1767 4998 1976 5069 plagam

403 5109 421 5139 ε
467 5085 855 5143 occidentalem
907 5073 1142 5140 Zabulon
1193 5102 1318 5140 una.
1367 5088 1434 5141 Et
1483 5103 1644 5158 super
1692 5089 1978 5143 terminum

402 5200 420 5232 ‹
461 5179 704 5236 Zabulon
736 5194 766 5232 a
793 5167 949 5248 plaga
983 5177 1232 5232 orientali
1269 5193 1438 5248 usque
1473 5179 1539 5232 ad
1575 5178 1786 5248 plagam
1814 5179 1982 5234 maris

403 5290 422 5324 σ
467 5269 583 5328 (1·αά
604 5287 729 5327 una.
757 5270 825 5325 Et
849 5279 1012 5342 super
1037 5265 1326 5324 terminum
1353 5268 1469 5324 Gad
1491 5269 1558 5323 ad
1579 5269 1786 5339 plagam
1810 5270 1981 5325 austri

404 5382 423 5414 ε
471 5364 524 5418 in
542 5363 842 5428 meridiem,
866 5367 919 5418 et
940 5363 1045 5417 erit
1068 5361 1192 5416 tlni's
1205 5363 1270 5426 de
1292 5361 1530 5416 Thamar
1545 5376 1715 5430 usque
1732 5363 1798 5416 ad
1815 5377 1984 5431 aquas

403 5474 423 5508 ι
468 5455 919 5511 contradictionis
945 5453 1141 5520 Gades,
1165 5455 1450 5510 haareditas
1476 5462 1668 5509 contra
1696 5467 1846 5508 mare
1874 5455 1987 5509 Ma-

403 5566 425 5600 σ
470 5564 654 5618 gnum.
691 5541 818 5602 Haec
864 5555 947 5602 est
990 5555 1165 5610 terra,
1212 5559 1374 5615 quam
1411 5545 1706 5599 metiemini
1737 5543 1984 5598 tribubus

407 5655 427 5689 α
470 5639 656 5699 lsrae’l',
672 5647 725 5693 et
745 5640 828 5693 hae
842 5637 1161 5708 partitiones
1175 5635 1750 5701 earum,aitDominus
1775 5635 1933 5689 Deus.
1962 5654 1979 5685 ι

407 5725 675 5797 (Ilia-ron.)
719 5728 870 5794 Quod
895 5729 945 5782 in
982 5730 1220 5799 quinque
1245 5737 1298 5782 et
1322 5737 1527 5796 septem
1569 5726 1812 5783 tribubus
1849 5741 1986 5778 sem-

2105 1902 2516 1968 transtulerunt,
2545 1923 2564 1954 ‹
2589 1905 2665 1958 De
2679 1903 2920 1958 Theman
2943 1913 2997 1956 et
3019 1918 3156 1972 aqua
3173 1901 3496 1955 Maribinoth
3517 1898 3695 1955 Gades

2102 1993 2388 2047 haereditas
2419 2009 2588 2062 usque
2609 1994 2678 2047 ad
2705 2009 2856 2047 mare
2884 1992 3155 2062 Magnum,
3192 2010 3209 2042 ι
3241 1991 3371 2044 illud
3396 1991 3693 2044 observan-

2101 2083 2227 2137 dum
2277 2085 2326 2137 in
2376 2085 2640 2139 llebraico
2693 2083 2939 2138 eumdem
2990 2096 3293 2136 sermonem
3338 2079 3518 2133 nehela
3559 2079 3691 2148 quia

2101 2175 2382 2240 ambiguus
2427 2175 2496 2228 sit
2547 2184 2601 2228 et
2645 2173 3016 2229 hzereditatem
3061 2187 3253 2226 sonare
3282 2179 3338 2225 et
3368 2177 3688 2232 torrentem,

2099 2275 2153 2318 et
2180 2267 2266 2320 hic
2296 2267 2465 2336 magis
2500 2275 2796 2321 torrentem
2839 2265 3009 2333 accipi
3049 2266 3262 2328 debere,
3310 2278 3473 2332 quam
3516 2263 3689 2317 haere—

2101 2357 2342 2410 ditatem.
2374 2357 2479 2410 lste
2523 2365 2605 2410 est
2629 2357 2773 2410 enim
2811 2367 3039 2417 torrens,
3073 2355 3162 2423 qui
3207 2354 3508 2424 ingreditur
3537 2366 3689 2408 mare

2100 2446 2348 2517 Magnum
2398 2447 2766 2511 Rinoeorurze,
2810 2455 2870 2500 ut
2922 2456 3046 2500 ante
3083 2445 3194 2512 jam
3231 2445 3485 2498 diximus.
3512 2443 3686 2499 Gades

2099 2545 2296 2599 autem,
2326 2553 2444 2606 quae
2480 2538 2533 2591 in
2560 2537 2697 2592 libro
2720 2537 2881 2591 Iosue
2907 2537 3200 2606 appellatur
3231 2534 3403 2589 Gades
3432 2535 3600 2587 bame
3626 2533 3684 2587 in

2097 2629 2310 2683 deserto
2354 2637 2457 2692 est,
2509 2629 2650 2697 quod
2695 2628 3002 2682 extenditur
3049 2641 3219 2695 usque
3263 2623 3328 2677 ad
3366 2625 3556 2677 urbem
3580 2622 3684 2678 Pe«

2097 2728 2258 2772 tram.
2308 2719 2631 2773 Maribiuoth
2675 2733 2825 2780 vero,
2868 2716 3010 2786 quo'l
3060 2716 3443 2783 interpretatur
3473 2721 3685 2766 contra-

2097 2810 2351 2864 dictionis
2394 2825 2499 2864 non
2543 2809 2861 2864 vocabulum
2906 2807 3006 2862 loci
3046 2815 3148 2868 est,
3181 2816 3239 2860 ut
3266 2805 3508 2874 plerique
3538 2804 3679 2858 testi-

2098 2910 2264 2958 mant.
2295 2901 2388 2955 sed
2439 2915 2702 2970 aquarum
2758 2900 2811 2953 in
2856 2893 3052 2968 quibus
3091 2897 3318 2951 Domino
3355 2894 3680 2951 contradixit

2095 2992 2342 3062 populus,
2374 3001 2427 3044 et
2457 2991 2667 3060 Moyses
2699 2989 2924 3044 oll‘cndit
2951 2989 3138 3051 Deum,
3166 2988 3380 3041 dicente
3419 2985 3623 3055 psalmo
3656 3003 3670 3037 :

2103 3102 2121 3134 ι
2160 3083 2526 3137 Tentavcrunt
2585 3097 2707 3135 eum
2770 3081 2836 3135 ad
2877 3081 3072 3149 aquam
3118 3077 3580 3152 contradictionis,
3620 3083 3678 3130 et

2093 3174 2323 3230 amictus
2349 3184 2434 3229 est
2465 3174 2636 3228 Moses
2662 3183 2885 3243 propter
2910 3188 3002 3227 eos
3034 3169 3205 3243 (Psal.
3243 3169 3352 3241 ev).
3382 3169 3676 3237 Omnisque

2093 3278 2253 3323 terra:
2283 3277 2484 3323 sanctae
2520 3268 2806 3322 [Hereditas
2835 3267 2904 3321 ab
2936 3265 3160 3320 australi
3196 3263 3350 3334 plaga
3376 3263 3527 3339 juxta
3569 3270 3676 3315 ter-

2093 3360 2269 3414 minos
2293 3359 2510 3430 [Egypti
2537 3359 2870 3414 Rinocorura
2893 3367 2947 3412 et
2968 3364 3210 3412 torrente
3237 3356 3440 3409 linitur.
3463 3355 3531 3408 Et
3548 3353 3673 3424 quia

2091 3449 2205 3504 Gad
2250 3451 2638 3519 interpretatur
2683 3449 2919 3514 tentatio,
2976 3450 3029 3503 in
3075 3448 3416 3517 possessione
3467 3448 3581 3516 ejus
3608 3446 3674 3501 de

2091 3539 2342 3608 palmetis
2383 3540 2678 3593 transimus
2721 3539 2789 3592 ad
2829 3554 2999 3606 aquas
3037 3537 3478 3592 contradictionis
3503 3550 3674 3604 usque

2091 3631 2285 3692 Gades,
2337 3646 2456 3699 quae
2504 3632 2890 3698 interpretatur
2927 3640 3146 3694 sancta,
3200 3639 3260 3684 ut
3313 3629 3673 3698 intelligamus

2092 3738 2190 3776 nos
2215 3723 2377 3776 etiam
2401 3731 2521 3790 post
2546 3722 2824 3775 victoriam
2857 3722 3040 3774 mundi
3085 3720 3283 3776 debere
3319 3734 3444 3774 esse
3477 3717 3672 3772 sollici-

2091 3819 2175 3865 tos
2211 3819 2266 3865 et
2309 3825 2522 3881 semper
2555 3811 2608 3864 in
2643 3819 2809 3876 metu,
2851 3819 2906 3864 et
2932 3811 3204 3866 recordari
3231 3811 3374 3866 illius
3399 3807 3669 3870 versiculi,

2095 3923 2113 3954 ‹
2142 3903 2393 3958 Tentatio
2423 3911 2507 3957 est
2535 3905 2642 3958 vita
2685 3904 2964 3958 hominum
2993 3918 3154 3972 super
3190 3911 3392 3958 terram
3423 3919 3437 3955 :
3471 3920 3490 3953 ι
3523 3911 3580 3955 et
3604 3899 3671 3954 ad

2090 3995 2426 4050 sanctitatem
2487 3995 2815 4049 adversariis
2871 3994 3292 4065 repugnantibus
3348 3991 3668 4063 pervenire;

2089 4085 2275 4155 sicque
2302 4085 2548 4140 obtinere
2574 4083 2877 4148 victoriam,
2905 4093 2960 4138 et
2979 4099 3010 4138 e
3040 4083 3221 4138 vicino
3243 4091 3539 4137 torrentem
3562 4080 3671 4152 ple-

2088 4192 2214 4230 num
2243 4176 2493 4229 imbrium
2523 4175 2981 4245 contemplemur.

2164 4286 2182 4316 ε
2229 4267 2295 4320 Ει
2353 4282 2603 4337 egressus
2659 4267 2893 4321 civitatis
2961 4282 2988 4318 a
3048 4267 3206 4335 plaga
3267 4263 3666 4335 septentrionali

2093 4378 2110 4408 ‹
2153 4359 2442 4427 quingenta
2469 4366 2524 4412 et
2547 4365 2779 4426 quatuor
2807 4357 2972 4412 millia
3012 4356 3358 4412 mensurabis
3401 4365 3456 4410 et
3503 4364 3668 4426 porta

2094 4469 2110 4499 ι
2156 4431 2391 4504 civitatis
2418 4464 2483 4502 cx
2518 4435 2769 4502 omnibus
2795 4447 3040 4502 tribubus
3073 4445 3255 4500 Israel.
3286 4445 3466 4500 Porta:
3497 4452 3609 4499 tres
3636 4457 3667 4496 a
3764 4447 3766 4452 “

2091 4559 2108 4592 ‹
2156 4540 2540 4610 septentrione.
2586 4538 2745 4594 Porta
2791 4537 2975 4592 [iuben
3022 4553 3147 4591 una.
3179 4536 3343 4590 Porta
3370 4533 3522 4590 Iudae
3544 4549 3664 4588 una.

2089 4649 2106 4682 ι
2154 4631 2313 4685 Porta
2351 4630 2475 4684 Levi
2507 4645 2610 4683 una
2651 4646 2664 4678 :
2705 4629 2770 4682 Et
2804 4627 2871 4682 ad
2911 4628 3122 4697 plagam
3153 4625 3479 4681 orientalem
3515 4624 3669 4694 quin-

2088 4743 2108 4773 ‹
2153 4731 2342 4792 gentos
2388 4729 2444 4774 et
2489 4729 2722 4790 quatuor
2771 4718 2938 4772 millia
3003 4727 3060 4772 et
3105 4725 3272 4787 porta:
3325 4725 3461 4769 tres.
3508 4713 3665 4770 Porta

2090 4813 2126 4862 ‹”
2153 4813 2349 4882 Ioseph
2380 4827 2508 4866 una.
2545 4811 2707 4864 Porta
2741 4809 3019 4878 Benjamin
3051 4824 3175 4862 una.
3205 4806 3367 4860 Porta
3400 4805 3515 4860 Dan
3542 4820 3662 4859 una.

2090 4922 2109 4954 ‹
2153 4903 2221 4956 Et
2247 4903 2313 4956 ad
2341 4901 2552 4971 plagam
2587 4899 2944 4955 meridianam
2987 4899 3310 4968 quingentos
3349 4903 3404 4950 et
3441 4903 3667 4964 quatuor

2095 5013 2113 5044 ι
2158 4993 2322 5047 millia
2364 4992 2602 5047 metieris
2663 5001 2717 5046 et
2771 4998 2939 5058 portae
2997 4999 3129 5043 tres.
3185 4988 3348 5042 Porta
3404 4985 3669 5042 Simeonis

2095 5104 2113 5134 ‹
2157 5099 2262 5139 una
2292 5102 2303 5136 :
2332 5090 2485 5153 porta
2517 5082 2761 5136 lssachar
2781 5096 2912 5144 una,
2930 5088 3086 5150 porta
3107 5078 3344 5133 Zabulon
3372 5093 3481 5130 una
3502 5094 3515 5140 ;
3533 5085 3586 5130 et
3604 5073 3667 5128 ad

2095 5193 2113 5226 ι
2160 5175 2368 5246 plagam
2394 5173 2780 5229 occidentalem
2815 5171 3091 5241 quingenti
3134 5177 3190 5224 et
3220 5178 3455 5238 quatuor
3484 5165 3664 5221 millia.

2097 5287 2114 5318 (
2161 5267 2336 5324 Portse
2360 5282 2546 5323 eorum
2571 5275 2702 5321 tres.
2729 5264 2888 5319 Porta
2911 5263 3025 5318 Gad
3047 5277 3173 5316 una.
3195 5261 3359 5316 Porta
3381 5259 3520 5315 Aser
3541 5274 3663 5314 una.

2097 5381 2116 5413 ι
2159 5359 2318 5415 Porta
2348 5360 2646 5430 Nephtalim
2676 5373 2802 5413 una.
2827 5357 2932 5412 Per
2957 5356 3243 5410 circuitum
3263 5354 3451 5408 decem
3478 5358 3534 5408 et
3551 5360 3668 5408 0cm

2097 5470 2115 5500 ι
2163 5451 2326 5508 millia
2366 5460 2420 5504 et
2457 5460 2650 5506 nomen
2693 5435 2930 5504 civitatis
2953 5462 3020 5503 ex
3059 5447 3144 5501 illa
3181 5446 3268 5500 die
3289 5443 3554 5499 Dominus
3575 5440 3666 5497 ibi-

2100 5563 2116 5594 ι
2163 5545 2303 5598 dem.
2338 5563 2356 5595 ι
2385 5543 2461 5597 De
2489 5541 2950 5597 am‘bitu‘civitatis
2970 5539 3112 5609 quod
3143 5553 3240 5610 per
3266 5536 3437 5590 latera
3467 5531 3664 5606 singula

2093 5635 2147 5687 in
2175 5635 2437 5704 quadrum
2469 5641 2700 5704 quatuor
2725 5632 2912 5695 millia,
2953 5630 3276 5700 quingentos
3310 5627 3553 5682 calamos
3579 5625 3665 5678 ha-

2097 5727 2269 5779 buetit
2295 5727 2598 5795 praeteritus
2626 5740 2798 5778 sermo
2829 5723 3088 5780 narravit,
3119 5721 3206 5788 qui
3239 5719 3442 5773 faciunt
3484 5717 3663 5771 decem
