4028 6196
239 360 380 424 1081

1162 359 1516 418 COHMENT;
1555 360 1631 416 IN
1664 360 2118 420 EZEOMELEM.
2158 396 2228 406 —
2262 366 2391 424 LIB.
2428 370 2549 425 XX.

3365 373 3510 434 1082

240 486 301 532 et
318 470 636 533 octo‘millia
660 471 1013 536 calamorum,
1042 478 1101 527 ut
1127 472 1185 526 in
1208 473 1469 541 praesenti
1495 482 1712 543 quoque
1737 489 1830 530 ca-
1851 475 2232 542 Azduodecim,
2268 486 2324 533 et
2359 478 2413 534 in
2461 480 2594 550 ipsis
2639 480 2925 538 duodecim
2969 479 3190 537 nomina
3230 481 3515 543 duodecim

239 560 417 637 pitulo
469 565 706 635 positum
753 571 873 629 est,
909 563 967 618 id
1012 565 1129 630 est,
1177 565 1534 635 quadraginta
1598 574 1832 635 quatuor

241 656 416 713 millia
463 652 719 727 passuum
771 661 830 709 et
882 654 1153 710 trecentos
1205 656 1563 726 quadraginta
1612 672 1865 727 passus,

239 745 402 804 Nunc
424 746 684 803 scribitur
707 760 809 817 per
829 744 1042 817 singula
1055 746 1253 811 latera,
1277 747 1382 803 hoc
1407 750 1510 813 est,
1539 762 1639 817 per
1663 749 1832 804 unde—

242 840 355 895 cim
380 838 546 894 millia
573 834 843 910 passuum
860 846 916 893 et
938 837 1208 910 nomium
1236 839 1431 909 passus
1454 843 1639 894 ternas
1663 838 1832 896 fuisse

241 936 433 999 portas
475 938 611 997 quas
647 924 845 997 Aquila?
889 926 1255 998 symmactm
1280 937 1336 985 et
1371 928 1675 986 Theodotio
1692 933 1829 996 Δτιξ..

242 1018 413 1086 ὁδους,
451 1018 809 1090 Septuaginta
849 1019 1115 1080 amem:
1154 1028 1368 1084 vocant,
1404 1021 1515 1075 nos
1560 1020 1829 1092 ἱιιιθιιρτε-

239 1111 345 1166 tati
374 1117 563 1165 sumus
582 1120 827 1180 egressus
844 1116 901 1162 et
920 1109 1092 1163 exitus
1119 1108 1381 1165 civitatis.

317 1199 563 1270 [linoque
605 1198 849 1268 primum
879 1198 1116 1255 breviter
1158 1198 1580 1264 admonendum,
1610 1199 1831 1257 easdem

245 1291 423 1348 tribus
464 1292 518 1344 in
559 1286 1169 1349 circuituataberuac'uli
1203 1292 1278 1346 ita
1309 1297 1722 1349 ca'strametatas
1773 1300 1833 1348 ut

242 1383 316 1437 ad
361 1381 628 1437 orientem
674 1375 1043 1447 fuerlt‘iuda's,
1075 1381 1418 1439 lssacliar'et
1458 1384 1698 1439 Zab’ulon
1732 1384 1830 1440 ﬁlii

242 1472 360 1527 Lize
390 1491 402 1527 :
437 1480 494 1527 et
516 1472 585 1527 ad
606 1473 891 1528 meridiem
917 1471 1128 1535 Ruben.
1159 1472 1404 1540 Simeon,
1432 1474 1575 1540 Gad,
1599 1475 1704 1531 duo
1734 1475 1832 1530 lilii

240 1564 363 1621 Liae‘
386 1584 399 1620 :
426 1572 481 1621 et
518 1567 710 1622 tertius
738 1561 880 1622 illius
917 1567 1131 1638 Zelpha:
1175 1568 1385 1624 ancillae
1410 1569 1557 1624 Lina:
1587 1571 1656 1625 ad
1691 1569 1834 1625 occi-

241 1659 464 1715 dentem
512 1662 641 1715 vero
682 1660 939 1731 Ephraim
990 1661 1267 1718 Manasses
1300 1672 1357 1717 et
1389 1660 1693 1733 Benjamin,
1724 1662 1833 1717 duo

237 1750 497 1806 videlicet
525 1749 619 1805 ﬁlii
648 1750 898 1807 Rachelis
925 1771 937 1805 :
970 1752 1097 1822 quia
1130 1750 1330 1823 Joseph
1367 1766 1467 1822 pro
1506 1752 1646 1807 tribu
1677 1751 1828 1817 Levi,

1928 568 2292 639 apostolorum
2322 579 2379 627 et
2413 574 2558 644 agni.
2592 594 2610 626 ι
2651 573 2837 630 Murus
2870 588 3000 646 ergo
3037 575 3139 630 iste
3184 590 3412 647 magnus
3459 586 3521 635 et

1928 658 2090 724 altus,
2135 659 2597 731 inexpugnabilem
2650 663 2772 720 ﬁdei
2818 665 3238 733 et.charitatis,
3290 667 3519 739 speique

1929 747 2241 804 ﬁrmitatem
2267 750 2554 822 significat.
2584 752 2853 809 Potestet
2888 754 3004 824 ipse
3032 753 3294 811 Dominus
3328 756 3517 814 Eccle-

1930 840 2065 897 siam
2094 842 2332 913 undique
2357 852 2669 917 protegens,
2702 860 2890 901 murus
2920 861 3146 918 magnus
3177 847 3423 917 intelligi.
3450 848 3517 904 de

1929 946 2038 1002 quo
2067 932 2238 989 Isaias
2255 933 2373 988 ait:
2410 953 2430 986 ι
2466 934 2704 990 Ponetur
2750 936 2811 990 in'
2843 950 2906 991 ea
2944 952 3134 993 murus
3174 945 3231 991 et
3267 947 3517 992 antemu-

1931 1023 2045 1078 rale
2076 1022 2210 1095 (Ira.-
2238 1023 2412 1097 xxvi),
2442 1044 2462 1076 ι
2490 1025 2542 1080 id
2572 1034 2680 1091 est,
2708 1026 2919 1081 Domini
2942 1027 3228 1096 protectio,
3256 1035 3317 1083 et
3342 1026 3515 1082 inter-

1931 1113 2105 1168 cessio
2151 1122 2483 1181 saoetorum,
2529 1117 2623 1186 qui
2667 1117 2772 1171 iter
2821 1116 3029 1173 faciunt
3075 1117 3125 1173 ei
3177 1118 3421 1174 docendo
3449 1119 3519 1174 ad

1932 1205 2097 1259 corda
2116 1206 2470 1262 credentium.
2492 1207 2669 1264 Habet
2688 1209 2778 1264 hic
2796 1225 2985 1265 murus
3002 1219 3190 1280 portas
3208 1211 3515 1277 duodecim,

1932 1308 2052 1364 qua:
2091 1304 2261 1365 portae
2305 1296 2535 1365 apostoli
2585 1307 2744 1374 sunt,
2785 1297 2879 1367 qui
2920 1312 3023 1354 suo
3064 1299 3149 1354 vel
3183 1300 3401 1370 scripto,
3430 1300 3518 1355 vel

1931 1399 2097 1455 opere
2118 1385 2784 1459 cunctisprimordialiter
2805 1389 3058 1459 gentibus
3092 1389 3349 1451 Ecclesiae
3383 1407 3519 1462 pan-

1933 1476 2132 1531 debant
2159 1474 2461 1531 introitum.
2491 1496 2510 1528 ι
2540 1476 2609 1531 Et
2638 1477 2698 1531 iu
2716 1478 2890 1548 portis
2917 1478 3142 1549 angulos
3165 1477 3470 1545 duodecim,
3493 1499 3513 1532 ι

1932 1566 2184 1625 doctores
2211 1568 2438 1635 scilicet,
2471 1569 2838 1639 apostolorum
2864 1569 3087 1641 vestigia
3123 1568 3246 1625 ﬁdei
3276 1578 3333 1625 et
3364 1571 3527 1627 verbi

1933 1658 2192 1730 mysterio
2218 1666 2508 1728 sequentes
2535 1676 2549 1713 :
2583 1678 2602 1711 ι
2633 1658 2702 1714 Et
2731 1659 2948 1715 nomina
2978 1659 3202 1730 scripta,
3238 1675 3359 1730 qua:
3386 1670 3517 1717 sunt

1934 1747 2152 1805 nomina
2195 1748 2479 1805 duodecim
2525 1748 2758 1804 ﬁliorum
2802 1748 2967 1805 lsrael
2997 1749 3195 1822 (Exod.
3227 1750 3453 1823 xxvm);
3494 1771 3517 1806 ι

238 1856 367 1913 qua:
394 1842 675 1898 sacriﬁciis
704 1844 957 1913 deputata
983 1852 1088 1908 est,
1120 1844 1177 1898 in
1209 1844 1345 1899 duas
1374 1844 1549 1898 tribus
1573 1843 1835 1913 Ephraim
1857 1828 1908 1887 Β
1934 1839 2253 1894 memoriam
2282 1847 2527 1894 veterum
2554 1838 2775 1895 Patrum
2806 1840 3077 1909 signiﬁcat
3100 1841 3517 1909 prmdicatorum

238 1932 301 1989 et
324 1929 605 1988 Manas’Sen
631 1932 801 1987 divisa
828 1942 935 1998 est,
977 1934 1043 1987 ad
1062 1933 1383 2004 aquilonem
1419 1942 1597 1987 autem
1632 1932 1835 1987 Dan‘etl

237 2024 381 2078 Aser
423 2030 480 2078 et
526 2021 859 2093 Nepbtalim,
905 2024 1136 2093 quorum
1179 2022 1387 2093 primus
1431 2023 1710 2078 et‘tertius
1737 2021 1838 2077 ﬁlii

234 2124 371 2172 sunt
403 2114 545 2169 Balz'e
574 2114 787 2179 ancillae
824 2113 1099 2179 Rachelis,
1128 2115 1397 2171 secundus
1424 2114 1568 2169 ﬁlius
1592 2114 1833 2183 Zelphze,

233 2206 451 2262 ancillae
474 2206 582 2261 Lia:
610 2206 892 2275 ignobiles,
917 2215 970 2261 et
999 2200 1397 2275 ad'aquiionem
1427 2205 1586 2276 positi
1609 2205 1837 2276 quippe,

234 2296 333 2366 qui
363 2311 428 2350 ex
455 2295 772 2350 ancillarum
800 2296 942 2349 inter
975 2310 1034 2349 se
1064 2296 1441 2350 dissidentium
1466 2296 1638 2365 stirpe
1663 2310 1830 2365 gene-

234 2384 347 2438 rati
399 2392 542 2439 sunt.
596 2383 712 2439 Hoc
751 2384 905 2454 juxta
958 2382 1319 2438 Numerorum
1374 2383 1571 2437 librum
1620 2382 1639 2452 (
1666 2383 1833 2436 Nam.

233 2472 431 2541 xxmv)
466 2478 523 2527 et
567 2472 985 2542 descriptionem
1043 2471 1412 2537 tabernaculi,
1458 2487 1578 2541 quae
1608 2471 1833 2540 iubente

234 2562 369 2619 Deo
395 2559 567 2633 Moysi
607 2568 709 2617 ore
742 2562 946 2617 dictata
981 2570 1082 2617 est.
1143 2557 1340 2617 Nostra
1369 2575 1513 2617 vero'
1540 2562 1681 2618 urbs
1712 2574 1832 2631 qua!

232 2654 325 2708 est
347 2671 365 2703 ι
393 2652 584 2708 civitas
614 2653 776 2724 Regis
803 2653 981 2722 magni
1004 2649 1179 2723 (Paul.
1209 2651 1400 2717 van),
1421 2670 1440 2702 ι
1463 2650 1616 2719 cujus
1636 2650 1832 2707 artifex

232 2750 297 2799 et
338 2742 585 2797 conditor
617 2751 703 2797 est
740 2742 899 2806 Deus,
943 2742 1012 2796 de
1052 2754 1161 2811 qua
1209 2746 1266 2796 et
1302 2739 1590 2795 Psalmista
1636 2742 1828 2795 canit:

241 2851 265 2884 ι
301 2822 577 2901 Numquid
610 2830 740 2885 Sion
785 2830 930 2885 dicet
974 2830 1159 2895 homo,
1203 2838 1261 2886 et
1292 2832 1456 2886 homo
1480 2838 1642 2886 natus
1668 2835 1754 2887 est
1775 2831 1832 2887 in

234 2942 329 2992 ea,
349 2934 408 2981 et
427 2927 546 2998 ipse
573 2924 819 2980 fundavit
853 2932 973 2980 eam
1000 2925 1296 2981 altissimus
1322 2924 1498 2997 (Paul.
1524 2924 1767 2994 Lxxxvt),
1806 2942 1826 2978 ι

232 3019 404 3073 aliam
437 3014 601 3072 habet
638 3016 873 3071 tribuum
913 3016 967 3071 in
1008 3022 1153 3070 terra
1194 3024 1382 3071 sancta
1411 3015 1831 3085 descriptionem

232 3116 297 3163 et
326 3120 638 3162 mensuram
670 3104 926 3170 civitatis,
966 3112 1024 3159 et
1066 3104 1427 3174 possessionis
1468 3103 1736 3169 ordinem,
1775 3111 1833 3159 et

1932 1929 2190 1985 cordibus
2231 1929 2468 1985 insitam.
2520 1927 2677 1985 Unde
2718 1936 2776 1984 et
2817 1928 3059 1999 pontifex
3110 1929 3518 1985 tabernaculum

1931 2019 2209 2091 ingressus
2257 2019 2572 2075 memoriale
2615 2018 2836 2074 Patrum
2884 2021 2939 2075 in
2991 2020 3243 2075 rationali
3286 2021 3525 2089 pectoris

1931 2110 2349 2180 ferre'jubetur.
2399 2129 2420 2161 ι
2455 2112 2536 2167 Ab
2581 2111 2794 2167 oriente
2845 2119 3004 2167 erant
3042 2106 3214 2181 portae
3262 2118 3404 2177 tres,
3453 2098 3533 2167 ab.

1931 2201 2187 2272 aquilone
2227 2209 2398 2271 portae
2444 2208 2575 2268 tres,
2626 2202 2697 2256 ab
2753 2209 2943 2257 austro
2980 2209 3150 2272 porta:
3185 2209 3318 2267 tres,
3358 2209 3415 2257 et
3452 2202 3526 2258 ab

1930 2307 2127 2349 occasu
2174 2300 2350 2360 portas
2390 2299 2518 2347 tres.
2550 2310 2569 2343 ι
2607 2290 2720 2346 Hac
2751 2300 2863 2346 tam
2911 2292 3097 2348 solerti
3144 2307 3272 2348 reor
3320 2291 3525 2347 descri~
3606 2277 3619 2283 ’

1928 2383 2114 2453 ptione
2158 2389 2438 2451 portarum
2477 2381 2791 2437 duodenarii
2832 2382 3042 2437 numeri
3081 2382 3257 2437 voluit
3283 2381 3525 2437 indicare

1929 2471 2248 2542 mysterium
2285 2492 2298 2524 :
2335 2485 2446 2540 quo
2490 2470 2693 2527 idcirco
2737 2471 2823 2526 vel
2891 2482 3101 2527 summa
3153 2471 3525 2543 apostolorum

1929 2560 2014 2615 vel
2064 2558 2321 2615 Ecclesia:
2362 2559 2437 2614 sit
2480 2558 2709 2630 ﬁgurata
2754 2559 3040 2629 perfectio,
3087 2562 3214 2630 quia
3260 2574 3359 2630 per
3401 2576 3523 2616 eam

1931 2650 2050 2706 orbi
2070 2650 2340 2720 quadrato
2359 2657 2563 2706 sanctae
2584 2650 2872 2707 Trinitatis
2890 2660 3023 2708 erat
3038 2651 3173 2706 ﬁdes
3197 2650 3521 2707 intimanda.

1938 2740 2057 2794 «Et
2079 2755 2269 2795 murus
2307 2739 2545 2796 civitatis
2579 2740 2814 2795 habebat
2842 2739 3193 2796 fundamenta
3216 2740 3523 2805 duodecim,

1931 2838 1987 2885 et
2011 2828 2065 2884 in
2105 2828 2238 2899 ipsis
2273 2830 2554 2886 duodecim
2591 2830 2811 2885 nomina
2842 2830 3124 2887 duodecim
3154 2830 3526 2901 apostolon

1931 2927 1987 2975 et
2012 2919 2184 2991 Agni;
2217 2938 2236 2972 ι
2266 2922 2409 2989 quod
2428 2929 2572 2976 usuut
2604 2929 2797 2990 portae,
2837 2922 2940 2979 hoc
2976 2921 3352 2989 fundamenta,
3379 2923 3527 2992 quod

1931 3010 2125 3066 civitas
2175 3010 2280 3066 hoc
2323 3023 2533 3066 murus.
2582 3010 2815 3066 Possunt
2866 3020 3049 3068 autem
3097 3019 3152 3068 et
3201 3013 3527 3082 patriarcha

1933 3100 2421 3159 fundamentorum
2446 3102 2710 3159 vocabulo
2753 3103 3048 3173 designari,
3094 3104 3185 3173 qui
3226 3105 3444 3161 nomina
3471 3103 3528 3158 in

228 3199 431 3271 plagas
478 3198 712 3252 tribuum
756 3196 1111 3268 singularum.
1174 3196 1413 3251 Primum
1465 3195 1611 3251 enim
1657 3195 1829 3266 plaga
1854 3182 1907 3275 C_
1930 3207 1991 3248 se
2020 3192 2405 3262 apostolorum,
2440 3193 2491 3247 id
2520 3201 2622 3256 est,
2659 3192 2885 3263 ﬁguram
2916 3195 3208 3251 tenuerint.
3258 3195 3366 3252 Per
3405 3195 3526 3253 illos

231 3286 511 3357 aquilonis
533 3293 901 3357 opponuntur,
930 3293 1042 3340 tres
1068 3294 1257 3354 portae,
1298 3283 1415 3339 sive
1442 3284 1622 3339 exitus
1642 3284 1831 3339 civitas

232 3378 335 3443 tis,
366 3392 593 3448 quorum
624 3384 708 3432 est
737 3375 1129 3453 primogenitus
1154 3374 1364 3440 Ruben,
1388 3381 1444 3429 et
1477 3372 1645 3439 Iudas
1667 3374 1829 3445 regiae

236 3468 435 3539 stirpis
468 3477 675 3534 auctor,
702 3476 757 3524 et
779 3468 909 3522 Levi
939 3482 1100 3538 super
1127 3467 1283 3538 cujus
1308 3468 1527 3523 nomine
1562 3467 1619 3521 in
1646 3467 1830 3523 taber-

234 3559 438 3616 naculo
482 3568 539 3615 et
583 3575 867 3617 sacrorum
895 3558 1258 3629 descriptione
1295 3557 1372 3613 nil
1400 3557 1608 3613 dictum
1635 3565 1738 3622 est,
1771 3566 1832 3612 ut

230 3642 601 3721 primogenita
625 3649 966 3719 possidentes
985 3648 1142 3719 quasi
1164 3658 1341 3719 genus
1363 3647 1543 3718 regale
1563 3656 1620 3704 et
1645 3650 1829 3706 sacer-

234 3741 441 3808 dotale,
463 3742 734 3813 aquilonis
759 3742 960 3813 frigora
976 3749 1406 3797 contemnamus.
1432 3740 1682 3796 Secundo
1704 3755 1832 3796 vero

233 3833 311 3890 ad
341 3834 605 3889 orientem
636 3841 718 3889 est
738 3832 957 3903 Ioseph,
986 3831 1265 3902 Beniamin
1297 3839 1357 3888 et
1381 3830 1519 3898 Dan,
1548 3829 1708 3886 ambo
1738 3831 1831 3886 ﬁlii

231 3924 446 3982 Rachel
473 3910 529 3981 et
553 3940 694 3980 unus
716 3924 860 3980 Baias
896 3924 1103 3980 ancillae
1128 3923 1265 3993 ejus,
1298 3925 1368 3978 ad
1395 3923 1675 3978 meridiem
1702 3936 1834 3978 vero

241 4014 490 4081 Simeon,
539 4013 809 4079 Issacbar,
834 4013 1096 4079 Zabulon,
1124 4014 1218 4083 qui
1264 4020 1373 4068 tres
1401 4012 1514 4068 Lia:
1553 4012 1649 4066 ﬁlii
1681 4018 1828 4067 sunt.

233 4103 411 4160 Porro
463 4106 531 4159 ad
573 4104 910 4159 occidentem
950 4102 1102 4169 Gad,
1144 4103 1316 4167 Aser,
1366 4112 1424 4158 et
1471 4102 1778 4172 Nephtalim
1815 4118 1827 4155 :

235 4208 471 4264 quorum
498 4175 708 4263 priores
737 4195 843 4247 duo
887 4191 981 4245 ﬁlii
1018 4191 1232 4260 Zelpbaa
1269 4198 1397 4247 sunt
1436 4189 1644 4246 ancillae
1670 4189 1782 4246 Liae
1815 4207 1828 4243 :

235 4284 438 4338 tertius
464 4283 605 4338 ﬁlius
624 4282 766 4337 Bake
790 4282 997 4337 ancillae
1019 4282 1274 4337 Rachelis
1298 4301 1311 4336 :
1346 4301 1365 4334 ι
1390 4281 1524 4349 Quis
1540 4283 1759 4352 sapiens
1779 4288 1844 4339 et

235 4371 491 4440 intelligit
538 4371 675 4437 haec,
717 4370 1023 4440 intelligens
1064 4379 1118 4426 ct
1148 4378 1436 4443 cognoscet
1469 4370 1570 4425 ea?
1604 4390 1622 4422 ι
1656 4366 1828 4440 (Ptol.

235 4463 375 4525 cvi.)
407 4461 541 4528 Quia
574 4469 735 4516 rectae
761 4462 862 4516 viae
889 4461 1103 4515 Domini
1140 4462 1346 4532 etjusti
1393 4461 1747 4516 ambulabunt
1778 4460 1831 4513 in

234 4554 344 4614 eis,
388 4568 406 4601 ι
436 4551 877 4620 praevaricatores
915 4559 1098 4606 autem
1144 4552 1400 4606 c0rruent
1436 4550 1493 4605 in
1530 4550 1637 4605 illis
1680 4549 1831 4620 (Ore.-

236 4644 422 4716 XiV).1
459 4636 877 4699 liasduodecim
905 4640 1092 4714 portas
1116 4643 1432 4699 siveexitus
1450 4654 1551 4713 pro
1572 4639 1833 4710 qualitate

233 4734 563 4789 memorum
614 4740 777 4803 atque
825 4733 1087 4787 virtutum
1145 4730 1373 4802 singulis
1425 4730 1673 4785 tribubus
1730 4730 1831 4785 sub

236 4823 556 4894 apostolicis
606 4832 662 4879 et
710 4823 1148 4895 patriarcharum
1223 4821 1532 4878 nominibus
1595 4822 1833 4878 arbitror

235 4915 536 4987 delegatas’,
577 4916 644 4970 de
682 4916 879 4986 quibus
911 4924 967 4969 et
1000 4915 1057 4969 in
1082 4912 1403 4985 Apocalypsi
1430 4911 1655 4969 Ioannis
1681 4927 1833 4983 aper-

237 5004 353 5060 tius
376 5004 652 5069 scribitur,
681 5014 735 5059 et
770 5004 935 5058 multa
967 5002 1713 5073 divinarum-scripturarum
1743 5018 1830 5057 sa-

238 5104 523 5152 cramenta
571 5090 856 5153 testantur.
891 5096 1126 5169 (:Bedu.)
1153 5094 1299 5150 Nam
1325 5103 1393 5152 et
1424 5093 1477 5149 in
1508 5093 1829 5164 Apocalypsi

236 5189 315 5244 ‘de
342 5188 428 5243 his
460 5187 646 5259 p‘oi‘tis
664 5189 907 5259 mySticze
926 5189 1287 5244 civitatlsDei
1320 5189 1393 5243 ita
1421 5188 1682 5257 scriptum
1706 5193 1826 5241 est:

247 5297 269 5331 ‹
302 5266 382 5334 Et
398 5278 873 5334 habebatzmumm
898 5288 1161 5350 magnum
1180 5285 1234 5333 et
1256 5278 1433 5334 altum
1452 5278 1686 5333 habebat
1707 5291 1833 5347 por-

238 5378 332 5426 tas
377 5370 678 5435 duodecim,
732 5379 788 5426 et
828 5372 883 5425 in
931 5371 1105 5440 portis
1146 5372 1371 5443 angulos
1415 5370 1721 5434 duodecim,
1774 5378 1832 5425 et

240 5461 465 5516 nomina
490 5462 714 5531 scripta,
738 5468 863 5532 qu'ze‘
881 5464 1011 5518 sunt
1034 5462 1251 5517 nomina
1281 5459 1566 5517 duodecim
1593 5461 1828 5517 tribuum

212 5547 481 5607 (ﬁliorum
522 5551 708 5618 Israel,
751 5553 1065 5607 ab‘orieute
1104 5558 1273 5621 porta)
1313 5558 1444 5614 tres,
1472 5551 1542 5606 ab
1580 5550 1831 5621 aquilone

240 5650 416 5716 portas
443 5655 578 5709 tres,
610 5653 668 5702 et
705 5646 774 5701 ab
820 5648 1004 5702 austro
1034 5652 1205 5716 portio
1248 5652 1380 5708 tres,
1425 5654 1483 5699 et
1527 5644 1826 5700 abscessu

246 5742 419 5806 portae
448 5745 601 5791 tres:
639 5744 696 5792 et
732 5746 921 5792 murus
952 5735 1188 5791 civitatis
1234 5735 1442 5795 habens
1480 5733 1825 5791 fundamenta

1930 3282 2075 3338 enim
2123 3282 2364 3336 fundata
2397 3283 2513 3336 haec
2560 3282 2785 3347 civitas,
2828 3285 3078 3351 quamvis
3110 3300 3209 3354 per
3251 3284 3527 3354 apostolos

1929 3373 2083 3444 quasi
2123 3386 2223 3443 per
2261 3380 2448 3443 portas
2491 3372 2656 3427 latius
2693 3372 2985 3429 credituris
3018 3374 3092 3428 sit
3131 3385 3319 3444 aperta
3351 3377 3524 3431 natio-

1929 3463 2106 3539 nibus.
2156 3463 2225 3519 Et
2272 3462 2598 3529 natandum,
2647 3464 2791 3533 quod
2834 3463 3186 3520 fundamenta
3229 3480 3353 3520 cum
3408 3466 3527 3536 plu-

1931 3557 2115 3614 raliter
2146 3557 2413 3620 dicantur,
2463 3557 2717 3611 doctores
2765 3553 2849 3611 vel
2890 3554 3119 3611 virtutes
3163 3555 3422 3611 Ecclesia:
3455 3557 3527 3613 si-

1929 3646 2190 3721 gnificant
2216 3667 2229 3703 :
2259 3662 2382 3707 cum
2416 3662 2548 3703 vero
2590 3646 2957 3718 singulariter,
3002 3646 3178 3717 ipsum
3216 3645 3525 3717 significare

1932 3740 2238 3805 Dominum,
2292 3740 2383 3810 qui
2434 3746 2519 3794 est
2562 3737 2976 3792 fundamentum
3026 3734 3521 3792 fundamentorum.

1932 3818 2200 3904 (Hieron)
2227 3821 2303 3884 Et
2334 3824 2557 3885 necesse
2604 3837 2687 3884 est
2715 3826 2779 3883 ut
2804 3828 2927 3883 talis
2978 3827 3173 3883 civitas
3226 3827 3417 3884 decem
3463 3835 3521 3884 et

1930 3931 2055 3978 octo
2100 3921 2326 3977 millium
2355 3936 2456 3991 per
2481 3921 2766 3976 circuitum
2798 3929 2984 3976 teneat
3010 3920 3346 3978 calamorum
3367 3962 3382 3987 ,
3419 3919 3525 3976 sub

1933 4028 2040 4085 quo
2066 4028 2293 4069 numero
2332 4021 2389 4068 et
2438 4012 2491 4067 in
2521 4012 2961 4068 duodevicesimo
2989 4011 3199 4083 psalmo
3237 4011 3325 4068 lex
3375 4020 3529 4073 natu:

1933 4104 2063 4158 ralis
2103 4112 2160 4159 et
2186 4104 2387 4173 scripta
2414 4102 2698 4172 gratiaque
2725 4101 3007 4173 Evangelii
3038 4101 3383 4167 describitur,
3406 4101 3527 4171 qui-

1932 4196 2033 4250 bus
2060 4194 2323 4259 Ecclesia,
2356 4195 2409 4250 id
2442 4200 2547 4259 est,
2591 4194 2720 4249 urbs
2768 4182 3068 4249 Salvatoi-is
3116 4201 3390 4250 exstructa
3418 4203 3521 4249 est.

1933 4286 2139 4343 Nomen
2179 4301 2394 4356 quoque
2438 4286 2610 4356 ipsius
2635 4285 2874 4340 civitatis
2928 4300 3268 4355 nequaquam
3306 4284 3413 4338 erit
3463 4290 3525 4338 ut

1935 4376 2086 4446 prius
2119 4375 2511 4449 Hierosolyma,
2550 4391 2671 4446 quas
2721 4376 3115 4445 interpretatur
3164 4375 3288 4429 visio
3334 4375 3522 4444 pacis:

1902 4458 1907 4539 ί
1935 4468 2029 4522 sed
2059 4467 2366 4523 Adonaisan
2412 4466 2837 4539 [Adonaisama],
2867 4466 3011 4536 quod
3034 4467 3089 4522 in
3118 4466 3371 4521 Latinum
3407 4480 3525 4522 ser-

1937 4570 2153 4613 monem
2177 4560 2411 4614 vertitur
2460 4557 2720 4611 Damius:
2766 4555 2982 4620 ibidem,
3008 4556 3109 4625 qui
3134 4570 3409 4625 nunquam
3436 4570 3527 4611 re-

1933 4646 2093 4702 cedat
2115 4647 2199 4702 ab
2213 4662 2300 4712 ea,
2331 4651 2392 4700 ut
2423 4661 2454 4699 a
2482 4646 2653 4715 priori
2698 4644 2894 4715 populo
2917 4653 3046 4700 ante
3065 4646 3315 4702 discessit
3336 4646 3524 4704 dicens

1936 4738 2004 4793 ad
2059 4724 2353 4807 discipulos
2399 4752 2412 4789 :
2484 4753 2503 4786 ι
2551 4733 2803 4806 Surgite,
2857 4735 3114 4791 abeamus
3161 4736 3288 4792 hinc
3337 4734 3518 4807 (Joan.

1936 4827 2070 4900 inv).
2124 4846 2142 4879 ι
2182 4828 2252 4882 Ει
2292 4827 2361 4881 ad
2404 4824 2659 4882 Judazos:
2692 4844 2715 4877 ε
2749 4825 3111 4896 Relinquetur
3151 4826 3305 4882 vobis
3330 4827 3524 4885 domus

1935 4926 2133 4974 vestra
2157 4917 2372 4973 deserta
2421 4915 2576 4987 (Luc.
2623 4916 2767 4985 xui),
2812 4933 2834 4968 ι
2867 4915 2963 4972 sed
3015 4922 3274 4973 teternam
3324 4915 3524 4971 habeat

1930 5007 2353 5076 possessionem,
2367 5016 2431 5063 et
2446 5007 2521 5063 sit
2531 5007 2581 5062 ei
2599 5007 3014 5076 ipSep‘ossessio,
3032 5006 3223 5063 iisdem
3244 5006 3524 5078 discipulis

1934 5099 2318 5170 repromittens
2345 5118 2359 5153 :
2395 5117 2414 5152 ι
2458 5099 2609 5155 Ecce
2636 5114 2738 5171 ego
2761 5099 3048 5156 vobiscum
3078 5112 3250 5171 usque
3278 5099 3347 5155 ad
3389 5112 3495 5154 con

1933 5190 2351 5246 summati'onem
2392 5190 2577 5246 saeculi
2604 5189 2822 5263 (Matth.
2878 5189 3100 5259 ιιινιιι),
3145 5209 3166 5243 ι
3210 5199 3267 5244 et
3307 5188 3401 5256 qui
3450 5186 3519 5243 ad

1937 5282 2154 5338 Patrem
2187 5283 2414 5353 loquens
2438 5284 2513 5338 ait
2544 5300 2558 5338 :
2600 5301 2619 5334 ι
2654 5284 2819 5338 Pater
2843 5292 2979 5354 quos
3007 5282 3201 5339 dediin
3230 5281 3364 5336 mihi
3395 5279 3520 5335 volo

1935 5383 1996 5426 ut
2021 5371 2110 5426 ubi
2144 5380 2247 5443 ego
2264 5378 2409 5436 sum,
2438 5371 2732 5428 etilli'sint
2758 5380 3079 5437 mecumyut
3115 5371 3338 5427 videant
3357 5368 3521 5426 clari-

1936 5470 2104 5517 tatem
2122 5470 2319 5530 meam,
2356 5474 2524 5533 quam
2564 5463 2762 5521 dedisti
2801 5463 2958 5529 mihi,
2988 5461 3117 5531 quia
3143 5460 3379 5517 dilexisti
3429 5475 3521 5517 me

1935 5560 2063 5608 ante
2084 5551 2529 5609 constitutionem
2569 5553 2757 5611 mundi
2780 5551 2961 5624 (Iaca.
2988 5549 3140 5623 xvn).
3170 5570 3189 5603 ι
3223 5550 3517 5624 (Matinum)

1934 5641 2012 5697 De
2032 5643 2135 5699 bac
2163 5654 2295 5716 ergo
2312 5644 2647 5702 beatitudine
2662 5643 2901 5702 visionis
2919 5642 3039 5709 Dei,
3070 5643 3160 5698 ubi
3194 5644 3371 5705 sancti
3388 5658 3514 5707 cum

1939 5735 2166 5793 Domino
2210 5737 2521 5809 condebant
2581 5737 2634 5793 in
2676 5743 2938 5792 aeternum
2960 5773 2976 5801 ,
3014 5741 3075 5789 et
3117 5733 3185 5790 do
3228 5733 3513 5805 praesentia
