4028 6196
423 5349 438 5354 ’
507 5357 730 5415 scopum

519 340 658 398 1083

1155 343 1216 398 ιι.
1257 340 1508 396 sanam
1546 337 1768 396 usum
1804 296 2124 394 ARCHIEP.
2167 336 2482 394 uocum.
2520 335 2807 393 OPERUM
2839 335 3021 392 rans
3056 335 3119 391 ιι.

3632 337 3774 396 ιοει

519 457 653 527 ejus,
679 457 796 512 sine
826 458 1123 512 cessatione
1161 464 1216 509 et
1249 455 1453 524 absque
1493 447 1601 508 ullo
1627 452 1862 508 termino
1895 451 2087 506 lmtan-
2116 459 2169 516 Α
2191 451 2310 507 sine
2349 451 2569 506 laesione
2589 459 2788 506 nostra:
2819 451 3168 506 beatitudinis
3206 453 3635 510 recordabimur.
3667 451 3789 510 Ple-

520 555 626 604 tur,
660 544 833 613 qualis
876 545 965 608 sit,
999 543 1281 598 Psalmista
1329 542 1564 612 explicat
1609 541 1838 596 dicens:
1875 559 1893 592 ι
1939 539 2091 595 Beati

520 635 610 704 qui
639 634 882 689 habitant
904 635 956 688 in
978 633 1137 689 domo
1162 645 1269 698 tua,
1290 634 1534 699 Domine,
1551 634 1603 687 iu
1632 633 1888 688 saeculum
1912 632 2094 688 saeculi

520 726 810 780 laudabunt
834 724 1072 796 te(Psal.
1099 725 1360 798 Lxxxm);
1393 746 1410 777 ι
1443 741 1567 779 nam
1600 726 1644 780 si
1673 727 1861 779 beatus
1886 725 1975 779 hic
1998 724 2096 777 ha-

521 824 678 870 betur
704 815 791 868 cui
821 815 887 868 ad
916 824 1125 884 tempus
1153 815 1333 868 omnia
1380 814 1616 868 secunda
1646 815 1958 883 procedunt,
1996 827 2096 866 nec

519 905 696 974 aliqua
720 905 1043 959 adversitate
1068 907 1394 970 concutitur,
1422 905 1548 974 quid
1573 906 1636 959 de
1657 905 1743 958 illa
1766 905 2097 959 beatitudine

519 996 840 1061 sentiemus,
871 996 958 1050 cui
991 1011 1091 1051 nec
1135 997 1187 1050 in
1236 997 1494 1065 qualitate
1537 1012 1637 1050 nec
1675 997 1728 1050 in
1761 996 2098 1066 perennitate

518 1084 810 1154 quidquam
840 1087 1014 1141 simile
1047 1089 1344 1158 reperitur?
1393 1089 1500 1144 Sed
1529 1090 1652 1158 quia
1690 1088 1940 1143 humanis
1977 1103 2099 1142 ver-

521 1176 602 1230 bis
649 1178 752 1230 hoc
801 1178 999 1231 bonum
1049 1194 1155 1233 non
1186 1189 1362 1249 potest
1409 1181 1683 1250 explicari,
1731 1189 1910 1233 tamen
1956 1178 2098 1233 unde

520 1267 800 1336 proveniat
829 1284 932 1321 non
959 1277 1184 1334 tacetur,
1201 1271 1331 1324 dicit
1355 1272 1498 1326 enim
1527 1288 1583 1325 ζ(
1605 1271 1921 1326 Laudabunt
1946 1280 1995 1324 te
2027 1288 2039 1322 :
2075 1289 2092 1322 ι

520 1358 648 1414 [nde
677 1369 758 1415 est
806 1362 1002 1431 quippe
1051 1363 1138 1417 illa
1187 1364 1463 1420 beatitudo
1489 1366 1786 1430 mirabilis,
1833 1380 1994 1434 quam
2041 1373 2102 1419 ut

519 1457 774 1503 aeternam
800 1450 1142 1520 intelligeres,
1166 1452 1389 1521 subjecit
1417 1473 1429 1508 :
1454 1475 1471 1505 ‹
1499 1455 1557 1508 In
1589 1455 1838 1508 saeculum
1858 1454 2094 1509 saeculi.»

523 1535 628 1591 Sed
659 1539 833 1606 qualis
860 1554 991 1610 rogo
1027 1541 1168 1596 illius
1199 1544 1381 1597 smculi
1413 1553 1642 1598 ventura
1670 1544 1854 1597 laetitia
1886 1552 1988 1608 est,
2013 1543 2102 1597 ubi

521 1629 739 1682 dabitur
768 1632 983 1700 c0piose
1013 1634 1269 1703 gaudere,
1312 1644 1366 1689 et
1409 1651 1685 1705 nunquam
1724 1636 1792 1690 ab
1836 1650 1901 1690 ea
1945 1649 2104 1706 posse

519 1719 833 1775 discedere?
865 1722 1033 1778 Electi
1068 1739 1198 1795 ergo
1244 1740 1452 1790 omnes,
1486 1727 1674 1780 laudes
1715 1735 1768 1780 et
1796 1727 2104 1782 misericor-

2198 555 2423 610 rumque
2465 540 2612 596 enim
2662 540 3046 596 incolumitatis
3070 549 3312 612 tempore
3357 542 3426 596 ad
3464 545 3784 599 memoriam

2196 632 2411 688 dolores
2448 632 2749 702 praeteritos
2802 632 2921 687 sine
2959 631 3146 686 dolore
3188 631 3528 698 reducimus,
3585 643 3644 688 et
3667 648 3775 704 quo

2195 737 2367 792 aegros
2422 721 2710 776 recolimus
2736 761 2751 785 ,
2810 735 2876 776 eo
2944 736 3044 776 nos
3105 720 3405 776 incolumes
3451 722 3573 791 plus
3638 739 3786 778 ama-

2197 829 2334 868 mus.
2403 813 2495 869 Sic
2535 829 2665 884 ergo
2719 813 2825 868 erit
2877 822 2932 868 et
2992 815 3046 868 in
3090 814 3180 867 illa
3216 814 3551 870 beatitudine
3613 815 3784 884 culpa:

2196 904 2476 968 memoria,
2507 918 2612 958 non
2647 917 2768 972 qua:
2801 911 2984 958 mente
3029 903 3249 972 polluat,
3279 905 3374 959 sed
3420 919 3542 973 qua:
3583 903 3785 958 laetitiae

2199 994 2400 1047 arctius
2448 992 2734 1062 astringat,
2775 1000 2837 1046 ut
2893 992 3023 1047 dum
3063 992 3262 1047 doloris
3302 993 3386 1047 sui
3427 994 3644 1048 animus
3667 975 3784 1049 sine

2199 1083 2383 1138 dolore
2408 1084 2792 1147 reminiscitur,
2818 1084 2942 1138 inde
2966 1099 3027 1140 se
3053 1085 3122 1140 ad
3145 1084 3354 1154 gratias
3394 1085 3655 1156 agendas,
3683 1085 3784 1143 de-

2198 1178 2430 1232 bitorem
2463 1177 2582 1231 fieri
2607 1192 2705 1231 suo
2727 1177 2937 1232 medico
2976 1177 3160 1232 verius
3203 1176 3456 1241 fateatur,
3493 1185 3553 1231 ut
3573 1193 3640 1232 eo
3668 1192 3787 1231 ma.

2199 1269 2282 1340 gis
2303 1277 2579 1338 acceptam
2608 1269 2838 1324 salutem
2880 1269 3090 1337 diligat,
3137 1283 3244 1337 quo
3274 1268 3343 1322 de
3383 1267 3635 1322 molestia
3676 1283 3789 1322 me-

2201 1360 2358 1413 minit
2400 1359 2532 1427 quid
2566 1359 2760 1413 evasit.
2788 1358 2846 1412 ιιι
2883 1367 3148 1414 aeternum
3168 1373 3299 1428 ergo
3323 1359 3540 1412 laudem
3567 1359 3786 1413 miseri-

2201 1453 2396 1506 cordiae
2433 1451 2707 1521 largitoris
2748 1451 2922 1506 nostri
2973 1449 3282 1514 referimus,
3327 1457 3384 1505 et
3437 1465 3788 1520 nequaquam

2202 1543 2434 1596 miseriae
2460 1541 2790 1599 conscientia
2818 1555 3147 1611 gravamur:
3179 1541 3311 1608 quia
3347 1540 3478 1594 dum
3512 1539 3654 1593 mala
3689 1555 3790 1594 no—

2202 1640 2315 1686 stra
2345 1632 2463 1686 sine
2501 1632 2681 1700 aliquo
2721 1631 2918 1686 mentis
2960 1629 3103 1684 malo
3150 1629 3508 1699 respicimus;
3561 1638 3618 1684 et
3653 1646 3789 1683 nun-

2205 1738 2364 1792 quam
2425 1725 2551 1787 erit,
2601 1723 2744 1791 quod
2781 1721 2947 1776 corda
2989 1719 3327 1774 laudantium
3372 1719 3441 1772 de
3498 1722 3789 1774 transactis

518 1807 636 1862 dias
666 1808 877 1864 Domini
907 1811 1074 1868 libere
1100 1814 1154 1868 in
1190 1818 1493 1871 :eternitate
1517 1819 1832 1882 cantabunt,
1863 1817 1954 1871 ubi
1991 1817 2102 1886 jam
2133 1833 2180 1892 Β
2207 1813 2582 1881 iniquitatibus
2617 1811 2838 1881 polluat,
2869 1818 2925 1864 et
2962 1825 3176 1880 semper
3212 1811 3338 1876 erit,
3376 1811 3526 1878 quod
3569 1812 3684 1864 haec
3719 1811 3787 1865 ad

518 1897 584 1952 de
613 1901 817 1968 peccati
847 1903 1003 1957 venia
1034 1904 1278 1960 dubietas
1305 1922 1411 1960 non
1436 1909 1555 1973 erit,
1590 1909 1681 1962 ubi
1714 1907 1830 1976 jam
1855 1923 2099 1962 securam

511 1998 754 2069 ‘mentem
786 1992 954 2063 culpae
1001 2011 1112 2048 suae
1142 2000 1403 2053 memoria
1451 2015 1556 2055 non
1613 2001 1832 2066 addicit,
1863 2000 1954 2054 ubi
1996 2013 2101 2054 non

518 2081 618 2136 sub
649 2090 800 2136 reatu
842 2083 1054 2140 animus
1085 2088 1336 2156 trepidat,
1386 2090 1480 2143 sed
1509 2089 1626 2158 ejus
1674 2089 2004 2160 indulgentia
2043 2088 2104 2142 li-

517 2167 615 2222 ber
639 2169 893 2254 exsultat.
929 2171 1062 2225 Nam
1093 2174 1139 2227 si
1180 2174 1232 2227 in
1273 2174 1360 2229 illa
1388 2185 1589 2230 aeterna
1619 2177 1728 2230 vita
1760 2177 1921 2230 homo
1957 2175 2102 2230 nulla

516 2257 726 2326 peccati
773 2259 1030 2314 memoria
1083 2263 1342 2333 tangitur,
1371 2271 1618 2334 ereptum
1649 2280 1707 2319 se
1737 2265 1877 2319 unde
1921 2273 2104 2335 gratu-

516 2343 697 2397 latur?
727 2352 820 2398 aut
847 2349 1119 2414 quomodo
1145 2348 1386 2420 largitori
1411 2351 1615 2422 gratias
1649 2350 1815 2407 refert
1850 2352 1918 2406 de
1945 2353 2102 2407 venia

515 2450 678 2504 quam
707 2435 938 2504 accepit,
969 2437 1013 2492 si
1063 2438 1461 2496 interveniente
1503 2443 1774 2499 oblivione
1816 2452 2103 2499 transactae

515 2525 774 2593 nequitiae
797 2537 919 2579 esse
945 2541 1004 2580 se
1033 2543 1206 2597 paena:
1233 2530 1536 2587 debitorem
1562 2533 1758 2598 nescit,
1785 2541 1840 2588 et
1868 2533 1913 2587 si
1939 2533 2102 2588 mise-

515 2614 613 2669 ria:
644 2621 932 2669 transacta:
960 2632 1065 2671 non
1105 2621 1376 2687 meminit,
1424 2623 1568 2676 unde
1595 2637 1696 2692 pro
1725 2622 1975 2693 largitate
1999 2621 2098 2676 mi-

515 2705 824 2760 sericordia:
872 2707 1058 2764 laudes
1111 2710 1340 2770 reddit?
1397 2708 1758 2782 Quaerendum
1813 2728 1942 2786 ergo
1997 2724 2102 2780 est,

511 2799 784 2864 quomodo
824 2801 1117 2857 electorum
1147 2817 1302 2858 mens
1334 2805 1579 2874 perfecta
1620 2819 1740 2861 esse
1781 2805 1836 2858 in
1869 2805 2104 2860 beatitu-

513 2885 640 2943 dine
677 2891 876 2958 possit;
911 2893 956 2946 si
986 2894 1126 2949 hanc
1159 2895 1301 2948 inter
1325 2896 1520 2965 gaudia
1563 2897 1825 2951 memoria
1863 2897 1948 2951 sui
1971 2910 2097 2950 rea-

517 2986 604 3033 tus
657 2982 860 3051 tangit?
910 2991 1003 3037 aut
1043 2986 1313 3052 quomodo
1368 2985 1618 3054 perfecta:
1672 2987 1806 3040 lucis
1854 2986 2109 3042 clarescit

513 3067 713 3137 gloria,
763 3087 926 3140 quam
958 3073 1177 3129 reducta
1224 3076 1292 3129 ab
1346 3076 1528 3131 animo
1575 3077 1864 3133 obumbrat
1913 3076 2106 3148 culpa?

2206 1903 2419 1957 laudem
2466 1902 2772 1956 liberatoris
2823 1901 3103 1956 accendat.
3157 1899 3296 1954 Hinc
3329 1914 3550 1970 quoque
3593 1898 3788 1954 Paulus

2203 1994 2480 2064 apostolus
2513 1993 2949 2064 Pbilippensibus
2980 1995 3057 2047 ait
3100 2011 3112 2046 :
3165 2013 3181 2044 ι
3213 1992 3408 2048 Nostra
3447 1992 3789 2047 conversatio

2204 2085 2258 2139 in
2299 2085 2453 2140 catis
2499 2093 2621 2140 est:
2653 2085 2795 2140 unde
2823 2085 2987 2138 etiam
3028 2083 3362 2138 Salvatorem
3405 2092 3787 2151 exspectamus

2201 2176 2384 2233 Jesum
2415 2176 2712 2242 Christum,
2745 2177 2838 2246 qui
2888 2175 3205 2230 reformavit
3241 2190 3441 2244 corpus
3464 2174 3788 2228 humilitatis

2204 2276 2420 2330 nostrze,
2451 2267 2845 2335 conﬁguratum
2872 2265 3088 2334 corpori
3113 2263 3384 2318 claritatis
3413 2278 3528 2317 suae
3566 2259 3783 2336 (Philip.

2206 2355 2310 2427 ιιι).
2340 2375 2357 2407 ι
2389 2356 2562 2410 Erunt
2600 2356 2743 2410 enim
2778 2363 2906 2410 tunc
2931 2355 3229 2410 electorum
3266 2368 3500 2424 corpora
3541 2353 3787 2409 claritate

2203 2445 2469 2501 Dominici
2491 2445 2739 2515 corporis
2787 2445 3154 2514 conﬁgurata;
3189 2458 3310 2513 qua:
3367 2443 3472 2497 etsi
3516 2439 3790 2511 mqualitao

2206 2541 2317 2589 tem
2355 2532 2542 2604 gloria:
2577 2531 2696 2600 ejus
2724 2547 2833 2587 non
2876 2533 3077 2586 habent
3109 2547 3208 2601 per
3246 2539 3538 2596 naturam,
3601 2529 3788 2585 simili-

2205 2624 2446 2680 tudinem
2489 2633 2670 2679 tamen
2703 2623 3144 2694 conﬁgurationis
3171 2622 3371 2677 habent
3414 2636 3511 2690 per
3534 2620 3784 2690 gratiam.

2207 2713 2342 2781 Quia
2387 2715 2570 2784 itaque
2611 2713 2908 2768 similitudo
2936 2713 3053 2783 ejus
3099 2713 3225 2766 vita:
3274 2725 3421 2766 nunc
3453 2711 3507 2765 in
3545 2709 3790 2765 moribus

2207 2806 2442 2860 trahitur
2468 2805 2781 2869 electorum,
2829 2813 2960 2859 tunc
3002 2804 3056 2858 in
3102 2801 3507 2858 resurrectione
3542 2799 3790 2870 sequitur

2208 2895 2503 2951 similitudo
2527 2895 2850 2950 aeternitatis
2891 2895 2946 2948 in
2995 2902 3213 2958 mente;
3242 2892 3503 2962 quoniam
3529 2911 3547 2942 ‹
3587 2889 3788 2945 videbi-

2208 3001 2328 3041 mus
2350 3001 2470 3041 eum
2499 2986 2660 3040 sicuti
2697 2995 2780 3040 est
2819 2985 2872 3055 (I
2897 2985 3057 3039 Joan.
3084 2984 3188 3055 ιιι),
3223 3003 3243 3036 ι
3288 2993 3345 3038 et
3360 2983 3516 3052 juxta
3545 2981 3782 3050 Prophe-

2210 3084 2318 3130 tam
2345 3095 2358 3129 :
2387 3094 2405 3126 ι
2433 3075 2858 3145 Adimplebimur
2880 3076 3064 3129 laetitia
3086 3090 3210 3129 cum
3236 3075 3385 3128 vultu
3413 3089 3533 3138 suo,
3557 3071 3788 3127 delecta-

513 3156 623 3212 Sed
673 3157 952 3217 sciendum
1010 3172 1111 3228 est,
1156 3165 1283 3234 quia
1330 3165 1471 3220 sicut
1509 3181 1650 3237 sazpe
1673 3182 1815 3222 nunc
1869 3167 2105 3222 tristium
2134 3178 2178 3240 ρ
2210 3169 2490 3237 tionesque
2516 3177 2713 3222 nostra:
2735 3175 2894 3221 erunt
2919 3167 2974 3220 in
3015 3167 3238 3220 dextera
3261 3163 3377 3233 ejus
3414 3178 3587 3232 usque
3626 3162 3683 3216 in
3726 3161 3784 3214 ti-

514 3245 627 3305 Imti
693 3251 1132 3322 reminisLimur,
1185 3256 1259 3311 ita
1301 3247 1442 3313 nunc
1501 3267 1786 3314 transacta
1843 3260 2100 3330 nequitia!

763 3412 1176 3424 m—

2206 3273 2330 3313 nem
2366 3258 2537 3329 (Psal.
2564 3259 2675 3329 xv).
2714 3279 2732 3308 ι

520 3402 3780 3448 ==========================================================================I

1117 3571 1689 3686 BEATI
1765 3577 2520 3689 ΒΔΒΔΝΙ
2585 3575 3196 3690 ΜΔΠΒῙ

1242 3783 1628 3844 FULDENSIS
1664 3786 1958 3845 ABBATIS
1995 3788 2084 3843 ET
2121 3788 2503 3846 MOGUNTINI
2536 3789 3055 3849 ARCHIEPISCOPI

1865 3965 1947 4006 AD
1991 3967 2394 4009 HUMBEBTUM

1005 4098 1320 4171 QUOTA
1371 4101 2032 4184 GENERATJONE
2095 4107 2485 4170 LICITUM
2538 4109 2682 4170 SIT
2738 4107 3279 4170 CONNUBIUM

1737 4271 2096 4330 EPISTOLA.
2138 4273 2346 4344 (ANNO
2383 4276 2537 4348 sta.)

1955 4440 2346 4460 -ο--ι-η

495 4544 498 4547 ·
582 4526 812 4584 Domino
831 4537 958 4580 vere
978 4530 1165 4578 sancto
1188 4536 1253 4578 ac
1276 4521 1590 4578 beatissimo
1609 4520 1760 4576 Patri
1783 4520 2083 4581 HUIBERTO
2110 4529 2161 4588 D
2189 4527 2396 4582 titatem
2433 4527 2657 4598 negotii,
2695 4528 2934 4583 breviter
2965 4528 3213 4597 respondi
3241 4547 3255 4582 :
3297 4531 3444 4599 quod
3475 4540 3628 4587 tanta
3664 4547 3776 4599 res,

510 4619 684 4690 gratia
720 4617 813 4672 Dei
853 4616 1124 4686 episcopo,
1164 4613 1436 4680 RABANUS,
1473 4613 1770 4670 vilissimus
1809 4628 2092 4671 servorum

511 4707 607 4762 Dei
637 4721 848 4771 servus,
878 4707 932 4760 in
961 4705 1180 4760 Christo
1210 4704 1460 4759 salutem.

581 4797 761 4865 Nuper
804 4803 1068 4852 venerunt
1117 4795 1184 4850 ad
1220 4810 1306 4850 me
1347 4795 1540 4850 litterae
1581 4795 1649 4850 de
1685 4804 1777 4850 tua
1802 4796 2093 4851 sanctitate

511 4887 753 4951 directae,
785 4903 904 4956 qum
930 4888 1071 4943 inter
1096 4887 1200 4942 alia
1229 4902 1295 4942 ex
1326 4887 1521 4958 quibus
1559 4902 1770 4942 mecum
1800 4897 1891 4942 tua
1927 4888 2091 4943 dilec-

511 4976 590 5034 tio
607 4977 849 5033 decrevit
871 4985 1098 5043 tentare,
1122 4977 1468 5032 continebant
1490 4979 1554 5032 de
1576 4979 1779 5049 nuptiis
1804 4996 1818 5032 :
1845 4987 1906 5032 ut
1927 4987 2091 5049 quota

510 5069 863 5141 generatione
897 5067 1197 5136 legitimum
1233 5085 1356 5124 esse
1394 5077 1598 5140 posset,
1643 5071 1739 5124 tibi
1777 5069 2044 5124 edicerem
2073 5084 2088 5122 :

509 5163 604 5218 ubi
642 5170 698 5218 et
742 5162 1208 5217 commemorabas
1236 5169 1288 5214 te
1333 5162 1577 5230 quaedam
1623 5162 1856 5232 capitula
1895 5163 2091 5232 legisse

507 5269 661 5325 papae
679 5252 928 5324 Gregorii
957 5252 1024 5306 ad
1046 5250 1405 5323 Augustinum
1433 5252 1610 5324 gentis
1657 5253 1951 5323 Anglorum
1979 5253 2092 5323 epi-

781 5363 795 5397 :
843 5358 945 5398 nec
985 5358 1091 5396 non
1132 5349 1188 5397 et
1226 5342 1443 5397 decreta
1485 5343 1762 5399 Zachariae
1799 5344 1867 5398 de
1901 5344 2090 5400 eadem

508 5453 570 5494 re
595 5456 610 5489 ι
639 5438 888 5493 similiter
914 5452 1126 5508 quoque
1151 5435 1278 5506 quid
1309 5435 1562 5501 Isidorus,
1585 5436 1922 5508 Hispalensis
1943 5437 2090 5507 epis-

508 5543 700 5599 copus,
732 5529 786 5584 in
824 5529 1177 5601 Etymologiis
1202 5527 1315 5583 suis
1341 5528 1465 5583 inde
1493 5529 1742 5594 senserit,
1782 5538 1965 5584 notum
1994 5532 2089 5585 ha-

509 5618 682 5674 bere:
712 5621 921 5689 etquid
950 5635 1050 5691 ego
1098 5635 1262 5691 super
1296 5620 1409 5675 haec
1448 5620 1626 5675 omnia
1669 5621 1948 5694 sentirem,
1993 5622 2087 5676 tibi

514 5720 547 5765 δ
573 5723 658 5764 me
683 5711 902 5767 rescribi
926 5713 1251 5780 postulabas.
1281 5712 1431 5768 Unde
1445 5726 1546 5781 ego
1563 5720 1688 5767 tunc
1708 5713 1896 5769 videns
1915 5729 2087 5782 quan-

2198 4625 2254 4672 et
2280 4619 2510 4686 spatium
2550 4617 2828 4688 temporis,
2863 4627 2919 4672 et
2948 4619 3118 4672 otium
3148 4619 3438 4674 scribentis
3464 4632 3732 4688 quaereret
3759 4642 3775 4678 :

2198 4722 2300 4762 nec
2327 4707 2435 4762 cito
2465 4723 2550 4762 me
2575 4722 2734 4777 posse
2765 4708 2834 4762 ad
2861 4722 2923 4763 ea
2953 4723 3072 4776 quae
3097 4708 3350 4777 rogabas,
3380 4710 3438 4763 in
3475 4712 3661 4776 multis
3685 4727 3780 4768 oc-

2198 4805 2451 4866 cupatum
2480 4798 2742 4867 condigne
2771 4798 3098 4866 respondere
3127 4815 3140 4850 :
3170 4797 3267 4853 sed
3309 4799 3606 4855 multorum
3634 4801 3778 4856 dicta

2197 4897 2255 4944 et
2301 4903 2582 4943 sacrorum
2629 4887 2892 4942 librorum
2939 4888 3210 4943 volumina
3265 4899 3393 4944 ante
3443 4893 3776 4958 perscrutari

2195 4981 2332 5036 velle
2361 4998 2374 5035 :
2405 4989 2461 5035 et
2489 4981 2570 5036 sic
2597 4980 2664 5035 ad
2689 4980 3115 5045 rescribendum,
3145 4995 3365 5035 manum
3391 4985 3636 5038 mittere.
3662 4983 3772 5039 Sed

2192 5087 2314 5126 cum
2339 5071 2680 5141 postmodum
2708 5079 2762 5126 te
2797 5072 3056 5126 sentirem
3081 5071 3150 5125 ad
3175 5071 3429 5140 primissa
3455 5071 3772 5141 exequenda

2193 5163 2401 5218 avidius
2427 5161 2706 5227 anhelare,
2748 5163 3119 5232 praeoccupavi
3161 5170 3390 5232 tempus,
3424 5171 3481 5218 et
3509 5163 3774 5217 festinan-

2194 5263 2278 5308 ter
2297 5262 2403 5308 tuze
2428 5252 2691 5308 voluntati
2714 5253 3092 5322 obtemperare
3111 5251 3331 5307 decrevi
3354 5271 3369 5306 :
3395 5253 3635 5308 breviter
3652 5254 3770 5307 haec

2194 5359 2646 5410 commemorans,
2673 5359 2792 5412 quac
2815 5343 3009 5414 legisse
3035 5358 3120 5397 me
3145 5345 3464 5399 recordatus
3489 5359 3609 5398 sum
3637 5362 3650 5397 :
3681 5341 3771 5396 vel

2191 5449 2312 5505 qua;
2351 5434 2530 5490 subito
2554 5433 2779 5489 dietanti
2817 5435 2872 5488 in
2917 5443 3152 5488 mentem
3188 5443 3475 5488 venerant.
3509 5433 3667 5503 Igitur
3692 5432 3767 5486 de

2191 5525 2392 5594 nuptiis
2427 5523 2556 5594 quid
2595 5523 2801 5578 licitum
2830 5525 2901 5578 sit
2928 5523 3014 5578 vel
3056 5523 3321 5589 illicitum,
3365 5522 3624 5578 Dominus
3663 5535 3774 5591 per

2189 5619 2363 5691 legem
2383 5626 2438 5674 et
2461 5617 2807 5688 Evangelium
2837 5617 3090 5683 innotuit,
3112 5617 3204 5686 qui
3232 5617 3374 5671 bono
3395 5614 3658 5686 conjugali
3681 5613 3770 5666 uti

2189 5711 2502 5768 concessit:
2541 5718 2703 5780 atque
2759 5724 2973 5765 omnem
3029 5709 3292 5766 incestum
3348 5717 3404 5763 et
3454 5704 3771 5762 fornicatio-
