4028 6196
251 401 392 459 1085

1033 388 1266 460 QUOTA
1306 387 1793 448 GENERATIONE
1831 387 2111 445 LICITUM
2147 389 2251 445 SIT
2290 386 2710 470 CONNUBIUM.

3363 375 3502 443 roso

248 525 378 568 nem
397 507 618 565 omnino
644 503 935 576 prohibuit.
973 502 1250 570 Quomodo
1279 511 1460 558 autem
1497 500 1825 571 consangui-
1852 502 1903 561 A
1928 503 2090 558 etiam
2108 502 2458 559 Orientalium
2474 504 2823 561 ecclesiarum
2839 501 3321 558 consuetudinibus
3336 501 3506 572 pleni-

247 602 397 656 nitas
422 595 735 654 honoranda
779 594 870 659 sit,
909 592 1044 648 liber
1067 592 1338 647 Leviticus
1360 591 1634 646 ostendit:
1671 609 1688 641 ‹
1724 589 1828 643 Lo-

253 711 277 745 (
323 700 482 748 cutus
524 697 610 744 est
647 685 906 741 Dominus
942 683 1010 738 ad
1045 683 1267 753 Moysen
1308 682 1534 736 dicens:
1583 679 1828 748 Loquere

254 803 276 834 ι
322 782 445 837 ﬁliis
485 777 673 842 Israel,
718 783 773 830 et
798 775 944 831 dices
983 774 1051 829 ad
1092 789 1228 829 eos:
1264 775 1374 842 Ego
1401 772 1660 827 Dominus
1689 771 1828 824 Deus

253 890 275 923 σ
321 879 500 926 vester
524 888 536 923 :
563 867 714 936 juxta
735 864 1179 921 consuetudinem
1203 872 1361 918 terra:
1391 861 1607 932 Egypti
1636 861 1688 914 in
1719 876 1828 930 qua

255 982 277 1014 ‹
325 961 632 1024 habitastis,
673 973 779 1014 non
811 956 1020 1012 facietis
1046 969 1065 1007 :
1096 963 1150 1010 et
1171 952 1330 1022 juxta
1357 967 1561 1008 morem
1595 950 1829 1020 regionis

254 1073 274 1104 ι
322 1052 663 1115 Chananzew,
693 1049 761 1103 ad
787 1063 948 1118 quam
976 1061 1076 1118 ego
1109 1045 1514 1100 introducturus
1551 1058 1668 1098 sum
1708 1057 1825 1106 vos,

253 1162 274 1196 ι
324 1158 431 1198 non
455 1141 624 1211 agetis
650 1157 663 1194 τ
695 1155 795 1194 nec
828 1139 879 1193 in
908 1138 1160 1210 legitimis
1185 1151 1370 1193 eorum
1403 1135 1687 1190 ambuletis
1716 1134 1828 1188 :fa-

255 1252 276 1285 ι
323 1233 587 1300 cietisque
627 1229 828 1297 judicia
880 1243 996 1282 mea
1029 1235 1081 1282 et
1121 1237 1387 1296 praecepta
1429 1226 1731 1285 servabitis,
1774 1231 1828 1278 et

251 1340 274 1376 ι
315 1321 606 1377 ambuletis
668 1321 724 1373 in
775 1319 873 1372 eis.
940 1318 1052 1385 Ego
1089 1317 1346 1372 Dominus
1405 1317 1542 1370 Deus
1606 1325 1823 1369 vester:

252 1431 275 1465 ι
327 1411 599 1468 custodite
625 1411 772 1480 leges
801 1424 949 1463 meas
977 1417 1138 1477 atque
1161 1408 1384 1478 judicia,
1415 1422 1534 1475 qua:
1564 1406 1724 1461 homo
1749 1403 1826 1457 fa-

255 1521 276 1554 ι
320 1503 492 1567 ciens,
537 1501 681 1555 vivet
731 1501 785 1554 in
823 1500 922 1553 eis.
971 1499 1084 1569 Ego
1136 1498 1406 1552 Dominus.
1450 1495 1639 1552 Omnis
1670 1496 1829 1548 homo

251 1610 272 1644 ι
333 1592 404 1646 ad
439 1590 742 1662 proximum
768 1587 1044 1658 sanguinis
1073 1587 1152 1640 sui
1186 1604 1289 1641 non
1317 1585 1554 1646 accedat,
1588 1593 1644 1637 ut
1679 1597 1831 1637 reve—

255 1701 277 1734 ι
327 1682 405 1738 let
431 1679 816 1750 turpitudinem
861 1677 1011 1747 ejus,
1052 1691 1152 1747 ego
1198 1675 1474 1730 Dominus.
1520 1671 1830 1742 Turpitudi-

253 1791 274 1823 ι
324 1785 450 1826 nem
491 1769 662 1839 patris
707 1768 804 1832 tui,
841 1776 896 1822 et
945 1765 1328 1836 turpitudinem
1357 1763 1546 1818 matris
1589 1770 1690 1816 tua:
1722 1775 1829 1815 non

251 1881 276 1914 ι
325 1861 708 1931 discooperies.
733 1859 904 1914 Mater
924 1867 1014 1912 tua
1039 1867 1154 1913 est:
1184 1872 1290 1911 non
1315 1855 1576 1911 revelabis
1602 1855 1830 1922 turpitu-
1859 1852 1908 1912 Β

253 1974 274 2007 ι
326 1955 506 2008 dinem
528 1954 662 2024 ejus.
681 1951 1088 2022 Turpitudinem
1105 1948 1290 2003 uxoris
1312 1947 1482 2018 patris
1503 1946 1579 1999 tui
1604 1949 1712 1998 non
1731 1945 1834 1999 dis-

254 2063 274 2095 ι
325 2043 622 2115 cooperies,
643 2041 915 2112 turpitudo
936 2041 1079 2094 enim
1101 2040 1272 2110 patris
1294 2039 1370 2092 tui
1391 2044 1491 2092 est.
1517 2035 1830 2104 Turpitudi-

258 2155 277 2187 ι
329 2151 454 2191 nem
476 2135 678 2190 sororis
709 2143 813 2188 tua:
839 2148 906 2188 ex
929 2141 1081 2202 patre
1107 2132 1218 2186 sive
1241 2145 1308 2184 ex
1338 2139 1512 2183 matre
1537 2142 1656 2196 quae
1683 2125 1832 2180 domi

257 2245 278 2276 ι
329 2225 414 2279 vel
443 2224 575 2280 foris
602 2224 780 2295 genita
809 2232 923 2289 est,
950 2229 1056 2277 non
1087 2221 1368 2296 revelabis.
1419 2217 1832 2288 Turpitudinem

259 2336 280 2367 ε
332 2316 456 2371 ﬁliae
484 2315 575 2370 ﬁlii
602 2317 696 2380 tui,
716 2315 803 2368 vel
823 2315 1000 2385 neptis
1022 2329 1087 2368 ex
1117 2312 1226 2367 ﬁlia
1254 2327 1362 2366 non
1384 2310 1646 2365 revelabis
1669 2328 1680 2361 :
1707 2309 1833 2378 quia

257 2426 279 2457 α
331 2405 609 2477 turpitudo
637 2415 728 2459 tua
754 2413 856 2459 est.
884 2403 1290 2473 Turpitudinem
1314 2401 1436 2455 filia:
1461 2400 1646 2455 uxoris
1666 2400 1835 2470 patris

257 2517 279 2550 ι
325 2497 404 2552 tui
434 2512 598 2566 quam
629 2496 837 2567 peperit
881 2495 1020 2564 patri
1056 2502 1166 2558 tuo,
1202 2501 1258 2547 et
1287 2500 1370 2546 est
1404 2506 1560 2546 soror
1587 2499 1697 2556 tua,
1727 2506 1836 2546 non

256 2607 279 2642 ‹
327 2587 615 2644 revelabis.
645 2585 1052 2658 Turpitudinem
1076 2583 1277 2638 sororis
1298 2583 1466 2652 patris
1495 2583 1567 2635 tui
1599 2597 1703 2637 non
1729 2581 1837 2637 dis-

255 2696 278 2730 ι
327 2678 608 2747 cooperies
650 2691 664 2729 :
709 2676 834 2744 quia
878 2689 1006 2728 caro
1049 2681 1131 2728 est
1170 2671 1341 2742 patris
1386 2672 1482 2726 tui.
1528 2670 1837 2740 Turpitudi—

254 2787 275 2818 ι
327 2781 454 2821 nem
493 2765 699 2819 sororis
733 2763 924 2817 matris
965 2771 1069 2816 tuae
1107 2776 1213 2815 non
1253 2760 1552 2815 revelabis:
1595 2774 1658 2814 eo
1692 2759 1835 2828 quod

260 2876 282 2909 ι
331 2872 459 2931 caro
492 2857 564 2910 sit
593 2856 782 2908 matris
815 2864 935 2908 tuae.
970 2853 1379 2922 Turpitudinem
1405 2852 1584 2922 patrui
1615 2852 1692 2905 tui
1727 2866 1836 2905 non
1879 2869 1884 2871 ·

261 2965 282 2998 ι
333 2946 598 3002 revelabis
628 2963 641 2998 :
674 2960 774 2998 nec
803 2945 1030 2999 accedes
1068 2944 1135 2997 ad
1160 2958 1383 2998 uxorem
1425 2941 1561 3008 ejus,
1590 2957 1709 3010 qua:
1742 2942 1837 2996 tibi

261 3062 283 3093 ι
331 3041 598 3096 afﬁnitate
612 3040 974 3109 conjungitur.
996 3037 1402 3107 Turpitudinem
1426 3052 1591 3090 nurus
1607 3044 1710 3089 tua:
1730 3051 1838 3089 non

262 3156 283 3189 ι
333 3135 620 3198 revelabis,
648 3133 775 3202 quia
813 3147 950 3186 uxor
967 3131 1060 3184 lilii
1093 3130 1167 3184 tui
1193 3137 1313 3183 est:
1346 3143 1446 3182 nec
1476 3127 1839 3196 discooperies

263 3245 286 3278 ι
336 3225 687 3296 ignominiam
717 3224 852 3293 ejus.
887 3219 1296 3290 Turpitudinem
1322 3218 1508 3272 uxoris
1537 3216 1724 3271 fratris
1759 3217 1835 3270 tui

262 3337 284 3368 ι
332 3333 442 3372 non
472 3314 754 3375 revelabis,
811 3310 937 3380 quia
963 3309 1234 3378 turpitudo
1264 3307 1447 3361 fratris
1476 3306 1553 3360 tui
1573 3314 1676 3360 est.
1705 3304 1841 3358 Tur-

262 3426 286 3460 ‹
334 3404 634 3478 pitudinem
669 3400 855 3455 uxoris
882 3409 985 3453 tua:
1013 3407 1070 3453 et
1100 3397 1219 3451 ﬁlia:
1243 3396 1361 3466 ejus
1389 3411 1497 3450 non
1531 3393 1795 3450 revelabis
1823 3411 1837 3446 :

264 3519 288 3551 π
339 3496 506 3552 ﬁliam
537 3493 630 3547 ﬁlii
656 3491 794 3561 ejus,
825 3498 879 3545 et
901 3489 1066 3543 ﬁliam
1101 3487 1226 3541 filize
1251 3487 1392 3541 illius
1421 3499 1526 3540 non
1553 3498 1758 3547 sumes,
1784 3491 1844 3536 ut

273 3609 291 3639 ι
345 3586 553 3642 reveles
586 3583 935 3656 ignominiam
958 3579 1074 3648 ejus
1103 3593 1118 3632 :
1151 3579 1275 3648 quia
1304 3592 1432 3633 caro
1453 3575 1596 3631 illius
1621 3582 1766 3638 sunt,
1789 3581 1844 3628 et

274 3700 293 3730 ε
342 3679 466 3732 talis
502 3677 675 3731 coitus
705 3675 957 3728 incaestus
983 3679 1084 3726 est.
1127 3668 1382 3725 Sororem
1421 3666 1607 3721 uxoris
1651 3673 1754 3718 tuae
1789 3665 1843 3718 in

273 3787 292 3818 ι
341 3765 653 3836 pellcatum
683 3763 826 3816 illius
856 3777 964 3816 non
995 3759 1227 3829 accipies
1257 3776 1269 3812 :
1305 3772 1405 3813 nec
1435 3755 1698 3812 revelabis
1739 3763 1847 3809 tur-

272 3876 292 3908 ι
346 3854 643 3926 pitudinem
671 3852 786 3922 ejus
817 3849 1000 3922 (Levii.
1036 3847 1211 3918 xvm).
1265 3867 1284 3900 ι
1326 3846 1460 3901 Cum
1486 3845 1629 3901 enim
1660 3844 1844 3899 Domi-

269 3963 374 4004 nus
422 3945 671 4017 populum
708 3958 865 3998 suum
908 3942 975 3996 de
1013 3938 1558 3996 contaminationibus
1606 3935 1846 4006 gentium

268 4039 530 4096 voluisset
548 4049 822 4107 separare,
846 4033 1076 4103 primum
1092 4030 1329 4101 generali
1352 4027 1611 4086 vocabulo
1633 4027 1699 4081 ad
1719 4040 1848 4096 pro-

272 4127 576 4182 ximitatem
605 4122 882 4194 sanguinis
920 4118 1188 4190 prohibuit
1217 4131 1540 4187 quemquam
1567 4116 1846 4180 accedere,

271 4236 344 4276 ne
369 4217 636 4274 revelaret
661 4214 1048 4286 turpitudinem
1079 4211 1215 4282 ejus.
1254 4209 1456 4266 Deinde
1491 4208 1661 4276 ipsam
1685 4220 1852 4276 gene-

272 4311 543 4367 ralitatem
569 4308 738 4362 ferme
767 4305 823 4358 in
849 4302 1130 4358 duodecim
1159 4299 1364 4370 species
1397 4297 1684 4353 subdivisit
1704 4314 1716 4349 :
1734 4310 1854 4365 qua:

275 4409 459 4455 tamen
491 4397 630 4451 ultra
668 4395 884 4449 tertiam
923 4391 1010 4446 vel
1045 4397 1290 4460 quartam
1318 4387 1718 4458 generationem
1748 4398 1853 4438 non

275 4488 575 4562 procedunt
601 4503 617 4552 ;
643 4500 706 4540 ac
735 4484 852 4540 ideo
873 4497 996 4537 reor
1017 4481 1294 4536 dominum
1320 4477 1637 4548 Gregorium
1659 4489 1853 4545 papam

274 4577 582 4651 Augustino
603 4575 977 4646 interrOganti,
1003 4572 1159 4627 tertia
1191 4571 1272 4624 vel
1294 4577 1486 4638 quarta
1506 4565 1853 4638 generatione

277 4669 385 4736 iam
435 4667 618 4722 illicite
655 4663 920 4721 connubia
943 4661 1092 4731 jungi
1122 4658 1479 4728 respondisse.
1514 4654 1776 4710 Similiter
1799 4661 1854 4708 et

276 4761 334 4814 in
362 4757 633 4812 Theodori
668 4753 1058 4824 archiepiscopi
1101 4751 1278 4821 gentis
1321 4747 1617 4817 Anglorum
1646 4743 1855 4814 capitu-

278 4851 368 4916 lis,
397 4866 518 4920 qua:
549 4850 614 4904 de
639 4847 960 4903 necessariis
988 4845 1150 4899 rebus
1175 4841 1494 4910 conscripsit
1526 4839 1849 4900 invenimus,

277 4939 429 5010 quod
456 4939 510 4994 in
551 4937 709 4993 tertia
744 4935 1140 5005 propinquitate
1166 4931 1346 4988 carnis
1383 4931 1676 4986 secundum
1707 4928 1858 4985 Gm-

281 5047 380 5088 cos
405 5031 567 5085 liceat
597 5031 798 5084 nubere
829 5046 842 5080 :
871 5028 925 5081 in
954 5027 1143 5096 quinta
1173 5040 1302 5078 vero
1330 5023 1621 5078 secundum
1652 5021 1855 5076 Roma—

286 5136 409 5177 nos.
436 5119 538 5187 Qui
565 5129 742 5173 tamen
764 5117 1012 5187 conjugia
1039 5117 1092 5169 in
1121 5115 1273 5169 tertia
1297 5112 1694 5182 propinquitate
1720 5111 1860 5164 facta

261 5229 398 5281 non
441 5211 743 5275 solverent,
791 5208 837 5262 si
871 5217 1028 5262 antea
1074 5207 1141 5260 ab
1181 5204 1534 5259 inscientibus
1582 5208 1862 5272 compacta

285 5304 520 5360 fuissent
546 5320 560 5356 :
591 5301 975 5371 aequaliterque
1005 5299 1460 5368 conjungerentur
1488 5296 1540 5350 in
1582 5294 1865 5348 matrimo-

290 5396 383 5450 nia
409 5395 509 5458 eis,
539 5393 630 5463 qui
675 5392 778 5447 sibi
817 5389 1197 5461 consanguinei
1241 5394 1386 5452 sunt,
1423 5393 1476 5441 et
1522 5384 1709 5439 uxoris
1749 5397 1862 5438 suae

290 5484 710 5556 consanguineis
765 5491 885 5554 post
937 5492 1164 5537 mortem
1219 5477 1424 5532 uxoris.
1472 5477 1626 5542 Hunc
1681 5481 1864 5528 autem

293 5574 639 5633 Theodorum
676 5576 848 5632 Tarso
870 5575 1074 5631 Ciliciae
1107 5581 1316 5636 natum,
1347 5567 1666 5623 Vitellianus
1699 5579 1859 5636 papa,

291 5665 485 5723 Romae
513 5668 820 5738 episcopum
846 5668 1123 5730 ordinans,
1153 5662 1484 5719 Britanniam
1511 5658 1656 5716 misit
1682 5673 1698 5713 :
1722 5654 1867 5712 unde

368 5788 398 5818 ι
425 5774 587 5833 Deest
608 5776 826 5846 aliquid.

1933 607 2014 652 ter
2030 599 2304 652 institutus
2319 598 2492 653 fuerat
2511 617 2523 653 :
2544 613 2642 654 nec
2663 613 2784 653 eum
2801 597 2980 665 aliqua
2996 596 3167 650 latere
3190 604 3500 666 potuerunt,

1930 704 2048 758 qua:
2082 690 2135 743 in
2163 689 2628 744 observationibus
2657 687 2912 755 legitimis
2940 686 3114 742 Graeci
3151 685 3234 740 vel
3259 685 3500 742 Romani

1931 797 1994 838 co
2019 790 2260 850 tempore
2283 779 2590 836 habuerunt
2623 799 2635 834 :
2665 781 2896 834 maxime
2919 795 3041 834 cum
3069 778 3123 832 in
3150 786 3376 847 utraque
3399 778 3504 832 lin-

1930 887 2034 941 gua
2062 867 2302 941 perfecte
2335 871 2627 924 instructus
2655 879 2817 924 esset.
2846 868 2998 935 Quod
3025 877 3204 923 autem
3234 869 3500 937 proximis

1931 961 2264 1031 temporibus
2308 961 2672 1016 Romanorum
2713 961 3026 1030 pontiﬁcum
3080 963 3280 1031 scripta
3330 959 3504 1016 conti-

1931 1064 2114 1119 neant,
2139 1067 2312 1122 usque
2345 1051 2412 1107 ad
2436 1059 2642 1107 sextam
2677 1051 2760 1106 vel
2786 1052 3066 1121 septimam
3100 1052 3500 1120 generationem

1931 1141 2162 1214 conjugii
2194 1158 2349 1197 usum
2386 1141 2766 1205 differendum,
2792 1142 2964 1211 magis
3007 1156 3074 1195 ex
3116 1139 3502 1195 consuetudine

1930 1235 2187 1295 lmmana,
2212 1247 2370 1301 quam
2394 1247 2460 1286 ex
2481 1230 2597 1302 lege
2617 1231 2792 1284 divina
2813 1231 2914 1285 hoc
2935 1245 3027 1284 eos
3048 1229 3364 1300 praecepisse
3386 1243 3505 1282 cre-

1932 1324 2164 1380 dendum
2207 1332 2308 1398 est.
2357 1322 2509 1389 Quod
2557 1323 2631 1376 ita
2677 1323 2916 1377 sentiens
2957 1324 3146 1377 beatus
3192 1320 3505 1378 Bonifacius

1931 1427 2160 1486 martyr,
2191 1424 2481 1485 nosterque
2533 1424 2794 1484 patronus
2822 1416 2886 1470 de
2914 1415 3102 1469 eadem
3126 1432 3185 1470 re
3221 1415 3506 1484 episcopos
3539 1411 3544 1414 ’

1931 1506 2104 1577 gentis
2145 1522 2255 1560 suae
2305 1506 2534 1560 credidit
2577 1505 2977 1561 consulendos:
3016 1514 3076 1558 ut
3121 1505 3220 1573 ipsi
3269 1505 3396 1572 quid
3445 1504 3500 1557 in

1933 1605 2241 1652 sanctorum
2263 1583 2485 1649 Patrum
2523 1596 2802 1649 sententiis
2830 1595 2953 1649 inde
2980 1593 3324 1663 explanatum
3355 1594 3506 1646 inve-

1931 1691 2130 1755 nirent,
2159 1691 2262 1746 sibi
2288 1690 2666 1746 rescriberem.
2697 1688 2831 1741 Nam
2854 1688 2994 1756 quod
3021 1686 3259 1740 Isidorus
3287 1687 3338 1738 in
3371 1685 3503 1755 Ety-

1932 1780 2177 1849 mologiis
2215 1781 2360 1843 suis,
2388 1794 2558 1848 usque
2586 1778 2652 1832 ad
2694 1785 2900 1832 sextam
2943 1777 3344 1846 generationem
3371 1790 3506 1829 con-

1933 1871 2312 1939 sanguinitatis
2343 1871 2739 1932 abstinendum,
2777 1877 2832 1924 et
2865 1870 2944 1924 sic
2972 1869 3210 1938 legitime
3237 1866 3508 1923 connubio

1937 1951 2366 2031 conjun'gendum
2399 1961 2647 2024 asseruit,
2667 1959 2791 2014 inde
2815 1974 2939 2014 reor
2965 1975 3087 2014 eum
3119 1958 3331 2020 fecisse,
3363 1955 3508 2027 quod

1936 2051 2260 2124 genealogiae
2289 2051 2485 2105 seriem
2512 2059 2784 2113 retexens,
2818 2062 3098 2118 quousque
3131 2046 3376 2102 ordinem
3407 2061 3508 2100 nu-

1934 2142 2195 2197 merando
2233 2141 2502 2211 perduxit,
2547 2155 2612 2193 eo
2660 2140 3033 2209 cognationem
3081 2136 3361 2206 sanguinis
3396 2149 3512 2190 ser-

1935 2233 2167 2288 vandam
2197 2232 2523 2287 aestimavit:
2558 2231 2742 2300 sicque
2793 2229 2860 2284 ad
2919 2228 3266 2283 novationem
3298 2227 3512 2296 generis

1936 2330 1990 2377 et
2031 2321 2281 2377 amicitiae
2323 2321 2440 2391 ejus
2484 2319 2933 2382 conﬁrmandam,
2965 2319 3146 2373 redire
3194 2317 3265 2371 ad
3309 2332 3511 2372 connu—

1935 2413 2085 2467 bium
2115 2412 2345 2467 sancivit
2387 2411 2603 2480 quando
2641 2408 2755 2477 jam
2793 2407 3133 2478 cognationis
3157 2406 3288 2460 ordo
3318 2420 3510 2458 nume-

1938 2503 2048 2557 rari
2079 2502 2291 2557 desivit.
2317 2501 2580 2556 Caeterum
2605 2509 2730 2556 ante
2749 2499 2930 2554 omnia
2943 2495 3392 2552 considerandum
3407 2501 3506 2555 est,

1938 2593 2097 2647 utsic
2122 2607 2347 2646 censura
2369 2591 2646 2660 disciplina
2671 2596 3018 2658 temperetur,
3045 2600 3112 2640 ne
3132 2600 3231 2654 per
3254 2583 3512 2638 immode-

1942 2683 2204 2739 rationem
2263 2684 2639 2751 correptionis,
2689 2681 2898 2751 peccati
2939 2678 3184 2734 cumulus
3231 2684 3509 2745 augeatur.

1943 2774 2158 2830 Scimus
2183 2776 2347 2838 enim,
2387 2775 2528 2844 quod
2561 2773 2650 2843 qui
2694 2772 2746 2826 in
2777 2772 2896 2841 lege
2923 2768 3258 2840 cognationis
3295 2767 3383 2835 jus
3410 2767 3512 2819 oh-

1941 2882 2156 2922 servare
2186 2867 2482 2928 constituit,
2517 2866 2633 2934 ipse
2664 2865 2716 2918 in
2749 2861 3043 2932 Evangelio
3081 2859 3255 2913 fmdus
3281 2855 3514 2926 conjugii

1941 2970 2048 3009 non
2092 2954 2492 3009 dissolvendum
2519 2952 2814 3022 prmcepit:
2851 2951 2926 3004 ita
2966 2962 3117 3012 sane,
3152 2964 3170 2997 ι
3203 2954 3264 3000 ut
3308 2945 3353 2999 si
3392 2944 3516 3012 quis

1948 3064 1968 3097 ε
2013 3045 2310 3100 dimitteret
2353 3059 2576 3099 uxorem
2621 3049 2845 3110 excepta
2895 3056 3056 3096 causa
3106 3036 3513 3098 fornicationis,

1949 3153 1968 3187 ‹
2013 3134 2215 3190 faceret
2243 3149 2362 3188 eam
2393 3134 2652 3188 moechari
2683 3151 2696 3185 :
2726 3141 2781 3186 et
2814 3133 2904 3199 qui
2958 3131 3232 3186 dimissam
3269 3129 3514 3192 duceret,

1946 3242 1967 3276 ι
2011 3221 2599 3292 ῐηωοιιειτριιιτμιαιίιι.
2634 3222 2740 3281 ν).»
2775 3220 2866 3274 Sic
2885 3229 2940 3274 et
2962 3219 3248 3289 Apostolus
3269 3218 3514 3273 eamdem

1942 3313 2204 3368 rationem
2231 3327 2460 3380 sequens
2494 3311 2546 3364 in
2574 3310 2811 3380 Epistola
2833 3325 2931 3363 sua
2960 3309 3011 3378 (Ι
3039 3309 3161 3362 Cor.
3192 3309 3291 3376 vn)
3315 3348 3330 3371 ,
3355 3308 3518 3374 jussit

1947 3423 1966 3457 α
2013 3405 2290 3460 mulierem
2321 3419 2353 3456 a
2380 3403 2496 3457 viro
2523 3418 2632 3456 non
2663 3401 2938 3457 discedere
2969 3419 2982 3453 :
3018 3399 3160 3469 quod
3191 3399 3236 3453 si
3263 3397 3513 3452 discede-

1948 3514 1967 3545 ‹
2013 3502 2115 3556 ret,
2140 3506 2361 3546 manere
2390 3492 2688 3559 innuptam,
2714 3498 2807 3542 aut
2830 3489 2945 3542 viro
2971 3503 3068 3542 suo
3090 3485 3450 3542 reconciliari.
3491 3504 3510 3536 ι

1945 3585 2002 3642 Si
2029 3585 2172 3640 enim
2212 3585 2518 3653 ubicunque
2541 3582 2742 3650 aliquid
2784 3581 3148 3652 proximitatis
3168 3579 3251 3634 vel
3288 3593 3520 3634 consan-

1946 3678 2225 3752 guinitatis
2264 3677 2392 3731 licet
2416 3673 2742 3745 longinquae,
2776 3673 2915 3726 inter
2945 3669 3258 3740 conjugatos
3286 3668 3518 3723 inveniri

1946 3776 2143 3839 potest,
2190 3768 2376 3823 statim
2427 3763 2832 3820 matrimonium
2882 3761 3209 3827 dissolvitur,
3251 3775 3320 3816 ne
3351 3759 3520 3830 (reor)

1947 3858 2088 3927 quod
2119 3856 2442 3912 adulterium
2488 3862 2544 3909 et
2587 3851 2958 3907 fornicationis
2988 3849 3162 3905 scelus
3203 3847 3522 3916 multiplice-

1950 3958 2060 4014 tur,
2096 3947 2187 4016 qui
2216 3961 2336 4002 cum
2364 3931 3004 4014 conjugato'adolescenti
3034 3939 3118 3994 vel
3138 3937 3319 4007 juveni
3346 3936 3520 3993 socie-

1951 4045 2034 4092 tas
2060 4036 2327 4104 comparis
2368 4050 2480 4090 sua:
2510 4035 2844 4101 denegatur:
2871 4045 2975 4086 nec
3016 4029 3216 4098 aliquid
3255 4027 3306 4082 ei
3348 4026 3523 4082 solatii

1951 4129 2296 4198 impenditur,
2325 4129 2466 4181 unde
2497 4123 2884 4180 continentiam
2923 4136 3142 4178 servare
3165 4119 3370 4190 possit,
3400 4118 3524 4173 libi-

1952 4221 2078 4276 dine
2106 4219 2485 4283 inﬁammatus,
2518 4233 2614 4287 per
2639 4215 2838 4272 diaboli
2881 4212 3317 4284 instigationem,
3346 4208 3528 4264 multi-

1953 4310 2080 4382 plici
2111 4309 2470 4364 fornicatione
2505 4306 2689 4362 forsan
2719 4304 2975 4375 polluitur
3003 4318 3016 4352 :
3050 4315 3113 4355 ac
3138 4300 3218 4354 sic
3255 4299 3308 4352 in
3337 4296 3528 4366 praeci-

1952 4403 2147 4473 pitium
2167 4402 2361 4456 mortis
2384 4407 2622 4462 atternae,
2640 4397 2819 4452 anima
2851 4391 3198 4462 demergitur.
3213 4388 3369 4445 Unde
3385 4387 3530 4457 Apo-

1956 4491 2130 4548 stolus
2158 4487 2528 4560 hujuscemodi
2555 4487 2744 4542 vitium
2770 4490 3052 4551 amputare
3087 4477 3527 4546 volens,scripsit

1958 4583 2148 4638 dicens
2177 4577 2366 4652 (ιὺίά.)
2393 4592 2408 4630 :
2441 4595 2460 4628 ‹
2489 4577 2696 4631 Bonum
2721 4581 2805 4628 est
2821 4571 3105 4626 mulierem
3135 4583 3241 4624 non
3264 4574 3524 4638 tangere:

1963 4693 1980 4724 ι
2025 4682 2245 4746 propter
2279 4669 2687 4727 fornicationem
2721 4673 2923 4730 autem,
2973 4663 3344 4732 unusquisque
3389 4675 3530 4715 uxo-

1965 4781 1984 4814 ι
2032 4778 2147 4818 rem
2175 4776 2326 4816 suam
2357 4759 2576 4813 habeat.
2615 4754 2782 4810 Uxori
2807 4753 2892 4807 vir
2920 4751 3161 4807 debitum
3191 4749 3378 4804 reddat
3409 4765 3422 4802 :
3455 4747 3530 4802 si-

1967 4870 1986 4902 ‹
2029 4851 2226 4906 militer
2251 4858 2427 4902 autem
2452 4856 2507 4901 et
2527 4861 2665 4900 uxor
2687 4843 2837 4906 viro;
2872 4861 2890 4894 ι
2921 4849 2977 4896 et
2998 4840 3158 4912 paulo
3179 4845 3301 4908 post
3326 4853 3343 4893 :
3371 4855 3392 4889 ε
3424 4835 3534 4892 Νο-

1967 4962 1986 4994 ι
2027 4943 2120 4998 lite
2164 4939 2414 4994 fraudare
2450 4936 2703 4998 invicem,
2747 4933 2851 4988 nisi
2885 4931 3024 4987 forte
3057 4946 3124 4986 ex
3158 4944 3422 4986 consensu
3463 4927 3533 4983 ad

1969 5051 1988 5084 ‹
2031 5037 2259 5100 tempus,
2287 5035 2348 5081 ut
2371 5025 2574 5081 vacetis
2601 5021 2860 5086 orationi;
2887 5040 2905 5073 ι
2925 5029 2980 5075 et
3003 5020 3199 5074 iterum
3221 5036 3234 5072 :
3256 5014 3532 5071 «Reverti.

1967 5123 2098 5177 mini
2139 5121 2193 5174 in
2220 5120 2472 5189 idipsum,
2505 5130 2572 5170 ne
2605 5121 2774 5170 tentet
2809 5129 2904 5169 vos
2931 5111 3163 5168 Satanas
3201 5117 3418 5180 propter
3446 5107 3530 5161 in-

1968 5211 2374 5270 continentiam.
2415 5227 2433 5260 ›
2468 5207 2566 5262 llis
2595 5221 2724 5277 ergo
2753 5203 3002 5260 omnibus
3030 5197 3406 5260 consideratis,
3436 5196 3533 5250 bo-

1968 5320 2096 5360 num
2126 5301 2256 5356 mihi
2287 5299 2517 5362 videtur,
2551 5305 2611 5351 ut
2635 5296 2770 5368 legis
2791 5296 2983 5351 divina:
3021 5288 3332 5347 constitutio
3362 5285 3531 5340 invio-

1971 5395 2078 5450 lata
2124 5398 2407 5446 servetur:
2441 5395 2495 5444 et
2532 5385 2842 5442 scandalum
2882 5389 3139 5454 quantum
3186 5377 3252 5432 ad
3290 5374 3536 5431 homines

1972 5484 2224 5557 pertinet,
2249 5496 2347 5551 pro
2373 5479 2628 5534 facultate
2653 5476 2852 5531 virium
2885 5472 3198 5533 declinetur,
3230 5467 3318 5522 u'bi
3355 5471 3535 5519 autem

1975 5575 2092 5632 sine
2121 5570 2311 5639 majori
2348 5568 2671 5625 detrimento
2713 5563 3023 5621 scandalum
3063 5559 3357 5617 toleretnr;
3395 5569 3535 5623 quo-

1977 5666 2120 5722 niam
2167 5661 2459 5718 maximum
2502 5663 2718 5730 propter
2743 5666 2767 5696 ι
2799 5690 2814 5707 .
2854 5691 2868 5706 .
2909 5691 2923 5705 .
2949 5649 3163 5706 incaute
3189 5644 3302 5716 jam
3335 5640 3536 5701 cilicia—
