4028 6196
507 359 642 416 1087

1132 358 1194 412 Β.
1237 357 1488 413 RABANI
1526 357 1746 414 MAURI
1785 354 2452 412 ARCHIEPuMOGUNT.
2491 353 2778 412 OPERUM
2815 351 2996 409 PARS
3029 350 3092 408 ll.

3635 351 3782 412 1088

511 483 621 527 tur.
651 469 815 541 Igitur
842 468 965 538 quia
995 482 1024 520 a
1052 483 1170 521 mea
1196 459 1461 537 parvitate
1485 467 1723 533 voluisti,
1752 466 1884 536 quid
1921 465 2088 521 senti-
2116 470 2165 529 Α
2194 466 2326 521 mihi
2346 465 2583 532 videtur,
2614 474 2674 520 ut
2697 480 2820 520 cum
2849 463 3181 534 paenitentiae
3220 462 3620 528 bumiliatione,
3644 465 3784 525 sise

507 575 623 617 rem
663 559 729 613 de
752 559 850 612 hac
882 573 971 618 re,
1018 556 1106 610 ubi
1155 557 1416 622 rescribi,
1460 566 1680 627 propter
1717 555 2084 612 infirmitatem

506 647 760 704 instantis
784 645 1061 714 temporis,
1086 660 1214 699 reor
1252 646 1351 700 hoc
1376 647 1517 715 quod
1542 646 1856 701 Theodorus
1877 647 2086 700 archie-

508 740 759 810 piscopus
792 735 932 788 intrr
961 733 1276 805 Gregorium
1313 747 1367 790 et
1393 737 1653 791 lsidorum
1698 737 1905 791 medius
1940 737 2086 790 ince-

507 828 659 888 dens,
707 826 759 878 in
793 825 903 878 suis
931 825 1181 894 capitulis
1209 824 1476 890 difﬁnivit,
1509 826 1680 897 magis
1707 826 2036 894 sequendum
2067 846 2081 878 ;

506 925 568 970 ut
585 925 705 985 post
726 917 965 986 quintam
990 919 1512 988 generationemjam
1534 918 1736 972 licitum
1757 918 2082 972 connubinm

509 1007 602 1062 ﬂat
632 1030 644 1061 :
674 1009 799 1078 quia
827 1009 911 1062 lex
943 1009 1123 1062 divina
1150 1010 1252 1064 hoc
1281 1025 1386 1063 non
1413 1009 1734 1065 contradicit
1759 1027 1772 1061 :
1800 1024 1898 1062 nec
1920 1009 2080 1061 etiam

514 1110 829 1155 sanctorum
861 1100 1084 1155 Patrum
1111 1101 1252 1156 dicta
1277 1103 1380 1156 hoc
1406 1102 1707 1171 prohibent.
1738 1101 1796 1155 Si
1826 1111 2005 1156 autem
2031 1109 2087 1154 et

508 1187 568 1244 in
604 1190 791 1260 quinta
833 1192 902 1246 ab
943 1191 1127 1249 insciis
1167 1191 1355 1262 copula
1398 1190 1560 1247 fuerit
1604 1199 1843 1261 peracta,
1892 1190 2088 1245 melius

514 1345 1330 1382 Μ

2190 563 2451 610 uxoratus
2478 555 2756 610 continere
2783 569 2890 611 non
2919 555 3054 618 vult,
3092 553 3202 608 Deo
3242 552 3544 609 satisfaciat
3573 571 3587 607 :
3618 565 3672 612 et
3698 565 3781 610 ta-

2190 660 2316 700 men
2340 645 2390 699 ei
2418 643 2762 714 praedicetur,
2785 644 3042 714 quoniam
3061 645 3265 700 bonum
3293 643 3388 710 sit,
3414 653 3476 698 ut
3501 644 3568 698 ab
3594 644 3788 714 hujus-

2191 738 2400 794 cemodi
2448 737 2638 806 copula
2683 737 3034 807 semetipsum
3073 737 3385 791 abstineat:
3429 736 3477 791 si
3506 734 3648 791 forte
3687 736 3789 792 det

2192 828 2265 882 illi
2291 828 2430 883 Deus
2451 829 2846 899 penitentiam,
2863 841 2920 884 et
2941 829 3225 899 resipiscat
3249 845 3280 882 a
3303 827 3507 886 diaboli
3529 827 3741 898 laqueis
3765 845 3779 882 :

2191 927 2508 992 gratamque
2527 920 2872 974 continentia:
2891 934 3002 974 suae
3023 927 3320 989 spontanea
3333 918 3614 974 voluntate
3629 917 3786 973 obia-

2189 1011 2411 1073 tionem,
2431 1010 2772 1079 postmodum
2792 1007 2984 1064 offerat
3009 1009 3116 1063 Deo
3141 1026 3154 1063 :
3182 1017 3237 1064 et
3255 1009 3336 1064 sic
3359 1007 3415 1062 ni
3437 1007 3612 1070 fallor,
3641 1021 3782 1062 can-

2192 1100 2298 1154 tela
2333 1101 2438 1154 erit
2468 1100 2518 1154 in
2541 1099 2745 1168 judicio
2773 1111 2970 1170 :atque
2997 1100 3207 1170 justitia
3250 1108 3502 1176 servatur
3533 1099 3589 1154 in
3618 1094 3785 1154 facto.

2467 1333 3788 1370 Μ

1101 1500 1673 1614 REATE
1747 1497 2496 1608 ΒΔΒΔΝῙ
2559 1488 3206 1609 ΜΔΠΒῙ

1242 1710 1626 1770 FULDENSIS
1663 1667 1956 1766 ABBATIS
1993 1707 2082 1764 ET
2121 1703 2504 1763 MOGUNTINI
2539 1703 3058 1761 ARCHIEPISCOPI

977 1886 1157 2006 DE
1242 1883 2652 2011 CONSANGUINEORUM
2736 1885 3324 2030 NUPTIIS

2110 2122 2190 2166 ET

1038 2275 1146 2337 DE
1187 2271 1592 2336 MAGORUM
1632 2266 2096 2331 PRESTIGIIS
2138 2260 2574 2335 FALSISQUE
2615 2262 3270 2334 DIVINATIONIBUS

1816 2426 2503 2503 TRAGTATUS.

601 2693 918 2765 Magnorum
963 2688 1202 2742 virorum
1253 2693 1312 2739 et
1348 2681 1776 2738 clarissimorum
1822 2673 2106 2765 doctorum
2135 2674 2184 2734 B
2213 2675 2408 2730 deinde
2436 2675 2503 2729 de
2524 2675 2912 2765 magicmiartis
2937 2678 3289 2746 argumentis,
3319 2679 3673 2738 scribendum
3691 2684 3790 2741 ubi

529 2799 651 2842 mos
691 2763 904 2851 semper
935 2778 1059 2844 fuit,
1100 2776 1166 2831 ad
1204 2790 1268 2830 ea
1309 2774 1376 2830 de
1404 2773 1599 2844 quibus
1627 2767 1944 2838 intermgati
1987 2763 2106 2818 fue-

530 2882 681 2938 rant,
709 2877 1081 2941 competenter
1124 2879 1441 2936 responsum
1470 2877 1734 2933 quaerere,
1771 2865 1826 2914 et
1864 2854 2108 2911 adnitenv

525 2981 611 3026 tes
633 2959 949 3023 auctoritati
975 2967 1285 3013 sanctarum
1311 2954 1738 3023 Scripturarum,
1768 2954 2109 3002 sanctorum-

526 3077 635 3132 que
669 3058 894 3114 Patrum
923 3047 1228 3109 sententiis,
1265 3059 1328 3099 ea
1353 3057 1473 3112 quae
1498 3042 1564 3096 ab
1593 3041 1673 3096 eis
1699 3036 1967 3132 postulata
1995 3032 2114 3132 fue-

529 3126 678 3212 rant,
715 3145 973 3208 breviter,
1017 3135 1356 3204 dilucideqm
1403 3145 1666 3188 reserere.
1710 3129 1816 3184 Sed
1841 3141 1967 3182 cum
1995 3126 2113 3180 haec

531 3239 648 3308 ipse
673 3238 942 3299 indoctus,
963 3242 1019 3288 et
1038 3245 1147 3288 non
1170 3238 1278 3284 tam
1302 3236 1550 3280 sermone
1570 3235 1732 3290 quam
1752 3219 1915 3308 etiam
1939 3216 2114 3272 scien-

531 3307 608 3382 tia
636 3326 938 3396 imperitus,
968 3337 1066 3394 pro
1101 3319 1318 3376 modulo
1346 3328 1471 3372 meo
1501 3310 1700 3367 imitari
1742 3307 1982 3364 solebam
2011 3325 2024 3360 :
2058 3313 2116 3361 et

527 3416 616 3472 bis
635 3415 727 3484 qui
769 3427 856 3468 me
883 3413 952 3467 de
972 3409 1246 3482 aliquibus
1268 3401 1657 3477 quaestionibus
1682 3398 1988 3468 pulsabant,
2017 3409 2113 3466 per

527 3505 840 3576 Scripturas
867 3518 1050 3559 sacras
1090 3510 1146 3557 et
1172 3497 1468 3556 sententias
1508 3500 1822 3550 sanctorum
1868 3487 2110 3551 Palmm,

528 3597 858 3668 respondere
903 3593 1182 3650 curabam.
1217 3589 1368 3646 Nunc
1415 3589 1490 3642 ita
1510 3585 1651 3656 apud
1678 3593 1748 3650 te,
1796 3579 2113 3636 charissime

527 3689 792 3750 virorum,
831 3694 888 3740 et
925 3683 1282 3741 solertissime
1309 3686 1492 3736 custos
1529 3676 1707 3748 gregis
1736 3671 1855 3739 Dei,
1879 3669 2109 3734 Bonose,

530 3777 665 3832 mihi
708 3776 912 3839 evenit,
943 3773 1197 3842 quoniam
1231 3772 1286 3826 in
1315 3769 1402 3826 his
1425 3768 1480 3823 in
1510 3767 1708 3837 quibus
1735 3764 1917 3833 aliquo
1952 3759 2112 3814 modo

533 3868 668 3922 satis
694 3867 803 3937 egi,
827 3865 924 3920 tibi
951 3864 1098 3918 nullo
1125 3861 1284 3917 modo
1304 3860 1626 3916 satisfacere
1647 3855 1820 3924 potui,
1847 3854 1940 3908 sed
1966 3865 2110 3907 seu.-

533 3975 631 4029 per
655 3958 811 4029 juxta
837 3955 1282 4011 consuetudinem
1314 3962 1492 4014 tuam,
1523 3949 1756 4004 astutius
1778 3945 2108 4016 inquirebas,

2211 2781 2331 2821 esse
2356 2767 2702 2821 arbitramur.
2745 2764 2850 2820 Sed
2880 2767 3030 2836 prius
3058 2768 3353 2822 notandum
3383 2779 3487 2833 est,
3528 2773 3675 2841 quod
3704 2774 3796 2831 ubi

2210 2855 2411 2910 veteris
2434 2855 2567 2926 legis
2584 2865 2858 2926 praecepta
2877 2858 3179 2912 necessaria
3202 2866 3330 2912 sunt
3348 2859 3401 2912 in
3425 2861 3799 2920 testimonium

2212 2948 2532 3003 assumenda
2551 2989 2566 3014 ,
2589 2963 2698 3002 non
2729 2957 2854 3003 sunt
2884 2949 3227 3019 despicienda
3259 2969 3272 3004 :
3303 2953 3431 3021 quia
3460 2968 3600 3008 unus
3634 2963 3795 3025 atque

2213 3039 2356 3093 idem
2383 3047 2574 3094 auctor
2599 3040 2801 3094 veteris
2828 3049 2882 3095 et
2903 3041 3027 3095 novi
3043 3039 3370 3098 Testamenti
3395 3053 3506 3107 est,
3535 3046 3697 3103 Deus.
3715 3047 3798 3103 ld-

2212 3129 2360 3184 cireo
2385 3129 2500 3199 ipse
2529 3131 2795 3186 mediator
2821 3131 2916 3186 Dei
2940 3142 2999 3187 et
3019 3133 3321 3198 hominum,
3351 3135 3420 3191 de
3446 3136 3567 3206 lege
3594 3147 3650 3191 et
3674 3153 3798 3208 pro-

2212 3222 2391 3292 phetis
2425 3223 2672 3294 exempla
2704 3237 2945 3289 sumens,
2982 3226 3338 3282 confirmabat
3365 3236 3418 3282 et
3446 3234 3793 3287 commenda-

2214 3311 2308 3366 bat
2346 3313 2646 3369 doctrinam
2684 3315 3048 3386 evangelicam
3099 3318 3439 3374 auditoribus
3478 3322 3619 3386 suis,
3659 3325 3794 3379 sicut

2214 3404 2474 3474 scriptum
2494 3413 2578 3460 est
2597 3407 2662 3461 de
2686 3420 2752 3461 eo
2769 3407 2826 3461 in
2849 3407 3142 3477 Evangelio
3167 3409 3320 3478 (Luc.
3343 3411 3442 3483 iv),
3472 3432 3491 3463 ι
3519 3415 3663 3483 quod
3688 3415 3796 3485 ipse

2221 3510 2240 3544 ι
2287 3492 2341 3546 in
2369 3508 2642 3566 synagoga
2681 3497 2981 3552 surrexerit
3007 3498 3224 3570 legere:
3257 3509 3311 3555 et
3337 3502 3496 3557 datus
3522 3504 3596 3558 sit
3632 3504 3707 3558 iiii
3736 3505 3796 3559 li-

2229 3597 2248 3631 σ
2285 3580 2383 3635 ber
2423 3581 2574 3636 isaize
2603 3584 2900 3653 prophetae.
2935 3584 3035 3651 Qui
3077 3601 3203 3642 cum
3235 3581 3539 3659 aperuisset
3575 3592 3790 3659 librum,

2220 3687 2240 3721 ‹
2285 3669 2491 3724 invenit
2520 3671 2698 3726 locum
2724 3673 2813 3728 ubi
2844 3675 3106 3745 scriptum
3129 3688 3249 3733 erat
3277 3693 3293 3733 :
3322 3679 3563 3749 Spiritus
3587 3682 3792 3737 Domini

2221 3781 2240 3815 ‹
2282 3779 2446 3835 super
2472 3779 2587 3830 me,
2631 3777 2852 3837 propter
2879 3771 3023 3838 quod
3067 3771 3224 3826 unxit
3265 3787 3394 3828 me:
3426 3775 3794 3845 evangelium

2221 3872 2240 3904 ‹
2285 3855 2612 3924 pauperibus
2672 3856 2820 3910 misit
2877 3872 2984 3912 me.
3032 3857 3240 3914 Sanare
3280 3861 3551 3917 contritos
3596 3864 3753 3918 corde
3779 3883 3791 3894 ·

2225 3964 2244 3996 σ
2289 3948 2585 4015 praedicare
2611 3948 2842 4016 captivis
2870 3949 3271 4016 remissionem,
3307 3962 3361 4007 et
3385 3953 3547 4009 caecis
3575 3956 3748 4010 visum
3779 3974 3793 4008 :

530 4021 590 4103 et
615 4021 927 4117 diligentius
953 4045 1338 4114 investigahas,
1367 4039 1638 4112 quomodo
1661 4053 1726 4093 ea
1751 4052 1871 4106 quae
1899 4035 2106 4105 prolata
2135 4021 2180 4084 C
2218 4055 2239 4091 ι
2283 4037 2557 4093 dimittere
2599 4039 2734 4094 conf
2733 4048 2911 4095 ractos
2951 4042 3007 4095 in
3056 4045 3449 4099 remissionem.
3498 4045 3798 4101 Praedicare

529 4147 677 4202 sunt,
709 4135 962 4190 inviolata
988 4141 1239 4188 constare
1278 4139 1519 4200 possent.
1573 4129 1724 4185 Unde
1771 4125 1932 4180 modo
1973 4122 2109 4180 ditii—

532 4227 691 4286 ciiem
715 4226 920 4282 exitum
957 4224 1012 4278 in
1056 4221 1444 4292 quaestionibus
1479 4235 1509 4274 a
1555 4227 1610 4273 te
1646 4217 1778 4274 mihi
1824 4214 2114 4286 propositis

533 4319 780 4376 invenire
813 4317 966 4387 potui
995 4333 1008 4369 :
1040 4329 1106 4369 eo
1152 4311 1296 4382 quod
1327 4310 1633 4366 testimonia
1675 4309 1742 4363 de
1771 4315 1954 4362 vetere
1999 4305 2114 4375 lege

534 4417 810 4478 assumpta
834 4448 848 4472 ,
906 4407 960 4462 in
1019 4403 1242 4476 epistola
1307 4401 1570 4470 rescripta
1633 4397 1698 4454 ad
1760 4396 2112 4452 Humbertum

535 4503 869 4571 episcopum,
907 4505 1070 4567 quota
1112 4493 1468 4566 generatione
1505 4489 1692 4546 liceret
1716 4486 1962 4559 cognatis
1987 4501 2116 4540 con-

535 4594 693 4648 nubia
721 4591 967 4662 jungere,
1000 4587 1363 4658 redarguehas
1389 4604 1402 4640 ;
1430 4584 1582 4654 quasi
1612 4597 1717 4638 non
1743 4578 2115 4637 convenientia

534 4682 662 4735 huic
692 4680 947 4750 tempori,
975 4680 1080 4733 hoc
1103 4685 1207 4742 est,
1238 4675 1481 4747 religioni
1511 4673 1850 4734 Christianae,
1874 4671 1969 4726 sed
1990 4670 2116 4740 quia

535 4772 588 4825 in
603 4786 740 4824 novo
753 4771 1102 4826 Testamento
1113 4770 1178 4824 de
1203 4769 1304 4824 hoc
1327 4767 1761 4838 planescriptum
1789 4780 1894 4819 non
1912 4763 2113 4829 inveni,

536 4861 901 4914 necessarium
941 4860 1220 4922 aestimavi,
1259 4858 1388 4928 quid
1425 4857 1597 4912 sancti
1640 4864 1823 4926 patres
1870 4855 1936 4910 de
1981 4854 2117 4922 ipsis

538 4949 826 5004 sententiis
854 4948 985 5018 legis
1027 4948 1122 5002 Dei
1170 4947 1461 5012 senserint,
1492 4947 1558 5001 de
1600 4945 1873 5014 opusculis
1900 4959 2113 5009 eorum,

535 5037 634 5094 tibi
663 5035 906 5104 exempla
935 5035 1179 5104 proferre
1205 5055 1218 5090 :
1247 5045 1307 5089 ut
1332 5036 1422 5104 qui
1451 5035 1581 5089 mihi
1611 5043 1833 5103 propter
1855 5032 2116 5087 vilitatem

539 5143 678 5183 mea!
711 5140 955 5198 personae
983 5124 1266 5180 diﬁiculter
1296 5126 1494 5190 credis,
1527 5125 1717 5179 saltem
1746 5124 1850 5179 illis
1875 5123 1966 5192 qui
1995 5138 2114 5177 ma-

537 5234 657 5288 gna:
703 5215 1042 5272 auctoritatis
1082 5223 1228 5279 sunt,
1274 5224 1494 5272 coaetus
1528 5216 1736 5271 credas.
1768 5213 2116 5283 Proponebas

535 5311 679 5364 enim
703 5307 833 5362 mihi
856 5307 992 5362 duas
1008 5307 1336 5377 questiones
1363 5325 1376 5362 :
1403 5324 1564 5362 unam
1587 5307 1654 5362 de
1672 5307 2111 5378 consanguineis,

537 5407 703 5468 quota
737 5399 1089 5470 generatione
1116 5399 1194 5453 eis
1230 5398 1418 5454 liceret
1452 5399 1746 5454 seinvicem
1784 5399 1988 5467 nuptiis
2017 5413 2112 5454 co-

534 5488 745 5559 puiare.
776 5489 1012 5544 Alteram
1061 5489 1191 5559 quid
1221 5490 1288 5545 de
1320 5489 1410 5544 his
1439 5488 1779 5550 sentiendum
1814 5497 1982 5553 esset,
2020 5489 2112 5558 qui

537 5579 764 5648 magicis
791 5581 1079 5652 praestigiis
1109 5581 1222 5636 sive
1252 5580 1712 5636 incantationibus
1743 5579 2110 5644 dremoniacis,

539 5667 794 5722 dicuntur
832 5670 1081 5726 homines
1121 5672 1303 5728 fallere
1335 5689 1346 5724 :
1378 5680 1436 5726 et
1477 5687 1506 5725 a
1551 5679 1694 5727 statu
1739 5688 1838 5727 suo
1884 5672 2113 5741 pristino

538 5762 785 5821 evertere
821 5774 997 5828 posse.
1041 5761 1192 5819 Unde
1231 5762 1464 5834 primum
1506 5762 1572 5816 de
1609 5761 1849 5831 praefatis
1889 5763 2107 5831 nuptiis,

2218 4150 2238 4183 ι
2284 4143 2486 4186 annum
2531 4129 2743 4184 Domini
2787 4140 3093 4201 acceptum,
3140 4143 3196 4188 et
3223 4134 3364 4188 diem
3402 4135 3795 4190 retributionis.

2219 4239 2238 4272 ε
2284 4220 2351 4275 Et
2377 4234 2503 4275 cum
2537 4219 2813 4289 plicuisset
2839 4221 3061 4287 librum,
3094 4222 3328 4278 reddidit
3354 4225 3610 4279 ministro
3629 4235 3685 4280 et
3713 4240 3795 4280 se-

2220 4327 2239 4360 c
2282 4309 2377 4374 dit,
2402 4318 2456 4364 et
2480 4309 2723 4365 omnium
2749 4310 2801 4363 in
2824 4325 3096 4383 synagoga
3117 4314 3258 4368 oeuli
3279 4323 3438 4369 erant
3460 4315 3799 4372 intendentes

2219 4419 2239 4451 ι
2285 4399 2338 4454 in
2363 4414 2506 4455 eum.
2545 4399 2722 4468 Capit
2763 4408 2942 4454 autem
2980 4401 3163 4456 dicere
3191 4403 3258 4457 ad
3295 4402 3438 4467 illos,
3469 4404 3600 4473 quia
3643 4404 3798 4459 hodie

2222 4509 2240 4542 ι
2288 4487 2506 4562 impleta
2531 4499 2616 4547 est
2643 4492 2759 4546 haec
2793 4492 3063 4562 scriptura
3102 4492 3157 4546 in
3205 4494 3431 4550 auribus
3467 4495 3708 4550 vestris:
3747 4501 3799 4549 et

2221 4599 2238 4632 ι
2282 4595 2472 4637 omnes
2510 4581 2879 4637 testimonium
2911 4581 2987 4636 illi
3022 4583 3242 4648 dabant,
3277 4593 3334 4638 et
3365 4586 3710 4640 mirabantur
3744 4585 3797 4640 in

2221 4691 2240 4721 ι
2285 4672 2466 4726 verbis
2490 4673 2677 4742 gratia:
2697 4688 2818 4742 qua!
2847 4673 3214 4744 procedebant
3242 4675 3309 4728 de
3333 4689 3431 4730 ore
3458 4675 3631 4744 ipsius
3655 4693 3671 4742 ;
3704 4694 3722 4727 ι
3747 4683 3797 4731 et

2215 4769 2339 4832 post
2367 4763 2821 4817 resurrectionem
2864 4763 3076 4835 legitur,
3106 4764 3249 4834 quod
3280 4765 3492 4820 duobus
3517 4765 3794 4836 discipulis

2217 4869 2398 4910 secum
2430 4855 2483 4908 in
2510 4857 2595 4908 via
2639 4855 3042 4912 ambulantibus
3073 4865 3128 4911 et
3166 4857 3562 4922 dubitantibus,
3606 4859 3795 4913 dixerit

2217 4943 2369 5016 (Luc.
2404 4944 2527 5013 ult.)
2559 4963 2571 4998 ε
2609 4965 2626 4996 ‹
2665 4945 2710 5000 o
2738 4947 2890 5000 stulti
2921 4956 2977 5000 et
3009 4945 3146 5001 tardi
3180 4947 3343 5000 corde
3374 4947 3442 5000 ad
3467 4932 3792 5002 credendum

2217 5053 2241 5084 -ι
2286 5035 2338 5088 in
2373 5036 2625 5090 omnibus
2653 5052 2773 5106 qum
2798 5035 2963 5090 locuti
2985 5044 3110 5091 sunt
3137 5037 3434 5105 prophetze.
3469 5035 3663 5092 Nonne
3687 5037 3792 5090 hac

2223 5147 2242 5178 ‹
2284 5128 2528 5196 oportuit
2563 5129 2674 5198 pati
2703 5128 3006 5193 Christum,
3040 5137 3096 5183 et
3131 5130 3206 5182 ita
3249 5127 3462 5182 intrare
3490 5127 3544 5181 in
3575 5127 3789 5198 gloriam

2222 5238 2241 5270 ι
2287 5235 2438 5274 suam
2465 5221 2488 5273 ?
2511 5229 2567 5275 et
2590 5221 2852 5291 incipiens
2876 5237 2906 5274 a
2929 5220 3113 5292 Moyse
3136 5229 3192 5276 et
3215 5219 3472 5275 omnibus
3497 5219 3786 5290 prophetis,

2223 5327 2242 5360 ε
2294 5309 2754 5380 interpretabatur
2792 5311 2899 5366 illis
2937 5311 2992 5365 in
3033 5311 3288 5365 omnibus
3321 5309 3646 5378 Scripturis,
3679 5322 3785 5378 qua

2222 5418 2243 5451 ‹
2287 5400 2352 5456 de
2383 5400 2500 5470 ipso
2524 5408 2704 5465 erant,
2747 5419 2766 5452 ι
2797 5411 2853 5454 et
2882 5401 2934 5454 in
2967 5399 3088 5454 aliis
3116 5399 3361 5470 pluribus
3388 5388 3524 5453 locis
3550 5397 3690 5454 idem
3713 5396 3784 5450 fe-

2215 5491 2358 5546 cisse
2393 5491 2684 5557 invenitur,
2727 5507 2829 5545 nec
2870 5491 3159 5545 immerito.
3205 5488 3340 5543 Nam
3385 5489 3439 5543 in
3484 5497 3669 5543 monte
3701 5485 3784 5539 ubi

2217 5598 2402 5638 coram
2443 5581 2614 5637 tribus
2665 5581 2945 5652 discipulis
2993 5581 3409 5652 transfiguratus
3443 5588 3530 5635 est
3578 5577 3780 5651 (lculi.

2218 5673 2374 5745 xvn),
2421 5691 2440 5722 ‹
2495 5681 2862 5743 apparuerunt
2903 5671 3116 5744 Moyses
3165 5679 3221 5724 et
3255 5670 3401 5725 Eiias
3446 5684 3570 5724 cum
3609 5665 3779 5722 eo‘lo-

2223 5783 2240 5815 ‹
2287 5770 2531 5836 quentes,
2564 5771 2619 5819 et
2645 5762 2894 5818 dicebant.
2924 5779 3205 5819 excessum
3236 5775 3396 5833 quem
3424 5760 3783 5832 completur!!!
