  <div class='ocr_page' id='page_1' title='image "/cluster/home/n/w/nwhite01/storage/ocr_20150623/110/hvd.32044054759758/550.png"; bbox 0 0 4028 6196; ppageno 0'>
   <div class='ocr_carea' id='block_1_1' title="bbox 283 323 420 380">
    <p class='ocr_par' dir='ltr' id='par_1_1' title="bbox 283 323 420 380">
     <span class='ocr_line' id='line_1_1' title="bbox 283 323 420 380; baseline -0.007 0"><span class='ocrx_word' id='word_1_1' title='bbox 283 323 420 380; x_wconf 74' lang='grc'><strong>1089</strong></span> 
     </span>
    </p>
   </div>
   <div class='ocr_carea' id='block_1_2' title="bbox 1333 317 2474 377">
    <p class='ocr_par' dir='ltr' id='par_1_2' title="bbox 1333 317 2474 377">
     <span class='ocr_line' id='line_1_2' title="bbox 1333 317 2474 377; baseline 0 -3"><span class='ocrx_word' id='word_1_2' title='bbox 1333 320 1423 374; x_wconf 82' lang='lat' dir='ltr'><strong>DE</strong></span> <span class='ocrx_word' id='word_1_3' title='bbox 1459 317 2142 377; x_wconf 73' lang='lat' dir='ltr'><strong>CONSANGUINEORUM</strong></span> <span class='ocrx_word' id='word_1_4' title='bbox 2181 318 2474 376; x_wconf 72' lang='lat' dir='ltr'><strong>NUPTHS.</strong></span> 
     </span>
    </p>
   </div>
   <div class='ocr_carea' id='block_1_3' title="bbox 3395 331 3534 387">
    <p class='ocr_par' dir='ltr' id='par_1_3' title="bbox 3395 331 3534 387">
     <span class='ocr_line' id='line_1_3' title="bbox 3395 331 3534 387; baseline 0.029 -4"><span class='ocrx_word' id='word_1_5' title='bbox 3395 331 3534 387; x_wconf 68' lang='lat'><strong>£090</strong></span> 
     </span>
    </p>
   </div>
   <div class='ocr_carea' id='block_1_4' title="bbox 286 427 3536 502">
    <p class='ocr_par' dir='ltr' id='par_1_4' title="bbox 286 427 3536 502">
     <span class='ocr_line' id='line_1_4' title="bbox 286 427 3536 502; baseline -0.001 -11"><span class='ocrx_word' id='word_1_6' title='bbox 286 456 306 491; x_wconf 70' lang='grc' dir='ltr'>α</span> <span class='ocrx_word' id='word_1_7' title='bbox 347 443 466 490; x_wconf 88' lang='lat' dir='ltr'><strong>erat</strong></span> <span class='ocrx_word' id='word_1_8' title='bbox 495 433 547 487; x_wconf 90' lang='lat' dir='ltr'><strong>in</strong></span> <span class='ocrx_word' id='word_1_9' title='bbox 574 430 933 495; x_wconf 80' lang='lat' dir='ltr'><strong>Hierusalem,</strong></span> <span class='ocrx_word' id='word_1_10' title='bbox 959 438 1018 484; x_wconf 89' lang='lat' dir='ltr'><strong>ut</strong></span> <span class='ocrx_word' id='word_1_11' title='bbox 1042 429 1433 501; x_wconf 69' lang='lat' dir='ltr'><strong>intelligeretur</strong></span> <span class='ocrx_word' id='word_1_12' title='bbox 1463 445 1588 485; x_wconf 91' lang='lat' dir='ltr'><strong>eum</strong></span> <span class='ocrx_word' id='word_1_13' title='bbox 1615 430 1936 492; x_wconf 78' lang='lat' dir='ltr'><strong>tes&#39;timo--A</strong></span> <span class='ocrx_word' id='word_1_14' title='bbox 1961 428 2107 482; x_wconf 88' lang='lat' dir='ltr'><strong>enim</strong></span> <span class='ocrx_word' id='word_1_15' title='bbox 2137 437 2264 482; x_wconf 84' lang='lat' dir='ltr'><strong>sunt</strong></span> <span class='ocrx_word' id='word_1_16' title='bbox 2288 428 2395 482; x_wconf 92' lang='lat' dir='ltr'><strong>duo</strong></span> <span class='ocrx_word' id='word_1_17' title='bbox 2439 427 2785 484; x_wconf 83' lang='lat' dir='ltr'><strong>Testamenta</strong></span> <span class='ocrx_word' id='word_1_18' title='bbox 2811 447 2824 484; x_wconf 87' lang='lat'><strong>:</strong></span> <span class='ocrx_word' id='word_1_19' title='bbox 2854 446 3018 486; x_wconf 88' lang='lat' dir='ltr'><strong>unum</strong></span> <span class='ocrx_word' id='word_1_20' title='bbox 3046 433 3263 502; x_wconf 79' lang='lat' dir='ltr'><strong>quidem</strong></span> <span class='ocrx_word' id='word_1_21' title='bbox 3293 451 3324 490; x_wconf 90' lang='lat' dir='ltr'><strong>a</strong></span> <span class='ocrx_word' id='word_1_22' title='bbox 3353 449 3536 494; x_wconf 77' lang='lat' dir='ltr'><strong>monte</strong></span> 
     </span>
    </p>
   </div>
   <div class='ocr_carea' id='block_1_5' title="bbox 285 521 1860 592">
    <p class='ocr_par' dir='ltr' id='par_1_5' title="bbox 285 521 1860 592">
     <span class='ocr_line' id='line_1_5' title="bbox 285 521 1860 592; baseline -0.002 -13"><span class='ocrx_word' id='word_1_23' title='bbox 285 544 306 579; x_wconf 83' lang='grc'><strong><em>‹</em></strong></span> <span class='ocrx_word' id='word_1_24' title='bbox 346 524 496 579; x_wconf 89' lang='lat' dir='ltr'><strong>nium</strong></span> <span class='ocrx_word' id='word_1_25' title='bbox 525 521 726 577; x_wconf 89' lang='lat' dir='ltr'><strong>habere</strong></span> <span class='ocrx_word' id='word_1_26' title='bbox 755 521 915 586; x_wconf 84' lang='lat' dir='ltr'><strong>velle,</strong></span> <span class='ocrx_word' id='word_1_27' title='bbox 953 537 982 576; x_wconf 90' lang='lat' dir='ltr'><strong>a</strong></span> <span class='ocrx_word' id='word_1_28' title='bbox 1011 521 1128 591; x_wconf 84' lang='lat' dir='ltr'><strong>lege</strong></span> <span class='ocrx_word' id='word_1_29' title='bbox 1152 530 1209 576; x_wconf 91' lang='lat' dir='ltr'><strong>et</strong></span> <span class='ocrx_word' id='word_1_30' title='bbox 1234 522 1532 592; x_wconf 77' lang='lat' dir='ltr'><strong>prophetis.</strong></span> <span class='ocrx_word' id='word_1_31' title='bbox 1579 540 1598 574; x_wconf 75' lang='grc' dir='ltr'><strong><em>ι</em></strong></span> <span class='ocrx_word' id='word_1_32' title='bbox 1629 521 1782 578; x_wconf 87' lang='lat' dir='ltr'><strong>Unde</strong></span> <span class='ocrx_word' id='word_1_33' title='bbox 1804 531 1860 578; x_wconf 89' lang='lat' dir='ltr'><strong>et</strong></span> 
     </span>
    </p>
   </div>
   <div class='ocr_carea' id='block_1_6' title="bbox 280 608 1856 685">
    <p class='ocr_par' dir='ltr' id='par_1_6' title="bbox 280 608 1856 685">
     <span class='ocr_line' id='line_1_6' title="bbox 280 608 1856 685; baseline -0.004 -15"><span class='ocrx_word' id='word_1_34' title='bbox 280 611 591 685; x_wconf 74' lang='lat' dir='ltr'><strong>Apostolus,</strong></span> <span class='ocrx_word' id='word_1_35' title='bbox 626 611 860 680; x_wconf 87' lang='lat' dir='ltr'><strong>gratiam</strong></span> <span class='ocrx_word' id='word_1_36' title='bbox 888 610 1019 668; x_wconf 84' lang='lat' dir='ltr'><strong>novi</strong></span> <span class='ocrx_word' id='word_1_37' title='bbox 1044 608 1374 664; x_wconf 87' lang='lat' dir='ltr'><strong>Testamenti</strong></span> <span class='ocrx_word' id='word_1_38' title='bbox 1393 609 1738 664; x_wconf 79' lang='lat' dir='ltr'><strong>testificatam</strong></span> <span class='ocrx_word' id='word_1_39' title='bbox 1767 625 1856 664; x_wconf 89' lang='lat' dir='ltr'><strong>as-</strong></span> 
     </span>
    </p>
   </div>
   <div class='ocr_carea' id='block_1_7' title="bbox 279 697 1858 770">
    <p class='ocr_par' dir='ltr' id='par_1_7' title="bbox 279 697 1858 770">
     <span class='ocr_line' id='line_1_7' title="bbox 279 697 1858 770; baseline -0.001 -15"><span class='ocrx_word' id='word_1_40' title='bbox 279 703 412 759; x_wconf 84' lang='lat' dir='ltr'><strong>serit</strong></span> <span class='ocrx_word' id='word_1_41' title='bbox 437 717 469 755; x_wconf 89' lang='lat' dir='ltr'><strong>a</strong></span> <span class='ocrx_word' id='word_1_42' title='bbox 498 700 614 770; x_wconf 86' lang='lat' dir='ltr'><strong>lege</strong></span> <span class='ocrx_word' id='word_1_43' title='bbox 640 707 695 754; x_wconf 91' lang='lat' dir='ltr'><strong>et</strong></span> <span class='ocrx_word' id='word_1_44' title='bbox 712 699 989 769; x_wconf 86' lang='lat' dir='ltr'><strong>prophetis</strong></span> <span class='ocrx_word' id='word_1_45' title='bbox 1015 697 1190 769; x_wconf 84' lang='lat' dir='ltr'><strong>(Rom.</strong></span> <span class='ocrx_word' id='word_1_46' title='bbox 1217 699 1336 770; x_wconf 88' lang='lat' dir='ltr'><strong>vn),</strong></span> <span class='ocrx_word' id='word_1_47' title='bbox 1369 699 1494 768; x_wconf 84' lang='lat' dir='ltr'><strong>quia</strong></span> <span class='ocrx_word' id='word_1_48' title='bbox 1530 718 1548 750; x_wconf 72' lang='grc' dir='ltr'>ι</span> <span class='ocrx_word' id='word_1_49' title='bbox 1587 700 1668 754; x_wconf 79' lang='lat' dir='ltr'><strong>lex</strong></span> <span class='ocrx_word' id='word_1_50' title='bbox 1693 701 1858 770; x_wconf 90' lang='lat' dir='ltr'><strong>spiri-</strong></span> 
     </span>
    </p>
   </div>
   <div class='ocr_carea' id='block_1_8' title="bbox 285 788 1856 858">
    <p class='ocr_par' dir='ltr' id='par_1_8' title="bbox 285 788 1856 858">
     <span class='ocr_line' id='line_1_8' title="bbox 285 788 1856 858; baseline -0.001 -14"><span class='ocrx_word' id='word_1_51' title='bbox 285 809 307 844; x_wconf 72' lang='grc' dir='ltr'><strong><em>ι</em></strong></span> <span class='ocrx_word' id='word_1_52' title='bbox 350 790 472 846; x_wconf 87' lang='lat' dir='ltr'><strong>talis</strong></span> <span class='ocrx_word' id='word_1_53' title='bbox 494 797 580 844; x_wconf 90' lang='lat' dir='ltr'><strong>est</strong></span> <span class='ocrx_word' id='word_1_54' title='bbox 606 796 662 843; x_wconf 90' lang='lat' dir='ltr'><strong>et</strong></span> <span class='ocrx_word' id='word_1_55' title='bbox 695 796 907 852; x_wconf 89' lang='lat' dir='ltr'><strong>sancta,</strong></span> <span class='ocrx_word' id='word_1_56' title='bbox 936 795 991 840; x_wconf 90' lang='lat' dir='ltr'><strong>et</strong></span> <span class='ocrx_word' id='word_1_57' title='bbox 1021 788 1336 842; x_wconf 89' lang='lat' dir='ltr'><strong>mandatum</strong></span> <span class='ocrx_word' id='word_1_58' title='bbox 1380 797 1624 843; x_wconf 90' lang='lat' dir='ltr'><strong>sanctum</strong></span> <span class='ocrx_word' id='word_1_59' title='bbox 1653 797 1708 842; x_wconf 91' lang='lat' dir='ltr'><strong>et</strong></span> <span class='ocrx_word' id='word_1_60' title='bbox 1737 788 1856 858; x_wconf 87' lang='lat' dir='ltr'><strong>jus-</strong></span> 
     </span>
    </p>
   </div>
   <div class='ocr_carea' id='block_1_9' title="bbox 288 878 1860 948">
    <p class='ocr_par' dir='ltr' id='par_1_9' title="bbox 288 878 1860 948">
     <span class='ocr_line' id='line_1_9' title="bbox 288 878 1860 948; baseline 0 -15"><span class='ocrx_word' id='word_1_61' title='bbox 288 899 307 933; x_wconf 75' lang='grc' dir='ltr'><strong><em>ι</em></strong></span> <span class='ocrx_word' id='word_1_62' title='bbox 351 889 464 936; x_wconf 89' lang='lat' dir='ltr'><strong>tum</strong></span> <span class='ocrx_word' id='word_1_63' title='bbox 488 887 545 934; x_wconf 87' lang='lat' dir='ltr'><strong>et</strong></span> <span class='ocrx_word' id='word_1_64' title='bbox 570 879 792 934; x_wconf 91' lang='lat' dir='ltr'><strong>bonum.</strong></span> <span class='ocrx_word' id='word_1_65' title='bbox 838 898 857 929; x_wconf 84' lang='grc'><strong><em>›</em></strong></span> <span class='ocrx_word' id='word_1_66' title='bbox 886 878 964 931; x_wconf 81' lang='lat' dir='ltr'><strong>Ex</strong></span> <span class='ocrx_word' id='word_1_67' title='bbox 991 893 1096 947; x_wconf 91' lang='lat' dir='ltr'><strong>quo</strong></span> <span class='ocrx_word' id='word_1_68' title='bbox 1121 878 1414 932; x_wconf 89' lang='lat' dir='ltr'><strong>notandum</strong></span> <span class='ocrx_word' id='word_1_69' title='bbox 1440 887 1543 943; x_wconf 91' lang='lat' dir='ltr'><strong>est,</strong></span> <span class='ocrx_word' id='word_1_70' title='bbox 1575 879 1718 948; x_wconf 89' lang='lat' dir='ltr'><strong>quod</strong></span> <span class='ocrx_word' id='word_1_71' title='bbox 1741 879 1860 948; x_wconf 89' lang='lat' dir='ltr'><strong>ipsa</strong></span> 
     </span>
    </p>
   </div>
   <div class='ocr_carea' id='block_1_10' title="bbox 280 967 1855 1037">
    <p class='ocr_par' dir='ltr' id='par_1_10' title="bbox 280 967 1855 1037">
     <span class='ocr_line' id='line_1_10' title="bbox 280 967 1855 1037; baseline -0.002 -11"><span class='ocrx_word' id='word_1_72' title='bbox 280 968 366 1026; x_wconf 81' lang='lat' dir='ltr'><strong>lex</strong></span> <span class='ocrx_word' id='word_1_73' title='bbox 403 970 458 1024; x_wconf 91' lang='lat' dir='ltr'><strong>in</strong></span> <span class='ocrx_word' id='word_1_74' title='bbox 489 968 760 1037; x_wconf 87' lang='lat' dir='ltr'><strong>aliquibus</strong></span> <span class='ocrx_word' id='word_1_75' title='bbox 807 967 942 1022; x_wconf 89' lang='lat' dir='ltr'><strong>locis</strong></span> <span class='ocrx_word' id='word_1_76' title='bbox 971 967 1264 1022; x_wconf 88' lang='lat' dir='ltr'><strong>secundum</strong></span> <span class='ocrx_word' id='word_1_77' title='bbox 1308 967 1594 1022; x_wconf 84' lang='lat' dir='ltr'><strong>historiam</strong></span> <span class='ocrx_word' id='word_1_78' title='bbox 1625 977 1855 1035; x_wconf 87' lang='lat' dir='ltr'><strong>tantum,</strong></span> 
     </span>
    </p>
   </div>
   <div class='ocr_carea' id='block_1_11' title="bbox 280 1059 1858 1130">
    <p class='ocr_par' dir='ltr' id='par_1_11' title="bbox 280 1059 1858 1130">
     <span class='ocr_line' id='line_1_11' title="bbox 280 1059 1858 1130; baseline -0.001 -14"><span class='ocrx_word' id='word_1_79' title='bbox 280 1062 338 1116; x_wconf 90' lang='lat' dir='ltr'><strong>in</strong></span> <span class='ocrx_word' id='word_1_80' title='bbox 363 1060 636 1130; x_wconf 85' lang='lat' dir='ltr'><strong>aliquibus</strong></span> <span class='ocrx_word' id='word_1_81' title='bbox 664 1075 792 1115; x_wconf 91' lang='lat' dir='ltr'><strong>vero</strong></span> <span class='ocrx_word' id='word_1_82' title='bbox 817 1061 1112 1115; x_wconf 87' lang='lat' dir='ltr'><strong>secundum</strong></span> <span class='ocrx_word' id='word_1_83' title='bbox 1137 1060 1466 1129; x_wconf 76' lang='lat' dir='ltr'><strong>allegoriam,</strong></span> <span class='ocrx_word' id='word_1_84' title='bbox 1487 1059 1540 1113; x_wconf 90' lang='lat' dir='ltr'><strong>in</strong></span> <span class='ocrx_word' id='word_1_85' title='bbox 1567 1059 1858 1130; x_wconf 83' lang='lat' dir='ltr'><strong>aliquantis</strong></span> 
     </span>
    </p>
   </div>
   <div class='ocr_carea' id='block_1_12' title="bbox 281 1148 1859 1218">
    <p class='ocr_par' dir='ltr' id='par_1_12' title="bbox 281 1148 1859 1218">
     <span class='ocr_line' id='line_1_12' title="bbox 281 1148 1859 1218; baseline -0.001 -13"><span class='ocrx_word' id='word_1_86' title='bbox 281 1158 462 1205; x_wconf 82' lang='lat' dir='ltr'><strong>autem</strong></span> <span class='ocrx_word' id='word_1_87' title='bbox 498 1149 794 1205; x_wconf 89' lang='lat' dir='ltr'><strong>secundum</strong></span> <span class='ocrx_word' id='word_1_88' title='bbox 834 1150 1116 1205; x_wconf 84' lang='lat' dir='ltr'><strong>historiam</strong></span> <span class='ocrx_word' id='word_1_89' title='bbox 1148 1149 1308 1203; x_wconf 83' lang='lat' dir='ltr'><strong>simul</strong></span> <span class='ocrx_word' id='word_1_90' title='bbox 1339 1158 1394 1203; x_wconf 91' lang='lat' dir='ltr'><strong>et</strong></span> <span class='ocrx_word' id='word_1_91' title='bbox 1425 1148 1736 1218; x_wconf 86' lang='lat' dir='ltr'><strong>allegoriam</strong></span> <span class='ocrx_word' id='word_1_92' title='bbox 1775 1150 1859 1204; x_wconf 92' lang='lat' dir='ltr'><strong>in-</strong></span> 
     </span>
    </p>
   </div>
   <div class='ocr_carea' id='block_1_13' title="bbox 283 1239 1859 1310">
    <p class='ocr_par' dir='ltr' id='par_1_13' title="bbox 283 1239 1859 1310">
     <span class='ocr_line' id='line_1_13' title="bbox 283 1239 1859 1310; baseline -0.001 -15"><span class='ocrx_word' id='word_1_93' title='bbox 283 1240 567 1310; x_wconf 84' lang='lat' dir='ltr'><strong>telligenda</strong></span> <span class='ocrx_word' id='word_1_94' title='bbox 596 1249 700 1294; x_wconf 90' lang='lat' dir='ltr'><strong>est.</strong></span> <span class='ocrx_word' id='word_1_95' title='bbox 736 1239 893 1306; x_wconf 87' lang='lat' dir='ltr'><strong>Quia,</strong></span> <span class='ocrx_word' id='word_1_96' title='bbox 926 1248 986 1294; x_wconf 89' lang='lat' dir='ltr'><strong>ut</strong></span> <span class='ocrx_word' id='word_1_97' title='bbox 1011 1239 1073 1293; x_wconf 88' lang='grc' dir='ltr'><strong>Β.</strong></span> <span class='ocrx_word' id='word_1_98' title='bbox 1112 1239 1436 1294; x_wconf 86' lang='lat' dir='ltr'><strong>Ambrosius</strong></span> <span class='ocrx_word' id='word_1_99' title='bbox 1483 1239 1719 1309; x_wconf 87' lang='lat' dir='ltr'><strong>scripsit,</strong></span> <span class='ocrx_word' id='word_1_100' title='bbox 1761 1239 1859 1293; x_wconf 89' lang='lat' dir='ltr'><strong>tri-</strong></span> 
     </span>
    </p>
   </div>
   <div class='ocr_carea' id='block_1_14' title="bbox 275 1313 1858 1405">
    <p class='ocr_par' dir='ltr' id='par_1_14' title="bbox 275 1313 1858 1405">
     <span class='ocr_line' id='line_1_14' title="bbox 275 1313 1858 1405; baseline -0.001 -18"><span class='ocrx_word' id='word_1_101' title='bbox 275 1332 401 1405; x_wconf 77' lang='lat' dir='ltr'><strong>plex</strong></span> <span class='ocrx_word' id='word_1_102' title='bbox 447 1332 664 1401; x_wconf 86' lang='lat' dir='ltr'><strong>quidem</strong></span> <span class='ocrx_word' id='word_1_103' title='bbox 710 1332 791 1386; x_wconf 84' lang='lat' dir='ltr'><strong>lex</strong></span> <span class='ocrx_word' id='word_1_104' title='bbox 841 1340 942 1387; x_wconf 90' lang='lat' dir='ltr'><strong>est.</strong></span> <span class='ocrx_word' id='word_1_105' title='bbox 991 1333 1071 1386; x_wconf 91' lang='lat' dir='ltr'><strong>lta</strong></span> <span class='ocrx_word' id='word_1_106' title='bbox 1101 1341 1160 1386; x_wconf 91' lang='lat' dir='ltr'><strong>ut</strong></span> <span class='ocrx_word' id='word_1_107' title='bbox 1191 1313 1523 1400; x_wconf 46' lang='lat' dir='ltr'><strong>prima&#39;pars</strong></span> <span class='ocrx_word' id='word_1_108' title='bbox 1559 1331 1629 1386; x_wconf 89' lang='lat' dir='ltr'><strong>de</strong></span> <span class='ocrx_word' id='word_1_109' title='bbox 1677 1346 1858 1387; x_wconf 87' lang='lat' dir='ltr'><strong>sacra-</strong></span> 
     </span>
    </p>
   </div>
   <div class='ocr_carea' id='block_1_15' title="bbox 275 1421 1860 1492">
    <p class='ocr_par' dir='ltr' id='par_1_15' title="bbox 275 1421 1860 1492">
     <span class='ocr_line' id='line_1_15' title="bbox 275 1421 1860 1492; baseline 0.001 -14"><span class='ocrx_word' id='word_1_110' title='bbox 275 1429 462 1478; x_wconf 87' lang='lat' dir='ltr'><strong>mento</strong></span> <span class='ocrx_word' id='word_1_111' title='bbox 488 1421 810 1486; x_wconf 80' lang='lat' dir='ltr'><strong>divinitatis,</strong></span> <span class='ocrx_word' id='word_1_112' title='bbox 841 1422 912 1476; x_wconf 89' lang='lat' dir='ltr'><strong>sit</strong></span> <span class='ocrx_word' id='word_1_113' title='bbox 938 1422 1033 1476; x_wconf 91' lang='lat' dir='ltr'><strong>Dei</strong></span> <span class='ocrx_word' id='word_1_114' title='bbox 1059 1441 1072 1476; x_wconf 89' lang='lat'><strong>:</strong></span> <span class='ocrx_word' id='word_1_115' title='bbox 1106 1422 1341 1476; x_wconf 89' lang='lat' dir='ltr'><strong>secunda</strong></span> <span class='ocrx_word' id='word_1_116' title='bbox 1368 1431 1549 1481; x_wconf 88' lang='lat' dir='ltr'><strong>autem</strong></span> <span class='ocrx_word' id='word_1_117' title='bbox 1581 1437 1701 1492; x_wconf 65' lang='lat' dir='ltr'><strong>quae</strong></span> <span class='ocrx_word' id='word_1_118' title='bbox 1728 1439 1860 1479; x_wconf 87' lang='lat' dir='ltr'><strong>con-</strong></span> 
     </span>
    </p>
   </div>
   <div class='ocr_carea' id='block_1_16' title="bbox 275 1511 1860 1583">
    <p class='ocr_par' dir='ltr' id='par_1_16' title="bbox 275 1511 1860 1583">
     <span class='ocr_line' id='line_1_16' title="bbox 275 1511 1860 1583; baseline 0.003 -19"><span class='ocrx_word' id='word_1_119' title='bbox 275 1513 426 1581; x_wconf 92' lang='lat' dir='ltr'><strong>gruit</strong></span> <span class='ocrx_word' id='word_1_120' title='bbox 451 1511 556 1580; x_wconf 84' lang='lat' dir='ltr'><strong>legi</strong></span> <span class='ocrx_word' id='word_1_121' title='bbox 585 1512 841 1575; x_wconf 85' lang='lat' dir='ltr'><strong>naturali,</strong></span> <span class='ocrx_word' id='word_1_122' title='bbox 869 1526 991 1580; x_wconf 77' lang='lat' dir='ltr'><strong>qua:</strong></span> <span class='ocrx_word' id='word_1_123' title='bbox 1045 1512 1317 1567; x_wconf 89' lang='lat' dir='ltr'><strong>interdicit</strong></span> <span class='ocrx_word' id='word_1_124' title='bbox 1348 1522 1628 1583; x_wconf 90' lang='lat' dir='ltr'><strong>peccatum</strong></span> <span class='ocrx_word' id='word_1_125' title='bbox 1659 1532 1671 1567; x_wconf 90' lang='lat'><strong>:</strong></span> <span class='ocrx_word' id='word_1_126' title='bbox 1701 1515 1860 1574; x_wconf 89' lang='lat' dir='ltr'><strong>tertia</strong></span> 
     </span>
    </p>
   </div>
   <div class='ocr_carea' id='block_1_17' title="bbox 273 1599 1859 1668">
    <p class='ocr_par' dir='ltr' id='par_1_17' title="bbox 273 1599 1859 1668">
     <span class='ocr_line' id='line_1_17' title="bbox 273 1599 1859 1668; baseline 0.003 -13"><span class='ocrx_word' id='word_1_127' title='bbox 273 1616 426 1664; x_wconf 80' lang='lat' dir='ltr'><strong>vero,</strong></span> <span class='ocrx_word' id='word_1_128' title='bbox 458 1602 545 1655; x_wconf 82' lang='lat' dir='ltr'><strong>lex</strong></span> <span class='ocrx_word' id='word_1_129' title='bbox 586 1610 668 1656; x_wconf 88' lang='lat' dir='ltr'><strong>est</strong></span> <span class='ocrx_word' id='word_1_130' title='bbox 693 1599 982 1666; x_wconf 82' lang='lat' dir='ltr'><strong>factorum,</strong></span> <span class='ocrx_word' id='word_1_131' title='bbox 1011 1602 1062 1657; x_wconf 89' lang='lat' dir='ltr'><strong>id</strong></span> <span class='ocrx_word' id='word_1_132' title='bbox 1087 1611 1190 1668; x_wconf 88' lang='lat' dir='ltr'><strong>est,</strong></span> <span class='ocrx_word' id='word_1_133' title='bbox 1233 1603 1446 1656; x_wconf 83' lang='lat' dir='ltr'><strong>sabbati</strong></span> <span class='ocrx_word' id='word_1_134' title='bbox 1476 1603 1859 1660; x_wconf 85' lang='lat' dir='ltr'><strong>historicaob-</strong></span> 
     </span>
    </p>
   </div>
   <div class='ocr_carea' id='block_1_18' title="bbox 274 1693 1852 1766">
    <p class='ocr_par' dir='ltr' id='par_1_18' title="bbox 274 1693 1852 1766">
     <span class='ocr_line' id='line_1_18' title="bbox 274 1693 1852 1766; baseline 0.001 -16"><span class='ocrx_word' id='word_1_135' title='bbox 274 1693 533 1754; x_wconf 79' lang='lat' dir='ltr'><strong>servatio,</strong></span> <span class='ocrx_word' id='word_1_136' title='bbox 565 1693 862 1749; x_wconf 66' lang='lat' dir='ltr'><strong>neomenite</strong></span> <span class='ocrx_word' id='word_1_137' title='bbox 881 1702 937 1749; x_wconf 91' lang='lat' dir='ltr'><strong>et</strong></span> <span class='ocrx_word' id='word_1_138' title='bbox 957 1695 1317 1759; x_wconf 85' lang='lat' dir='ltr'><strong>circumcisio,</strong></span> <span class='ocrx_word' id='word_1_139' title='bbox 1359 1710 1479 1766; x_wconf 73' lang='lat' dir='ltr'><strong>quae</strong></span> <span class='ocrx_word' id='word_1_140' title='bbox 1520 1696 1852 1766; x_wconf 82' lang='lat' dir='ltr'><strong>spiritaliter,</strong></span> 
     </span>
    </p>
   </div>
   <div class='ocr_carea' id='block_1_19' title="bbox 1962 516 3535 596">
    <p class='ocr_par' dir='ltr' id='par_1_19' title="bbox 1962 516 3535 596">
     <span class='ocr_line' id='line_1_19' title="bbox 1962 516 3535 596; baseline 0.008 -24"><span class='ocrx_word' id='word_1_141' title='bbox 1962 516 2092 572; x_wconf 91' lang='lat' dir='ltr'><strong>Sina</strong></span> <span class='ocrx_word' id='word_1_142' title='bbox 2122 517 2176 572; x_wconf 93' lang='lat' dir='ltr'><strong>in</strong></span> <span class='ocrx_word' id='word_1_143' title='bbox 2200 518 2517 573; x_wconf 85' lang='lat' dir='ltr'><strong>servitutem</strong></span> <span class='ocrx_word' id='word_1_144' title='bbox 2568 534 2857 588; x_wconf 85' lang='lat' dir='ltr'><strong>generans,</strong></span> <span class='ocrx_word' id='word_1_145' title='bbox 2911 538 3032 591; x_wconf 78' lang='lat' dir='ltr'><strong>qua:</strong></span> <span class='ocrx_word' id='word_1_146' title='bbox 3073 534 3156 579; x_wconf 90' lang='lat' dir='ltr'><strong>est</strong></span> <span class='ocrx_word' id='word_1_147' title='bbox 3201 527 3364 596; x_wconf 80' lang='lat' dir='ltr'><strong>Agar.</strong></span> <span class='ocrx_word' id='word_1_148' title='bbox 3405 528 3535 586; x_wconf 89' lang='lat' dir='ltr'><strong>Sina</strong></span> 
     </span>
    </p>
   </div>
   <div class='ocr_carea' id='block_1_20' title="bbox 1960 607 3535 690">
    <p class='ocr_par' dir='ltr' id='par_1_20' title="bbox 1960 607 3535 690">
     <span class='ocr_line' id='line_1_20' title="bbox 1960 607 3535 690; baseline 0.01 -30"><span class='ocrx_word' id='word_1_149' title='bbox 1960 607 2105 660; x_wconf 90' lang='lat' dir='ltr'><strong>enim</strong></span> <span class='ocrx_word' id='word_1_150' title='bbox 2127 621 2284 662; x_wconf 90' lang='lat' dir='ltr'><strong>mons</strong></span> <span class='ocrx_word' id='word_1_151' title='bbox 2309 616 2394 662; x_wconf 92' lang='lat' dir='ltr'><strong>est</strong></span> <span class='ocrx_word' id='word_1_152' title='bbox 2423 608 2476 662; x_wconf 93' lang='lat' dir='ltr'><strong>in</strong></span> <span class='ocrx_word' id='word_1_153' title='bbox 2499 609 2718 676; x_wconf 87' lang='lat' dir='ltr'><strong>Arabia,</strong></span> <span class='ocrx_word' id='word_1_154' title='bbox 2748 612 2838 680; x_wconf 89' lang='lat' dir='ltr'><strong>qui</strong></span> <span class='ocrx_word' id='word_1_155' title='bbox 2866 613 3182 682; x_wconf 74' lang='lat' dir='ltr'><strong>coniunctus</strong></span> <span class='ocrx_word' id='word_1_156' title='bbox 3211 627 3294 672; x_wconf 91' lang='lat' dir='ltr'><strong>est</strong></span> <span class='ocrx_word' id='word_1_157' title='bbox 3318 619 3388 686; x_wconf 88' lang='lat' dir='ltr'><strong>ei,</strong></span> <span class='ocrx_word' id='word_1_158' title='bbox 3413 637 3535 690; x_wconf 65' lang='lat' dir='ltr'><strong>qua:</strong></span> 
     </span>
    </p>
   </div>
   <div class='ocr_carea' id='block_1_21' title="bbox 1959 696 3528 764">
    <p class='ocr_par' dir='ltr' id='par_1_21' title="bbox 1959 696 3528 764">
     <span class='ocr_line' id='line_1_21' title="bbox 1959 696 3528 764; baseline 0.008 -14"><span class='ocrx_word' id='word_1_159' title='bbox 1959 713 2103 751; x_wconf 88' lang='lat' dir='ltr'><strong>nunc</strong></span> <span class='ocrx_word' id='word_1_160' title='bbox 2128 705 2211 752; x_wconf 91' lang='lat' dir='ltr'><strong>est</strong></span> <span class='ocrx_word' id='word_1_161' title='bbox 2249 696 2608 764; x_wconf 81' lang='lat' dir='ltr'><strong>Hierusalem,</strong></span> <span class='ocrx_word' id='word_1_162' title='bbox 2637 709 2690 753; x_wconf 89' lang='lat' dir='ltr'><strong>et</strong></span> <span class='ocrx_word' id='word_1_163' title='bbox 2733 701 2902 754; x_wconf 88' lang='lat' dir='ltr'><strong>servit</strong></span> <span class='ocrx_word' id='word_1_164' title='bbox 2931 717 3052 758; x_wconf 91' lang='lat' dir='ltr'><strong>cum</strong></span> <span class='ocrx_word' id='word_1_165' title='bbox 3086 703 3211 758; x_wconf 84' lang='lat' dir='ltr'><strong>ﬁliis</strong></span> <span class='ocrx_word' id='word_1_166' title='bbox 3249 707 3382 762; x_wconf 90' lang='lat' dir='ltr'><strong>suis.</strong></span> <span class='ocrx_word' id='word_1_167' title='bbox 3432 708 3528 762; x_wconf 83' lang='lat' dir='ltr'><strong>illa</strong></span> 
     </span>
    </p>
   </div>
   <div class='ocr_carea' id='block_1_22' title="bbox 1960 788 3534 866">
    <p class='ocr_par' dir='ltr' id='par_1_22' title="bbox 1960 788 3534 866">
     <span class='ocr_line' id='line_1_22' title="bbox 1960 788 3534 866; baseline 0.011 -29"><span class='ocrx_word' id='word_1_168' title='bbox 1960 795 2140 841; x_wconf 91' lang='lat' dir='ltr'><strong>autem</strong></span> <span class='ocrx_word' id='word_1_169' title='bbox 2165 800 2286 854; x_wconf 76' lang='lat' dir='ltr'><strong>qua:</strong></span> <span class='ocrx_word' id='word_1_170' title='bbox 2315 803 2529 842; x_wconf 87' lang='lat' dir='ltr'><strong>sursum</strong></span> <span class='ocrx_word' id='word_1_171' title='bbox 2566 798 2649 842; x_wconf 93' lang='lat' dir='ltr'><strong>est</strong></span> <span class='ocrx_word' id='word_1_172' title='bbox 2678 788 3034 856; x_wconf 82' lang='lat' dir='ltr'><strong>Hierusalem,</strong></span> <span class='ocrx_word' id='word_1_173' title='bbox 3063 791 3232 846; x_wconf 88' lang='lat' dir='ltr'><strong>libera</strong></span> <span class='ocrx_word' id='word_1_174' title='bbox 3263 804 3343 850; x_wconf 89' lang='lat' dir='ltr'><strong>est</strong></span> <span class='ocrx_word' id='word_1_175' title='bbox 3371 813 3382 848; x_wconf 92' lang='lat'><strong>:</strong></span> <span class='ocrx_word' id='word_1_176' title='bbox 3416 812 3534 866; x_wconf 76' lang='lat' dir='ltr'><strong>qua:</strong></span> 
     </span>
    </p>
   </div>
   <div class='ocr_carea' id='block_1_23' title="bbox 1931 879 3533 958">
    <p class='ocr_par' dir='ltr' id='par_1_23' title="bbox 1931 879 3533 958">
     <span class='ocr_line' id='line_1_23' title="bbox 1931 879 3533 958; baseline 0.006 -22"><span class='ocrx_word' id='word_1_177' title='bbox 1931 887 2044 937; x_wconf 81' lang='lat' dir='ltr'><strong>est</strong></span> <span class='ocrx_word' id='word_1_178' title='bbox 2067 888 2239 934; x_wconf 87' lang='lat' dir='ltr'><strong>mater</strong></span> <span class='ocrx_word' id='word_1_179' title='bbox 2265 889 2470 935; x_wconf 90' lang='lat' dir='ltr'><strong>nostra.</strong></span> <span class='ocrx_word' id='word_1_180' title='bbox 2500 879 2772 958; x_wconf 84' lang='lat' dir='ltr'><strong>Scriptum</strong></span> <span class='ocrx_word' id='word_1_181' title='bbox 2807 892 2890 938; x_wconf 86' lang='lat' dir='ltr'><strong>est</strong></span> <span class='ocrx_word' id='word_1_182' title='bbox 2915 885 3059 938; x_wconf 90' lang='lat' dir='ltr'><strong>enim</strong></span> <span class='ocrx_word' id='word_1_183' title='bbox 3090 904 3102 938; x_wconf 87' lang='lat'><strong>:</strong></span> <span class='ocrx_word' id='word_1_184' title='bbox 3137 906 3155 936; x_wconf 86' lang='grc'><strong><em>‹</em></strong></span> <span class='ocrx_word' id='word_1_185' title='bbox 3192 887 3533 950; x_wconf 70' lang='lat' dir='ltr'><strong>Lmtare,ste-</strong></span> 
     </span>
    </p>
   </div>
   <div class='ocr_carea' id='block_1_24' title="bbox 1964 973 3535 1052">
    <p class='ocr_par' dir='ltr' id='par_1_24' title="bbox 1964 973 3535 1052">
     <span class='ocr_line' id='line_1_24' title="bbox 1964 973 3535 1052; baseline 0.006 -28"><span class='ocrx_word' id='word_1_186' title='bbox 1964 989 1985 1024; x_wconf 75' lang='grc' dir='ltr'><strong><em>ι</em></strong></span> <span class='ocrx_word' id='word_1_187' title='bbox 2018 973 2156 1028; x_wconf 69' lang='lat' dir='ltr'><strong>rilis~</strong></span> <span class='ocrx_word' id='word_1_188' title='bbox 2177 990 2298 1044; x_wconf 70' lang='lat' dir='ltr'><strong>qua:</strong></span> <span class='ocrx_word' id='word_1_189' title='bbox 2345 989 2451 1028; x_wconf 91' lang='lat' dir='ltr'><strong>non</strong></span> <span class='ocrx_word' id='word_1_190' title='bbox 2489 974 2657 1043; x_wconf 90' lang='lat' dir='ltr'><strong>paris,</strong></span> <span class='ocrx_word' id='word_1_191' title='bbox 2703 990 2925 1043; x_wconf 88' lang='lat' dir='ltr'><strong>erumpe</strong></span> <span class='ocrx_word' id='word_1_192' title='bbox 2971 984 3026 1029; x_wconf 92' lang='lat' dir='ltr'><strong>ct</strong></span> <span class='ocrx_word' id='word_1_193' title='bbox 3070 977 3397 1047; x_wconf 74' lang='lat' dir='ltr'><strong>clamaqua:</strong></span> <span class='ocrx_word' id='word_1_194' title='bbox 3425 995 3535 1052; x_wconf 88' lang='lat' dir='ltr'><strong>non</strong></span> 
     </span>
    </p>
   </div>
   <div class='ocr_carea' id='block_1_25' title="bbox 1965 1063 3539 1136">
    <p class='ocr_par' dir='ltr' id='par_1_25' title="bbox 1965 1063 3539 1136">
     <span class='ocr_line' id='line_1_25' title="bbox 1965 1063 3539 1136; baseline 0.006 -24"><span class='ocrx_word' id='word_1_195' title='bbox 1965 1079 1983 1112; x_wconf 74' lang='grc' dir='ltr'>ι</span> <span class='ocrx_word' id='word_1_196' title='bbox 2018 1064 2278 1132; x_wconf 87' lang='lat' dir='ltr'><strong>parturis,</strong></span> <span class='ocrx_word' id='word_1_197' title='bbox 2334 1063 2460 1133; x_wconf 89' lang='lat' dir='ltr'><strong>quia</strong></span> <span class='ocrx_word' id='word_1_198' title='bbox 2514 1063 2666 1117; x_wconf 87' lang='lat' dir='ltr'><strong>multi</strong></span> <span class='ocrx_word' id='word_1_199' title='bbox 2698 1064 2790 1117; x_wconf 81' lang='lat' dir='ltr'><strong>lilii</strong></span> <span class='ocrx_word' id='word_1_200' title='bbox 2848 1065 3091 1131; x_wconf 60' lang='lat' dir='ltr'><strong>desertae,</strong></span> <span class='ocrx_word' id='word_1_201' title='bbox 3129 1067 3318 1136; x_wconf 83' lang='lat' dir='ltr'><strong>magis</strong></span> <span class='ocrx_word' id='word_1_202' title='bbox 3371 1081 3539 1136; x_wconf 81' lang='lat' dir='ltr'><strong>quam</strong></span> 
     </span>
    </p>
   </div>
   <div class='ocr_carea' id='block_1_26' title="bbox 1965 1150 3529 1230">
    <p class='ocr_par' dir='ltr' id='par_1_26' title="bbox 1965 1150 3529 1230">
     <span class='ocr_line' id='line_1_26' title="bbox 1965 1150 3529 1230; baseline 0.007 -29"><span class='ocrx_word' id='word_1_203' title='bbox 1965 1169 1983 1200; x_wconf 73' lang='grc' dir='ltr'><strong><em>ι</em></strong></span> <span class='ocrx_word' id='word_1_204' title='bbox 2012 1150 2128 1220; x_wconf 86' lang='lat' dir='ltr'><strong>ejus</strong></span> <span class='ocrx_word' id='word_1_205' title='bbox 2159 1168 2279 1222; x_wconf 87' lang='lat' dir='ltr'><strong>quae</strong></span> <span class='ocrx_word' id='word_1_206' title='bbox 2305 1153 2471 1223; x_wconf 83' lang='lat' dir='ltr'><strong>habet</strong></span> <span class='ocrx_word' id='word_1_207' title='bbox 2499 1154 2674 1208; x_wconf 89' lang='lat' dir='ltr'><strong>virum</strong></span> <span class='ocrx_word' id='word_1_208' title='bbox 2694 1193 2708 1217; x_wconf 93' lang='lat'><strong>,</strong></span> <span class='ocrx_word' id='word_1_209' title='bbox 2755 1174 2772 1206; x_wconf 73' lang='grc' dir='ltr'><strong>ι</strong></span> <span class='ocrx_word' id='word_1_210' title='bbox 2802 1162 2903 1208; x_wconf 92' lang='lat' dir='ltr'><strong>etc.</strong></span> <span class='ocrx_word' id='word_1_211' title='bbox 2965 1153 3100 1224; x_wconf 78' lang='lat' dir='ltr'><strong>(Im.</strong></span> <span class='ocrx_word' id='word_1_212' title='bbox 3152 1157 3280 1227; x_wconf 76' lang='lat' dir='ltr'><strong>Liv).</strong></span> <span class='ocrx_word' id='word_1_213' title='bbox 3323 1155 3376 1211; x_wconf 60' lang='lat' dir='ltr'><strong>Si</strong></span> <span class='ocrx_word' id='word_1_214' title='bbox 3400 1170 3529 1230; x_wconf 70' lang='lat' dir='ltr'><strong>ergo</strong></span> 
     </span>
    </p>
   </div>
   <div class='ocr_carea' id='block_1_27' title="bbox 1939 1239 3534 1317">
    <p class='ocr_par' dir='ltr' id='par_1_27' title="bbox 1939 1239 3534 1317">
     <span class='ocr_line' id='line_1_27' title="bbox 1939 1239 3534 1317; baseline 0.006 -25"><span class='ocrx_word' id='word_1_215' title='bbox 1939 1239 2072 1309; x_wconf 80' lang='lat' dir='ltr'><strong>ipsa</strong></span> <span class='ocrx_word' id='word_1_216' title='bbox 2098 1241 2319 1298; x_wconf 77' lang='lat' dir='ltr'><strong>Veritas</strong></span> <span class='ocrx_word' id='word_1_217' title='bbox 2345 1252 2401 1297; x_wconf 93' lang='lat' dir='ltr'><strong>et</strong></span> <span class='ocrx_word' id='word_1_218' title='bbox 2437 1244 2687 1313; x_wconf 87' lang='lat' dir='ltr'><strong>discipuli</strong></span> <span class='ocrx_word' id='word_1_219' title='bbox 2729 1244 2869 1314; x_wconf 89' lang='lat' dir='ltr'><strong>ejus,</strong></span> <span class='ocrx_word' id='word_1_220' title='bbox 2898 1260 2966 1299; x_wconf 81' lang='lat' dir='ltr'><strong>ex</strong></span> <span class='ocrx_word' id='word_1_221' title='bbox 3023 1247 3346 1302; x_wconf 86' lang='lat' dir='ltr'><strong>testimoniis</strong></span> <span class='ocrx_word' id='word_1_222' title='bbox 3398 1248 3534 1317; x_wconf 87' lang='lat' dir='ltr'><strong>legis</strong></span> 
     </span>
    </p>
   </div>
   <div class='ocr_carea' id='block_1_28' title="bbox 1953 1332 3541 1402">
    <p class='ocr_par' dir='ltr' id='par_1_28' title="bbox 1953 1332 3541 1402">
     <span class='ocr_line' id='line_1_28' title="bbox 1953 1332 3541 1402; baseline 0.001 -14"><span class='ocrx_word' id='word_1_223' title='bbox 1953 1332 2260 1388; x_wconf 84' lang='lat' dir='ltr'><strong>doctrinam</strong></span> <span class='ocrx_word' id='word_1_224' title='bbox 2289 1347 2442 1388; x_wconf 89' lang='lat' dir='ltr'><strong>suam</strong></span> <span class='ocrx_word' id='word_1_225' title='bbox 2492 1334 2872 1402; x_wconf 87' lang='lat' dir='ltr'><strong>probaverunt,</strong></span> <span class='ocrx_word' id='word_1_226' title='bbox 2933 1342 2988 1388; x_wconf 90' lang='lat' dir='ltr'><strong>et</strong></span> <span class='ocrx_word' id='word_1_227' title='bbox 3037 1336 3371 1390; x_wconf 88' lang='lat' dir='ltr'><strong>auditoribus</strong></span> <span class='ocrx_word' id='word_1_228' title='bbox 3418 1337 3541 1391; x_wconf 85' lang='lat' dir='ltr'><strong>suis</strong></span> 
     </span>
    </p>
   </div>
   <div class='ocr_carea' id='block_1_29' title="bbox 1959 1423 3534 1495">
    <p class='ocr_par' dir='ltr' id='par_1_29' title="bbox 1959 1423 3534 1495">
     <span class='ocr_line' id='line_1_29' title="bbox 1959 1423 3534 1495; baseline 0.002 -17"><span class='ocrx_word' id='word_1_229' title='bbox 1959 1423 2492 1493; x_wconf 87' lang='lat' dir='ltr'><strong>commendaverunt,</strong></span> <span class='ocrx_word' id='word_1_230' title='bbox 2523 1425 2647 1492; x_wconf 89' lang='lat' dir='ltr'><strong>quis</strong></span> <span class='ocrx_word' id='word_1_231' title='bbox 2675 1433 2758 1478; x_wconf 92' lang='lat' dir='ltr'><strong>est</strong></span> <span class='ocrx_word' id='word_1_232' title='bbox 2791 1426 2882 1494; x_wconf 89' lang='lat' dir='ltr'><strong>qui</strong></span> <span class='ocrx_word' id='word_1_233' title='bbox 2914 1426 3088 1493; x_wconf 88' lang='lat' dir='ltr'><strong>ipsam</strong></span> <span class='ocrx_word' id='word_1_234' title='bbox 3115 1425 3249 1495; x_wconf 89' lang='lat' dir='ltr'><strong>legis</strong></span> <span class='ocrx_word' id='word_1_235' title='bbox 3277 1427 3534 1482; x_wconf 86' lang='lat' dir='ltr'><strong>assertio-</strong></span> 
     </span>
    </p>
   </div>
   <div class='ocr_carea' id='block_1_30' title="bbox 1927 1513 3540 1585">
    <p class='ocr_par' dir='ltr' id='par_1_30' title="bbox 1927 1513 3540 1585">
     <span class='ocr_line' id='line_1_30' title="bbox 1927 1513 3540 1585; baseline 0.002 -17"><span class='ocrx_word' id='word_1_236' title='bbox 1927 1563 1932 1568; x_wconf 91' lang='lat'><strong>.</strong></span> <span class='ocrx_word' id='word_1_237' title='bbox 1957 1528 2082 1568; x_wconf 91' lang='lat' dir='ltr'><strong>nem</strong></span> <span class='ocrx_word' id='word_1_238' title='bbox 2103 1513 2300 1568; x_wconf 88' lang='lat' dir='ltr'><strong>audeat</strong></span> <span class='ocrx_word' id='word_1_239' title='bbox 2324 1515 2740 1584; x_wconf 87' lang='lat' dir='ltr'><strong>reprehendere,</strong></span> <span class='ocrx_word' id='word_1_240' title='bbox 2761 1517 2976 1585; x_wconf 85' lang='lat' dir='ltr'><strong>quando</strong></span> <span class='ocrx_word' id='word_1_241' title='bbox 3005 1531 3124 1570; x_wconf 90' lang='lat' dir='ltr'><strong>eam</strong></span> <span class='ocrx_word' id='word_1_242' title='bbox 3154 1517 3348 1571; x_wconf 90' lang='lat' dir='ltr'><strong>viderit</strong></span> <span class='ocrx_word' id='word_1_243' title='bbox 3371 1534 3540 1573; x_wconf 89' lang='lat' dir='ltr'><strong>evan-</strong></span> 
     </span>
    </p>
   </div>
   <div class='ocr_carea' id='block_1_31' title="bbox 1931 1606 3534 1677">
    <p class='ocr_par' dir='ltr' id='par_1_31' title="bbox 1931 1606 3534 1677">
     <span class='ocr_line' id='line_1_31' title="bbox 1931 1606 3534 1677; baseline 0.002 -15"><span class='ocrx_word' id='word_1_244' title='bbox 1931 1607 2143 1677; x_wconf 73' lang='lat' dir='ltr'><strong>gelicae</strong></span> <span class='ocrx_word' id='word_1_245' title='bbox 2189 1606 2449 1663; x_wconf 71' lang='lat' dir='ltr'><strong>doctrina:</strong></span> <span class='ocrx_word' id='word_1_246' title='bbox 2495 1610 2864 1664; x_wconf 85' lang='lat' dir='ltr'><strong>concordare?</strong></span> <span class='ocrx_word' id='word_1_247' title='bbox 2908 1608 3042 1663; x_wconf 90' lang='lat' dir='ltr'><strong>Cum</strong></span> <span class='ocrx_word' id='word_1_248' title='bbox 3100 1612 3246 1664; x_wconf 89' lang='lat' dir='ltr'><strong>enim</strong></span> <span class='ocrx_word' id='word_1_249' title='bbox 3296 1612 3534 1666; x_wconf 84' lang='lat' dir='ltr'><strong>salubria</strong></span> 
     </span>
    </p>
   </div>
   <div class='ocr_carea' id='block_1_32' title="bbox 1957 1696 3538 1767">
    <p class='ocr_par' dir='ltr' id='par_1_32' title="bbox 1957 1696 3538 1767">
     <span class='ocr_line' id='line_1_32' title="bbox 1957 1696 3538 1767; baseline 0.003 -17"><span class='ocrx_word' id='word_1_250' title='bbox 1957 1705 2225 1766; x_wconf 63' lang='lat' dir='ltr'><strong>praecepta</strong></span> <span class='ocrx_word' id='word_1_251' title='bbox 2247 1696 2301 1751; x_wconf 94' lang='lat' dir='ltr'><strong>in</strong></span> <span class='ocrx_word' id='word_1_252' title='bbox 2331 1696 2445 1767; x_wconf 82' lang='lat' dir='ltr'><strong>lege</strong></span> <span class='ocrx_word' id='word_1_253' title='bbox 2469 1697 2535 1752; x_wconf 92' lang='lat' dir='ltr'><strong>de</strong></span> <span class='ocrx_word' id='word_1_254' title='bbox 2566 1698 2852 1763; x_wconf 83' lang='lat' dir='ltr'><strong>charitate,</strong></span> <span class='ocrx_word' id='word_1_255' title='bbox 2894 1699 2961 1753; x_wconf 90' lang='lat' dir='ltr'><strong>de</strong></span> <span class='ocrx_word' id='word_1_256' title='bbox 3005 1699 3276 1763; x_wconf 87' lang='lat' dir='ltr'><strong>castitate,</strong></span> <span class='ocrx_word' id='word_1_257' title='bbox 3311 1701 3378 1755; x_wconf 86' lang='lat' dir='ltr'><strong>de</strong></span> <span class='ocrx_word' id='word_1_258' title='bbox 3405 1716 3538 1755; x_wconf 91' lang='lat' dir='ltr'><strong>con—</strong></span> 
     </span>
    </p>
   </div>
   <div class='ocr_carea' id='block_1_33' title="bbox 273 1780 3544 1859">
    <p class='ocr_par' dir='ltr' id='par_1_33' title="bbox 273 1780 3544 1859">
     <span class='ocr_line' id='line_1_33' title="bbox 273 1780 3544 1859; baseline 0.003 -22"><span class='ocrx_word' id='word_1_259' title='bbox 273 1799 386 1838; x_wconf 88' lang='lat' dir='ltr'><strong>non</strong></span> <span class='ocrx_word' id='word_1_260' title='bbox 407 1783 717 1850; x_wconf 80' lang='lat' dir='ltr'><strong>carnaliter,</strong></span> <span class='ocrx_word' id='word_1_261' title='bbox 746 1786 1076 1855; x_wconf 84' lang='lat' dir='ltr'><strong>temporibus</strong></span> <span class='ocrx_word' id='word_1_262' title='bbox 1100 1787 1288 1856; x_wconf 76' lang='lat' dir='ltr'><strong>gratiae</strong></span> <span class='ocrx_word' id='word_1_263' title='bbox 1310 1788 1573 1842; x_wconf 88' lang='lat' dir='ltr'><strong>servanda</strong></span> <span class='ocrx_word' id='word_1_264' title='bbox 1596 1797 1741 1845; x_wconf 90' lang='lat' dir='ltr'><strong>sunt.</strong></span> <span class='ocrx_word' id='word_1_265' title='bbox 1766 1787 1856 1850; x_wconf 87' lang='lat' dir='ltr'><strong>Si-</strong></span> <span class='ocrx_word' id='word_1_266' title='bbox 1884 1780 1933 1839; x_wconf 89' lang='lat' dir='ltr'><strong>B</strong></span> <span class='ocrx_word' id='word_1_267' title='bbox 1963 1788 2205 1854; x_wconf 79' lang='lat' dir='ltr'><strong>liuentia,</strong></span> <span class='ocrx_word' id='word_1_268' title='bbox 2255 1799 2311 1842; x_wconf 88' lang='lat' dir='ltr'><strong>et</strong></span> <span class='ocrx_word' id='word_1_269' title='bbox 2359 1788 2424 1842; x_wconf 89' lang='lat' dir='ltr'><strong>de</strong></span> <span class='ocrx_word' id='word_1_270' title='bbox 2479 1789 2872 1854; x_wconf 88' lang='lat' dir='ltr'><strong>misericordia,</strong></span> <span class='ocrx_word' id='word_1_271' title='bbox 2905 1790 3225 1859; x_wconf 66' lang='lat' dir='ltr'><strong>ueterisque</strong></span> <span class='ocrx_word' id='word_1_272' title='bbox 3244 1792 3544 1846; x_wconf 80' lang='lat' dir='ltr'><strong>virtutibus</strong></span> 
     </span>
    </p>
   </div>
   <div class='ocr_carea' id='block_1_34' title="bbox 272 1875 3537 1947">
    <p class='ocr_par' dir='ltr' id='par_1_34' title="bbox 272 1875 3537 1947">
     <span class='ocr_line' id='line_1_34' title="bbox 272 1875 3537 1947; baseline 0.002 -19"><span class='ocrx_word' id='word_1_273' title='bbox 272 1875 482 1929; x_wconf 86' lang='lat' dir='ltr'><strong>militer</strong></span> <span class='ocrx_word' id='word_1_274' title='bbox 501 1885 682 1930; x_wconf 89' lang='lat' dir='ltr'><strong>autem</strong></span> <span class='ocrx_word' id='word_1_275' title='bbox 702 1884 759 1930; x_wconf 91' lang='lat' dir='ltr'><strong>et</strong></span> <span class='ocrx_word' id='word_1_276' title='bbox 774 1875 858 1930; x_wconf 82' lang='lat' dir='ltr'><strong>lex</strong></span> <span class='ocrx_word' id='word_1_277' title='bbox 882 1877 1315 1946; x_wconf 70' lang='lat' dir='ltr'><strong>naturalis,-qute</strong></span> <span class='ocrx_word' id='word_1_278' title='bbox 1336 1880 1700 1934; x_wconf 28' lang='lat' dir='ltr'><strong>concordat&#39;in</strong></span> <span class='ocrx_word' id='word_1_279' title='bbox 1723 1880 1862 1935; x_wconf 83' lang='lat' dir='ltr'><strong>mul-</strong></span> <span class='ocrx_word' id='word_1_280' title='bbox 1927 1879 2284 1931; x_wconf 77' lang='lat' dir='ltr'><strong>auctoritate</strong></span> <span class='ocrx_word' id='word_1_281' title='bbox 2331 1877 2510 1932; x_wconf 86' lang='lat' dir='ltr'><strong>divina</strong></span> <span class='ocrx_word' id='word_1_282' title='bbox 2557 1876 2927 1947; x_wconf 80' lang='lat' dir='ltr'><strong>proferuntur,</strong></span> <span class='ocrx_word' id='word_1_283' title='bbox 2979 1880 3123 1934; x_wconf 85' lang='lat' dir='ltr'><strong>omni</strong></span> <span class='ocrx_word' id='word_1_284' title='bbox 3172 1895 3296 1934; x_wconf 89' lang='lat' dir='ltr'><strong>cum</strong></span> <span class='ocrx_word' id='word_1_285' title='bbox 3331 1882 3537 1938; x_wconf 88' lang='lat' dir='ltr'><strong>honore</strong></span> 
     </span>
    </p>
   </div>
   <div class='ocr_carea' id='block_1_35' title="bbox 273 1966 3539 2039">
    <p class='ocr_par' dir='ltr' id='par_1_35' title="bbox 273 1966 3539 2039">
     <span class='ocr_line' id='line_1_35' title="bbox 273 1966 3539 2039; baseline 0.001 -18"><span class='ocrx_word' id='word_1_286' title='bbox 273 1968 348 2023; x_wconf 87' lang='lat' dir='ltr'><strong>tis</strong></span> <span class='ocrx_word' id='word_1_287' title='bbox 372 1968 476 2038; x_wconf 91' lang='lat' dir='ltr'><strong>legi</strong></span> <span class='ocrx_word' id='word_1_288' title='bbox 505 1967 696 2038; x_wconf 83' lang='lat' dir='ltr'><strong>Moysi,</strong></span> <span class='ocrx_word' id='word_1_289' title='bbox 727 1977 844 2023; x_wconf 89' lang='lat' dir='ltr'><strong>tres</strong></span> <span class='ocrx_word' id='word_1_290' title='bbox 871 1968 1036 2023; x_wconf 89' lang='lat' dir='ltr'><strong>habet</strong></span> <span class='ocrx_word' id='word_1_291' title='bbox 1071 1975 1274 2039; x_wconf 89' lang='lat' dir='ltr'><strong>partes.</strong></span> <span class='ocrx_word' id='word_1_292' title='bbox 1326 1968 1491 2038; x_wconf 86' lang='lat' dir='ltr'><strong>Cujus</strong></span> <span class='ocrx_word' id='word_1_293' title='bbox 1530 1971 1703 2039; x_wconf 89' lang='lat' dir='ltr'><strong>prima</strong></span> <span class='ocrx_word' id='word_1_294' title='bbox 1745 1973 1861 2027; x_wconf 62' lang='lat' dir='ltr'><strong>haec</strong></span> <span class='ocrx_word' id='word_1_295' title='bbox 1959 1966 2320 2034; x_wconf 86' lang='lat' dir='ltr'><strong>suscipienda,</strong></span> <span class='ocrx_word' id='word_1_296' title='bbox 2345 1973 2405 2020; x_wconf 85' lang='lat' dir='ltr'><strong>et</strong></span> <span class='ocrx_word' id='word_1_297' title='bbox 2430 1981 2551 2020; x_wconf 89' lang='lat' dir='ltr'><strong>cum</strong></span> <span class='ocrx_word' id='word_1_298' title='bbox 2577 1981 2770 2036; x_wconf 87' lang='lat' dir='ltr'><strong>magna</strong></span> <span class='ocrx_word' id='word_1_299' title='bbox 2796 1967 3070 2038; x_wconf 80' lang='lat' dir='ltr'><strong>diligentia</strong></span> <span class='ocrx_word' id='word_1_300' title='bbox 3097 1970 3359 2023; x_wconf 90' lang='lat' dir='ltr'><strong>servanda</strong></span> <span class='ocrx_word' id='word_1_301' title='bbox 3379 1978 3503 2024; x_wconf 91' lang='lat' dir='ltr'><strong>sunt</strong></span> <span class='ocrx_word' id='word_1_302' title='bbox 3521 1987 3539 2024; x_wconf 69' lang='grc' dir='ltr'>ι</span> 
     </span>
    </p>
   </div>
   <div class='ocr_carea' id='block_1_36' title="bbox 269 2060 1860 2132">
    <p class='ocr_par' dir='ltr' id='par_1_36' title="bbox 269 2060 1860 2132">
     <span class='ocr_line' id='line_1_36' title="bbox 269 2060 1860 2132; baseline 0.001 -17"><span class='ocrx_word' id='word_1_303' title='bbox 269 2067 384 2124; x_wconf 86' lang='lat' dir='ltr'><strong>est,</strong></span> <span class='ocrx_word' id='word_1_304' title='bbox 425 2068 482 2113; x_wconf 92' lang='lat' dir='ltr'><strong>ut</strong></span> <span class='ocrx_word' id='word_1_305' title='bbox 508 2060 724 2130; x_wconf 89' lang='lat' dir='ltr'><strong>agnitus</strong></span> <span class='ocrx_word' id='word_1_306' title='bbox 747 2061 1046 2115; x_wconf 89' lang='lat' dir='ltr'><strong>honoretur</strong></span> <span class='ocrx_word' id='word_1_307' title='bbox 1067 2069 1316 2117; x_wconf 88' lang='lat' dir='ltr'><strong>creator:</strong></span> <span class='ocrx_word' id='word_1_308' title='bbox 1345 2062 1460 2132; x_wconf 69' lang='lat' dir='ltr'><strong>{nec</strong></span> <span class='ocrx_word' id='word_1_309' title='bbox 1487 2060 1603 2130; x_wconf 90' lang='lat' dir='ltr'><strong>ejus</strong></span> <span class='ocrx_word' id='word_1_310' title='bbox 1639 2062 1860 2117; x_wconf 89' lang='lat' dir='ltr'><strong>claritas</strong></span> 
     </span>
    </p>
   </div>
   <div class='ocr_carea' id='block_1_37' title="bbox 270 2148 1858 2220">
    <p class='ocr_par' dir='ltr' id='par_1_37' title="bbox 270 2148 1858 2220">
     <span class='ocr_line' id='line_1_37' title="bbox 270 2148 1858 2220; baseline 0.001 -18"><span class='ocrx_word' id='word_1_311' title='bbox 270 2156 332 2203; x_wconf 91' lang='lat' dir='ltr'><strong>et</strong></span> <span class='ocrx_word' id='word_1_312' title='bbox 364 2149 639 2218; x_wconf 90' lang='lat' dir='ltr'><strong>majestas,</strong></span> <span class='ocrx_word' id='word_1_313' title='bbox 681 2148 839 2203; x_wconf 88' lang='lat' dir='ltr'><strong>alicui</strong></span> <span class='ocrx_word' id='word_1_314' title='bbox 871 2150 937 2204; x_wconf 92' lang='lat' dir='ltr'><strong>de</strong></span> <span class='ocrx_word' id='word_1_315' title='bbox 974 2152 1240 2206; x_wconf 88' lang='lat' dir='ltr'><strong>creaturis</strong></span> <span class='ocrx_word' id='word_1_316' title='bbox 1271 2151 1577 2220; x_wconf 89' lang='lat' dir='ltr'><strong>deputetur.</strong></span> <span class='ocrx_word' id='word_1_317' title='bbox 1613 2151 1858 2208; x_wconf 85' lang='lat' dir='ltr'><strong>Secunda</strong></span> 
     </span>
    </p>
   </div>
   <div class='ocr_carea' id='block_1_38' title="bbox 269 2236 1860 2306">
    <p class='ocr_par' dir='ltr' id='par_1_38' title="bbox 269 2236 1860 2306">
     <span class='ocr_line' id='line_1_38' title="bbox 269 2236 1860 2306; baseline 0.002 -16"><span class='ocrx_word' id='word_1_318' title='bbox 269 2243 458 2290; x_wconf 89' lang='lat' dir='ltr'><strong>autem</strong></span> <span class='ocrx_word' id='word_1_319' title='bbox 483 2252 607 2306; x_wconf 88' lang='lat' dir='ltr'><strong>pars</strong></span> <span class='ocrx_word' id='word_1_320' title='bbox 637 2245 722 2290; x_wconf 89' lang='lat' dir='ltr'><strong>est</strong></span> <span class='ocrx_word' id='word_1_321' title='bbox 744 2236 988 2301; x_wconf 89' lang='lat' dir='ltr'><strong>moralis,</strong></span> <span class='ocrx_word' id='word_1_322' title='bbox 1022 2237 1125 2292; x_wconf 92' lang='lat' dir='ltr'><strong>hoc</strong></span> <span class='ocrx_word' id='word_1_323' title='bbox 1146 2245 1251 2303; x_wconf 90' lang='lat' dir='ltr'><strong>est,</strong></span> <span class='ocrx_word' id='word_1_324' title='bbox 1278 2247 1338 2292; x_wconf 92' lang='lat' dir='ltr'><strong>ut</strong></span> <span class='ocrx_word' id='word_1_325' title='bbox 1358 2238 1494 2294; x_wconf 89' lang='lat' dir='ltr'><strong>bene</strong></span> <span class='ocrx_word' id='word_1_326' title='bbox 1516 2240 1728 2293; x_wconf 88' lang='lat' dir='ltr'><strong>vivatur</strong></span> <span class='ocrx_word' id='word_1_327' title='bbox 1747 2254 1860 2293; x_wconf 90' lang='lat' dir='ltr'><strong>mo-</strong></span> 
     </span>
    </p>
   </div>
   <div class='ocr_carea' id='block_1_39' title="bbox 269 2324 1861 2396">
    <p class='ocr_par' dir='ltr' id='par_1_39' title="bbox 269 2324 1861 2396">
     <span class='ocr_line' id='line_1_39' title="bbox 269 2324 1861 2396; baseline -0.001 -15"><span class='ocrx_word' id='word_1_328' title='bbox 269 2326 452 2381; x_wconf 85' lang='lat' dir='ltr'><strong>destia</strong></span> <span class='ocrx_word' id='word_1_329' title='bbox 492 2325 846 2395; x_wconf 88' lang='lat' dir='ltr'><strong>gubernante.</strong></span> <span class='ocrx_word' id='word_1_330' title='bbox 896 2324 1157 2396; x_wconf 88' lang='lat' dir='ltr'><strong>Congruit</strong></span> <span class='ocrx_word' id='word_1_331' title='bbox 1193 2327 1340 2381; x_wconf 92' lang='lat' dir='ltr'><strong>enim</strong></span> <span class='ocrx_word' id='word_1_332' title='bbox 1389 2328 1592 2382; x_wconf 91' lang='lat' dir='ltr'><strong>homini</strong></span> <span class='ocrx_word' id='word_1_333' title='bbox 1640 2327 1861 2381; x_wconf 86' lang='lat' dir='ltr'><strong>habenti</strong></span> 
     </span>
    </p>
   </div>
   <div class='ocr_carea' id='block_1_40' title="bbox 269 2415 1864 2484">
    <p class='ocr_par' dir='ltr' id='par_1_40' title="bbox 269 2415 1864 2484">
     <span class='ocr_line' id='line_1_40' title="bbox 269 2415 1864 2484; baseline -0.001 -11"><span class='ocrx_word' id='word_1_334' title='bbox 269 2417 524 2473; x_wconf 87' lang='lat' dir='ltr'><strong>notitiam</strong></span> <span class='ocrx_word' id='word_1_335' title='bbox 551 2416 836 2480; x_wconf 90' lang='lat' dir='ltr'><strong>creatoris,</strong></span> <span class='ocrx_word' id='word_1_336' title='bbox 860 2415 1028 2470; x_wconf 88' lang='lat' dir='ltr'><strong>vitam</strong></span> <span class='ocrx_word' id='word_1_337' title='bbox 1050 2431 1203 2470; x_wconf 88' lang='lat' dir='ltr'><strong>suam</strong></span> <span class='ocrx_word' id='word_1_338' title='bbox 1225 2416 1343 2484; x_wconf 87' lang='lat' dir='ltr'><strong>lege</strong></span> <span class='ocrx_word' id='word_1_339' title='bbox 1364 2415 1601 2482; x_wconf 86' lang='lat' dir='ltr'><strong>frenare,</strong></span> <span class='ocrx_word' id='word_1_340' title='bbox 1634 2433 1700 2472; x_wconf 85' lang='lat' dir='ltr'><strong>ne</strong></span> <span class='ocrx_word' id='word_1_341' title='bbox 1720 2417 1864 2473; x_wconf 78' lang='lat' dir='ltr'><strong>frus-</strong></span> 
     </span>
    </p>
   </div>
   <div class='ocr_carea' id='block_1_41' title="bbox 270 2503 1860 2576">
    <p class='ocr_par' dir='ltr' id='par_1_41' title="bbox 270 2503 1860 2576">
     <span class='ocr_line' id='line_1_41' title="bbox 270 2503 1860 2576; baseline 0.001 -15"><span class='ocrx_word' id='word_1_342' title='bbox 270 2515 454 2560; x_wconf 89' lang='lat' dir='ltr'><strong>tretur</strong></span> <span class='ocrx_word' id='word_1_343' title='bbox 473 2504 696 2576; x_wconf 85' lang='lat' dir='ltr'><strong>agnitio.</strong></span> <span class='ocrx_word' id='word_1_344' title='bbox 727 2503 909 2558; x_wconf 90' lang='lat' dir='ltr'><strong>Tertia</strong></span> <span class='ocrx_word' id='word_1_345' title='bbox 936 2519 1062 2558; x_wconf 93' lang='lat' dir='ltr'><strong>vero</strong></span> <span class='ocrx_word' id='word_1_346' title='bbox 1091 2519 1218 2573; x_wconf 89' lang='lat' dir='ltr'><strong>pars</strong></span> <span class='ocrx_word' id='word_1_347' title='bbox 1237 2513 1320 2558; x_wconf 88' lang='lat' dir='ltr'><strong>est</strong></span> <span class='ocrx_word' id='word_1_348' title='bbox 1346 2504 1590 2560; x_wconf 88' lang='lat' dir='ltr'><strong>docibilis</strong></span> <span class='ocrx_word' id='word_1_349' title='bbox 1621 2523 1634 2558; x_wconf 85' lang='lat'>:</span> <span class='ocrx_word' id='word_1_350' title='bbox 1674 2516 1734 2560; x_wconf 92' lang='lat' dir='ltr'><strong>ut</strong></span> <span class='ocrx_word' id='word_1_351' title='bbox 1760 2521 1860 2562; x_wconf 92' lang='lat' dir='ltr'><strong>no-</strong></span> 
     </span>
    </p>
   </div>
   <div class='ocr_carea' id='block_1_42' title="bbox 270 2593 1862 2663">
    <p class='ocr_par' dir='ltr' id='par_1_42' title="bbox 270 2593 1862 2663">
     <span class='ocr_line' id='line_1_42' title="bbox 270 2593 1862 2663; baseline 0.001 -15"><span class='ocrx_word' id='word_1_352' title='bbox 270 2595 394 2649; x_wconf 90' lang='lat' dir='ltr'><strong>titia</strong></span> <span class='ocrx_word' id='word_1_353' title='bbox 416 2594 511 2648; x_wconf 89' lang='lat' dir='ltr'><strong>Dei</strong></span> <span class='ocrx_word' id='word_1_354' title='bbox 543 2593 828 2659; x_wconf 87' lang='lat' dir='ltr'><strong>creatoris,</strong></span> <span class='ocrx_word' id='word_1_355' title='bbox 869 2600 924 2647; x_wconf 92' lang='lat' dir='ltr'><strong>et</strong></span> <span class='ocrx_word' id='word_1_356' title='bbox 946 2593 1250 2663; x_wconf 79' lang='lat' dir='ltr'><strong>exemplum</strong></span> <span class='ocrx_word' id='word_1_357' title='bbox 1285 2609 1404 2648; x_wconf 86' lang='lat' dir='ltr'><strong>mox</strong></span> <span class='ocrx_word' id='word_1_358' title='bbox 1438 2595 1649 2650; x_wconf 84' lang='lat' dir='ltr'><strong>caeteris</strong></span> <span class='ocrx_word' id='word_1_359' title='bbox 1678 2596 1862 2650; x_wconf 83' lang='lat' dir='ltr'><strong>trada-</strong></span> 
     </span>
    </p>
   </div>
   <div class='ocr_carea' id='block_1_43' title="bbox 269 2683 1862 2752">
    <p class='ocr_par' dir='ltr' id='par_1_43' title="bbox 269 2683 1862 2752">
     <span class='ocr_line' id='line_1_43' title="bbox 269 2683 1862 2752; baseline 0.001 -14"><span class='ocrx_word' id='word_1_360' title='bbox 269 2693 368 2740; x_wconf 89' lang='lat' dir='ltr'><strong>tur</strong></span> <span class='ocrx_word' id='word_1_361' title='bbox 403 2702 418 2741; x_wconf 89' lang='lat'><strong>:</strong></span> <span class='ocrx_word' id='word_1_362' title='bbox 465 2693 526 2738; x_wconf 92' lang='lat' dir='ltr'><strong>ut</strong></span> <span class='ocrx_word' id='word_1_363' title='bbox 567 2684 779 2739; x_wconf 89' lang='lat' dir='ltr'><strong>discant</strong></span> <span class='ocrx_word' id='word_1_364' title='bbox 816 2683 1267 2752; x_wconf 82' lang='lat' dir='ltr'><strong>quemadmodum</strong></span> <span class='ocrx_word' id='word_1_365' title='bbox 1316 2685 1577 2739; x_wconf 87' lang='lat' dir='ltr'><strong>creatoris</strong></span> <span class='ocrx_word' id='word_1_366' title='bbox 1609 2685 1862 2740; x_wconf 91' lang='lat' dir='ltr'><strong>meritum</strong></span> 
     </span>
    </p>
   </div>
   <div class='ocr_carea' id='block_1_44' title="bbox 267 2775 1865 2845">
    <p class='ocr_par' dir='ltr' id='par_1_44' title="bbox 267 2775 1865 2845">
     <span class='ocr_line' id='line_1_44' title="bbox 267 2775 1865 2845; baseline -0.001 -13"><span class='ocrx_word' id='word_1_367' title='bbox 267 2776 608 2832; x_wconf 82' lang='lat' dir='ltr'><strong>collocetur:</strong></span> <span class='ocrx_word' id='word_1_368' title='bbox 643 2776 757 2830; x_wconf 86' lang='lat' dir='ltr'><strong>haec</strong></span> <span class='ocrx_word' id='word_1_369' title='bbox 779 2783 863 2830; x_wconf 83' lang='lat' dir='ltr'><strong>est</strong></span> <span class='ocrx_word' id='word_1_370' title='bbox 887 2775 1030 2830; x_wconf 88' lang='lat' dir='ltr'><strong>enim</strong></span> <span class='ocrx_word' id='word_1_371' title='bbox 1052 2789 1180 2830; x_wconf 88' lang='lat' dir='ltr'><strong>vera</strong></span> <span class='ocrx_word' id='word_1_372' title='bbox 1220 2785 1278 2830; x_wconf 90' lang='lat' dir='ltr'><strong>et</strong></span> <span class='ocrx_word' id='word_1_373' title='bbox 1306 2775 1607 2830; x_wconf 90' lang='lat' dir='ltr'><strong>Christiana</strong></span> <span class='ocrx_word' id='word_1_374' title='bbox 1635 2776 1865 2845; x_wconf 88' lang='lat' dir='ltr'><strong>pruden-</strong></span> 
     </span>
    </p>
   </div>
   <div class='ocr_carea' id='block_1_45' title="bbox 269 2863 1862 2935">
    <p class='ocr_par' dir='ltr' id='par_1_45' title="bbox 269 2863 1862 2935">
     <span class='ocr_line' id='line_1_45' title="bbox 269 2863 1862 2935; baseline 0.001 -17"><span class='ocrx_word' id='word_1_375' title='bbox 269 2864 352 2920; x_wconf 86' lang='lat' dir='ltr'><strong>tia</strong></span> <span class='ocrx_word' id='word_1_376' title='bbox 381 2882 398 2920; x_wconf 86' lang='lat'><strong>:</strong></span> <span class='ocrx_word' id='word_1_377' title='bbox 430 2872 487 2920; x_wconf 90' lang='lat' dir='ltr'><strong>et</strong></span> <span class='ocrx_word' id='word_1_378' title='bbox 514 2865 660 2919; x_wconf 89' lang='lat' dir='ltr'><strong>omni</strong></span> <span class='ocrx_word' id='word_1_379' title='bbox 686 2863 958 2920; x_wconf 87' lang='lat' dir='ltr'><strong>catholico</strong></span> <span class='ocrx_word' id='word_1_380' title='bbox 981 2865 1050 2918; x_wconf 90' lang='lat' dir='ltr'><strong>ad</strong></span> <span class='ocrx_word' id='word_1_381' title='bbox 1073 2864 1408 2929; x_wconf 87' lang='lat' dir='ltr'><strong>discendum,</strong></span> <span class='ocrx_word' id='word_1_382' title='bbox 1445 2874 1607 2935; x_wconf 88' lang='lat' dir='ltr'><strong>atque</strong></span> <span class='ocrx_word' id='word_1_383' title='bbox 1646 2867 1714 2920; x_wconf 90' lang='lat' dir='ltr'><strong>ad</strong></span> <span class='ocrx_word' id='word_1_384' title='bbox 1743 2882 1862 2920; x_wconf 87' lang='lat' dir='ltr'><strong>ser-</strong></span> 
     </span>
    </p>
   </div>
   <div class='ocr_carea' id='block_1_46' title="bbox 270 2955 1862 3023">
    <p class='ocr_par' dir='ltr' id='par_1_46' title="bbox 270 2955 1862 3023">
     <span class='ocr_line' id='line_1_46' title="bbox 270 2955 1862 3023; baseline 0.001 -14"><span class='ocrx_word' id='word_1_385' title='bbox 270 2956 515 3010; x_wconf 85' lang='lat' dir='ltr'><strong>vandum</strong></span> <span class='ocrx_word' id='word_1_386' title='bbox 536 2955 860 3019; x_wconf 86' lang='lat' dir='ltr'><strong>necessaria,</strong></span> <span class='ocrx_word' id='word_1_387' title='bbox 882 2955 1006 3023; x_wconf 90' lang='lat' dir='ltr'><strong>quia</strong></span> <span class='ocrx_word' id='word_1_388' title='bbox 1034 2970 1132 3022; x_wconf 87' lang='lat' dir='ltr'><strong>per</strong></span> <span class='ocrx_word' id='word_1_389' title='bbox 1160 2956 1299 3009; x_wconf 91' lang='lat' dir='ltr'><strong>hanc</strong></span> <span class='ocrx_word' id='word_1_390' title='bbox 1322 2956 1373 3009; x_wconf 93' lang='lat' dir='ltr'><strong>in</strong></span> <span class='ocrx_word' id='word_1_391' title='bbox 1406 2956 1509 3010; x_wconf 89' lang='lat' dir='ltr'><strong>hoc</strong></span> <span class='ocrx_word' id='word_1_392' title='bbox 1530 2957 1728 3011; x_wconf 86' lang='lat' dir='ltr'><strong>saeculo</strong></span> <span class='ocrx_word' id='word_1_393' title='bbox 1752 2958 1862 3011; x_wconf 83' lang='lat' dir='ltr'><strong>vita</strong></span> 
     </span>
    </p>
   </div>
   <div class='ocr_carea' id='block_1_47' title="bbox 269 3045 1863 3115">
    <p class='ocr_par' dir='ltr' id='par_1_47' title="bbox 269 3045 1863 3115">
     <span class='ocr_line' id='line_1_47' title="bbox 269 3045 1863 3115; baseline -0.004 -8"><span class='ocrx_word' id='word_1_394' title='bbox 269 3052 508 3107; x_wconf 86' lang='lat' dir='ltr'><strong>honesta</strong></span> <span class='ocrx_word' id='word_1_395' title='bbox 541 3048 778 3111; x_wconf 86' lang='lat' dir='ltr'><strong>ducitur,</strong></span> <span class='ocrx_word' id='word_1_396' title='bbox 807 3054 862 3100; x_wconf 89' lang='lat' dir='ltr'><strong>et</strong></span> <span class='ocrx_word' id='word_1_397' title='bbox 887 3047 940 3100; x_wconf 91' lang='lat' dir='ltr'><strong>in</strong></span> <span class='ocrx_word' id='word_1_398' title='bbox 979 3045 1160 3099; x_wconf 80' lang='lat' dir='ltr'><strong>futuro</strong></span> <span class='ocrx_word' id='word_1_399' title='bbox 1182 3047 1248 3100; x_wconf 90' lang='lat' dir='ltr'><strong>ad</strong></span> <span class='ocrx_word' id='word_1_400' title='bbox 1270 3048 1491 3114; x_wconf 75' lang='lat' dir='ltr'><strong>przemia</strong></span> <span class='ocrx_word' id='word_1_401' title='bbox 1512 3056 1715 3101; x_wconf 60' lang='lat' dir='ltr'><strong>aeterna</strong></span> <span class='ocrx_word' id='word_1_402' title='bbox 1738 3062 1863 3115; x_wconf 89' lang='lat' dir='ltr'><strong>per-</strong></span> 
     </span>
    </p>
   </div>
   <div class='ocr_carea' id='block_1_48' title="bbox 1959 2057 3537 2128">
    <p class='ocr_par' dir='ltr' id='par_1_48' title="bbox 1959 2057 3537 2128">
     <span class='ocr_line' id='line_1_48' title="bbox 1959 2057 3537 2128; baseline 0.003 -16"><span class='ocrx_word' id='word_1_403' title='bbox 1959 2059 2084 2128; x_wconf 86' lang='lat' dir='ltr'><strong>quia</strong></span> <span class='ocrx_word' id='word_1_404' title='bbox 2114 2059 2168 2112; x_wconf 93' lang='lat' dir='ltr'><strong>in</strong></span> <span class='ocrx_word' id='word_1_405' title='bbox 2200 2059 2304 2112; x_wconf 91' lang='lat' dir='ltr'><strong>hoc</strong></span> <span class='ocrx_word' id='word_1_406' title='bbox 2334 2072 2392 2112; x_wconf 84' lang='lat' dir='ltr'><strong>se</strong></span> <span class='ocrx_word' id='word_1_407' title='bbox 2422 2059 2651 2126; x_wconf 90' lang='lat' dir='ltr'><strong>quisque</strong></span> <span class='ocrx_word' id='word_1_408' title='bbox 2679 2057 2875 2128; x_wconf 90' lang='lat' dir='ltr'><strong>prohat</strong></span> <span class='ocrx_word' id='word_1_409' title='bbox 2899 2059 3068 2128; x_wconf 88' lang='lat' dir='ltr'><strong>ipsius</strong></span> <span class='ocrx_word' id='word_1_410' title='bbox 3095 2061 3344 2115; x_wconf 87' lang='lat' dir='ltr'><strong>veritatis</strong></span> <span class='ocrx_word' id='word_1_411' title='bbox 3369 2062 3537 2116; x_wconf 84' lang='lat' dir='ltr'><strong>devo-</strong></span> 
     </span>
    </p>
   </div>
   <div class='ocr_carea' id='block_1_49' title="bbox 1962 2146 3539 2216">
    <p class='ocr_par' dir='ltr' id='par_1_49' title="bbox 1962 2146 3539 2216">
     <span class='ocr_line' id='line_1_49' title="bbox 1962 2146 3539 2216; baseline 0.003 -17"><span class='ocrx_word' id='word_1_412' title='bbox 1962 2155 2073 2199; x_wconf 91' lang='lat' dir='ltr'><strong>tum</strong></span> <span class='ocrx_word' id='word_1_413' title='bbox 2100 2160 2218 2200; x_wconf 89' lang='lat' dir='ltr'><strong>esse</strong></span> <span class='ocrx_word' id='word_1_414' title='bbox 2269 2146 2614 2216; x_wconf 89' lang='lat' dir='ltr'><strong>discipulum,</strong></span> <span class='ocrx_word' id='word_1_415' title='bbox 2646 2155 2700 2200; x_wconf 94' lang='lat' dir='ltr'><strong>et</strong></span> <span class='ocrx_word' id='word_1_416' title='bbox 2734 2148 3109 2202; x_wconf 86' lang='lat' dir='ltr'><strong>mandatorum</strong></span> <span class='ocrx_word' id='word_1_417' title='bbox 3138 2151 3232 2204; x_wconf 87' lang='lat' dir='ltr'><strong>Dei</strong></span> <span class='ocrx_word' id='word_1_418' title='bbox 3257 2152 3539 2206; x_wconf 87' lang='lat' dir='ltr'><strong>custodem</strong></span> 
     </span>
    </p>
   </div>
   <div class='ocr_carea' id='block_1_50' title="bbox 1961 2235 3544 2308">
    <p class='ocr_par' dir='ltr' id='par_1_50' title="bbox 1961 2235 3544 2308">
     <span class='ocr_line' id='line_1_50' title="bbox 1961 2235 3544 2308; baseline 0.003 -18"><span class='ocrx_word' id='word_1_419' title='bbox 1961 2235 2460 2303; x_wconf 86' lang='lat' dir='ltr'><strong>diligentissimum,</strong></span> <span class='ocrx_word' id='word_1_420' title='bbox 2521 2235 2566 2288; x_wconf 92' lang='lat' dir='ltr'><strong>si</strong></span> <span class='ocrx_word' id='word_1_421' title='bbox 2617 2236 2922 2291; x_wconf 90' lang='lat' dir='ltr'><strong>consentiat</strong></span> <span class='ocrx_word' id='word_1_422' title='bbox 2958 2236 3062 2308; x_wconf 89' lang='lat' dir='ltr'><strong>legi</strong></span> <span class='ocrx_word' id='word_1_423' title='bbox 3115 2238 3234 2303; x_wconf 92' lang='lat' dir='ltr'><strong>Dei,</strong></span> <span class='ocrx_word' id='word_1_424' title='bbox 3265 2249 3320 2293; x_wconf 91' lang='lat' dir='ltr'><strong>et</strong></span> <span class='ocrx_word' id='word_1_425' title='bbox 3367 2241 3544 2295; x_wconf 86' lang='lat' dir='ltr'><strong>credit</strong></span> 
     </span>
    </p>
   </div>
   <div class='ocr_carea' id='block_1_51' title="bbox 1961 2323 3542 2397">
    <p class='ocr_par' dir='ltr' id='par_1_51' title="bbox 1961 2323 3542 2397">
     <span class='ocr_line' id='line_1_51' title="bbox 1961 2323 3542 2397; baseline 0.004 -20"><span class='ocrx_word' id='word_1_426' title='bbox 1961 2323 2067 2378; x_wconf 88' lang='lat' dir='ltr'><strong>illis</strong></span> <span class='ocrx_word' id='word_1_427' title='bbox 2100 2340 2221 2391; x_wconf 80' lang='lat' dir='ltr'><strong>quae</strong></span> <span class='ocrx_word' id='word_1_428' title='bbox 2270 2324 2324 2378; x_wconf 92' lang='lat' dir='ltr'><strong>in</strong></span> <span class='ocrx_word' id='word_1_429' title='bbox 2353 2339 2416 2378; x_wconf 90' lang='lat' dir='ltr'><strong>ea</strong></span> <span class='ocrx_word' id='word_1_430' title='bbox 2449 2325 2653 2394; x_wconf 87' lang='lat' dir='ltr'><strong>scripta</strong></span> <span class='ocrx_word' id='word_1_431' title='bbox 2707 2333 2852 2378; x_wconf 88' lang='lat' dir='ltr'><strong>sunt.</strong></span> <span class='ocrx_word' id='word_1_432' title='bbox 2890 2325 3029 2379; x_wconf 90' lang='lat' dir='ltr'><strong>Hinc</strong></span> <span class='ocrx_word' id='word_1_433' title='bbox 3071 2341 3285 2396; x_wconf 88' lang='lat' dir='ltr'><strong>quoque</strong></span> <span class='ocrx_word' id='word_1_434' title='bbox 3332 2328 3445 2397; x_wconf 90' lang='lat' dir='ltr'><strong>ipse</strong></span> <span class='ocrx_word' id='word_1_435' title='bbox 3470 2329 3542 2386; x_wconf 86' lang='lat' dir='ltr'><strong>ad</strong></span> 
     </span>
    </p>
   </div>
   <div class='ocr_carea' id='block_1_52' title="bbox 1960 2413 3541 2486">
    <p class='ocr_par' dir='ltr' id='par_1_52' title="bbox 1960 2413 3541 2486">
     <span class='ocr_line' id='line_1_52' title="bbox 1960 2413 3541 2486; baseline 0.005 -18"><span class='ocrx_word' id='word_1_436' title='bbox 1960 2414 2269 2482; x_wconf 78' lang='lat' dir='ltr'><strong>incredulos</strong></span> <span class='ocrx_word' id='word_1_437' title='bbox 2321 2413 2556 2480; x_wconf 62' lang='lat' dir='ltr'><strong>Iudaeos,</strong></span> <span class='ocrx_word' id='word_1_438' title='bbox 2601 2424 2656 2472; x_wconf 90' lang='lat' dir='ltr'><strong>et</strong></span> <span class='ocrx_word' id='word_1_439' title='bbox 2683 2427 2874 2472; x_wconf 88' lang='lat' dir='ltr'><strong>contra</strong></span> <span class='ocrx_word' id='word_1_440' title='bbox 2903 2417 3250 2486; x_wconf 87' lang='lat' dir='ltr'><strong>altercantes,</strong></span> <span class='ocrx_word' id='word_1_441' title='bbox 3281 2421 3392 2474; x_wconf 86' lang='lat' dir='ltr'><strong>ait:</strong></span> <span class='ocrx_word' id='word_1_442' title='bbox 3429 2439 3447 2473; x_wconf 71' lang='grc' dir='ltr'>ε</span> <span class='ocrx_word' id='word_1_443' title='bbox 3479 2419 3541 2477; x_wconf 88' lang='lat' dir='ltr'><strong>Si</strong></span> 
     </span>
    </p>
   </div>
   <div class='ocr_carea' id='block_1_53' title="bbox 1968 2504 3538 2578">
    <p class='ocr_par' dir='ltr' id='par_1_53' title="bbox 1968 2504 3538 2578">
     <span class='ocr_line' id='line_1_53' title="bbox 1968 2504 3538 2578; baseline 0.006 -19"><span class='ocrx_word' id='word_1_444' title='bbox 1968 2525 1986 2558; x_wconf 78' lang='grc' dir='ltr'>ι</span> <span class='ocrx_word' id='word_1_445' title='bbox 2023 2507 2165 2560; x_wconf 92' lang='lat' dir='ltr'><strong>enim</strong></span> <span class='ocrx_word' id='word_1_446' title='bbox 2194 2504 2487 2561; x_wconf 76' lang='lat' dir='ltr'><strong>crederetis</strong></span> <span class='ocrx_word' id='word_1_447' title='bbox 2514 2506 2701 2578; x_wconf 84' lang='lat' dir='ltr'><strong>Moysi,</strong></span> <span class='ocrx_word' id='word_1_448' title='bbox 2734 2509 3028 2565; x_wconf 88' lang='lat' dir='ltr'><strong>crederetis</strong></span> <span class='ocrx_word' id='word_1_449' title='bbox 3052 2509 3277 2564; x_wconf 75' lang='lat' dir='ltr'><strong>forsitan</strong></span> <span class='ocrx_word' id='word_1_450' title='bbox 3301 2522 3354 2565; x_wconf 92' lang='lat' dir='ltr'><strong>et</strong></span> <span class='ocrx_word' id='word_1_451' title='bbox 3384 2512 3538 2568; x_wconf 92' lang='lat' dir='ltr'><strong>mihi.</strong></span> 
     </span>
    </p>
   </div>
   <div class='ocr_carea' id='block_1_54' title="bbox 1968 2598 3544 2670">
    <p class='ocr_par' dir='ltr' id='par_1_54' title="bbox 1968 2598 3544 2670">
     <span class='ocr_line' id='line_1_54' title="bbox 1968 2598 3544 2670; baseline 0.005 -19"><span class='ocrx_word' id='word_1_452' title='bbox 1968 2617 1986 2651; x_wconf 70' lang='grc' dir='ltr'><strong>ς</strong></span> <span class='ocrx_word' id='word_1_453' title='bbox 2020 2598 2096 2652; x_wconf 89' lang='lat' dir='ltr'><strong>De</strong></span> <span class='ocrx_word' id='word_1_454' title='bbox 2125 2615 2210 2654; x_wconf 91' lang='lat' dir='ltr'><strong>me</strong></span> <span class='ocrx_word' id='word_1_455' title='bbox 2258 2600 2402 2653; x_wconf 91' lang='lat' dir='ltr'><strong>enim</strong></span> <span class='ocrx_word' id='word_1_456' title='bbox 2448 2599 2537 2654; x_wconf 91' lang='lat' dir='ltr'><strong>ille</strong></span> <span class='ocrx_word' id='word_1_457' title='bbox 2564 2601 2824 2670; x_wconf 89' lang='lat' dir='ltr'><strong>scripsit:</strong></span> <span class='ocrx_word' id='word_1_458' title='bbox 2855 2601 2912 2656; x_wconf 94' lang='lat' dir='ltr'><strong>Si</strong></span> <span class='ocrx_word' id='word_1_459' title='bbox 2961 2611 3140 2657; x_wconf 89' lang='lat' dir='ltr'><strong>autem</strong></span> <span class='ocrx_word' id='word_1_460' title='bbox 3173 2602 3316 2658; x_wconf 90' lang='lat' dir='ltr'><strong>illius</strong></span> <span class='ocrx_word' id='word_1_461' title='bbox 3341 2604 3544 2659; x_wconf 82' lang='lat' dir='ltr'><strong>litteris</strong></span> 
     </span>
    </p>
   </div>
   <div class='ocr_carea' id='block_1_55' title="bbox 1968 2691 3542 2760">
    <p class='ocr_par' dir='ltr' id='par_1_55' title="bbox 1968 2691 3542 2760">
     <span class='ocr_line' id='line_1_55' title="bbox 1968 2691 3542 2760; baseline 0.004 -19"><span class='ocrx_word' id='word_1_462' title='bbox 1968 2709 1986 2741; x_wconf 73' lang='grc' dir='ltr'>ι</span> <span class='ocrx_word' id='word_1_463' title='bbox 2023 2706 2130 2745; x_wconf 92' lang='lat' dir='ltr'><strong>non</strong></span> <span class='ocrx_word' id='word_1_464' title='bbox 2186 2691 2426 2756; x_wconf 90' lang='lat' dir='ltr'><strong>creditis,</strong></span> <span class='ocrx_word' id='word_1_465' title='bbox 2485 2692 2752 2760; x_wconf 89' lang='lat' dir='ltr'><strong>quomodo</strong></span> <span class='ocrx_word' id='word_1_466' title='bbox 2803 2693 2940 2748; x_wconf 86' lang='lat' dir='ltr'><strong>meis</strong></span> <span class='ocrx_word' id='word_1_467' title='bbox 2987 2695 3167 2748; x_wconf 81' lang='lat' dir='ltr'><strong>verbis</strong></span> <span class='ocrx_word' id='word_1_468' title='bbox 3207 2696 3481 2750; x_wconf 84' lang='lat' dir='ltr'><strong>credetis?</strong></span> <span class='ocrx_word' id='word_1_469' title='bbox 3515 2715 3542 2747; x_wconf 62' lang='grc' dir='ltr'><em>ι</em></span> 
     </span>
    </p>
   </div>
   <div class='ocr_carea' id='block_1_56' title="bbox 1965 2777 3546 2858">
    <p class='ocr_par' dir='ltr' id='par_1_56' title="bbox 1965 2777 3546 2858">
     <span class='ocr_line' id='line_1_56' title="bbox 1965 2777 3546 2858; baseline 0.006 -27"><span class='ocrx_word' id='word_1_470' title='bbox 1965 2777 2148 2848; x_wconf 85' lang='lat' dir='ltr'><strong>(Joan.</strong></span> <span class='ocrx_word' id='word_1_471' title='bbox 2179 2781 2253 2850; x_wconf 89' lang='lat' dir='ltr'><strong>v).</strong></span> <span class='ocrx_word' id='word_1_472' title='bbox 2312 2780 2449 2835; x_wconf 89' lang='lat' dir='ltr'><strong>Hinc</strong></span> <span class='ocrx_word' id='word_1_473' title='bbox 2494 2792 2549 2836; x_wconf 93' lang='lat' dir='ltr'><strong>et</strong></span> <span class='ocrx_word' id='word_1_474' title='bbox 2599 2781 2726 2837; x_wconf 87' lang='lat' dir='ltr'><strong>alibi</strong></span> <span class='ocrx_word' id='word_1_475' title='bbox 2770 2783 2826 2836; x_wconf 91' lang='lat' dir='ltr'><strong>in</strong></span> <span class='ocrx_word' id='word_1_476' title='bbox 2865 2785 3546 2858; x_wconf 81' lang='lat' dir='ltr'><strong>Evangeliolegitur(Luc.</strong></span> 
     </span>
    </p>
   </div>
   <div class='ocr_carea' id='block_1_57' title="bbox 1965 2871 3544 2942">
    <p class='ocr_par' dir='ltr' id='par_1_57' title="bbox 1965 2871 3544 2942">
     <span class='ocr_line' id='line_1_57' title="bbox 1965 2871 3544 2942; baseline 0.002 -17"><span class='ocrx_word' id='word_1_477' title='bbox 1965 2873 2078 2942; x_wconf 78' lang='lat' dir='ltr'><strong>xw)</strong></span> <span class='ocrx_word' id='word_1_478' title='bbox 2111 2891 2123 2922; x_wconf 82' lang='lat'>:</span> <span class='ocrx_word' id='word_1_479' title='bbox 2164 2893 2181 2924; x_wconf 86' lang='grc'><strong>‹</strong></span> <span class='ocrx_word' id='word_1_480' title='bbox 2209 2872 2484 2928; x_wconf 77' lang='lat' dir='ltr'><strong>Abraham</strong></span> <span class='ocrx_word' id='word_1_481' title='bbox 2516 2873 2669 2926; x_wconf 87' lang='lat' dir='ltr'><strong>diviti</strong></span> <span class='ocrx_word' id='word_1_482' title='bbox 2691 2871 2758 2928; x_wconf 88' lang='lat' dir='ltr'><strong>de</strong></span> <span class='ocrx_word' id='word_1_483' title='bbox 2791 2872 3004 2928; x_wconf 82' lang='lat' dir='ltr'><strong>inferno</strong></span> <span class='ocrx_word' id='word_1_484' title='bbox 3029 2876 3097 2930; x_wconf 88' lang='lat' dir='ltr'><strong>ad</strong></span> <span class='ocrx_word' id='word_1_485' title='bbox 3131 2890 3189 2930; x_wconf 89' lang='lat' dir='ltr'><strong>se</strong></span> <span class='ocrx_word' id='word_1_486' title='bbox 3211 2876 3488 2941; x_wconf 88' lang='lat' dir='ltr'><strong>clamanti,</strong></span> <span class='ocrx_word' id='word_1_487' title='bbox 3518 2895 3544 2928; x_wconf 80' lang='grc'>›</span> 
     </span>
    </p>
   </div>
   <div class='ocr_carea' id='block_1_58' title="bbox 1963 2963 3544 3032">
    <p class='ocr_par' dir='ltr' id='par_1_58' title="bbox 1963 2963 3544 3032">
     <span class='ocr_line' id='line_1_58' title="bbox 1963 2963 3544 3032; baseline 0.003 -14"><span class='ocrx_word' id='word_1_488' title='bbox 1963 2974 2020 3018; x_wconf 88' lang='lat' dir='ltr'><strong>et</strong></span> <span class='ocrx_word' id='word_1_489' title='bbox 2050 2965 2364 3032; x_wconf 87' lang='lat' dir='ltr'><strong>postulanti,</strong></span> <span class='ocrx_word' id='word_1_490' title='bbox 2404 2963 2749 3018; x_wconf 85' lang='lat' dir='ltr'><strong>utLazarum</strong></span> <span class='ocrx_word' id='word_1_491' title='bbox 2797 2967 3189 3024; x_wconf 84' lang='lat' dir='ltr'><strong>transmitteret</strong></span> <span class='ocrx_word' id='word_1_492' title='bbox 3214 2967 3276 3021; x_wconf 93' lang='lat' dir='ltr'><strong>.in</strong></span> <span class='ocrx_word' id='word_1_493' title='bbox 3324 2969 3544 3024; x_wconf 90' lang='lat' dir='ltr'><strong>domum</strong></span> 
     </span>
    </p>
   </div>
   <div class='ocr_carea' id='block_1_59' title="bbox 1963 3053 3548 3125">
    <p class='ocr_par' dir='ltr' id='par_1_59' title="bbox 1963 3053 3548 3125">
     <span class='ocr_line' id='line_1_59' title="bbox 1963 3053 3548 3125; baseline 0.003 -20"><span class='ocrx_word' id='word_1_494' title='bbox 1963 3053 2136 3122; x_wconf 88' lang='lat' dir='ltr'><strong>patris</strong></span> <span class='ocrx_word' id='word_1_495' title='bbox 2163 3053 2271 3117; x_wconf 91' lang='lat' dir='ltr'><strong>sui,</strong></span> <span class='ocrx_word' id='word_1_496' title='bbox 2329 3061 2597 3121; x_wconf 88' lang='lat' dir='ltr'><strong>quatenus</strong></span> <span class='ocrx_word' id='word_1_497' title='bbox 2643 3061 2937 3108; x_wconf 87' lang='lat' dir='ltr'><strong>testaretur</strong></span> <span class='ocrx_word' id='word_1_498' title='bbox 2982 3054 3107 3120; x_wconf 91' lang='lat' dir='ltr'><strong>illis,</strong></span> <span class='ocrx_word' id='word_1_499' title='bbox 3139 3069 3206 3110; x_wconf 91' lang='lat' dir='ltr'><strong>ne</strong></span> <span class='ocrx_word' id='word_1_500' title='bbox 3243 3067 3298 3110; x_wconf 89' lang='lat' dir='ltr'><strong>et</strong></span> <span class='ocrx_word' id='word_1_501' title='bbox 3328 3056 3428 3125; x_wconf 91' lang='lat' dir='ltr'><strong>ipsi</strong></span> <span class='ocrx_word' id='word_1_502' title='bbox 3456 3071 3548 3110; x_wconf 76' lang='lat' dir='ltr'><strong>ve-</strong></span> 
     </span>
    </p>
   </div>
   <div class='ocr_carea' id='block_1_60' title="bbox 271 3124 3545 3216">
    <p class='ocr_par' dir='ltr' id='par_1_60' title="bbox 271 3124 3545 3216">
     <span class='ocr_line' id='line_1_60' title="bbox 271 3124 3545 3216; baseline 0.001 -22"><span class='ocrx_word' id='word_1_503' title='bbox 271 3139 511 3194; x_wconf 80' lang='lat' dir='ltr'><strong>venitur.</strong></span> <span class='ocrx_word' id='word_1_504' title='bbox 558 3137 726 3208; x_wconf 85' lang='lat' dir='ltr'><strong>Igitur</strong></span> <span class='ocrx_word' id='word_1_505' title='bbox 757 3136 847 3191; x_wconf 90' lang='lat' dir='ltr'><strong>ubi</strong></span> <span class='ocrx_word' id='word_1_506' title='bbox 878 3135 944 3189; x_wconf 91' lang='lat' dir='ltr'><strong>de</strong></span> <span class='ocrx_word' id='word_1_507' title='bbox 974 3145 1316 3190; x_wconf 87' lang='lat' dir='ltr'><strong>sacramento</strong></span> <span class='ocrx_word' id='word_1_508' title='bbox 1350 3135 1650 3190; x_wconf 88' lang='lat' dir='ltr'><strong>divinitatis</strong></span> <span class='ocrx_word' id='word_1_509' title='bbox 1683 3151 1862 3192; x_wconf 87' lang='lat' dir='ltr'><strong>sermo</strong></span> <span class='ocrx_word' id='word_1_510' title='bbox 1890 3124 1934 3186; x_wconf 90' lang='lat' dir='ltr'><strong>C</strong></span> <span class='ocrx_word' id='word_1_511' title='bbox 1967 3144 2162 3198; x_wconf 78' lang='lat' dir='ltr'><strong>nirem.</strong></span> <span class='ocrx_word' id='word_1_512' title='bbox 2192 3145 2245 3198; x_wconf 84' lang='lat' dir='ltr'><strong>in</strong></span> <span class='ocrx_word' id='word_1_513' title='bbox 2275 3143 2454 3198; x_wconf 85' lang='lat' dir='ltr'><strong>locum</strong></span> <span class='ocrx_word' id='word_1_514' title='bbox 2501 3143 2675 3213; x_wconf 88' lang='lat' dir='ltr'><strong>ipsum</strong></span> <span class='ocrx_word' id='word_1_515' title='bbox 2709 3153 3120 3210; x_wconf 72' lang='lat' dir='ltr'><strong>tormentorum,</strong></span> <span class='ocrx_word' id='word_1_516' title='bbox 3151 3124 3494 3216; x_wconf 77' lang='lat' dir='ltr'><strong>respondisse</strong></span> <span class='ocrx_word' id='word_1_517' title='bbox 3527 3165 3545 3202; x_wconf 70' lang='grc' dir='ltr'>ε</span> 
     </span>
    </p>
   </div>
   <div class='ocr_carea' id='block_1_61' title="bbox 281 3224 1866 3295">
    <p class='ocr_par' dir='ltr' id='par_1_61' title="bbox 281 3224 1866 3295">
     <span class='ocr_line' id='line_1_61' title="bbox 281 3224 1866 3295; baseline -0.002 -10"><span class='ocrx_word' id='word_1_518' title='bbox 281 3229 373 3293; x_wconf 80' lang='lat' dir='ltr'><strong>ﬁt,</strong></span> <span class='ocrx_word' id='word_1_519' title='bbox 398 3226 481 3281; x_wconf 86' lang='lat' dir='ltr'><strong>vel</strong></span> <span class='ocrx_word' id='word_1_520' title='bbox 522 3227 588 3281; x_wconf 91' lang='lat' dir='ltr'><strong>de</strong></span> <span class='ocrx_word' id='word_1_521' title='bbox 619 3225 852 3280; x_wconf 89' lang='lat' dir='ltr'><strong>vitandis</strong></span> <span class='ocrx_word' id='word_1_522' title='bbox 896 3225 1045 3279; x_wconf 83' lang='lat' dir='ltr'><strong>vitiis</strong></span> <span class='ocrx_word' id='word_1_523' title='bbox 1087 3239 1152 3279; x_wconf 88' lang='lat' dir='ltr'><strong>ac</strong></span> <span class='ocrx_word' id='word_1_524' title='bbox 1198 3224 1485 3279; x_wconf 89' lang='lat' dir='ltr'><strong>virtutibus</strong></span> <span class='ocrx_word' id='word_1_525' title='bbox 1515 3228 1866 3295; x_wconf 88' lang='lat' dir='ltr'><strong>assequendis</strong></span> 
     </span>
    </p>
   </div>
   <div class='ocr_carea' id='block_1_62' title="bbox 271 3313 1865 3390">
    <p class='ocr_par' dir='ltr' id='par_1_62' title="bbox 271 3313 1865 3390">
     <span class='ocr_line' id='line_1_62' title="bbox 271 3313 1865 3390; baseline -0.001 -18"><span class='ocrx_word' id='word_1_526' title='bbox 271 3326 555 3390; x_wconf 64' lang='lat' dir='ltr'><strong>praecepta</strong></span> <span class='ocrx_word' id='word_1_527' title='bbox 589 3318 806 3380; x_wconf 90' lang='lat' dir='ltr'><strong>dantur,</strong></span> <span class='ocrx_word' id='word_1_528' title='bbox 847 3315 987 3370; x_wconf 90' lang='lat' dir='ltr'><strong>bona</strong></span> <span class='ocrx_word' id='word_1_529' title='bbox 1018 3313 1411 3376; x_wconf 83' lang='lat' dir='ltr'><strong>esthistorica.</strong></span> <span class='ocrx_word' id='word_1_530' title='bbox 1441 3324 1496 3369; x_wconf 93' lang='lat' dir='ltr'><strong>et</strong></span> <span class='ocrx_word' id='word_1_531' title='bbox 1535 3315 1756 3370; x_wconf 86' lang='lat' dir='ltr'><strong>moralis</strong></span> <span class='ocrx_word' id='word_1_532' title='bbox 1784 3317 1865 3370; x_wconf 90' lang='lat' dir='ltr'><strong>in-</strong></span> 
     </span>
    </p>
   </div>
   <div class='ocr_carea' id='block_1_63' title="bbox 273 3403 1864 3475">
    <p class='ocr_par' dir='ltr' id='par_1_63' title="bbox 273 3403 1864 3475">
     <span class='ocr_line' id='line_1_63' title="bbox 273 3403 1864 3475; baseline -0.003 -13"><span class='ocrx_word' id='word_1_533' title='bbox 273 3408 596 3475; x_wconf 88' lang='lat' dir='ltr'><strong>telligentia.</strong></span> <span class='ocrx_word' id='word_1_534' title='bbox 633 3407 730 3462; x_wconf 88' lang='lat' dir='ltr'><strong>Ubi</strong></span> <span class='ocrx_word' id='word_1_535' title='bbox 764 3414 944 3461; x_wconf 85' lang='lat' dir='ltr'><strong>autem</strong></span> <span class='ocrx_word' id='word_1_536' title='bbox 975 3405 1166 3458; x_wconf 87' lang='lat' dir='ltr'><strong>umbra</strong></span> <span class='ocrx_word' id='word_1_537' title='bbox 1192 3403 1494 3458; x_wconf 81' lang='lat' dir='ltr'><strong>futurorum</strong></span> <span class='ocrx_word' id='word_1_538' title='bbox 1525 3407 1864 3475; x_wconf 71' lang='lat' dir='ltr'><strong>exprimitur,</strong></span> 
     </span>
    </p>
   </div>
   <div class='ocr_carea' id='block_1_64' title="bbox 274 3493 1866 3568">
    <p class='ocr_par' dir='ltr' id='par_1_64' title="bbox 274 3493 1866 3568">
     <span class='ocr_line' id='line_1_64' title="bbox 274 3493 1866 3568; baseline -0.002 -15"><span class='ocrx_word' id='word_1_539' title='bbox 274 3507 344 3553; x_wconf 88' lang='lat' dir='ltr'><strong>ut</strong></span> <span class='ocrx_word' id='word_1_540' title='bbox 367 3498 433 3551; x_wconf 89' lang='lat' dir='ltr'><strong>de</strong></span> <span class='ocrx_word' id='word_1_541' title='bbox 455 3497 571 3568; x_wconf 85' lang='lat' dir='ltr'><strong>lege</strong></span> <span class='ocrx_word' id='word_1_542' title='bbox 598 3496 864 3552; x_wconf 81' lang='lat' dir='ltr'><strong>factorum</strong></span> <span class='ocrx_word' id='word_1_543' title='bbox 891 3495 1150 3558; x_wconf 82' lang='lat' dir='ltr'><strong>diximus,</strong></span> <span class='ocrx_word' id='word_1_544' title='bbox 1181 3493 1443 3561; x_wconf 84' lang='lat' dir='ltr'><strong>spiritalis</strong></span> <span class='ocrx_word' id='word_1_545' title='bbox 1463 3496 1684 3550; x_wconf 88' lang='lat' dir='ltr'><strong>omnino</strong></span> <span class='ocrx_word' id='word_1_546' title='bbox 1709 3495 1866 3550; x_wconf 87' lang='lat' dir='ltr'><strong>intel-</strong></span> 
     </span>
    </p>
   </div>
   <div class='ocr_carea' id='block_1_65' title="bbox 275 3585 1866 3658">
    <p class='ocr_par' dir='ltr' id='par_1_65' title="bbox 275 3585 1866 3658">
     <span class='ocr_line' id='line_1_65' title="bbox 275 3585 1866 3658; baseline 0 -16"><span class='ocrx_word' id='word_1_547' title='bbox 275 3589 489 3651; x_wconf 89' lang='lat' dir='ltr'><strong>lectus,</strong></span> <span class='ocrx_word' id='word_1_548' title='bbox 544 3587 617 3642; x_wconf 90' lang='lat' dir='ltr'><strong>ibi</strong></span> <span class='ocrx_word' id='word_1_549' title='bbox 668 3587 990 3658; x_wconf 69' lang='lat' dir='ltr'><strong>quaerendus</strong></span> <span class='ocrx_word' id='word_1_550' title='bbox 1033 3594 1134 3640; x_wconf 90' lang='lat' dir='ltr'><strong>est.</strong></span> <span class='ocrx_word' id='word_1_551' title='bbox 1185 3585 1454 3640; x_wconf 68' lang='lat' dir='ltr'><strong>Cancrum</strong></span> <span class='ocrx_word' id='word_1_552' title='bbox 1500 3587 1590 3642; x_wconf 89' lang='lat' dir='ltr'><strong>ubi</strong></span> <span class='ocrx_word' id='word_1_553' title='bbox 1639 3588 1866 3642; x_wconf 86' lang='lat' dir='ltr'><strong>historia</strong></span> 
     </span>
    </p>
   </div>
   <div class='ocr_carea' id='block_1_66' title="bbox 278 3673 1868 3747">
    <p class='ocr_par' dir='ltr' id='par_1_66' title="bbox 278 3673 1868 3747">
     <span class='ocr_line' id='line_1_66' title="bbox 278 3673 1868 3747; baseline 0.002 -17"><span class='ocrx_word' id='word_1_554' title='bbox 278 3686 473 3732; x_wconf 85' lang='lat' dir='ltr'><strong>narrat</strong></span> <span class='ocrx_word' id='word_1_555' title='bbox 500 3678 782 3731; x_wconf 88' lang='lat' dir='ltr'><strong>transitum</strong></span> <span class='ocrx_word' id='word_1_556' title='bbox 809 3677 1040 3731; x_wconf 87' lang='lat' dir='ltr'><strong>ﬁliorum</strong></span> <span class='ocrx_word' id='word_1_557' title='bbox 1061 3673 1227 3730; x_wconf 87' lang='lat' dir='ltr'><strong>Israel</strong></span> <span class='ocrx_word' id='word_1_558' title='bbox 1250 3676 1316 3730; x_wconf 93' lang='lat' dir='ltr'><strong>de</strong></span> <span class='ocrx_word' id='word_1_559' title='bbox 1337 3675 1573 3747; x_wconf 61' lang='grc' dir='ltr'><strong>ΕΒΗ)ιο</strong></span> <span class='ocrx_word' id='word_1_560' title='bbox 1593 3693 1690 3747; x_wconf 79' lang='lat' dir='ltr'><strong>per</strong></span> <span class='ocrx_word' id='word_1_561' title='bbox 1715 3694 1868 3734; x_wconf 90' lang='lat' dir='ltr'><strong>mare</strong></span> 
     </span>
    </p>
   </div>
   <div class='ocr_carea' id='block_1_67' title="bbox 279 3768 1868 3835">
    <p class='ocr_par' dir='ltr' id='par_1_67' title="bbox 279 3768 1868 3835">
     <span class='ocr_line' id='line_1_67' title="bbox 279 3768 1868 3835; baseline 0.001 -11"><span class='ocrx_word' id='word_1_562' title='bbox 279 3768 551 3828; x_wconf 84' lang='lat' dir='ltr'><strong>Rubrum.</strong></span> <span class='ocrx_word' id='word_1_563' title='bbox 569 3777 624 3824; x_wconf 91' lang='lat' dir='ltr'><strong>et</strong></span> <span class='ocrx_word' id='word_1_564' title='bbox 645 3769 698 3824; x_wconf 92' lang='lat' dir='ltr'><strong>in</strong></span> <span class='ocrx_word' id='word_1_565' title='bbox 721 3769 934 3823; x_wconf 88' lang='lat' dir='ltr'><strong>deserto</strong></span> <span class='ocrx_word' id='word_1_566' title='bbox 953 3768 1410 3822; x_wconf 84' lang='lat' dir='ltr'><strong>constructionem</strong></span> <span class='ocrx_word' id='word_1_567' title='bbox 1438 3769 1791 3835; x_wconf 82' lang='lat' dir='ltr'><strong>tabernaculi,</strong></span> <span class='ocrx_word' id='word_1_568' title='bbox 1813 3779 1868 3825; x_wconf 91' lang='lat' dir='ltr'><strong>et</strong></span> 
     </span>
    </p>
   </div>
   <div class='ocr_carea' id='block_1_68' title="bbox 277 3858 1868 3930">
    <p class='ocr_par' dir='ltr' id='par_1_68' title="bbox 277 3858 1868 3930">
     <span class='ocr_line' id='line_1_68' title="bbox 277 3858 1868 3930; baseline 0 -15"><span class='ocrx_word' id='word_1_569' title='bbox 277 3860 440 3930; x_wconf 89' lang='lat' dir='ltr'><strong>signa</strong></span> <span class='ocrx_word' id='word_1_570' title='bbox 485 3858 891 3922; x_wconf 89' lang='lat' dir='ltr'><strong>miraculorum,</strong></span> <span class='ocrx_word' id='word_1_571' title='bbox 939 3873 1058 3926; x_wconf 81' lang='lat' dir='ltr'><strong>quae</strong></span> <span class='ocrx_word' id='word_1_572' title='bbox 1098 3859 1154 3912; x_wconf 93' lang='lat' dir='ltr'><strong>in</strong></span> <span class='ocrx_word' id='word_1_573' title='bbox 1197 3858 1363 3927; x_wconf 91' lang='lat' dir='ltr'><strong>priori</strong></span> <span class='ocrx_word' id='word_1_574' title='bbox 1413 3859 1610 3928; x_wconf 89' lang='lat' dir='ltr'><strong>populo</strong></span> <span class='ocrx_word' id='word_1_575' title='bbox 1645 3859 1868 3916; x_wconf 90' lang='lat' dir='ltr'><strong>Domini</strong></span> 
     </span>
    </p>
   </div>
   <div class='ocr_carea' id='block_1_69' title="bbox 277 3948 1868 4020">
    <p class='ocr_par' dir='ltr' id='par_1_69' title="bbox 277 3948 1868 4020">
     <span class='ocr_line' id='line_1_69' title="bbox 277 3948 1868 4020; baseline 0.001 -17"><span class='ocrx_word' id='word_1_576' title='bbox 277 3948 436 4020; x_wconf 80' lang='lat' dir='ltr'><strong>jussu</strong></span> <span class='ocrx_word' id='word_1_577' title='bbox 474 3949 618 4004; x_wconf 82' lang='lat' dir='ltr'><strong>facta</strong></span> <span class='ocrx_word' id='word_1_578' title='bbox 662 3959 806 4014; x_wconf 90' lang='lat' dir='ltr'><strong>sunt,</strong></span> <span class='ocrx_word' id='word_1_579' title='bbox 851 3949 1141 4019; x_wconf 74' lang='lat' dir='ltr'><strong>praeliaque</strong></span> <span class='ocrx_word' id='word_1_580' title='bbox 1172 3949 1538 4005; x_wconf 87' lang='lat' dir='ltr'><strong>lsraelitarum</strong></span> <span class='ocrx_word' id='word_1_581' title='bbox 1581 3967 1702 4006; x_wconf 89' lang='lat' dir='ltr'><strong>cum</strong></span> <span class='ocrx_word' id='word_1_582' title='bbox 1733 3951 1868 4007; x_wconf 84' lang='lat' dir='ltr'><strong>Cha-</strong></span> 
     </span>
    </p>
   </div>
   <div class='ocr_carea' id='block_1_70' title="bbox 279 4038 1869 4110">
    <p class='ocr_par' dir='ltr' id='par_1_70' title="bbox 279 4038 1869 4110">
     <span class='ocr_line' id='line_1_70' title="bbox 279 4038 1869 4110; baseline -0.001 -12"><span class='ocrx_word' id='word_1_583' title='bbox 279 4041 494 4098; x_wconf 67' lang='lat' dir='ltr'><strong>nanaais</strong></span> <span class='ocrx_word' id='word_1_584' title='bbox 513 4049 568 4096; x_wconf 93' lang='lat' dir='ltr'><strong>et</strong></span> <span class='ocrx_word' id='word_1_585' title='bbox 588 4041 801 4095; x_wconf 66' lang='lat' dir='ltr'><strong>caeteris</strong></span> <span class='ocrx_word' id='word_1_586' title='bbox 829 4040 1099 4110; x_wconf 88' lang='lat' dir='ltr'><strong>gentibus,</strong></span> <span class='ocrx_word' id='word_1_587' title='bbox 1127 4041 1242 4094; x_wconf 84' lang='lat' dir='ltr'><strong>haec</strong></span> <span class='ocrx_word' id='word_1_588' title='bbox 1263 4041 1482 4109; x_wconf 84' lang='lat' dir='ltr'><strong>quidem</strong></span> <span class='ocrx_word' id='word_1_589' title='bbox 1517 4038 1869 4096; x_wconf 78' lang='lat' dir='ltr'><strong>historialiter</strong></span> 
     </span>
    </p>
   </div>
   <div class='ocr_carea' id='block_1_71' title="bbox 282 4130 1870 4204">
    <p class='ocr_par' dir='ltr' id='par_1_71' title="bbox 282 4130 1870 4204">
     <span class='ocr_line' id='line_1_71' title="bbox 282 4130 1870 4204; baseline 0 -16"><span class='ocrx_word' id='word_1_590' title='bbox 282 4131 365 4188; x_wconf 86' lang='lat' dir='ltr'><strong>ita</strong></span> <span class='ocrx_word' id='word_1_591' title='bbox 390 4130 534 4186; x_wconf 71' lang='lat' dir='ltr'><strong>facta</strong></span> <span class='ocrx_word' id='word_1_592' title='bbox 567 4146 692 4187; x_wconf 86' lang='lat' dir='ltr'><strong>esse</strong></span> <span class='ocrx_word' id='word_1_593' title='bbox 731 4130 998 4186; x_wconf 89' lang='lat' dir='ltr'><strong>credenda</strong></span> <span class='ocrx_word' id='word_1_594' title='bbox 1028 4139 1174 4196; x_wconf 91' lang='lat' dir='ltr'><strong>sunt,</strong></span> <span class='ocrx_word' id='word_1_595' title='bbox 1203 4139 1260 4184; x_wconf 89' lang='lat' dir='ltr'><strong>et</strong></span> <span class='ocrx_word' id='word_1_596' title='bbox 1293 4141 1472 4187; x_wconf 90' lang='lat' dir='ltr'><strong>tamen</strong></span> <span class='ocrx_word' id='word_1_597' title='bbox 1511 4132 1565 4186; x_wconf 92' lang='lat' dir='ltr'><strong>in</strong></span> <span class='ocrx_word' id='word_1_598' title='bbox 1594 4134 1870 4204; x_wconf 76' lang='lat' dir='ltr'><strong>mysteriis</strong></span> 
     </span>
    </p>
   </div>
   <div class='ocr_carea' id='block_1_72' title="bbox 283 4219 1868 4293">
    <p class='ocr_par' dir='ltr' id='par_1_72' title="bbox 283 4219 1868 4293">
     <span class='ocr_line' id='line_1_72' title="bbox 283 4219 1868 4293; baseline 0.003 -17"><span class='ocrx_word' id='word_1_599' title='bbox 283 4221 616 4289; x_wconf 79' lang='lat' dir='ltr'><strong>veneranda.</strong></span> <span class='ocrx_word' id='word_1_600' title='bbox 672 4219 826 4276; x_wconf 92' lang='lat' dir='ltr'><strong>Unde</strong></span> <span class='ocrx_word' id='word_1_601' title='bbox 872 4220 1069 4277; x_wconf 89' lang='lat' dir='ltr'><strong>Paulus</strong></span> <span class='ocrx_word' id='word_1_602' title='bbox 1124 4221 1396 4290; x_wconf 88' lang='lat' dir='ltr'><strong>apostolus</strong></span> <span class='ocrx_word' id='word_1_603' title='bbox 1437 4221 1580 4278; x_wconf 78' lang='lat' dir='ltr'><strong>facta</strong></span> <span class='ocrx_word' id='word_1_604' title='bbox 1625 4224 1868 4293; x_wconf 84' lang='lat' dir='ltr'><strong>priorum</strong></span> 
     </span>
    </p>
   </div>
   <div class='ocr_carea' id='block_1_73' title="bbox 284 4309 1868 4386">
    <p class='ocr_par' dir='ltr' id='par_1_73' title="bbox 284 4309 1868 4386">
     <span class='ocr_line' id='line_1_73' title="bbox 284 4309 1868 4386; baseline 0.001 -21"><span class='ocrx_word' id='word_1_605' title='bbox 284 4310 519 4381; x_wconf 80' lang='lat' dir='ltr'><strong>mystice</strong></span> <span class='ocrx_word' id='word_1_606' title='bbox 547 4309 876 4381; x_wconf 88' lang='lat' dir='ltr'><strong>intelligens,</strong></span> <span class='ocrx_word' id='word_1_607' title='bbox 903 4310 969 4364; x_wconf 88' lang='lat' dir='ltr'><strong>ad</strong></span> <span class='ocrx_word' id='word_1_608' title='bbox 995 4309 1305 4366; x_wconf 88' lang='lat' dir='ltr'><strong>Corinthios</strong></span> <span class='ocrx_word' id='word_1_609' title='bbox 1333 4310 1574 4380; x_wconf 87' lang='lat' dir='ltr'><strong>scripsit,</strong></span> <span class='ocrx_word' id='word_1_610' title='bbox 1607 4311 1792 4368; x_wconf 85' lang='lat' dir='ltr'><strong>dicens</strong></span> <span class='ocrx_word' id='word_1_611' title='bbox 1816 4313 1868 4386; x_wconf 89' lang='lat' dir='ltr'><strong>(I</strong></span> 
     </span>
    </p>
   </div>
   <div class='ocr_carea' id='block_1_74' title="bbox 287 4397 1870 4472">
    <p class='ocr_par' dir='ltr' id='par_1_74' title="bbox 287 4397 1870 4472">
     <span class='ocr_line' id='line_1_74' title="bbox 287 4397 1870 4472; baseline 0.004 -20"><span class='ocrx_word' id='word_1_612' title='bbox 287 4397 418 4452; x_wconf 83' lang='lat' dir='ltr'><strong>Cur.</strong></span> <span class='ocrx_word' id='word_1_613' title='bbox 444 4398 550 4469; x_wconf 78' lang='lat' dir='ltr'><strong>x):</strong></span> <span class='ocrx_word' id='word_1_614' title='bbox 593 4417 611 4450; x_wconf 84' lang='grc'><strong>‹</strong></span> <span class='ocrx_word' id='word_1_615' title='bbox 652 4397 788 4454; x_wconf 84' lang='lat' dir='ltr'><strong>Nolo</strong></span> <span class='ocrx_word' id='word_1_616' title='bbox 835 4398 979 4453; x_wconf 90' lang='lat' dir='ltr'><strong>enim</strong></span> <span class='ocrx_word' id='word_1_617' title='bbox 1020 4413 1120 4454; x_wconf 90' lang='lat' dir='ltr'><strong>vos</strong></span> <span class='ocrx_word' id='word_1_618' title='bbox 1165 4399 1436 4470; x_wconf 86' lang='lat' dir='ltr'><strong>ignorare,</strong></span> <span class='ocrx_word' id='word_1_619' title='bbox 1474 4399 1694 4470; x_wconf 78' lang='lat' dir='ltr'><strong>fratres,</strong></span> <span class='ocrx_word' id='word_1_620' title='bbox 1738 4418 1870 4472; x_wconf 82' lang='lat' dir='ltr'><strong>quo-</strong></span> 
     </span>
    </p>
   </div>
   <div class='ocr_carea' id='block_1_75' title="bbox 293 4464 1948 4562">
    <p class='ocr_par' dir='ltr' id='par_1_75' title="bbox 293 4464 1948 4562">
     <span class='ocr_line' id='line_1_75' title="bbox 293 4464 1948 4562; baseline 0.005 -18"><span class='ocrx_word' id='word_1_621' title='bbox 293 4511 315 4541; x_wconf 74' lang='grc' dir='ltr'>ι</span> <span class='ocrx_word' id='word_1_622' title='bbox 359 4491 507 4545; x_wconf 90' lang='lat' dir='ltr'><strong>niam</strong></span> <span class='ocrx_word' id='word_1_623' title='bbox 527 4492 902 4562; x_wconf 87' lang='lat' dir='ltr'><strong>patresnostri</strong></span> <span class='ocrx_word' id='word_1_624' title='bbox 921 4507 1112 4546; x_wconf 87' lang='lat' dir='ltr'><strong>omnes</strong></span> <span class='ocrx_word' id='word_1_625' title='bbox 1135 4492 1234 4546; x_wconf 90' lang='lat' dir='ltr'><strong>sub</strong></span> <span class='ocrx_word' id='word_1_626' title='bbox 1257 4494 1397 4547; x_wconf 91' lang='lat' dir='ltr'><strong>nube</strong></span> <span class='ocrx_word' id='word_1_627' title='bbox 1419 4491 1655 4561; x_wconf 76' lang='lat' dir='ltr'><strong>fuerunt,</strong></span> <span class='ocrx_word' id='word_1_628' title='bbox 1676 4504 1732 4551; x_wconf 89' lang='lat' dir='ltr'><strong>et</strong></span> <span class='ocrx_word' id='word_1_629' title='bbox 1752 4511 1869 4552; x_wconf 83' lang='lat' dir='ltr'><strong>om-</strong></span> <span class='ocrx_word' id='word_1_630' title='bbox 1893 4464 1948 4524; x_wconf 69' lang='grc' dir='ltr'><strong>Β</strong></span> 
     </span>
    </p>
   </div>
   <div class='ocr_carea' id='block_1_76' title="bbox 297 4583 1866 4655">
    <p class='ocr_par' dir='ltr' id='par_1_76' title="bbox 297 4583 1866 4655">
     <span class='ocr_line' id='line_1_76' title="bbox 297 4583 1866 4655; baseline 0.006 -23"><span class='ocrx_word' id='word_1_631' title='bbox 297 4600 317 4632; x_wconf 73' lang='grc' dir='ltr'><strong>ε</strong></span> <span class='ocrx_word' id='word_1_632' title='bbox 365 4596 462 4635; x_wconf 90' lang='lat' dir='ltr'><strong>nes</strong></span> <span class='ocrx_word' id='word_1_633' title='bbox 489 4598 636 4636; x_wconf 88' lang='lat' dir='ltr'><strong>mare</strong></span> <span class='ocrx_word' id='word_1_634' title='bbox 661 4583 1011 4647; x_wconf 90' lang='lat' dir='ltr'><strong>transierunt,</strong></span> <span class='ocrx_word' id='word_1_635' title='bbox 1039 4589 1096 4636; x_wconf 87' lang='lat' dir='ltr'><strong>et</strong></span> <span class='ocrx_word' id='word_1_636' title='bbox 1111 4597 1299 4636; x_wconf 87' lang='lat' dir='ltr'><strong>omnes</strong></span> <span class='ocrx_word' id='word_1_637' title='bbox 1325 4584 1376 4636; x_wconf 92' lang='lat' dir='ltr'><strong>in</strong></span> <span class='ocrx_word' id='word_1_638' title='bbox 1404 4584 1586 4655; x_wconf 85' lang='lat' dir='ltr'><strong>Moyse</strong></span> <span class='ocrx_word' id='word_1_639' title='bbox 1611 4587 1866 4654; x_wconf 85' lang='lat' dir='ltr'><strong>baptizati</strong></span> 
     </span>
    </p>
   </div>
   <div class='ocr_carea' id='block_1_77' title="bbox 295 4673 1868 4745">
    <p class='ocr_par' dir='ltr' id='par_1_77' title="bbox 295 4673 1868 4745">
     <span class='ocr_line' id='line_1_77' title="bbox 295 4673 1868 4745; baseline 0.006 -23"><span class='ocrx_word' id='word_1_640' title='bbox 295 4688 317 4722; x_wconf 71' lang='grc' dir='ltr'>ι</span> <span class='ocrx_word' id='word_1_641' title='bbox 363 4679 519 4745; x_wconf 73' lang='lat' dir='ltr'><strong>sunt,</strong></span> <span class='ocrx_word' id='word_1_642' title='bbox 539 4673 592 4728; x_wconf 91' lang='lat' dir='ltr'><strong>in</strong></span> <span class='ocrx_word' id='word_1_643' title='bbox 619 4673 760 4727; x_wconf 87' lang='lat' dir='ltr'><strong>nube</strong></span> <span class='ocrx_word' id='word_1_644' title='bbox 781 4681 838 4726; x_wconf 91' lang='lat' dir='ltr'><strong>et</strong></span> <span class='ocrx_word' id='word_1_645' title='bbox 865 4673 920 4726; x_wconf 89' lang='lat' dir='ltr'><strong>in</strong></span> <span class='ocrx_word' id='word_1_646' title='bbox 947 4673 1106 4734; x_wconf 87' lang='lat' dir='ltr'><strong>mari,</strong></span> <span class='ocrx_word' id='word_1_647' title='bbox 1129 4681 1180 4726; x_wconf 91' lang='lat' dir='ltr'><strong>et</strong></span> <span class='ocrx_word' id='word_1_648' title='bbox 1210 4687 1400 4728; x_wconf 89' lang='lat' dir='ltr'><strong>omnes</strong></span> <span class='ocrx_word' id='word_1_649' title='bbox 1417 4675 1663 4730; x_wconf 89' lang='lat' dir='ltr'><strong>eamdem</strong></span> <span class='ocrx_word' id='word_1_650' title='bbox 1684 4691 1868 4731; x_wconf 91' lang='lat' dir='ltr'><strong>escam</strong></span> 
     </span>
    </p>
   </div>
   <div class='ocr_carea' id='block_1_78' title="bbox 298 4760 1871 4836">
    <p class='ocr_par' dir='ltr' id='par_1_78' title="bbox 298 4760 1871 4836">
     <span class='ocr_line' id='line_1_78' title="bbox 298 4760 1871 4836; baseline 0.007 -25"><span class='ocrx_word' id='word_1_651' title='bbox 298 4777 320 4810; x_wconf 71' lang='grc' dir='ltr'><strong><em>ι</em></strong></span> <span class='ocrx_word' id='word_1_652' title='bbox 367 4760 663 4829; x_wconf 88' lang='lat' dir='ltr'><strong>spiritalem</strong></span> <span class='ocrx_word' id='word_1_653' title='bbox 700 4762 1175 4825; x_wconf 89' lang='lat' dir='ltr'><strong>manducaverunt,</strong></span> <span class='ocrx_word' id='word_1_654' title='bbox 1212 4770 1265 4816; x_wconf 87' lang='lat' dir='ltr'><strong>et</strong></span> <span class='ocrx_word' id='word_1_655' title='bbox 1290 4775 1479 4816; x_wconf 91' lang='lat' dir='ltr'><strong>omnes</strong></span> <span class='ocrx_word' id='word_1_656' title='bbox 1503 4765 1748 4819; x_wconf 88' lang='lat' dir='ltr'><strong>eumdem</strong></span> <span class='ocrx_word' id='word_1_657' title='bbox 1775 4781 1871 4836; x_wconf 85' lang='lat' dir='ltr'><strong>po-</strong></span> 
     </span>
    </p>
   </div>
   <div class='ocr_carea' id='block_1_79' title="bbox 297 4850 1869 4925">
    <p class='ocr_par' dir='ltr' id='par_1_79' title="bbox 297 4850 1869 4925">
     <span class='ocr_line' id='line_1_79' title="bbox 297 4850 1869 4925; baseline 0.003 -20"><span class='ocrx_word' id='word_1_658' title='bbox 297 4870 322 4905; x_wconf 73' lang='grc'><strong>(</strong></span> <span class='ocrx_word' id='word_1_659' title='bbox 361 4856 476 4904; x_wconf 90' lang='lat' dir='ltr'><strong>tum</strong></span> <span class='ocrx_word' id='word_1_660' title='bbox 504 4850 799 4920; x_wconf 88' lang='lat' dir='ltr'><strong>spiritalem</strong></span> <span class='ocrx_word' id='word_1_661' title='bbox 830 4850 1097 4906; x_wconf 82' lang='lat' dir='ltr'><strong>biberunt.</strong></span> <span class='ocrx_word' id='word_1_662' title='bbox 1126 4851 1386 4905; x_wconf 90' lang='lat' dir='ltr'><strong>Bibehant</strong></span> <span class='ocrx_word' id='word_1_663' title='bbox 1412 4860 1592 4907; x_wconf 89' lang='lat' dir='ltr'><strong>autem</strong></span> <span class='ocrx_word' id='word_1_664' title='bbox 1619 4854 1684 4909; x_wconf 92' lang='lat' dir='ltr'><strong>de</strong></span> <span class='ocrx_word' id='word_1_665' title='bbox 1708 4855 1869 4925; x_wconf 90' lang='lat' dir='ltr'><strong>spiri-</strong></span> 
     </span>
    </p>
   </div>
   <div class='ocr_carea' id='block_1_80' title="bbox 299 4941 1875 5016">
    <p class='ocr_par' dir='ltr' id='par_1_80' title="bbox 299 4941 1875 5016">
     <span class='ocr_line' id='line_1_80' title="bbox 299 4941 1875 5016; baseline 0.001 -17"><span class='ocrx_word' id='word_1_666' title='bbox 299 4961 325 4999; x_wconf 70' lang='grc' dir='ltr'>ι</span> <span class='ocrx_word' id='word_1_667' title='bbox 369 4941 465 4999; x_wconf 89' lang='lat' dir='ltr'><strong>tali</strong></span> <span class='ocrx_word' id='word_1_668' title='bbox 484 4944 830 5016; x_wconf 88' lang='lat' dir='ltr'><strong>consequenti</strong></span> <span class='ocrx_word' id='word_1_669' title='bbox 857 4958 952 4999; x_wconf 91' lang='lat' dir='ltr'><strong>eos</strong></span> <span class='ocrx_word' id='word_1_670' title='bbox 971 4952 1142 5014; x_wconf 90' lang='lat' dir='ltr'><strong>petra.</strong></span> <span class='ocrx_word' id='word_1_671' title='bbox 1168 4942 1328 4998; x_wconf 87' lang='lat' dir='ltr'><strong>Petra</strong></span> <span class='ocrx_word' id='word_1_672' title='bbox 1351 4953 1530 4997; x_wconf 89' lang='lat' dir='ltr'><strong>autem</strong></span> <span class='ocrx_word' id='word_1_673' title='bbox 1552 4953 1670 4999; x_wconf 90' lang='lat' dir='ltr'><strong>erat</strong></span> <span class='ocrx_word' id='word_1_674' title='bbox 1688 4945 1875 5001; x_wconf 87' lang='lat' dir='ltr'><strong>Chris-</strong></span> 
     </span>
    </p>
   </div>
   <div class='ocr_carea' id='block_1_81' title="bbox 302 5031 1874 5092">
    <p class='ocr_par' dir='ltr' id='par_1_81' title="bbox 302 5031 1874 5092">
     <span class='ocr_line' id='line_1_81' title="bbox 302 5031 1874 5092; baseline 0.003 -5"><span class='ocrx_word' id='word_1_675' title='bbox 302 5052 326 5087; x_wconf 73' lang='grc' dir='ltr'><strong><em>ο</em></strong></span> <span class='ocrx_word' id='word_1_676' title='bbox 371 5041 475 5089; x_wconf 88' lang='lat' dir='ltr'><strong>tus.</strong></span> <span class='ocrx_word' id='word_1_677' title='bbox 534 5052 554 5086; x_wconf 77' lang='grc' dir='ltr'><strong><em>ι</em></strong></span> <span class='ocrx_word' id='word_1_678' title='bbox 611 5032 876 5088; x_wconf 87' lang='lat' dir='ltr'><strong>Similiter</strong></span> <span class='ocrx_word' id='word_1_679' title='bbox 927 5042 1104 5088; x_wconf 89' lang='lat' dir='ltr'><strong>autem</strong></span> <span class='ocrx_word' id='word_1_680' title='bbox 1154 5043 1209 5089; x_wconf 91' lang='lat' dir='ltr'><strong>et</strong></span> <span class='ocrx_word' id='word_1_681' title='bbox 1266 5034 1335 5089; x_wconf 89' lang='lat' dir='ltr'><strong>ad</strong></span> <span class='ocrx_word' id='word_1_682' title='bbox 1375 5031 1594 5089; x_wconf 86' lang='lat' dir='ltr'><strong>Galatas</strong></span> <span class='ocrx_word' id='word_1_683' title='bbox 1630 5036 1874 5092; x_wconf 86' lang='lat' dir='ltr'><strong>scribens</strong></span> 
     </span>
    </p>
   </div>
   <div class='ocr_carea' id='block_1_82' title="bbox 299 5114 1873 5192">
    <p class='ocr_par' dir='ltr' id='par_1_82' title="bbox 299 5114 1873 5192">
     <span class='ocr_line' id='line_1_82' title="bbox 299 5114 1873 5192; baseline 0.003 -13"><span class='ocrx_word' id='word_1_684' title='bbox 299 5114 438 5183; x_wconf 74' lang='lat' dir='ltr'><strong>duos</strong></span> <span class='ocrx_word' id='word_1_685' title='bbox 469 5117 609 5180; x_wconf 73' lang='lat' dir='ltr'><strong>filios</strong></span> <span class='ocrx_word' id='word_1_686' title='bbox 636 5123 887 5192; x_wconf 69' lang='lat' dir='ltr'><strong>Abrahre,</strong></span> <span class='ocrx_word' id='word_1_687' title='bbox 916 5140 1081 5179; x_wconf 90' lang='lat' dir='ltr'><strong>unum</strong></span> <span class='ocrx_word' id='word_1_688' title='bbox 1107 5125 1182 5179; x_wconf 89' lang='lat' dir='ltr'><strong>de</strong></span> <span class='ocrx_word' id='word_1_689' title='bbox 1206 5125 1399 5180; x_wconf 89' lang='lat' dir='ltr'><strong>ancilla</strong></span> <span class='ocrx_word' id='word_1_690' title='bbox 1427 5134 1634 5191; x_wconf 88' lang='lat' dir='ltr'><strong>natum,</strong></span> <span class='ocrx_word' id='word_1_691' title='bbox 1665 5135 1720 5182; x_wconf 91' lang='lat' dir='ltr'><strong>et</strong></span> <span class='ocrx_word' id='word_1_692' title='bbox 1740 5129 1873 5184; x_wconf 85' lang='lat' dir='ltr'><strong>alte-</strong></span> 
     </span>
    </p>
   </div>
   <div class='ocr_carea' id='block_1_83' title="bbox 299 5206 1875 5286">
    <p class='ocr_par' dir='ltr' id='par_1_83' title="bbox 299 5206 1875 5286">
     <span class='ocr_line' id='line_1_83' title="bbox 299 5206 1875 5286; baseline 0.004 -18"><span class='ocrx_word' id='word_1_693' title='bbox 299 5207 438 5270; x_wconf 76' lang='lat' dir='ltr'><strong>tum</strong></span> <span class='ocrx_word' id='word_1_694' title='bbox 463 5214 530 5271; x_wconf 87' lang='lat' dir='ltr'><strong>de</strong></span> <span class='ocrx_word' id='word_1_695' title='bbox 569 5206 778 5282; x_wconf 75' lang='lat' dir='ltr'><strong>libera,</strong></span> <span class='ocrx_word' id='word_1_696' title='bbox 818 5215 1030 5279; x_wconf 36' lang='lat' dir='ltr'><strong>duobus.</strong></span> <span class='ocrx_word' id='word_1_697' title='bbox 1070 5215 1279 5286; x_wconf 86' lang='lat' dir='ltr'><strong>populis</strong></span> <span class='ocrx_word' id='word_1_698' title='bbox 1319 5229 1417 5286; x_wconf 90' lang='lat' dir='ltr'><strong>per</strong></span> <span class='ocrx_word' id='word_1_699' title='bbox 1464 5216 1875 5274; x_wconf 87' lang='lat' dir='ltr'><strong>similitudinem</strong></span> 
     </span>
    </p>
   </div>
   <div class='ocr_carea' id='block_1_84' title="bbox 300 5299 1878 5382">
    <p class='ocr_par' dir='ltr' id='par_1_84' title="bbox 300 5299 1878 5382">
     <span class='ocr_line' id='line_1_84' title="bbox 300 5299 1878 5382; baseline 0.005 -22"><span class='ocrx_word' id='word_1_700' title='bbox 300 5306 638 5378; x_wconf 80' lang='lat' dir='ltr'><strong>comparavit</strong></span> <span class='ocrx_word' id='word_1_701' title='bbox 663 5299 854 5368; x_wconf 80' lang='lat' dir='ltr'><strong>dicens</strong></span> <span class='ocrx_word' id='word_1_702' title='bbox 900 5304 1040 5380; x_wconf 81' lang='lat' dir='ltr'><strong>(Gal.</strong></span> <span class='ocrx_word' id='word_1_703' title='bbox 1062 5305 1184 5380; x_wconf 72' lang='lat' dir='ltr'><strong>iv):</strong></span> <span class='ocrx_word' id='word_1_704' title='bbox 1239 5325 1258 5358; x_wconf 79' lang='grc' dir='ltr'>ι</span> <span class='ocrx_word' id='word_1_705' title='bbox 1301 5304 1574 5378; x_wconf 88' lang='lat' dir='ltr'><strong>Scriptum</strong></span> <span class='ocrx_word' id='word_1_706' title='bbox 1617 5316 1704 5365; x_wconf 89' lang='lat' dir='ltr'><strong>est</strong></span> <span class='ocrx_word' id='word_1_707' title='bbox 1739 5325 1878 5382; x_wconf 88' lang='lat' dir='ltr'><strong>quo-</strong></span> 
     </span>
    </p>
   </div>
   <div class='ocr_carea' id='block_1_85' title="bbox 308 5385 1873 5481">
    <p class='ocr_par' dir='ltr' id='par_1_85' title="bbox 308 5385 1873 5481">
     <span class='ocr_line' id='line_1_85' title="bbox 308 5385 1873 5481; baseline 0.006 -34"><span class='ocrx_word' id='word_1_708' title='bbox 308 5414 328 5447; x_wconf 76' lang='grc' dir='ltr'>σ</span> <span class='ocrx_word' id='word_1_709' title='bbox 367 5385 515 5481; x_wconf 76' lang='lat' dir='ltr'><strong>niam</strong></span> <span class='ocrx_word' id='word_1_710' title='bbox 543 5395 820 5481; x_wconf 73' lang='lat' dir='ltr'><strong>Abraham</strong></span> <span class='ocrx_word' id='word_1_711' title='bbox 866 5398 1001 5480; x_wconf 80' lang='lat' dir='ltr'><strong>duos</strong></span> <span class='ocrx_word' id='word_1_712' title='bbox 1035 5386 1171 5478; x_wconf 76' lang='lat' dir='ltr'><strong>illius</strong></span> <span class='ocrx_word' id='word_1_713' title='bbox 1217 5397 1426 5481; x_wconf 76' lang='lat' dir='ltr'><strong>habuit,</strong></span> <span class='ocrx_word' id='word_1_714' title='bbox 1461 5395 1628 5455; x_wconf 83' lang='lat' dir='ltr'><strong>unum</strong></span> <span class='ocrx_word' id='word_1_715' title='bbox 1671 5385 1873 5481; x_wconf 67' lang='lat' dir='ltr'><strong>defun—</strong></span> 
     </span>
    </p>
   </div>
   <div class='ocr_carea' id='block_1_86' title="bbox 311 5469 1924 5558">
    <p class='ocr_par' dir='ltr' id='par_1_86' title="bbox 311 5469 1924 5558">
     <span class='ocr_line' id='line_1_86' title="bbox 311 5469 1924 5558; baseline 0.002 -18"><span class='ocrx_word' id='word_1_716' title='bbox 311 5502 333 5533; x_wconf 74' lang='grc' dir='ltr'><strong><em>ο</em></strong></span> <span class='ocrx_word' id='word_1_717' title='bbox 375 5479 522 5552; x_wconf 80' lang='lat' dir='ltr'><strong>cilia,</strong></span> <span class='ocrx_word' id='word_1_718' title='bbox 555 5493 623 5541; x_wconf 82' lang='lat' dir='ltr'><strong>et</strong></span> <span class='ocrx_word' id='word_1_719' title='bbox 632 5477 800 5542; x_wconf 80' lang='lat' dir='ltr'><strong>unum</strong></span> <span class='ocrx_word' id='word_1_720' title='bbox 821 5485 886 5542; x_wconf 90' lang='lat' dir='ltr'><strong>de</strong></span> <span class='ocrx_word' id='word_1_721' title='bbox 907 5471 1096 5546; x_wconf 69' lang='lat' dir='ltr'><strong>libera.</strong></span> <span class='ocrx_word' id='word_1_722' title='bbox 1120 5484 1232 5550; x_wconf 81' lang='lat' dir='ltr'><strong>Sed</strong></span> <span class='ocrx_word' id='word_1_723' title='bbox 1246 5469 1346 5558; x_wconf 75' lang='lat' dir='ltr'><strong>qui</strong></span> <span class='ocrx_word' id='word_1_724' title='bbox 1365 5487 1431 5542; x_wconf 92' lang='lat' dir='ltr'><strong>de</strong></span> <span class='ocrx_word' id='word_1_725' title='bbox 1447 5487 1662 5552; x_wconf 89' lang='lat' dir='ltr'><strong>ancilla,</strong></span> <span class='ocrx_word' id='word_1_726' title='bbox 1689 5469 1879 5550; x_wconf 70' lang='lat' dir='ltr'><strong>Secun-</strong></span> <span class='ocrx_word' id='word_1_727' title='bbox 1920 5533 1924 5537; x_wconf 94' lang='lat'><strong>.</strong></span> 
     </span>
    </p>
   </div>
   <div class='ocr_carea' id='block_1_87' title="bbox 310 5561 1882 5662">
    <p class='ocr_par' dir='ltr' id='par_1_87' title="bbox 310 5561 1882 5662">
     <span class='ocr_line' id='line_1_87' title="bbox 310 5561 1882 5662; baseline 0.005 -37"><span class='ocrx_word' id='word_1_728' title='bbox 310 5563 333 5625; x_wconf 68' lang='grc' dir='ltr'>ό</span> <span class='ocrx_word' id='word_1_729' title='bbox 361 5572 486 5630; x_wconf 87' lang='lat' dir='ltr'><strong>dum</strong></span> <span class='ocrx_word' id='word_1_730' title='bbox 500 5590 719 5634; x_wconf 89' lang='lat' dir='ltr'><strong>carnem</strong></span> <span class='ocrx_word' id='word_1_731' title='bbox 735 5591 801 5631; x_wconf 87' lang='lat' dir='ltr'><strong>na</strong></span> <span class='ocrx_word' id='word_1_732' title='bbox 809 5561 1114 5658; x_wconf 76' lang='lat' dir='ltr'><strong>tusest.Qui</strong></span> <span class='ocrx_word' id='word_1_733' title='bbox 1123 5583 1302 5632; x_wconf 88' lang='lat' dir='ltr'><strong>autem</strong></span> <span class='ocrx_word' id='word_1_734' title='bbox 1390 5575 1578 5641; x_wconf 86' lang='lat' dir='ltr'><strong>libera,</strong></span> <span class='ocrx_word' id='word_1_735' title='bbox 1592 5591 1691 5646; x_wconf 83' lang='lat' dir='ltr'><strong>per</strong></span> <span class='ocrx_word' id='word_1_736' title='bbox 1701 5591 1882 5647; x_wconf 80' lang='lat' dir='ltr'><strong>repro-</strong></span> 
     </span>
    </p>
   </div>
   <div class='ocr_carea' id='block_1_88' title="bbox 312 5662 1876 5737">
    <p class='ocr_par' dir='ltr' id='par_1_88' title="bbox 312 5662 1876 5737">
     <span class='ocr_line' id='line_1_88' title="bbox 312 5662 1876 5737; baseline 0.004 -24"><span class='ocrx_word' id='word_1_737' title='bbox 312 5681 332 5713; x_wconf 69' lang='lat' dir='ltr'>c</span> <span class='ocrx_word' id='word_1_738' title='bbox 368 5663 681 5721; x_wconf 84' lang='lat' dir='ltr'><strong>missionem</strong></span> <span class='ocrx_word' id='word_1_739' title='bbox 703 5705 719 5733; x_wconf 95' lang='lat'><strong>,</strong></span> <span class='ocrx_word' id='word_1_740' title='bbox 755 5685 775 5718; x_wconf 78' lang='grc' dir='ltr'><strong><em>ι</em></strong></span> <span class='ocrx_word' id='word_1_741' title='bbox 806 5662 926 5737; x_wconf 68' lang='lat' dir='ltr'><strong>qua:</strong></span> <span class='ocrx_word' id='word_1_742' title='bbox 951 5673 1078 5722; x_wconf 91' lang='lat' dir='ltr'><strong>sunt</strong></span> <span class='ocrx_word' id='word_1_743' title='bbox 1101 5679 1198 5733; x_wconf 81' lang='lat' dir='ltr'><strong>per</strong></span> <span class='ocrx_word' id='word_1_744' title='bbox 1219 5663 1529 5735; x_wconf 81' lang='lat' dir='ltr'><strong>allegoriam</strong></span> <span class='ocrx_word' id='word_1_745' title='bbox 1555 5666 1718 5721; x_wconf 89' lang='lat' dir='ltr'><strong>dicta.</strong></span> <span class='ocrx_word' id='word_1_746' title='bbox 1750 5663 1876 5720; x_wconf 68' lang='lat' dir='ltr'><strong>Haec</strong></span> 
     </span>
    </p>
   </div>
   <div class='ocr_carea' id='block_1_89' title="bbox 1975 3232 3550 3302">
    <p class='ocr_par' dir='ltr' id='par_1_89' title="bbox 1975 3232 3550 3302">
     <span class='ocr_line' id='line_1_89' title="bbox 1975 3232 3550 3302; baseline 0.004 -18"><span class='ocrx_word' id='word_1_747' title='bbox 1975 3253 1992 3284; x_wconf 83' lang='grc'><em>‹</em></span> <span class='ocrx_word' id='word_1_748' title='bbox 2028 3232 2239 3286; x_wconf 89' lang='lat' dir='ltr'><strong>Habent</strong></span> <span class='ocrx_word' id='word_1_749' title='bbox 2286 3232 2510 3302; x_wconf 82' lang='lat' dir='ltr'><strong>Moysen</strong></span> <span class='ocrx_word' id='word_1_750' title='bbox 2558 3241 2616 3286; x_wconf 93' lang='lat' dir='ltr'><strong>et</strong></span> <span class='ocrx_word' id='word_1_751' title='bbox 2658 3235 2969 3302; x_wconf 87' lang='lat' dir='ltr'><strong>prophetas,</strong></span> <span class='ocrx_word' id='word_1_752' title='bbox 3000 3235 3221 3289; x_wconf 88' lang='lat' dir='ltr'><strong>audiant</strong></span> <span class='ocrx_word' id='word_1_753' title='bbox 3249 3235 3387 3291; x_wconf 90' lang='lat' dir='ltr'><strong>illos.</strong></span> <span class='ocrx_word' id='word_1_754' title='bbox 3427 3256 3445 3287; x_wconf 73' lang='grc' dir='ltr'><strong><em>ι</em></strong></span> <span class='ocrx_word' id='word_1_755' title='bbox 3479 3236 3550 3292; x_wconf 83' lang='lat' dir='ltr'><strong>At</strong></span> 
     </span>
    </p>
   </div>
   <div class='ocr_carea' id='block_1_90' title="bbox 1969 3320 3548 3392">
    <p class='ocr_par' dir='ltr' id='par_1_90' title="bbox 1969 3320 3548 3392">
     <span class='ocr_line' id='line_1_90' title="bbox 1969 3320 3548 3392; baseline 0.004 -18"><span class='ocrx_word' id='word_1_756' title='bbox 1969 3321 2057 3374; x_wconf 89' lang='lat' dir='ltr'><strong>ille</strong></span> <span class='ocrx_word' id='word_1_757' title='bbox 2105 3321 2282 3374; x_wconf 69' lang='lat' dir='ltr'><strong>dixit:</strong></span> <span class='ocrx_word' id='word_1_758' title='bbox 2320 3320 2486 3374; x_wconf 52' lang='lat' dir='ltr'><strong>«Non</strong></span> <span class='ocrx_word' id='word_1_759' title='bbox 2530 3330 2686 3388; x_wconf 86' lang='lat' dir='ltr'><strong>pater</strong></span> <span class='ocrx_word' id='word_1_760' title='bbox 2717 3321 3016 3386; x_wconf 82' lang='lat' dir='ltr'><strong>Abraham,</strong></span> <span class='ocrx_word' id='word_1_761' title='bbox 3071 3325 3167 3378; x_wconf 90' lang='lat' dir='ltr'><strong>sed</strong></span> <span class='ocrx_word' id='word_1_762' title='bbox 3219 3325 3266 3377; x_wconf 93' lang='lat' dir='ltr'><strong>si</strong></span> <span class='ocrx_word' id='word_1_763' title='bbox 3314 3326 3435 3392; x_wconf 91' lang='lat' dir='ltr'><strong>quis</strong></span> <span class='ocrx_word' id='word_1_764' title='bbox 3479 3340 3548 3382; x_wconf 78' lang='lat' dir='ltr'><strong>ex</strong></span> 
     </span>
    </p>
   </div>
   <div class='ocr_carea' id='block_1_91' title="bbox 1974 3409 3547 3479">
    <p class='ocr_par' dir='ltr' id='par_1_91' title="bbox 1974 3409 3547 3479">
     <span class='ocr_line' id='line_1_91' title="bbox 1974 3409 3547 3479; baseline 0.004 -19"><span class='ocrx_word' id='word_1_765' title='bbox 1974 3428 1992 3460; x_wconf 69' lang='grc' dir='ltr'><strong>ς</strong></span> <span class='ocrx_word' id='word_1_766' title='bbox 2024 3410 2250 3464; x_wconf 86' lang='lat' dir='ltr'><strong>mortuis</strong></span> <span class='ocrx_word' id='word_1_767' title='bbox 2296 3409 2420 3463; x_wconf 87' lang='lat' dir='ltr'><strong>ierit</strong></span> <span class='ocrx_word' id='word_1_768' title='bbox 2447 3409 2514 3462; x_wconf 92' lang='lat' dir='ltr'><strong>ad</strong></span> <span class='ocrx_word' id='word_1_769' title='bbox 2545 3424 2659 3473; x_wconf 91' lang='lat' dir='ltr'><strong>eos,</strong></span> <span class='ocrx_word' id='word_1_770' title='bbox 2709 3409 3082 3478; x_wconf 59' lang='lat' dir='ltr'><strong>paenitentiam</strong></span> <span class='ocrx_word' id='word_1_771' title='bbox 3122 3420 3300 3479; x_wconf 85' lang='lat' dir='ltr'><strong>agent.</strong></span> <span class='ocrx_word' id='word_1_772' title='bbox 3332 3411 3422 3466; x_wconf 83' lang='lat' dir='ltr'><strong>Ait</strong></span> <span class='ocrx_word' id='word_1_773' title='bbox 3449 3429 3547 3468; x_wconf 84' lang='lat' dir='ltr'><strong>au-</strong></span> 
     </span>
    </p>
   </div>
   <div class='ocr_carea' id='block_1_92' title="bbox 1975 3497 3548 3570">
    <p class='ocr_par' dir='ltr' id='par_1_92' title="bbox 1975 3497 3548 3570">
     <span class='ocr_line' id='line_1_92' title="bbox 1975 3497 3548 3570; baseline 0.005 -20"><span class='ocrx_word' id='word_1_774' title='bbox 1975 3517 1993 3550; x_wconf 77' lang='lat' dir='ltr'><strong>I</strong></span> <span class='ocrx_word' id='word_1_775' title='bbox 2031 3508 2138 3551; x_wconf 89' lang='lat' dir='ltr'><strong>tem</strong></span> <span class='ocrx_word' id='word_1_776' title='bbox 2167 3498 2242 3552; x_wconf 85' lang='lat' dir='ltr'><strong>illi</strong></span> <span class='ocrx_word' id='word_1_777' title='bbox 2269 3516 2281 3551; x_wconf 91' lang='lat'><strong>:</strong></span> <span class='ocrx_word' id='word_1_778' title='bbox 2316 3497 2373 3553; x_wconf 92' lang='lat' dir='ltr'><strong>Si</strong></span> <span class='ocrx_word' id='word_1_779' title='bbox 2397 3497 2612 3567; x_wconf 82' lang='lat' dir='ltr'><strong>Moysen</strong></span> <span class='ocrx_word' id='word_1_780' title='bbox 2643 3508 2693 3552; x_wconf 89' lang='lat' dir='ltr'><strong>et</strong></span> <span class='ocrx_word' id='word_1_781' title='bbox 2720 3499 3012 3570; x_wconf 87' lang='lat' dir='ltr'><strong>prophetas</strong></span> <span class='ocrx_word' id='word_1_782' title='bbox 3040 3515 3148 3555; x_wconf 89' lang='lat' dir='ltr'><strong>non</strong></span> <span class='ocrx_word' id='word_1_783' title='bbox 3178 3503 3426 3564; x_wconf 77' lang='lat' dir='ltr'><strong>audiunt.</strong></span> <span class='ocrx_word' id='word_1_784' title='bbox 3454 3518 3548 3558; x_wconf 89' lang='lat' dir='ltr'><strong>ne-</strong></span> 
     </span>
    </p>
   </div>
   <div class='ocr_carea' id='block_1_93' title="bbox 1976 3589 3544 3658">
    <p class='ocr_par' dir='ltr' id='par_1_93' title="bbox 1976 3589 3544 3658">
     <span class='ocr_line' id='line_1_93' title="bbox 1976 3589 3544 3658; baseline 0.006 -18"><span class='ocrx_word' id='word_1_785' title='bbox 1976 3606 1994 3640; x_wconf 73' lang='lat' dir='ltr'><strong>c</strong></span> <span class='ocrx_word' id='word_1_786' title='bbox 2028 3603 2132 3658; x_wconf 91' lang='lat' dir='ltr'><strong>que</strong></span> <span class='ocrx_word' id='word_1_787' title='bbox 2159 3589 2205 3643; x_wconf 90' lang='lat' dir='ltr'><strong>si</strong></span> <span class='ocrx_word' id='word_1_788' title='bbox 2259 3590 2382 3658; x_wconf 89' lang='lat' dir='ltr'><strong>quis</strong></span> <span class='ocrx_word' id='word_1_789' title='bbox 2410 3605 2476 3642; x_wconf 77' lang='lat' dir='ltr'><strong>ex</strong></span> <span class='ocrx_word' id='word_1_790' title='bbox 2528 3590 2757 3644; x_wconf 89' lang='lat' dir='ltr'><strong>mortuis</strong></span> <span class='ocrx_word' id='word_1_791' title='bbox 2790 3593 3106 3656; x_wconf 77' lang='lat' dir='ltr'><strong>resurrexit,</strong></span> <span class='ocrx_word' id='word_1_792' title='bbox 3136 3593 3376 3647; x_wconf 91' lang='lat' dir='ltr'><strong>credent.</strong></span> <span class='ocrx_word' id='word_1_793' title='bbox 3411 3613 3430 3644; x_wconf 76' lang='grc' dir='ltr'><strong><em>ι</em></strong></span> <span class='ocrx_word' id='word_1_794' title='bbox 3461 3593 3544 3650; x_wconf 84' lang='lat' dir='ltr'><strong>Ac</strong></span> 
     </span>
    </p>
   </div>
   <div class='ocr_carea' id='block_1_94' title="bbox 1970 3679 3544 3751">
    <p class='ocr_par' dir='ltr' id='par_1_94' title="bbox 1970 3679 3544 3751">
     <span class='ocr_line' id='line_1_94' title="bbox 1970 3679 3544 3751; baseline 0.004 -19"><span class='ocrx_word' id='word_1_795' title='bbox 1970 3679 2014 3732; x_wconf 90' lang='lat' dir='ltr'><strong>si</strong></span> <span class='ocrx_word' id='word_1_796' title='bbox 2045 3688 2290 3748; x_wconf 86' lang='lat' dir='ltr'><strong>patenter</strong></span> <span class='ocrx_word' id='word_1_797' title='bbox 2329 3679 2534 3738; x_wconf 87' lang='lat' dir='ltr'><strong>diceret</strong></span> <span class='ocrx_word' id='word_1_798' title='bbox 2566 3695 2579 3732; x_wconf 91' lang='lat'><strong>:</strong></span> <span class='ocrx_word' id='word_1_799' title='bbox 2612 3679 2666 3732; x_wconf 91' lang='lat' dir='ltr'><strong>Si</strong></span> <span class='ocrx_word' id='word_1_800' title='bbox 2698 3679 2800 3748; x_wconf 84' lang='lat' dir='ltr'><strong>legi</strong></span> <span class='ocrx_word' id='word_1_801' title='bbox 2830 3688 2886 3734; x_wconf 92' lang='lat' dir='ltr'><strong>et</strong></span> <span class='ocrx_word' id='word_1_802' title='bbox 2932 3681 3228 3750; x_wconf 83' lang='lat' dir='ltr'><strong>prophetis,</strong></span> <span class='ocrx_word' id='word_1_803' title='bbox 3276 3682 3544 3751; x_wconf 86' lang='lat' dir='ltr'><strong>justitiam</strong></span> 
     </span>
    </p>
   </div>
   <div class='ocr_carea' id='block_1_95' title="bbox 1970 3757 3550 3840">
    <p class='ocr_par' dir='ltr' id='par_1_95' title="bbox 1970 3757 3550 3840">
     <span class='ocr_line' id='line_1_95' title="bbox 1970 3757 3550 3840; baseline 0.004 -16"><span class='ocrx_word' id='word_1_804' title='bbox 1970 3778 2024 3824; x_wconf 90' lang='lat' dir='ltr'><strong>et</strong></span> <span class='ocrx_word' id='word_1_805' title='bbox 2047 3770 2328 3824; x_wconf 89' lang='lat' dir='ltr'><strong>veritatem</strong></span> <span class='ocrx_word' id='word_1_806' title='bbox 2358 3769 2676 3823; x_wconf 86' lang='lat' dir='ltr'><strong>docentibus</strong></span> <span class='ocrx_word' id='word_1_807' title='bbox 2704 3757 2811 3824; x_wconf 77' lang='lat' dir='ltr'><strong>nun</strong></span> <span class='ocrx_word' id='word_1_808' title='bbox 2863 3772 3232 3840; x_wconf 87' lang='lat' dir='ltr'><strong>acquiescunt,</strong></span> <span class='ocrx_word' id='word_1_809' title='bbox 3261 3789 3360 3829; x_wconf 89' lang='lat' dir='ltr'><strong>nec</strong></span> <span class='ocrx_word' id='word_1_810' title='bbox 3387 3774 3550 3833; x_wconf 69' lang='lat' dir='ltr'><strong>Chrio</strong></span> 
     </span>
    </p>
   </div>
   <div class='ocr_carea' id='block_1_96' title="bbox 1970 3860 3546 3934">
    <p class='ocr_par' dir='ltr' id='par_1_96' title="bbox 1970 3860 3546 3934">
     <span class='ocr_line' id='line_1_96' title="bbox 1970 3860 3546 3934; baseline 0.006 -20"><span class='ocrx_word' id='word_1_811' title='bbox 1970 3867 2053 3914; x_wconf 91' lang='lat' dir='ltr'><strong>sto</strong></span> <span class='ocrx_word' id='word_1_812' title='bbox 2076 3861 2166 3929; x_wconf 92' lang='lat' dir='ltr'><strong>qui</strong></span> <span class='ocrx_word' id='word_1_813' title='bbox 2209 3875 2274 3914; x_wconf 84' lang='lat' dir='ltr'><strong>ex</strong></span> <span class='ocrx_word' id='word_1_814' title='bbox 2328 3860 2560 3919; x_wconf 87' lang='lat' dir='ltr'><strong>mortuis</strong></span> <span class='ocrx_word' id='word_1_815' title='bbox 2612 3862 2932 3926; x_wconf 75' lang='lat' dir='ltr'><strong>resurrexit,</strong></span> <span class='ocrx_word' id='word_1_816' title='bbox 2967 3870 3022 3916; x_wconf 91' lang='lat' dir='ltr'><strong>et</strong></span> <span class='ocrx_word' id='word_1_817' title='bbox 3054 3864 3417 3934; x_wconf 85' lang='lat' dir='ltr'><strong>evangelicatn</strong></span> <span class='ocrx_word' id='word_1_818' title='bbox 3449 3867 3546 3923; x_wconf 92' lang='lat' dir='ltr'><strong>do-</strong></span> 
     </span>
    </p>
   </div>
   <div class='ocr_carea' id='block_1_97' title="bbox 1970 3949 3546 4024">
    <p class='ocr_par' dir='ltr' id='par_1_97' title="bbox 1970 3949 3546 4024">
     <span class='ocr_line' id='line_1_97' title="bbox 1970 3949 3546 4024; baseline 0.006 -20"><span class='ocrx_word' id='word_1_819' title='bbox 1970 3950 2198 4004; x_wconf 89' lang='lat' dir='ltr'><strong>ctrinam</strong></span> <span class='ocrx_word' id='word_1_820' title='bbox 2249 3949 2557 4015; x_wconf 89' lang='lat' dir='ltr'><strong>annuntiat,</strong></span> <span class='ocrx_word' id='word_1_821' title='bbox 2593 3949 2699 4004; x_wconf 90' lang='lat' dir='ltr'><strong>rite</strong></span> <span class='ocrx_word' id='word_1_822' title='bbox 2725 3951 3002 4008; x_wconf 83' lang='lat' dir='ltr'><strong>obediunt.</strong></span> <span class='ocrx_word' id='word_1_823' title='bbox 3032 3953 3271 4024; x_wconf 87' lang='lat' dir='ltr'><strong>Denique</strong></span> <span class='ocrx_word' id='word_1_824' title='bbox 3315 3958 3380 4012; x_wconf 86' lang='lat' dir='ltr'><strong>de</strong></span> <span class='ocrx_word' id='word_1_825' title='bbox 3413 3973 3546 4018; x_wconf 86' lang='lat' dir='ltr'><strong>con-</strong></span> 
     </span>
    </p>
   </div>
   <div class='ocr_carea' id='block_1_98' title="bbox 1971 4040 3540 4119">
    <p class='ocr_par' dir='ltr' id='par_1_98' title="bbox 1971 4040 3540 4119">
     <span class='ocr_line' id='line_1_98' title="bbox 1971 4040 3540 4119; baseline 0.005 -23"><span class='ocrx_word' id='word_1_826' title='bbox 1971 4041 2337 4110; x_wconf 85' lang='lat' dir='ltr'><strong>sanguinitate</strong></span> <span class='ocrx_word' id='word_1_827' title='bbox 2361 4040 2618 4096; x_wconf 85' lang='lat' dir='ltr'><strong>Dominus</strong></span> <span class='ocrx_word' id='word_1_828' title='bbox 2644 4041 2758 4110; x_wconf 86' lang='lat' dir='ltr'><strong>ipse</strong></span> <span class='ocrx_word' id='word_1_829' title='bbox 2785 4042 2878 4111; x_wconf 89' lang='lat' dir='ltr'><strong>qui</strong></span> <span class='ocrx_word' id='word_1_830' title='bbox 2905 4042 3074 4113; x_wconf 88' lang='lat' dir='ltr'><strong>legem</strong></span> <span class='ocrx_word' id='word_1_831' title='bbox 3104 4046 3269 4112; x_wconf 91' lang='lat' dir='ltr'><strong>dedit,</strong></span> <span class='ocrx_word' id='word_1_832' title='bbox 3314 4057 3368 4103; x_wconf 92' lang='lat' dir='ltr'><strong>et</strong></span> <span class='ocrx_word' id='word_1_833' title='bbox 3395 4055 3540 4119; x_wconf 76' lang='lat' dir='ltr'><strong>post-</strong></span> 
     </span>
    </p>
   </div>
   <div class='ocr_carea' id='block_1_99' title="bbox 1972 4130 3551 4200">
    <p class='ocr_par' dir='ltr' id='par_1_99' title="bbox 1972 4130 3551 4200">
     <span class='ocr_line' id='line_1_99' title="bbox 1972 4130 3551 4200; baseline 0.006 -15"><span class='ocrx_word' id='word_1_834' title='bbox 1972 4133 2187 4185; x_wconf 90' lang='lat' dir='ltr'><strong>modum</strong></span> <span class='ocrx_word' id='word_1_835' title='bbox 2229 4130 2508 4200; x_wconf 82' lang='lat' dir='ltr'><strong>Evangelii</strong></span> <span class='ocrx_word' id='word_1_836' title='bbox 2560 4131 2990 4187; x_wconf 90' lang='lat' dir='ltr'><strong>benedictionem</strong></span> <span class='ocrx_word' id='word_1_837' title='bbox 3037 4135 3265 4199; x_wconf 88' lang='lat' dir='ltr'><strong>addidit,</strong></span> <span class='ocrx_word' id='word_1_838' title='bbox 3295 4146 3355 4191; x_wconf 93' lang='lat' dir='ltr'><strong>ut</strong></span> <span class='ocrx_word' id='word_1_839' title='bbox 3388 4136 3551 4198; x_wconf 85' lang='lat' dir='ltr'><strong>electi</strong></span> 
     </span>
    </p>
   </div>
   <div class='ocr_carea' id='block_1_100' title="bbox 1932 4221 3551 4298">
    <p class='ocr_par' dir='ltr' id='par_1_100' title="bbox 1932 4221 3551 4298">
     <span class='ocr_line' id='line_1_100' title="bbox 1932 4221 3551 4298; baseline 0.007 -23"><span class='ocrx_word' id='word_1_840' title='bbox 1932 4265 1934 4268; x_wconf 93' lang='lat'><strong>.</strong></span> <span class='ocrx_word' id='word_1_841' title='bbox 1971 4221 2055 4276; x_wconf 89' lang='lat' dir='ltr'><strong>sui</strong></span> <span class='ocrx_word' id='word_1_842' title='bbox 2093 4221 2429 4276; x_wconf 88' lang='lat' dir='ltr'><strong>ambularent</strong></span> <span class='ocrx_word' id='word_1_843' title='bbox 2465 4222 2533 4275; x_wconf 87' lang='lat' dir='ltr'><strong>de</strong></span> <span class='ocrx_word' id='word_1_844' title='bbox 2573 4221 2773 4276; x_wconf 89' lang='lat' dir='ltr'><strong>virtute</strong></span> <span class='ocrx_word' id='word_1_845' title='bbox 2809 4223 2862 4276; x_wconf 92' lang='lat' dir='ltr'><strong>in</strong></span> <span class='ocrx_word' id='word_1_846' title='bbox 2917 4225 3196 4290; x_wconf 90' lang='lat' dir='ltr'><strong>virtutem,</strong></span> <span class='ocrx_word' id='word_1_847' title='bbox 3225 4228 3280 4285; x_wconf 88' lang='lat' dir='ltr'><strong>in</strong></span> <span class='ocrx_word' id='word_1_848' title='bbox 3307 4229 3551 4298; x_wconf 80' lang='lat' dir='ltr'><strong>Levitico</strong></span> 
     </span>
    </p>
   </div>
   <div class='ocr_carea' id='block_1_101' title="bbox 1973 4311 3546 4382">
    <p class='ocr_par' dir='ltr' id='par_1_101' title="bbox 1973 4311 3546 4382">
     <span class='ocr_line' id='line_1_101' title="bbox 1973 4311 3546 4382; baseline 0.003 -15"><span class='ocrx_word' id='word_1_849' title='bbox 1973 4312 2041 4367; x_wconf 89' lang='lat' dir='ltr'><strong>ad</strong></span> <span class='ocrx_word' id='word_1_850' title='bbox 2070 4311 2286 4382; x_wconf 88' lang='lat' dir='ltr'><strong>Moysen</strong></span> <span class='ocrx_word' id='word_1_851' title='bbox 2315 4311 2531 4366; x_wconf 85' lang='lat' dir='ltr'><strong>locutus</strong></span> <span class='ocrx_word' id='word_1_852' title='bbox 2561 4320 2642 4366; x_wconf 89' lang='lat' dir='ltr'><strong>est</strong></span> <span class='ocrx_word' id='word_1_853' title='bbox 2695 4313 2882 4368; x_wconf 90' lang='lat' dir='ltr'><strong>dicens</strong></span> <span class='ocrx_word' id='word_1_854' title='bbox 2909 4330 2920 4365; x_wconf 93' lang='lat'>:</span> <span class='ocrx_word' id='word_1_855' title='bbox 2957 4332 2976 4363; x_wconf 89' lang='grc'><em>‹</em></span> <span class='ocrx_word' id='word_1_856' title='bbox 3030 4312 3274 4381; x_wconf 86' lang='lat' dir='ltr'><strong>Loquere</strong></span> <span class='ocrx_word' id='word_1_857' title='bbox 3307 4315 3430 4374; x_wconf 79' lang='lat' dir='ltr'><strong>[iliis</strong></span> <span class='ocrx_word' id='word_1_858' title='bbox 3459 4318 3546 4373; x_wconf 80' lang='lat' dir='ltr'><strong>ls-</strong></span> 
     </span>
    </p>
   </div>
   <div class='ocr_carea' id='block_1_102' title="bbox 1980 4402 3545 4473">
    <p class='ocr_par' dir='ltr' id='par_1_102' title="bbox 1980 4402 3545 4473">
     <span class='ocr_line' id='line_1_102' title="bbox 1980 4402 3545 4473; baseline 0.004 -17"><span class='ocrx_word' id='word_1_859' title='bbox 1980 4423 1998 4456; x_wconf 72' lang='grc' dir='ltr'><strong><em>ι</em></strong></span> <span class='ocrx_word' id='word_1_860' title='bbox 2032 4404 2145 4459; x_wconf 91' lang='lat' dir='ltr'><strong>rael</strong></span> <span class='ocrx_word' id='word_1_861' title='bbox 2169 4413 2222 4458; x_wconf 90' lang='lat' dir='ltr'><strong>et</strong></span> <span class='ocrx_word' id='word_1_862' title='bbox 2245 4403 2396 4458; x_wconf 87' lang='lat' dir='ltr'><strong>dices</strong></span> <span class='ocrx_word' id='word_1_863' title='bbox 2416 4402 2484 4457; x_wconf 90' lang='lat' dir='ltr'><strong>ad</strong></span> <span class='ocrx_word' id='word_1_864' title='bbox 2508 4419 2603 4459; x_wconf 90' lang='lat' dir='ltr'><strong>eos</strong></span> <span class='ocrx_word' id='word_1_865' title='bbox 2639 4417 2658 4456; x_wconf 83' lang='lat'><strong>:</strong></span> <span class='ocrx_word' id='word_1_866' title='bbox 2695 4403 2806 4473; x_wconf 84' lang='lat' dir='ltr'><strong>Ego</strong></span> <span class='ocrx_word' id='word_1_867' title='bbox 2854 4403 3113 4458; x_wconf 85' lang='lat' dir='ltr'><strong>Dominus</strong></span> <span class='ocrx_word' id='word_1_868' title='bbox 3153 4405 3292 4462; x_wconf 88' lang='lat' dir='ltr'><strong>Deus</strong></span> <span class='ocrx_word' id='word_1_869' title='bbox 3319 4419 3500 4466; x_wconf 77' lang='lat' dir='ltr'><strong>vester</strong></span> <span class='ocrx_word' id='word_1_870' title='bbox 3527 4428 3545 4462; x_wconf 93' lang='lat'>:</span> 
     </span>
    </p>
   </div>
   <div class='ocr_carea' id='block_1_103' title="bbox 1979 4492 3544 4566">
    <p class='ocr_par' dir='ltr' id='par_1_103' title="bbox 1979 4492 3544 4566">
     <span class='ocr_line' id='line_1_103' title="bbox 1979 4492 3544 4566; baseline 0.005 -19"><span class='ocrx_word' id='word_1_871' title='bbox 1979 4515 1996 4547; x_wconf 75' lang='grc' dir='ltr'>ι</span> <span class='ocrx_word' id='word_1_872' title='bbox 2029 4495 2192 4551; x_wconf 80' lang='lat' dir='ltr'><strong>Juxta</strong></span> <span class='ocrx_word' id='word_1_873' title='bbox 2232 4495 2680 4550; x_wconf 86' lang='lat' dir='ltr'><strong>consuetudinem</strong></span> <span class='ocrx_word' id='word_1_874' title='bbox 2730 4501 2888 4546; x_wconf 79' lang='lat' dir='ltr'><strong>teme</strong></span> <span class='ocrx_word' id='word_1_875' title='bbox 2915 4492 3132 4564; x_wconf 64' lang='lat' dir='ltr'><strong>IEgypli</strong></span> <span class='ocrx_word' id='word_1_876' title='bbox 3153 4496 3209 4552; x_wconf 92' lang='lat' dir='ltr'><strong>in</strong></span> <span class='ocrx_word' id='word_1_877' title='bbox 3245 4513 3352 4566; x_wconf 82' lang='lat' dir='ltr'><strong>qua</strong></span> <span class='ocrx_word' id='word_1_878' title='bbox 3382 4501 3544 4556; x_wconf 51' lang='lat' dir='ltr'><strong>.habi‘</strong></span> 
     </span>
    </p>
   </div>
   <div class='ocr_carea' id='block_1_104' title="bbox 1979 4583 3544 4668">
    <p class='ocr_par' dir='ltr' id='par_1_104' title="bbox 1979 4583 3544 4668">
     <span class='ocr_line' id='line_1_104' title="bbox 1979 4583 3544 4668; baseline -0.005 -26"><span class='ocrx_word' id='word_1_879' title='bbox 1979 4609 1997 4642; x_wconf 78' lang='grc' dir='ltr'>ι</span> <span class='ocrx_word' id='word_1_880' title='bbox 2035 4590 2208 4655; x_wconf 89' lang='lat' dir='ltr'><strong>tastis,</strong></span> <span class='ocrx_word' id='word_1_881' title='bbox 2237 4604 2342 4642; x_wconf 90' lang='lat' dir='ltr'><strong>non</strong></span> <span class='ocrx_word' id='word_1_882' title='bbox 2369 4587 2595 4651; x_wconf 75' lang='lat' dir='ltr'><strong>facietis,</strong></span> <span class='ocrx_word' id='word_1_883' title='bbox 2643 4593 2699 4638; x_wconf 92' lang='lat' dir='ltr'><strong>et</strong></span> <span class='ocrx_word' id='word_1_884' title='bbox 2718 4583 2872 4650; x_wconf 79' lang='lat' dir='ltr'><strong>juxta</strong></span> <span class='ocrx_word' id='word_1_885' title='bbox 2903 4601 3113 4641; x_wconf 86' lang='lat' dir='ltr'><strong>morem</strong></span> <span class='ocrx_word' id='word_1_886' title='bbox 3135 4589 3369 4668; x_wconf 76' lang='lat' dir='ltr'><strong>regionis</strong></span> <span class='ocrx_word' id='word_1_887' title='bbox 3396 4593 3544 4650; x_wconf 63' lang='lat' dir='ltr'><strong>Cha-</strong></span> 
     </span>
    </p>
   </div>
   <div class='ocr_carea' id='block_1_105' title="bbox 1977 4675 3550 4756">
    <p class='ocr_par' dir='ltr' id='par_1_105' title="bbox 1977 4675 3550 4756">
     <span class='ocr_line' id='line_1_105' title="bbox 1977 4675 3550 4756; baseline -0.004 -22"><span class='ocrx_word' id='word_1_888' title='bbox 1977 4698 1998 4733; x_wconf 69' lang='grc' dir='ltr'>ι</span> <span class='ocrx_word' id='word_1_889' title='bbox 2032 4695 2174 4734; x_wconf 89' lang='lat' dir='ltr'><strong>naan</strong></span> <span class='ocrx_word' id='word_1_890' title='bbox 2219 4679 2285 4731; x_wconf 91' lang='lat' dir='ltr'><strong>ad</strong></span> <span class='ocrx_word' id='word_1_891' title='bbox 2333 4691 2492 4745; x_wconf 91' lang='lat' dir='ltr'><strong>quam</strong></span> <span class='ocrx_word' id='word_1_892' title='bbox 2536 4690 2635 4745; x_wconf 87' lang='lat' dir='ltr'><strong>ego</strong></span> <span class='ocrx_word' id='word_1_893' title='bbox 2683 4675 3090 4731; x_wconf 87' lang='lat' dir='ltr'><strong>introducturus</strong></span> <span class='ocrx_word' id='word_1_894' title='bbox 3122 4691 3239 4753; x_wconf 90' lang='lat' dir='ltr'><strong>sum</strong></span> <span class='ocrx_word' id='word_1_895' title='bbox 3289 4694 3405 4745; x_wconf 54' lang='grc' dir='ltr'><strong>γωδ,</strong></span> <span class='ocrx_word' id='word_1_896' title='bbox 3438 4699 3550 4756; x_wconf 53' lang='lat' dir='ltr'><strong>non</strong></span> 
     </span>
    </p>
   </div>
   <div class='ocr_carea' id='block_1_106' title="bbox 1977 4765 3550 4841">
    <p class='ocr_par' dir='ltr' id='par_1_106' title="bbox 1977 4765 3550 4841">
     <span class='ocr_line' id='line_1_106' title="bbox 1977 4765 3550 4841; baseline 0.001 -19"><span class='ocrx_word' id='word_1_897' title='bbox 1977 4787 1998 4822; x_wconf 68' lang='grc' dir='ltr'><strong><em>ι</em></strong></span> <span class='ocrx_word' id='word_1_898' title='bbox 2031 4771 2223 4841; x_wconf 89' lang='lat' dir='ltr'><strong>agetis.</strong></span> <span class='ocrx_word' id='word_1_899' title='bbox 2253 4767 2438 4836; x_wconf 84' lang='lat' dir='ltr'><strong>Neque</strong></span> <span class='ocrx_word' id='word_1_900' title='bbox 2456 4766 2600 4821; x_wconf 91' lang='lat' dir='ltr'><strong>enim</strong></span> <span class='ocrx_word' id='word_1_901' title='bbox 2643 4767 2696 4819; x_wconf 92' lang='lat' dir='ltr'><strong>in</strong></span> <span class='ocrx_word' id='word_1_902' title='bbox 2726 4765 2981 4836; x_wconf 82' lang='lat' dir='ltr'><strong>legitimis</strong></span> <span class='ocrx_word' id='word_1_903' title='bbox 3008 4781 3196 4823; x_wconf 85' lang='lat' dir='ltr'><strong>eorum</strong></span> <span class='ocrx_word' id='word_1_904' title='bbox 3245 4771 3550 4832; x_wconf 70' lang='lat' dir='ltr'><strong>ambulahi.</strong></span> 
     </span>
    </p>
   </div>
   <div class='ocr_carea' id='block_1_107' title="bbox 1979 4845 3548 4937">
    <p class='ocr_par' dir='ltr' id='par_1_107' title="bbox 1979 4845 3548 4937">
     <span class='ocr_line' id='line_1_107' title="bbox 1979 4845 3548 4937; baseline -0.003 -25"><span class='ocrx_word' id='word_1_905' title='bbox 1979 4879 1999 4912; x_wconf 69' lang='grc' dir='ltr'>ε</span> <span class='ocrx_word' id='word_1_906' title='bbox 2035 4861 2124 4915; x_wconf 90' lang='lat' dir='ltr'><strong>tis.</strong></span> <span class='ocrx_word' id='word_1_907' title='bbox 2156 4857 2388 4913; x_wconf 78' lang='lat' dir='ltr'><strong>Facietis</strong></span> <span class='ocrx_word' id='word_1_908' title='bbox 2415 4855 2613 4924; x_wconf 88' lang='lat' dir='ltr'><strong>judicia</strong></span> <span class='ocrx_word' id='word_1_909' title='bbox 2663 4870 2806 4918; x_wconf 90' lang='lat' dir='ltr'><strong>mea,</strong></span> <span class='ocrx_word' id='word_1_910' title='bbox 2835 4863 2890 4908; x_wconf 88' lang='lat' dir='ltr'><strong>et</strong></span> <span class='ocrx_word' id='word_1_911' title='bbox 2914 4865 3186 4932; x_wconf 70' lang='lat' dir='ltr'><strong>pmepta</strong></span> <span class='ocrx_word' id='word_1_912' title='bbox 3211 4873 3328 4937; x_wconf 65' lang='lat' dir='ltr'><strong>mea</strong></span> <span class='ocrx_word' id='word_1_913' title='bbox 3358 4845 3548 4918; x_wconf 62' lang='lat' dir='ltr'><strong>serva.</strong></span> 
     </span>
    </p>
   </div>
   <div class='ocr_carea' id='block_1_108' title="bbox 1977 4945 3550 5017">
    <p class='ocr_par' dir='ltr' id='par_1_108' title="bbox 1977 4945 3550 5017">
     <span class='ocr_line' id='line_1_108' title="bbox 1977 4945 3550 5017; baseline 0.006 -15"><span class='ocrx_word' id='word_1_914' title='bbox 1977 4969 1994 5002; x_wconf 73' lang='grc' dir='ltr'>ι</span> <span class='ocrx_word' id='word_1_915' title='bbox 2030 4950 2181 5014; x_wconf 91' lang='lat' dir='ltr'><strong>bitis,</strong></span> <span class='ocrx_word' id='word_1_916' title='bbox 2233 4957 2288 5004; x_wconf 89' lang='lat' dir='ltr'><strong>et</strong></span> <span class='ocrx_word' id='word_1_917' title='bbox 2320 4949 2372 5002; x_wconf 93' lang='lat' dir='ltr'><strong>in</strong></span> <span class='ocrx_word' id='word_1_918' title='bbox 2416 4947 2497 5002; x_wconf 90' lang='lat' dir='ltr'><strong>eis</strong></span> <span class='ocrx_word' id='word_1_919' title='bbox 2539 4945 2882 5002; x_wconf 89' lang='lat' dir='ltr'><strong>ambulabitis</strong></span> <span class='ocrx_word' id='word_1_920' title='bbox 2911 4961 3062 5017; x_wconf 38' lang='lat' dir='ltr'><strong>{ego</strong></span> <span class='ocrx_word' id='word_1_921' title='bbox 3093 4948 3353 5007; x_wconf 84' lang='lat' dir='ltr'><strong>Dominus</strong></span> <span class='ocrx_word' id='word_1_922' title='bbox 3399 4952 3550 5012; x_wconf 75' lang='lat' dir='ltr'><strong>Deus</strong></span> 
     </span>
    </p>
   </div>
   <div class='ocr_carea' id='block_1_109' title="bbox 1977 5036 3550 5115">
    <p class='ocr_par' dir='ltr' id='par_1_109' title="bbox 1977 5036 3550 5115">
     <span class='ocr_line' id='line_1_109' title="bbox 1977 5036 3550 5115; baseline 0.004 -23"><span class='ocrx_word' id='word_1_923' title='bbox 1977 5061 1994 5092; x_wconf 75' lang='grc' dir='ltr'><strong>ε</strong></span> <span class='ocrx_word' id='word_1_924' title='bbox 2027 5050 2225 5095; x_wconf 85' lang='lat' dir='ltr'><strong>vester.</strong></span> <span class='ocrx_word' id='word_1_925' title='bbox 2260 5039 2536 5094; x_wconf 87' lang='lat' dir='ltr'><strong>Custodite</strong></span> <span class='ocrx_word' id='word_1_926' title='bbox 2571 5036 2718 5108; x_wconf 86' lang='lat' dir='ltr'><strong>leges</strong></span> <span class='ocrx_word' id='word_1_927' title='bbox 2750 5051 2916 5094; x_wconf 82' lang='lat' dir='ltr'><strong>meas</strong></span> <span class='ocrx_word' id='word_1_928' title='bbox 2949 5047 3111 5115; x_wconf 78' lang='lat' dir='ltr'><strong>atque</strong></span> <span class='ocrx_word' id='word_1_929' title='bbox 3154 5039 3383 5108; x_wconf 84' lang='lat' dir='ltr'><strong>judicia,</strong></span> <span class='ocrx_word' id='word_1_930' title='bbox 3425 5059 3550 5113; x_wconf 69' lang='lat' dir='ltr'><strong>qua:</strong></span> 
     </span>
    </p>
   </div>
   <div class='ocr_carea' id='block_1_110' title="bbox 1977 5127 3550 5202">
    <p class='ocr_par' dir='ltr' id='par_1_110' title="bbox 1977 5127 3550 5202">
     <span class='ocr_line' id='line_1_110' title="bbox 1977 5127 3550 5202; baseline 0.001 -16"><span class='ocrx_word' id='word_1_931' title='bbox 1977 5153 1996 5186; x_wconf 70' lang='grc' dir='ltr'>ι</span> <span class='ocrx_word' id='word_1_932' title='bbox 2025 5133 2233 5188; x_wconf 77' lang='lat' dir='ltr'><strong>faciens</strong></span> <span class='ocrx_word' id='word_1_933' title='bbox 2258 5131 2436 5191; x_wconf 88' lang='lat' dir='ltr'><strong>homo,</strong></span> <span class='ocrx_word' id='word_1_934' title='bbox 2470 5130 2617 5184; x_wconf 88' lang='lat' dir='ltr'><strong>vivet</strong></span> <span class='ocrx_word' id='word_1_935' title='bbox 2659 5128 2719 5185; x_wconf 90' lang='lat' dir='ltr'><strong>in</strong></span> <span class='ocrx_word' id='word_1_936' title='bbox 2743 5127 2848 5192; x_wconf 68' lang='lat' dir='ltr'><strong>eis.</strong></span> <span class='ocrx_word' id='word_1_937' title='bbox 2874 5127 3066 5190; x_wconf 80' lang='lat' dir='ltr'><strong>Omnis</strong></span> <span class='ocrx_word' id='word_1_938' title='bbox 3100 5131 3264 5188; x_wconf 79' lang='lat' dir='ltr'><strong>homo</strong></span> <span class='ocrx_word' id='word_1_939' title='bbox 3305 5131 3373 5186; x_wconf 80' lang='lat' dir='ltr'><strong>ad</strong></span> <span class='ocrx_word' id='word_1_940' title='bbox 3399 5147 3550 5202; x_wconf 76' lang='lat' dir='ltr'><strong>pro-</strong></span> 
     </span>
    </p>
   </div>
   <div class='ocr_carea' id='block_1_111' title="bbox 1977 5205 3546 5297">
    <p class='ocr_par' dir='ltr' id='par_1_111' title="bbox 1977 5205 3546 5297">
     <span class='ocr_line' id='line_1_111' title="bbox 1977 5205 3546 5297; baseline 0.001 -22"><span class='ocrx_word' id='word_1_941' title='bbox 1977 5241 1999 5275; x_wconf 74' lang='grc' dir='ltr'>ι</span> <span class='ocrx_word' id='word_1_942' title='bbox 2031 5221 2234 5280; x_wconf 82' lang='lat' dir='ltr'><strong>ximam</strong></span> <span class='ocrx_word' id='word_1_943' title='bbox 2286 5205 2563 5297; x_wconf 72' lang='lat' dir='ltr'><strong>sanguinis</strong></span> <span class='ocrx_word' id='word_1_944' title='bbox 2589 5219 2672 5273; x_wconf 86' lang='lat' dir='ltr'><strong>sui</strong></span> <span class='ocrx_word' id='word_1_945' title='bbox 2698 5232 2809 5276; x_wconf 87' lang='lat' dir='ltr'><strong>non</strong></span> <span class='ocrx_word' id='word_1_946' title='bbox 2834 5220 3078 5284; x_wconf 84' lang='lat' dir='ltr'><strong>accedet,</strong></span> <span class='ocrx_word' id='word_1_947' title='bbox 3106 5229 3168 5274; x_wconf 90' lang='lat' dir='ltr'><strong>ut</strong></span> <span class='ocrx_word' id='word_1_948' title='bbox 3193 5220 3546 5295; x_wconf 49' lang='lat' dir='ltr'><strong>revelantur-</strong></span> 
     </span>
    </p>
   </div>
   <div class='ocr_carea' id='block_1_112' title="bbox 1985 5305 3552 5389">
    <p class='ocr_par' dir='ltr' id='par_1_112' title="bbox 1985 5305 3552 5389">
     <span class='ocr_line' id='line_1_112' title="bbox 1985 5305 3552 5389; baseline 0.001 -25"><span class='ocrx_word' id='word_1_949' title='bbox 1985 5330 2005 5364; x_wconf 77' lang='grc' dir='ltr'>ι</span> <span class='ocrx_word' id='word_1_950' title='bbox 2036 5306 2519 5382; x_wconf 79' lang='lat' dir='ltr'><strong>pitudinemejus:</strong></span> <span class='ocrx_word' id='word_1_951' title='bbox 2552 5321 2653 5378; x_wconf 85' lang='lat' dir='ltr'><strong>ego</strong></span> <span class='ocrx_word' id='word_1_952' title='bbox 2680 5305 2961 5387; x_wconf 86' lang='lat' dir='ltr'><strong>Dominus.</strong></span> <span class='ocrx_word' id='word_1_953' title='bbox 3007 5307 3418 5389; x_wconf 78' lang='lat' dir='ltr'><strong>Turpitudinem</strong></span> <span class='ocrx_word' id='word_1_954' title='bbox 3452 5324 3552 5382; x_wconf 60' lang='lat' dir='ltr'><strong>pa.</strong></span> 
     </span>
    </p>
   </div>
   <div class='ocr_carea' id='block_1_113' title="bbox 1987 5394 3555 5468">
    <p class='ocr_par' dir='ltr' id='par_1_113' title="bbox 1987 5394 3555 5468">
     <span class='ocr_line' id='line_1_113' title="bbox 1987 5394 3555 5468; baseline 0.001 -16"><span class='ocrx_word' id='word_1_955' title='bbox 1987 5418 2007 5452; x_wconf 78' lang='grc' dir='ltr'>ι</span> <span class='ocrx_word' id='word_1_956' title='bbox 2039 5399 2139 5454; x_wconf 79' lang='lat' dir='ltr'><strong>tris</strong></span> <span class='ocrx_word' id='word_1_957' title='bbox 2165 5397 2284 5468; x_wconf 75' lang='lat' dir='ltr'><strong>tui,</strong></span> <span class='ocrx_word' id='word_1_958' title='bbox 2317 5405 2375 5451; x_wconf 91' lang='lat' dir='ltr'><strong>et</strong></span> <span class='ocrx_word' id='word_1_959' title='bbox 2430 5394 2811 5466; x_wconf 85' lang='lat' dir='ltr'><strong>turpitudinem</strong></span> <span class='ocrx_word' id='word_1_960' title='bbox 2867 5394 3064 5455; x_wconf 81' lang='lat' dir='ltr'><strong>matris</strong></span> <span class='ocrx_word' id='word_1_961' title='bbox 3088 5401 3206 5450; x_wconf 76' lang='lat' dir='ltr'><strong>tuae</strong></span> <span class='ocrx_word' id='word_1_962' title='bbox 3239 5407 3350 5455; x_wconf 80' lang='lat' dir='ltr'><strong>non</strong></span> <span class='ocrx_word' id='word_1_963' title='bbox 3376 5395 3555 5454; x_wconf 78' lang='lat' dir='ltr'><strong>disco-</strong></span> 
     </span>
    </p>
   </div>
   <div class='ocr_carea' id='block_1_114' title="bbox 1989 5470 3555 5560">
    <p class='ocr_par' dir='ltr' id='par_1_114' title="bbox 1989 5470 3555 5560">
     <span class='ocr_line' id='line_1_114' title="bbox 1989 5470 3555 5560; baseline 0.001 -20"><span class='ocrx_word' id='word_1_964' title='bbox 1989 5506 2010 5540; x_wconf 71' lang='grc' dir='ltr'><strong><em>ο</em></strong></span> <span class='ocrx_word' id='word_1_965' title='bbox 2044 5470 2296 5560; x_wconf 80' lang='lat' dir='ltr'><strong>operies:</strong></span> <span class='ocrx_word' id='word_1_966' title='bbox 2327 5493 2505 5540; x_wconf 84' lang='lat' dir='ltr'><strong>mater</strong></span> <span class='ocrx_word' id='word_1_967' title='bbox 2550 5492 2638 5545; x_wconf 76' lang='lat' dir='ltr'><strong>tua</strong></span> <span class='ocrx_word' id='word_1_968' title='bbox 2668 5491 2754 5541; x_wconf 82' lang='lat' dir='ltr'><strong>est</strong></span> <span class='ocrx_word' id='word_1_969' title='bbox 2777 5501 2796 5538; x_wconf 83' lang='lat'><strong>:</strong></span> <span class='ocrx_word' id='word_1_970' title='bbox 2827 5497 2938 5540; x_wconf 92' lang='lat' dir='ltr'><strong>non</strong></span> <span class='ocrx_word' id='word_1_971' title='bbox 2965 5481 3236 5552; x_wconf 78' lang='lat' dir='ltr'><strong>revelabis</strong></span> <span class='ocrx_word' id='word_1_972' title='bbox 3264 5485 3555 5557; x_wconf 82' lang='lat' dir='ltr'><strong>turpitudi-</strong></span> 
     </span>
    </p>
   </div>
   <div class='ocr_carea' id='block_1_115' title="bbox 1993 5562 3552 5645">
    <p class='ocr_par' dir='ltr' id='par_1_115' title="bbox 1993 5562 3552 5645">
     <span class='ocr_line' id='line_1_115' title="bbox 1993 5562 3552 5645; baseline 0.004 -17"><span class='ocrx_word' id='word_1_973' title='bbox 1993 5595 2012 5628; x_wconf 71' lang='grc' dir='ltr'><strong><em>ο</em></strong></span> <span class='ocrx_word' id='word_1_974' title='bbox 2048 5588 2170 5632; x_wconf 86' lang='lat' dir='ltr'><strong>nem</strong></span> <span class='ocrx_word' id='word_1_975' title='bbox 2225 5572 2358 5642; x_wconf 87' lang='lat' dir='ltr'><strong>ejus.</strong></span> <span class='ocrx_word' id='word_1_976' title='bbox 2413 5571 2827 5645; x_wconf 82' lang='lat' dir='ltr'><strong>Turpitudinem</strong></span> <span class='ocrx_word' id='word_1_977' title='bbox 2876 5573 3064 5635; x_wconf 78' lang='lat' dir='ltr'><strong>uxoris</strong></span> <span class='ocrx_word' id='word_1_978' title='bbox 3113 5562 3288 5645; x_wconf 78' lang='lat' dir='ltr'><strong>patris</strong></span> <span class='ocrx_word' id='word_1_979' title='bbox 3333 5576 3422 5638; x_wconf 82' lang='lat' dir='ltr'><strong>tui,</strong></span> <span class='ocrx_word' id='word_1_980' title='bbox 3442 5589 3552 5634; x_wconf 86' lang='lat' dir='ltr'><strong>non</strong></span> 
     </span>
    </p>
   </div>
   <div class='ocr_carea' id='block_1_116' title="bbox 1995 5655 3550 5750">
    <p class='ocr_par' dir='ltr' id='par_1_116' title="bbox 1995 5655 3550 5750">
     <span class='ocr_line' id='line_1_116' title="bbox 1995 5655 3550 5750; baseline 0.002 -33"><span class='ocrx_word' id='word_1_981' title='bbox 1995 5684 2012 5717; x_wconf 78' lang='grc' dir='ltr'>ι</span> <span class='ocrx_word' id='word_1_982' title='bbox 2050 5655 2410 5735; x_wconf 82' lang='lat' dir='ltr'><strong>discooperies</strong></span> <span class='ocrx_word' id='word_1_983' title='bbox 2469 5682 2482 5718; x_wconf 92' lang='lat'>:</span> <span class='ocrx_word' id='word_1_984' title='bbox 2531 5663 2808 5735; x_wconf 81' lang='lat' dir='ltr'><strong>turpitudo</strong></span> <span class='ocrx_word' id='word_1_985' title='bbox 2873 5663 3018 5718; x_wconf 90' lang='lat' dir='ltr'><strong>enim</strong></span> <span class='ocrx_word' id='word_1_986' title='bbox 3070 5665 3264 5750; x_wconf 72' lang='lat' dir='ltr'><strong>patris-</strong></span> <span class='ocrx_word' id='word_1_987' title='bbox 3316 5669 3400 5724; x_wconf 82' lang='lat' dir='ltr'><strong>tul</strong></span> <span class='ocrx_word' id='word_1_988' title='bbox 3445 5676 3550 5726; x_wconf 89' lang='lat' dir='ltr'><strong>est.</strong></span> 
     </span>
    </p>
   </div>
  </div>
