4028 6196
512 333 648 394 ίοθι

1152 329 1214 384 Β.
1257 324 1514 382 RABANI
1556 319 1774 378 MAURI
1811 315 2130 374 ARCHIEP.
2167 311 2482 372 'DIOGUNT.
2525 310 2810 368 OPERUM
2849 310 3026 366 PARS
3063 309 3126 364 ll.

3649 304 3799 363 tos:

519 471 540 504 ι
573 446 984 518 Turpitudinem
1015 441 1220 498 sororis
1249 447 1352 494 tua:
1380 452 1444 492 ex
1476 443 1629 508 patre
1680 435 1793 489 sive
1822 448 1886 488 ex
1920 439 2092 486 matre
2120 435 2169 494 Α
2196 444 2318 485 cum
2350 428 2514 484 fuerit
2539 441 2606 482 cx
2631 434 2786 496 patre
2810 434 2867 481 et
2891 439 2958 481 ex
2985 439 3240 488 nove.ca,
3272 424 3340 479 de
3361 437 3468 491 qua
3487 421 3606 492 jam
3635 435 3797 492 supe-

521 559 540 592 ι
573 553 694 610 qua:
713 536 855 591 domi
885 534 967 589 vel
1006 531 1139 586 foris
1167 529 1347 600 genita
1376 535 1478 592 est,
1511 542 1616 581 non
1650 523 1936 580 revelabis.
1963 521 2092 575 Tur-

519 646 542 681 ι
573 627 872 700 pitudinem
928 623 1051 677 ﬁliae
1101 620 1196 674 ﬁlii
1249 619 1325 674 tu-i
1352 618 1437 672 vel
1479 618 1691 687 nepotis
1717 631 1784 670 ex
1829 614 1955 679 ﬁlia,
1986 628 2092 667 non

522 739 543 772 ε
579 718 864 779 revelabis,
917 715 1042 785 quia
1097 711 1368 782 turpitudo
1406 721 1495 765 tua
1525 701 1633 763 est.’
1685 707 2094 777 Turpitudinem

521 831 540 864 ς
577 811 700 866 ﬁlia:
729 809 914 862 uxoris
943 806 1117 876 patris
1150 805 1223 858 tui
1276 819 1436 873 quam
1473 801 1682 872 peperit
1709 799 1850 868 patri
1903 806 2016 862 tuo,
2041 804 2098 850 et

523 923 542 956 ε
576 912 661 960 est
688 915 846 956 soror
877 908 990 963 tua,
1020 914 1127 952 non
1164 895 1449 950 revelabis.
1498 891 1910 960 Turpitudinem
1947 903 2096 943 soro-

523 1015 542 1048 ι
579 995 655 1049 ris
682 992 851 1064 patris
883 990 958 1045 tui
988 1003 1095 1043 non
1141 985 1524 1056 discooperies,
1583 982 1706 1052 quia
1739 996 1866 1036 caro
1895 989 1979 1034 est
2001 993 2097 1048 pa-

524 1105 542 1137 ι
579 1085 677 1139 tris
737 1083 834 1138 tui.
891 1080 1300 1151 Turpitudinem
1359 1075 1564 1132 sororis
1605 1073 1798 1127 matris
1847 1080 1954 1126 tum
1992 1085 2097 1125 non

524 1197 544 1230 r
579 1177 862 1238 revelabis,
894 1190 959 1229 eo
981 1173 1124 1242 quod
1157 1186 1284 1226 caro
1311 1171 1381 1224 sit
1432 1167 1625 1220 matris
1681 1173 1803 1218 tuae.
1843 1163 2097 1231 Turpitu-

525 1285 544 1318 ε
578 1266 758 1320 dinem
810 1263 985 1333 patrui
1018 1261 1094 1314 tui
1137 1273 1246 1312 non
1300 1254 1588 1317 revelabis,
1622 1267 1724 1307 nec
1771 1249 2000 1305 accedes
2026 1247 2095 1302 ad

528 1375 547 1408 r
580 1369 804 1409 uxorem
836 1352 974 1422 ejus,
1003 1365 1121 1420 quae
1156 1348 1252 1402 tibi
1287 1344 1544 1400 aﬁinitate
1573 1339 1935 1411 conjungitur.
1965 1337 2101 1392 Tur-

530 1465 550 1499 ‹
582 1440 880 1517 pitudinem
910 1457 1079 1496 nurus
1106 1449 1210 1494 tua:
1230 1453 1337 1492 non
1369 1435 1652 1502 revelabis,
1687 1433 1812 1520 quia
1841 1445 1978 1486 uxor
2007 1427 2100 1483 ﬁlii

534 1553 554 1588 ‹
593 1537 669 1590 tui
698 1543 800 1598 est,
832 1548 932 1588 nec
967 1528 1330 1598 discooperies
1360 1525 1714 1596 ignominiam
1749 1521 1885 1590 ejus.
1911 1519 2104 1588 Turpi-

531 1649 550 1680 ι
587 1629 824 1683 tudinem
881 1625 1070 1679 uxoris
1118 1622 1306 1676 fratris
1358 1619 1435 1673 tui
1491 1632 1596 1672 non
1647 1612 1934 1675 revelabis,
1976 1609 2104 1679 quia

2194 519 2310 574 rius
2363 519 2575 573 dixerat
2623 536 2635 570 :
2687 532 2756 570 an
2808 516 2928 570 ideo
2973 515 3168 569 iterum
3214 514 3316 569 hoc
3347 513 3593 584 apertius
3625 512 3799 568 voluit

2193 610 2501 680 prohibere,
2549 609 2675 678 quia
2725 607 2976 678 superius
3029 606 3420 661 subobscurum
3470 604 3592 658 fuit.
3640 603 3798 675 Saepe

2194 701 2338 754 enim
2376 702 2479 754 hoc
2513 699 2644 754 facit
2689 698 2993 767 Scriptura.
3029 697 3445 766 Turpitudinem
3487 696 3675 750 fratris
3705 710 3801 766 pa-

2197 791 2297 845 tris
2327 790 2400 844 tui
2429 805 2534 844 non
2561 788 2853 854 revelabis,
2883 796 2940 842 et
2971 789 3036 843 ad
3071 802 3296 841 uxorem
3326 787 3443 857 ejus
3470 802 3577 841 non
3607 785 3800 840 introi-

2197 883 2300 937 bis.
2331 881 2590 952 Exposuit
2611 881 2740 950 quid
2773 880 2969 934 dixerit
2997 898 3008 933 :
3041 879 3458 949 Turpitudinem
3483 877 3670 932 fratris
3707 893 3802 947 pa—

2199 974 2299 1028 tris
2343 973 2441 1038 tui,
2489 973 2540 1027 id
2571 981 2678 1037 est,
2713 972 2892 1041 patrui
2929 971 3008 1025 tui
3056 986 3164 1025 non
3215 969 3504 1032 revelabis,
3561 969 3664 1023 hoc
3711 976 3802 1022 est
3881 970 3885 971 ⁷

2199 1064 2343 1118 enim
2363 1104 2378 1128 ,
2410 1063 2475 1117 ad
2507 1077 2729 1116 uxorem
2759 1062 2876 1131 ejus
2902 1076 3011 1116 non
3035 1061 3304 1116 introibis.
3335 1061 3392 1115 ln
3414 1075 3584 1116 uxore
3598 1061 3803 1130 quippe

2198 1154 2376 1225 patrui
2427 1153 2527 1219 tui,
2573 1152 2744 1206 voluit
2787 1151 3008 1223 intelligi
3059 1150 3452 1221 turpitudinem
3487 1150 3666 1220 patrui
3696 1149 3798 1203 tui.

2203 1241 2354 1298 Sicut
2378 1243 2430 1297 in
2459 1257 2628 1297 uxore
2673 1241 2866 1310 patris,
2897 1241 3286 1310 turpitudinem
3315 1241 3508 1310 patris.
3543 1239 3802 1309 Turpitu-

2203 1333 2381 1388 dinem
2418 1332 2605 1386 uxoris
2652 1330 2838 1386 fratris
2887 1331 2965 1385 tui
3010 1345 3118 1384 non
3157 1329 3464 1385 revelabis:
3519 1328 3803 1399 turpitudo

2202 1423 2344 1476 enim
2379 1419 2565 1475 fratris
2587 1421 2663 1474 tui
2687 1428 2788 1476 est.
2816 1420 3089 1486 Quaeritur
3113 1427 3294 1474 utrum
3319 1421 3424 1476 hoc
3453 1420 3584 1474 vivo
3607 1419 3800 1481 fratre,

2204 1526 2272 1566 an
2301 1519 2544 1576 mortuo,
2593 1510 2664 1565 sit
2690 1511 3059 1580 prohibitum:
3113 1519 3170 1566 et
3217 1527 3326 1567 non
3355 1526 3525 1580 parva
3571 1511 3804 1580 quaestio

2207 1613 2310 1658 est.
2343 1603 2403 1658 Si
2431 1602 2575 1656 enim
2604 1602 2901 1657 dixerimus
2931 1603 2997 1657 de
3018 1603 3123 1656 vivi
3147 1602 3333 1657 fratris
3363 1616 3536 1656 uxore
3561 1602 3802 1657 locutam

535 1739 554 1771 ι
591 1719 865 1790 turpitudo
889 1716 1076 1771 fratris
1105 1714 1179 1768 tui
1206 1721 1309 1768 est.
1339 1708 1754 1780 Turpitudinem
1781 1703 1970 1759 uxoris
1999 1711 2105 1756 tua:
2134 1773 2180 1790 ﬁ
2208 1693 2550 1790 Scriptorum
2575 1708 2683 1748 uno
2732 1693 2970 1790 generali
3005 1701 3295 1790 prascepto,
3346 1707 3455 1763 quo
3484 1690 3807 1763 prohibetur

534 1833 553 1864 ε
586 1773 642 1866 et
681 1773 814 1864 rﬁliae
863 1807 979 1875 ejus
1031 1821 1138 1860 non
1195 1773 1470 1858 revelahis
1492 1817 1506 1854 :
1545 1798 1710 1852 filiam
1761 1795 1855 1849 ﬁlii
1884 1794 2022 1864 ejus,
2051 1799 2108 1846 et
2134 1773 2182 1833 Β
2208 1787 2370 1842 homo
2397 1788 2466 1842 ad
2513 1801 2738 1843 uxorem
2769 1786 3027 1842 accedere
3053 1785 3321 1852 alienam,
3369 1787 3540 1841 etiam
3568 1785 3673 1841 hoc
3697 1785 3803 1839 uti-

534 1922 552 1953 ι
590 1901 756 1955 ﬁliam
789 1898 910 1952 ﬁliae
942 1895 1058 1964 ejus
1105 1909 1208 1948 non
1265 1905 1466 1954 sumes,
1517 1897 1578 1942 ut
1628 1884 1833 1940 reveles
1877 1880 2107 1953 ignomi-
2205 1893 2310 1948 que
2334 1877 2658 1933 continetur.
2710 1876 2851 1944 Quid
2894 1883 3156 1948 estergo,
3202 1877 3346 1947 quod
3376 1885 3486 1931 tam
3520 1876 3807 1946 diligenter

535 2015 552 2048 ι
592 1995 734 2049 niam
767 1991 906 2061 ejus,
940 1989 1066 2058 quia
1113 2000 1242 2042 caro
1289 1983 1432 2038 illius
1462 1989 1584 2036 sunt
1617 1999 1628 2032 :
1673 1987 1727 2033 et
1757 1976 1881 2031 talis
1931 1973 2107 2028 coitus
2207 1972 2305 2025 has
2333 1984 2593 2038 personas
2621 1984 2756 2038 quas
2777 1967 3009 2038 appellat
3038 1967 3388 2033 domesticas,
3416 1968 3660 2038 propriis
3681 1981 3807 2038 pro-

536 2108 555 2139 r
594 2057 829 2141 incestus
879 2057 982 2137 est.
1037 2080 1294 2136 Sororem
1347 2074 1533 2128 uxoris
1589 2081 1692 2125 tute
1715 2070 1769 2124 in
1799 2067 2107 2137 pellicatum
2207 2061 2559 2116 hibitionihus
2581 2059 2918 2129 distinguita
2961 2058 3208 2113 caeteris?
3257 2057 3374 2114 Non
3398 2057 3800 2128 enim‘etqnod

537 2199 556 2232 α
591 2179 733 2232 illius
782 2191 889 2231 non
943 2172 1198 2242 accipies,
1251 2183 1352 2221 nec
1403 2163 1668 2218 revelabis
1725 2157 2109 2229 turpitudinem
2208 2151 2459 2222 prohibet
2497 2150 2565 2205 de
2588 2164 2758 2204 uxore
2783 2149 2972 2220 patris,
3024 2149 3128 2203 hoc
3155 2157 3258 2214 est,
3308 2149 3375 2203 de
3422 2163 3658 2204 noverca
3684 2149 3804 2202 viro

2212 2250 2363 2312 patre
2411 2240 2784 2310 accipiendum
2837 2248 3019 2303 esset,
3070 2248 3127 2293 et
3173 2254 3280 2294 non
3330 2239 3516 2308 potius
3571 2249 3801 2293 mortuo.

2214 2331 2348 2386 Nam
2370 2333 2492 2385 vivo
2517 2339 2689 2400 patre,
2724 2331 2844 2400 quis
2878 2345 2984 2385 non
3015 2331 3194 2385 videat
3219 2329 3388 2384 multo
3418 2331 3657 2384 maxime
3683 2345 3804 2400 pm.

2217 2423 2465 2487 hibitum,
2507 2422 2552 2474 si
2585 2418 2872 2488 cujuslibet
2897 2421 3132 2476 hominis
3159 2435 3300 2474 uxor
3329 2420 3506 2474 aliena
3539 2421 3803 2490 prohibita

2216 2525 2301 2570 est
2330 2513 2590 2568 maculari
2619 2512 2927 2567 adulterio?
2963 2512 3039 2566 De
3059 2512 3142 2566 his
3167 2511 3416 2580 personis
3435 2526 3569 2582 ergo
3597 2511 3806 2565 videtur

2217 2604 2382 2676 loqui,
2416 2619 2534 2674 quae
2573 2610 2796 2672 possent
2827 2617 2932 2658 non
2964 2603 3224 2657 habentes
3252 2602 3402 2656 viros
3443 2601 3499 2655 in
3529 2601 3809 2656 matrimo-

2219 2697 2368 2751 nium
2402 2695 2710 2760 convenire,
2758 2693 2863 2748 nisi
2896 2693 3012 2764 lege
3039 2692 3484 2763 prohiberentur,
3531 2692 3676 2748 sicut
3705 2691 3811 2749 fer-

2223 2794 2310 2840 tur
2347 2799 2467 2839 esse
2497 2783 2830 2838 consuetudo
2855 2782 3162 2837 Persarum.
3200 2782 3308 2837 Sed
3344 2797 3538 2838 rursus
3561 2783 3607 2836 si
3648 2781 3810 2837 fratre

2223 2883 2436 2929 mortuo
2462 2873 2885 2927 intellexerimus
2906 2872 3236 2942 prohibitum
3262 2887 3383 2928 esse
3403 2874 3602 2929 ducere
3629 2872 3810 2929 fratris

2224 2978 2468 3027 uxorem,
2492 2961 2732 3017 occurrit
2755 2961 2908 3027 illud,
2931 2962 3072 3030 quod
3099 2962 3367 3016 excitandi
3387 2963 3615 3018 seminis
3628 2976 3806 3026 causa,

2227 3054 2271 3107 si
2300 3053 2391 3107 ille
2415 3053 2532 3106 sine
2551 3051 2677 3106 ﬁliis
2700 3049 2985 3106 defunctus
3014 3059 3178 3118 esset,
3199 3051 3354 3121 jubet
3383 3052 3668 3124 Scriptura
3696 3068 3810 3110 esse

2228 3144 2527 3202 faciendum
2562 3163 2574 3197 :
2609 3159 2673 3198 ac
2698 3159 2795 3214 per
2817 3143 2920 3199 hoc
2946 3143 3141 3199 collata
3167 3145 3268 3199 ista
3300 3146 3665 3214 prohibitione
3692 3162 3808 3202 cum

2224 3237 2315 3292 illa
2356 3236 2614 3306 jussione,
2657 3250 2726 3288 ue
2769 3235 2999 3290 invicem
3037 3235 3413 3301 adversentur,
3465 3235 3807 3307 intelligenda

2225 3336 2308 3383 est
2328 3327 2595 3396 exceptio,
2616 3325 2670 3381 id
2695 3336 2800 3392 est,
2840 3341 2946 3380 non
2974 3326 3139 3381 licere
3163 3328 3418 3396 cuiquam
3445 3327 3687 3383 defuncti
3716 3327 3813 3382 fra-

2228 3419 2328 3472 tris
2353 3418 2551 3472 ducere
2579 3432 2822 3482 uxorem,
2855 3417 2901 3471 si
2925 3416 3210 3473 defunctus
3239 3429 3487 3489 posteros
3508 3420 3810 3488 dereliquit,

2229 3519 2322 3566 aut
2365 3512 2529 3566 etiam
2560 3509 2688 3564 illud
2737 3523 2856 3564 esse
2902 3510 3255 3578 prohibitum,
3308 3525 3374 3565 ne
3404 3511 3596 3567 liceret
3619 3512 3813 3567 ducere

2229 3598 2411 3653 fratris
2436 3612 2679 3661 uxorem,
2732 3598 2894 3651 etiam
2925 3613 3046 3666 quae
3080 3613 3112 3652 a
3157 3598 3326 3653 fratre
3367 3600 3490 3655 vivo
3531 3615 3635 3670 per
3664 3615 3815 3671 repu-

2231 3689 2377 3743 ditnn
2426 3688 2776 3753 recessisset;
2831 3697 2961 3743 tunc
2988 3689 3132 3743 enim
3181 3690 3322 3745 sicut
3367 3691 3632 3746 Dominus
3669 3692 3812 3758 dicit,

2239 3799 2256 3831 ‹
2279 3780 2362 3834 Ad
2389 3779 2643 3835 duritiam
2691 3777 3001 3833 Judaeorum
3030 3778 3240 3850 Moyses
3263 3781 3587 3850 permiserat
3613 3781 3727 3836 dari
3756 3780 3819 3836 li-

537 2290 556 2323 ι
587 2268 728 2338 ejus,
757 2267 934 2320 adhuc
958 2264 1048 2318 Illa
1080 2262 1293 2315 vivente
1335 2255 1480 2328 (Lev.
1506 2253 1685 2324 xvm).
1727 2271 1744 2302 ι
1776 2249 1941 2320 Cujus
1965 2246 2113 2317 capi-

533 2363 630 2419 tuli
660 2359 1073 2430 expositionem,
1126 2369 1193 2408 ex
1247 2349 1407 2405 dictis
1435 2346 1580 2402 beati
1625 2345 1796 2415 patris
1827 2339 2112 2412 Augustini

533 2455 623 2511 hic
667 2447 1094 2507 interserendam
1141 2457 1280 2506 esse,
1333 2437 1682 2494 censuimus:
1719 2441 1780 2488 ut
1809 2433 1982 2488 lector
2029 2445 2115 2484 so-

532 2545 704 2608 brius,
756 2539 872 2608 ejus
923 2535 1106 2593 sensui
1158 2549 1265 2589 non
1296 2531 1507 2588 diﬁldat
1536 2527 1758 2583 credere
1799 2533 1960 2594 atque
1987 2536 2116 2576 con-

534 2636 761 2698 sentire,
807 2645 967 2701 quem
1005 2627 1155 2682 videt
1173 2623 1327 2679 nullo
1376 2621 1536 2676 modo
1564 2635 1594 2672 a
1620 2615 1866 2672 veritatis
1895 2611 2114 2668 tramite

536 2725 775 2781 deviare.
808 2717 1248 2790 Turpitudinem,
1285 2713 1483 2784 inquit,
1539 2709 1709 2780 patris
1735 2708 1837 2772 tui,
1861 2713 1916 2760 et
1949 2703 2118 2774 turpi-

538 2815 784 2869 tudinem
815 2809 1008 2865 matris
1035 2817 1140 2860 tua:
1171 2820 1278 2859 non
1304 2801 1594 2858 revelabis.
1647 2796 1945 2868 Turpitudo
1971 2793 2115 2849 enim

538 2918 725 2960 eorum
752 2909 855 2955 est.
877 2898 1132 2954 Prohibet
1144 2911 1265 2950 cum
1283 2903 1455 2948 matre
1473 2890 1847 2948 concumbere.
1873 2887 1950 2941 lbi
1975 2885 2120 2940 enim

539 3003 624 3050 est
660 2989 938 3061 turpitudo
992 2986 1166 3057 patris
1191 2994 1247 3038 et
1273 2984 1488 3038 matris.
1528 2981 1662 3036 Nam
1690 2988 1974 3049 propterea
1999 2992 2123 3046 pro-

537 3085 691 3140 hibet
750 3089 806 3134 et
854 3091 1121 3140 noverca),
1169 3075 1260 3130 ubi
1319 3073 1493 3127 dicit:
1539 3070 1952 3141 Turpitudinem
1990 3083 2126 3122 uxo-

539 3176 617 3230 ris
678 3172 851 3244 patris
926 3170 1002 3225 tui
1071 3184 1180 3223 non
1249 3165 1518 3221 revelabis
1567 3182 1582 3219 :
1637 3163 1913 3234 turpitudo
1977 3161 2120 3216 enim

540 3265 712 3336 patris
757 3262 833 3317 tui
888 3268 992 3315 est.
1036 3257 1138 3314 Ubi
1175 3257 1449 3327 exposuit,
1510 3253 1780 3325 quomodo
1835 3252 1891 3307 in
1942 3260 2119 3306 matre

541 3353 760 3424 utrique
809 3350 882 3406 sit
943 3347 1236 3418 turpitudo,
1283 3345 1337 3399 id
1397 3353 1501 3410 est,
1539 3343 1710 3414 patris
1777 3350 1833 3396 et
1893 3341 2122 3396 matris:

544 3442 601 3498 in
638 3456 871 3497 noverca
929 3449 1130 3502 autem,
1198 3446 1408 3492 tantum
1468 3436 1660 3507 patris.
1711 3431 2125 3504 Turpitudinem

540 3533 746 3591 sororis
774 3539 878 3586 tua:
906 3544 971 3583 ex
999 3536 1151 3599 patre
1195 3535 1285 3582 tuo
1308 3565 1325 3594 ,
1357 3534 1449 3579 aut
1478 3540 1545 3579 ex
1599 3532 1773 3578 matre
1828 3531 1917 3576 tua
1945 3562 1960 3587 ,
2009 3536 2129 3591 quae

544 3624 691 3681 domi
746 3623 830 3678 vel
893 3621 1026 3675 foris
1079 3627 1206 3673 nata
1244 3626 1368 3681 est,
1423 3631 1529 3670 non
1581 3613 1865 3669 revelabis.
1936 3612 2130 3682 Turpi-

547 3717 674 3772 tudo
712 3715 856 3771 enim
886 3727 1071 3768 earum
1108 3719 1210 3765 est.
1257 3709 1387 3776 Quae.
1412 3708 1553 3764 domi
1585 3716 1711 3762 nata
1745 3715 1845 3772 est,
1877 3705 2133 3776 intelligi-

545 3815 636 3862 tur
657 3822 720 3861 ex
741 3813 894 3876 patre
921 3822 934 3857 :
965 3817 1083 3872 qua:
1115 3801 1248 3856 foris
1275 3807 1399 3854 nata
1429 3805 1534 3863 est,
1585 3797 1904 3868 intelligitur
1928 3812 1992 3852 ex
2019 3810 2130 3850 ma-

545 3903 666 3952 tre:
720 3897 767 3952 si
813 3895 950 3950 forte
984 3895 1050 3948 de
1079 3893 1244 3962 priori
1277 3891 1394 3945 viro
1437 3905 1558 3944 eam
1593 3897 1768 3944 mater
1798 3895 2130 3958 susceperat,

545 3995 603 4040 et
628 4001 751 4040 cum
801 3984 890 4037 illa
929 3983 983 4036 in
1021 3983 1239 4037 domum
1288 3989 1544 4044 venerat,
1593 3981 1808 4050 quando
1837 3979 1980 4050 patri
2016 3977 2135 4047 ejus

548 4073 834 4144 nupserit:
871 4072 1122 4140 quoniam
1161 4079 1338 4125 monet
1373 4070 1675 4140 Scriptura,
1710 4087 1776 4126 ne
1799 4071 1999 4124 revelet
2025 4079 2137 4123 tur-

549 4163 844 4233 pitudinem
875 4160 1076 4216 sororis
1102 4176 1235 4224 suae,
1274 4162 1364 4215 hic
1395 4161 1604 4215 videtur
1655 4177 1759 4215 non
1792 4161 2135 4231 prohibuisse

548 4265 606 4312 et
633 4253 786 4324 quasi
824 4251 1234 4324 praetermisisse
1289 4253 1628 4306 concubitum
1677 4269 1798 4308 cum
1842 4269 2028 4310 sorore
2070 4252 2139 4308 de

495 4347 498 4350 ’
551 4353 780 4416 utroque
806 4351 1030 4414 parente
1055 4351 1179 4396 nata
1207 4359 1219 4392 ε
1246 4357 1352 4395 non
1375 4341 1517 4395 enim
1544 4341 1672 4395 dicit
1697 4360 1708 4394 ε
1730 4342 2138 4412 Turpitudinem

550 4451 656 4492 non
683 4433 944 4491 revelabis
972 4433 1174 4487 sororis
1210 4440 1312 4485 tuae
1342 4446 1405 4485 ex
1436 4439 1590 4500 patre
1626 4439 1680 4484 et
1706 4446 1773 4484 ex
1819 4439 2013 4494 matre,
2042 4431 2136 4486 sed

550 4540 618 4583 ex
641 4533 794 4594 patre
822 4531 916 4578 aut
948 4537 1015 4578 ex
1045 4530 1238 4576 matre.
1271 4521 1469 4575 Verum
1493 4521 1613 4590 quis
1631 4535 1743 4573 non
1769 4521 1945 4574 videat
1969 4522 2132 4575 etiam

551 4617 682 4674 illud
708 4631 826 4672 esse
863 4612 1193 4684 prohibitum
1238 4611 1406 4666 multo
1446 4611 1719 4665 maxime?
1755 4611 1810 4664 Si
1839 4612 1982 4664 enim
2026 4627 2134 4664 non

553 4705 681 4761 licet
711 4703 915 4760 sororis
954 4699 1341 4770 turpitudinem
1388 4698 1629 4754 revelare
1669 4713 1734 4753 ex
1762 4697 2000 4768 quolibet
2038 4713 2135 4767 pa-

555 4804 709 4851 rente
732 4802 893 4859 nataa,
938 4799 1140 4862 quanto
1166 4789 1338 4861 magis
1359 4804 1426 4844 ex
1468 4798 1718 4859 utroque.
1767 4789 1906 4856 Quid
1931 4799 2015 4845 est
2037 4805 2136 4845 au-

557 4891 688 4951 tem,
714 4882 858 4954 quod
900 4882 1215 4952 interposita
1243 4879 1606 4950 prohibitione
1633 4879 1950 4934 concubitus
1974 4881 2137 4936 etiam

558 4989 682 5030 cum
708 4971 822 5028 suis
847 4971 1097 5039 neptibus
1115 4965 1238 5026 sive
1267 4970 1332 5026 de
1348 4969 1480 5034 filio,
1504 4969 1617 5025 sive
1647 4970 1713 5023 de
1742 4969 1874 5034 ﬁlia,
1897 4971 2141 5039 sequitur

556 5071 614 5119 et
639 5061 806 5118 dicit:
839 5059 1248 5129 Turpitudinem
1274 5060 1396 5115 ﬁlia:
1421 5059 1608 5114 uxoris
1634 5060 1802 5128 patris
1828 5059 1903 5114 tui
1926 5077 2031 5115 non
2057 5078 2142 5117 re-

557 5151 804 5211 velahis?
840 5151 900 5207 Si
946 5151 1090 5205 enim
1120 5150 1404 5220 hucusque
1446 5150 1691 5213 dixisset,
1725 5150 2144 5222 intelligeremus

557 5243 720 5301 etiam
743 5257 866 5299 cum
903 5240 1011 5296 ﬁlia
1041 5253 1286 5295 noverca:
1325 5240 1659 5310 prohibitum
1695 5239 1862 5294 fuisse
1885 5241 2143 5297 concubi-

558 5343 695 5401 tum,
733 5348 897 5405 quam
941 5347 1006 5386 ex
1037 5321 1217 5402 priore
1244 5332 1364 5387 viro
1396 5347 1626 5388 noverca
1674 5332 1992 5402 peperisset,
2041 5350 2140 5390 nec

503 5421 510 5428 ’
557 5423 720 5494 hujus
747 5425 839 5501 qui
868 5423 1203 5494 prohibetur,
1227 5409 1391 5478 soror
1417 5432 1560 5478 esset
1587 5420 1670 5476 vel
1695 5435 1758 5475 ex
1788 5432 1941 5490 patre
1969 5423 2051 5477 vel
2072 5439 2138 5478 ex

481 5517 486 5524 ’
561 5528 753 5572 matre.
804 5516 938 5572 Cum
980 5505 1108 5572 vero
1142 5513 1365 5580 addidit,
1395 5501 1515 5583 qua:
1546 5529 1613 5569 ex
1639 5514 1827 5570 eodem
1865 5523 2018 5584 patre
2052 5528 2139 5569 so-

503 5597 516 5606 ’
560 5624 653 5678 ror
679 5619 769 5664 tua
813 5616 918 5675 est,
947 5625 1051 5662 non
1086 5607 1350 5664 revelabis
1379 5606 1763 5676 turpitudinem
1802 5605 1940 5676 ejus,
1969 5607 2138 5661 mani-

565 5694 728 5751 festat
755 5699 819 5754 de
848 5711 1031 5755 sorore
1078 5697 1274 5753 factam
1321 5711 1442 5753 esse
1496 5697 1653 5750 istam
1699 5694 2137 5766 prohibitionem,

2233 3869 2429 3925 bellum
2453 3868 2661 3939 repudii
2685 3867 2879 3939 (Marc.
2904 3867 2991 3939 x);
3016 3887 3034 3919 ›
3068 3878 3124 3923 et
3159 3885 3256 3938 per
3275 3870 3416 3925 hanc
3450 3871 3816 3926 dimissionem

2233 3959 2409 4028 potuit
2431 3959 2607 4027 putari
2653 3957 2795 4026 quod
2841 3956 2989 4012 licite
3018 3958 3300 4027 quisquam
3351 3960 3453 4014 sibi
3481 3975 3709 4016 uxorem
3732 3976 3821 4016 co-

2234 4047 2446 4116 pularet
2492 4046 2677 4101 fratris
2709 4064 2722 4100 :
2775 4044 2867 4099 ubi
2896 4046 3219 4101 adulterium
3262 4063 3369 4101 non
3408 4049 3658 4113 timeret,
3691 4064 3815 4120 quo-

2238 4139 2384 4192 niam
2414 4137 2637 4206 repudio
2663 4137 3022 4192 discessisset.
3083 4155 3100 4188 ‹
3136 4137 3549 4208 Turpitudinem
3581 4139 3822 4196 mulieris

2238 4237 2294 4284 et
2320 4228 2442 4282 ﬁliae
2483 4227 2600 4296 ejus
2633 4243 2738 4282 non
2774 4226 3092 4282 revelabis.»
3136 4226 3194 4282 ld
3222 4236 3327 4293 est,
3376 4243 3445 4283 ne
3479 4238 3634 4298 putet
3683 4230 3826 4298 quis-

2241 4335 2402 4391 quam
2452 4319 2614 4373 licere
2645 4319 2748 4373 sibi
2778 4319 2976 4373 ducere
3017 4318 3183 4372 filiam
3231 4320 3417 4373 uxoris
3464 4335 3599 4374 suae.
3650 4319 3822 4375 Simul

2249 4431 2268 4462 ε
2303 4411 2447 4465 enim
2477 4410 2719 4464 mulieris
2755 4417 2810 4462 et
2840 4408 2961 4463 ﬁlire
2980 4407 3116 4477 ejus,
3159 4425 3265 4463 non
3295 4409 3419 4464 licet
3450 4410 3695 4467 revelare
3723 4420 3859 4466 tur-'

2239 4502 2534 4572 pitudinem
2560 4502 2698 4571 ejus,
2729 4521 2747 4552 ι
2799 4501 2852 4555 id
2899 4511 2983 4555 est
3012 4501 3273 4555 ambabus
3303 4502 3520 4557 misceri
3547 4542 3562 4567 ,
3589 4511 3647 4557 et
3669 4503 3822 4558 matri

2239 4604 2294 4647 et
2323 4592 2462 4646 ﬁliae.
2514 4611 2532 4642 ι
2571 4591 2760 4645 Filiam
2785 4591 2880 4645 ﬁlii
2909 4592 3028 4660 ejus
3047 4602 3103 4645 et
3132 4591 3296 4646 ﬁliam
3319 4593 3443 4647 ﬁlia:
3463 4594 3584 4662 ejus
3615 4611 3721 4650 non
3741 4611 3826 4650 ac-

2240 4685 2449 4755 cipies;
2495 4703 2512 4736 ι
2547 4684 2708 4738 etiam
2742 4691 2958 4752 neptem
3013 4683 3200 4738 uxoris
3230 4685 3296 4738 de
3336 4683 3449 4739 ﬁlio
3499 4685 3589 4740 vel
3615 4685 3685 4741 de
3719 4685 3822 4740 ﬁlia

2244 4783 2366 4838 duci
2409 4782 2683 4852 prohibuit
2725 4795 2967 4836 uxorem.
3028 4801 3045 4833 ι
3082 4781 3256 4852 Super
3306 4799 3534 4841 uxorem
3587 4801 3823 4843 sororem

2244 4873 2360 4942 ejus
2395 4890 2499 4928 non
2527 4873 2760 4944 accipies
2789 4873 2840 4926 in
2870 4872 3067 4927 zelum.
3107 4891 3124 4925 ι
3167 4872 3268 4928 Hic
3291 4889 3398 4930 non
3432 4876 3712 4945 prohibuit
3734 4893 3823 4933 su-

2243 4963 2555 5034 perducere,
2605 4963 2746 5032 quod
2786 4961 2982 5018 licebat
3029 4963 3267 5032 antiquis
3290 4975 3514 5034 propter
3551 4968 3824 5022 abundan-

2245 5060 2372 5113 tiam
2395 5055 2819 5125 propagationis.
2845 5053 2952 5113 Sed
2975 5069 3217 5110 sororem
3244 5058 3419 5111 sorori
3450 5056 3625 5113 noluit
3644 5069 3822 5128 super-

2246 5147 2389 5212 duci,
2421 5147 2563 5218 quod
2587 5146 2800 5200 videtur
2832 5144 3025 5202 fecisse
3051 5145 3220 5202 Jacob
3250 5165 3269 5219 :v
3297 5149 3412 5203 sive
3438 5148 3567 5217 quia
3593 5148 3821 5204 nondum

2247 5237 2423 5316 fuerat
2458 5238 2576 5307 lege
2616 5237 2968 5306 prohibitum,
3002 5238 3114 5293 sive
3147 5238 3273 5308 quia
3305 5239 3587 5308 supposita
3611 5237 3823 5294 alterius

2251 5329 2461 5396 fraude,
2503 5329 2758 5397 deceptus
2778 5337 2880 5382 est.
2913 5329 2984 5382 At
3022 5328 3109 5383 illa
3137 5328 3408 5400 magisde
3426 5329 3632 5399 placito
3653 5328 3822 5383 venio-

2249 5422 2366 5488 bat,
2393 5436 2551 5490 quam
2582 5421 2852 5491 posterius
2873 5419 3079 5490 accepit
3109 5437 3121 5472 :
3148 5421 3242 5474 sed
3264 5420 3521 5490 injustum
3548 5429 3663 5475 erat
3683 5418 3820 5489 prio-

2251 5508 2614 5574 remdimitti,
2646 5521 2721 5564 ne
2764 5507 2971 5564 faceret
3002 5523 3120 5582 eam
3163 5493 3448 5566 mmehari.
3497 5511 3609 5566 Hoc
3646 5517 3821 5565 autem

2251 5604 2392 5675 quod
2428 5604 2533 5669 ait,
2582 5605 2637 5657 in
2666 5600 2876 5668 zelum';
2917 5611 3097 5657 utrum
3134 5603 3255 5658 ideo
3283 5599 3623 5675 positumest
3658 5583 3721 5656 ne
3749 5599 3823 5654 sit

2251 5695 2397 5753 zelus
2419 5697 2558 5752 inter
2594 5711 2809 5752 sorores
2832 5694 2976 5767 quod
3003 5696 3146 5751 inter
3174 5694 3288 5753 mas
3321 5682 3674 5768 quaeeorum
3715 5705 3822 5749 nan
