4028 6196
503 339 642 395 ΝΙυὸ

1135 331 1197 386 Β.
1237 328 1486 386 ΒΑΒΛΝΙ
1527 322 1747 379 MAURI
1787 321 2105 377 ARCHIEP.
2146 317 2777 376 MOGUNT.‘0PERUM
2815 316 2991 371 PARS
3025 314 3090 370 Il.

3610 315 3636 367 1
3648 313 3761 368 090'

507 475 526 507 ι
557 448 901 510 honorabiles
934 453 1056 500 sunt
1091 441 1309 511 nuptiae,
1336 449 1400 492 et
1457 439 1644 492 tliorus
1695 434 2070 504 immaculatus
2096 441 2144 498 Α
2177 433 2490 502 simpliciter
2512 431 2662 500 posui
2694 448 2706 484 :
2742 447 2848 484 non
2875 427 3232 500 praeiudicans
3256 430 3414 483 atteri
3439 429 3642 482 melius
3674 430 3758 482 in-

499 543 658 618 (Heli.
689 537 830 608 xm).
870 556 888 586 ι
921 534 1042 588 ideo
1079 529 1444 584 Christianum
1493 528 1647 582 decet
1675 525 1855 580 omnia
1897 525 2065 618 hone-

499 613 582 692 ste
611 643 666 688 et
687 627 982 686 secundum
1005 622 1247 678 ordinem
1295 619 1496 674 facere.
1525 618 1639 687 Ego
1673 630 1909 685 quoque,
1936 613 2062 682 quia

497 741 565 782 ex
593 736 715 779 meo
733 719 935 787 aliquid
955 715 1164 770 noviter
1190 727 1298 766 non
1322 725 1483 764 ausus
1503 725 1624 762 sum
1652 707 1919 776 proferre,
1949 719 2064 758 ma-

498 810 672 883 jorum
695 807 893 875 scripta
933 802 1018 856 vel
1049 802 1212 862 dicta,
1263 798 1554 862 secundum
1585 796 1638 850 id
1687 795 1829 864 quod
1861 792 2060 856 inveni,

2172 523 2453 593 telligenti.
2474 521 2552 576 De
2579 522 2661 575 his
2687 522 2888 575 sentiat
2926 521 3154 588 quisque
3180 520 3320 588 quod
3351 519 3479 573 velit
3504 537 3518 569 :
3549 519 3630 572 ita
3666 529 3757 573 ta-

2176 631 2319 677 men,
2353 623 2412 668 ιιι
2438 613 2817 667 discretionem
2848 612 2902 666 in
2944 611 3166 680 judicio,
3218 619 3274 664 et
3299 611 3588 673 veritatem
3611 625 3756 666 con-

2173 715 2353 760 servet
2382 705 2436 758 in
2459 705 2620 758 facto.

501 932 3744 974 ΝΜ

1538 1070 1666 1143 DE
1742 1063 2158 1143 MAGICIS
2234 1061 2703 1137 ARTIBUS.

570 1279 646 1333 De
673 1273 896 1345 magicis
938 1281 1117 1325 autem
1154 1268 1361 1324 artibus
1392 1275 1554 1335 atque
1588 1261 2061 1326 incantationibus,

495 1376 552 1422 et
577 1367 643 1422 de
663 1361 1136 1434 superstitionibus
1159 1357 1404 1420 diversis,
1433 1371 1568 1423 quos
1603 1353 1830 1424 gentiles
1854 1361 1903 1407 et
1947 1351 2067 1405 falsi

493 1454 788 1512 Christiani
819 1454 872 1507 in
911 1449 1328 1506 divinationibus
1363 1447 1492 1500 .suis
1520 1453 1574 1498 et
1601 1443 2069 1498 observationibus

495 1545 773 1618 perversis
797 1542 950 1611 sequi
971 1541 1249 1601 videntur,
1283 1536 1412 1605 quid
1441 1534 1526 1590 lex
1548 1535 1724 1588 divina
1753 1532 1976 1594 sanciat,
2011 1531 2064 1584 in

493 1635 818 1689 auctoritate
850 1631 1060 1684 Veteris
1102 1626 1432 1682 Testamenti
1485 1639 1548 1678 ac
1577 1623 1728 1686 Novi,
1788 1621 1946 1676 facile
1983 1628 2067 1675 est

496 1725 760 1781 invenire.
792 1723 1104 1776 Detestatur
1121 1718 1265 1774 enim
1296 1732 1390 1771 eos
1411 1716 1496 1770 lex
1521 1716 1704 1770 divina
1731 1733 1743 1767 :
1772 1730 1891 1783 qua:
1919 1714 1972 1766 in
2004 1713 2067 1766 li-

497 1823 597 1876 bro
643 1817 813 1872 Exodi
863 1816 936 1870 ita
969 1814 1140 1868 dicit:
1185 1832 1203 1864 ι
1239 1810 1510 1865 Maleﬁcos
1535 1810 1589 1862 in
1635 1818 1776 1862 terra
1826 1817 1914 1862 tua
1961 1821 2066 1861 non

503 1931 520 1962 ε
556 1909 778 1979 patieris
810 1907 993 1960 vivere
1045 1903 1240 1974 (Exod.
1291 1901 1461 1972 xxu);
1506 1920 1523 1951 ι
1578 1907 1634 1953 et
1689 1900 1818 1952 item
1867 1917 1931 1950 ε(
1967 1897 2068 1963 Qui
2113 1916 2115 1919 ·

503 2017 522 2050 ι
555 1997 815 2061 immolat,
847 1996 941 2059 ait,
975 1995 1100 2059 diis,
1138 1992 1434 2054 occidetur,
1465 1999 1661 2059 praeter
1689 1988 1916 2042 Domino
1967 1987 2067 2041 soli

506 2108 524 2139 ι
560 2086 771 2159 (Ibid.).
813 2106 831 2137 ι
859 2086 926 2140 Et
950 2085 1004 2138 in
1031 2083 1268 2138 Levitico
1294 2100 1307 2134 :
1344 2102 1362 2132 ›
1391 2080 1504 2135 Non
1532 2079 1848 2144 comedetis,
1874 2078 2064 2147 inquit,

504 2197 524 2229 ι
559 2191 779 2232 carnem
801 2190 926 2230 cum
951 2175 1229 2243 sanguine.
1256 2170 1372 2226 Non
1401 2171 1812 2241 augurabimini,
1851 2186 1951 2225 nec
1975 2171 2068 2224 ob-

504 2266 844 2322 «servabitis
886 2265 1132 2318 somnia:
1159 2271 1216 2318 et
1253 2277 1414 2331 super
1447 2271 1658 2316 mortuo
1696 2277 1800 2316 non
1824 2261 2069 2315 incidetis

502 2375 533 2411 ι,
555 2370 772 2412 carnem
792 2362 1029 2410 vestram
1056 2373 1068 2408 :
1099 2367 1272 2421 neque
1292 2351 1492 2421 figuras
1513 2351 1721 2420 aliquas
1736 2361 1790 2405 et
1805 2351 2058 2422 stigmata

501 2429 766 2503 (facietis
789 2447 960 2501 vobis.
985 2445 1098 2514 Ego
1125 2443 1384 2498 Dominus
1407 2440 1551 2512 (Leo.
1592 2441 1730 2512 xu).
1767 2462 1785 2494 ι
1816 2442 1883 2496 Et
1904 2443 2063 2496 item:

500 2558 524 2592 ι
560 2540 675 2595 Non
725 2537 1083 2598 declinabitis,
1133 2535 1230 2600 ait,
1262 2535 1329 2590 ad
1357 2549 1566 2604 magos,
1607 2547 1706 2586 nec
1733 2534 1800 2587 ab
1847 2532 2068 2587 hariolis

501 2649 522 2682 ι
560 2628 760 2697 aliquid
774 2627 1148 2691 sciscitemini,
1164 2634 1224 2679 ut
1254 2625 1566 2695 polluamini
1581 2639 1678 2693 per
1691 2638 1784 2678 eos
1801 2623 1987 2696 (Ibid.)
2007 2641 2022 2688 ;
2044 2642 2063 2675 ι

500 2737 522 2772 t
550 2728 608 2772 et
643 2718 770 2771 item
801 2734 815 2769 :
849 2736 868 2767 ‹
907 2714 1244 2783 Vir,.inquit,
1278 2715 1390 2769 sive
1428 2713 1639 2777 mulier,
1674 2714 1727 2767 in
1751 2713 1945 2782 quibus
1967 2727 2066 2782 py-

503 2825 522 2858 c
555 2806 806 2861 thonicus
833 2804 919 2859 vel
973 2804 1322 2858 divinationis
1371 2803 1536 2858 fuerit
1586 2803 1844 2872 spiritus,
1896 2813 2070 2858 morte

2171 1267 2351 1313 autem
2382 1257 2471 1312 iﬁe
2516 1257 2778 1326 propheta
2820 1253 3001 1320 fuerit,
3034 1254 3186 1323 cuius
3231 1271 3510 1312 sermones
3552 1259 3748 1315 audire

2171 1350 2384 1411 debent,
2412 1357 2467 1401 et
2492 1349 2576 1401 cui
2607 1357 2712 1402 tota
2735 1346 3028 1400 intentione
3061 1347 3224 1401 animi
3249 1349 3609 1403 obediendum
3640 1360 3745 1416 est,

2172 1449 2321 1510 patet
2353 1454 2476 1494 cum
2507 1438 2561 1491 in
2587 1437 2873 1506 Evangelio
2918 1436 3111 1505 legitur
3136 1439 3276 1506 quod
3302 1439 3454 1493 turba
3503 1439 3744 1495 ﬁdelium

2171 1530 2359 1584 videns
2391 1527 2645 1582 miracula
2671 1535 2724 1582 et
2750 1527 2900 1597 signa
2927 1543 3046 1597 qua:
3080 1527 3306 1582 faciebat
3333 1527 3510 1594 Jesus,
3541 1529 3746 1584 clama-

2167 1631 2252 1677 ret
2269 1623 2454 1676 dicens
2487 1640 2498 1674 :
2541 1639 2559 1672 t
2608 1621 2747 1675 Vere
2792 1621 2878 1674 hic
2920 1629 3002 1675 est
3037 1621 3318 1689 propheta,
3348 1621 3438 1690 qui
3480 1631 3746 1676 venturus

2173 1728 2190 1760 ι
2238 1719 2321 1765 est
2360 1710 2412 1764 in
2443 1711 2584 1764 hunc
2607 1709 2862 1762 mundum
2902 1708 3082 1778 (Joan.
3119 1708 3217 1779 vt).
3255 1730 3272 1760 ι
3303 1709 3368 1764 Et
3408 1711 3535 1765 alibi
3575 1711 3644 1765 de
3674 1725 3742 1765 eo

2165 1799 2426 1868 scriptum
2447 1806 2564 1852 est:
2603 1815 2620 1847 ι
2655 1796 2878 1866 Accepit
2903 1806 3086 1850 autem
3111 1813 3300 1852 omnes
3327 1799 3510 1862 timor,
3539 1809 3596 1852 et
3623 1814 3739 1852 ma-

2173 1906 2191 1939 t
2235 1887 2563 1956 gniﬁcabant
2603 1887 2774 1940 Deum
2825 1887 3108 1940 dicentes:
3151 1887 3289 1952 Quia
3336 1889 3595 1956 propheta
3624 1903 3743 1940 ma-

2169 1996 2190 2029 ‹
2237 1994 2374 2049 gnus
2420 1978 2657 2031 surrexit
2691 1977 2745 2029 in
2791 1975 2946 2030 nobis
2988 1995 2999 2028 :
3041 1986 3096 2030 et
3151 1977 3276 2046 quia
3325 1976 3466 2031 Deus
3504 1978 3745 2031 visitavit

2173 2087 2191 2119 ι
2237 2068 2447 2137 plebem
2497 2082 2647 2121 suam
2677 2065 2827 2137 (Luc.
2858 2066 2978 2137 vn).
3017 2086 3034 2116 ι
3079 2065 3176 2121 Hic
3206 2081 3335 2137 ergo
3369 2069 3657 2137 propheta,
3689 2076 3747 2122 et

2168 2157 2428 2212 Dominus
2468 2156 2709 2212 omnium
2736 2157 3138 2224 prophetarum,
3157 2157 3250 2225 qui
3277 2165 3358 2211 est
3399 2158 3501 2218 via,
3536 2157 3743 2213 veritas

2166 2255 2222 2301 et
2245 2247 2378 2310 vita,
2407 2244 2656 2301 conditor
2695 2246 2974 2314 utriusque
3023 2247 3355 2311 testamenti,
3410 2262 3518 2300 non
3567 2247 3739 2303 solum

2169 2337 2223 2391 in
2248 2336 2437 2398 veteri,
2475 2336 2567 2390 sed
2595 2336 2761 2389 etiam
2794 2335 2848 2389 in
2892 2350 3028 2390 novo
3057 2351 3244 2390 omnes
3274 2351 3493 2391 errores
3517 2345 3572 2391 et
3600 2337 3737 2392 divi-

2169 2427 2414 2481 nationes
2437 2435 2598 2496 atque
2644 2433 2788 2480 artes
2818 2425 3006 2478 noxias
3042 2426 3246 2494 respuit
3291 2435 3456 2495 atque
3483 2425 3740 2480 condem-

2166 2526 2262 2569 nat
2287 2533 2300 2568 :
2329 2530 2428 2570 nec
2458 2516 2526 2570 ab
2556 2513 2662 2568 alio
2691 2529 2852 2582 quam
2901 2530 2930 2568 a
2983 2529 3041 2568 se
3090 2515 3294 2584 requiri
3325 2516 3608 2570 veritatem
3647 2526 3738 2570 aut

2167 2607 2456 2660 sanitatem
2483 2605 2616 2671 vult,
2645 2605 2770 2674 quia
2810 2605 2924 2675 ipse
2951 2620 3072 2659 cum
3110 2605 3272 2660 Patre
3309 2613 3364 2660 et
3395 2605 3598 2676 Spiritu
3620 2621 3740 2660 san-

2169 2706 2281 2761 cto,
2307 2711 2448 2751 unus
2471 2711 2632 2751 verus
2651 2705 2812 2764 atque
2839 2697 3177 2765 omnipotens
3211 2705 3296 2750 est
3327 2696 3489 2761 Deus,
3536 2696 3736 2752 faciens

2170 2787 2440 2843 mirabilia
2461 2801 2653 2854 magna
2680 2787 2848 2840 solus.
2879 2786 3028 2842 Unde
3056 2795 3110 2841 et
3151 2787 3205 2841 in
3233 2787 3524 2858 Evangelia
3549 2801 3734 2842 omnes

504 2913 524 2947 ι
557 2895 883 2958 moriantur,
912 2893 1181 2961 lapidibus
1202 2895 1436 2948 obruent
1460 2909 1555 2948 eos
1581 2912 1593 2946 :
1620 2893 1839 2963 sanguis
1881 2907 2069 2948 eorum
2097 2918 2141 2980 ρ
2171 2880 2324 2980 εει-δε
2352 2879 2543 2980 infit!“
2569 2879 2793 2980 dicens-1
2831 2897 2850 2928 ι
2888 2879 3086 2980 Ὺθυίιθ
3111 2879 3176 2933 ad
3215 2893 3301 2980 mf
3327 2893 3518 2980 911³⁸1⁸⁵
3543 2877 3728 2980 qui":

501 3003 522 3038 ι
557 2986 630 3039 sit
655 2999 816 3054 super
839 2997 934 3038 eos
963 2982 1106 3053 (Leu.
1135 2983 1252 3054 xx).
1288 3005 1307 3034 ι
1336 2985 1392 3037 ln
1411 2985 1832 3038 Deuteronomio
1856 2999 2069 3056 quoque

502 3075 579 3130 sic
598 3073 766 3128 dicit:
797 3091 817 3124 ‹
873 3071 1103 3138 Quando
1149 3074 1429 3143 ingressus
1478 3073 1876 3128 fueristerram
1908 3089 2069 3144 quam

505 3183 524 3218 ι
558 3166 817 3221 Dominus
853 3165 996 3220 Deus
1053 3173 1176 3218 tuus
1234 3165 1382 3219 dabit
1420 3165 1536 3230 tibi,
1593 3180 1724 3220 cave
1752 3180 1820 3220 ne
1866 3164 2070 3219 imitari

505 3272 526 3305 ι
560 3253 694 3308 velis
712 3251 1144 3308 abominationes
1163 3253 1374 3306 illarum
1402 3254 1638 3321 gentium
1666 3274 1679 3307 :
1710 3269 1808 3308 nec
1829 3253 2071 3308 invenia-

505 3362 528 3397 t
560 3351 648 3399 tur
676 3344 729 3398 in
757 3353 809 3398 te
845 3344 934 3413 qui
958 3343 1153 3398 lustret
1181 3342 1348 3396 ﬁliutn
1392 3359 1573 3408 suum,
1604 3353 1697 3398 aut
1721 3343 1886 3398 ﬁliam
1915 3359 2069 3399 suam

504 3451 531 3488 ε
559 3434 766 3490 ducens
782 3449 878 3503 per
897 3434 1107 3503 ignem,
1132 3441 1228 3486 aut
1253 3433 1344 3501 qui
1373 3433 1611 3488 hariolos
1661 3434 1990 3500 sciscitetur,
2018 3445 2074 3490 et

504 3524 810 3580 t-observet
833 3523 1040 3576 somnia
1067 3530 1232 3590 atque
1261 3522 1504 3591 auguria.
1536 3521 1652 3575 Non
1680 3523 1754 3576 sit
1795 3522 2072 3578 maleficus

504 3628 731 3683 «neque
775 3613 1102 3676 incantator,
1149 3596 1321 3679 neque
1346 3611 1436 3679 qui
1484 3613 1751 3682 pythones
1801 3615 2070 3680 consulat,

508 3721 533 3753 «η
565 3717 736 3771 neque
787 3703 1036 3757 divinos:
1077 3709 1134 3755 et
1182 3709 1392 3769 quaerat
1417 3717 1446 3754 a
1477 3702 1704 3756 mortuis
1762 3704 2070 3759 veritatem.

509 3811 527 3846 ε
563 3791 758 3848 Omnia
806 3801 986 3846 autem
1033 3792 1148 3846 lit-ec
1174 3792 1518 3846 abominatur
1563 3791 1847 3861 Dominus,
1874 3804 1929 3850 et
1957 3813 2076 3870 pro-

508 3903 528 3936 ‹
563 3892 684 3955 pter
727 3883 1031 3939 istiusmodi
1089 3883 1326 3948 scelera,
1371 3883 1570 3939 delebit
1617 3899 1711 3940 eos
1749 3885 1803 3940 in
1853 3887 2075 3942 introitu

507 3991 529 4025 ι
562 3982 672 4027 tuo.
706 3971 980 4026 Perfectus
1007 3971 1135 4036 eris,
1187 3980 1243 4025 et
1291 3973 1494 4042 absque
1526 3974 1763 4039 macula,
1809 3991 1933 4030 cum
1965 3977 2074 4031 Do-

509 4080 530 4116 t
563 4063 711 4118 mino
731 4061 842 4116 Deo
871 4071 980 4115 tuo.
1010 4061 1209 4117 Gentes
1255 4063 1372 4117 ista:
1400 4079 1629 4133 quarum
1654 4066 1952 4134 possidebis
1973 4075 2080 4122 ter-

511 4167 535 4203 ι
566 4165 704 4214 ram,
733 4163 966 4219 augures
987 4157 1043 4204 et
1089 4150 1300 4206 divinos
1326 4153 1554 4208 audiunt
1580 4171 1595 4208 :
1626 4163 1681 4208 tu
1707 4165 1886 4211 autem
1909 4173 1941 4212 a
1971 4159 2078 4213 Do-

511 4259 532 4293 r
571 4241 718 4295 mino
749 4240 858 4295 Deo
901 4247 998 4294 tuo
1024 4239 1182 4294 aliter
1209 4241 1492 4296 institutus
1520 4257 1582 4297 es
1626 4243 1803 4313 (Deut.
1833 4247 2012 4318 xvm).
2043 4267 2064 4301 ι

504 4331 574 4386 Ει
594 4331 722 4400 quid
751 4330 1080 4400 sequendum
1110 4330 1182 4384 sit
1225 4329 1308 4384 vel
1349 4331 1759 4398 obaudiendum,
1789 4351 1914 4390 mox
1941 4338 2067 4393 sub—

2177 2987 2197 3020 ‹
2241 2969 2447 3026 boratis
2484 2979 2541 3023 et
2567 2968 2952 3032 oneratiestis,
2979 2978 3034 3022 et
3060 2983 3159 3038 ego
3193 2968 3434 3023 reﬁciam
3468 2982 3582 3022 vos.
3613 2967 3736 3022 Tol-

2176 3073 2196 3107 ‹
2240 3057 2333 3112 lite
2349 3057 2539 3128 jugum
2565 3070 2744 3112 meum
2776 3071 2939 3126 super
2967 3073 3086 3122 vos,
3113 3067 3168 3112 et
3205 3059 3397 3113 discite
3439 3073 3468 3111 a
3497 3073 3584 3113 me
3608 3058 3734 3126 quia

2177 3163 2197 3198 ι
2241 3145 2390 3201 mitis
2414 3162 2534 3200 sum
2563 3153 2618 3201 et
2645 3144 2862 3199 humilis
2899 3146 3078 3211 corde,
3114 3154 3172 3200 et
3189 3147 3474 3202 invenietis
3501 3147 3740 3217 requiem

2178 3258 2198 3292 ι
2242 3240 2524 3297 animabus
2550 3241 2760 3300 vestris.
2791 3239 2982 3308 Jugum
3034 3241 3177 3295 enim
3217 3257 3396 3296 meum
3448 3257 3613 3296 suave
3639 3251 3739 3305 est,

2177 3348 2212 3383 ι.
2240 3339 2295 3386 et
2324 3347 2461 3386 onus
2493 3345 2669 3385 meum
2707 3333 2822 3386 leve
2853 3330 3067 3401 (Matth.
3097 3331 3207 3402 1|);
3239 3351 3259 3384 ι
3284 3340 3342 3387 et
3374 3332 3501 3386 item
3531 3351 3546 3387 :
3582 3350 3602 3384 ί
3631 3332 3742 3403 Ego

2178 3441 2198 3476 ι
2244 3440 2385 3489 sum,
2433 3425 2628 3493 inquit,
2679 3423 2769 3478 lux
2805 3423 3008 3477 mundi.
3043 3422 3440 3494 Qui-sequitur
3486 3438 3595 3488 me,
3637 3437 3739 3478 non

2178 3535 2197 3568 ι
2240 3517 2479 3572 ambulat
2528 3517 2581 3570 in
2633 3515 2888 3580 tenebris,
2951 3507 3045 3571 sed
3098 3516 3315 3571 habebit
3373 3516 3557 3570 lumen
3620 3515 3740 3569 vita:

2179 3628 2197 3661 ι
2246 3608 2456 3680 (lbid.).
2499 3629 2517 3660 ι
2555 3608 2652 3662 Hic
2677 3623 2805 3678 ergo
2824 3609 2976 3677 juxta
3000 3607 3150 3662 Pauli
3188 3595 3529 3670 sententiam,
3565 3606 3739 3661 salva-

2174 3708 2262 3752 tor
2288 3705 2370 3752 est
2393 3698 2633 3752 omnium
2662 3697 2939 3751 hominum
2973 3696 3208 3750 maxime
3237 3695 3494 3750 ﬁdelium.
3536 3697 3610 3751 De
3633 3711 3736 3766 quo

2173 3798 2228 3842 et
2257 3787 2451 3841 Petrus
2479 3788 2554 3841 ait
2584 3807 2596 3839 ;
2641 3805 2659 3837 ι
2705 3786 2822 3841 Non
2846 3795 2938 3841 est.
2959 3788 3104 3841 enim
3131 3785 3278 3841 aliud
3323 3802 3519 3842 nomen
3558 3789 3739 3843 datum

2181 3897 2200 3930 ι
2243 3879 2549 3933 hominibus
2577 3893 2739 3947 super
2764 3887 2987 3942 terram,
3020 3879 3074 3933 in
3101 3894 3208 3948 quo
3234 3889 3480 3949 oporteat
3499 3881 3742 3951 homines

2183 3989 2200 4022 ι
2240 3970 2416 4025 salvos
2444 3970 2558 4024 ﬁeri
2583 3968 2718 4040 (Act.
2751 3969 2848 4039 tv).
2885 3990 2904 4022 ι
2937 3969 2994 4024 In
3019 3985 3126 4039 quo
3146 3971 3309 4024 etiam
3343 3972 3582 4038 nomine,
3611 3988 3743 4042 quo-

2175 4062 2305 4116 tidie
2338 4059 2491 4130 signa
2528 4075 2721 4128 magna
2747 4069 2803 4112 et
2833 4061 3090 4114 sanitates
3130 4059 3184 4113 in
3220 4060 3459 4115 Ecclesia
3485 4075 3586 4130 per
3613 4076 3737 4116 ora-

2177 4149 2351 4204 tiones
2389 4147 2625 4202 ﬁdelium
2674 4145 2850 4201 ﬁunt:
2883 4148 3138 4218 quoniam
3181 4149 3292 4217 ipse
3329 4149 3604 4220 discipulis
3632 4151 3744 4205 suis

2177 4241 2232 4298 in
2253 4240 2542 4309 Evangelio
2570 4240 2687 4293 ait:
2733 4257 2750 4290 ‹
2795 4239 2936 4294 Ecce
2970 4254 3070 4308 ego
3109 4239 3178 4294 do
3223 4239 3375 4295 vobis
3420 4249 3740 4311 potestatem

2183 4350 2202 4383 ι
2244 4329 2484 4387 calcandi
2511 4344 2670 4398 super
2695 4337 2974 4399 serpentes
3020 4337 3074 4384 et
3109 4331 3440 4400 scorpiones,
3482 4339 3537 4386 et
3582 4345 3741 4401 supra

509 4420 757 4489 sequitur
803 4419 988 4474 dicens
1017 4436 1030 4471 :
1070 4437 1088 4470 ‹
1123 4417 1450 4488 Prophetam
1487 4419 1554 4473 de
1608 4430 1765 4491 gente
1819 4431 1907 4477 tua
1928 4432 1982 4480 et
2005 4426 2072 4480 de
2097 4411 2152 4471 D
2183 4441 2203 4474 ‹
2242 4437 2455 4478 omnem
2484 4420 2735 4475 virtutem
2764 4418 2986 4474 inimici.
3026 4418 3228 4474 Euntes
3261 4421 3552 4490 praedicata
3575 4421 3746 4475 Evan-

513 4527 533 4560 ι
571 4507 828 4562 fratribus
865 4507 988 4568 tuis,
1039 4506 1180 4561 sicut
1229 4521 1316 4560 me
1371 4507 1653 4563 suscitabit
1698 4511 1793 4565 tibi
1820 4511 2076 4570 Dominus

513 4615 534 4652 ε
564 4600 706 4654 Deus
726 4606 866 4652 tuus.
900 4599 1076 4667 Ipsum
1101 4599 1305 4662 audies,
1336 4607 1395 4653 ut
1438 4601 1618 4669 petisti
1647 4615 1677 4654 a
1700 4601 1925 4659 Domino
1967 4605 2077 4660 Deo

517 4705 537 4738 ι
573 4697 664 4741 tuo
695 4688 748 4741 in
779 4687 973 4750 Horcb,
1002 4688 1218 4755 quando
1240 4689 1428 4742 concio
1457 4699 1780 4760 congregata
1807 4699 1889 4746 est
1916 4701 2078 4762 atque

517 4793 536 4826 ι
565 4775 791 4830 dixisti:
822 4775 973 4830 Ultra
1001 4791 1108 4830 non
1131 4776 1344 4831 audiam
1368 4792 1552 4832 vocem
1581 4779 1787 4834 Domini
1816 4781 1907 4836 Dei
1932 4783 2076 4848 mei;

517 4881 540 4915 ς
561 4871 626 4917 et
669 4863 847 4932 ignem
869 4865 1016 4919 hunc
1040 4865 1334 4921 maximum
1365 4869 1598 4936 amplius
1625 4886 1730 4925 non
1765 4872 1978 4938 videbo,
2011 4889 2078 4928 ne

519 4971 540 5004 ι
572 4953 795 5018 moriar,
840 4960 896 5007 et
945 4955 1022 5012 ait
1045 4956 1176 5010 mihi
1218 4957 1526 5014 Dominus:
1557 4959 1708 5014 Bene
1735 4962 1915 5015 omnia
1953 4971 2078 5017 sunt

519 5062 538 5096 ι
574 5041 742 5097 locuti
769 5059 783 5095 :
812 5040 1136 5108 Prophetam
1167 5047 1440 5101 suscitabo
1461 5048 1542 5104 eis
1559 5049 1626 5104 de
1653 5052 1830 5106 medio
1848 5051 2076 5108 fratrum

461 5178 466 5183 .
518 5133 788 5190 tmolum
831 5130 1070 5188 similem
1086 5133 1164 5186 tui
1191 5149 1206 5188 :
1229 5144 1284 5189 et
1325 5151 1522 5206 ponam
1569 5139 1733 5196 verba
1763 5155 1882 5196 mea
1909 5143 1963 5206 in
1983 5154 2078 5198 ore

441 5261 444 5264 ~
517 5247 536 5281 ο
571 5224 712 5297 eius,
737 5225 1094 5296 torpentque
1117 5225 1187 5280 ad
1203 5230 1495 5286 eosomnia
1518 5245 1961 5304 quaeprzecepero
1979 5234 2076 5290 illi.

518 5336 550 5369 ι
571 5316 677 5388 Qui
691 5324 886 5373 autem
897 5316 1075 5372 «verba
1087 5315 1213 5385 ejus
1231 5331 1352 5386 qua:
1363 5317 1610 5388 loquetur
1625 5320 1679 5376 in
1702 5323 1922 5379 nomine
1932 5339 2076 5392 meo,

516 5424 538 5458 ι
559 5407 1042 5472 .audirenoluerit,
1063 5421 1166 5478 ego
1181 5407 1324 5463 ultor
1343 5410 1592 5466 existam.
1609 5411 1877 5482 Propheta
1898 5425 2078 5472 autem

517 5513 553 5551 ι.
579 5499 673 5569 qui
705 5498 1014 5568 aerogantia
1053 5498 1403 5568 depravatus,
1435 5501 1668 5560 voluerit
1700 5504 1847 5574 loqui
1865 5507 1940 5562 in
1979 5521 2078 5562 no-

519 5603 554 5639 ι.
584 5589 729 5644 mine
755 5603 880 5644 meo
895 5603 1020 5658 quae
1036 5603 1138 5658 ego
1160 5603 1271 5649 non
1292 5591 1520 5661 praecepi
1549 5591 1624 5648 illi
1649 5599 1711 5649 ut
1729 5593 1954 5662 diceret,
1976 5607 2078 5654 aut

525 5692 543 5724 ι
575 5691 654 5729 .ex
683 5677 1158 5736 .muuittcaliorum
1189 5681 1434 5751 deorum,
1461 5682 1843 5744 interﬁcietur.
1881 5707 1902 5743 ι
1945 5688 2077 5758 Qui:

2183 4530 2210 4564 σ.
2245 4511 2462 4582 gelium,
2522 4508 2765 4564 inﬁrmos
2814 4516 3018 4573 curate,
3075 4518 3317 4564 mortuos
3365 4511 3642 4575 suscitate,
3671 4511 3744 4565 le-

2181 4618 2202 4652 t
2245 4613 2435 4669 prosos
2475 4599 2761 4664 mundate,
2799 4599 3070 4653 daamones
3119 4597 3298 4667 ejicite
3359 4599 3525 4671 (Luc.
3570 4600 3666 4670 ι).
3717 4621 3738 4654 ι

2177 4692 2253 4747 De
2283 4707 2389 4760 quo
2429 4691 2602 4745 etiam.
2634 4691 2844 4746 Marcus
2878 4699 3105 4748 teatatus
3145 4700 3229 4747 est
3277 4692 3461 4749 dicens
3499 4711 3514 4747 :
3559 4711 3579 4746 ι
3614 4693 3745 4748 κυι-

2183 4799 2202 4832 ι
2250 4789 2334 4836 tos
2382 4782 2525 4836 enim
2567 4781 2810 4846 sanabat,
2859 4782 2934 4836 ita
2988 4790 3049 4836 ut
3098 4781 3367 4841 irruerent
3411 4783 3466 4838 in
3510 4798 3656 4846 eum,
3687 4791 3742 4837 ut

2183 4891 2203 4923 ι
2247 4872 2396 4927 illum
2427 4882 2727 4944 tangerent.
2760 4872 3036 4943 Quotquot
3064 4881 3245 4928 autem
3270 4874 3541 4934 habebant
3562 4873 3742 4944 plagas

2185 4981 2203 5014 ι
2249 4969 2302 5017 et
2329 4965 2550 5033 spiritus
2576 4965 2901 5030 immundos,
2943 4981 3065 5020 cum
3096 4965 3245 5021 illum
3271 4965 3546 5030 videbant,
3569 4967 3742 5035 proci-

2185 5071 2214 5105 ι
2249 5055 2446 5109 dabant
2469 5065 2595 5109 ante
2623 5071 2768 5120 eum,
2811 5063 2866 5109 et
2905 5056 3229 5122 clamabant,
3262 5057 3504 5112 dicentes
3525 5072 3546 5110 ε
3578 5057 3657 5112 Tu
3681 5073 3742 5113 es

2185 5163 2211 5211 tl
2249 5145 2419 5201 Filius
2441 5147 2562 5202 Dei.
2595 5147 2664 5202 Et
2700 5148 3050 5204 vehementer
3075 5151 3504 5207 comminabatur
3545 5151 3648 5215 eis,
3677 5166 3742 5206 ne

2184 5253 2214 5287 ι.
2247 5235 2656 5298 manifestarent
2679 5237 2827 5291 illum
2853 5256 2866 5292 :
2895 5247 2951 5293 et
2973 5241 3270 5294 ascendens
3295 5241 3351 5294 in
3377 5248 3639 5306 montem,
3661 5253 3747 5294 vo-

2185 5345 2213 5378 ι
2250 5327 2393 5382 cavit
2418 5327 2486 5382 ad
2515 5341 2574 5384 se
2599 5342 2736 5398 quos
2753 5329 2922 5383 voluit
2944 5330 3079 5398 ipse,
3115 5337 3172 5384 et
3196 5338 3463 5387 venerunt
3497 5332 3568 5388 ad
3599 5346 3740 5397 eum,

2184 5434 2205 5469 ι
2242 5425 2300 5474 et
2319 5416 2451 5475 fecit
2479 5427 2538 5474 ut
2574 5428 2758 5475 essent
2789 5421 3069 5476 duodecim
3105 5434 3238 5478 cum.
3263 5421 3376 5487 illo,
3397 5428 3456 5478 et
3477 5429 3540 5478 ut
3565 5423 3742 5478 mitte—

2154 5549 2156 5551 .
2185 5526 2206 5559 c
2249 5518 2335 5568 ret
2355 5525 2450 5566 eos
2469 5511 2784 5581 praedicare.
2808 5512 2882 5570 Et
2895 5511 3046 5578 dedit
3066 5511 3171 5568 illis
3196 5520 3522 5583 potestatem
3548 5529 3743 5572 cur-an-

2188 5617 2208 5651 c
2251 5599 2306 5655 di
2326 5599 2693 5668 inﬁrmitates,
2719 5612 2777 5658 et
2799 5602 3048 5673 ejiciendi
3077 5603 3340 5660 daemonia
3364 5604 3560 5676 (Herc.
3586 5606 3688 5678 In).
3719 5625 3736 5658 ι

2133 5671 2148 5718 ⁷
2181 5688 2322 5757 Quid
2353 5706 2483 5763 ergo
2505 5706 2728 5752 necesse
2759 5671 2844 5749 est
2876 5692 3105 5750 salutem
3133 5693 3204 5750 ab
3229 5691 3356 5762 alio,
3373 5671 3547 5764 quam
3578 5708 3609 5750 a
3633 5671 3743 5750 me-
