4028 6196
350 317 486 375 1097

1596 313 1683 369 DE
1722 310 1993 368 MAGICIS
2031 308 2343 366 AllTlBUS.

3453 311 3589 367 10118

346 432 468 487 dico
498 435 832 501 competente
853 428 1129 497 quaerere?
1152 434 1244 481 aut
1265 442 1386 497 qua:
1436 428 1577 481 ratio
1609 437 1711 490 est,
1742 427 1918 482 scien-
1944 431 1992 488 A
2021 426 2293 480 daemones
2328 422 2642 492 sanguinem
2685 420 2976 476 dicuntur:
3007 416 3231 490 ideoque
3256 421 3466 490 quoties
3497 437 3592 477 ne-

349 525 476 578 tiam
508 530 601 576 aut
623 519 941 589 sapientiam
983 521 1050 573 ab
1090 519 1195 574 alio
1226 519 1464 589 quolibet
1503 520 1713 575 discere
1757 520 1910 583 velle,

345 628 506 682 quam
547 611 616 666 ab
640 611 785 665 omni
831 610 1110 680 sapientim
1147 616 1201 664 et
1226 610 1465 664 scientiae
1492 610 1677 664 fonte?
1713 611 1786 665 De
1809 625 1916 680 quo

346 704 603 772 scriptum
633 707 717 756 est
737 700 925 763 (Eccli.
960 700 998 771 ι)
1029 718 1042 754 :
1078 718 1096 749 ι
1130 698 1319 755 Omnis
1344 701 1605 770 sapientia
1630 715 1660 753 a
1691 700 1917 754 Domino

350 807 371 839 ‹
414 788 524 841 Deo
551 794 656 851 est,
698 796 753 841 et
790 786 928 855 apud
958 786 1107 840 illum
1137 784 1239 839 fuit
1290 799 1523 854 semper,
1563 794 1617 841 et
1664 795 1747 841 est
1789 796 1917 841 ante

350 894 369 926 ι
410 891 602 929 aevum.
630 876 864 929 Arenam
905 874 1091 939 maris,
1137 882 1193 929 et
1238 873 1430 943 pluviae
1466 881 1663 943 guttas,
1700 884 1756 928 et
1800 874 1916 929 dies

349 985 367 1017 ι
413 964 749 1034 smculi,quis
763 962 1153 1018 dinumeravit?
1176 952 1531 1017 Altitudinem
1559 962 1773 1027 cceli,et
1800 963 1917 1017 lati-

348 1072 368 1106 ‹
418 1056 655 1109 tudinem
683 1063 859 1120 terrae,
885 1063 941 1109 et
967 1053 1291 1124 profundum
1320 1054 1522 1125 abyssi,
1553 1054 1673 1123 quis
1696 1070 1915 1109 mensus

349 1163 367 1195 ι
414 1145 531 1199 est?
560 1143 889 1213 Sapientiam
925 1143 1023 1198 Dei
1050 1144 1444 1213 praecedentem
1473 1145 1652 1199 omnia
1679 1145 1800 1213 quis
1827 1145 1912 1198 in-

348 1253 368 1285 c
414 1234 731 1302 vestigavit?
759 1233 916 1289 Prior
940 1234 1181 1289 omnium
1218 1242 1400 1291 creata~
1427 1242 1511 1290 est
1547 1235 1828 1305 sapientia,
1861 1244 1917 1290 et

347 1346 367 1376 ε
411 1324 717 1379 intellectus
732 1325 1032 1395 prudentiae
1059 1326 1127 1380 ab
1148 1340 1282 1382 aevo.
1323 1327 1468 1384 Fons
1496 1327 1773 1398 sapientia:
1794 1342 1914 1383 ver-

332 1416 366 1467 ἐ
410 1417 535 1470 bum
566 1418 662 1471 Dei
684 1417 737 1470 in
771 1417 999 1472 excelsis
1029 1435 1044 1471 :
1072 1427 1128 1472 et
1160 1419 1437 1489 ingresSus
1489 1419 1635 1475 illius
1664 1421 1914 1475 mandata

345 1527 367 1559 ε
407 1516 627 1562 mterna.
664 1527 682 1560 ι
716 1508 818 1575 Qui
860 1510 1003 1565 enim
1054 1510 1171 1564 sine
1226 1509 1519 1565 SaIVatore'
1536 1511 1760 1567 salutem
1804 1511 1917 1566 vult

342 1599 562 1663 habere,
596 1606 653 1654 et
675 1600 793 1655 sine
815 1615 942 1656 vera
970 1602 1234 1670 sapientia
1257 1602 1489 1658 aestimat
1515 1619 1575 1658 se
1597 1604 1911 1674 prudentem

340 1690 663 1759 ﬁeriposse,
697 1705 800 1745 non
830 1691 1010 1746 salvus
1038 1692 1131 1746 sed
1177 1706 1338 1763 inger,
1393 1708 1497 1747 non
1546 1695 1780 1764 prudens
1820 1695 1913 1748 sed

2022 514 2322 569 cremantia
2356 512 2434 576 δι’,
2473 527 2634 568 cruor
2675 526 2828 582 aqute
2855 511 3131 575 miseetur,
3162 520 3217 566 et
3252 510 3430 567 colore
3465 527 3590 567 san-

2019 604 2197 673 guinis
2244 596 2457 657 facilius
2485 610 2866 672 provocantur.
2907 596 3317 672 Hydromautia,
3346 602 3414 656 ab
3449 617 3589 671 aqua

2018 690 2182 749 dicta.
2220 693 2316 748 Est
2360 694 2505 748 enim
2558 691 2931 764 hydromantia
2976 691 3030 745 in
3062 706 3215 760 aqua:
3262 691 3593 761 inspectione

2016 781 2236 836 umbras
2270 782 2571 836 daemonum
2600 794 2847 846 evocare,
2879 787 2934 835 et
2956 779 3218 849 imagines
3251 779 3590 835 ludiﬁcantes

2014 886 2201 927 eorum
2226 871 2432 938 videre,
2468 871 2646 941 ibique
2666 872 2733 926 ab
2753 870 2833 926 eis
2855 871 3034 940 aliqua
3064 868 3287 925 audire:
3318 870 3407 925 ubi
3439 870 3591 924 adhi-

2015 964 2128 1020 bito
2152 965 2430 1036 sanguine,
2470 965 2633 1020 etiam
2665 961 2823 1018 inferi
2912 962 3265 1033 perhibentur
3318 962 3585 1016 suscitari.

2015 1057 2165 1124 Quod
2202 1072 2370 1126 genus
2415 1055 2760 1111 divinationis
2808 1068 2839 1107 a
2888 1053 3071 1108 Persis
3127 1053 3300 1109 fertur
3343 1051 3584 1106 allatum.

2016 1145 2187 1200 Varro
2207 1146 2336 1200 dicit
2354 1145 2698 1200 divinationis
2719 1153 2953 1214 quatuor
2974 1158 3094 1200 esse
3119 1154 3335 1216 genera,
3362 1155 3583 1205 terram,

2015 1248 2232 1307 aquam,
2255 1250 2434 1293 aerem
2454 1278 2469 1305 ,
2500 1245 2555 1292 et
2578 1238 2775 1309 ignem.
2802 1235 2939 1293 Hinc
2959 1237 3316 1308 geomantiam
3336 1277 3350 1302 ,
3384 1236 3585 1307 hydro-

2016 1334 2273 1387 mantiam
2288 1330 2689 1396 aeromantiam,
2706 1332 3096 1403 pyromantiam
3113 1329 3308 1386 dictam
3323 1336 3585 1383 autumat.

2015 1422 2187 1476 Divini
2205 1422 2355 1486 dicti,
2373 1422 2524 1492 quasi
2540 1422 2651 1477 Deo
2668 1421 2832 1492 pleni.
2855 1414 3141 1476 Divinitate
3163 1422 3302 1477 enim
3326 1419 3514 1490 plenos
3530 1434 3591 1475 se

2014 1528 2134 1571 esse
2168 1513 2489 1579 assimilant,
2529 1521 2584 1568 et
2630 1522 2805 1569 astuta
2832 1513 3062 1582 quadam
3089 1511 3466 1577 fraudulentia,
3501 1511 3592 1566 ho-

2017 1603 2250 1658 minibus
2277 1603 2458 1658 futura
2490 1602 2815 1671 coniectant.
2848 1603 2964 1657 Duo
3003 1610 3183 1656 autem
3230 1610 3355 1655 sunt
3390 1615 3588 1671 genera

2017 1693 2384 1760 divinationis,
2420 1710 2508 1748 ars
2553 1703 2607 1749 et
2653 1693 2820 1748 furor.
2866 1692 3239 1747 lncantatores
3287 1706 3416 1745 vero
3460 1691 3591 1745 dicti

337 1781 560 1845 stultus,
590 1782 642 1834 in
667 1781 984 1850 aegritudine
1014 1782 1231 1837 assidua
1269 1782 1533 1837 laborabit
1563 1799 1577 1836 :
1610 1792 1662 1839 et
1689 1784 1739 1837 in
1764 1783 1916 1837 (εωοί-
1949 1768 1995 1828 Ῑ)
2020 1792 2166 1849 sunt,
2202 1783 2295 1853 qui
2323 1791 2494 1838 artem
2526 1784 2704 1838 verbis
2734 1791 3013 1853 peragunt.
3036 1782 3206 1838 Arioli
3240 1782 3415 1837 vocati
3441 1790 3585 1845 sunt,

340 1879 456 1924 tate
484 1870 639 1925 noxia
665 1872 860 1926 stultus
880 1880 936 1926 et
959 1871 1180 1927 demens
1201 1872 1536 1942 permanebit
1563 1890 1576 1925 :
1607 1886 1669 1928 ac
1697 1873 1917 1943 proinde

335 1963 519 2016 omnis
546 1962 822 2032 inquisitio
871 1969 926 2017 et
967 1963 1145 2018 omnis
1186 1964 1413 2029 curatio,
1442 1976 1562 2033 qua:
1585 1980 1613 2017 a
1647 1963 1839 2018 divinis
1863 1973 1919 2017 et

337 2052 537 2122 magis,
568 2052 652 2105 vel
702 2053 771 2107 ab
804 2052 943 2123 ipsis
984 2053 1263 2108 daemoniis
1311 2054 1365 2106 in
1409 2052 1670 2107 idolorum
1709 2052 1916 2107 cultura

332 2144 636 2212 expetitur,
685 2157 833 2198 mors
879 2143 1060 2212 potius
1098 2144 1324 2198 dicenda
1357 2151 1458 2207 est,
1491 2144 1650 2212 quam
1674 2142 1785 2197 vita
1819 2160 1833 2195 ε
1865 2152 1919 2195 et

331 2233 435 2302 qui
464 2247 526 2286 ea
560 2239 858 2296 sectantur,
891 2232 937 2286 si
960 2244 1019 2285 se
1045 2246 1151 2286 non
1193 2232 1547 2296 correxerint,
1572 2230 1638 2284 ad
1661 2238 1916 2285 :cternam

332 2322 698 2392 perditionem
742 2321 968 2375 tendunt
1007 2338 1020 2374 :
1061 2321 1315 2389 quoniam
1348 2320 1632 2375 Psalmista
1656 2320 1869 2376 dicente
1899 2341 1912 2374 :

340 2432 362 2463 ι
411 2411 615 2466 Omnes
641 2410 713 2465 dii
747 2409 989 2481 gentium
1036 2420 1163 2464 sunt
1213 2410 1475 2464 daemonia
1510 2406 1681 2481 (Psal.
1711 2408 1856 2478 xcv),
1892 2430 1910 2461 ι

331 2504 433 2573 qui
484 2509 767 2571 perceptas
809 2501 1055 2556 homines
1098 2500 1232 2557 alios
1271 2501 1520 2571 decipere
1550 2502 1789 2571 quotidie
1820 2516 1914 2572 ge-

329 2597 531 2660 stiunt,
555 2602 615 2649 ut
642 2595 955 2666 perditionis
979 2610 1090 2650 suae
1112 2595 1316 2650 faciant
1342 2610 1436 2651 eos
1459 2611 1578 2652 esse
1601 2597 1912 2666 participes.

330 2684 526 2754 Itaque
551 2686 666 2740 htec
695 2685 909 2739 vanitas
935 2686 1263 2756 magicarum
1284 2686 1502 2753 artium,
1530 2701 1597 2741 ex
1630 2688 1915 2742 traditione

334 2774 658 2843 angelorum
687 2774 950 2829 malorum
972 2776 1028 2829 in
1056 2784 1168 2831 toto
1193 2784 1459 2832 terramm
1496 2778 1629 2832 orbe
1672 2777 1916 2848 plurimis

334 2864 553 2919 smculis
578 2864 763 2931 valuit,
790 2879 887 2934 per
910 2866 1197 2935 quamdam
1231 2866 1510 2921 scientiam
1535 2866 1839 2921 futurorum
1860 2878 1914 2922 et

340 2955 699 3020 infernorum,
729 2964 782 3010 et
815 2969 911 3025 per
936 2955 1273 3009 inventiones
1314 2969 1499 3010 eorum
1549 2955 1763 3009 iuventa
1791 2967 1915 3010 sunt

336 3049 634 3118 aruspicia,
671 3049 1073 3119 augurationes,
1123 3058 1178 3103 et
1222 3038 1336 3118 ipsa
1368 3054 1488 3118 qua:
1515 3049 1768 3103 dicuntur
1790 3064 1913 3103 ora-

336 3138 485 3202 cula,
523 3147 579 3192 et
628 3139 991 3194 necromantia
1040 3158 1053 3169 ·

337 3228 631 3299 pnestigiis
661 3243 675 3280 :
708 3238 935 3298 quomm
957 3230 1224 3284 intantum
1251 3231 1501 3300 prodiere
1526 3230 1913 3286 maleﬁciorum

339 3327 512 3382 artes,
542 3327 601 3373 ut
641 3319 806 3373 etiam
846 3318 1015 3390 Μειγεὶ
1058 3318 1347 3374 simillimis
1381 3319 1548 3389 signis
1579 3320 1914 3385 resisterent,

338 3415 615 3463 vertentes
651 3408 832 3478 virgas
872 3408 929 3463 in
973 3408 1264 3474 dracones,
1300 3422 1469 3477 aquas
1496 3409 1549 3462 in
1580 3409 1915 3479 sanguinem.

340 3498 541 3553 Fertur
572 3498 736 3553 etiam
767 3499 825 3553 in
841 3498 1119 3569 gentilium
1142 3495 1311 3565 libris,
1330 3499 1474 3568 quod
1495 3499 1738 3568 quzedam
1764 3514 1920 3570 maga

341 3589 706 3645 famosissima
737 3590 915 3644 socios
944 3587 1151 3659 Ulyssis
1177 3588 1468 3642 mutaverit
1494 3588 1549 3642 in
1576 3588 1796 3643 bestias.
1822 3588 1924 3643 Le-

341 3680 491 3750 gitur
517 3681 663 3736 etde
699 3679 988 3745 sacriﬁcio,
1016 3682 1159 3750 quod
1194 3680 1436 3736 Arcades
1477 3681 1587 3734 Deo
1622 3695 1719 3735 suo
1746 3680 1922 3752 Lyeco

348 3770 724 3825 immolabant.
751 3770 831 3825 Ex
860 3784 967 3839 quo
995 3771 1298 3839 quicunque
1326 3779 1626 3835 sumerent,
1646 3770 1701 3823 in
1722 3771 1922 3825 bestia-

344 3874 471 3914 rum
502 3860 703 3917 formas
723 3861 1195 3917 convertebantur.
1223 3860 1331 3915 Sed
1354 3860 1470 3915 hmo
1491 3860 1673 3915 omnia
1697 3860 1923 3932 magicis

341 3950 640 4020 prastigiis
669 3951 848 4020 potius
881 3949 1243 4019 ﬁngebantur,
1281 3963 1443 4019 quam
1487 3960 1669 4003 rerum
1698 3950 1922 4004 veritate

342 4038 770 4108 complebantur.
798 4039 870 4095 Ut
894 4053 1027 4109 ergo
1046 4039 1148 4109 ipsi
1174 4050 1386 4094 errores
1409 4036 1783 4109 ignorantibus
1814 4050 1921 4094 ma-

343 4129 528 4185 nifesti
559 4130 710 4195 ﬁant,
741 4131 807 4186 de
848 4146 1039 4185 eorum
1070 4130 1400 4200 proprietate
1422 4138 1585 4198 atque
1626 4130 1918 4186 inventori~

340 4224 463 4285 bus,
484 4220 1013 4288 juxta.traditio'nem
1036 4223 1295 4293 majorum
1322 4222 1557 4290 primum
1586 4220 1766 4277 dicere
1792 4234 1920 4277 con-

340 4329 540 4383 gruum
568 4314 916 4368 arbitramur.
939 4312 1242 4382 Magisunt,
1274 4313 1367 4382 qui
1411 4311 1567 4383 vulgo
1596 4312 1825 4369 malelici
1849 4312 1920 4366 ob

342 4405 646 4460 facinorum
676 4406 1524 4477 magnitu‘dinem'nuncupantur.
1557 4400 1620 4460 Hi
1645 4405 1916 4475 permissu

343 4495 441 4548 Dei
472 4496 739 4549 elementa
767 4496 1101 4559 concutiunt,
1142 4496 1363 4550 turbant
1388 4505 1597 4550 mentes
1638 4495 1918 4551 hominum
1945 4466 1996 4527 θ

343 4586 529 4638 minus
552 4584 607 4637 in
638 4585 749 4640 Deo
770 4585 1177 4650 conﬁdentiam,
1204 4601 1268 4639 ac
1287 4587 1403 4640 sine
1425 4586 1532 4641 ullo
1560 4586 1753 4641 veneni
1783 4588 1917 4641 hau-

343 4682 433 4727 stu
470 4673 725 4729 violentia
760 4682 970 4729 tantum
1037 4675 1253 4740 carnis,
1298 4674 1633 4730 interimunt.
1681 4675 1832 4732 Unde
1866 4685 1923 4731 et

343 4768 612 4824 Lucanus
630 4786 644 4823 :

535 4879 851 4944 Mifnshausti
866 4880 1000 4930 nulla
1023 4883 1162 4932 sanie
1187 4879 1367 4944 polluta
1389 4883 1588 4943 veneni,

593 4941 838 4991 lueantata
857 4945 1002 5004 perlt.

349 5043 693 5099 Darmonibus
723 5043 875 5098 enim
898 5044 1111 5110 accitis,
1145 5043 1343 5099 audent
1366 5044 1651 5109 ventilare,
1680 5051 1744 5099 ut
1767 5045 1917 5115 quis-

348 5142 461 5203 que
477 5149 605 5189 suos
641 5135 875 5204 perimat
906 5134 1062 5189 malis
1092 5135 1301 5190 artibus
1342 5135 1611 5189 inimicos.
1658 5133 1723 5188 lli
1755 5136 1920 5190 etiam

350 5225 611 5294 sanguine
648 5233 891 5290 utuntur,
930 5234 986 5280 et
1014 5226 1244 5281 victimis
1284 5241 1424 5295 saepe
1453 5226 1769 5297 contingunt
1809 5242 1923 5281 cor-

347 5329 481 5385 pora
510 5316 864 5370 mortuorum.
907 5314 1303 5371 Necromantici
1341 5325 1487 5382 sunt,
1517 5331 1743 5385 quorum
1778 5332 1920 5387 prae-

348 5407 749 5462 cantationibus
767 5408 1020 5463 videntur
1048 5407 1357 5463 resuscitari
1382 5409 1575 5462 mortui
1606 5426 1619 5461 :
1657 5409 1923 5474 divinare,

350 5506 406 5551 et
434 5498 509 5552 ad
549 5498 881 5568 interrogata
937 5499 1279 5567 respondere,
1328 5499 1503 5573 νεκρός
1548 5498 1690 5552 enim
1738 5497 1927 5555 Graece

349 5596 597 5644 mortuus
630 5608 644 5643 :
678 5593 887 5662 μαντεία
943 5591 1199 5645 divinatio
1240 5598 1628 5660 nuncupatur:
1672 5590 1742 5646 ad
1789 5606 1927 5662 quos

352 5684 716 5750 suscitandas,
740 5686 986 5740 cadaveri
1011 5686 1231 5756 sanguis
1272 5685 1542 5755 adjicitur.
1576 5685 1710 5740 Nam
1744 5701 1927 5743 amare

675 5777 946 5836 Parnm.
992 5776 1122 5839 CX.

1110 3152 1211 3195 nec
1252 3140 1469 3204 mirum,
1526 3140 1593 3195 de
1634 3140 1913 3212 magorum
1942 3118 1986 3178 Ο

2019 1880 2240 1940 propter
2264 1873 2405 1940 quod
2449 1872 2592 1925 circa
2637 1886 2762 1924 aras
2799 1871 3060 1925 idolorum
3108 1869 3342 1925 nefarias
3402 1872 3592 1939 preces

2017 1962 2287 2025 emittunt,
2315 1972 2367 2015 et
2394 1960 2603 2016 funesta
2632 1961 2894 2016 sacriﬁcia
2934 1959 3167 2016 oll'erunt
3196 1979 3209 2015 :
3238 1961 3427 2030 bisque
3454 1961 3591 2015 cele-

2018 2052 2325 2116 britatibus,
2357 2054 2654 2107 dmmonum
2698 2038 2953 2123 responsa
2991 2053 3275 2124 accipiunt.
3300 2052 3589 2122 Aruspices

2018 2144 2329 2212 nttncupati,
2363 2136 2526 2212 quasi
2572 2144 2828 2198 horarum
2879 2144 3235 2213 inspectores.
3278 2144 3403 2199 Dies
3445 2144 3589 2198 enim

2016 2243 2071 2288 et
2098 2235 2260 2288 horas
2286 2234 2339 2288 in
2367 2234 2588 2305 agendis
2613 2236 2843 2306 negetiis
2864 2236 3221 2307 operibusque
3245 2236 3587 2292 custodiunt:

2017 2335 2072 2381 et
2101 2327 2229 2395 quid
2254 2341 2351 2396 per
2379 2326 2587 2396 singula
2614 2335 2851 2398 tempora
2875 2329 3163 2383 observare
3186 2328 3378 2383 debeat
3407 2329 3587 2392 homo.

2017 2417 2324 2472 intendunt.
2352 2415 2416 2470 Hi
2454 2418 2617 2472 etiam
2662 2425 2785 2472 exta
2814 2418 3076 2488 pecudum
3109 2418 3418 2492 inSpiciunt,
3445 2430 3499 2473 et
3522 2435 3590 2475 ex

2016 2508 2096 2562 eis
2150 2506 2330 2561 futura
2374 2509 2690 2577 prazdicunt.
2737 2507 2983 2578 Augures
3021 2517 3182 2573 sunt,
3240 2507 3330 2579 qui
3382 2509 3593 2564 volatus

2016 2600 2196 2653 avium
2221 2606 2277 2654 et
2298 2612 2458 2654 voces
2485 2598 2789 2664 intendunt,
2835 2599 3046 2668 aliaque
3092 2598 3242 2670 signa
3283 2613 3463 2653 rerum
3506 2599 3590 2654 vel

2016 2690 2422 2745 observationes
2474 2689 2815 2760 improvisus,
2861 2688 3168 2743 hominibus
3218 2696 3588 2754 occurrentes,

2017 2778 2212 2835 ferunt.
2253 2780 2389 2834 Sunt
2412 2781 2573 2835 etiam
2608 2788 2662 2833 et
2705 2780 2970 2849 auspices.
3003 2778 3137 2833 Nam
3173 2778 3409 2848 auSpicia
3439 2786 3586 2841 sunt,

2018 2886 2136 2941 qua:
2173 2871 2275 2926 iter
2302 2871 2568 2926 facientes
2593 2871 2906 2926 observant.
2946 2869 3097 2924 Dicta
3136 2877 3262 2923 sunt
3294 2876 3474 2923 autem
3500 2884 3592 2924 au-

2016 2962 2206 3031 spicia,
2239 2962 2391 3032 quasi
2421 2963 2599 3017 avium
2626 2961 2846 3030 aspicia.
2877 2958 2944 3013 Et
2969 2960 3208 3031 auguria,
3235 2958 3388 3029 quasi
3412 2961 3590 3013 avium

2018 3052 2219 3121 gurria,
2245 3051 2349 3106 hoc
2377 3060 2484 3116 est,
2514 3051 2691 3105 avium
2736 3065 2892 3105 voces
2918 3058 2972 3104 et
2997 3049 3224 3119 linguas.
3252 3047 3385 3103 Item
3419 3064 3590 3118 augu-

2018 3142 2178 3207 rium,
2210 3142 2365 3211 quasi
2391 3142 2711 3212 avigerium,
2742 3141 2885 3208 quod
2909 3155 3037 3194 aves
3072 3148 3284 3211 gerunt.
3317 3140 3433 3194 Duo
3464 3151 3587 3195 sunt

2016 3241 2195 3287 autem
2219 3248 2414 3302 genera
2434 3233 2821 3302 auspiciorum,
2849 3240 3009 3285 unum
3037 3231 3103 3284 ad
3125 3230 3332 3297 oculos,
3355 3233 3583 3286 alterum

2019 3323 2086 3377 ad
2116 3335 2285 3376 aures
2318 3321 2594 3390 pertinens
2629 3339 2641 3373 :
2677 3319 2745 3374 ad
2784 3319 2974 3374 oculos
3017 3319 3220 3374 scilicet
3262 3319 3489 3384 volatus,
3521 3323 3587 3373 ad

2020 3435 2180 3473 aures
2203 3432 2301 3473 vox
2334 3420 2531 3471 avium.
2555 3414 2825 3487 Pythones
2859 3430 2889 3468 a
2923 3413 3120 3484 Pythio
3146 3412 3389 3484 Apolline
3431 3414 3581 3475 dicti,

2021 3508 2162 3578 quod
2194 3508 2239 3562 is
2263 3517 2450 3561 auctor
2496 3506 2659 3562 fuerit
2685 3504 2981 3559 divinandi.
3025 3504 3295 3574 Astrologi
3339 3504 3488 3570 dicti,
3520 3520 3585 3559 eo

2022 3599 2167 3669 quod
2214 3598 2268 3651 in
2320 3597 2482 3652 astris
2548 3604 2898 3666 augurantur.
2949 3591 3282 3650 Genethliaci
3336 3594 3591 3665 appellati

2022 3698 2166 3753 sunt,
2198 3696 2415 3757 propter
2436 3688 2695 3741 natalium
2734 3684 3192 3741 considerationes
3221 3684 3449 3739 dierum.
3479 3683 3587 3741 Ge-

2024 3794 2182 3834 neses
2207 3780 2349 3833 enim
2380 3777 2656 3833 hominum
2686 3792 2781 3847 per
2818 3776 3098 3831 duodecim
3133 3775 3258 3831 coeli
3296 3776 3451 3846 signa
3492 3776 3590 3831 de-

2023 3872 2295 3934 scrbunt,
2354 3870 2699 3939 siderumque
2749 3883 2945 3934 cursu,
2996 3869 3333 3923 nascentium
3390 3884 3588 3935 mores,

2023 3970 2175 4016 actus
2202 3968 2257 4014 et
2298 3959 2490 4015 eventa
2530 3959 2827 4029 prazdicare
2881 3966 3165 4025 conantur,
3224 3960 3276 4015 id
3316 3968 3419 4025 est,
3472 3960 3593 4030 quis

2021 4054 2167 4124 quali
2195 4054 2351 4124 signo
2378 4051 2542 4107 fuerit
2569 4060 2746 4117 natus,
2776 4061 2871 4106 aut
2907 4066 3066 4121 quem
3110 4049 3357 4106 ell‘ectum
3396 4051 3591 4104 habeat

2018 4147 2144 4200 vitze
2165 4143 2255 4214 qni
2294 4144 2554 4198 nascitur.
2606 4140 2670 4195 lli
2728 4149 2853 4195 sunt
2900 4142 2991 4211 qui
3028 4141 3187 4213 vulgo
3232 4140 3592 4195 Mathematici

2018 4246 2298 4291 vocantur.
2323 4232 2487 4304 Cujus
2513 4231 2913 4301 superstitionis
2934 4244 3123 4301 genus,
3149 4228 3591 4284 constellationes

2017 4325 2197 4382 Latini
2226 4335 2441 4390 vocant,
2474 4324 2528 4379 id
2560 4334 2663 4387 est,
2705 4322 3013 4376 notationes
3048 4319 3285 4374 siderum
3323 4320 3595 4388 quomodo

2021 4433 2080 4473 se
2103 4418 2352 4484 habeant,
2383 4432 2503 4470 cum
2528 4415 2651 4482 quis
2679 4413 2937 4467 nascitur.
2968 4410 3207 4464 Primum
3230 4420 3411 4465 autem
3432 4411 3594 4465 iidem

2023 4510 2300 4567 stellarum
2344 4509 2685 4577 interpretes,
2723 4503 2860 4573 magi
2903 4510 3283 4572 nuncupantur
3316 4519 3328 4553 :
3362 4502 3501 4556 sicut
3528 4502 3596 4558 de

2022 4603 2109 4658 his
2146 4603 2360 4672 legitur,
2393 4599 2484 4667 qui
2529 4597 2583 4652 in
2632 4594 2919 4665 Evangelio
2964 4601 3146 4649 natam
3184 4592 3456 4648 Christum
3498 4608 3595 4648 an-

2024 4695 2427 4750 nuntiaverunt.
2463 4689 2654 4745 Postea
2695 4689 2798 4743 hoc
2835 4684 3052 4741 nomine
3097 4685 3195 4740 seli
3231 4684 3595 4741 Mathematici

2022 4785 2154 4840 dicti
2194 4792 2358 4839 sunt:
2390 4781 2543 4851 cujus
2576 4781 2708 4835 artis
2743 4779 2967 4835 scientia
3017 4793 3186 4848 usque
3229 4779 3295 4832 ad
3344 4778 3589 4850 Evange-

2024 4876 2155 4930 lium
2189 4875 2288 4929 fuit
2334 4887 2611 4938 concessa,
2642 4882 2722 4938 ut,
2754 4870 2970 4926 Christo
3003 4870 3167 4934 edito,
3200 4886 3358 4925 nemo
3397 4870 3595 4926 exinde

2026 4969 2362 5022 nativitatem
2405 4960 2629 5033 alicujus
2655 4964 2722 5019 de
2761 4962 2900 5019 caelo
2928 4964 3391 5037 interpretaretur.
3427 4962 3597 5018 Horo-

2028 5058 2175 5127 scopi
2216 5057 2367 5122 dicti,
2409 5055 2553 5126 quod
2608 5056 2770 5109 horas
2811 5054 3111 5108 nativitatis
3152 5054 3429 5109 hominum
3472 5066 3595 5122 spe-

2028 5148 2358 5211 cularentur,
2390 5144 2637 5201 dissimili
2659 5153 2716 5199 et
2735 5145 2949 5200 diverso
2986 5143 3115 5198 fato.
3155 5142 3408 5212 Sortilegi
3448 5155 3595 5210 sunt,

2029 5239 2120 5307 qui
2150 5254 2247 5293 suo
2273 5231 2507 5301 nomine,
2539 5237 2679 5292 fictae
2724 5236 3000 5305 religionis
3034 5251 3133 5306 per
3174 5235 3434 5304 quasdam
3464 5250 3600 5305 quas

2029 5337 2338 5383 sanctorum
2366 5338 2538 5382 sortes
2556 5336 2774 5391 vocant,
2800 5326 3145 5381 divinationis
3173 5324 3451 5380 scientiam
3474 5340 3600 5395 pro-

2030 5418 2270 5483 litentur,
2303 5425 2396 5471 aut
2440 5433 2887 5488 quarumcunque
2929 5416 3319 5486 scripturarum
3357 5416 3600 5472 scientiae

2030 5508 2381 5575 inspectione,
2428 5508 2608 5563 futura
2664 5508 3004 5580 promittunt.
3060 5506 3384 5563 Salisatores
3422 5509 3599 5564 vocati

2030 5606 2173 5661 sunt,
2199 5597 2325 5667 quia
2360 5599 2485 5653 dum
2537 5599 2617 5655 eis
2661 5600 3028 5654 membrorum
3081 5606 3413 5668 Quaecunque
3445 5598 3596 5653 salie-

2031 5690 2161 5756 rint,
2194 5690 2393 5759 aliquid
2416 5690 2518 5746 sibi
2550 5691 2745 5746 exinde
2772 5706 3089 5762 prosperum
3129 5705 3226 5744 seu
3261 5690 3416 5746 triste
3441 5690 3597 5758 signi-

3093 5786 3168 5845 33
