4028 6196
465 231 487 286 1
499 234 603 288 “99

1097 231 1160 286 Β.
1204 231 1457 288 [MBAN]
1496 229 1715 285 MAURI
1753 225 2071 283 ARClllEl’.
2115 222 2425 280 MOGUNT.
2468 222 2749 279 OPEle-M
2792 223 2971 278 PARS
3011 224 3073 279 ll.

3594 217 3751 275 ιιυο

469 351 618 407 ﬁcari
644 348 963 422 praedicunt.
986 349 1068 405 Ad
1085 349 1204 405 hare
1221 348 1402 404 omnia
1429 347 1701 417 pertinent
1725 352 1780 400 et
1799 344 2045 416 ligatum:
2074 342 2121 400 Α
2149 339 2216 393 ad
2247 338 2571 408 colloquium
2618 337 2743 393 Saul
2795 338 3099 408 impiissimi
3143 339 3306 406 regis,
3343 338 3391 395 si
3441 338 3748 411 pythonica

463 440 875 499 exsecrabilium
901 440 1284 504 remediorum,
1305 453 1399 493 seu
1425 437 1479 493 in
1506 433 2040 508 praecantationibus,

464 548 559 588 seu
600 532 652 586 in
702 529 1126 591 characteribus,
1174 528 1258 584 vel
1318 526 1372 584 in
1423 527 1834 598 quibuscunque
1882 525 2043 578 rebus

465 619 861 691 suspendendis
888 627 1051 689 atque
1079 618 1330 689 ligandis,
1363 619 1416 673 in
1446 617 1643 688 quibus
1673 615 1928 671 omnibus
1955 630 2045 669 ars

465 713 769 768 daemonum
808 720 889 765 est
920 726 987 764 ex
1023 710 1255 780 quadam
1284 708 1538 780 pestifera
1577 707 1841 762 societate
1870 704 2044 760 homi-

468 808 684 865 num,ct
706 799 1020 868 angelorum
1050 799 1311 854 malorum
1339 806 1548 854 exorta.
1571 797 1725 853 Unde
1745 805 1941 851 cuncta
1967 795 2048 848 vi—

470 889 628 944 tanda
658 897 782 943 sunt
808 887 1139 951 Christiano,
1173 896 1228 941 et
1251 887 1396 941 omni
1427 888 1642 956 penitus
1671 884 2044 940 exsecratione

468 979 796 1050 repudianda
831 987 992 1047 atque
1028 978 1350 1032 damnanda.
1394 975 1631 1045 Auguria
1659 984 1839 1029 autem
1866 972 2045 1026 avium

468 1071 711 1140 Phryges
742 1069 899 1137 primi
929 1068 1270 1131 invenerunt,
1306 1065 1635 1136 priestigium
1666 1079 1798 1119 vero
1838 1062 2047 1116 Mercu-

471 1159 581 1214 rius
603 1157 810 1227 primus
841 1157 1036 1211 dicitur
1067 1156 1352 1211 invenisse.
1380 1155 1590 1209 Dictum
1621 1164 1798 1208 autem
1832 1152 2047 1223 praesti-

467 1250 634 1320 gium,
685 1249 829 1318 quod
875 1248 1219 1317 prsestringat
1265 1248 1435 1301 aciem
1486 1246 1784 1300 oculorum.
1818 1243 2047 1312 Aruspi-

469 1341 602 1394 cinae
657 1346 830 1393 artem
878 1338 1088 1409 primus
1134 1337 1431 1392 lietruscus
1482 1335 1767 1390 tradidisse
1804 1333 2048 1388 dicitur:

470 1432 690 1502 quidam
724 1431 981 1501 Phryges.
1012 1428 1111 1485 llic
1143 1444 1208 1484 ex
1234 1429 1383 1483 horis
1411 1427 1774 1496 aruspicinam
1805 1424 2049 1488 dictavit,

470 1530 523 1575 et
559 1530 740 1592 postea
768 1537 872 1576 non
897 1506 1164 1591 apparuit.
1198 1519 1331 1573 Nam
1354 1518 1551 1572 dicitur
1577 1516 1837 1581 fabulose,
1865 1523 2054 1571 arantc

473 1612 703 1683 quodam
741 1612 944 1666 rustico
973 1613 1150 1666 subito
1176 1612 1339 1678 hunc}
1360 1627 1426 1665 ex
1464 1609 1632 1680 glebis
1663 1609 1964 1671 exsiluisse,
1997 1615 2055 1663 et

2146 431 2406 486 divinatio
2433 430 2605 484 errori
2653 430 2879 499 magica:
2904 430 3040 485 artis
3069 431 3377 501 deputanda
3405 431 3498 486 sit.
3528 429 3750 497 Quibus

2147 522 2220 575 ita
2277 521 2590 590 responderi
2642 530 2852 589 potest,
2912 521 3191 590 indignum
3249 522 3471 576 omnino
3524 522 3748 577 facinus

2145 627 2286 676 esse,
2315 611 2357 667 si
2393 612 2690 667 secundum
2727 612 2892 666 verba
2936 612 3195 677 historiae,
3241 610 3618 668 commodetur
3651 628 3751 668 aso-

2147 718 2357 757 scnsus.
2388 702 2668 769 Quomodo
2700 703 2844 756 enim
2878 702 2994 757 fieri
3032 712 3265 773 poterat,
3296 712 3359 758 ut
3383 714 3501 759 arte
3527 706 3742 775 magica

2149 796 2514 849 attraheretur
2561 794 2671 860 vir,
2696 802 2749 848 et
2780 795 3063 850 nativitatc
3089 804 3337 861 sanctus,
3362 805 3421 850 et
3460 797 3581 850 vim:
3612 812 3748 865 ope-

2148 885 2300 940 ribus
2320 884 2533 955 justus?
2557 883 2666 938 Aut
2706 886 2752 940 si
2793 901 2900 939 non
2931 894 3202 941 attractus
3251 895 3355 951 est,
3410 890 3690 943 consensit
3724 908 3740 942 :

2148 978 2291 1045 quod
2312 986 2599 1048 utrumque
2626 978 2693 1032 de
2723 978 2842 1032 viro
2861 978 3008 1047 justo
3061 979 3285 1033 credere
3312 979 3597 1034 adversum
3631 990 3741 1034 est.

2152 1066 2208 1120 Si
2233 1066 2376 1121 enim
2406 1066 2606 1120 invitus
2635 1067 2900 1122 adductus
2927 1077 3030 1132 est,
3064 1067 3270 1121 nullum
3300 1067 3615 1139 suffragium
3640 1070 3743 1123 ha-

2150 1158 2242 1211 bet
2263 1155 2492 1223 justitia.
2543 1156 2600 1211 Si
2639 1166 2820 1212 autem
2858 1157 3219 1222 voluntarius,
3251 1159 3437 1213 amisit
3484 1159 3739 1213 meritum

2151 1246 2427 1317 spiritalis,
2501 1262 2662 1317 quem
2685 1248 2896 1317 positus
2920 1248 2975 1301 in
3001 1263 3189 1313 carne,
3211 1251 3530 1318 qumsivemt
3556 1268 3569 1303 :
3594 1251 3742 1319 quod

2150 1338 2306 1392 valde
2336 1336 2629 1392 absurdum
2658 1347 2741 1392 est
2775 1356 2789 1391 :
2827 1337 2950 1406 quia
2980 1338 3109 1392 hinc
3154 1339 3245 1407 qui
3286 1339 3470 1408 justus
3511 1341 3736 1405 recedit,

2151 1435 2434 1497 permanet
2456 1427 2653 1497 justus.
2687 1427 2854 1481 Porro
2889 1436 3069 1485 autem
3124 1430 3229 1483 hoc
3273 1438 3359 1484 est
3403 1430 3738 1500 praestigiae:

2154 1518 2389 1584 Satanae,
2441 1533 2548 1588 quo
2596 1527 2655 1571 ut
2703 1518 2964 1587 plurimos
3009 1518 3189 1584 fallat,
3245 1520 3410 1577 etiam
3458 1522 3631 1576 bonos
3684 1523 3739 1575 in

2152 1615 2422 1678 potestate
2446 1623 2506 1662 se
2538 1609 2739 1663 habere
2772 1609 3032 1680 contingit
3065 1628 3078 1663 :
3116 1610 3257 1679 quod
3283 1610 3574 1679 Apostolus
3599 1613 3745 1666 inter

471 1702 834 1772 aruspicinam
879 1702 1135 1766 dictasse,
1175 1717 1279 1771 qua
1310 1701 1395 1755 die
1424 1709 1477 1756 et
1506 1708 1750 1755 mortuus
1777 1708 1877 1754 est.
1911 1698 2056 1766 Quos
2084 1701 2130 1759 B
2159 1704 2353 1751 caetera
2382 1697 2618 1752 ostendit
2642 1697 2829 1752 dicens
2866 1715 2879 1750 :
2924 1716 2944 1748 ι
2981 1698 3098 1769 Ipse
3127 1698 3357 1754 Satanas
3396 1701 3747 1772 transﬁgant

473 1792 640 1847 libros
665 1791 895 1846 Romani
924 1808 987 1846 ex
1015 1792 1280 1848 Hetrusca
1322 1791 1523 1861 lingua,
1550 1790 1603 1843 in
1632 1790 1903 1860 propriam
1931 1804 2052 1842 tnu—

474 1889 737 1936 taverunt.
773 1879 869 1935 llis
891 1898 1018 1951 ergo
1040 1881 1304 1951 portentis
1330 1895 1426 1949 per
1455 1881 1757 1934 daemonum
1789 1877 2054 1931 fallaciam

475 1970 716 2025 illuditur
749 1969 1038 2025 curiositas
1065 1972 1324 2035 humana,
1354 1970 1570 2039 quando
1619 1969 1670 2023 id
1719 1968 2057 2036 impudenter

475 2069 734 2130 appetunt
776 2061 936 2125 scire,
969 2062 1113 2131 quod
1143 2062 1290 2116 nulla
1323 2063 1534 2116 ratione
1575 2061 1656 2115 eis
1686 2060 1942 2128 competit
1972 2060 2054 2112 in-

478 2157 743 2225 vestigare
772 2171 786 2207 :
822 2170 886 2208 ac
917 2154 1037 2209 ideo
1064 2156 1223 2209 datur
1260 2164 1502 2225 potestas
1532 2152 1821 2207 immundis
1851 2152 2055 2222 spiriti-

479 2244 598 2308 bus,
627 2252 686 2297 ut
712 2258 809 2311 per
838 2258 965 2298 vasa
997 2243 1099 2298 sibi
1131 2251 1275 2313 apta,
1307 2244 1410 2298 hoc
1445 2251 1527 2297 cst
1567 2256 1762 2312 pravos
1789 2241 2054 2307 homines,

478 2334 739 2389 seducant
785 2332 927 2399 illos,
966 2334 1057 2404 qui
1107 2343 1371 2403 spernunt
1403 2334 1705 2397 veritatem,
1737 2343 1792 2388 et
1834 2333 2061 2388 credunt

479 2424 757 2479 mendacio
788 2441 801 2477 :
831 2432 885 2479 et
931 2423 1084 2492 juxta
1135 2424 1287 2479 Pauli
1338 2425 1660 2480 sententiam
1688 2423 1775 2496 (II
1802 2421 1935 2477 Tim.
1968 2439 2055 2491 tv;

481 2513 539 2569 11
572 2513 706 2569 Tim.
740 2514 864 2587 tn):
900 2535 919 2567 ι
958 2514 1158 2570 Sanam
1194 2516 1494 2570 doctrinam
1545 2531 1651 2570 non
1698 2515 2057 2580 sustinebunt,

484 2627 501 2657 ι
549 2606 640 2660 sed
678 2606 744 2660 ad
776 2621 873 2661 sua
905 2606 1171 2662 desideria
1204 2607 1600 2661 coaeervahunt
1643 2605 1744 2661 sibi
1775 2604 2061 2675 magistros

487 2714 505 2747 ι
546 2695 852 2765 prurientes
882 2697 1101 2752 auribus
1136 2716 1148 2751 :
1187 2705 1242 2752 et
1267 2713 1297 2751 a
1326 2697 1552 2751 veritate
1578 2696 1794 2765 quidem
1822 2695 2060 2749 auditum

486 2805 504 2836 ι
550 2793 818 2850 avertent,
851 2786 919 2840 ad
955 2785 1163 2841 fabulas
1190 2796 1371 2842 autem
1401 2795 1811 2843 convertentur.
1840 2785 2059 2841 Onerati

488 2890 507 2923 ι
554 2874 791 2943 peccatis
816 2874 1084 2929 ducuntur
1100 2877 1265 2932 variis
1292 2877 1597 2941 desideriis,
1622 2892 1835 2946 semper
1856 2876 2066 2932 discen-

489 2985 508 3017 ι
551 2974 653 3032 tes,
685 2972 739 3019 et
768 2981 1040 3034 nunquam
1062 2967 1128 3020 ad
1156 2967 1440 3021 scientiam
1470 2968 1717 3023 veritatis
1745 2967 2059 3038 pervenien—

2155 1803 2215 1842 se
2241 1788 2295 1842 in
2325 1788 2574 1859 angelum
2598 1788 2733 1844 lucis
2762 1788 2848 1860 (11
2871 1788 2993 1844 Cor.
3032 1790 3131 1862 χι).
3171 1810 3190 1842 ι
3224 1791 3297 1848 Ut
3322 1793 3467 1847 enim
3500 1809 3741 1850 errorem

2157 1879 2361 1935 faceret
2389 1881 2441 1934 in
2468 1896 2575 1952 quo
2596 1881 3024 1951 gloriaretur,'in
3052 1882 3239 1937 habitu
3271 1882 3373 1937 viri
3397 1883 3533 1952 justi
3562 1894 3619 1941 et
3642 1902 3741 1940 no-

2155 1972 2302 2026 mine
2331 1988 2389 2027 se
2415 1972 2731 2027 subornavit
2757 1991 2770 2026 :
2796 1980 2855 2025 ut
2882 1972 3016 2028 nihil
3032 1972 3295 2042 proiicere
3319 1974 3556 2043 speciem
3579 1968 3741 2044 quam

2156 2062 2542 2133 prtedicabant,
2603 2063 2698 2117 Dei
2756 2062 3058 2117 cultoribus
3113 2063 3469 2129 mentiretur,
3523 2065 3740 2134 quando

2157 2152 2285 2207 hinc
2330 2161 2611 2217 exeuntes,
2631 2149 2809 2220 justos
2848 2151 3003 2206 ﬁnxit
3036 2153 3090 2207 in
3135 2169 3232 2209 sua
3283 2169 3404 2209 esse
3452 2163 3739 2224 potestate.

2160 2243 2266 2298 Sed
2296 2243 2399 2298 hoc
2422 2243 2687 2313 quosdam
2730 2242 2885 2307 fallit,
2920 2243 3063 2313 quod
3092 2244 3158 2300 de
3203 2255 3382 2300 morte
3411 2243 3542 2300 Saul
3568 2256 3621 2302 et
3648 2245 3742 2302 ﬁlii

2158 2333 2275 2402 ejus
2303 2348 2411 2388 non
2453 2334 2526 2388 sit
2571 2333 2855 2399 mentitus,
2907 2334 3062 2402 quasi
3104 2349 3360 2403 magnum
3409 2334 3483 2389 sit
3529 2335 3744 2392 diabolo

2163 2436 2294 2482 ante
2318 2441 2571 2482 occasura
2614 2435 2844 2481 mortem
2880 2427 3123 2496 corporis
3149 2427 3470 2496 prawidere,
3499 2443 3623 2483 cum
3670 2428 3744 2483 si-

2162 2534 2265 2589 gna
2295 2518 2541 2587 quaedam
2590 2517 2800 2571 soleant
2833 2531 3099 2587 apparere
3145 2517 3461 2572 morituris:
3492 2518 3689 2588 quippe
3714 2533 3747 2571 a

2162 2611 2360 2680 quibus
2391 2608 2485 2664 Dei
2516 2608 2786 2678 protectio
2825 2617 3007 2663 amota
3055 2609 3267 2664 videtur
3298 2627 3312 2664 :
3346 2620 3550 2679 quanto
3578 2611 3748 2682 magis

2164 2697 2427 2761 diabolus,
2475 2711 2635 2768 quem
2667 2697 2910 2768 angelica
2954 2696 3236 2766 majestate
3288 2699 3575 2755 sublimem
3625 2714 3748 2770 pro-

2164 2788 2378 2859 phetica
2407 2787 2628 2843 oracula
2653 2787 2822 2843 fuisse
2853 2795 3120 2843 testantur
3151 2805 3165 2841 :
3199 2788 3266 2843 de
3299 2787 3454 2856 cujus
3481 2791 3748 2860 magnitu-

2166 2880 2291 2935 dine
2320 2880 2612 2950 Apostolus
2654 2881 2731 2935 ait
2762 2898 2775 2935 :
2813 2899 2832 2932 ι
2863 2879 2945 2934 An
2984 2881 3244 2952 ignoratis
3283 2880 3622 2937 altitudinem
3650 2879 3749 2936 Sa-

2166 2974 2340 3029 tanae?
2377 2992 2395 3026 ι
2437 2973 2622 3045 (Apoc.
2651 2972 2739 3046 ιι.)
2778 2971 2917 3038 Quid
2950 2973 3148 3027 mirum
3187 2988 3343 3044 ergo,
3370 2973 3415 3028 si
3462 2973 3748 3028 imminen-

492 3075 509 3108 ι
559 3068 657 3112 tes.
696 3077 715 3109 ι
752 3056 1214 3123 Quemadmodum
1258 3066 1438 3113 autem
1491 3057 1689 3113 Jaunes
1714 3066 1768 3112 et
1796 3058 2064 3113 Mambres
2090 3047 2135 3109 C
2169 3074 2276 3120 rem
2306 3080 2474 3135 prope
2513 3074 2743 3121 mortem
2767 3066 2961 3135 'potu’u
3012 3065 3331 3135 praevidere,
3359 3081 3483 3121 cum
3528 3066 3634 3121 hoc
3680 3066 3749 3119 sit

488 3148 802 3202 restiterunt
837 3147 1026 3218 Moysi,
1061 3148 1136 3202 ita
1179 3159 1234 3204 et
1269 3150 1356 3205 isti
1390 3149 1650 3205 resistunt
1680 3151 1892 3206 veritati
1925 3168 1939 3205 :
1967 3151 2067 3205 ho-

488 3238 662 3294 mines
688 3240 926 3309 corrupti
967 3249 1165 3306 mente,
1202 3242 1416 3311 reprobi
1463 3243 1609 3298 circa
1640 3241 1799 3297 ﬁdem
1825 3261 1837 3297 :
1866 3244 1960 3298 sed
1991 3243 2069 3297 ul-

490 3338 572 3382 tra
604 3343 708 3381 non
732 3329 1031 3397 proficient.
1060 3329 1367 3400 lnsipientia
1396 3331 1539 3386 enim
1574 3347 1762 3387 eorum
1783 3332 2068 3388 manifesta

490 3422 596 3477 erit
626 3422 876 3476 omnibus
896 3462 910 3486 ,
940 3422 1080 3477 sicut
1124 3432 1179 3478 et
1223 3423 1437 3479 illorum
1484 3423 1603 3478 fuit.
1642 3424 1750 3481 Nec
1779 3425 1899 3481 ideo
1925 3426 2071 3495 quis-

488 3530 651 3585 quam
681 3514 905 3569 credcre
948 3514 1108 3570 debet
1154 3515 1420 3585 quoslibet
1470 3518 1693 3588 magicis
1733 3518 1939 3573 artibus
1975 3518 2073 3572 ali-

488 3602 617 3672 quid
660 3601 838 3657 facere
872 3617 1032 3671 posse
1068 3603 1183 3659 sine
1227 3606 1491 3675 permissu
1527 3607 1641 3671 Dei,
1670 3607 1922 3675 quoniam
1952 3622 2072 3676 quae

492 3693 648 3758 fiunt,
693 3701 786 3747 aut
806 3692 954 3764 justo
979 3689 1185 3760 judicio
1216 3693 1365 3759 facit,
1406 3704 1500 3749 aut
1546 3697 1810 3767 permissu
1860 3712 1958 3753 suo
1996 3698 2072 3753 ita

492 3781 608 3838 ﬁeri
640 3783 787 3847 sinit,
834 3783 975 3853 quod
1013 3784 1251 3853 praedicti
1298 3786 1437 3856 magi
1472 3785 1723 3856 leguntur
1765 3786 1961 3842 similia
1994 3786 2072 3841 fe-

492 3875 630 3929 cisse
657 3872 846 3945 Moysi,
876 3893 892 3926 ι
923 3874 1238 3945 quivirgam
1270 3891 1421 3930 suam
1452 3874 1701 3947 projecit,
1726 3884 1782 3931 et
1810 3892 2068 3934 conversa

498 3984 516 4016 ι
561 3974 647 4019 est
677 3965 731 4020 in
763 3966 1052 4020 draconem
1086 3984 1098 4019 :
1131 3967 1580 4038 projeceruntque
1610 3969 1709 4040 ipsi
1740 3969 1933 4042 singuli
1961 3971 2073 4024 vir-

497 4074 517 4107 ι
563 4072 657 4125 gas
683 4071 830 4120 suas,
857 4072 977 4126 quae
1006 4073 1176 4111 versa:
1209 4067 1336 4113 sunt
1364 4060 1415 4113 in
1449 4060 1713 4117 dracones
1743 4081 1757 4117 :
1788 4064 1883 4119 sed
1911 4064 2073 4118 devo—

497 4162 516 4195 ι
558 4144 700 4198 ravit
723 4144 873 4214 virga
900 4145 1081 4198 Aaron
1100 4145 1281 4215 virgas
1307 4162 1492 4202 eorum
1523 4146 1718 4219 (Exod.
1745 4150 1863 4222 vn).
1900 4172 1916 4203 ›
1953 4150 2069 4207 Νοη

490 4249 621 4306 ergo
660 4233 878 4291 fuerunt
925 4244 1205 4313 creatorcs
1251 4236 1583 4303 draconum,
1615 4255 1714 4294 nec
1758 4243 1933 4314 magi,
1972 4258 2072 4298 nec

490 4322 663 4392 angeli
696 4321 846 4388 mali,
890 4323 1087 4393 quibus
1129 4323 1388 4379 ministris
1436 4324 1523 4378 illa
1566 4329 1949 4396 operabantur.
1982 4332 2070 4385 ln-

493 4424 620 4469 sunt
642 4414 786 4470 enim
818 4415 982 4469 rebus
1011 4417 1288 4487 corporeis
1311 4433 1408 4486 per
1431 4418 1611 4472 omnia
1635 4419 1897 4475 elementa
1920 4439 2072 4477 mun-

489 4503 566 4569 di,
616 4505 859 4574 quzedam
908 4505 1133 4559 occulta:
1188 4506 1491 4562 seminaria:
1539 4508 1776 4565 rationes
1822 4527 1834 4563 :
1877 4512 2073 4580 quibus

491 4613 613 4650 cum
636 4596 760 4651 data
776 4596 940 4653 fuerit
962 4599 1339 4668 opportunitas
1357 4599 1689 4670 temporalis,
1714 4611 2073 4672 prorumpunt

493 4685 546 4738 in
580 4686 791 4754 species
822 4686 1033 4742 debitas
1063 4687 1176 4742 suis
1216 4688 1390 4743 modis
1412 4696 1467 4743 et
1498 4690 1692 4745 tinibus
1724 4710 1736 4744 :
1770 4699 1825 4745 et
1856 4693 1934 4746 sic
1964 4708 2071 4747 non

491 4772 743 4829 dicuntur
762 4777 933 4847 angeli
957 4779 1047 4848 qui
1074 4779 1173 4833 ista
1205 4778 1743 4836 faciuntanimalium
1774 4786 2069 4850 creatures,

491 4862 634 4917 sicut
662 4878 763 4918 nec
799 4867 1069 4936 agricolae,
1102 4879 1344 4939 segetum
1392 4870 1477 4925 vel
1510 4872 1763 4927 arborum
1812 4875 1896 4928 vel
1935 4890 2071 4945 quo-

495 4967 829 5025 rumcunque
871 4957 925 5011 in
963 4967 1110 5013 terra
1156 4960 1490 5031 gignentium
1532 4971 1806 5019 creatures
1856 4966 2069 5020 dicendi

494 5055 636 5111 sunt,
673 5048 921 5117 quamvis
949 5061 1215 5105 noverunt
1253 5055 1494 5123 prmbere
1540 5057 1801 5125 quasdam
1835 5057 2073 5113 visibiles

448 5157 451 5161 ν
494 5137 925 5210 opportunitates
953 5148 1007 5195 et
1030 5155 1244 5206 causas,
1269 5152 1329 5198 ut
1352 5144 1439 5199 illa
1462 5155 1770 5201 nascantur.
1796 5147 1947 5215 Quod
1973 5165 2070 5203 au-

497 5238 606 5284 tem
631 5229 718 5285 isti
745 5228 950 5286 faciunt
977 5231 1281 5298 visibiliter,
1307 5236 1411 5291 hoc
1437 5236 1510 5290 illi
1542 5238 1902 5294 invisibiliter.
1935 5241 2073 5296 Deus

496 5336 627 5378 vero
650 5323 817 5389 solus,
846 5340 987 5380 unus
1016 5333 1233 5380 creator
1256 5337 1359 5393 est,
1392 5329 1483 5398 qui
1508 5344 1701 5385 causas
1736 5331 1879 5401 ipsas
1901 5340 1956 5386 et
1983 5348 2073 5386 ra-

500 5413 671 5468 tiones
709 5415 1028 5471 seminarias
1060 5414 1222 5470 rebus
1270 5416 1517 5472 inseruit.
1551 5417 1820 5476 Praeterea
1856 5423 2072 5491 quidam

497 5503 843 5568 qumrendum
866 5504 1340 5574 putantquomodo
1365 5504 1643 5577 Scriptura
1662 5517 1847 5563 narret
1868 5507 1919 5581 (1
1943 5508 2072 5580 Reg.

493 5592 1052 5663 xxvut)pythonissam
1088 5596 1391 5653 Samuelem
1434 5599 1751 5669 prophetam
1788 5601 2077 5659 suscitasse

2168 3157 2312 3212 unde
2337 3156 2495 3223 fallit,
2519 3164 2656 3212 et'se
2685 3157 2739 3211 in
2767 3157 2863 3212 Dei
2903 3164 3171 3226 potestate
3195 3155 3313 3211 vult
3337 3154 3573 3210 adorari.
3611 3154 3745 3209 Nam

2170 3256 2319 3302 tanta
2365 3248 2692 3303 hebetudine
2731 3249 2955 3303 demens
3003 3246 3226 3302 effectus
3262 3256 3350 3303 est
3392 3246 3547 3313 Saul,
3572 3256 3635 3301 ut
3681 3246 3749 3301 ad

2169 3339 2543 3409 pythonissam
2591 3336 2927 3410 confugeret.
2976 3336 3315 3408 Depravatus
3358 3338 3537 3401 enim,
3587 3349 3749 3391 causa

2169 3429 2403 3499 peccati,
2438 3427 2505 3483 ad
2532 3429 2646 3483 hzec
2687 3444 2747 3484 se
2788 3427 3041 3493 contulit,
3087 3442 3206 3497 qua:
3245 3428 3619 3482 damnaverat.
3645 3424 3750 3480 Sed

2172 3518 2216 3573 si
2248 3520 2372 3589 quis
2393 3529 2612 3590 propter
2639 3522 2924 3577 historiam
2955 3530 3017 3577 ut
3047 3536 3110 3576 ea
3137 3537 3258 3591 qua:
3286 3521 3468 3577 verbis
3495 3536 3748 3591 expressa

2171 3621 2316 3678 sunt,
2358 3621 2512 3682 putet
2560 3628 2666 3669 non
2710 3613 3194 3683 prmtermittenda,
3222 3630 3291 3670 ne
3343 3614 3483 3669 ratio
3513 3612 3747 3668 historia

2172 3707 2350 3762 inanis
2405 3707 2499 3772 sit,
2544 3715 2695 3762 recte
2741 3706 2903 3762 faciet
2931 3707 3173 3777 quidem,
3202 3707 3249 3762 si
3300 3715 3480 3761 tamen
3534 3704 3750 3759 minime

2172 3794 2315 3849 istud
2342 3793 2408 3848 ad
2439 3794 2550 3849 veri
2581 3795 2755 3865 rapiat
2794 3794 3080 3859 rationem,
3130 3794 3226 3849 sed
3268 3793 3337 3848 ad
3382 3793 3561 3847 visum
3587 3800 3644 3847 et
3670 3794 3749 3846 in-

2172 3884 2447 3940 tellectum
2489 3884 2639 3940 Saul.
2677 3884 2862 3954 Neque
2901 3885 3045 3940 enim
3087 3884 3352 3953 reprobus
3378 3881 3583 3948 factus,
3606 3890 3749 3952 pote-

2174 3983 2260 4030 rat
2285 3976 2488 4031 bonum
2509 3975 2837 4030 intellectum
2861 3974 3082 4031 habere.
3105 3973 3409 4029 Historicus
3429 3974 3581 4028 enim
3608 3988 3750 4027 men-

2173 4076 2283 4123 tem
2316 4067 2444 4123 Saul
2484 4075 2539 4123 et
2582 4067 2823 4123 habitum
2868 4066 3144 4123 Samuelis
3184 4065 3493 4135 descripsit,
3532 4079 3599 4120 ea
3633 4079 3750 4135 quae

2175 4157 2317 4212 dicta
2347 4166 2402 4213 et
2427 4158 2543 4213 visa
2569 4166 2696 4213 sunt
2719 4158 3028 4229 exprimens
3061 4177 3074 4212 :
3107 4158 3530 4229 praetermittens
3557 4157 3604 4212 si
3626 4171 3751 4211 vera

2176 4264 2243 4301 an
2271 4246 2406 4304 falsa
2431 4249 2559 4304 sint.
2587 4249 2725 4315 Quid
2750 4250 2894 4304 enim
2926 4250 3035 4304 ait?
3063 4249 3302 4305 Audiens
3337 4250 3395 4305 in
3428 4264 3540 4319 quo
3570 4248 3751 4303 habitu

2176 4348 2320 4396 esset
2345 4342 2631 4408 excitatus,
2651 4341 2938 4407 lntellexit,
2970 4341 3165 4412 inquit,
3187 4341 3331 4396 hunc
3359 4356 3480 4395 esse
3510 4337 3745 4395 Samuel.

2175 4430 2310 4498 Quia
2356 4431 2700 4498 intellexerit,
2748 4431 2975 4487 retulit:
3007 4439 3063 4487 et
3101 4430 3227 4501 quia
3266 4445 3375 4485 non
3412 4429 3553 4484 bene
3594 4426 3750 4483 intel-

2176 4523 2330 4587 lexit,
2362 4532 2552 4577 contra
2580 4522 2916 4593 Scripturam
2967 4522 3132 4576 alium
3173 4520 3421 4577 adoravit
3460 4535 3623 4589 quam
3649 4520 3752 4575 Do-

2176 4612 2380 4666 minum
2412 4631 2425 4665 2
2454 4620 2509 4666 et
2533 4620 2728 4682 putans
2760 4611 3084 4676 Sainuelem,
3113 4610 3361 4665 adoravit
3392 4608 3667 4664 diabolum
3693 4618 3752 4663 ut

2175 4700 2408 4758 fructum
2442 4701 2666 4758 fallaciae
2690 4717 2802 4757 suae
2841 4703 3086 4757 haberet.
3119 4701 3352 4757 Satanas
3373 4701 3477 4756 hoc
3500 4700 3649 4755 enim
3671 4702 3752 4755 ni-

2177 4793 2330 4858 titur,
2359 4802 2418 4847 ut
2440 4794 2696 4849 adoretur
2722 4794 2876 4863 quasi
2903 4795 3064 4848 Deus.
3096 4793 3154 4849 Si
3185 4793 3331 4848 enim
3357 4808 3488 4849 vere
3526 4792 3749 4851 Samuel

2179 4881 2255 4936 illi
2278 4883 2634 4952 apparuisset,
2671 4898 2779 4937 non
2804 4885 2990 4953 utique
3016 4884 3099 4939 vir
3119 4882 3298 4952 justus
3332 4883 3671 4954 permisisset
3696 4897 3753 4938 se

2179 4974 2416 5038 adorari,
2448 4975 2539 5043 qui
2570 4974 2956 5044 praedicaverat
2992 4975 3275 5030 Dominum
3305 4973 3479 5030 solum
3513 4990 3637 5030 esse
3662 4974 3752 5030 ad-

2178 5067 2439 5121 orandum
2472 5083 2486 5120 :
2520 5074 2575 5120 et
2604 5066 2874 5135 quomodo
2900 5067 3061 5122 homo
3086 5065 3180 5120 Dei
3207 5065 3299 5135 qui
3325 5081 3451 5121 cum
3477 5064 3751 5120 Abraham

2180 5158 2235 5212 in
2271 5155 2554 5226 refrigerio
2581 5165 2721 5223 erat,
2746 5156 2961 5212 dicebat
2986 5156 3054 5211 ad
3085 5156 3263 5211 virum
3300 5153 3646 5226 pestilentiae,
3675 5154 3752 5210 di—

2181 5261 2343 5315 gnum
2381 5246 2578 5300 ardore
2612 5246 2872 5314 gehennae
2905 5246 3075 5303 :Cras
3110 5261 3321 5302 mecum
3348 5247 3479 5301 eris.
3506 5244 3606 5300 His
3626 5246 3753 5301 duo-

2179 5334 2280 5388 hus
2308 5333 2481 5387 titulis
2509 5333 2862 5390 subtilitatem
2889 5334 3114 5390 fallacia:
3143 5350 3254 5390 suae
3280 5334 3518 5405 providit
3556 5336 3753 5405 impro-

2179 5423 2332 5478 vidus
2358 5422 2590 5480 Satanas
2620 5440 2633 5479 :
2667 5426 2794 5495 quia
2830 5434 2887 5481 et
2916 5426 3130 5482 adorari
3170 5441 3232 5482 se
3258 5426 3506 5498 permisit
3533 5427 3637 5482 sub
3664 5426 3754 5481 ha-

2178 5512 2293 5566 bitu
2331 5521 2386 5568 et
2432 5514 2654 5569 nomine
2705 5514 2972 5570 Samuelis
3009 5526 3198 5571 contra
3235 5516 3407 5588 legem
3440 5525 3537 5572 :et
3583 5516 3752 5571 virum

2178 5607 2413 5675 peccatis
2439 5620 2708 5674 pressum,
2743 5623 2866 5663 cum
2906 5624 3101 5680 magna
3121 5609 3379 5664 distantia
3413 5617 3755 5680 peccatorum
