4028 6196
372 237 502 289 ιιυι

1607 244 1695 306 DE
1735 244 2007 307 MAGICIS
2047 246 2368 311 AllTlBUS.

3479 256 3619 328 “09

369 366 423 413 et
452 355 722 427 justorum
761 357 854 423 sit,
898 373 1021 414 cum
1057 357 1310 415 Samuele
1348 358 1654 427 justissimo
1700 360 1939 416 futurum
1967 370 2016 430 Α
2043 371 2258 418 trantur
2287 381 2300 418 :
2335 364 2626 434 instigante
2669 367 2904 421 maxime
2938 356 3069 424 vitio
3103 352 3456 441 curiositatis,
3491 393 3620 447 prur-

368 448 626 501 mentitus
659 456 763 512 est,
808 463 996 504 verum
1035 458 1216 519 potest
1252 450 1448 515 videri,
1488 451 1534 504 si
1579 451 1646 505 de
1676 450 1944 507 Samuelis

368 537 584 591 nomine
621 546 910 593 taceatur:
941 541 1066 607 quia
1117 538 1249 594 Saul
1292 553 1417 593 cum
1476 538 1692 594 diabolo
1732 539 1944 595 futurus
1968 554 1992 567 ‘

366 636 486 681 erat
511 643 525 681 :
554 628 619 680 ad
646 642 772 682 eum
820 629 965 682 enim
1013 631 1417 702 transmigravit
1465 645 1625 701 quem
1673 629 1940 686 adoravit.

367 717 595 789 Semper
623 735 752 790 ergo
773 720 1023 776 diabolus
1041 722 1143 776 sub
1168 724 1435 780 velamine
1456 724 1632 779 latens
1660 722 1837 792 prodit
1863 736 1940 785 se,

368 808 496 864 dum
525 826 590 866 ea
626 811 907 882 conﬁngit,
940 827 1061 881 qure
1109 814 1368 868 horreant
1416 829 1664 884 persona;
1691 828 1788 882 per
1810 827 1946 882 quas

282 908 297 923 ‘
369 902 556 958 fallere
579 905 788 958 nititur.
823 905 880 959 Si
908 913 1091 963 autem
1117 906 1314 977 aliquis
1357 908 1488 963 mihi
1516 909 1739 978 opponit
1769 922 1833 961 ac
1859 907 1943 960 di-

364 998 441 1053 cit
468 998 783 1062 :Quomoi-lo
817 992 1073 1052 eveniunt
1122 999 1234 1059 illa,
1279 1015 1399 1068 quae
1431 1000 1504 1053 illi
1537 1000 1702 1054 divini
1735 1008 1790 1053 et
1827 1012 1947 1067 pro-

361 1085 539 1154 pheta:
572 1087 689 1140 falsi
726 1086 1024 1155 prtedicunt
1057 1086 1275 1143 futura?
1302 1096 1395 1142 aut
1425 1089 1696 1159 quomodo
1718 1094 1944 1157 possunt

362 1177 523 1246 aegris
541 1178 785 1246 praebere
812 1178 1100 1243 medelam,
1129 1186 1225 1232 aut
1267 1179 1414 1233 sanis
1458 1178 1753 1233 immittere
1789 1176 1948 1246 πει-ἰ-

322 1338 325 1339 ν
364 1270 626 1333 tudinem,
653 1269 698 1322 si
736 1267 939 1336 aliquid
982 1268 1217 1338 propriae
1259 1268 1480 1323 virtutis
1535 1283 1601 1323 ac
1652 1266 1943 1336 potestatis

331 1346 470 1417 'uon
498 1360 732 1415 habent?
760 1358 874 1415 Hoc
921 1375 953 1414 a
1003 1374 1092 1414 me
1136 1358 1367 1429 recipiat
1421 1373 1764 1428 responsum,
1802 1357 1943 1426 quod

363 1456 487 1513 ideo
520 1455 806 1526 quisquam
834 1469 938 1510 nou
969 1455 1129 1510 debet
1159 1456 1241 1511 eis
1266 1455 1514 1519 credere,
1547 1458 1675 1526 quia
1706 1454 1946 1524 aliquau-

362 1548 714 1603 doeveniunt
750 1561 871 1616 quae
907 1547 1236 1616 praedicunt,
1292 1554 1387 1601 aut
1444 1561 1642 1602 sanare
1689 1547 1945 1601 videntur

362 1638 648 1709 languidos
673 1636 759 1692 vel
780 1637 980 1692 ltedere
1006 1652 1170 1692 sanos
1201 1652 1215 1691 :
1247 1638 1373 1707 quia
1407 1638 1509 1692 hoc
1545 1637 1813 1707 permissu
1848 1635 1942 1691 Dei

2041 463 2167 524 pter
2185 469 2424 509 amorem
2446 454 2718 511 felicitatis
2747 457 2894 512 falsae
2919 467 3081 529 atque
3112 470 3339 519 terrena:
3364 475 3422 521 et
3445 456 3622 525 excelv

2042 544 2222 599 lentia:
2250 545 2579 616 temporalis.
2614 545 2715 613 Qui
2752 558 2931 603 autem
2956 564 3014 604 se
3044 552 3112 604 ab
3136 552 3216 607 eis
3238 555 3623 624 cupiditatibus

2046 637 2326 701 mundant,
2351 651 2451 690 nec
2478 637 2557 691 eis
2590 652 2651 692 se
2696 636 2947 694 ferendos
2977 642 3370 713 rapiendosque
3399 649 3623 715 permit.

2045 734 2185 791 tunt,
2211 727 2306 781 sed
2348 727 2627 796 inquirunt
2671 737 2727 782 et
2777 738 2962 783 amant
3007 723 3227 801 aliquid,
3262 737 3403 804 quod
3432 738 3620 793 eodem

2044 817 2205 871 modo
2243 831 2458 887 semper
2500 828 2615 881 est,
2646 818 2801 889 cujus
2842 816 3258 892 participatione
3305 818 3448 881 beati
3494 817 3621 893 sint,

2044 905 2276 975 primum
2303 906 2651 961 considerant
2676 923 2783 961 non
2799 909 2935 980 ideo
2958 910 3058 964 sibi
3084 918 3472 983 praeponendos
3502 932 3622 972 esse

2045 996 2335 1060 dzemones,
2375 997 2519 1067 quod
2546 998 2757 1053 acriore
2809 1015 2967 1055 sensu
3014 1005 3257 1072 corporis
3305 1006 3619 1075 praevalent,

2045 1086 2188 1140 aeris
2215 1085 2442 1153 scilicet,
2473 1087 2576 1143 hoc
2609 1096 2694 1143 est
2726 1090 3027 1147 subtilioris
3051 1093 3301 1149 elementi
3327 1113 3339 1150 :
3372 1098 3496 1166 quia
3522 1115 3623 1154 nec

2047 1174 2176 1243 ipsis
2216 1176 2444 1231 terrenis
2486 1179 2805 1247 corporibus
2850 1180 3053 1238 bestias
3090 1185 3192 1240 sibi
3237 1190 3625 1256 praeponendae

2044 1271 2254 1334 putant,
2278 1280 2398 1335 qua:
2424 1268 2605 1322 acrius
2640 1268 2809 1323 multa
2851 1274 3206 1340 pnesentiunt
3232 1293 3245 1328 :
3274 1276 3437 1333 veluti
3465 1293 3621 1350 saga!

2046 1368 2163 1409 cem
2208 1370 2417 1420 canem,
2462 1359 2587 1427 quia
2623 1359 2879 1416 latentem
2910 1362 3081 1423 feram
3110 1360 3311 1422 olfactu
3357 1372 3622 1434 acerrimo

2046 1446 2125 1500 sic
2162 1447 2387 1515 invenit,
2420 1457 2478 1501 ut
2499 1449 2564 1503 ad
2607 1465 2726 1506 eam
2756 1454 3073 1524 capiendam
3097 1497 3112 1522 ,
3143 1458 3397 1515 ducatum
3424 1476 3618 1533 quem.

2032 1538 2168 1618 .dam
2201 1540 2403 1595 homini
2439 1543 2683 1611 praebeat
2714 1562 2727 1596 :
2775 1559 2880 1599 non
2925 1542 3110 1618 utique
3157 1551 3503 1619 prudentiore
3537 1554 3621 1611 iu-

2046 1626 2259 1683 tellectu
2310 1629 2511 1695 animi,
2553 1632 2647 1686 sed
2693 1631 2938 1690 acutiore
2991 1640 3238 1708 corporis
3289 1656 3449 1697 sensu
3492 1644 3621 1701 :vel

365 1729 444 1793 ﬁt,
471 1736 531 1782 ut
558 1729 655 1798 ipsi
691 1729 925 1798 quibam
961 1729 1187 1783 audiunt
1224 1730 1310 1785 vel
1352 1730 1557 1794 vident,
1599 1730 1939 1800 probentur:
1973 1716 2019 1774 Β
2046 1719 2311 1775 “Illurth
2333 1761 2347 1788 ς
2396 1723 2521 1791 Cl“ia
2585 1724 2823 1795 PT0l€CIO
2875 1722 3159 1796 cadavere.
3211 1747 3275 1787 ex
3333 1734 3621 1804 improvisa

364 1829 423 1874 et
447 1827 703 1889 appareat
733 1819 877 1889 quali
900 1818 1006 1873 ﬁde
1034 1819 1142 1873 sint
1166 1820 1249 1875 vel
1278 1821 1563 1876 devotione
1586 1834 1716 1891 erga
1751 1818 1939 1872 Deum.

262 1940 271 1945 ι
365 1909 521 1982 Sicut
549 1909 602 1962 in
638 1909 1056 1963 Deuteronomio
1077 1909 1275 1978 legitur
1301 1910 1510 1982 Moyses
1537 1910 1703 1965 verbo
1728 1909 1942 1964 Domini

361 1979 562 2067 pupillo
592 1998 683 2052 Dei
714 1998 1034 2068 prmeepisse
1062 1997 1135 2052 ita
1159 1998 1345 2054 dicens
1378 1979 1400 2052 τ’
1431 2018 1448 2050 ι
1487 1999 1544 2054 Si
1566 2001 1864 2055 surrexerit
1891 2000 1949 2053 in

368 2107 390 2139 ι
438 2088 613 2148 medio
637 2089 713 2142 tui
743 2089 1052 2159 pr0phetes,
1087 2098 1180 2143 aut
1221 2090 1313 2159 qui
1351 2091 1619 2145 somnium
1661 2092 1859 2145 vidisse
1886 2105 1945 2145 se

369 2199 391 2231 c
437 2180 604 2244 dicat,
641 2189 696 2237 et
732 2182 1045 2251 praedixerit
1071 2183 1283 2253 signum
1315 2192 1476 2251 atque
1516 2190 1849 2252 portentum,
1890 2190 1945 2238 et

370 2288 391 2320 ι
439 2272 683 2326 evenerit
709 2273 853 2341 quod
901 2272 1113 2329 locutus
1138 2283 1242 2337 est,
1270 2283 1323 2330 et
1360 2274 1559 2329 dixerit
1585 2274 1678 2329 tibi
1709 2274 1946 2329 :Eamus

368 2379 391 2411 ι
418 2370 495 2416 et
524 2375 816 2428 sequamur
836 2363 967 2417 deos
989 2364 1215 2431 alienos,
1238 2380 1374 2435 quos
1399 2365 1636 2435 ignoras,
1660 2374 1716 2418 et
1741 2365 1946 2418 servia-

368 2469 389 2501 ι
436 2466 559 2505 mus
588 2450 669 2505 eis
695 2468 710 2516 ;
745 2467 850 2505 non
877 2454 1062 2509 audies
1093 2456 1256 2511 verba
1290 2456 1568 2526 prepheta:
1597 2463 1689 2509 aut
1715 2454 1947 2509 somnia-

369 2562 392 2592 ε
437 2542 576 2597 toris
603 2542 781 2612 hujus,
816 2544 939 2612 quia
969 2553 1141 2601 tentat
1161 2562 1257 2602 vos
1295 2548 1555 2603 Dominus
1581 2548 1722 2603 Deus
1740 2556 1942 2613 vester,

373 2656 393 2687 ι
439 2645 500 2691 ιιι
529 2637 704 2705 palam
732 2636 825 2691 ﬁat
857 2648 1036 2693 utrum
1066 2639 1300 2710 diligatis
1336 2656 1461 2695 eum
1495 2656 1563 2694 an
1608 2656 1714 2695 non
1748 2640 1798 2694 in
1827 2648 1942 2695 toto

374 2747 398 2780 ‹
439 2727 602 2782 corde
632 2735 689 2782 et
730 2729 786 2781 in
829 2738 940 2783 tota
987 2730 1166 2785 anima
1207 2738 1408 2785 vestra.
1440 2732 1729 2786 Dominum
1775 2733 1944 2787 Deum

376 2837 399 2869 ε
442 2826 681 2872 vestrum
718 2820 1029 2889 sequimini,
1063 2830 1118 2875 et
1151 2821 1327 2891 ipsum
1353 2822 1563 2890 timete,
1603 2823 1853 2878 mandata
1883 2822 1946 2878 il-

379 2925 400 2958 ι
444 2907 547 2963 lius
574 2909 862 2975 custodite,
887 2918 944 2965 et
978 2911 1163 2966 audite
1194 2927 1381 2968 vocem
1417 2914 1535 2983 ejus
1571 2931 1583 2968 :
1614 2914 1714 2984 ipsi
1743 2914 1947 2970 servie-

377 3018 398 3050 ι
442 3000 546 3064 tis,
586 3009 642 3054 et
691 3000 793 3070 ipsi
843 3001 1220 3066 adhaerebitis,
1256 3022 1276 3055 ι
1309 3012 1413 3057 etc.
1451 3002 1630 3073 (Deut.
1666 3003 1809 3075 xm.)
1846 3004 1943 3060 Ubi

371 3103 506 3145 sane
532 3090 756 3162 intelligi
796 3091 971 3146 voluit
1003 3093 1174 3146 etiam
1206 3092 1318 3158 illa,
1362 3109 1481 3163 quae
1519 3109 1551 3148 a
1582 3094 1945 3152 divinantibus

373 3197 481 3237 non
524 3183 817 3238 secundum
852 3184 1019 3238 Deum
1074 3184 1362 3249 dicuntur,
1405 3186 1450 3240 si
1487 3187 1788 3242 acciderint
1828 3204 1948 3258 qum

372 3271 653 3333 dicuntur,
695 3287 801 3325 non
838 3274 1148 3343 accipienda
1183 3292 1197 3327 :
1230 3275 1319 3330 vel
1357 3277 1520 3330 etiam
1569 3277 1615 3331 si
1661 3277 1789 3332 ﬁant
1826 3295 1948 3348 qua:

371 3363 763 3432 praecipiuntur
804 3364 872 3417 ah
898 3364 995 3428 eis,
1029 3372 1123 3418 aut
1157 3365 1409 3421 colantur
1452 3382 1572 3438 quae
1604 3368 1855 3424 coluntur
1882 3370 1949 3424 ab

372 3454 473 3506 eis.
501 3452 610 3506 Nec
635 3461 834 3522 praeter
862 3469 1015 3509 suam
1038 3464 1361 3529 potestatem
1387 3459 1530 3514 Deus
1553 3460 1787 3515 ostendit
1808 3476 1946 3527 esse,

373 3543 519 3612 quod
542 3544 645 3598 ista
675 3545 996 3614 contingunt
1023 3563 1037 3599 :
1063 3546 1157 3601 sed
1186 3548 1340 3617 quasi
1382 3559 1736 3618 quaareretur,
1765 3568 1861 3610 cur
1884 3566 1949 3607 ea

372 3636 662 3704 permittit,
703 3650 920 3691 causam
973 3639 1294 3694 tentationis
1333 3643 1600 3712 exposuit,
1651 3645 1717 3698 ad
1756 3659 1953 3714 cogno-

375 3728 633 3783 scendam
673 3730 872 3798 utique'
892 3746 1077 3785 eorum
1106 3731 1477 3799 dilectionem,
1506 3742 1686 3789 utrum
1716 3752 1834 3790 eam
1860 3739 1952 3791 ha-

373 3819 542 3874 beant
562 3832 693 3889 erga
722 3820 887 3877 Deum
919 3835 1075 3874 suum
1105 3838 1119 3874 :
1161 3825 1597 3892 cognoscendum
1621 3838 1751 3879 vero
1776 3826 1844 3880 ab
1875 3827 1954 3897 ip-

374 3910 453 3964 sis
476 3911 655 3981 potius
683 3927 844 3980 quam
889 3913 1099 3978 abillo,
1148 3915 1240 3984 qui
1295 3917 1397 3971 scit
1435 3917 1616 3971 omnia
1663 3926 1951 3995 antequam

377 3998 531 4054 fiant.
561 4001 851 4056 Sciendum
874 4018 1006 4059 vero
1043 4013 1145 4069 est,
1193 4007 1336 4062 hanc
1383 4007 1683 4062 daemonum
1708 4024 1827 4064 esse
1855 4026 1951 4065 na—

376 4099 578 4156 turam,
606 4100 667 4144 ut
691 4092 835 4146 aerei
864 4094 1107 4162 corporis
1154 4108 1338 4161 sensu,
1383 4104 1721 4152 terrenorqu
1756 4114 1947 4175 corpo—

375 4198 499 4236 rum
526 4198 742 4238 sensum
779 4184 935 4240 facile
962 4186 1265 4255 przecedant
1288 4201 1304 4251 ;
1331 4189 1607 4246 celeritate
1642 4192 1805 4246 etiam
1825 4207 1950 4262 pro-

372 4284 498 4345 pter
525 4276 670 4330 aerei
717 4277 959 4347 corporis
1006 4279 1342 4348 superiorem
1390 4282 1786 4349 mobilitatem,
1840 4301 1946 4340 non

373 4364 548 4418 solum
578 4380 770 4421 cursus
802 4368 1164 4435 quorumlibet
1212 4371 1490 4426 hominum
1551 4374 1635 4429 vel
1687 4373 1942 4441 ferarum,

373 4470 563 4510 verum
603 4456 768 4509 etiam
819 4456 1030 4514 volatus
1073 4461 1253 4515 avium
1288 4462 1783 4532 incomparabiliter
1824 4466 1943 4519 vin-

373 4554 501 4600 cant
532 4563 545 4598 :
579 4546 779 4616 quibus
803 4547 1012 4603 duabus
1035 4549 1196 4606 rebus
1211 4536 1475 4623 quantum.
1492 4555 1559 4609 ad
1582 4571 1796 4615 aereum
1819 4571 1943 4611 cor-

372 4651 475 4704 pus
501 4637 716 4701 attinet,
745 4638 974 4706 praediti,
1006 4638 1108 4695 hoc
1131 4649 1215 4696 est
1242 4644 1536 4698 acrimonia
1563 4660 1752 4705 sensus
1774 4654 1825 4700 et
1855 4662 1945 4701 ce-

374 4728 590 4782 leritate
639 4742 837 4796 motus,
884 4731 1054 4789 multo
1104 4742 1230 4788 ante
1284 4735 1515 4804 cogitata
1580 4739 1949 4807 prmnuntiant

372 4818 459 4872 vel
491 4822 764 4886 nuntiant,
797 4838 917 4892 qum
946 4824 1194 4880 homines
1230 4840 1329 4896 pro
1367 4841 1557 4881 sensus
1596 4829 1796 4883 terreni
1835 4838 1946 4884 tar-

373 4909 543 4962 ditate
572 4909 858 4965 mirentur.
882 4912 1129 4967 Accessit
1161 4914 1326 4968 etiam
1353 4915 1687 4969 dmmonibus
1716 4932 1813 4988 per
1837 4925 1944 4975 tam

374 5000 592 5071 longum
622 5009 853 5070 tempus,
890 5016 999 5071 quo
1022 5017 1210 5058 eorum
1234 5004 1342 5057 vita
1372 5005 1738 5073 protenditur,
1765 5020 1944 5060 rerum

374 5090 530 5158 longe
546 5089 720 5159 major
731 5092 1087 5160 experientia,
1112 5108 1273 5162 quam
1298 5102 1478 5162 potest
1500 5094 1807 5149 hominibus
1830 5110 1948 5165 pro-

372 5191 496 5250 pter
545 5180 869 5237 brevitatem
927 5184 1052 5239 vita:
1105 5186 1407 5254 provenire.
1466 5184 1570 5239 Per
1630 5187 1729 5240 has
1772 5185 1949 5242 eﬁica-

372 5272 491 5325 eias
511 5285 647 5339 quas
671 5273 804 5326 aerii
827 5275 1071 5343 corporis
1094 5282 1284 5327 natura
1316 5275 1506 5328 sortita
1527 5284 1630 5341 est,
1646 5291 1750 5329 non
1775 5275 1945 5329 solum

373 5361 542 5415 multa
594 5362 777 5418 futura
830 5366 1129 5435 prtedicunt
1175 5367 1483 5432 dte-mones,
1539 5383 1726 5422 verum
1782 5369 1945 5423 etiam

374 5452 510 5507 mira
542 5454 707 5510 multa
761 5455 1003 5511 faciunt:
1038 5472 1158 5527 quae
1187 5458 1442 5526 quoniam
1477 5459 1724 5513 homines
1766 5458 1947 5513 dicere

373 5559 439 5599 ac
474 5545 651 5602 facere
699 5562 805 5602 non
835 5557 1079 5614 possunt,
1109 5563 1204 5603 eos
1232 5547 1422 5618 dignos
1473 5549 1688 5617 quidam
1749 5547 1946 5617 quibus

371 5639 633 5703 serviant,
665 5653 721 5695 et
746 5645 943 5701 quibus
968 5642 1179 5696 divinos
1228 5644 1462 5701 honores
1506 5638 1775 5707 deferant,
1799 5638 1946 5696 arbi-

2047 1807 2438 1880 longiuquitate
2485 1812 2697 1867 advolat
2728 1832 2741 1868 :
2773 1829 2873 1871 nec
2912 1818 3111 1886 aquila,
3164 1822 3286 1889 quia
3324 1824 3624 1883 sublimiter

2045 1899 2264 1966 volans,
2289 1902 2355 1956 de
2400 1909 2548 1956 tanto
2582 1904 2861 1962 intervallo
2896 1918 3168 1967 natantem
3224 1916 3324 1968 sub
3370 1916 3622 1975 fluctibus

2045 1988 2248 2058 piscem
2294 1990 2491 2046 dicitur
2540 1995 2844 2061 providere,
2883 2007 2937 2051 et
2963 2001 3204 2069 graviter
3252 2005 3408 2073 aquis
3454 2007 3617 2073 illisa,

2046 2081 2276 2135 exsertis
2319 2082 2545 2150 pedibus
2584 2092 2745 2154 atque
2783 2088 3052 2158 unguibus
3082 2105 3271 2161 rapere
3311 2112 3322 2147 :
3360 2110 3463 2152 nec
3510 2096 3613 2151 alia

2045 2171 2216 2225 multa
2242 2172 2590 2228 animantium
2633 2189 2827 2254 genera
2852 2218 2867 2243 ,
2897 2194 3017 2248 qum
3061 2180 3203 2236 inter
3241 2183 3437 2243 herbas
3461 2186 3621 2247 saluti

2046 2277 2159 2317 suae
2186 2264 2396 2329 noxias,
2417 2267 2687 2335 pascendo
2724 2269 3137 2340 circumerrant,
3173 2290 3271 2333 nec
3295 2274 3489 2348 aliquis
3531 2297 3623 2342 ea.

2047 2369 2165 2407 rum
2204 2370 2312 2424 quo
2351 2356 2642 2421 lmdantur,
2676 2358 2949 2430 attingunt
2981 2377 2994 2416 :
3026 2378 3149 2417 cum
3190 2380 3282 2422 eas
3327 2368 3487 2428 homo
3531 2373 3617 2435 vix

2047 2442 2372 2510 experiendo
2399 2459 2595 2499 cavere
2622 2446 2910 2514 didicerit,
2942 2458 2995 2504 et
3025 2452 3192 2507 multa
3236 2455 3451 2517 innoxia
3497 2475 3620 2523 cum

2047 2536 2156 2591 sint
2180 2536 2475 2608 inexperta,
2508 2539 2780 2596 formidet.
2834 2542 2984 2599 Unde
3024 2538 3297 2615 conjicere
3341 2540 3498 2609 facile
3540 2559 3626 2616 est

2047 2635 2307 2696 quantum
2361 2629 2530 2698 possit
2573 2630 2627 2684 in
2674 2632 2851 2687 aereis
2905 2635 3224 2708 corporibus
3274 2649 3467 2693 sensus
3499 2653 3621 2700 esse

2048 2715 2228 2769 acrior
2262 2730 2277 2769 :
2316 2731 2417 2772 nec
2460 2718 2582 2774 ideo
2625 2712 2804 2777 tamen
2844 2720 3117 2777 daemones
3163 2722 3253 2794 qui
3303 2740 3370 2782 eo
3411 2726 3623 2797 praediti

2046 2815 2195 2869 sunt,
2218 2804 2376 2861 bonis
2395 2806 2703 2864 hominibus
2728 2813 3116 2883 praeponendos
3136 2815 3376 2889 prudens
3396 2819 3625 2893 quisquq

2047 2896 2335 2950 censuerit.
2382 2896 2496 2953 Hoc
2537 2906 2592 2953 et
2632 2899 2699 2956 de
2730 2915 3017 2972 corporum
3063 2895 3342 2962 celeritate
3368 2908 3619 2974 dixerim,

2045 2984 2114 3039 Et
2142 2986 2258 3041 haec
2284 2986 2425 3041 enim
2455 2990 2765 3058 praestantia
2802 3007 2907 3047 non
2945 2991 3117 3049 solum
3139 3009 3169 3048 a
3193 2997 3503 3056 volucribus
3525 2999 3623 3058 ho-

1972 3076 2018 3138 C
2049 3077 2242 3143 mines,
2264 3094 2454 3134 verum
2489 3094 2519 3134 a
2552 3082 2736 3137 multis
2763 3084 2924 3138 etiam
2956 3085 3393 3157 quadrupedibus
3426 3089 3502 3145 ita
3529 3105 3624 3151 su~

2049 3176 2331 3234 perantur,
2361 3177 2423 3222 ut
2452 3170 2505 3223 in
2535 3185 2722 3226 eorum
2751 3175 3156 3243 comparatione
3198 3172 3433 3247 plumbei
3465 3197 3624 3253 τερα-ρ

2051 3256 2198 3311 tandi
2242 3258 2388 3312 sint:
2420 3274 2521 3312 nec
2550 3268 2726 3314 tamen
2778 3262 2900 3316 ideo
2945 3264 3049 3318 sibi
3104 3267 3221 3321 luce
3271 3271 3625 3333 animantium

2050 3363 2248 3417 genera
2299 3350 2615 3406 existimant
2663 3357 3018 3429 praeponenda
3056 3370 3069 3411 :
3103 3357 3299 3427 quibus
3350 3363 3626 3433 capiendis

2051 3448 2216 3509 atque
2257 3440 2312 3494 in
2354 3456 2466 3496 sua:
2499 3442 2794 3505 voluntatis
2819 3460 2976 3500 usum
3005 3444 3459 3522 commodumque
3488 3456 3627 3510 redi-

2051 3531 2258 3597 gendis,
2300 3545 2407 3585 non
2457 3531 2509 3585 vi
2563 3533 2827 3603 corporis,
2877 3535 2971 3590 sed
3024 3538 3249 3594 rationis
3296 3539 3624 3611 impertiant.

2050 3621 2199 3675 illam
2222 3638 2350 3677 vero
2371 3623 2583 3678 tertiam
2605 3624 2906 3680 dmmonum
2930 3631 3246 3696 potentiam,
3271 3634 3414 3703 quod
3436 3636 3626 3697 diurna

2052 3725 2233 3765 rerum
2263 3713 2593 3782 experientia
2625 3717 3073 3784 quemadmodum
3100 3733 3438 3792 prtenoscant
3463 3733 3625 3796 atque

2052 3804 2434 3873 praenuntient,
2464 3804 2630 3858 multa
2675 3805 2995 3874 didicerunt,
3026 3811 3098 3863 ita
3122 3820 3496 3876 contemnunt,
3533 3819 3626 3887 qui

2053 3892 2169 3946 haec
2226 3892 2512 3963 vigilanter
2560 3904 2758 3950 curant
2795 3912 2825 3951 a
2864 3899 3160 3959 verissima:
3216 3899 3354 3961 lucis
3403 3908 3631 3965 veritate

2050 3984 2381 4049 discernere,
2408 3995 2467 4040 ut
2491 4001 2589 4041 nec
2615 3987 2786 4043 malos
2813 4004 2970 4045 senes
2997 3991 3151 4067 plura
3178 4005 3451 4066 expertos,
3476 4008 3530 4054 et
3557 4001 3627 4056 ob

2052 4077 2153 4131 hoc
2179 4078 2333 4146 quasi
2358 4077 2626 4134 doctiores
2652 4079 2773 4135 ideo
2812 4082 2968 4158 probi
2994 4082 3361 4146 adolescentes
3389 4087 3492 4145 sibi
3534 4105 3629 4146 an-

2055 4168 2303 4224 tecellere
2354 4166 2705 4227 existiment:
2735 4178 2798 4226 ut
2836 4189 2938 4229 nec
2980 4176 3238 4240 medicos,
3268 4194 3368 4234 nec
3410 4190 3623 4245 nautas,

2050 4273 2153 4313 nec
2208 4259 2509 4331 agricolas,
2559 4277 2696 4332 quos
2750 4279 2930 4334 prava:
2992 4262 3283 4322 voluntatis
3329 4276 3384 4323 et
3427 4271 3627 4342 iniquis

2050 4350 2290 4407 moribus
2315 4352 2570 4415 viderint,
2596 4353 2718 4407 ideo
2751 4362 2939 4422 putent
2968 4355 3069 4411 sibi
3097 4372 3217 4411 esse
3242 4357 3626 4427 praeferendos,

2051 4442 2193 4511 quod
2226 4440 2297 4494 illi
2338 4441 2404 4496 de
2431 4442 2846 4505 valetudinibus,
2881 4443 2955 4496 illi
2989 4444 3056 4498 de
3086 4448 3517 4517 tempestatibus,
3548 4449 3621 4505 illi

2051 4533 2118 4587 de
2173 4533 2515 4587 arbustorum
2572 4531 2950 4603 fructuquue
3005 4536 3292 4609 generibus
3343 4539 3511 4594 multa
3549 4540 3621 4595 ita

2049 4626 2431 4695 praenuntiant,
2456 4632 2516 4678 ut
2544 4623 2732 4678 harum
2757 4638 2937 4680 rerum
2964 4628 3243 4699 inexperto
3268 4631 3510 4687 divinare
3541 4633 3623 4689 vi—

2050 4719 2299 4771 deantur.
2334 4717 2487 4784 Quod
2535 4730 2665 4773 vero
2706 4733 2812 4772 non
2851 4720 3026 4781 solum
3053 4723 3297 4789 quadam
3351 4722 3624 4784 daemones

2051 4808 2230 4862 futura
2281 4808 2613 4878 praedicunt,
2640 4824 2825 4863 verum
2871 4811 3034 4864 etiam
3064 4813 3309 4880 qumdam
3358 4814 3492 4869 mira
3544 4813 3625 4873 fa-

2047 4900 2219 4964 ciunt,
2249 4915 2348 4970 pro
2384 4899 2498 4968 ipsa
2528 4901 2711 4977 utique
2738 4900 2818 4955 sui
2849 4901 3093 4977 corporis
3122 4902 3460 4969 excellentia,
3490 4921 3620 4962 cura

2048 5009 2155 5047 non
2204 5000 2581 5047 contemnatur
2610 5007 2638 5044 a
2668 4992 3019 5061 prudentibus
3045 5010 3058 5045 :
3094 5007 3214 5046 cum
3242 4992 3484 5069 plerique
3525 4994 3626 5049 ini—

2049 5091 2139 5163 qui
2171 5106 2237 5145 ac
2282 5090 2474 5161 perditi
2519 5090 2764 5145 homines
2810 5088 2883 5143 ita
2915 5096 3205 5149 exerceant
3246 5103 3471 5156 corpora
3501 5105 3616 5157 sua,

2049 5192 2308 5253 tantaque
2336 5182 2566 5236 diversis
2612 5180 2821 5234 artibus
2843 5181 3068 5249 possint,
3102 5188 3161 5234 ut
3194 5180 3230 5233 ii
3255 5179 3346 5255 qui
3385 5181 3497 5241 hate
3529 5197 3620 5237 nc-

2049 5275 2249 5337 sciunt,
2295 5288 2395 5328 nec
2433 5271 2720 5342 aliquando
2768 5270 3037 5336 viderunt,
3066 5272 3228 5324 etiam
3278 5279 3495 5333 narrata
3530 5272 3619 5327 vix

2050 5364 2294 5427 credant,
2340 5377 2500 5431 quam
2543 5359 2709 5413 multa
2762 5358 3060 5413 funambuli
3100 5359 3386 5435 exterique
3424 5360 3619 5421 theatri

2049 5454 2307 5518 artiﬁces,
2329 5466 2489 5523 quam
2514 5450 2680 5504 multa
2702 5448 2920 5520 opiﬁces
2942 5450 3280 5518 maximeque
3302 5450 3618 5514 mechanici,

2050 5545 2293 5601 miranda
2323 5543 2586 5597 fecerunt.
2614 5541 2750 5596 Num
2780 5542 2901 5596 ideo
2930 5540 3177 5595 meliores
3215 5552 3340 5598 sunt
3365 5544 3539 5606 bonis,
3570 5553 3619 5600 ct

2047 5643 2233 5697 sancta
2260 5634 2461 5712 pietate
2485 5630 2731 5711 praeditis
2756 5629 3099 5692 hominibus?
3151 5629 3281 5703 Qua:
3328 5631 3449 5693 idco
3474 5646 3593 5689 eius
