4028 6196
402 224 536 285 1103

1058 223 1125 277 Β.
1168 218 1415 277 RABANI
1454 222 1670 278 MAURI
1710 222 2024 277 ARCHIEP.
2066 212 2370 279 MOGUNT.
2412 224 2692 281 OPERUM
2732 227 2909 283 PARS
2948 230 3008 283 ll.

3509 232 3656 287 illi-iv

398 334 726 403 memoravi,
748 341 813 391 ut
851 334 941 405 qui
980 334 1097 390 haec
1135 335 1250 390 sine
1274 334 1574 404 pervicacia
1602 343 1656 387 et
1681 333 1798 388 sine
1830 348 1966 388 vana
1993 346 2045 407 Α
2069 341 2296 402 gnauter
2323 335 2603 405 accipitur,
2642 340 2784 405 quod
2820 338 2998 408 aliqua
3028 340 3186 393 etiam
3221 342 3347 394 talia
3377 341 3655 399 (immunes

396 423 684 480 resistendi
720 423 1062 477 animositate
1097 424 1443 489 considerat,
1485 422 1641 478 simul
1669 423 1886 493 cogitet,
1923 422 1971 478 si

398 516 465 569 de
520 512 818 585 sulijacenti
871 513 1139 568 crassiore
1199 513 1445 578 materia,
1494 513 1581 570 vel
1623 514 1708 569 sui
1743 514 1972 583 quisque

399 605 640 675 corporis
664 604 748 659 vel
771 612 928 658 terrae
954 610 1009 658 et
1031 619 1205 674 aquae,
1234 604 1471 676 lapidum
1501 613 1664 675 atque
1678 604 1967 676 lignorum.

401 693 842 761 metallorumque
907 692 1182 749 variorum
1242 702 1389 749 tanta
1455 694 1674 763 quidem
1724 693 1973 749 homines

399 792 641 854 possunt,
666 789 726 837 ut
755 797 847 838 eos
879 782 956 837 illi
983 783 1075 853 qui
1100 783 1216 838 haec
1249 800 1356 839 non
1378 792 1621 853 possunt,
1654 784 1973 855 plerumque

399 873 663 944 stupendo
693 874 747 928 in
783 873 865 927 sui
895 874 1298 944 comparatione
1326 874 1538 931 divinos
1582 883 1812 930 vocent:
1847 890 1971 929 cum

398 964 616 1036 quidam
667 963 880 1018 illorum
934 964 1045 1019 sint
1091 966 1297 1025 artibus
1338 965 1671 1035 potentiores
1707 982 1721 1019 :
1751 965 1970 1035 quidam

399 1061 626 1111 istorum
648 1054 890 1115 moribus
915 1054 1185 1122 meliores,
1212 1063 1414 1125 quanto
1438 1054 1659 1110 meliora
1684 1063 1740 1110 et
1767 1052 1972 1123 majora

399 1157 497 1213 pro
517 1141 853 1199 subtilissimi
900 1143 1163 1214 corporis,
1195 1144 1299 1199 hoc
1324 1151 1428 1208 est,
1450 1144 1593 1199 aeris
1621 1142 1875 1200 facultate
1909 1160 1972 1199 ac

401 1232 657 1288 facilitate
701 1234 971 1289 daanones
1018 1234 1270 1304 possint:
1301 1250 1426 1289 cum
1462 1243 1641 1289 tamen
1696 1236 1808 1289 sint
1844 1250 1972 1304 pra-

400 1322 568 1377 vitate
616 1322 929 1389 voluntatis,
982 1323 1321 1393 maximeque
1387 1325 1652 1395 superbiae
1705 1324 1870 1390 fastu,
1920 1334 1989 1379 et.

404 1410 713 1467 invidentiae
750 1411 958 1466 malitia
984 1411 1206 1480 spiritus
1232 1396 1494 1469 immundi
1527 1421 1690 1483 atque
1713 1414 1972 1483 perversi.

402 1503 674 1571 Quantum
703 1509 882 1556 autem
908 1501 1084 1557 valeat
1109 1502 1251 1556 aeris
1281 1502 1625 1568 elementum,
1657 1518 1764 1572 quo
1788 1518 1976 1559 eorum

404 1607 632 1663 corpora
652 1592 966 1662 praevalent,
994 1592 1063 1646 ad
1083 1592 1248 1646 multa
1264 1591 1491 1647 visibilis
1506 1592 1844 1649 invisibiliter
1863 1608 1980 1648 mu-

2070 421 2289 477 audiant
2313 432 2367 477 et
2394 425 2711 493 praedicant,
2743 429 2896 497 quasi
2936 429 3138 498 aliquid
3165 431 3439 501 indignum
3466 436 3560 500 sit,
3590 444 3659 490 ut

2068 509 2212 578 quod
2236 510 2357 566 ideo
2383 511 2584 567 dicitur
2607 522 2667 567 ut
2694 514 3006 573 hominibus
3054 518 3374 587 innotestat,
3409 522 3513 578 hoc
3540 540 3656 580 non

2068 598 2241 654 solum
2265 601 2393 659 boni
2427 617 2614 658 verum
2637 604 2801 661 etiam
2835 607 2962 660 mali
3006 623 3112 662 non
3152 619 3385 665 taceant.
3414 612 3550 666 Cum
3595 615 3652 667 in

2068 686 2200 758 ipsis
2226 689 2535 747 hominibus
2554 693 2866 750 etiamvita:
2900 696 3057 750 bona:
3078 708 3344 768 praecepta
3373 702 3655 758 videamus

2068 781 2274 848 pariter
2295 798 2329 837 a
2347 781 2509 851 justis
2532 787 2911 856 perversisque
2931 791 3141 844 cantari
3174 807 3188 843 :
3213 805 3314 845 nec
3339 793 3535 847 obesse
3554 795 3654 845 al.-

2069 870 2199 938 quid
2225 910 2241 937 ,
2299 872 2409 928 imo
2461 873 2627 929 etiam
2678 876 2931 946 prodesse
2974 878 3045 932 ad
3093 880 3353 953 majorem
3402 883 3652 936 notitiam

2069 957 2378 1030 famamque
2407 962 2671 1019 veritatis.
2714 964 2850 1020 Cum
2874 965 2942 1021 de
2963 965 3055 1020 illa
3096 967 3261 1022 etiam
3310 969 3364 1022 bi
3393 970 3657 1038 quidquid

2072 1057 2358 1114 noverunt,
2405 1050 2633 1109 dicunt:
2661 1067 2782 1121 qua:
2833 1053 2916 1108 eis
2934 1055 3210 1123 perversis
3254 1058 3496 1112 moribus
3527 1073 3657 1113 con-

2074 1136 2364 1192 tradicunt.
2408 1137 2471 1194 In
2522 1142 2735 1197 caeteris
2789 1150 2971 1198 autem
3021 1144 3135 1200 suis
3180 1148 3657 1216 praedicationibus

2075 1225 2345 1285 daemones
2369 1228 2687 1301 plerumque
2710 1239 2783 1286 iet
2810 1230 3005 1295 fallunt
3048 1243 3106 1290 et
3133 1234 3410 1291 falluntur.
3439 1237 3656 1291 Fallunt

2074 1315 2312 1384 quidem,
2352 1318 2479 1386 quia
2509 1335 2634 1381 cum
2682 1335 2809 1379 suas
2841 1321 3226 1392 dispositiones
3267 1328 3651 1396 praenuntiant,

2074 1418 2140 1458 ex
2186 1405 2474 1475 improviso
2500 1410 2730 1479 desuper
2768 1410 2971 1481 aliquid
3009 1413 3250 1482 iubetur,
3277 1415 3420 1485 quod
3465 1431 3654 1471 eorum

2076 1494 2300 1550 consilia
2327 1506 2518 1555 cuncta
2539 1500 2824 1568 perturbat
2850 1514 2867 1553 :
2895 1501 3112 1557 velatsi
3136 1503 3339 1573 aliquid
3364 1506 3671 1574 disponant

2076 1586 2300 1655 quilibet
2359 1588 2604 1646 homines
2649 1593 2954 1661 quibusque
3004 1595 3360 1664 potestatibus
3409 1598 3655 1663 subditi,

404 1682 605 1750 licnda,
646 1684 931 1750 movenda,
966 1682 1219 1738 mutanda
1246 1694 1408 1754 atque
1434 1683 1719 1750 versanda,
1762 1684 2058 1754 longum];
2085 1677 2228 1746 quod
2266 1692 2373 1731 non
2413 1679 2779 1749 probibilul‘os
2806 1696 2934 1738 θυοδ
2960 1684 3276 1754 [impositos
3300 1686 3657 1748 arbitrentur.

402 1785 488 1830 cst
517 1791 661 1830 nunc
692 1775 1064 1831 demonstrare
1088 1791 1101 1828 :
1130 1782 1185 1830 et
1211 1785 1343 1844 puto
1365 1774 1507 1844 quod
1531 1772 1616 1828 vel
1640 1773 1988 1830 mediocriter

408 1864 771 1919 consideranti
790 1862 945 1918 facile
958 1872 1226 1919 occurrat.
1244 1862 1373 1931 Qua:
1387 1879 1508 1918 cum
1522 1864 1596 1918 ita
1613 1863 1740 1929 sint,
1753 1864 1989 1935 primum

408 1954 685 2008 sciendum
705 1959 806 2020 est,
822 1952 1072 2022 quoniam
1091 1953 1158 2007 de
1177 1952 1503 2009 divinatione
1526 1953 1827 2010 daemonum
1845 1968 1991 2023 qua:-

410 2048 516 2101 stio
528 2054 631 2113 est,
647 2046 764 2102 illos
775 2060 836 2100 ea
852 2047 1165 2117 plerumque
1176 2048 1538 2117 prienuntiare
1553 2064 1672 2118 quae
1684 2049 1783 2118 ipsi
1796 2048 1991 2105 facturi

410 2146 555 2194 sunt.
580 2138 867 2209 Accipiunt
887 2140 1030 2198 enim
1058 2155 1199 2209 saepe
1225 2147 1544 2208 potestatem
1573 2148 1628 2194 et
1653 2141 1871 2197 morbos
1890 2141 1991 2196 im-

409 2230 646 2293 mittere,
668 2237 719 2283 et
747 2229 921 2298 ipsum
943 2243 1124 2284 aerem
1149 2230 1387 2285 vitiando
1411 2230 1709 2285 morbidum
1732 2231 1985 2288 reddere:

410 2332 463 2374 et
494 2320 763 2391 perversis
794 2328 956 2390 atquc
995 2320 1327 2379 amatoribus
1375 2329 1711 2380 terrenarum
1753 2336 1992 2378 commo-

408 2411 619 2473 dorum,
645 2409 925 2465 malefacta
958 2413 1183 2466 suadere
1211 2425 1226 2464 :
1250 2411 1316 2466 de
1338 2426 1569 2482 quorum
1596 2413 1838 2470 moribus
1855 2414 1991 2473 certi

411 2512 556 2569 sunt,
606 2503 747 2574 quod
797 2503 907 2559 sint
955 2504 1034 2558 eis
1079 2503 1204 2557 talia
1257 2504 1605 2560 suadentibus
1655 2506 1988 2561 consensuri.

412 2593 651 2648 Suadcnt
698 2602 878 2646 autem
911 2593 1062 2647 miris
1088 2601 1142 2647 et
1184 2592 1538 2649 invisibilibus
1584 2594 1778 2662 modis,
1806 2609 1900 2664 per
1930 2594 1993 2648 il-

411 2687 517 2738 lam
548 2684 901 2739 subtilitatem
931 2699 1216 2755 corporum
1260 2700 1503 2753 suorum,
1547 2700 1771 2761 corpora
1814 2685 1993 2740 homi-

414 2790 540 2827 num
574 2774 958 2830 insensibiliter
984 2776 1313 2846 penetrando
1340 2793 1352 2829 :
1377 2787 1433 2834 et
1477 2790 1537 2831 se
1580 2776 1993 2846 cogitationibus

413 2877 601 2917 eorum
639 2878 737 2933 per
780 2864 1021 2932 quaedam
1064 2864 1381 2935 imaginaria
1409 2865 1521 2920 visa
1550 2867 1844 2933 miscendo,
1880 2868 1993 2923 sive

415 2957 771 3028 tigilantium,
821 2956 934 3011 sive
988 2958 1365 3012 dormientium
1414 2975 1427 3010 :
1474 2958 1761 3026 aliquando
1812 2971 1992 3015 autem

2091 1767 2253 1837 idque
2284 1766 2525 1825 facturos
2556 1784 2614 1825 se
2640 1786 2760 1826 esse
2779 1773 3120 1841 promittant,
3147 1782 3202 1827 at
3232 1774 3308 1828 illi
3333 1790 3511 1845 penes
3522 1793 3661 1846 quos

2090 1854 2261 1923 major
2303 1865 2542 1925 potestas
2586 1868 2691 1925 est,
2735 1869 2793 1914 et
2832 1860 2941 1916 alio
2973 1862 3251 1931 superiore
3283 1864 3534 1930 consilia,
3561 1869 3663 1921 hoc

2093 1953 2260 1999 totum
2284 1945 2602 2016 dispositum
2632 1956 2796 2018 atque
2826 1958 3185 2019 prteparatum
3227 1961 3449 2022 repente
3472 1933 3661 2023 probi-

2088 2033 2271 2089 beant.
2300 2036 2579 2093 Falluntur
2604 2039 2792 2106 etiam,
2821 2043 3149 2098 cumcausis
3174 2044 3528 2111 naturalibus,
3558 2047 3637 2102 sic

2092 2133 2150 2177 ut
2177 2124 2395 2193 medici,
2422 2135 2477 2182 et
2501 2137 2711 2195 nautae,
2737 2137 2793 2184 et
2835 2131 3081 2202 agricola:
3107 2146 3122 2184 :
3149 2134 3244 2187 sed
3269 2134 3425 2205 longe
3454 2137 3671 2190 acutius

2090 2214 2351 2286 longeque
2373 2219 2740 2287 praestantius,
2770 2235 2870 2290 pro
2910 2222 3057 2276 aerei
3081 2223 3323 2292 corporis
3362 2238 3545 2290 sensu,
3573 2242 3662 2279 so-

2090 2306 2310 2362 lertiore
2331 2310 2718 2367 exercitatione
2745 2321 3123 2381 praeuascunt;
3178 2315 3306 2383 quia
3348 2323 3404 2370 et
3438 2315 3553 2370 haec
3596 2319 3664 2371 ab

2090 2398 2298 2471 angelis
2321 2400 2433 2457 Deo
2453 2416 2665 2457 summo
2687 2403 2775 2473 pie
2802 2404 3162 2461 servientibus
3183 2420 3253 2460 ex
3292 2406 3398 2461 alia
3437 2408 3664 2478 disposi-

2091 2489 2236 2545 tione
2269 2491 2451 2561 ignota
2501 2493 2855 2561 daemonibus,
2897 2510 2965 2549 ex
3012 2496 3304 2566 improviso
3349 2513 3415 2553 ac
3448 2511 3666 2568 remitte

2090 2590 2386 2648 mutantur,
2420 2590 2674 2654 tanquam
2704 2587 2752 2640 si
2797 2585 3001 2656 aliquid
3038 2602 3184 2658 aegro
3212 2588 3548 2645 extrinsecus
3570 2606 3666 2644 ae-

2092 2674 2250 2735 cedat
2298 2691 2406 2745 quo
2455 2677 2737 2743 moriatur,
2784 2694 2945 2748 quem
2999 2680 3242 2737 medicus
3295 2681 3437 2736 veris
3479 2683 3679 2738 salutis.

2091 2765 2518 2845 prmcedentibus
2567 2767 2756 2838 signis,
2811 2770 3077 2825 victurum
3124 2786 3246 2827 esse
3297 2774 3664 2842 promiserat:

2092 2867 2187 2910 aut
2230 2856 2275 2911 si
2305 2859 2451 2913 aeris
2497 2858 2758 2928 qualitate
2803 2860 3051 2928 praevisa,
3105 2861 3473 2923 diu‘flaturum
3520 2864 3683 2917 illum-

2092 2953 2332 3013 ventum,
2356 2956 2640 3002 nautarum
2663 2948 2828 3019 aliqui
2854 2951 3247 3020 praedixissent,
3274 2967 3395 3007 cum
3412 2954 3671 3009 Dominus

419 3063 522 3101 non
561 3060 679 3115 quae
709 3045 811 3115 ipsi
836 3045 1061 3110 faciunt,
1093 3044 1188 3100 sed
1217 3060 1336 3114 quae
1362 3046 1696 3101 naturalibus
1718 3047 1887 3118 signis
1910 3046 1992 3102 fu-

2095 3033 2344 3090 Christus
2371 3051 2494 3090 cum
2536 3036 2812 3107 discipulis
2835 3039 3120 3109 navigans,
3149 3049 3210 3093 ut
3234 3042 3536 3109 quiesceret
3570 3043 3672 3095 im-

418 3150 537 3192 mra
571 3145 931 3207 praenoscunt,
962 3152 1082 3208 qua:
1105 3138 1255 3207 signa
1285 3137 1340 3191 in
1370 3137 1646 3192 hominum
1685 3153 1874 3195 sensus
1900 3155 1993 3195 ve-

417 3231 533 3283 nire
558 3244 661 3284 non
700 3238 948 3301 possunt,
974 3237 1097 3284 ante
1145 3230 1463 3300 prtedicuut.
1491 3229 1674 3300 Neque
1701 3231 1845 3286 enim
1869 3232 1995 3302 quia

416 3321 672 3390 praevidet
721 3321 961 3375 medicus
988 3319 1130 3390 quod
1174 3319 1469 3389 praevidere
1498 3320 1670 3376 nescit
1706 3321 1866 3392 hujus
1902 3337 1994 3376 ar-

419 3412 487 3465 tis
535 3411 776 3479 ignarus,
826 3410 946 3465 ideo
987 3410 1099 3479 jam
1147 3411 1360 3467 divinus
1406 3411 1685 3467 habendus
1713 3421 1815 3467 est.
1859 3412 1995 3481 Quid

418 3514 597 3557 autem
627 3504 843 3568 mirum,
868 3502 912 3557 si
945 3502 1393 3572 quemadmodum
1423 3502 1510 3558 ille
1538 3503 1593 3557 in
1621 3504 1864 3574 corporis
1894 3504 1997 3558 bu—

419 3593 565 3647 mani
619 3593 702 3647 vel
752 3594 1068 3662 perturbata
1106 3592 1188 3647 vel
1233 3592 1540 3647 modificata
1578 3594 1857 3663 temperie,
1903 3608 2000 3649 seu

420 3689 588 3739 bonas
637 3700 731 3739 seu
778 3682 951 3739 malas
995 3682 1207 3738 futuras
1231 3683 1490 3753 praevidet
1527 3683 1883 3751 valetudines,
1921 3686 2002 3740 sic

421 3781 627 3832 dat-mon
675 3776 730 3831 in
778 3776 921 3830 aeris
969 3773 1250 3831 affectione
1295 3783 1459 3847 atque
1507 3776 1850 3833 ordinatione
1896 3777 2002 3832 sibi

421 3877 567 3931 nota,
618 3866 777 3927 nobis
817 3866 1021 3935 ignota,
1052 3866 1262 3923 futuras
1310 3865 1566 3936 praevidet
1614 3875 1998 3938 tempestates:

422 3958 707 4026 aliquando
736 3965 790 4011 et
811 3956 1089 4011 hominum
1115 3957 1492 4026 dispositiones
1519 3973 1626 4013 non
1672 3959 1847 4014 solum
1872 3974 2002 4015 voce

422 4049 680 4117 prolatas,
716 4062 902 4101 verum
947 4048 1477 4119 etiamcogitatione
1525 4059 1811 4121 conceptas
1839 4066 2004 4106 :cunt

422 4140 577 4210 signa
626 4136 869 4206 quietiam
920 4151 989 4191 ex
1031 4137 1212 4191 animo
1258 4139 1649 4207 exprimuntur,
1684 4140 1738 4195 in
1779 4155 2003 4212 corpore

429 4237 537 4282 tota
577 4227 832 4283 felicitate
881 4225 1421 4298 perdiscunt:atque
1465 4230 1592 4285 hinc
1627 4232 1791 4287 etiam
1836 4232 2004 4287 multa

424 4322 605 4375 futura
655 4319 1037 4391 praenuntiant,
1095 4318 1215 4373 aliis
1268 4319 1519 4374 videlicet
1568 4321 1727 4387 mira,
1760 4323 1853 4385 qui
1900 4323 2004 4380 ista

425 4411 682 4482 disposita
706 4424 809 4464 non
837 4403 1133 4463 noverunt?
1148 4407 1299 4463 Sicut
1342 4410 1486 4463 enim
1518 4419 1743 4480 apparet
1769 4413 2006 4467 concita-

429 4502 532 4556 tior
583 4499 746 4554 animi
777 4508 955 4555 motus
979 4498 1034 4552 in
1065 4498 1233 4567 vultu,
1265 4508 1324 4553 ut
1359 4500 1426 4554 ab
1456 4500 1764 4557 hominibus
1792 4516 2005 4573 quoque

429 4590 627 4663 aliquid
656 4590 956 4646 forinsecus
995 4599 1340 4660 agnoscatur,
1364 4592 1507 4660 quod
1545 4591 1870 4649 intrinsecus
1892 4595 2005 4667 agi-

434 4689 541 4747 tur,
576 4682 647 4735 ita
692 4695 799 4734 nou
827 4680 984 4734 debet
1033 4693 1152 4734 esse
1188 4680 1522 4747 incredibile,
1557 4682 1600 4736 si
1629 4684 1794 4737 etiam
1838 4683 2003 4740 levio-

434 4785 519 4826 res
547 4771 888 4841 cogitationes
914 4771 1044 4825 daut
1092 4771 1273 4841 aliqua
1297 4771 1449 4843 signa
1501 4787 1599 4841 per
1639 4788 1854 4844 corpus,
1884 4790 2004 4847 quae

430 4868 623 4920 ohtliso
653 4877 811 4918 sensu
841 4864 1114 4919 hominum
1147 4864 1395 4935 cognosci
1422 4879 1529 4919 non
1571 4873 1816 4935 possunt,
1849 4874 2008 4921 acuto

435 4963 613 5010 autem
647 4951 947 5013 daemonum
976 4962 1216 5021 possunt.
1253 4953 1364 5008 llac
1399 4965 1561 5024 atque
1592 4954 1899 5026 huiusmodi
1923 4956 2006 5011 fil-

432 5047 651 5112 cultate,
700 5045 867 5099 multa
917 5044 1187 5099 daemones
1233 5044 1410 5099 futura
1457 5049 1833 5115 praenuntiant,
1883 5063 2005 5103 cum

436 5151 611 5194 tamen
660 5136 729 5191 ab
774 5135 852 5190 cis
908 5136 1063 5205 longe
1106 5136 1177 5190 sit
1227 5136 1453 5192 altitudo
1495 5136 1637 5192 illius
1688 5139 2007 5207 prephetitn,

434 5248 594 5301 quam
629 5234 772 5289 Deus
815 5249 914 5303 per
941 5239 1156 5286 sanctos
1202 5233 1419 5301 angelos
1464 5240 1518 5287 et
1567 5234 1855 5303 prophetas
1884 5248 2011 5302 0pc-

437 5331 605 5377 ratur.
637 5323 771 5377 Nam
813 5323 857 5376 si
886 5321 1014 5392 quid
1040 5322 1105 5377 dc
1133 5321 1221 5374 illa
1255 5321 1351 5376 Dei
1376 5321 1722 5391 dispositione
1763 5337 2011 5393 prmuun—

437 5413 591 5478 tiant,
616 5413 838 5466 audiunt
864 5420 923 5465 ut
965 5409 1346 5482 praenuntient,
1386 5420 1589 5465 etcum
1614 5426 1678 5466 ea
1716 5412 2013 5481 praedicunt

437 5520 553 5573 (pne
596 5505 720 5561 inde
766 5505 1012 5570 audiunt,
1044 5520 1147 5561 non
1200 5501 1410 5557 fallunt.
1466 5500 1821 5558 Veracissima
1865 5502 2012 5558 enim

440 5607 561 5652 sunt
585 5597 826 5671 angelica
852 5607 904 5652 et
933 5596 1243 5668 prophetica
1292 5593 1531 5650 oracula.
1566 5594 1623 5651 Si
1652 5603 1833 5651 autem
1875 5591 2014 5649 indi-

2093 3126 2321 3195 peravit,
2351 3143 2371 3177 ι
2408 3136 2463 3181 et
2510 3125 2656 3181 facta
2700 3138 2785 3182 est
2833 3129 3196 3199 tranquillitas
3237 3146 3429 3200 magna
3473 3132 3668 3202 pilam

2097 3220 2192 3285 iv).
2222 3233 2242 3266 ι
2279 3213 2371 3270 Vel
2394 3215 2440 3270 si
2471 3216 2704 3286 agricola
2730 3216 2821 3271 illo
2858 3232 3001 3272 anno
3038 3219 3482 3277 fructificaturam
3505 3222 3674 3276 vitem

2097 3304 2333 3375 aliquam
2373 3305 2712 3375 polliceatur,
2756 3316 3006 3362 naturam
3036 3310 3222 3379 utique
3266 3322 3425 3365 terra:
3458 3328 3525 3367 ex
3568 3329 3673 3367 nu-

2098 3412 2248 3451 mero
2286 3404 2552 3453 seminum
2595 3397 2830 3453 callens:
2855 3412 2962 3469 quo
2989 3408 3167 3454 tamen
3208 3415 3350 3454 anno
3375 3403 3563 3456 eadem
3591 3403 3673 3455 vel

2098 3490 2387 3561 improvisa
2416 3490 2540 3543 coeli
2577 3490 2858 3559 temperies
2884 3490 3173 3557 arefaciat;
3214 3491 3298 3546 vel
3340 3492 3535 3562 aliqua
3560 3492 3679 3561 jus-

2099 3584 2182 3639 sio
2203 3583 2476 3654 potentior
2497 3584 2736 3639 eradicet
2761 3601 2774 3635 :
2803 3584 2880 3638 ita
2913 3583 3085 3638 multa
3119 3584 3284 3639 etiam
3305 3588 3377 3640 ad
3394 3587 3679 3655 ιιι-πείρη-

2103 3677 2232 3729 tiam
2278 3675 2791 3745 praidictionemque
2833 3676 3136 3731 daemonum
3166 3677 3514 3744 pertinentia,
3558 3693 3679 3746 qua:

2101 3770 2398 3824 minoribus
2422 3779 2478 3825 et
2496 3770 2867 3826 usitatioribus
2890 3772 3070 3826 causis
3088 3770 3268 3826 futura
3294 3772 3674 3842 prxvidentur,

2101 3864 2288 3921 eadem
2332 3863 2628 3933 majoribus
2665 3872 2722 3919 et
2771 3864 3155 3921 occultioribus
3198 3864 3377 3919 causis
3418 3864 3677 3935 impedita

2103 3964 2399 4012 mutantur.
2451 3956 2662 4012 Fallunt
2708 3969 2891 4013 autem
2919 3959 3085 4013 etiam
3130 3958 3308 4014 studio
3357 3956 3597 4022 fallendi,
3624 3968 3678 4012 et

2106 4048 2282 4102 invida
2328 4047 2621 4112 voluntate,
2672 4049 2796 4118 quia
2845 4048 3124 4104 hominum
3177 4063 3360 4103 errore
3407 4048 3675 4103 laetamur.

2106 4137 2213 4194 Sed
2243 4154 2310 4194 ne
2331 4139 2471 4209 apud
2500 4139 2738 4195 cultores
2767 4154 2897 4196 suos
2917 4141 3129 4211 pondus
3161 4140 3497 4195 auctoritatis
3515 4142 3674 4195 amit-

2106 4238 2243 4294 tant,
2292 4228 2346 4283 id
2393 4238 2579 4301 agunt,
2609 4237 2670 4284 ut
2715 4230 3099 4300 interpretibus
3144 4231 3258 4285 suis
3299 4230 3677 4302 signorumque

2106 4333 2323 4375 suorum
2369 4318 2766 4389 conjectoribus
2792 4319 2948 4390 culpa
2997 4319 3281 4387 tribuatur,
3337 4321 3550 4389 quando
3595 4321 3676 4375 vel

2107 4408 2316 4477 decepti
2355 4407 2578 4475 fuerint,
2607 4408 2689 4464 vel
2716 4408 2947 4465 mentiti.
2987 4409 3379 4480 Nonnunquam
3408 4426 3536 4465 vero
3578 4411 3673 4480 ipsi

2108 4500 2326 4569 maligni
2353 4501 2594 4571 Spiritus,
2619 4509 2675 4557 et
2708 4501 2953 4558 illusores
2982 4503 3261 4557 hominum
3285 4510 3449 4572 atque
3476 4503 3679 4557 inviso-

2108 4607 2196 4648 res
2228 4593 2416 4648 salutis
2439 4608 2651 4656 eorum,
2685 4592 2859 4648 solent
2885 4592 3177 4663 praedicere
3217 4590 3486 4648 defectum
3508 4593 3684 4648 cultu-

2109 4701 2182 4741 rae
2204 4700 2332 4749 suae,
2365 4693 2422 4741 et
2459 4684 2722 4740 idolorum
2765 4685 2977 4740 ruinam
2994 4702 3018 4738 σε
3044 4693 3310 4755 quatenus
3349 4682 3564 4751 praescii
3603 4682 3684 4735 vi.

2108 4777 2354 4841 deantur,
2387 4774 2518 4845 quid
2543 4775 2598 4828 in
2627 4775 2854 4844 singulis
2884 4775 3065 4844 regnis
3101 4782 3192 4827 aut
3211 4773 3345 4827 locis
3365 4780 3677 4827 eventurum

2109 4866 2181 4919 sit
2209 4883 2222 4917 :
2250 4872 2305 4920 et
2325 4865 2453 4933 quid
2476 4864 2690 4919 adversi
2722 4878 2833 4920 suae
2875 4862 3094 4918 factioni
3124 4862 3440 4932 contingere
3464 4859 3635 4928 possit
3665 4875 3679 4910 :

2110 4955 2253 5024 quod
2295 4956 2457 5010 etiam
2499 4954 2573 5009 illi
2602 4955 2693 5025 qui
2719 4954 3000 5025 gentilium
3043 4952 3300 5009 historias
3342 4950 3550 5021 legunt,
3577 4966 3684 5006 non

2109 5044 2378 5114 ignorant.
2428 5043 2567 5109 Quid
2595 5057 2725 5112 ergo
2749 5043 2965 5108 mirum,
2989 5042 3033 5097 si
3053 5041 3167 5111 jam
3208 5040 3527 5097 imminente
3546 5048 3685 5093 tem-

2110 5135 2319 5204 plorum
2347 5143 2401 5188 et
2430 5134 2846 5190 simulacrorum
2890 5134 3188 5197 eversione,
3218 5148 3381 5202 quam
3408 5132 3689 5201 prophetas

2113 5226 2209 5280 Dei
2231 5226 2450 5292 summi,
2492 5228 2644 5283 tanto
2670 5235 2797 5280 ante
2827 5226 3192 5296 prtedixe'rant
3231 5221 3451 5293 Serapis
3482 5223 3691 5279 demu-

2109 5314 2238 5368 niali
2268 5315 2392 5370 tcui
2444 5314 2713 5370 cultorum
2765 5314 2870 5369 hoc
2913 5316 2978 5368 de
3022 5316 3271 5385 proximo
3315 5311 3573 5382 prodidit,
3629 5322 3689 5364 ut

2111 5420 2263 5459 suam
2309 5405 2461 5474 quasi
2505 5388 2840 5459 divinitatem
2885 5405 3138 5461 recedens
3175 5402 3259 5458 vel
3302 5401 3687 5473 fugienseurm

2115 5495 2412 5550 tuendaret.
2444 5494 2717 5565 Fugantur
2746 5493 2887 5548 enim
2919 5493 3041 5563 ipsi,
3081 5492 3163 5548 vel
3206 5492 3368 5547 etiam
3395 5491 3560 5560 iussis
3599 5506 3685 5543 su-

2113 5574 2414 5659 perioribus
2462 5586 2696 5655 colligati
2744 5586 3129 5645 abstrahnutur
3149 5625 3165 5652 ,
3213 5593 3269 5639 et
3311 5583 3613 5639 alienantur
3652 5596 3685 5635 a
