4028 6196
415 446 549 502 1105

1659 449 1746 504 DE
1781 448 2059 505 MAGICIS
2094 448 2415 507 AllTlBCS.

3539 451 3675 512 {106

410 559 542 614 locis
564 558 695 624 suis,
716 565 777 612 ut
796 558 864 614 de
888 559 1053 614 rebus
1080 558 1134 613 in
1170 556 1366 629 quibus
1391 558 1726 625 colebantur,
1753 560 1849 614 ﬁat
1895 575 1988 614 vo-
2016 566 2063 623 Α
2091 559 2227 614 adeo
2272 558 2519 629 desipiat,
2544 567 2604 613 ut
2651 575 2756 615 non
2796 573 2919 615 cum
2966 563 3146 633 potius
3186 561 3469 618 colendum
3497 562 3677 635 eligit,

411 651 589 704 lautas
610 649 724 715 Dei,
749 649 840 719 qui
866 650 972 704 hoc
1000 656 1153 706 tanto
1198 659 1326 705 ante
1353 663 1451 720 per
1477 664 1666 704 omnes
1693 657 1881 718 gentes
1908 647 1992 702 fu-

410 751 593 796 turum
635 754 755 795 esse
794 739 1047 811 praedixit
1077 757 1093 795 :
1122 750 1178 797 et
1215 749 1274 795 ut
1317 756 1415 811 per
1440 755 1566 795 suos
1608 739 1791 793 ﬁdeles
1818 739 1990 803 fieret,

410 833 714 903 imperavit.
771 832 881 887 Cur
927 842 1107 887 autem
1160 834 1264 887 hoc
1309 846 1416 886 non
1462 831 1729 885 sineretur
1783 830 1990 884 dannon

409 926 723 995 praedicere,
774 937 897 976 cum
953 924 1056 978 sibi
1096 922 1212 992 jam
1265 928 1626 992 praenosceret
1675 920 1995 974 imminere?

410 1032 535 1071 cum
580 1015 701 1070 “btec
745 1012 1024 1083 praedictio
1072 1022 1128 1068 et
1170 1013 1223 1067 in
1253 1013 1531 1083 prophetis
1560 1018 1933 1077 attestaretur,
1961 1026 1992 1065 a

410 1106 606 1175 quibus
626 1113 753 1160 sunt
785 1105 885 1160 ista
911 1103 1237 1174 conscripta,
1266 1112 1322 1159 et
1362 1102 1716 1173 prudentibus
1743 1103 1897 1157 daret
1918 1102 1995 1156 in-

411 1195 596 1268 telligi,
620 1210 782 1264 quam
811 1194 1096 1266 vigilanter
1119 1202 1263 1250 esset
1292 1195 1595 1250 diemonum
1626 1193 1864 1249 cavenda
1901 1192 1993 1247 fal—

411 1290 568 1355 lacia,
616 1289 899 1358 cultusque
942 1288 1228 1359 fugiendus
1253 1306 1268 1343 :
1297 1289 1389 1360 qui
1425 1303 1545 1343 cum
1593 1297 1718 1343 ante
1759 1304 1858 1359 per
1882 1298 1992 1342 tam

410 1381 626 1452 hmgum
649 1389 861 1451 tempus
882 1380 1175 1449 intemplis
1195 1380 1311 1435 suis
1333 1381 1450 1434 haec
1471 1379 1649 1434 futura
1678 1380 1991 1446 tacuissent,

410 1486 533 1541 qua:
558 1486 656 1541 per
698 1470 991 1540 prophetas
1034 1469 1290 1540 praedicta
1324 1470 1573 1539 ignorare
1615 1484 1723 1524 non
1752 1478 1992 1539 possent,

407 1571 597 1631 postea
625 1576 786 1631 quam
814 1560 1247 1630 appropinquare
1270 1568 1573 1628 eruperunt,
1625 1558 1907 1613 voluerunt
1931 1574 1993 1614 ea

410 1651 567 1720 quasi
594 1649 909 1720 praedicare,
938 1664 1003 1703 ne
1029 1649 1200 1719 ignari
1226 1649 1462 1718 victique
1485 1656 1823 1719 putarentur.
1858 1647 1993 1704 Cum

412 1741 576 1809 igitur
616 1749 722 1793 tam
754 1739 910 1809 longe
952 1746 1078 1792 ante
1112 1739 1430 1808 przedictum
1456 1746 1617 1805 esset,
1648 1748 1809 1809 atque
1857 1754 1991 1795 con-

410 1831 693 1899 scriptum,
722 1838 781 1884 ut
801 1829 907 1884 alia
936 1829 1154 1884 interim
1187 1837 1419 1893 taceam,
1451 1828 1579 1883 illud
1607 1829 1749 1898 quod
1779 1827 1989 1900 Sopho-

2093 664 2252 719 quem
2272 649 2380 704 coli
2411 656 2516 704 uo‘n
2548 650 2839 719 prohibent
2858 667 2995 722 quos
3022 650 3265 707 colebat?
3307 668 3466 723 quem
3495 656 3683 724 procul

2093 739 2256 794 dubio
2283 753 2406 793 cum
2433 737 2612 794 colere
2639 743 2884 810 coeperit,
2903 741 3021 797 illos
3042 743 3227 811 utique
3256 758 3362 805 non
3393 752 3478 798 est
3508 746 3679 800 cultu-

2093 843 2205 895 rus,
2251 844 2388 899 quos
2438 830 2691 899 prohibet
2726 832 2826 886 coli
2873 846 3031 902 quem
3084 833 3229 889 colit.
3281 834 3435 900 Quod
3495 844 3680 891 autem

2094 921 2269 991 ipsum
2288 931 2481 976 essent
2511 921 2738 977 culturae
2771 933 2958 995 gentes
2994 926 3367 981 exterminatis
3399 927 3503 982 diis
3530 927 3680 981 falsis

2093 1023 2233 1080 quos
2256 1019 2416 1065 antea
2459 1011 2745 1078 colebant,
2792 1029 2821 1068 a
2869 1017 3143 1084 prophetis
3187 1015 3304 1085 ejus
3339 1032 3460 1072 esse
3481 1019 3677 1087 prcedi-

2092 1110 2260 1169 ctum,
2292 1102 2452 1173 paulo
2510 1112 2637 1159 ante
2682 1108 3100 1161 commemoravi
3127 1146 3141 1172 ,
3173 1116 3245 1170 ,et
3278 1124 3423 1164 nunc
3470 1120 3673 1179 repeto.

2100 1209 2119 1243 ι
2153 1191 2488 1257 Praevalebit,
2536 1195 2732 1264 inquit,
2783 1194 3042 1249 Dominus
3089 1197 3350 1252 adversus
3402 1213 3497 1254 eos
3547 1217 3560 1252 :
3625 1208 3678 1251 et

2099 1298 2118 1332 ε
2161 1282 2546 1337 exterminabit
2585 1298 2776 1338 omnes
2817 1284 2947 1338 deos
2991 1286 3228 1356 gentium
3261 1296 3460 1341 terrae:
3500 1297 3555 1342 et
3585 1292 3678 1342 ad-

2096 1390 2121 1423 ‹
2161 1373 2393 1427 orabunt
2419 1390 2566 1439 eum,
2595 1376 2965 1445 unusquisque
2994 1378 3059 1431 de
3081 1377 3198 1433 loco
3222 1393 3340 1443 suo,
3380 1394 3571 1436 omnes
3600 1381 3676 1435 in-

2096 1483 2120 1516 ‹
2166 1465 2296 1521 sulte
2354 1467 2616 1537 gentium.
2671 1487 2690 1520 ι
2738 1466 2925 1537 Neque
2975 1469 3118 1524 enim
3173 1470 3302 1526 sola:
3356 1472 3547 1526 iusuhe
3590 1473 3676 1526 hic

2093 1555 2451 1626 intelligenda:
2492 1565 2638 1622 sunt,
2671 1557 2765 1612 sed
2821 1558 3002 1627 petitis
3056 1574 3243 1614 omnes
3293 1570 3481 1630 gentes
3508 1562 3560 1615 in
3592 1563 3676 1615 his

2092 1648 2281 1717 posita:
2312 1648 2538 1703 adorant
2569 1649 2760 1703 Deum.
2798 1648 2908 1704 Nec
2948 1650 3145 1704 mirum
3171 1665 3187 1704 :
3216 1652 3430 1720 quando
3454 1652 3672 1722 quidem

2094 1738 2222 1792 alibi
2254 1754 2360 1793 non
2418 1737 2622 1794 insulas
2671 1741 2934 1804 nominat,
2977 1741 3071 1795 sed
3125 1741 3435 1796 universum
3486 1742 3672 1796 urbem

2095 1836 2384 1896 terrarum,
2410 1830 2598 1884 dicens
2633 1848 2645 1884 :
2690 1849 2708 1881 ς
2730 1831 3336 1900 Commemorabuntur,
3364 1843 3421 1888 et
3445 1848 3675 1889 conver-

411 1922 532 1975 nias
553 1923 815 1992 propheta
850 1921 980 1975 dicit
1004 1935 1019 1973 :
1040 1940 1069 1971 ιι
1098 1919 1416 1975 Ρτωγιιιεδίι
1439 1920 1700 1975 Dominus
1727 1921 1985 1976 adversus
2012 1920 2059 1979 B
2091 1935 2113 1969 ι
2150 1928 2334 1972 tentur
2359 1920 2425 1973 ad
2446 1919 2731 1974 Domuum
2761 1920 2997 1975 universi
3023 1921 3159 1976 ﬁnes
3190 1930 3370 1987 terrae,
3397 1931 3453 1977 ct
3480 1923 3672 1978 adora-

415 2034 440 2064 ι-
471 2027 584 2079 eos,
609 2020 665 2066 et
700 2012 1083 2068 exterminabit
1127 2026 1315 2066 omnes
1350 2012 1479 2065 deos
1520 2010 1760 2081 gentium
1788 2022 1982 2067 terrae:

412 2122 435 2154 ε
472 2111 528 2158 et
543 2102 840 2158 adorabunt
861 2116 1006 2166 eum,
1032 2102 1404 2171 unusquisque
1431 2102 1497 2157 de
1519 2101 1639 2157 loco
1660 2117 1776 2166 suo,
1798 2117 1989 2158 omnes

414 2212 434 2243 ι
472 2192 659 2247 insulae
683 2194 918 2264 gentium
941 2190 1127 2263 (Soph.
1144 2190 1229 2262 ll),
1253 2209 1272 2243 ι
1303 2199 1398 2245 aut
1424 2202 1531 2246 non
1557 2192 1852 2246 credebant
1886 2191 1988 2246 ista

401 2284 510 2339 sibi
562 2292 841 2348 eventura,
887 2283 980 2352 qui
1024 2282 1075 2336 in
1114 2282 1327 2352 templis
1365 2282 1605 2352 gentium
1651 2282 1985 2349 colebantur,

404 2383 462 2429 et
499 2376 615 2429 haec
643 2373 765 2427 ideo
806 2387 903 2442 per
949 2386 1077 2426 suos
1122 2380 1275 2426 vates
1317 2373 1386 2425 ad
1429 2370 1693 2427 fanaticos
1737 2370 1988 2441 frequen-

402 2476 526 2518 tare
552 2462 842 2516 noluerunt
869 2479 882 2513 :
910 2470 1005 2515 aut
1043 2470 1162 2515 cum
1198 2475 1263 2514 ea
1307 2468 1532 2514 ventura
1563 2461 1860 2514 certissime
1890 2461 1990 2515 sci-

402 2563 549 2618 rent,
582 2554 703 2608 ideo
724 2567 821 2621 per
848 2566 944 2606 sua
973 2530 1171 2620 templa
1198 2559 1503 2616 tacuerunt,
1527 2565 1597 2605 ne
1619 2550 1730 2619 jam
1758 2559 1884 2605 tunc
1905 2550 1989 2604 in-

407 2650 651 2714 e‘perent
679 2643 746 2696 ab
788 2642 1095 2696 hominibus
1134 2640 1557 2711 intelligentibus
1602 2640 1778 2695 deseri
1824 2649 1989 2710 atque

407 2734 701 2796 contemni,
733 2731 875 2801 quod
903 2731 971 2786 de
998 2730 1319 2800 templorum
1345 2739 1400 2783 et
1423 2729 1832 2784 simulacrorum
1862 2745 1987 2785 suo-

409 2840 527 2878 rum
557 2821 736 2877 futura
770 2820 1049 2875 eversione
1086 2821 1166 2875 eis
1198 2834 1229 2873 a
1267 2810 1542 2889 prophetis
1579 2828 1984 2888 attestarentur,

407 2915 500 2985 qui
543 2928 636 2968 eos
666 2912 769 2968 coli
815 2911 1196 2982 prohibebant.
1243 2910 1398 2965 Nunc
1426 2926 1556 2966 vero
1602 2919 1789 2980 postea
1823 2926 1986 2982 quam

398 3017 619 3077 tempus
642 3004 879 3069 advenit,
911 3017 1018 3073 quo
1048 3003 1448 3073 complerentur
1473 3003 1726 3057 vaticinia
1756 3005 1988 3073 prophe-

410 3107 582 3151 tarum
608 3095 703 3149 Dei
732 3094 911 3158 unius,
940 3093 1030 3163 qui
1074 3093 1205 3148 istos
1231 3093 1395 3148 falsos
1424 3094 1552 3149 deos
1596 3094 1901 3160 interdicit,
1931 3102 1986 3149 et

405 3199 476 3241 ne
515 3185 761 3240 colantur
802 3183 1277 3239 vehementissime
1310 3184 1576 3254 praecipit,
1605 3199 1702 3238 cur
1742 3200 1852 3239 non
1883 3186 1986 3240 hoc

2095 2026 2116 2058 ι
2158 2009 2293 2062 bunt
2318 2010 2371 2062 in
2398 2014 2687 2079 conspectu
2718 2007 2837 2078 ejus
2882 2009 3148 2065 universa:
3190 2012 3378 2080 patriae
3406 2012 3669 2082 gentium.

2090 2119 2115 2152 ι
2152 2101 2417 2168 Quoniam
2449 2099 2662 2155 Domini
2689 2109 2774 2155 est
2796 2116 3052 2171 regnum,
3080 2109 3135 2156 et
3160 2102 3273 2172 ipse
3305 2102 3675 2159 dominabitur

2093 2215 2113 2247 α
2152 2196 2391 2267 gentium
2424 2193 2598 2266 (Psal.
2630 2193 2764 2263 xm).
2810 2214 2833 2247 ι
2872 2194 3002 2250 llaec
3036 2199 3218 2249 autem
3266 2209 3363 2266 per
3389 2194 3666 2251 Christum

2088 2282 2253 2340 fuisse
2295 2284 2643 2354 complenda,
2675 2292 2736 2339 et
2775 2284 2895 2340 aliis
2935 2284 3184 2354 pluribus
3233 2286 3579 2351 testimoniis,
3615 2294 3670 2341 et

2089 2374 2143 2427 in
2181 2374 2370 2428 eodem
2404 2374 2520 2443 ipso
2571 2373 2812 2443 psalmo,
2861 2374 3002 2428 unde
3049 2375 3504 2440 commemoravi,
3535 2375 3670 2429 satis

2087 2475 2330 2535 apparet.
2358 2463 2492 2520 Cum
2523 2465 2667 2519 enim
2696 2465 2860 2534 paulo
2909 2465 3160 2533 superius
3184 2463 3423 2519 futuram
3460 2468 3670 2535 passio-

2082 2568 2212 2608 nem
2240 2566 2394 2609 suam
2420 2569 2522 2624 per
2560 2554 2877 2624 prophetam
2913 2553 3028 2623 ipse
3073 2553 3386 2623 loqueretur
3432 2554 3664 2610 dicens:

2094 2662 2112 2695 ι
2155 2642 2429 2700 Foderunt
2476 2659 2669 2699 manus
2709 2654 2861 2699 meas
2885 2652 2937 2698 et
2970 2644 3136 2714 pedes
3162 2659 3335 2709 meos,
3354 2644 3669 2699 dinumera-

2093 2756 2111 2788 ι
2159 2742 2352 2791 verunt
2370 2735 2553 2789 omnia
2578 2748 2701 2788 ossa
2725 2744 2863 2788 mea.
2897 2734 3001 2804 ipsi
3029 2749 3160 2788 vero
3181 2734 3667 2788 consideraverunt

2093 2845 2113 2878 ι
2156 2834 2210 2881 et
2252 2833 2649 2894 conspexerunt
2692 2838 2820 2878 me:
2867 2823 3167 2878 diviserunt
3203 2822 3303 2878 sibi
3348 2823 3669 2879 vestimenta

2092 2938 2110 2971 ι
2154 2933 2298 2981 mea,
2340 2926 2397 2971 ει
2442 2930 2604 2985 super
2648 2924 2854 2969 ινθειεηι
2912 2930 3086 2969 meam
3144 2914 3409 2969 miserunt
3462 2923 3663 2970 sortem

2082 3006 2301 3079 (lbid.),
2369 3023 2386 3056 ι
2445 3005 2607 3073 paulo
2668 3012 2793 3074 post
2841 3002 3006 3059 infert
3052 3003 3220 3070 illud,
3267 3005 3412 3073 quod
3466 3005 3667 3075 posui:

2092 3114 2110 3149 ι
2155 3095 2755 3159 Commemorabuntur,
2784 3102 2840 3148 et
2866 3101 3251 3149 convertentur
3277 3095 3346 3149 ad
3381 3093 3668 3150 Dominum

2084 3190 2320 3246 universi
2352 3190 2487 3243 lines
2521 3197 2701 3251 terra,
2750 3206 2768 3239 ι
2806 3194 2916 3241 etc.
2947 3186 3267 3256 Quanquam
3312 3198 3369 3241 et
3414 3186 3543 3243 illud
3591 3195 3669 3243 te-

404 3277 567 3332 etiam
594 3274 694 3345 ipsi
723 3283 1057 3344 compertum
1087 3273 1382 3343 praedicere
1419 3273 1750 3338 sinerentur,
1776 3280 1833 3326 ut
1864 3274 1981 3326 inde

2086 3279 2398 3334 stimonium
2420 3277 2563 3346 quod
2583 3277 2734 3345 prius
2755 3276 2974 3330 adhibui
2992 3276 3082 3330 ubi
3107 3277 3310 3330 dictum
3335 3286 3442 3342 est,
3473 3296 3490 3327 ι
3524 3277 3672 3332 Prac-

403 3368 603 3423 clarius
642 3372 928 3436 appareret
968 3376 1062 3419 eos
1088 3363 1203 3417 haec
1240 3371 1398 3417 antea
1426 3361 1510 3415 vel
1550 3362 1777 3416 minime
1806 3362 1980 3415 credi-

402 3459 565 3520 disse,
587 3456 670 3511 vel
697 3455 810 3510 suis
838 3454 1136 3510 cultoribus
1166 3454 1448 3509 enuntiare
1476 3454 1755 3509 timuisse?
1793 3454 1851 3508 In
1881 3454 1984 3508 line

403 3556 581 3600 autem
632 3554 886 3615 tanquam
918 3544 1050 3599 nihil
1097 3544 1326 3613 amplius
1374 3544 1634 3598 habentes
1673 3543 1815 3613 quod
1854 3556 1981 3613 age-

404 3648 542 3700 rent,
565 3638 728 3692 etiam
760 3637 830 3693 ibi
873 3637 1108 3692 voluisse
1142 3651 1293 3691 suam
1318 3643 1593 3692 ostentare
1618 3634 1980 3700 divinitatem,

403 3729 491 3781 ubi
515 3729 627 3798 jam
656 3729 960 3798 produntur
999 3726 1088 3783 diu
1133 3726 1417 3782 simulasse
1445 3725 1834 3781 divinationem
1864 3744 1877 3779 :
1904 3734 1983 3780 ta-

402 3834 523 3874 men
568 3833 664 3875 nec
694 3821 795 3876 ista
824 3822 937 3893 ipsa
965 3836 1086 3890 quae
1133 3821 1202 3875 ab
1238 3820 1316 3875 eis
1341 3820 1432 3874 vix
1476 3834 1601 3874 raro
1641 3827 1697 3873 et
1734 3817 1983 3874 clanculo

398 3908 764 3980 proferuntur,
788 3925 1006 3966 movere
1043 3925 1143 3965 nos
1169 3911 1383 3973 debent,
1412 3908 1457 3963 si
1490 3909 1742 3979 cuiquam
1784 3908 1982 3962 daemo-

403 4018 529 4055 mun
576 4009 822 4056 exortum
848 4010 931 4057 est
971 4001 1024 4056 id
1064 4001 1293 4071 prodere
1337 3999 1634 4055 cultoribus
1681 3997 1980 4067 suis,quod

401 4091 666 4146 didicerat
695 4104 759 4144 ex
804 4090 1031 4160 eloquiis
1075 4090 1478 4160 prophetarum,
1525 4087 1609 4143 vel
1639 4103 1707 4143 ex
1747 4085 1982 4141 oraculis

398 4179 706 4251 angelorum
732 4184 744 4234 ξ
769 4180 910 4249 quod
933 4195 1030 4234 cur
1050 4194 1157 4232 non
1191 4178 1364 4242 ﬁeret,
1390 4191 1513 4231 cum
1548 4185 1606 4231 et
1628 4177 1737 4230 ista
1767 4191 1873 4231 non
1910 4175 1980 4230 sit

396 4270 742 4340 oppugnatio,
774 4269 867 4325 sed
891 4268 1166 4324 attestatio
1192 4266 1473 4322 veritatis?
1505 4264 1637 4321 Illud
1662 4267 1805 4321 enim
1835 4266 1978 4336 quod

394 4360 568 4414 solum
608 4360 677 4414 ab
720 4360 851 4430 ipsis
900 4358 1151 4413 fanaticis
1194 4358 1542 4429 ﬂagitandum
1582 4368 1696 4422 est,
1741 4373 1843 4413 nec
1880 4374 1977 4413 un-

320 4527 325 4530 _
395 4466 557 4530 quam
593 4460 749 4529 antea
779 4450 1135 4522 protulerunt,
1165 4466 1267 4506 nec
1294 4466 1535 4521 unquam
1566 4457 1828 4520 praetcrea
1871 4450 1975 4504 nisi

396 4527 543 4600 forte~
578 4527 890 4609 conﬁctam,
932 4542 1176 4612 proferre
1213 4544 1553 4598 conabuntur
1592 4541 1797 4609 aliquid
1847 4542 1976 4597 deos

394 4656 521 4695 suos
553 4654 651 4711 per
673 4647 822 4694 vates
846 4654 979 4694 suos
1000 4646 1190 4692 contra
1217 4636 1384 4690 Deum
1408 4634 1573 4690 lsrael
1604 4648 1766 4688 ausos
1807 4633 1973 4688 fuisse

393 4732 723 4804 praedicere:
753 4739 845 4785 aut
867 4731 1048 4785 dicere
1075 4730 1140 4785 de
1170 4742 1277 4797 quo
1302 4726 1413 4781 Deo
1445 4724 1743 4781 doctissimi
1781 4738 1970 4779 eorum

394 4830 664 4886 auctores,
690 4821 783 4891 qui
818 4820 999 4876 omnia
1034 4818 1127 4874 illa
1169 4818 1348 4889 legere
1383 4831 1448 4871 ac
1470 4826 1634 4870 nosse
1656 4821 1968 4884 potuerunt,

395 4913 566 4985 magis
615 4911 977 4981 quaesiverunt
1025 4911 1147 4980 quis
1193 4910 1337 4965 Deus
1373 4916 1540 4973 esset,
1592 4921 1753 4978 quam
1801 4907 1969 4961 Deum

393 5018 594 5073 negare
645 5009 953 5072 potuerunt.
1007 4999 1181 5055 Porro
1232 5008 1413 5055 autem
1461 5000 1601 5056 Deus
1652 5000 1756 5054 iste
1810 5012 1970 5068 quem

394 5094 570 5149 nullus
596 5106 783 5150 eorum
831 5106 1029 5162 negare
1072 5106 1236 5146 ausus
1258 5098 1346 5146 est
1387 5103 1573 5145 verum
1609 5088 1775 5144 Deum
1796 5128 1811 5155 ,
1842 5089 1967 5158 quia

390 5193 445 5239 et
476 5185 520 5239 si
550 5193 794 5255 negaret,
830 5198 941 5237 non
981 5182 1155 5238 solum
1200 5180 1506 5250 subiaceret
1545 5180 1742 5235 debitis
1768 5179 1966 5249 pinnis,

396 5286 575 5328 verum
623 5275 788 5329 etiam
817 5274 982 5351 certis
1010 5273 1425 5328 convinceretur
1447 5270 1672 5327 cﬂ’ectis.
1696 5269 1801 5324 Iste
1838 5284 1967 5340 ergo

390 5366 533 5419 Deus
552 5380 711 5434 quem
733 5378 914 5428 nemo,
946 5372 1007 5418 ut
1044 5364 1175 5428 dixi,
1199 5362 1412 5418 illorum
1436 5375 1635 5434 negare
1668 5374 1832 5414 ausus
1859 5368 1963 5423 cst,

388 5471 577 5511 verum
618 5455 806 5521 Deum,
834 5455 955 5510 illos
996 5454 1162 5509 falsos
1201 5467 1321 5509 esse
1347 5453 1498 5517 deos,
1526 5460 1581 5507 ct
1619 5450 1840 5507 omnino
1875 5450 1967 5504 de-

391 5549 668 5615 serendus,
681 5560 977 5617 eorumque
992 5546 1187 5616 templa
1203 5553 1258 5599 et
1274 5543 1565 5599 simulacra
1580 5551 1634 5597 et
1650 5556 1804 5597 sacra
1821 5555 1970 5596 ever-

392 5619 575 5703 tenda,
602 5653 700 5709 per
723 5654 851 5694 suos
874 5646 1044 5703 vates,
1065 5638 1169 5694 hoc
1187 5644 1293 5702 est,
1322 5634 1632 5705 prophetas,
1657 5640 1844 5702 aperta
1874 5632 1969 5686 de-

391 5733 731 5789 nuntiatione
776 5732 1028 5804 praedixit
1071 5746 1083 5784 :
1117 5737 1300 5801 aperta
1354 5735 1620 5797 potestate
1665 5725 1964 5795 praecepit:

392 5832 579 5895 aperta
606 5824 834 5880 veritate
861 5822 1164 5885 complevit.
1198 5820 1370 5886 Unde,
1403 5819 1524 5888 quis
1562 5826 1646 5873 est
1671 5817 1763 5887 qui
1799 5830 1971 5886 usque

2084 3369 2284 3425 valebit
2332 3368 2590 3421 Dominus
2618 3366 2877 3421 adversus
2901 3379 3016 3430 eos,
3046 3373 3103 3419 et
3129 3365 3515 3420 exterminabit
3541 3379 3665 3419 om-

2084 3476 2181 3517 nes
2204 3461 2332 3516 deos
2358 3459 2598 3530 gentium
2650 3476 2668 3509 ι
2704 3466 2879 3519 terrm,
2913 3457 2966 3509 in
2994 3471 3060 3511 eo
3101 3456 3245 3527 quod
3295 3455 3532 3524 positum
3559 3464 3665 3520 est,

2090 3571 2109 3604 ι
2128 3550 2460 3621 praevalebit,
2487 3567 2504 3600 ι
2539 3547 2673 3603 satis
2694 3546 2997 3603 ostenditur
3017 3547 3182 3602 etiam
3211 3549 3315 3603 hoc
3335 3547 3669 3616 praenuntia-

2085 3650 2219 3706 tum,
2251 3641 2395 3710 quod
2428 3637 2625 3710 pagani
2661 3637 2811 3708 prius
2848 3636 3213 3707 ‘oppugnaturi
3244 3645 3426 3691 essent
3482 3635 3669 3692 Eccle-

2033 3748 2036 3752 '
2083 3736 2219 3790 siam
2245 3775 2261 3800 ,
2314 3747 2618 3801 nomenque
2673 3729 3065 3795 Christianum,
3096 3737 3356 3798 quantum
3402 3727 3660 3790 valerent,

2085 3822 2418 3894 persecuturi
2443 3837 2456 3874 :
2486 3829 2546 3873 ut
2570 3819 2615 3873 si
2649 3817 2764 3873 tieri
2791 3826 3004 3888 posset,
3033 3817 3101 3872 de
3136 3824 3281 3871 terra
3307 3817 3528 3871 omnino
3569 3817 3665 3872 de-

2083 3914 2303 3968 leretur.
2338 3911 2402 3965 Et
2424 3911 2550 3980 quia
2579 3924 2674 3965 eos
2696 3907 2956 3978 patientia
3002 3914 3327 3975 martyrum,
3368 3915 3424 3962 et
3451 3906 3663 3975 magni-

2084 4006 2270 4062 tudine
2298 4002 2703 4067 miraculorum,
2730 4009 2787 4057 et
2809 4007 3173 4070 consequente
3205 3999 3309 4055 ﬁde
3336 3998 3661 4070 populorum

2081 4107 2199 4156 erat
2223 4105 2596 4170 superatums,
2625 4096 2768 4161 ideo,
2797 4094 2939 4150 sicut
2968 4094 3170 4150 dictum
3199 4100 3285 4148 est
3308 4133 3322 4158 ,
3351 4090 3666 4164 praevalebit

2081 4191 2340 4247 Dominus
2375 4188 2636 4245 adversus
2655 4202 2769 4243 eos.
2808 4184 2925 4241 Non
2961 4186 3105 4241 enim
3143 4185 3436 4249 diceretur,
3470 4203 3488 4237 ι
3520 4198 3658 4253 prae-

2076 4282 2278 4338 valebit
2301 4281 2562 4335 adversus
2593 4293 2709 4343 eos,
2744 4295 2764 4331 ι
2806 4276 2908 4331 nisi
2937 4274 3296 4346 oppugnando
3327 4273 3401 4327 illi
3441 4274 3661 4328 resiste-

2080 4381 2180 4429 ret.
2215 4371 2364 4428 Unde
2392 4371 2522 4427 etin
2550 4369 2758 4441 psalmo
2799 4368 2871 4422 ita
2901 4367 3279 4435 prophetatum
3336 4371 3419 4417 est
3472 4360 3648 4433 (I‘sal.

2079 4462 2140 4532 ιι)
2171 4484 2181 4515 :
2221 4481 2239 4512 ι
2278 4462 2347 4517 Ut
2383 4461 2510 4532 quid
2554 4461 2890 4514 tremuerunt
2932 4463 3141 4525 gentes,
3164 4462 3221 4509 et
3256 4454 3437 4523 populi
3489 4455 3657 4509 medi-

2083 4572 2101 4604 ε
2139 4553 2235 4608 tati
2263 4560 2390 4607 sunt
2408 4550 2620 4605 inania?
2646 4549 2944 4602 Astiterunt
2967 4560 3122 4614 reges
3165 4556 3345 4609 terrae,
3369 4554 3421 4600 et
3460 4544 3659 4614 princi-

2084 4662 2103 4695 ‹
2148 4658 2243 4714 pes
2272 4646 2638 4712 convenerunt
2661 4639 2713 4693 in
2747 4652 2937 4702 unum,
2969 4635 3229 4691 adversus
3264 4634 3576 4699 Dominum,
3604 4644 3659 4691 et

2084 4754 2103 4787 ο
2148 4736 2405 4789 adversus
2433 4730 2708 4786 Christum
2734 4727 2871 4797 ejus.
2911 4746 2932 4782 ι
2967 4726 3035 4782 Et
3058 4725 3218 4797 paulo
3261 4734 3383 4796 post
3415 4726 3612 4781 dicitur
3642 4746 3657 4785 :

2084 4847 2101 4878 ε
2141 4825 2398 4881 Dominus
2421 4822 2556 4877 dixit
2576 4822 2644 4876 ad
2672 4835 2777 4887 me,
2801 4819 2970 4875 Filius
2997 4834 3150 4874 meus
3175 4835 3235 4874 es
3256 4828 3344 4885 tu,
3373 4833 3473 4889 ego
3500 4819 3661 4875 hodie

2084 4939 2102 4970 ι
2142 4918 2300 4990 genui
2355 4925 2427 4971 te.
2480 4914 2694 4970 Postula
2743 4929 2774 4968 a
2805 4927 2913 4976 me,
2951 4919 3008 4968 et
3035 4912 3176 4967 dabo
3205 4910 3517 4983 tingentes
3557 4912 3661 4966 ha:-

2083 5029 2101 5061 ι
2148 5008 2430 5062 reditatem
2476 5011 2643 5068 tuam,
2675 5011 2730 5058 et
2767 5002 3164 5073 possessionem
3197 5010 3341 5056 tuam
3397 5000 3658 5054 terminos

2082 5119 2099 5150 ι
2145 5108 2321 5154 terrae.
2365 5115 2381 5147 ι
2412 5095 2508 5151 llis
2558 5102 2722 5163 atque
2765 5093 3068 5164 huiusmodi
3122 5090 3453 5162 propheticis
3499 5088 3656 5143 docu-

2074 5188 2271 5244 mentis
2298 5186 2616 5256 praedictum
2644 5184 2951 5238 ostenditur
2969 5223 2984 5248 ,
3007 5183 3150 5254 quod
3178 5182 3422 5235 videmus
3448 5177 3654 5248 impleri

2074 5294 2171 5349 per
2213 5277 2487 5333 Christum
2517 5273 2759 5328 [ulmum
2790 5273 2958 5328 fuisse
2976 5312 2991 5339 ,
3015 5280 3076 5326 ut
3105 5271 3247 5325 Deus
3273 5268 3459 5334 Israel,
3488 5284 3647 5339 quem

2072 5385 2238 5425 unum
2279 5381 2462 5422 verum
2513 5366 2680 5420 Deum
2727 5364 3095 5435 intelligimus,
3118 5378 3228 5417 non
3280 5362 3335 5418 iu
3376 5376 3480 5415 una
3537 5360 3651 5430 ipsa

2072 5466 2251 5532 gente,
2279 5472 2398 5526 qum
2426 5455 2694 5526 appellata
2714 5462 2797 5510 est
2818 5451 2981 5511 Israel
3001 5491 3017 5518 ,
3041 5452 3133 5507 sed
3155 5452 3209 5505 in
3238 5450 3491 5508 omnibus
3521 5463 3623 5520 gen
3651 5477 3655 5481 -

2074 5550 2217 5605 tibus
2253 5546 2564 5602 coleretur:
2597 5553 2651 5600 et
2685 5560 2873 5599 omnes
2911 5541 3076 5598 falsos
3117 5541 3246 5597 deos
3291 5540 3529 5613 gentium
3557 5577 3572 5603 ,
3601 5545 3655 5591 et

2074 5654 2106 5694 a
2143 5636 2358 5707 templis
2405 5650 2613 5697 eorum,
2663 5642 2718 5689 et
2763 5650 2793 5688 a
2838 5632 3092 5689 cordibus
3126 5630 3396 5687 cultorum
3428 5642 3648 5683 suormu

2077 5726 2408 5782 amoliretur.
2435 5724 2575 5779 Eant
2599 5737 2742 5778 nunc
2771 5722 2881 5787 isti,
2908 5728 2961 5776 et
2984 5721 3160 5777 adhuc
3184 5727 3371 5776 contra
3392 5716 3654 5773 Christia—

2078 5833 2207 5874 nam
2240 5815 2576 5887 religionem,
2603 5820 2793 5869 contra
2817 5828 2999 5869 verum
3027 5810 3122 5868 Dei
3156 5811 3357 5868 cultum
3387 5810 3656 5866 vanitates
