4028 6196
418 432 557 490 1109

1651 437 2067 498 TRACTATUS
2104 440 2188 495 DE
2222 439 2454 496 ANIMA.

3512 440 3648 495 ιιιυ

414 546 578 601 sterio
612 545 758 602 omni
793 554 1038 619 tempore
1065 549 1186 604 vita:
1229 556 1425 604 nostra:
1459 557 1671 620 gratum
1699 550 1977 604 servitium
2007 563 2055 619 Α
2085 565 2389 606 mereamur
2460 550 2838 609 beatitudinem
2899 555 3174 623 possulere
3240 550 3646 615 sempiternam.

416 634 466 690 ei
511 635 824 690 exhibentes
852 675 866 700 ,
909 645 1033 706 post
1071 638 1212 692 hanc
1250 638 1417 692 vitam
1454 653 1552 708 per
1595 636 1712 706 ejus
1758 638 1988 708 gratiam

417 813 645 827 -κ

654 814 933 826 .—

2094 640 2286 693 Amen.

2534 820 3651 850 Ἣ

994 969 1567 1081 ΒΕΔΤῙ
1637 970 2383 1083 RABANI
2459 973 3071 1088 MAURI

1153 1177 1534 1236 FULDENSIS
1566 1177 1858 1235 ABBATIS
1892 1178 1981 1234 ET
2017 1179 2400 1239 MOGUNTINI
2434 1180 2953 1241 ARCHIEPISCOPI

941 1352 2093 1488 TRACTATUS
2185 1361 2411 1487 DE
2505 1357 3117 1491 ANIMA

1818 1598 2060 1672 (ANNO
2103 1599 2267 1678 81.2.)

1030 1821 1400 1880 ΡΒΑΞῈΑΤΙΟ

879 1931 947 1970 ΔΙ)
982 1930 1289 1969 ιοτῐιΑιιιυιι
1324 1930 1521 1972 πεςειι.

482 2004 710 2062 Domino
755 2004 1250 2075 praecellentissimo
1292 2006 1551 2075 nobisque
1604 2007 1698 2062 Dei
1757 1991 1980 2065 munere

410 2098 559 2161 dato,
610 2110 802 2166 magno
845 2102 899 2150 et
942 2095 1169 2164 pacilico
1214 2102 1379 2166 atque
1421 2106 1679 2154 coronato
1722 2099 1835 2171 regi
1871 2100 1980 2155 Lo-

415 2202 642 2253 rnimo,
689 2186 908 2241 ultimus
951 2194 1143 2241 vestra:
1199 2187 1475 2242 servitutis
1521 2186 1774 2255 famulus,
1829 2187 1980 2245 Mau-

408 2292 535 2333 BUS.

481 2364 615 2420 Cum
668 2363 964 2418 nobilitatis
1006 2371 1199 2419 vestra:
1244 2364 1518 2435 ingenium
1566 2366 1985 2438 aviditatemque

408 2456 585 2513 multa
631 2456 833 2511 sciendi
877 2463 934 2511 et
966 2457 1183 2526 copiosa
1232 2457 1586 2527 investigandi
1628 2459 1981 2529 perspiciam,

408 2562 607 2604 sensus
650 2547 812 2601 etiam
841 2546 1010 2603 vestri
1053 2546 1440 2616 perspicaciam
1466 2563 1574 2617 quo
1616 2549 1857 2619 apprime
1889 2565 1983 2606 su-

407 2638 651 2694 blimitas
688 2643 868 2692 vestra
904 2635 1060 2691 floret
1101 2637 1355 2704 demirer,
1388 2638 1574 2703 statui,
1604 2654 1703 2708 pro
1731 2641 1985 2711 ingenioli

413 2727 517 2782 mei
566 2726 850 2796 parvitate,
895 2726 1166 2796 quoddam
1209 2728 1275 2782 de
1310 2743 1472 2782 manu
1507 2729 1786 2799 deputare.
1835 2730 1987 2798 Quod

411 2817 662 2873 videlicet
679 2832 711 2872 e
735 2817 1091 2886 quorumdam
1111 2817 1445 2872 eruditorum
1470 2818 1625 2876 libris
1649 2820 1984 2892 decerptum,

414 2908 568 2964 facile
596 2908 871 2964 memoria:
897 2909 1140 2964 mandari
1172 2909 1381 2978 possit:
1408 2925 1518 2980 quo
1545 2913 1746 2967 veteris
1784 2913 1985 2983 ingenii

410 3001 594 3056 fervor
619 3000 998 3057 exuberantior
1032 3000 1188 3066 foret,
1237 3009 1293 3055 et
1322 3002 1430 3057 mei
1458 3002 1709 3072 ingenioli
1754 3005 1987 3072 quodam

408 3089 573 3143 modo
613 3100 806 3145 vestra:
853 3088 1099 3144 servituti
1142 3089 1373 3145 fidelitas
1415 3090 1735 3146 deserviret.
1780 3090 1987 3163 Scripsi

2016 1833 2059 1893 Β
2086 1828 2194 1881 vita
2241 1842 2516 1897 pecorum.
2565 1826 2688 1882 Vita
2731 1841 2961 1897 namque
2996 1841 3247 1898 pecorum
3294 1831 3349 1886 in
3393 1846 3656 1903 sanguine

2083 1925 2296 1972 constat
2326 1934 2339 1971 :
2368 1916 2525 1979 adeo,
2566 1924 2625 1969 ut
2656 1931 2778 1971 cum
2817 1916 3119 1974 defectione
3153 1921 3428 1992 sanguinis
3466 1932 3523 1979 et
3550 1924 3658 1981 fine

2085 2005 2343 2075 corporis,
2368 2005 2483 2075 ipsa
2505 2005 2670 2060 etiam
2692 2005 2801 2059 vita
2826 2020 2949 2060 cum
2972 2008 3162 2076 spiritu
3195 2009 3429 2067 finiatur.
3455 2012 3651 2071 Anima

2085 2102 2263 2149 autem
2310 2094 2544 2150 hominis
2587 2108 2694 2149 non
2737 2110 2860 2150 cum
2910 2099 3170 2168 sanguine
3221 2101 3382 2158 finem
3432 2107 3648 2178 accipit.

2085 2182 2314 2253 Ideoque
2343 2190 2492 2239 recte
2529 2184 2726 2239 dicitur
2763 2184 2973 2253 anima,
3014 2189 3172 2257 quasi
3200 2187 3420 2263 ἄναιμα,
3454 2193 3505 2248 id
3544 2203 3661 2263 est,

2086 2272 2316 2328 discreta
2347 2272 2502 2344 longe
2528 2288 2560 2328 a
2589 2275 2848 2346 sanguine
2873 2296 2887 2330 :
2921 2279 3177 2347 quoniam
3204 2289 3258 2335 et
3285 2290 3407 2351 post
3430 2292 3661 2340 mortem

2086 2364 2331 2434 corporis
2364 2364 2416 2419 in
2454 2379 2552 2419 sua
2591 2365 2895 2421 substantia
2932 2367 3101 2422 vivit:
3129 2383 3249 2438 qua:
3292 2378 3471 2438 potest
3498 2373 3661 2429 etiam

2088 2452 2165 2507 ita
2208 2450 2422 2507 diliiniri
2457 2471 2471 2507 :
2500 2453 2691 2509 Anima
2720 2454 2940 2521 dicitur,
2984 2470 3049 2511 eo
3077 2458 3219 2527 quod
3242 2459 3466 2527 animet,
3497 2462 3551 2516 id
3578 2471 3664 2519 est

2090 2544 2343 2611 vivificet,
2366 2546 2569 2616 proprii
2596 2546 2837 2616 corporis
2862 2548 3237 2603 substantiam.
3273 2549 3663 2621 Signiﬁcantis—

2090 2635 2222 2690 sime
2246 2644 2424 2689 autem
2455 2635 2635 2690 anima
2657 2635 2854 2691 dicitur
2874 2636 3174 2707 spiritualis
3194 2640 3518 2707 substantia,
3542 2658 3664 2711 qua:

2090 2725 2235 2780 nulla
2263 2725 2538 2797 sanguinis
2565 2723 2824 2781 effusione
2872 2728 3246 2784 consumitur:
3279 2737 3441 2800 atque
3470 2732 3593 2789 ideo
3629 2749 3662 2789 a

2089 2815 2352 2885 sanguine
2379 2814 2536 2884 longe
2561 2813 2902 2881 discernitur,
2927 2816 3175 2885 quamvis
3201 2817 3504 2876 defectione
3541 2836 3664 2876 san-

2092 2904 2269 2975 guinis
2307 2903 2673 2958 habitaculum
2713 2904 2956 2974 eorporis
2984 2905 3234 2961 deserere
3259 2907 3524 2963 videatur.
3557 2908 3666 2964 Sed

2091 2992 2237 3046 aliud
2281 3000 2366 3047 est
2393 3007 2717 3062 quacunque
2762 2994 3050 3051 occasione
3096 2996 3462 3053 habitaculum
3505 2999 3663 3055 dese-

2095 3095 2253 3137 rere:
2282 3081 2428 3137 aliud
2457 3096 2581 3136 eum
2613 3081 2731 3152 ipso
2764 3083 3077 3140 habitacqu
3109 3085 3273 3141 ﬁniri.
3296 3086 3663 3155 Quorumdam

408 3180 595 3249 itaque
643 3181 792 3235 vobis
832 3181 1077 3249 quaedam
1114 3180 1181 3236 de
1213 3179 1527 3237 difﬁnitjone
1560 3183 1772 3248 anima,
1818 3200 1986 3252 quare
2013 3174 2058 3236 C
2090 3189 2218 3229 vero
2253 3172 2375 3229 talis
2419 3181 2505 3227 est
2551 3171 2818 3238 difiinitio,
2867 3183 2926 3229 ut
2959 3176 3139 3230 anima
3185 3191 3217 3229 a
3263 3184 3424 3232 vento
3465 3194 3661 3234 nomen

414 3269 597 3323 anima
636 3268 866 3334 dicatur,
903 3268 988 3323 vel
1015 3268 1145 3338 quid
1189 3270 1263 3324 sit
1289 3270 1510 3325 anima:
1548 3286 1649 3327 nec
1684 3286 1792 3326 non
1819 3283 1876 3326 et
1916 3273 1982 3327 de

414 3360 619 3431 origine
665 3360 857 3429 ipsius,
898 3368 1152 3417 utrumne
1194 3361 1427 3416 formam
1463 3363 1665 3417 habere
1709 3363 1979 3418 credatur.

415 3449 493 3504 De
513 3450 808 3518 quantitate
831 3450 993 3504 etiam
1018 3450 1209 3519 ipsius,
1237 3460 1415 3505 utrum
1443 3452 1494 3505 in
1520 3452 1758 3521 parvulis
1788 3454 1980 3518 minor,

413 3536 470 3592 in
501 3536 812 3592 fortioribus
851 3538 1024 3608 major
1070 3556 1082 3591 :
1131 3537 1215 3593 vel
1260 3540 1350 3595 ubi
1385 3541 1621 3596 maxime
1666 3540 1847 3597 sedem
1882 3543 1982 3597 ha-

413 3628 542 3683 bere
572 3628 841 3682 credatur.
875 3628 1075 3683 Deinde
1102 3643 1224 3698 qua:
1263 3630 1373 3684 sint
1409 3630 1636 3686 virtutes
1665 3629 1783 3699 q’us
1809 3647 1985 3687 mora-

410 3720 532 3774 les:
560 3734 729 3790 pauca
774 3719 938 3774 etiam
968 3719 1035 3774 de
1078 3718 1386 3776 habitacufo
1425 3719 1565 3788 ejus,
1603 3722 1708 3777 hoc
1735 3729 1821 3777 est
1860 3736 1983 3777 cor-

408 3810 559 3877 poris
600 3808 954 3879 possessione.
987 3808 1118 3875 Quae
1165 3816 1359 3863 cuncta
1386 3824 1452 3864 ex
1494 3808 1771 3878 cujusdam
1802 3812 1984 3882 magni

410 3902 612 3957 Aurelii
642 3902 948 3957 Cassiodori
980 3900 1259 3957 Senatoris
1286 3900 1443 3956 dictis
1483 3902 1730 3972 excerpsi
1760 3919 1773 3956 :
1805 3902 1982 3972 aliqua

414 4008 546 4047 vero
562 4008 626 4048 ex
647 3992 784 4048 libro
804 3991 1056 4062 Prosperi
1078 3992 1426 4048 eruditissimi
1441 3993 1560 4048 viri.
1581 3994 1836 4061 Quatdam
1857 4009 1984 4050 vero

412 4100 480 4138 ex
526 4086 727 4154 proprii
768 4085 1021 4155 ingenioli
1048 4099 1208 4139 sensu
1254 4085 1451 4141 addere
1477 4086 1683 4141 curavi.
1719 4086 1825 4141 Sed
1856 4087 1981 4158 quia

411 4173 784 4228 excellentiam
814 4183 1050 4229 vestram
1094 4175 1260 4229 multa
1303 4176 1460 4231 decet
1496 4191 1836 4246 cognoscere,
1876 4193 1981 4235 .an-

414 4267 573 4321 nexui
610 4268 850 4337 quaedam
878 4269 1109 4339 capitula
1136 4271 1202 4327 de
1237 4270 1516 4341 disciplina
1559 4271 1814 4327 Romana:
1838 4271 1981 4327 mili-

414 4356 503 4409 tia:
545 4367 599 4420 ι,
664 4356 894 4425 qualiter
946 4360 1152 4428 antiqui
1210 4360 1412 4415 tirones
1464 4359 1667 4415 institui
1716 4359 1979 4416 solebant.

412 4448 566 4513 Quod
595 4448 714 4502 ideo
749 4448 870 4515 feci,
913 4450 1036 4519 quia
1068 4452 1431 4507 necessarium
1463 4451 1577 4506 fore
1605 4452 1658 4507 id
1692 4451 1976 4516 :estimavi,

2085 3263 2351 3331 accipiat:
2379 3262 2504 3330 quia
2546 3271 2740 3317 ventus
2779 3262 2967 3318 Graece
3010 3263 3192 3335 ἄνεμος
3226 3265 3441 3322 dicitur.
3470 3267 3540 3323 Et
3582 3269 3662 3323 id-

2083 3353 2230 3408 circo
2257 3352 2635 3423 etymologiam
2664 3368 2696 3406 a
2725 3364 2884 3407 vento
2917 3354 3116 3408 ducere
3141 3373 3154 3408 :
3185 3356 3329 3425 quod
3367 3372 3466 3412 nos
3505 3359 3662 3428 spiri-

2086 3451 2198 3498 tum
2224 3458 2319 3498 ore
2346 3443 2705 3509 retrahentes,
2734 3444 2919 3498 vivere
2960 3443 3257 3498 videamur.
3298 3445 3424 3503 llaec
3458 3448 3666 3506 brevis-

2085 3536 2219 3590 sime
2245 3535 2312 3590 de
2353 3549 2419 3589 eo
2444 3549 2611 3603 quare
2648 3535 2827 3589 anima
2870 3533 3082 3591 dicatur
3106 3554 3119 3589 :
3148 3551 3293 3592 nunc
3319 3552 3446 3594 vero
3474 3540 3659 3597 dicen-

2084 3626 2232 3692 dum,
2285 3625 2413 3695 quid
2465 3625 2536 3680 sit
2589 3625 2789 3679 anima.
2841 3624 3148 3696 Philosophi
3191 3638 3369 3683 autem
3423 3631 3660 3686 animam

2085 3719 2267 3773 dicunt
2328 3731 2446 3772 esse
2502 3717 2855 3772 substantiam
2908 3716 3240 3788 simplicem,
3325 3721 3657 3785 naturalem,

2084 3807 2262 3877 specie
2291 3807 2580 3862 distantem
2626 3820 2660 3860 a
2686 3807 2909 3861 materia
2954 3808 3038 3862 sui
3086 3810 3347 3878 corporis,
3396 3826 3657 3882 organum

2084 3897 2468 3961 membrorum,
2498 3896 2785 3951 habentem
2806 3897 3058 3951 virtutem
3088 3898 3230 3952 vitai.
3256 3898 3429 3966 Quam
3457 3900 3658 3956 idcirco

2085 3991 2441 4044 substantiam
2476 3987 2776 4059 simplicem
2806 3989 2989 4045 dicere
3026 3989 3333 4056 voluerunt,
3373 3992 3499 4061 quia
3525 3992 3658 4046 nihil

2084 4079 2140 4134 in
2183 4094 2244 4134 ea
2276 4087 2469 4148 praeter
2494 4078 2832 4149 spiritualem
2879 4080 3238 4138 substantiam
3286 4082 3513 4138 inveniri
3557 4098 3656 4152 po-

2084 4180 2209 4226 test.
2238 4170 2540 4226 Distantem
2565 4167 2693 4226 vero
2719 4185 2751 4224 a
2786 4171 3015 4226 materia
3058 4173 3321 4242 corporis,
3364 4172 3490 4242 quia
3523 4172 3657 4228 nihil

2084 4262 2141 4316 in
2169 4275 2227 4317 se
2257 4274 2575 4330 corporeum
2604 4261 2785 4316 habet.
2811 4260 3083 4334 Organum
3114 4277 3241 4317 vero
3269 4263 3656 4321 membrorum.

2083 4350 2210 4418 quia
2251 4350 2433 4404 omnia
2476 4350 2717 4405 membra
2746 4350 2987 4419 corporis
3011 4363 3075 4403 ea
3116 4359 3330 4419 agente,
3362 4350 3654 4419 disponun-

2085 4449 2191 4497 tur.
2236 4441 2503 4498 Virtutem
2547 4450 2726 4497 autem
2758 4442 2882 4496 vita:
2925 4440 3211 4496 habentem
3261 4441 3652 4513 idcircofdixe-

410 4546 629 4607 propter
682 4514 1145 4608 frequentissimas
1206 4541 1563 4595 Barbaroruln
1624 4514 1976 4596 incursiones.
2004 4514 2058 4574 Β
2084 4538 2230 4597 νυοί,
2260 4532 2511 4600 quoniam
2544 4532 2636 4587 “bi
2670 4546 2868 4600 corpus
2896 4530 3196 4600 τθριθνθτίιο
3236 4530 3502 4587 “Vallem
3527 4546 3657 4588 000‘

409 4626 540 4693 ρυλε
583 4627 790 4683 scilicet
814 4644 882 4683 ex
922 4628 1195 4697 cujusdam
1227 4629 1392 4684 Flavii
1426 4630 1627 4701 Vegetii
1657 4630 1851 4685 Renati
1882 4631 1976 4686 Li-

409 4718 570 4782 bello,
614 4734 776 4788 quem
807 4721 873 4774 de
911 4719 1302 4787 antiquissimis
1346 4720 1562 4789 scripsit
1597 4719 1854 4775 Romanis
1880 4735 1979 4775 ex-

409 4810 582 4877 cerpsi
606 4818 769 4879 atque
790 4811 1031 4880 conmegi
1052 4811 1371 4880 breviusque
1390 4819 1647 4866 adnotare
1666 4812 1863 4877 studui,
1886 4829 1976 4869 ca-

411 4912 543 4952 vens
570 4898 777 4954 scilicet
811 4900 1170 4969 prolixitatem
1196 4907 1253 4954 et
1282 4916 1351 4954 ne
1380 4899 1516 4955 forte
1538 4916 1600 4955 ea
1626 4901 1865 4957 scribere
1899 4903 1979 4958 vi-

408 4988 568 5041 derer
594 5003 716 5057 quae
744 4998 982 5059 tempore
1025 4991 1284 5046 moderno
1308 4991 1360 5044 in
1391 5008 1493 5047 usu
1521 5007 1627 5048 non
1655 5001 1782 5047 sunt
1807 5010 1821 5047 :
1850 4992 1978 5050 illud

408 5076 573 5132 etiam
594 5080 914 5149 praevidens,
942 5097 1010 5136 ne
1031 5082 1077 5136 si
1107 5081 1305 5138 nimius
1328 5081 1536 5150 fierem,
1562 5082 1778 5142 fastidio
1800 5086 1979 5156 potius

407 5180 571 5233 quam
599 5168 938 5226 delectationi
967 5172 1305 5227 inservirem.

1076 5308 1310 5320 ~—

930 5396 1155 5454 CAPUT
1192 5395 1482 5452 PRIMUM.

475 5504 556 5562 De
580 5508 769 5563 animo:
799 5512 1131 5580 proprietate,
1156 5511 1467 5583 etymologia
1496 5529 1558 5566 ac
1578 5512 1900 5583 diﬂinitioue.

412 5684 415 5687 ν
475 5620 671 5677 Anima
695 5622 858 5693 igitur
888 5624 1104 5694 proprie
1131 5624 1410 5679 hominum
1433 5624 1648 5685 dicitur.
1676 5638 1782 5679 non
1808 5623 1973 5679 etiam

398 5724 682 5782 pecorum.
724 5711 917 5768 Anima
959 5729 1190 5784 namque
1233 5714 1510 5769 hominum
1546 5712 1706 5784 longe
1740 5713 1917 5789 distat
1941 5728 1975 5768 a

2088 4623 2237 4678 tinuo
2283 4623 2473 4677 reddit.
2522 4621 2648 4678 Haec
2697 4632 2780 4676 est
2810 4620 3056 4677 diﬁinitio
3101 4624 3315 4689 animai,
3360 4624 3651 4679 secundum

2086 4712 2517 4767 adinventionern
2566 4711 2947 4782 magistrorum
2991 4713 3268 4769 saecularis
3313 4714 3647 4772 litteratum.

2086 4804 2411 4859 Cunctorum
2445 4818 2573 4859 vero
2599 4806 2879 4861 doctorum
2906 4806 3177 4862 veracium
3221 4806 3272 4861 in
3303 4807 3403 4862 hoc
3427 4822 3652 4864 consen-

2087 4896 2152 4951 tit
2185 4897 2498 4961 auctoritas,
2538 4897 2663 4966 quia
2706 4897 2888 4952 anima
2925 4906 3008 4952 est
3035 4912 3066 4952 a
3113 4897 3223 4953 Deo
3252 4908 3436 4954 creata
3483 4899 3646 4969 spiri-

2087 4986 2245 5041 tualis
2280 4986 2599 5056 propriaque
2626 4986 2949 5054 substantia,
2988 4988 3310 5043 vivificatrix
3349 4988 3435 5044 sui
3460 5003 3650 5057 corpo-

2086 5078 2180 5141 ris,
2224 5077 2497 5132 rationalis
2523 5086 2579 5133 et
2618 5078 2942 5134 immortalis
2976 5094 2992 5133 :
3032 5081 3126 5136 sed
3173 5079 3538 5135 convertibilis
3580 5080 3649 5134 ad

2087 5178 2333 5237 utraque,
2361 5167 2416 5222 id
2438 5175 2522 5222 est
2567 5168 2634 5222 ad
2663 5168 2805 5223 bona
2840 5178 2899 5225 et
2941 5169 3011 5225 ad
3047 5171 3210 5225 mala.
3238 5171 3284 5224 A
3313 5170 3423 5224 Deo
3465 5177 3647 5224 autem

2088 5266 2318 5315 creatam
2354 5257 2590 5312 animam
2619 5258 2849 5314 dicimus
2889 5269 3076 5316 contra
3109 5260 3318 5314 illorum
3345 5259 3645 5329 opinione,

2072 5349 2164 5418 qui
2189 5364 2310 5404 eam
2334 5347 2570 5418 aliquam
2598 5358 2810 5419 mrtem
2838 5346 3136 5405 divinitatis
3173 5348 3375 5404 habere
3402 5363 3649 5405 asseren-

2078 5448 2175 5503 tes,
2214 5454 2429 5495 errores
2464 5439 2644 5508 potius
2671 5453 2831 5508 quam
2872 5438 3152 5494 veritatem
3182 5446 3490 5496 texuerunt.
3522 5437 3650 5495 Nul-

2076 5530 2160 5586 lus
2184 5545 2415 5600 namque
2443 5538 2589 5586 recte
2614 5530 2956 5599 sapientium,
2989 5528 3225 5584 animam
3253 5536 3492 5584 creatam
3525 5542 3647 5584 esse

2075 5620 2301 5676 dubitat.
2333 5619 2444 5673 Hoc
2464 5619 2605 5674 idem
2632 5618 2919 5674 Salomone
2942 5625 3197 5682 testante,
3224 5620 3315 5686 qui
3341 5618 3410 5672 de
3435 5617 3647 5688 sapien-

2077 5712 2154 5765 tia
2198 5711 2329 5766 dicit
2365 5725 2379 5764 :
2413 5708 2632 5765 Omnem
2672 5711 2858 5780 ﬂatum
2894 5726 2986 5781 ego
3013 5709 3125 5780 '[eci
3175 5707 3338 5782 (Sap.
3366 5706 3538 5779 xnv).
3582 5703 3647 5760 Et

476 5833 504 5863 ι
542 5822 656 5881 lloc
684 5828 999 5896 opusculum
1029 5829 1265 5883 nondum
1303 5827 1627 5892 invenimus;
1657 5825 1852 5895 alioqui
1884 5824 2333 5895 adjunxissemus.
