4028 6196
448 327 575 381 llll

1090 328 1151 380 B.
1194 327 1439 382 [ἈΒᾹΝΙ
1481 328 1699 385 ΜΛΟΙὶΙ
1735 329 2023 386 Αῐιειιίειπ

2126 326 2404 385 ιΟΟῢΝΤ.
2439 325 2723 383 OPERUM
2762 326 2939 381 PARS
2974 318 3034 381 ll.

3564 331 3706 385 ill?

442 442 680 497 iterum:
722 441 784 495 Et
828 453 1106 497 revertetur
1133 442 1303 509 pulvis
1341 445 1397 496 in
1423 454 1614 499 terram
1648 457 1784 500 unde
1813 458 1946 511 erat,
1977 460 2024 501 et
2054 448 2099 509 Λ
2128 446 2380 515 gaudere,
2428 459 2551 499 mox
2598 444 2766 498 nimio
2811 457 3045 499 maerore
3082 445 3286 501 tristari
3316 445 3704 513 conspicimus.

439 530 655 597 spiritus
684 540 964 584 revertetur
1008 531 1076 584 ad
1112 531 1311 596 Deum,
1358 535 1449 603 qui
1478 536 1619 587 dedit
1662 552 1778 589 eum
1806 536 2004 607 (Eccle.

440 618 584 687 ult.).
636 618 756 673 llmc
802 621 963 673 etiam
1014 620 1308 690 spiritualis
1358 637 1477 676 esse
1525 622 1853 688 allirmatur,
1885 624 2010 693 quia

441 711 572 765 nihil
610 711 671 764 in
711 726 768 765 se
805 726 1122 779 corporeum
1168 713 1375 767 retinet,
1424 712 1594 768 Omne
1624 730 1853 783 namque
1892 732 2011 771 cor-

440 814 559 870 pus,
587 799 938 870 longitudine.
972 801 1255 857 latitudine
1284 812 1444 873 atque
1474 804 1839 874 profunditate
1865 823 2012 861 com-

440 891 820 960 prehenditur:
847 907 965 962 qua:
999 894 1177 947 omnia
1206 894 1404 949 desunt
1430 897 1642 951 animm.
1671 898 1735 963 Ειι
1768 898 2013 967 quamvis

440 992 690 1052 gravetur
729 984 868 1039 mole
913 987 1170 1059 corporis,
1216 988 1573 1057 spiritualiter
1612 997 1805 1055 tamen
1846 988 2012 1051 multa

438 1073 650 1144 longius
674 1081 725 1128 et
775 1089 938 1144 prope
978 1076 1151 1144 posita
1179 1077 1464 1146 perpendit
1498 1096 1511 1132 :
1544 1078 1832 1133 invisibilia
1880 1095 2012 1149 qua—

438 1163 564 1217 tiam
613 1163 837 1219 intuitus
887 1165 1217 1234 perspicacia
1267 1166 1512 1221 rimatur.
1562 1169 1638 1223 De
1700 1169 2013 1223 coelestibus

438 1252 677 1322 cogitat:
706 1253 773 1307 de
802 1252 917 1323 ipso
958 1253 1122 1307 etiam
1149 1269 1360 1309 summo
1408 1256 1518 1310 Deo
1556 1257 1798 1325 quadam
1844 1259 2010 1312 ardua

439 1356 598 1396 nosse
625 1342 911 1398 desiderat.
941 1343 1069 1409 Qus:
1110 1344 1153 1419 si
1197 1353 1341 1411 esset
1362 1346 1684 1413 corporalis,
1714 1346 2014 1415 nilntique

440 1433 630 1486 horum
659 1433 988 1503 perpendere
1031 1434 1250 1487 valeret.
1275 1434 1503 1504 'Propria
1552 1450 1680 1489 vero
1710 1437 2013 1490 substantia

439 1534 554 1590 est,
596 1525 847 1594 quoniam
876 1524 1054 1578 nullus
1079 1524 1216 1579 alter
1242 1525 1460 1593 spiritus
1488 1525 1561 1578 ita
1593 1540 1811 1579 carnem
1844 1525 2015 1579 susei-

440 1617 540 1685 pit,
571 1623 629 1668 ut
666 1613 867 1684 proprii
918 1613 1160 1683 corporis
1207 1613 1546 1681 passionibus
1592 1612 1877 1667 condolcat
1922 1623 2016 1666 aut

440 1708 666 1762 laetetur.
711 1704 1042 1759 Vivilicatrix
1091 1712 1268 1759 autem
1316 1705 1399 1758 sui
1449 1703 1688 1773 corporis
1727 1712 1838 1767 est,
1887 1702 2012 1772 quia

2120 538 2265 593 Alios
2297 552 2441 591 nunc
2475 537 2673 605 pietate
2702 537 2885 600 mites,
2916 552 3059 591 nunc
3107 537 3304 592 iterum
3335 540 3569 593 maxima
3621 541 3705 595 in-

2114 627 2427 697 dignatione
2457 625 2745 680 terribiles.
2795 625 2947 680 Nunc
2991 626 3059 679 ad
3089 627 3319 681 virtutes
3353 629 3512 696 erigi,
3558 645 3702 683 nunc

2116 719 2184 771 ad
2230 720 2356 771 vitia
2401 718 2626 787 prolabi.
2667 718 2951 788 Multisque
2980 728 3035 771 et
3064 719 3546 774 innumerabilibus
3587 737 3705 775 mo-

2114 808 2215 871 dis,
2244 807 2609 863 convertibilis
2632 815 2687 862 et
2715 808 2987 863 mutabilis
3014 824 3136 863 esse
3169 811 3532 880 cognoscitur.
3562 811 3700 866 Nam

2090 902 2156 963 .si
2191 900 2460 965 mutabilis
2503 915 2608 967 non
2648 909 2827 971 esset,
2860 916 3207 979 nequaquam
3237 918 3304 956 ex
3349 904 3504 958 bonis
3546 905 3698 967 mali,

2114 1005 2291 1060 neque
2321 990 2611 1053 ikwmﬂ
2634 990 2906 1059 ὶυψεεὼίδ
2920 991 3107 1060 probi,
3132 1007 3308 1061 neque
3326 1007 3391 1047 ex
3421 995 3699 1047 tenacibus

2113 1080 2271 1151 largi,
2302 1095 2475 1149 neque
2524 1096 2714 1135 rursus
2753 1096 2818 1135 ex
2862 1080 3023 1151 largis
3062 1081 3254 1136 ﬂerent
3303 1084 3471 1137 avari.
3505 1082 3612 1138 Sed
3643 1094 3702 1138 ut

2113 1170 2315 1225 dictum
2340 1178 2443 1234 est,
2493 1170 2836 1225 mutabilitati
2885 1180 3049 1240 atque
3093 1173 3431 1228 convertibili
3463 1175 3699 1243 passioni

2114 1266 2344 1343 obnoxia
2388 1279 2508 1320 esse
2544 1266 2690 1320 omni
2741 1266 2901 1341 modo
2929 1266 3371 1343 deprehenditur.
3400 1266 3552 1321 Nunc
3586 1265 3697 1334 jam

2116 1339 2182 1499 ge
2209 1356 2416 1499 orifine
2438 1355 2627 1429 ipsius,
2660 1356 2856 1433 deque
2892 1339 3186 1429 multifarie
3212 1357 3507 1418 dubitatur,
3530 1372 3700 1426 pauca

2156 1447 2269 1499 icen
2311 1462 2339 1499 a
2368 1454 2514 1499 sont.

2117 1446 2339 1500 dicenda
2368 1454 2514 1499 sont.

2741 1534 2966 1590 CAPUT
3006 1536 3045 1589 ll

2481 1623 2629 1679 Unde
2658 1626 2908 1695 originem
2942 1626 3120 1678 anima
3147 1635 3341 1680 sumat.

2188 1718 2368 1773 Primo
2413 1716 2627 1771 homine
2671 1717 2737 1770 de
2780 1717 2906 1772 limo
2939 1726 3094 1771 terrae
3123 1717 3376 1782 formato,
3405 1719 3701 1788 inspirasse

440 1800 623 1855 statim
652 1804 712 1852 ut
759 1812 789 1850 a
834 1796 942 1851 Deo
970 1795 1182 1865 cerpori
1225 1793 1392 1849 indita
1438 1792 1632 1857 fuerit,
1671 1792 2015 1848 inell‘ahiliter

2125 1809 2170 1861 in
2218 1806 2410 1863 faciem
2456 1806 2572 1875 ejus
2603 1806 2829 1877 legimus
2876 1808 3069 1869 Deum,
3105 1808 3318 1862 dicente
3367 1806 3697 1879 Scriptura:

441 1889 571 1947 illud
603 1886 837 1941 viviticat
872 1895 1031 1955 atque
1061 1884 1270 1955 diligit:
1310 1884 1364 1939 in
1402 1892 1634 1949 tantum,
1669 1890 1728 1937 ut
1754 1880 2016 1952 quidquid

442 1992 639 2046 corpus
682 1975 951 2030 sustinere
993 1973 1356 2044 cognoscitur,
1392 1971 1461 2026 ad
1502 1973 1672 2042 ipsam
1704 1970 2013 2031 referatur:

443 2077 499 2121 ct
533 2080 653 2139 quae
697 2064 831 2119 mori
880 2062 1098 2130 nequit,
1148 2062 1425 2117 interitum
1466 2070 1805 2130 mortemque
1852 2062 2020 2130 perti-

446 2163 669 2213 mescat.
701 2152 996 2208 Rationalis
1035 2162 1213 2207 autem
1260 2160 1378 2214 est,
1415 2151 1670 2220 quoniam
1712 2151 1784 2207 de
1825 2151 2019 2209 divinis

448 2255 685 2313 tractat:
725 2245 956 2301 humana
993 2245 1134 2314 sapit
1169 2255 1268 2303 :ct
1301 2243 1558 2313 quidquid
1604 2258 1671 2298 ex
1719 2244 1927 2299 artibus
1965 2253 2021 2299 et

434 2339 741 2409 disciplinis
777 2337 958 2393 doceri
1010 2344 1222 2406 potest,
1270 2336 1386 2407 ipsa
1436 2335 1667 2405 quadam
1714 2335 2019 2392 subtilitate

436 2428 848 2500 comprehendit
872 2445 885 2481 :
911 2437 1073 2499 atque
1119 2427 1245 2485 hinc
1271 2426 1460 2483 omnia
1501 2426 1755 2483 animalia
1796 2426 2018 2482 docibili

446 2521 717 2579 intellectu
748 2518 1043 2585 antecellit,
1069 2520 1212 2587 quod
1239 2533 1362 2574 cum
1388 2518 1601 2573 ratione
1623 2518 1867 2575 decentia
1896 2533 2021 2573 cun-

447 2625 534 2670 eta
563 2614 856 2685 componit.
886 2611 1060 2682 ipsius
1096 2626 1329 2681 namque
1356 2619 1478 2666 actu
1513 2610 1770 2680 quidquid
1799 2619 2021 2666 ornatus

445 2702 645 2761 mundo
674 2701 909 2766 additur,
948 2702 1222 2756 inventum
1252 2709 1353 2756 est.
1389 2700 1511 2770 Ipsa
1552 2700 1867 2755 civitatibus
1910 2715 2023 2755 mu-

445 2809 538 2849 ros
590 2792 860 2856 attribuit,
907 2806 1058 2846 arma
1109 2790 1445 2849 deicnsibilia
1502 2790 1742 2855 invenit,
1792 2792 2023 2846 amictus

448 2882 678 2938 vestium
702 2881 914 2936 diversa
946 2880 1207 2936 varietate
1250 2881 1560 2950 componit,
1600 2880 1837 2950 viasper
1858 2880 2019 2935 devia

449 2974 665 3035 sternit,
694 2972 869 3026 maria
891 2971 1122 3039 quadam
1149 2970 1282 3024 artis
1309 2970 1572 3029 industria
1598 2979 1915 3027 transmeat.
1948 2971 2024 3025 De

451 3066 621 3135 ipsius
646 3065 829 3132 itaque
874 3060 1082 3115 ratione
1113 3058 1289 3114 utullus
1313 3058 1562 3113 dubitare
1585 3059 1766 3124 debet,
1791 3074 1912 3113 cum
1945 3066 2024 3112 tot

2119 1896 2391 1952 Formarit
2435 1898 2598 1967 igitur
2637 1897 2893 1951 Dominus
2943 1897 3083 1951 Deus
3147 1898 3408 1952 hominem
3454 1899 3521 1951 de
3575 1899 3700 1952 limo

2118 1998 2290 2052 terrai,
2319 1997 2368 2042 et
2396 1988 2665 2058 inspiravit
2700 1988 2758 2042 in
2786 1988 2974 2057 faciem
3017 1989 3131 2058 ejus
3171 1988 3496 2058 spiraculum
3538 1991 3655 2043 rita-
3678 2004 3697 2042 :

2119 2088 2167 2133 et
2194 2078 2364 2148 factus
2391 2087 2466 2131 est
2493 2077 2648 2131 homo
2669 2077 2726 2130 in
2750 2077 2979 2130 animam
3006 2078 3250 2131 rivorum
3278 2078 3530 2148 (Gemit).
3547 2078 3699 2133 Unde

2118 2177 2349 2233 constat,
2374 2169 2518 2238 quod
2543 2183 2573 2221 a
2618 2168 2732 2222 Deo
2752 2168 3018 2238 originem
3068 2170 3377 2237 sumpserit.
3409 2169 3562 2235 Quod
3607 2184 3700 2222 an-

2122 2270 2228 2314 tem
2254 2257 2553 2314 insulllasse
2591 2258 2787 2313 dicitur
2817 2258 2982 2323 Deus,
3018 2273 3123 2312 non
3170 2258 3244 2312 ita
3270 2260 3594 2313 credendum
3623 2267 3703 2312 est

2123 2349 2290 2409 Deum
2336 2346 2659 2414 insulllasse,
2687 2348 2780 2417 qui
2803 2356 2887 2403 est
2926 2350 3281 2418 incorporeus
3298 2360 3361 2402 et
3397 2349 3697 2413 invisibilis,

2112 2441 2568 2514 quemadmodum
2596 2455 2695 2495 nos
2736 2439 3057 2495 insuiilando
3080 2441 3327 2509 spiritum
3358 2440 3697 2503 resolvimus,

2116 2530 2369 2600 labiaque
2411 2530 2641 2600 quodam
2683 2528 2841 2598 pulsu
2887 2528 3035 2589 foras
3079 2529 3457 2584 extendimus:
3486 2530 3581 2583 sed
3617 2531 3700 2583 iu-

2121 2623 2363 2680 sulllasse
2411 2622 2608 2681 dicitur
2634 2628 2856 2690 propter
2902 2620 3213 2689 dignitatem
3259 2620 3459 2690 operis,
3498 2620 3703 2675 scilicet

2122 2716 2358 2771 animam
2386 2731 2402 2769 :
2430 2728 2592 2784 quam
2623 2712 2689 2767 ad
2745 2712 3149 2767 similitudinem
3190 2728 3343 2767 suam
3389 2712 3583 2769 iecisse
3611 2726 3701 2767 co-

2123 2805 2415 2876 gnoscitur.
2448 2803 2559 2858 liae
2584 2819 2651 2858 ex
2684 2817 2741 2857 re
2769 2803 3023 2857 dixerunt
3048 2803 3287 2871 quidam,
3319 2804 3465 2871 quod
3492 2817 3614 2855 mox
3645 2811 3702 2855 ut

2125 2895 2468 2966 coagulatum
2498 2894 2662 2948 fuerit
2686 2908 2870 2948 semen
2905 2895 3198 2951 humanum
3228 2894 3283 2947 in
3312 2895 3527 2947 vitalem
3572 2895 3697 2947 sub-

2123 2987 2397 3049 stantiam,
2424 2986 2604 3041 statim
2643 2985 2819 3040 creari
2850 2985 3075 3049 animas,
3103 2985 3530 3054 corporibusque
3561 2984 3696 3039 dari.

2124 3075 2225 3143 Qui
2276 3082 2457 3129 autem
2500 3081 2816 3128 naturarum
2847 3073 3261 3143 lnvcstigatores
3288 3072 3526 3139 fuerunt,
3558 3088 3701 3126 asse-

449 3167 505 3212 et
535 3165 706 3219 tanta,
731 3151 1071 3209 auctoritatis
1102 3151 1183 3206 sui
1212 3150 1457 3221 largitate
1472 3150 1795 3219 perquirere
1823 3158 1878 3205 et
1909 3165 2025 3220 per-
2050 3150 2094 3212 C
2126 3173 2274 3229 tum,
2319 3164 2463 3233 quod
2489 3164 2903 3234 quadragesimo
2936 3163 3025 3219 die
3069 3164 3436 3232 ωηωμίοηίε
3476 3164 3701 3233 accipi”

451 3250 613 3304 licere
643 3246 801 3301 valet.
831 3243 982 3312 Quod
1024 3249 1204 3296 autem
1248 3240 1565 3295 immortalis
1598 3241 1700 3306 sit,
1731 3239 2025 3295 umltil'arie

450 3338 849 3410 comprobatur.
876 3333 1321 3402 Philosophorum
1367 3345 1599 3400 namque
1644 3331 1767 3385 talis
1810 3338 1895 3385 est
1938 3344 2027 3385 as-

448 3436 638 3501 sertio,
679 3444 740 3489 ut
766 3449 928 3488 omne
964 3432 1107 3504 quod
1137 3431 1189 3486 in
1218 3445 1279 3486 se
1307 3429 1439 3483 vivit
1466 3437 1522 3482 et
1566 3428 1711 3482 aliud
1758 3427 2023 3491 viviﬁcat,

451 3525 754 3582 immortale
787 3525 876 3580 sit.
914 3524 1066 3590 Quod
1100 3521 1278 3576 anima
1307 3527 1596 3589 utrumque
1640 3518 1827 3581 faciat,
1859 3516 2028 3571 mani-

452 3619 647 3673 festum
674 3623 775 3672 est.
821 3614 955 3669 Nam
1003 3622 1056 3669 et
1101 3614 1216 3683 ipsa
1236 3611 1390 3675 vivit,
1424 3618 1486 3664 'et
1531 3624 1725 3681 corpus
1769 3606 2022 3663 viviﬁeat.

454 3709 647 3763 Dicunt
669 3707 814 3761 enim
837 3705 1015 3760 omnia
1042 3702 1363 3759 immortalia
1389 3700 1652 3769 simplicia
1675 3714 1812 3754 esse.
1834 3698 2027 3752 Anima

452 3818 582 3857 vero
620 3817 685 3856 ex
737 3798 962 3868 simplici
1005 3804 1220 3853 constat
1262 3793 1563 3849 substantia
1603 3806 1618 3845 :
1662 3791 1889 3859 ideoque
1922 3789 2027 3844 im-

456 3890 699 3947 mortalis
723 3897 825 3944 est.
857 3888 997 3942 Sunt
1024 3895 1078 3941 et
1104 3885 1223 3940 alia:
1247 3882 1644 3955 propositiones
1686 3880 2029 3950 philosopho-

456 3998 596 4047 rum,
626 3981 859 4039 animam
908 3977 1264 4033 immortalem
1300 3976 1682 4045 approbantes,
1726 3988 1849 4043 quas
1893 3986 2027 4026 enu-

457 4085 666 4130 merare
710 4084 813 4124 non
845 4078 928 4122 est
958 4084 1177 4124 necesse
1214 4075 1433 4138 propter
1474 4067 1810 4125 brevitatem.
1850 4064 2029 4121 Nostri

455 4174 583 4217 vero
632 4159 881 4217 veridicis
938 4157 1326 4213 assertionibus
1393 4159 1626 4212 animam
1674 4157 2029 4212 immortalem

455 4254 771 4324 approbant.
817 4251 1010 4305 Anima
1052 4250 1250 4319 quippe
1292 4250 1360 4305 ad
1411 4250 1700 4320 imaginem
1747 4250 1839 4304 Dei
1888 4250 2031 4305 facta

455 4355 555 4400 est.
589 4344 656 4399 Et
695 4343 818 4413 quia
856 4343 1020 4396 Deum
1050 4340 1379 4394 omnimodis.
1417 4339 1773 4394 immortalem
1807 4341 2030 4406 scimus,

454 4447 509 4490 et
533 4435 822 4499 credimus,
849 4440 903 4487 et
927 4432 1268 4496 contitemur,
1300 4439 1469 4486 restat
1504 4438 1566 4484 ut
1592 4445 1753 4500 quam
1782 4432 1851 4485 ad
1898 4431 2033 4486 ima-

461 4525 639 4596 ginem
682 4538 839 4578 suam
881 4521 1148 4581 condidit,
1190 4520 1549 4579 immortalem
1597 4519 1804 4576 fecerit.
1850 4519 2032 4591 Neque

456 4617 600 4672 enim
630 4616 738 4671 ullo
768 4616 924 4671 modo
955 4615 1069 4670 ﬁeri
1118 4622 1348 4684 poterat,
1386 4623 1446 4670 ut
1470 4630 1591 4685 qua:
1628 4614 1697 4669 ad
1743 4614 2032 4683 imaginem

458 4708 550 4762 Dei
593 4715 649 4762 et
693 4705 1097 4761 similitudinem
1140 4704 1282 4759 facta
1322 4704 1534 4771 fuerat,
1578 4704 1825 4760 mortalis
1872 4703 2029 4760 foret.

458 4798 513 4853 Ia
552 4814 618 4853 co
647 4812 877 4868 namque
901 4798 1044 4867 quod
1081 4795 1400 4851 immortalis
1428 4804 1534 4861 est,
1565 4796 1675 4851 Deo
1708 4796 1901 4851 similis
1926 4803 2028 4851 est.

459 4887 566 4943 Sed
596 4887 647 4940 in
674 4900 739 4941 eo
762 4887 902 4955 quod
946 4885 1122 4939 anima
1155 4885 1265 4940 Deo
1301 4884 1494 4939 similis
1535 4899 1655 4939 esse
1682 4884 1903 4949 dicitur,
1933 4899 2031 4953 po-

458 4986 566 5037 test
611 4975 804 5045 aliquis
849 4975 1049 5040 dicere,
1079 4970 1366 5041 Quomodo'
1395 4989 1513 5029 sum
1561 4975 1753 5033 similis
1783 4978 1912 5040 Deo,
1943 4977 2035 5045 qui

457 5067 653 5126 similia
703 5065 776 5120 illi
826 5063 1007 5120 facere
1048 5066 1294 5134 nequeo?
1319 5065 1416 5120 Cui
1467 5067 1900 5136 respondendum
1929 5076 2034 5133 est,

458 5162 583 5234 quia
615 5163 777 5216 homo
801 5158 1086 5229 picturam,
1122 5157 1522 5213 similitudinem
1568 5159 1803 5214 hominis
1833 5159 2037 5215 haben-

460 5265 590 5319 tan,
618 5250 867 5323 perlicit:
902 5249 1016 5318 ipsa
1054 5262 1185 5303 vero
1222 5248 1430 5317 pictura
1475 5265 1579 5304 non
1617 5256 1796 5320 potest
1836 5250 2035 5305 imitari

459 5362 577 5418 qua:
619 5346 781 5401 homo
824 5343 971 5397 facit.
1005 5341 1097 5396 Sic
1120 5328 1177 5394 et
1219 5339 1382 5397 homo
1408 5342 1474 5396 ad
1505 5342 1909 5398 similitudinem
1939 5341 2034 5396 Dei

446 5437 654 5501 iactus,
701 5450 807 5490 non
854 5440 1030 5502 potest
1056 5432 1113 5486 in
1142 5432 1398 5487 creandis
1420 5433 1583 5487 rebus
1612 5433 1780 5487 Deum
1814 5431 2034 5486 imitari.

460 5528 669 5584 Dicitur
722 5538 953 5591 namque
1009 5522 1189 5577 anima
1240 5521 1612 5576 convertibilis
1657 5524 1722 5576 ad
1775 5530 2036 5591 utraque,

462 5622 603 5693 quod
632 5619 839 5676 scilicet
871 5619 1053 5673 multis
1090 5617 1475 5689 experimentis
1498 5616 1740 5685 quotidie
1774 5615 2041 5683 approba-

467 5722 605 5766 mus.
635 5709 771 5763 Nam
812 5723 949 5777 quos
997 5724 1138 5763 nunc
1176 5708 1417 5762 videmus
1462 5720 1655 5775 magna
1682 5705 2040 5759 exsultatione

2122 3259 2355 3313 animam
2385 3256 2607 3311 mortale
2624 3264 2682 3310 et
2706 3256 2998 3310 humanm
3025 3266 3213 3326 peetus
3233 3254 3369 3326 [Αι.,
3402 3253 3607 3325 pecus].
3638 3254 3701 3307 Et

2116 3351 2227 3404 hoc
2248 3363 2370 3404 esse
2392 3348 2841 3419 experimentum,
2856 3348 2999 3415 quod
3014 3354 3215 3401 tuncse
3229 3346 3453 3415 incipiat
3474 3346 3528 3399 in
3552 3354 3701 3399 utero

2122 3454 2483 3496 commovere.
2514 3438 2827 3507 Aliquorum
2857 3439 3019 3493 etiam
3055 3438 3306 3507 opinione
3336 3438 3526 3501 fertur,
3559 3437 3697 3506 quod

2124 3530 2507 3600 omnipotentis
2556 3531 2646 3583 Dei
2686 3528 2863 3597 jussu,
2895 3529 3037 3584 sicut
3062 3529 3130 3584 de
3170 3542 3397 3597 corpore
3446 3528 3699 3590 humano,

2124 3634 2324 3690 corpus
2372 3619 2664 3674 humanum
2725 3618 2932 3673 semine
2982 3632 3183 3673 carnea
3242 3616 3579 3682 traducitur,
3631 3617 3701 3671 ita

2126 3710 2292 3764 etiam
2314 3718 2371 3763 et
2409 3709 2603 3763 anima:
2623 3723 2767 3763 nova
2797 3709 2970 3776 origo,
2997 3709 3062 3763 de
3087 3706 3348 3777 quali-tate
3390 3707 3584 3763 animm
3613 3720 3702 3775 ge-

2126 3809 2367 3865 neretur,
2395 3808 2454 3854 et
2478 3799 2681 3854 idcirco
2704 3799 2991 3853 obnoxiam
3019 3812 3143 3865 esse
3165 3795 3412 3866 originali
3444 3807 3701 3866 peccato:

2125 3892 2271 3963 quod
2302 3892 2597 3948 infantibus
2622 3900 2677 3946 et
2701 3892 2929 3946 necdum
2959 3891 3137 3959 aliqua
3164 3890 3504 3944 committere
3526 3888 3708 3941 valen-

2129 3985 2295 4048 tibus,
2328 3998 2425 4053 per
2451 3983 2722 4037 lavacrum
2756 3982 3095 4052 baptismatis
3120 3981 3447 4035 remittatur.
3478 3978 3588 4032 Nos
3614 3992 3708 4030 an-

2130 4081 2237 4127 tem
2272 4073 2326 4127 id
2353 4072 2645 4137 dimittere,
2678 4071 2947 4126 alllrtnare
2976 4085 3081 4125 non
3118 4071 3379 4125 audemus
3405 4086 3418 4121 :
3449 4068 3705 4138 quoniam

2130 4171 2185 4217 et
2234 4163 2423 4218 beatus
2474 4161 2827 4232 Augustinus,
2868 4159 3281 4231 probatissimos
3331 4158 3542 4222 doctor,
3598 4157 3709 4211 lau-

2130 4250 2383 4307 stabiliter
2427 4265 2495 4305 ex
2537 4250 2638 4304 hoc
2662 4249 2859 4304 dicitur
2898 4247 3212 4310 dubitasse,
3250 4260 3427 4315 neque
3468 4246 3574 4299 hoc
3608 4260 3709 4298 au-

2133 4343 2258 4398 dere
2300 4339 2669 4396 conﬁrmare:
2714 4339 2811 4395 sed
2834 4338 3190 4393 voracissima
3244 4336 3486 4399 credere,
3541 4334 3707 4389 Deum

2133 4431 2344 4485 animas
2385 4443 2619 4493 creare,
2668 4437 2726 4483 et
2774 4426 2988 4482 «multo
3030 4434 3194 4495 atque
3250 4425 3556 4495 iustissimo
3611 4441 3710 4479 suo

2058 4486 2109 4548 Β
2132 4520 2334 4592 judicio
2389 4486 2639 4589 originali
2698 4526 2918 4589 peccato
2982 4486 3270 4572 obnoxias-
3302 4530 3442 4571 esse.
3508 4515 3568 4570 In
3628 4517 3712 4571 his

2138 4629 2369 4683 namque
2415 4620 2472 4667 et
2496 4612 2764 4667 similibus
2812 4618 3037 4679 tamque
3086 4608 3330 4674 occultis,
3382 4607 3578 4662 melius
3630 4615 3713 4662 est

2138 4705 2495 4777 ignorantiam
2560 4701 2803 4757 conﬁteri
2827 4741 2843 4766 ,
2922 4715 3083 4771 quam
3145 4714 3397 4770 perverse
3463 4709 3519 4753 et
3576 4700 3715 4769 peri-

2138 4797 2322 4853 culose
2378 4793 2644 4849 allii-mare
2697 4813 2711 4847 :
2763 4792 2909 4863 quod
2975 4790 3042 4844 ad
3102 4804 3347 4853 errorem
3398 4798 3578 4859 potest
3631 4805 3715 4843 re-

2141 4888 2267 4943 ferri
2296 4928 2309 4951 ,
2368 4901 2491 4941 cum
2550 4885 2810 4957 propheta
2873 4884 3016 4940 dicat
3067 4901 3080 4937 :
3132 4882 3264 4947 Quis
3319 4882 3457 4936 enim
3524 4898 3715 4951 cogno-

2133 4980 2203 5032 vit
2230 4991 2438 5031 sensum
2480 4974 2730 5029 Domini?
2770 4983 2861 5026 aut
2894 4973 3014 5043 quis
3057 4971 3388 5025 consiliarius
3432 4970 3551 5039 ejus
3580 4971 3717 5039 fuit?

2134 5067 2273 5140 (Isa.
2309 5064 2423 5138 ιι..)
2465 5065 2535 5120 Et
2568 5062 2895 5133 Apostolus:
2945 5062 3029 5116 Ea:
3058 5072 3207 5131 parte
3253 5060 3638 5129 cognoscimus,
3667 5069 3715 5111 et

2141 5173 2206 5215 ex
2234 5166 2384 5229 parte
2427 5158 2805 5231 prophetarum
2840 5154 2893 5226 (1
2925 5154 3050 5210 Cor.
3095 5153 3240 5219 xm).
3282 5146 3536 5207 Si‘cnim
3586 5164 3714 5220 pro-

2142 5251 2303 5322 pheta
2332 5260 2387 5306 et
2419 5246 2713 5320 Apostolus
2748 5260 2966 5300 sensum
3001 5243 3213 5296 Domini
3243 5257 3272 5294 a
3316 5255 3598 5311 quoquam
3632 5240 3715 5292 in-

2144 5340 2402 5412 vestigari
2430 5355 2538 5394 non
2566 5354 2725 5408 posse
2754 5338 2906 5401 dicit,
2935 5336 3300 5408 etApostolus
3326 5334 3392 5387 ad
3417 5333 3542 5388 emli
3570 5330 3712 5387 tertii

2145 5432 2485 5488 altitudinem
2536 5431 2863 5494 ascendens,
2917 5429 3267 5498 paratlisique
3304 5431 3511 5481 secreta
3552 5440 3715 5494 ριειιτι-

2143 5535 2317 5591 trans,
2368 5534 2422 5580 et
2455 5523 2707 5595 quaedam
2744 5536 2943 5577 arcana
2987 5533 3348 5589 cognoscens.
3389 5532 3513 5587 quin
3544 5514 3719 5568 homi-

2144 5619 2308 5675 nibus
2345 5617 2530 5671 illicita
2570 5613 2637 5671 ad
2670 5612 3003 5685 loquendum
3030 5612 3187 5674 dicit,
3221 5624 3285 5664 es
3321 5619 3476 5680 parte
3524 5624 3588 5665 se
3623 5622 3715 5661 co-

2146 5722 2410 5779 gnoscere
2443 5706 2697 5770 aiiirmat,
2731 5704 2854 5773 quis
2884 5703 3105 5759 audebit
3143 5702 3286 5759 scire
3320 5709 3376 5758 et
3422 5701 3717 5759 enuntiare
