4028 6196
432 313 568 369 {illi

1666 318 2079 375 Tl‘uACTATUS
2100 323 2202 377 {DE
2240 324 2475 380 ΑΝΙΜΛ.

3534 348 3669 403 HM

426 444 483 482 se
513 441 691 500 posse,
719 426 860 496 quod
890 426 1065 482 nullus
1095 429 1370 483 ductorum
1400 437 1707 484 sanctorum
1746 431 1810 484 ad
1844 431 2000 501 liqui-
2025 438 2075 497 Α
2105 444 2208 489 tur.
2258 436 2389 490 Nam
2418 439 2461 493 si
2488 437 2625 507 ignis
2658 438 2709 492 in
2738 444 2968 510 quodam
2992 460 3160 516 parvo
3200 465 3324 506 vase
3354 452 3667 525 includitur,

422 520 549 574 dum
585 535 841 576 enarrare
871 520 1176 575 invenitur?
1200 520 1308 576 Sed
1332 523 1400 577 ad
1430 522 1636 591 reliqua
1666 525 1995 593 pergendum

420 622 526 675 est,
551 619 609 666 et
634 611 919 667 dicendum
966 619 1144 665 utrum
1178 614 1357 667 anima
1387 613 1618 667 formam
1649 613 1854 668 habere
1878 629 1998 669 ere-

421 704 600 759 datur.

1032 794 1257 851 CAPUT
1284 795 1378 850 ‘lll.

686 887 765 939 Λη
791 886 1014 954 formam
1038 888 1215 940 anim
1238 889 1426 942 habere
1447 891 1710 944 credatur.

487 979 587 1045 Qui
621 980 685 1033 de
710 979 879 1033 forma
906 981 1105 1050 aliquid
1141 982 1369 1038 lucidius
1396 991 1628 1041 tractare
1655 996 1821 1057 cuptt,
1849 1002 1995 1042 com-

414 1069 717 1137 plexionem
750 1068 933 1125 formae
959 1086 1177 1127 necesse
1200 1082 1283 1128 est
1309 1077 1733 1146 apprehendere.
1792 1079 1992 1134 Forma

415 1176 650 1231 namque
676 1162 888 1227 dicitur,
914 1178 1033 1232 qua:
1057 1163 1235 1234 aliquo
1253 1167 1428 1236 spatio
1456 1167 1723 1223 linearum
1766 1170 1994 1225 circum—

412 1252 822 1319 ducitur.Quod
851 1268 979 1308 vero
999 1256 1185 1324 spatiis
1212 1256 1472 1328 lineisque
1495 1261 1988 1329 comprehenditur,

410 1356 730 1411 corporeum
764 1344 951 1413 utique
984 1353 1088 1400 est.
1138 1345 1272 1401 Nam
1304 1357 1359 1401 et
1385 1350 1559 1418 ipsum
1599 1352 1830 1420 spatium
1862 1353 1989 1407 abs—
2025 1377 2029 1381 ν

408 1447 516 1501 que
550 1433 892 1490 lineamentis
934 1438 1304 1507 corporalibus
1348 1441 1567 1496 omnino
1606 1458 1714 1497 non
1748 1451 1986 1498 constat.

410 1522 755 1594 Rursumque
792 1525 904 1599 ipsa
936 1526 1277 1597 lineamenta,
1337 1533 1538 1601 absque
1572 1534 1749 1604 spatio
1792 1550 1988 1605 corpo-

412 1614 531 1680 rali,
582 1615 726 1670 nullo
756 1619 912 1672 modo
962 1622 1340 1691 comprehendi
1387 1634 1609 1692 queunt.
1664 1624 1816 1692 Quod
1864 1641 1988 1680 cum

407 1705 482 1759 ita
514 1706 601 1771 sit,
632 1706 972 1763 manifestum
1014 1719 1098 1766 est
1128 1711 1362 1766 animam
1389 1712 1617 1768 formam
1641 1715 1853 1784 penitus
1880 1731 1985 1771 non

2100 524 2191 592 qui
2224 522 2329 577 alta
2362 535 2547 595 petere
2579 529 2877 595 consuevit,
2914 537 3159 603 angustia
3192 538 3293 593 loci
3320 522 3664 611 praepeditum

2100 612 2269 679 Quem
2294 614 2338 670 si
2368 631 2581 670 rursum
2615 622 2855 676 materiae
2892 625 3072 694 gravis
3092 627 3342 686 humoris
3391 645 3484 687 aut
3522 651 3671 691 cras-

2099 705 2349 760 situdinis
2373 721 2673 777 supponere
2718 713 2970 777 volueris,
3029 716 3139 784 ipsa
3170 721 3528 778 crassitudine
3569 726 3666 780 im-

2069 805 2074 810 '
2098 793 2329 863 peditur,
2368 811 2434 850 ne
2456 797 2523 851 ad
2549 798 2656 852 alta
2682 815 2742 854 se
2765 801 3025 872 subrigat.
3054 803 3147 859 Sin
3174 815 3354 862 autem
3385 812 3665 867 materiam

2096 894 2482 955 competentem
2510 889 2682 944 eidem
2703 890 3011 958 subjeceris.
3039 911 3251 952 onmem
3272 902 3529 957 continuo
3558 904 3663 958 vim

2095 991 2245 1031 suam
2286 978 2395 1033 alta
2423 991 2611 1050 petens
2634 980 2988 1039 demonstrat.
3028 986 3119 1043 Sic
3155 997 3209 1043 et
3257 991 3449 1047 anima:
3482 995 3563 1047 vis
3608 1003 3664 1047 et

2096 1068 2252 1134 ratio,
2319 1068 2373 1123 in
2415 1071 2651 1139 parvulis
2694 1075 2961 1142 parvitate
2995 1079 3355 1134 membrorum
3406 1083 3665 1152 prtepedi-

2098 1165 2221 1213 tur:
2255 1160 2308 1213 iu
2348 1160 2635 1230 juvenibus
2681 1173 2738 1217 et
2774 1166 3018 1232 maturis,
3074 1170 3324 1238 quadam,
3359 1181 3417 1226 ut
3458 1173 3660 1227 dictum

2092 1260 2196 1317 est,
2232 1253 2463 1321 partium
2485 1253 2845 1322 inaequalitate
2867 1266 2958 1310 aut
2990 1258 3275 1313 humerum
3302 1263 3662 1317 crassitudine

2092 1340 2429 1411 deprimitur.
2488 1342 2625 1397 lliuc
2660 1354 2765 1410 est,
2813 1354 2871 1399 ut
2897 1362 3032 1415 quos
3078 1350 3236 1406 modo
3285 1351 3558 1420 sapientes
3605 1360 3663 1406 et

2091 1440 2297 1487 astutos
2336 1433 2629 1500 cernimus,
2663 1437 2893 1504 quadam
2942 1437 3115 1491 subita
3160 1438 3376 1494 laesione
3425 1442 3658 1509 cerebri,

2091 1530 2183 1575 aut
2218 1522 2505 1590 gravedine
2547 1524 2987 1592 prmcordiorum,
3045 1527 3255 1597 ineptos
3311 1538 3366 1584 et
3413 1538 3659 1588 amentes

2090 1614 2204 1669 fieri
2229 1614 2522 1671 videamus.
2565 1615 2703 1670 ﬂinc
2723 1618 2885 1671 etiam
2916 1619 3063 1673 surdi
3096 1619 3233 1673 fiunt
3276 1629 3332 1674 et
3361 1620 3486 1691 lippi
3517 1640 3530 1674 :
3562 1622 3658 1677 de-

2088 1704 2328 1774 bilesque
2367 1705 2435 1760 de
2472 1706 2701 1776 quadam
2735 1708 3087 1763 diminutione
3127 1710 3491 1765 membrorum
3544 1712 3659 1767 exi-

407 1793 623 1858 habere,
654 1811 774 1865 quae
802 1797 1115 1867 incorporea
1146 1807 1247 1853 est.
1279 1799 1466 1856 Omnis
1490 1783 1672 1872 itaque
1700 1802 1890 1867 forma,
1927 1804 1979 1858 in
2012 1783 2058 1842 Β
2085 1809 2254 1856 stunt.
2308 1802 2374 1856 Et
2416 1802 2543 1872 quid
2593 1801 2660 1857 de
2706 1801 3072 1870 hujuscemodi
3128 1804 3470 1873 passionibus
3509 1805 3657 1859 dica-

404 1885 688 1954 superlicie
723 1890 984 1957 corporali
1016 1891 1093 1944 fit.
1146 1891 1281 1947 Cum
1317 1909 1445 1949 vero
1479 1910 1675 1964 corpus
1719 1897 1821 1951 nisi
1854 1897 1980 1952 soli-

402 1976 529 2031 dum
550 1987 603 2032 et
632 1979 895 2049 palpabile
920 1995 1041 2036 esse
1066 1999 1170 2036 non
1206 1985 1393 2053 possit,
1422 1987 1599 2040 anima
1626 2004 1755 2041 vero
1801 1989 1980 2043 incor-

400 2083 562 2139 porea
612 2082 667 2125 et
712 2072 1071 2143 impalpabilis
1122 2076 1194 2130 sit
1239 2084 1401 2147 atque
1452 2077 1724 2135 soliditate
1775 2089 1975 2142 careat,

400 2168 616 2214 constat
662 2177 780 2216 eam
828 2164 973 2217 nullo
1012 2166 1170 2220 modo
1210 2168 1437 2221 formam
1474 2169 1693 2223 habere.
1742 2168 1894 2236 Quod
1929 2170 1975 2225 si

398 2248 531 2303 illud
592 2259 793 2317 movet,
847 2254 987 2322 quod
1042 2254 1327 2324 Apostolus
1377 2258 1443 2312 de
1488 2257 1703 2314 Christo
1752 2259 1978 2313 Domino

397 2341 530 2397 dicit
553 2357 568 2395 :
596 2342 700 2408 Qui
722 2361 839 2397 cum
859 2346 915 2399 in
936 2346 1106 2415 forma
1132 2347 1229 2400 Dei
1250 2357 1400 2414 esset,
1445 2365 1547 2402 non
1571 2351 1809 2419 rapinam
1829 2351 1975 2403 arbi—

396 2439 567 2484 tratus
617 2439 691 2485 est
731 2448 841 2485 esse
871 2449 925 2487 se
971 2433 1220 2505 (aqualem
1250 2435 1359 2490 Deo
1405 2436 1622 2508 (Philip.
1671 2438 1755 2508 tt),
1813 2453 1977 2493 nove-

398 2518 567 2573 rimus
596 2519 667 2574 ibi
712 2519 1024 2590 Apostolum
1074 2524 1142 2577 de
1177 2524 1474 2579 substantia
1505 2525 1705 2591 dicere,
1771 2527 1824 2580 in
1869 2542 1974 2595 qua

397 2617 482 2663 est
515 2609 734 2678 mqualis
749 2610 919 2665 Patri.
948 2610 1081 2666 Nam
1112 2614 1253 2667 Deus
1275 2614 1644 2682 incorporeus,
1669 2615 1973 2682 invisibilis,

397 2701 977 2769 incomprehensibilis,
1027 2710 1275 2773 totusque
1307 2703 1527 2773 ubique,
1568 2705 1766 2759 nullam
1799 2712 1978 2774 potest

398 2791 599 2846 habere
666 2789 917 2845 formam.
1011 2791 1160 2858 Quod
1210 2807 1340 2848 vero
1424 2794 1478 2849 in
1535 2794 1824 2866 Evangelio
1906 2796 1969 2849 de

397 2881 671 2936 Abraham
726 2890 781 2936 et
829 2882 1037 2938 Lazaro
1074 2892 1134 2939 et
1172 2885 1338 2940 divite
1390 2886 1615 2957 legimus
1642 2886 1796 2959 (Luc.
1859 2885 1974 2957 1m)

395 2972 572 3026 sinum
627 2972 857 3027 Abrahae
900 2973 1165 3029 Lazarum
1207 2976 1426 3041 habere,
1471 2977 1688 3033 divitem
1732 2976 1972 3047 linguam

394 3072 579 3132 petere
609 3064 916 3136 refrigerari
940 3067 1007 3121 ab
1034 3076 1279 3123 extremo
1309 3068 1482 3140 digiti,
1540 3083 1639 3124 nec
1668 3070 1819 3124 dives
1872 3068 1977 3122 lin-

2084 1907 2225 1957 mus,
2279 1907 2399 1947 cum
2447 1890 2883 1961 frequentissime
2924 1892 3100 1947 nimio
3144 1901 3271 1961 potu
3318 1901 3373 1947 et
3419 1894 3655 1947 disteutu

2081 1984 2310 2051 ventris,
2379 1984 2699 2054 sapientium
2753 1984 2960 2038 animos
3008 1985 3164 2039 obrui
3226 1999 3553 2040 cernamus:
3596 1993 3654 2038 ut

2080 2091 2240 2145 quem
2298 2075 2456 2131 modo
2494 2074 2956 2144 sapientissimum
2992 2075 3222 2140 videras,
3264 2076 3355 2129 vix
3382 2075 3555 2129 valeat
3590 2090 3650 2129 se

2078 2166 2378 2237 intelligere
2401 2167 2600 2222 vivum.
2650 2165 2810 2221 Ratio
2838 2166 3018 2236 itaque
3043 2164 3280 2235 parvulis
3301 2166 3650 2220 meditatione

2078 2257 2273 2315 Crescit
2306 2265 2363 2311 et
2382 2257 2660 2321 exercitio,
2705 2270 2812 2310 non
2852 2256 3185 2319 incremento
3231 2256 3443 2310 animm.
3496 2253 3650 2309 Sicut

2077 2361 2209 2417 ergo
2231 2361 2422 2401 omnes
2448 2346 2642 2402 animae
2662 2345 2997 2403 immortales
3019 2354 3163 2411 sunt,
3178 2345 3265 2409 ita
3291 2344 3650 2399 etratinnales

2078 2452 2199 2493 esse
2222 2436 2502 2493 credendae
2531 2444 2676 2492 sunt.
2724 2435 2878 2492 Nune
2912 2444 3100 2501 restat,
3148 2443 3207 2490 ut
3230 2435 3316 2490 ubi
3336 2435 3518 2490 sedem
3540 2449 3644 2489 ma-

2077 2528 2222 2583 xime
2241 2528 2439 2584 habere
2462 2529 2738 2598 probetur,
2787 2525 3068 2583 ﬂectamus
3088 2524 3393 2581 articulum.

2696 2659 2922 2717 CAPUT
2965 2660 3028 2715 ν.

2207 2768 2307 2827 Ubi
2342 2773 2668 2843 potissimum
2721 2773 2911 2826 anima:
2944 2771 3089 2827 aedes
3122 2771 3188 2825 sit
3225 2770 3502 2826 credenda.

2146 2883 2402 2951 Quamvis
2453 2892 2631 2939 autem
2676 2882 2857 2939 anima
2896 2882 3061 2939 totius
3104 2886 3345 2951 corporis
3394 2880 3653 2936 membris

2075 2974 2147 3028 sit
2168 2972 2383 3038 dill'usa,
2432 2972 2685 3043 ipsosque
2713 2980 2862 3028 artus
2890 2972 3128 3041 quodam
3148 2987 3358 3042 organo
3395 2981 3650 3041 motuque

2075 3071 2385 3134 componat,
2432 3063 2775 3133 propriisque
2803 3061 2995 3119 ciliciis
3040 3064 3318 3128 attribuat,
3362 3072 3545 3118 tamen
3591 3068 3652 3116 ut

394 3170 497 3224 gua
518 3154 729 3209 locutus
758 3161 858 3219 est,
891 3170 1015 3225 quae
1039 3158 1223 3226 utique
1252 3159 1565 3228 incorporea
1593 3168 1696 3226 est,
1748 3174 1847 3214 nec
1873 3157 1979 3212 La—
2007 3145 2053 3211 C
2082 3155 2425 3211 evidentibus
2486 3155 2701 3210 indiciis
2749 3154 3150 3223 manifestatur,
3225 3171 3336 3211 non
3371 3155 3648 3226 arqualiter

395 3246 505 3299 zari
555 3245 733 3300 anima
762 3245 958 3315 digitos
998 3251 1138 3303 unde
1172 3250 1313 3304 illius
1338 3251 1582 3305 ardorem
1626 3253 1972 3324 refrigeraret

395 3333 601 3399 habuit,
631 3349 733 3389 nec
762 3334 1031 3390 Abraham
1065 3337 1240 3392 sinum
1286 3352 1437 3393 more
1471 3342 1827 3409 corporalium
1874 3344 1974 3399 ho-

396 3426 600 3479 minum
636 3425 838 3481 habere
876 3429 1069 3498 potuit.
1127 3428 1259 3483 Nam
1297 3444 1404 3484 non
1435 3431 1607 3485 solum
1634 3432 1699 3487 de
1724 3444 1968 3490 creatura

394 3515 622 3584 spiritali
674 3517 730 3570 in
781 3516 1075 3588 Scripturis
1118 3520 1237 3574 hate
1275 3528 1327 3575 et
1356 3520 1551 3575 similia
1606 3525 1966 3593 reperiuntur,

397 3618 583 3660 verum
622 3606 784 3659 etiam
818 3606 884 3662 de
908 3623 1118 3662 summo
1171 3617 1226 3664 et
1270 3610 1798 3680 incomprehensibili
1862 3616 1970 3671 Deo

392 3696 603 3765 passiva
631 3696 874 3765 quzcdam
900 3698 1165 3768 leguntur,
1204 3715 1323 3769 qua:
1344 3702 1527 3771 utique
1554 3703 1968 3760 incommutabi—

390 3786 529 3841 litati
584 3789 777 3843 divinze
822 3790 971 3844 nullo
1000 3790 1157 3845 modo
1196 3793 1440 3848 accidere
1488 3804 1752 3865 possunt:
1806 3797 1965 3852 veluti

391 3888 513 3930 eum
558 3879 822 3947 poenitere
856 3879 1053 3935 dicitur
1079 3881 1220 3936 Deus
1265 3892 1320 3937 et
1344 3884 1522 3949 irasci,
1570 3887 1866 3942 abominari
1912 3896 1969 3944 et

390 3968 569 4024 odisse
604 3989 616 4024 :
654 3986 775 4040 qua:
799 3974 980 4027 omnia
1034 3973 1112 4028 illi
1148 3991 1373 4029 summa:
1400 3974 1663 4046 maiestati
1704 3994 1807 4033 non
1837 3994 1967 4034 eon-

390 4059 632 4115 veniunt.
680 4060 785 4116 Sed
811 4071 869 4117 ut
900 4063 1095 4133 aliquae
1139 4065 1386 4121 humanae
1415 4082 1502 4121 res
1531 4068 1964 4139 compendiosius

391 4149 706 4221 faciliusque
757 4170 823 4209 ex
875 4165 1056 4210 nostra
1113 4160 1497 4215 consuetudine
1544 4171 1958 4231 cognoscantur,

391 4238 593 4295 idcirco
627 4241 748 4296 talia
780 4243 845 4297 ad
871 4243 1035 4298 Deum
1058 4245 1382 4302 referuntur.
1418 4248 1507 4304 Sic
1534 4258 1589 4305 et
1609 4252 1809 4319 anima,
1837 4267 1963 4309 cum
1984 4236 1997 4247 ’

391 4328 638 4384 informis
661 4332 752 4396 sit,
787 4331 1014 4387 formam
1038 4334 1240 4390 habere
1268 4336 1485 4392 dicitur.

997 4443 1225 4499 CAPUT
1270 4444 1357 4501 ιν.

2074 3245 2327 3301 omnibus
2350 3245 2603 3315 praesidet
2634 3246 2912 3302 membris.
2951 3247 3195 3312 Quidam
3228 3263 3462 3318 namque
3513 3247 3650 3305 aflir-

2072 3340 2223 3387 mant
2260 3332 2495 3387 animam
2542 3333 2761 3403 proprie
2813 3341 2868 3388 et
2904 3335 3140 3391 maxime
3186 3338 3367 3393 sedem
3418 3338 3652 3395 retinere

2072 3426 2125 3479 in
2158 3426 2318 3481 corde
2346 3444 2358 3478 :
2392 3433 2702 3481 asserentes
2730 3426 2926 3481 ibidem
2953 3426 3301 3496 purissimum
3331 3428 3648 3498 sanguinem

2071 3515 2393 3585 vitalemque
2421 3514 2670 3586 spiritum
2702 3515 3016 3571 continere:
3047 3523 3101 3570 et
3137 3515 3331 3570 exinde
3368 3515 3650 3586 cogitatio-

2071 3621 2199 3661 num
2236 3605 2496 3661 bonarum
2547 3614 2601 3662 et
2641 3605 2902 3669 malarum
2950 3607 3243 3662 varietates
3283 3607 3414 3662 oriri
3446 3624 3458 3658 :
3505 3607 3650 3676 quod

2070 3698 2305 3753 animam
2332 3699 2546 3769 propria
2597 3698 2794 3755 virtute
2830 3713 3051 3769 augere,
3102 3697 3235 3753 nulli
3271 3697 3491 3753 dubium
3538 3706 3642 3752 est.

2070 3787 2302 3843 Rursum
2334 3788 2484 3843 multi
2509 3788 2697 3845 dicunt
2732 3788 2927 3846 anima:
2959 3788 3141 3844 sedem
3172 3788 3225 3843 in
3252 3788 3478 3845 cerebro
3506 3802 3645 3851 esse,

2068 3879 2211 3948 quod
2234 3879 2533 3935 manifestis
2559 3877 2775 3934 indiciis
2808 3877 2954 3933 credi
2976 3885 3174 3948 potest.
3231 3876 3422 3932 Anima
3451 3877 3648 3946 quippe

2068 3969 2319 4038 quoniam
2367 3968 2435 4023 ad
2459 3968 2744 4038 imaginem
2788 3966 2882 4023 Dei
2916 3968 3131 4023 condita
3149 3978 3252 4032 est,
3302 3982 3483 4022 arcem
3513 3982 3650 4035 (ιιιυ-

2068 4061 2350 4115 dammodo
2374 4060 2457 4114 sui
2498 4059 2740 4129 corporis
2763 4066 2967 4129 petere,
2991 4058 3211 4131 dignum
3240 4058 3360 4114 fuit.
3395 4057 3464 4115 Ut
3496 4058 3639 4114 enim

2067 4167 2189 4206 cum
2240 4150 2543 4206 reverentia
2572 4149 2881 4205 Divinitalis
2917 4148 3225 4221 loquamur,
3295 4166 3418 4205 cum
3473 4150 3643 4207 Deum

2066 4244 2267 4313 ubique
2307 4258 2427 4299 esse
2476 4242 2784 4308 credamus,
2838 4248 2896 4297 et
2936 4240 3312 4307 conﬁteantur,
3343 4249 3646 4312 cunctaque

2068 4336 2297 4392 visibilia
2323 4344 2380 4390 et
2410 4335 2697 4391 invisibilia
2733 4335 2785 4389 vi
2814 4333 3117 4392 divinitatis
3146 4347 3257 4387 suae
3280 4341 3565 4402 penetrare
3590 4340 3647 4387 et

2068 4428 2299 4498 replere,
2344 4429 2527 4483 sedem
2556 4436 2734 4481 tamen
2798 4423 3012 4494 proprie
3050 4424 3108 4478 in
3128 4423 3271 4478 celo
3321 4422 3521 4478 habere
3558 4423 3643 4478 di-

392 4529 582 4586 Utrum
633 4533 688 4586 in
724 4534 953 4603 parvulis
988 4537 1179 4602 ηιῑησν,
1236 4548 1285 4613 ρι
1328 4540 1382 4593 ίη
1421 4540 1661 4610 [στίξονίὺ
1685 4560 1727 4597 τ,
1784 4543 1964 4613 major
1988 4512 2042 4573 Ι)
2067 4517 2531 4587 citur,-Scriptura
2741 4533 2754 4567 :
2787 4513 2996 4613 (italum
3026 4514 3158 4569 mihi
3186 4512 3464 4613 sedesest.
3487 4512 3646 4613 (ξοπι-

971 4622 1081 4660 esse
1128 4607 1389 4662 credatur.

464 4691 539 4747 De
583 4695 885 4764 quantitate
931 4697 1097 4752 etiam
1145 4698 1339 4754 animat
1395 4709 1574 4769 potest
1615 4703 1965 4761 subtilissima

391 4792 552 4853 atque
582 4786 894 4854 scrupulosa
915 4789 1143 4858 quaestio
1164 4790 1387 4856 exoriri,
1417 4800 1595 4846 utrum
1639 4792 1692 4846 in
1727 4794 1967 4863 parvulis

392 4874 569 4927 minor
596 4874 688 4939 sit,
724 4889 845 4930 eum
873 4878 951 4932 eis
980 4879 1119 4935 ratio
1153 4894 1262 4934 non
1291 4881 1616 4938 omnimodis
1646 4882 1808 4949 adsit,
1842 4902 1963 4956 quae

392 4962 610 5032 majoris
656 4967 833 5022 aetatis
885 4967 1192 5025 hominibus
1236 4969 1406 5039 major
1459 4972 1649 5027 adesse
1697 4975 1956 5030 videtur:

390 5052 693 5123 iterumque
745 5056 1089 5111 inveniuntur
1125 5057 1353 5126 juvenes
1379 5061 1659 5129 excordes,
1701 5078 1964 5136 senesque

390 5143 569 5198 minus
588 5144 888 5213 sapientes.
950 5146 1057 5201 Sed
1096 5147 1150 5200 in
1187 5149 1430 5216 parvulis
1482 5150 1536 5205 id
1579 5151 1963 5209 attendendum

388 5241 494 5298 est,
542 5234 672 5304 quia
693 5236 1063 5293 imbecillitate
1099 5240 1348 5309 corporis
1398 5243 1757 5312 etparvitate,
1804 5243 1856 5297 in
1887 5246 1965 5300 eis

390 5325 529 5380 ratio
554 5328 747 5383 animm
778 5329 1084 5400 impeditur.
1130 5330 1189 5385 ln
1211 5331 1502 5402 juvenibus
1537 5350 1664 5389 vero
1688 5343 1741 5389 et
1767 5335 1962 5402 stultis,

388 5424 483 5470 aut
504 5418 735 5489 quadam
765 5420 996 5489 partium
1028 5422 1412 5493 inaequalitate,
1457 5435 1553 5479 aut
1573 5424 1749 5495 aliqua
1770 5426 1966 5482 crassi-

391 5507 577 5564 tudine
595 5510 879 5566 humerum
918 5512 1254 5582 deprimitur,
1285 5515 1503 5585 vimque
1540 5532 1690 5571 suam
1740 5518 1837 5573 tali
1864 5520 1965 5573 im-

390 5601 698 5670 pedimento
717 5604 1018 5673 exprimere
1057 5608 1402 5677 praepeditum
1453 5608 1608 5676 Quod
1638 5616 1695 5664 ut
1715 5611 1963 5680 exemplo

390 5689 620 5747 lucidius
648 5693 973 5761 declaretur,
1028 5696 1352 5767 aspiciamus
1395 5714 1515 5768 qua:
1546 5700 1598 5754 in
1626 5716 1721 5755 usu
1758 5702 1971 5757 haben-

2070 4615 2262 4678 petens
2307 4619 2540 4674 namque
2574 4610 2716 4669 erat,
2761 4610 2822 4657 ut
2862 4617 2983 4673 quae
3010 4603 3253 4673 corporis
3276 4603 3359 4657 sui
3407 4602 3644 4673 regimen

2071 4706 2221 4755 tenet
2242 4695 2590 4767 principalem
2619 4694 2701 4749 sui
2724 4693 2907 4763 templi
2931 4708 3112 4748 arcem
3153 4700 3366 4747 teneret
3405 4691 3472 4746 ad
3500 4691 3647 4746 simi-

2070 4787 2350 4843 litudincm
2374 4785 2454 4840 sui
2490 4783 2803 4839 conditoris.
2869 4783 2936 4838 Ut
2963 4784 3106 4838 sicut
3132 4783 3245 4852 ipse
3277 4783 3331 4839 in
3368 4782 3647 4838 altissimis

2069 4875 2257 4932 sedere
2304 4874 2519 4938 dicitur,
2584 4873 2658 4928 ita
2709 4882 2767 4927 et
2810 4873 2927 4928 haec
2964 4873 3018 4927 in
3057 4873 3316 4929 eminenti
3362 4874 3445 4928 sui
3492 4882 3646 4943 parte

2067 4970 2330 5039 corporis,
2351 4968 2584 5023 residere
2605 4968 2876 5023 credatur.
2900 4966 2968 5021 Et
2986 4966 3180 5023 exinde
3198 4966 3380 5024 omnia
3404 4965 3648 5027 membra

2064 5061 2212 5115 velut
2237 5075 2305 5116 ex
2334 5060 2565 5128 quadam
2592 5072 2737 5123 arce,
2768 5073 3006 5129 congruo
3044 5057 3310 5128 regimine
3327 5056 3642 5127 gubernari.

2069 5151 2219 5211 Unde
2266 5158 2323 5206 et
2350 5150 2464 5219 ipsa
2514 5149 2818 5205 rotunditas
2861 5147 3088 5213 cerebri,
3134 5148 3200 5204 ad
3238 5146 3644 5203 similitudinem

2067 5241 2303 5298 celestis
2327 5240 2550 5310 sphazrm
2576 5238 2719 5293 facta
2746 5238 2962 5292 videtur
2987 5255 3001 5291 :
3052 5237 3142 5291 ubi
3166 5237 3387 5307 dignam
3409 5234 3645 5290 mansio-

2069 5349 2194 5390 nem
2239 5334 2339 5388 sibi
2367 5333 2546 5387 anima
2587 5328 2905 5386 immortalis
2942 5329 3258 5384 vindicaret.
3285 5328 3515 5397 Dignum
3565 5337 3648 5382 et-

2069 5428 2215 5483 enim
2235 5433 2374 5493 erat,
2427 5434 2486 5480 ut
2508 5425 2699 5480 altiora
2722 5431 2933 5494 peteret
2956 5442 2969 5478 :
2995 5422 3122 5492 quia
3155 5437 3314 5479 omne
3344 5422 3489 5492 quod
3514 5423 3646 5479 sub~

2070 5517 2179 5573 tilis
2206 5526 2289 5572 est
2318 5526 2543 5582 naturae,
2569 5516 2796 5572 celsiora
2820 5516 2970 5585 petit.
3001 5514 3134 5570 Nam
3163 5524 3218 5570 et
3241 5516 3380 5586 ignis
3396 5515 3643 5581 visibilis,

2070 5610 2137 5665 ad
2179 5624 2386 5663 summa
2413 5609 2736 5679 pertendere
2764 5608 3023 5664 cernitur.
3058 5608 3197 5663 Sunt
3237 5616 3291 5663 et
3320 5606 3421 5662 alia
3448 5607 3645 5662 indicia

2071 5714 2191 5769 quae
2217 5698 2450 5753 animant
2501 5699 2705 5755 habere
2745 5698 2926 5754 sedem
2973 5696 3028 5753 in
3085 5697 3288 5755 vertice
3340 5697 3644 5767 designant.
