  <div class='ocr_page' id='page_1' title='image "/cluster/home/n/w/nwhite01/storage/ocr_20150623/110/hvd.32044054759758/563.png"; bbox 0 0 4028 6196; ppageno 0'>
   <div class='ocr_carea' id='block_1_1' title="bbox 390 344 525 402">
    <p class='ocr_par' dir='ltr' id='par_1_1' title="bbox 390 344 525 402">
     <span class='ocr_line' id='line_1_1' title="bbox 390 344 525 402; baseline -0.022 0"><span class='ocrx_word' id='word_1_1' title='bbox 390 344 525 402; x_wconf 74' lang='grc' dir='ltr'><strong>11ιὸ</strong></span> 
     </span>
    </p>
   </div>
   <div class='ocr_carea' id='block_1_2' title="bbox 1073 329 3017 393">
    <p class='ocr_par' dir='ltr' id='par_1_2' title="bbox 1073 329 3017 393">
     <span class='ocr_line' id='line_1_2' title="bbox 1073 329 3017 393; baseline -0.004 1"><span class='ocrx_word' id='word_1_2' title='bbox 1073 339 1134 393; x_wconf 84' lang='grc' dir='ltr'><strong>Β.</strong></span> <span class='ocrx_word' id='word_1_3' title='bbox 1176 334 1427 392; x_wconf 73' lang='lat' dir='ltr'><strong>RABAN!</strong></span> <span class='ocrx_word' id='word_1_4' title='bbox 1461 333 1678 390; x_wconf 80' lang='lat' dir='ltr'><strong>MAURI</strong></span> <span class='ocrx_word' id='word_1_5' title='bbox 1711 332 2031 390; x_wconf 75' lang='lat' dir='ltr'><strong>ARClllEP.</strong></span> <span class='ocrx_word' id='word_1_6' title='bbox 2075 329 2385 389; x_wconf 80' lang='lat' dir='ltr'><strong>MOGUNT.</strong></span> <span class='ocrx_word' id='word_1_7' title='bbox 2424 330 2707 388; x_wconf 78' lang='lat' dir='ltr'><strong>OPERUM</strong></span> <span class='ocrx_word' id='word_1_8' title='bbox 2739 330 2915 386; x_wconf 77' lang='lat' dir='ltr'><strong>PARS</strong></span> <span class='ocrx_word' id='word_1_9' title='bbox 2950 331 3017 386; x_wconf 83' lang='lat' dir='ltr'><strong>ll.</strong></span> 
     </span>
    </p>
   </div>
   <div class='ocr_carea' id='block_1_3' title="bbox 3520 332 3655 387">
    <p class='ocr_par' dir='ltr' id='par_1_3' title="bbox 3520 332 3655 387">
     <span class='ocr_line' id='line_1_3' title="bbox 3520 332 3655 387; baseline 0 0"><span class='ocrx_word' id='word_1_10' title='bbox 3520 332 3655 387; x_wconf 77' lang='lat' dir='ltr'><strong>‘lilG</strong></span> 
     </span>
    </p>
   </div>
   <div class='ocr_carea' id='block_1_4' title="bbox 387 420 3652 517">
    <p class='ocr_par' dir='ltr' id='par_1_4' title="bbox 387 420 3652 517">
     <span class='ocr_line' id='line_1_4' title="bbox 387 420 3652 517; baseline -0.005 -6"><span class='ocrx_word' id='word_1_11' title='bbox 387 455 524 510; x_wconf 85' lang='lat' dir='ltr'><strong>Nam</strong></span> <span class='ocrx_word' id='word_1_12' title='bbox 558 463 613 509; x_wconf 89' lang='lat' dir='ltr'><strong>et</strong></span> <span class='ocrx_word' id='word_1_13' title='bbox 642 452 819 509; x_wconf 88' lang='lat' dir='ltr'><strong>omnis</strong></span> <span class='ocrx_word' id='word_1_14' title='bbox 855 449 1101 517; x_wconf 83' lang='lat' dir='ltr'><strong>corporis</strong></span> <span class='ocrx_word' id='word_1_15' title='bbox 1148 464 1341 503; x_wconf 82' lang='lat' dir='ltr'><strong>sensus</strong></span> <span class='ocrx_word' id='word_1_16' title='bbox 1384 447 1438 500; x_wconf 92' lang='lat' dir='ltr'><strong>in</strong></span> <span class='ocrx_word' id='word_1_17' title='bbox 1487 446 1663 515; x_wconf 89' lang='lat' dir='ltr'><strong>capite</strong></span> <span class='ocrx_word' id='word_1_18' title='bbox 1696 445 1962 501; x_wconf 71' lang='lat' dir='ltr'><strong>contineri</strong></span> <span class='ocrx_word' id='word_1_19' title='bbox 1992 452 2041 508; x_wconf 76' lang='grc' dir='ltr'>Α</span> <span class='ocrx_word' id='word_1_20' title='bbox 2068 445 2150 501; x_wconf 86' lang='lat' dir='ltr'><strong>sui</strong></span> <span class='ocrx_word' id='word_1_21' title='bbox 2189 443 2518 514; x_wconf 87' lang='lat' dir='ltr'><strong>perspicacia</strong></span> <span class='ocrx_word' id='word_1_22' title='bbox 2545 442 2803 511; x_wconf 87' lang='lat' dir='ltr'><strong>perspicit</strong></span> <span class='ocrx_word' id='word_1_23' title='bbox 2837 456 2904 496; x_wconf 87' lang='lat' dir='ltr'><strong>ea</strong></span> <span class='ocrx_word' id='word_1_24' title='bbox 2942 457 3065 511; x_wconf 69' lang='lat' dir='ltr'><strong>quae</strong></span> <span class='ocrx_word' id='word_1_25' title='bbox 3092 440 3379 512; x_wconf 75' lang='lat' dir='ltr'><strong>provenire</strong></span> <span class='ocrx_word' id='word_1_26' title='bbox 3406 420 3652 511; x_wconf 70' lang='lat' dir='ltr'><strong>possunt,</strong></span> 
     </span>
    </p>
   </div>
   <div class='ocr_carea' id='block_1_5' title="bbox 388 538 1962 609">
    <p class='ocr_par' dir='ltr' id='par_1_5' title="bbox 388 538 1962 609">
     <span class='ocr_line' id='line_1_5' title="bbox 388 538 1962 609; baseline -0.008 -7"><span class='ocrx_word' id='word_1_27' title='bbox 388 546 749 602; x_wconf 86' lang='lat' dir='ltr'><strong>certissimum</strong></span> <span class='ocrx_word' id='word_1_28' title='bbox 781 551 884 597; x_wconf 89' lang='lat' dir='ltr'><strong>est.</strong></span> <span class='ocrx_word' id='word_1_29' title='bbox 961 540 1070 595; x_wconf 88' lang='lat' dir='ltr'><strong>Sed</strong></span> <span class='ocrx_word' id='word_1_30' title='bbox 1111 541 1214 595; x_wconf 92' lang='lat' dir='ltr'><strong>etsi</strong></span> <span class='ocrx_word' id='word_1_31' title='bbox 1259 539 1436 609; x_wconf 89' lang='lat' dir='ltr'><strong>aliqua</strong></span> <span class='ocrx_word' id='word_1_32' title='bbox 1486 538 1672 592; x_wconf 66' lang='lat' dir='ltr'><strong>laetitia</strong></span> <span class='ocrx_word' id='word_1_33' title='bbox 1723 546 1962 591; x_wconf 83' lang='lat' dir='ltr'><strong>mentem</strong></span> 
     </span>
    </p>
   </div>
   <div class='ocr_carea' id='block_1_6' title="bbox 388 624 1961 698">
    <p class='ocr_par' dir='ltr' id='par_1_6' title="bbox 388 624 1961 698">
     <span class='ocr_line' id='line_1_6' title="bbox 388 624 1961 698; baseline -0.008 -7"><span class='ocrx_word' id='word_1_34' title='bbox 388 634 683 698; x_wconf 79' lang='lat' dir='ltr'><strong>obsederit,</strong></span> <span class='ocrx_word' id='word_1_35' title='bbox 727 632 909 686; x_wconf 84' lang='lat' dir='ltr'><strong>statim</strong></span> <span class='ocrx_word' id='word_1_36' title='bbox 940 629 1119 684; x_wconf 80' lang='lat' dir='ltr'><strong>vultus</strong></span> <span class='ocrx_word' id='word_1_37' title='bbox 1164 628 1438 682; x_wconf 80' lang='lat' dir='ltr'><strong>hilaritate</strong></span> <span class='ocrx_word' id='word_1_38' title='bbox 1469 636 1817 681; x_wconf 84' lang='lat' dir='ltr'><strong>monstratur.</strong></span> <span class='ocrx_word' id='word_1_39' title='bbox 1865 624 1961 680; x_wconf 89' lang='lat' dir='ltr'><strong>Sin</strong></span> 
     </span>
    </p>
   </div>
   <div class='ocr_carea' id='block_1_7' title="bbox 391 715 1964 791">
    <p class='ocr_par' dir='ltr' id='par_1_7' title="bbox 391 715 1964 791">
     <span class='ocr_line' id='line_1_7' title="bbox 391 715 1964 791; baseline -0.007 -13"><span class='ocrx_word' id='word_1_40' title='bbox 391 734 568 779; x_wconf 90' lang='lat' dir='ltr'><strong>autem</strong></span> <span class='ocrx_word' id='word_1_41' title='bbox 606 720 936 791; x_wconf 78' lang='lat' dir='ltr'><strong>perturbatio</strong></span> <span class='ocrx_word' id='word_1_42' title='bbox 981 719 1377 788; x_wconf 83' lang='lat' dir='ltr'><strong>supervenerit,</strong></span> <span class='ocrx_word' id='word_1_43' title='bbox 1423 733 1529 772; x_wconf 91' lang='lat' dir='ltr'><strong>non</strong></span> <span class='ocrx_word' id='word_1_44' title='bbox 1572 715 1838 770; x_wconf 85' lang='lat' dir='ltr'><strong>viscerum</strong></span> <span class='ocrx_word' id='word_1_45' title='bbox 1883 715 1964 767; x_wconf 89' lang='lat' dir='ltr'><strong>in-</strong></span> 
     </span>
    </p>
   </div>
   <div class='ocr_carea' id='block_1_8' title="bbox 391 807 1966 881">
    <p class='ocr_par' dir='ltr' id='par_1_8' title="bbox 391 807 1966 881">
     <span class='ocr_line' id='line_1_8' title="bbox 391 807 1966 881; baseline -0.005 -13"><span class='ocrx_word' id='word_1_46' title='bbox 391 813 773 869; x_wconf 85' lang='lat' dir='ltr'><strong>commoditate</strong></span> <span class='ocrx_word' id='word_1_47' title='bbox 801 825 1111 881; x_wconf 84' lang='lat' dir='ltr'><strong>gravamur,</strong></span> <span class='ocrx_word' id='word_1_48' title='bbox 1152 809 1249 865; x_wconf 89' lang='lat' dir='ltr'><strong>sed</strong></span> <span class='ocrx_word' id='word_1_49' title='bbox 1273 809 1504 878; x_wconf 87' lang='lat' dir='ltr'><strong>quodam</strong></span> <span class='ocrx_word' id='word_1_50' title='bbox 1530 817 1749 876; x_wconf 88' lang='lat' dir='ltr'><strong>stupore</strong></span> <span class='ocrx_word' id='word_1_51' title='bbox 1773 807 1966 876; x_wconf 84' lang='lat' dir='ltr'><strong>capitis</strong></span> 
     </span>
    </p>
   </div>
   <div class='ocr_carea' id='block_1_9' title="bbox 389 899 1967 972">
    <p class='ocr_par' dir='ltr' id='par_1_9' title="bbox 389 899 1967 972">
     <span class='ocr_line' id='line_1_9' title="bbox 389 899 1967 972; baseline -0.004 -13"><span class='ocrx_word' id='word_1_52' title='bbox 389 904 643 959; x_wconf 86' lang='lat' dir='ltr'><strong>continuo</strong></span> <span class='ocrx_word' id='word_1_53' title='bbox 685 902 1173 972; x_wconf 87' lang='lat' dir='ltr'><strong>apprehendimur:</strong></span> <span class='ocrx_word' id='word_1_54' title='bbox 1208 901 1261 954; x_wconf 92' lang='lat' dir='ltr'><strong>in</strong></span> <span class='ocrx_word' id='word_1_55' title='bbox 1291 908 1521 964; x_wconf 91' lang='lat' dir='ltr'><strong>tantum,</strong></span> <span class='ocrx_word' id='word_1_56' title='bbox 1588 908 1647 952; x_wconf 92' lang='lat' dir='ltr'><strong>ut</strong></span> <span class='ocrx_word' id='word_1_57' title='bbox 1676 900 1850 968; x_wconf 88' lang='lat' dir='ltr'><strong>ipsum</strong></span> <span class='ocrx_word' id='word_1_58' title='bbox 1890 899 1967 952; x_wconf 89' lang='lat' dir='ltr'><strong>vi-</strong></span> 
     </span>
    </p>
   </div>
   <div class='ocr_carea' id='block_1_10' title="bbox 391 989 1965 1059">
    <p class='ocr_par' dir='ltr' id='par_1_10' title="bbox 391 989 1965 1059">
     <span class='ocr_line' id='line_1_10' title="bbox 391 989 1965 1059; baseline -0.003 -12"><span class='ocrx_word' id='word_1_59' title='bbox 391 1008 510 1047; x_wconf 90' lang='lat' dir='ltr'><strong>sum</strong></span> <span class='ocrx_word' id='word_1_60' title='bbox 538 992 819 1057; x_wconf 83' lang='lat' dir='ltr'><strong>obtundat,</strong></span> <span class='ocrx_word' id='word_1_61' title='bbox 868 1000 922 1046; x_wconf 89' lang='lat' dir='ltr'><strong>et</strong></span> <span class='ocrx_word' id='word_1_62' title='bbox 949 992 1189 1044; x_wconf 89' lang='lat' dir='ltr'><strong>auditum</strong></span> <span class='ocrx_word' id='word_1_63' title='bbox 1233 989 1588 1059; x_wconf 88' lang='lat' dir='ltr'><strong>stupefaeiat:</strong></span> <span class='ocrx_word' id='word_1_64' title='bbox 1642 989 1965 1058; x_wconf 64' lang='lat' dir='ltr'><strong>ctquzedam</strong></span> 
     </span>
    </p>
   </div>
   <div class='ocr_carea' id='block_1_11' title="bbox 391 1079 1967 1153">
    <p class='ocr_par' dir='ltr' id='par_1_11' title="bbox 391 1079 1967 1153">
     <span class='ocr_line' id='line_1_11' title="bbox 391 1079 1967 1153; baseline -0.003 -17"><span class='ocrx_word' id='word_1_65' title='bbox 391 1083 544 1153; x_wconf 89' lang='lat' dir='ltr'><strong>signa</strong></span> <span class='ocrx_word' id='word_1_66' title='bbox 568 1081 949 1150; x_wconf 78' lang='lat' dir='ltr'><strong>indignationis</strong></span> <span class='ocrx_word' id='word_1_67' title='bbox 971 1081 1150 1135; x_wconf 89' lang='lat' dir='ltr'><strong>anima</strong></span> <span class='ocrx_word' id='word_1_68' title='bbox 1177 1080 1251 1135; x_wconf 85' lang='lat' dir='ltr'><strong>ibi</strong></span> <span class='ocrx_word' id='word_1_69' title='bbox 1280 1079 1634 1148; x_wconf 91' lang='lat' dir='ltr'><strong>derelinquat.</strong></span> <span class='ocrx_word' id='word_1_70' title='bbox 1666 1079 1817 1144; x_wconf 89' lang='lat' dir='ltr'><strong>Quod</strong></span> <span class='ocrx_word' id='word_1_71' title='bbox 1844 1094 1967 1132; x_wconf 86' lang='lat' dir='ltr'><strong>cum</strong></span> 
     </span>
    </p>
   </div>
   <div class='ocr_carea' id='block_1_12' title="bbox 392 1168 1968 1237">
    <p class='ocr_par' dir='ltr' id='par_1_12' title="bbox 392 1168 1968 1237">
     <span class='ocr_line' id='line_1_12' title="bbox 392 1168 1968 1237; baseline -0.003 -10"><span class='ocrx_word' id='word_1_72' title='bbox 392 1174 467 1227; x_wconf 86' lang='lat' dir='ltr'><strong>ita</strong></span> <span class='ocrx_word' id='word_1_73' title='bbox 495 1173 585 1237; x_wconf 87' lang='lat' dir='ltr'><strong>sit,</strong></span> <span class='ocrx_word' id='word_1_74' title='bbox 631 1179 777 1226; x_wconf 87' lang='lat' dir='ltr'><strong>recte</strong></span> <span class='ocrx_word' id='word_1_75' title='bbox 819 1171 1144 1225; x_wconf 89' lang='lat' dir='ltr'><strong>credendum</strong></span> <span class='ocrx_word' id='word_1_76' title='bbox 1172 1178 1255 1224; x_wconf 90' lang='lat' dir='ltr'><strong>cst</strong></span> <span class='ocrx_word' id='word_1_77' title='bbox 1304 1169 1537 1223; x_wconf 87' lang='lat' dir='ltr'><strong>animam</strong></span> <span class='ocrx_word' id='word_1_78' title='bbox 1562 1168 1615 1221; x_wconf 92' lang='lat' dir='ltr'><strong>in</strong></span> <span class='ocrx_word' id='word_1_79' title='bbox 1640 1169 1841 1222; x_wconf 81' lang='lat' dir='ltr'><strong>vertice</strong></span> <span class='ocrx_word' id='word_1_80' title='bbox 1885 1183 1968 1222; x_wconf 89' lang='lat' dir='ltr'><strong>se-</strong></span> 
     </span>
    </p>
   </div>
   <div class='ocr_carea' id='block_1_13' title="bbox 391 1257 1966 1329">
    <p class='ocr_par' dir='ltr' id='par_1_13' title="bbox 391 1257 1966 1329">
     <span class='ocr_line' id='line_1_13' title="bbox 391 1257 1966 1329; baseline -0.003 -14"><span class='ocrx_word' id='word_1_81' title='bbox 391 1263 513 1316; x_wconf 88' lang='lat' dir='ltr'><strong>dem</strong></span> <span class='ocrx_word' id='word_1_82' title='bbox 539 1262 760 1316; x_wconf 81' lang='lat' dir='ltr'><strong>habere.</strong></span> <span class='ocrx_word' id='word_1_83' title='bbox 815 1261 919 1314; x_wconf 88' lang='lat' dir='ltr'><strong>Sed</strong></span> <span class='ocrx_word' id='word_1_84' title='bbox 948 1260 1073 1329; x_wconf 86' lang='lat' dir='ltr'><strong>quia</strong></span> <span class='ocrx_word' id='word_1_85' title='bbox 1105 1259 1290 1328; x_wconf 90' lang='lat' dir='ltr'><strong>paucis</strong></span> <span class='ocrx_word' id='word_1_86' title='bbox 1335 1258 1400 1312; x_wconf 92' lang='lat' dir='ltr'><strong>de</strong></span> <span class='ocrx_word' id='word_1_87' title='bbox 1424 1257 1600 1311; x_wconf 89' lang='lat' dir='ltr'><strong>anima</strong></span> <span class='ocrx_word' id='word_1_88' title='bbox 1630 1257 1833 1311; x_wconf 90' lang='lat' dir='ltr'><strong>dictum</strong></span> <span class='ocrx_word' id='word_1_89' title='bbox 1864 1264 1966 1319; x_wconf 90' lang='lat' dir='ltr'><strong>est,</strong></span> 
     </span>
    </p>
   </div>
   <div class='ocr_carea' id='block_1_14' title="bbox 391 1347 1969 1421">
    <p class='ocr_par' dir='ltr' id='par_1_14' title="bbox 391 1347 1969 1421">
     <span class='ocr_line' id='line_1_14' title="bbox 391 1347 1969 1421; baseline -0.003 -16"><span class='ocrx_word' id='word_1_90' title='bbox 391 1367 559 1421; x_wconf 88' lang='lat' dir='ltr'><strong>quare</strong></span> <span class='ocrx_word' id='word_1_91' title='bbox 583 1352 761 1404; x_wconf 87' lang='lat' dir='ltr'><strong>anima</strong></span> <span class='ocrx_word' id='word_1_92' title='bbox 787 1351 1018 1415; x_wconf 88' lang='lat' dir='ltr'><strong>dicatur,</strong></span> <span class='ocrx_word' id='word_1_93' title='bbox 1046 1349 1128 1404; x_wconf 87' lang='lat' dir='ltr'><strong>vel</strong></span> <span class='ocrx_word' id='word_1_94' title='bbox 1158 1349 1285 1418; x_wconf 89' lang='lat' dir='ltr'><strong>quid</strong></span> <span class='ocrx_word' id='word_1_95' title='bbox 1310 1349 1404 1414; x_wconf 88' lang='lat' dir='ltr'><strong>sit,</strong></span> <span class='ocrx_word' id='word_1_96' title='bbox 1433 1347 1518 1402; x_wconf 87' lang='lat' dir='ltr'><strong>vel</strong></span> <span class='ocrx_word' id='word_1_97' title='bbox 1540 1348 1679 1403; x_wconf 89' lang='lat' dir='ltr'><strong>unde</strong></span> <span class='ocrx_word' id='word_1_98' title='bbox 1708 1348 1969 1418; x_wconf 83' lang='lat' dir='ltr'><strong>originem</strong></span> 
     </span>
    </p>
   </div>
   <div class='ocr_carea' id='block_1_15' title="bbox 390 1438 1972 1507">
    <p class='ocr_par' dir='ltr' id='par_1_15' title="bbox 390 1438 1972 1507">
     <span class='ocr_line' id='line_1_15' title="bbox 390 1438 1972 1507; baseline -0.004 -10"><span class='ocrx_word' id='word_1_99' title='bbox 390 1443 608 1507; x_wconf 81' lang='lat' dir='ltr'><strong>habeat,</strong></span> <span class='ocrx_word' id='word_1_100' title='bbox 651 1451 743 1495; x_wconf 90' lang='lat' dir='ltr'><strong>aut</strong></span> <span class='ocrx_word' id='word_1_101' title='bbox 767 1442 811 1496; x_wconf 91' lang='lat' dir='ltr'><strong>si</strong></span> <span class='ocrx_word' id='word_1_102' title='bbox 835 1440 1064 1495; x_wconf 90' lang='lat' dir='ltr'><strong>formam</strong></span> <span class='ocrx_word' id='word_1_103' title='bbox 1087 1441 1286 1495; x_wconf 87' lang='lat' dir='ltr'><strong>habere</strong></span> <span class='ocrx_word' id='word_1_104' title='bbox 1314 1440 1587 1505; x_wconf 78' lang='lat' dir='ltr'><strong>credatur,</strong></span> <span class='ocrx_word' id='word_1_105' title='bbox 1626 1439 1711 1494; x_wconf 89' lang='lat' dir='ltr'><strong>vel</strong></span> <span class='ocrx_word' id='word_1_106' title='bbox 1738 1438 1828 1493; x_wconf 92' lang='lat' dir='ltr'><strong>ubi</strong></span> <span class='ocrx_word' id='word_1_107' title='bbox 1858 1454 1972 1492; x_wconf 85' lang='lat' dir='ltr'><strong>ma-</strong></span> 
     </span>
    </p>
   </div>
   <div class='ocr_carea' id='block_1_16' title="bbox 394 1530 1972 1602">
    <p class='ocr_par' dir='ltr' id='par_1_16' title="bbox 394 1530 1972 1602">
     <span class='ocr_line' id='line_1_16' title="bbox 394 1530 1972 1602; baseline -0.003 -14"><span class='ocrx_word' id='word_1_108' title='bbox 394 1533 538 1588; x_wconf 83' lang='lat' dir='ltr'><strong>xime</strong></span> <span class='ocrx_word' id='word_1_109' title='bbox 574 1533 729 1588; x_wconf 91' lang='lat' dir='ltr'><strong>scdes</strong></span> <span class='ocrx_word' id='word_1_110' title='bbox 770 1532 935 1602; x_wconf 91' lang='lat' dir='ltr'><strong>ipsius</strong></span> <span class='ocrx_word' id='word_1_111' title='bbox 980 1546 1097 1586; x_wconf 88' lang='lat' dir='ltr'><strong>esse</strong></span> <span class='ocrx_word' id='word_1_112' title='bbox 1142 1532 1411 1596; x_wconf 85' lang='lat' dir='ltr'><strong>credatur,</strong></span> <span class='ocrx_word' id='word_1_113' title='bbox 1468 1546 1612 1587; x_wconf 92' lang='lat' dir='ltr'><strong>nunc</strong></span> <span class='ocrx_word' id='word_1_114' title='bbox 1655 1531 1721 1585; x_wconf 89' lang='lat' dir='ltr'><strong>ad</strong></span> <span class='ocrx_word' id='word_1_115' title='bbox 1747 1530 1972 1584; x_wconf 88' lang='lat' dir='ltr'><strong>virtutes</strong></span> 
     </span>
    </p>
   </div>
   <div class='ocr_carea' id='block_1_17' title="bbox 391 1621 1967 1693">
    <p class='ocr_par' dir='ltr' id='par_1_17' title="bbox 391 1621 1967 1693">
     <span class='ocr_line' id='line_1_17' title="bbox 391 1621 1967 1693; baseline -0.002 -15"><span class='ocrx_word' id='word_1_116' title='bbox 391 1622 507 1690; x_wconf 91' lang='lat' dir='ltr'><strong>ejus</strong></span> <span class='ocrx_word' id='word_1_117' title='bbox 562 1623 795 1679; x_wconf 82' lang='lat' dir='ltr'><strong>murales</strong></span> <span class='ocrx_word' id='word_1_118' title='bbox 828 1623 1227 1693; x_wconf 81' lang='lat' dir='ltr'><strong>exprimendas,</strong></span> <span class='ocrx_word' id='word_1_119' title='bbox 1309 1621 1589 1678; x_wconf 82' lang='lat' dir='ltr'><strong>ﬂectamus</strong></span> <span class='ocrx_word' id='word_1_120' title='bbox 1642 1622 1967 1676; x_wconf 86' lang='lat' dir='ltr'><strong>articulum:</strong></span> 
     </span>
    </p>
   </div>
   <div class='ocr_carea' id='block_1_18' title="bbox 393 1713 1778 1784">
    <p class='ocr_par' dir='ltr' id='par_1_18' title="bbox 393 1713 1778 1784">
     <span class='ocr_line' id='line_1_18' title="bbox 393 1713 1778 1784; baseline 0.001 -18"><span class='ocrx_word' id='word_1_121' title='bbox 393 1721 555 1783; x_wconf 89' lang='lat' dir='ltr'><strong>atque</strong></span> <span class='ocrx_word' id='word_1_122' title='bbox 585 1713 847 1784; x_wconf 85' lang='lat' dir='ltr'><strong>imprimis</strong></span> <span class='ocrx_word' id='word_1_123' title='bbox 886 1714 1263 1784; x_wconf 80' lang='lat' dir='ltr'><strong>indagandum,</strong></span> <span class='ocrx_word' id='word_1_124' title='bbox 1307 1714 1435 1784; x_wconf 87' lang='lat' dir='ltr'><strong>quid</strong></span> <span class='ocrx_word' id='word_1_125' title='bbox 1485 1714 1555 1768; x_wconf 89' lang='lat' dir='ltr'><strong>sit</strong></span> <span class='ocrx_word' id='word_1_126' title='bbox 1588 1714 1778 1769; x_wconf 92' lang='lat' dir='ltr'><strong>virtus.</strong></span> 
     </span>
    </p>
   </div>
   <div class='ocr_carea' id='block_1_19' title="bbox 1032 1826 1378 1882">
    <p class='ocr_par' dir='ltr' id='par_1_19' title="bbox 1032 1826 1378 1882">
     <span class='ocr_line' id='line_1_19' title="bbox 1032 1826 1378 1882; baseline -0.006 -1"><span class='ocrx_word' id='word_1_127' title='bbox 1032 1826 1259 1882; x_wconf 82' lang='lat' dir='ltr'><strong>CAPUT</strong></span> <span class='ocrx_word' id='word_1_128' title='bbox 1296 1826 1378 1880; x_wconf 85' lang='lat' dir='ltr'><strong>Vl.</strong></span> 
     </span>
    </p>
   </div>
   <div class='ocr_carea' id='block_1_20' title="bbox 393 1918 1968 1989">
    <p class='ocr_par' dir='ltr' id='par_1_20' title="bbox 393 1918 1968 1989">
     <span class='ocr_line' id='line_1_20' title="bbox 393 1918 1968 1989; baseline -0.002 -15"><span class='ocrx_word' id='word_1_129' title='bbox 393 1919 472 1975; x_wconf 76' lang='lat' dir='ltr'><strong>De</strong></span> <span class='ocrx_word' id='word_1_130' title='bbox 492 1918 763 1974; x_wconf 77' lang='lat' dir='ltr'><strong>rirtutibus</strong></span> <span class='ocrx_word' id='word_1_131' title='bbox 789 1919 901 1988; x_wconf 86' lang='lat' dir='ltr'><strong>ejus</strong></span> <span class='ocrx_word' id='word_1_132' title='bbox 936 1918 1217 1972; x_wconf 78' lang='lat' dir='ltr'><strong>moralibus</strong></span> <span class='ocrx_word' id='word_1_133' title='bbox 1238 1935 1261 1972; x_wconf 83' lang='lat'><em>:</em></span> <span class='ocrx_word' id='word_1_134' title='bbox 1289 1928 1336 1972; x_wconf 80' lang='lat' dir='ltr'><strong>et</strong></span> <span class='ocrx_word' id='word_1_135' title='bbox 1364 1918 1530 1988; x_wconf 78' lang='lat' dir='ltr'><strong>primo</strong></span> <span class='ocrx_word' id='word_1_136' title='bbox 1548 1918 1675 1989; x_wconf 81' lang='lat' dir='ltr'><strong>quid</strong></span> <span class='ocrx_word' id='word_1_137' title='bbox 1702 1918 1768 1973; x_wconf 82' lang='lat' dir='ltr'><strong>sit</strong></span> <span class='ocrx_word' id='word_1_138' title='bbox 1788 1918 1968 1973; x_wconf 80' lang='lat' dir='ltr'><strong>virtus.</strong></span> 
     </span>
    </p>
   </div>
   <div class='ocr_carea' id='block_1_21' title="bbox 467 2028 1972 2098">
    <p class='ocr_par' dir='ltr' id='par_1_21' title="bbox 467 2028 1972 2098">
     <span class='ocr_line' id='line_1_21' title="bbox 467 2028 1972 2098; baseline 0 -15"><span class='ocrx_word' id='word_1_139' title='bbox 467 2028 606 2083; x_wconf 91' lang='lat' dir='ltr'><strong>Sunt</strong></span> <span class='ocrx_word' id='word_1_140' title='bbox 644 2042 773 2097; x_wconf 89' lang='lat' dir='ltr'><strong>ergo</strong></span> <span class='ocrx_word' id='word_1_141' title='bbox 801 2028 1029 2081; x_wconf 85' lang='lat' dir='ltr'><strong>virtutes</strong></span> <span class='ocrx_word' id='word_1_142' title='bbox 1053 2028 1245 2081; x_wconf 61' lang='lat' dir='ltr'><strong>anima:</strong></span> <span class='ocrx_word' id='word_1_143' title='bbox 1272 2036 1505 2096; x_wconf 84' lang='lat' dir='ltr'><strong>quatuor</strong></span> <span class='ocrx_word' id='word_1_144' title='bbox 1529 2028 1758 2082; x_wconf 87' lang='lat' dir='ltr'><strong>morales</strong></span> <span class='ocrx_word' id='word_1_145' title='bbox 1782 2046 1795 2082; x_wconf 89' lang='lat'>:</span> <span class='ocrx_word' id='word_1_146' title='bbox 1843 2044 1972 2098; x_wconf 89' lang='lat' dir='ltr'><strong>pru-</strong></span> 
     </span>
    </p>
   </div>
   <div class='ocr_carea' id='block_1_22' title="bbox 396 2116 1965 2188">
    <p class='ocr_par' dir='ltr' id='par_1_22' title="bbox 396 2116 1965 2188">
     <span class='ocr_line' id='line_1_22' title="bbox 396 2116 1965 2188; baseline 0 -15"><span class='ocrx_word' id='word_1_147' title='bbox 396 2119 579 2173; x_wconf 88' lang='lat' dir='ltr'><strong>dentia</strong></span> <span class='ocrx_word' id='word_1_148' title='bbox 606 2119 832 2184; x_wconf 87' lang='lat' dir='ltr'><strong>scilicet,</strong></span> <span class='ocrx_word' id='word_1_149' title='bbox 859 2117 1139 2183; x_wconf 82' lang='lat' dir='ltr'><strong>fortitudo,</strong></span> <span class='ocrx_word' id='word_1_150' title='bbox 1169 2116 1382 2186; x_wconf 87' lang='lat' dir='ltr'><strong>justitia</strong></span> <span class='ocrx_word' id='word_1_151' title='bbox 1404 2128 1564 2188; x_wconf 87' lang='lat' dir='ltr'><strong>atque</strong></span> <span class='ocrx_word' id='word_1_152' title='bbox 1591 2121 1965 2187; x_wconf 88' lang='lat' dir='ltr'><strong>temperantia.</strong></span> 
     </span>
    </p>
   </div>
   <div class='ocr_carea' id='block_1_23' title="bbox 398 2209 1969 2280">
    <p class='ocr_par' dir='ltr' id='par_1_23' title="bbox 398 2209 1969 2280">
     <span class='ocr_line' id='line_1_23' title="bbox 398 2209 1969 2280; baseline 0.001 -15"><span class='ocrx_word' id='word_1_153' title='bbox 398 2209 504 2265; x_wconf 89' lang='lat' dir='ltr'><strong>Sed</strong></span> <span class='ocrx_word' id='word_1_154' title='bbox 542 2211 800 2280; x_wconf 86' lang='lat' dir='ltr'><strong>quoniam</strong></span> <span class='ocrx_word' id='word_1_155' title='bbox 840 2212 941 2266; x_wconf 89' lang='lat' dir='ltr'><strong>bas</strong></span> <span class='ocrx_word' id='word_1_156' title='bbox 984 2212 1211 2265; x_wconf 87' lang='lat' dir='ltr'><strong>virtutes</strong></span> <span class='ocrx_word' id='word_1_157' title='bbox 1267 2211 1637 2274; x_wconf 89' lang='lat' dir='ltr'><strong>nominamus,</strong></span> <span class='ocrx_word' id='word_1_158' title='bbox 1686 2211 1969 2267; x_wconf 90' lang='lat' dir='ltr'><strong>dicendum</strong></span> 
     </span>
    </p>
   </div>
   <div class='ocr_carea' id='block_1_24' title="bbox 398 2300 1967 2372">
    <p class='ocr_par' dir='ltr' id='par_1_24' title="bbox 398 2300 1967 2372">
     <span class='ocr_line' id='line_1_24' title="bbox 398 2300 1967 2372; baseline 0 -17"><span class='ocrx_word' id='word_1_159' title='bbox 398 2302 594 2372; x_wconf 90' lang='lat' dir='ltr'><strong>primo,</strong></span> <span class='ocrx_word' id='word_1_160' title='bbox 664 2316 831 2371; x_wconf 86' lang='lat' dir='ltr'><strong>quare</strong></span> <span class='ocrx_word' id='word_1_161' title='bbox 868 2301 1039 2355; x_wconf 84' lang='lat' dir='ltr'><strong>virtus</strong></span> <span class='ocrx_word' id='word_1_162' title='bbox 1084 2300 1318 2365; x_wconf 90' lang='lat' dir='ltr'><strong>dicatur,</strong></span> <span class='ocrx_word' id='word_1_163' title='bbox 1360 2300 1445 2354; x_wconf 84' lang='lat' dir='ltr'><strong>vel</strong></span> <span class='ocrx_word' id='word_1_164' title='bbox 1492 2300 1617 2369; x_wconf 92' lang='lat' dir='ltr'><strong>quid</strong></span> <span class='ocrx_word' id='word_1_165' title='bbox 1666 2301 1738 2355; x_wconf 85' lang='lat' dir='ltr'><strong>sit</strong></span> <span class='ocrx_word' id='word_1_166' title='bbox 1779 2302 1967 2355; x_wconf 90' lang='lat' dir='ltr'><strong>virtus.</strong></span> 
     </span>
    </p>
   </div>
   <div class='ocr_carea' id='block_1_25' title="bbox 398 2387 1971 2455">
    <p class='ocr_par' dir='ltr' id='par_1_25' title="bbox 398 2387 1971 2455">
     <span class='ocr_line' id='line_1_25' title="bbox 398 2387 1971 2455; baseline 0.001 -12"><span class='ocrx_word' id='word_1_167' title='bbox 398 2390 581 2443; x_wconf 79' lang='lat' dir='ltr'><strong>Virtus</strong></span> <span class='ocrx_word' id='word_1_168' title='bbox 610 2388 805 2443; x_wconf 89' lang='lat' dir='ltr'><strong>dicitur</strong></span> <span class='ocrx_word' id='word_1_169' title='bbox 842 2404 872 2443; x_wconf 90' lang='lat' dir='ltr'><strong>a</strong></span> <span class='ocrx_word' id='word_1_170' title='bbox 895 2389 968 2454; x_wconf 87' lang='lat' dir='ltr'><strong>vi,</strong></span> <span class='ocrx_word' id='word_1_171' title='bbox 1021 2388 1075 2442; x_wconf 90' lang='lat' dir='ltr'><strong>id</strong></span> <span class='ocrx_word' id='word_1_172' title='bbox 1104 2397 1204 2453; x_wconf 89' lang='lat' dir='ltr'><strong>est,</strong></span> <span class='ocrx_word' id='word_1_173' title='bbox 1244 2404 1275 2442; x_wconf 87' lang='lat' dir='ltr'><strong>a</strong></span> <span class='ocrx_word' id='word_1_174' title='bbox 1302 2387 1635 2443; x_wconf 79' lang='lat' dir='ltr'><strong>fortitudine.</strong></span> <span class='ocrx_word' id='word_1_175' title='bbox 1679 2389 1808 2455; x_wconf 73' lang='lat' dir='ltr'><strong>Qua:</strong></span> <span class='ocrx_word' id='word_1_176' title='bbox 1849 2390 1971 2444; x_wconf 88' lang='lat' dir='ltr'><strong>ideo</strong></span> 
     </span>
    </p>
   </div>
   <div class='ocr_carea' id='block_1_26' title="bbox 400 2478 1970 2547">
    <p class='ocr_par' dir='ltr' id='par_1_26' title="bbox 400 2478 1970 2547">
     <span class='ocr_line' id='line_1_26' title="bbox 400 2478 1970 2547; baseline -0.001 -15"><span class='ocrx_word' id='word_1_177' title='bbox 400 2478 577 2533; x_wconf 88' lang='lat' dir='ltr'><strong>taliter</strong></span> <span class='ocrx_word' id='word_1_178' title='bbox 605 2478 820 2542; x_wconf 88' lang='lat' dir='ltr'><strong>dicitur,</strong></span> <span class='ocrx_word' id='word_1_179' title='bbox 861 2478 985 2546; x_wconf 88' lang='lat' dir='ltr'><strong>quia</strong></span> <span class='ocrx_word' id='word_1_180' title='bbox 1016 2485 1208 2532; x_wconf 88' lang='lat' dir='ltr'><strong>cuncta</strong></span> <span class='ocrx_word' id='word_1_181' title='bbox 1247 2492 1367 2546; x_wconf 70' lang='lat' dir='ltr'><strong>qua:</strong></span> <span class='ocrx_word' id='word_1_182' title='bbox 1396 2478 1678 2546; x_wconf 89' lang='lat' dir='ltr'><strong>provenire</strong></span> <span class='ocrx_word' id='word_1_183' title='bbox 1721 2485 1970 2547; x_wconf 87' lang='lat' dir='ltr'><strong>possunt,</strong></span> 
     </span>
    </p>
   </div>
   <div class='ocr_carea' id='block_1_27' title="bbox 397 2567 1974 2639">
    <p class='ocr_par' dir='ltr' id='par_1_27' title="bbox 397 2567 1974 2639">
     <span class='ocr_line' id='line_1_27' title="bbox 397 2567 1974 2639; baseline -0.001 -16"><span class='ocrx_word' id='word_1_184' title='bbox 397 2568 628 2639; x_wconf 85' lang='lat' dir='ltr'><strong>quadam</strong></span> <span class='ocrx_word' id='word_1_185' title='bbox 675 2569 725 2622; x_wconf 94' lang='lat' dir='ltr'><strong>vi</strong></span> <span class='ocrx_word' id='word_1_186' title='bbox 767 2569 962 2623; x_wconf 90' lang='lat' dir='ltr'><strong>mentis</strong></span> <span class='ocrx_word' id='word_1_187' title='bbox 1010 2568 1283 2636; x_wconf 80' lang='lat' dir='ltr'><strong>animique</strong></span> <span class='ocrx_word' id='word_1_188' title='bbox 1333 2568 1526 2622; x_wconf 90' lang='lat' dir='ltr'><strong>robore</strong></span> <span class='ocrx_word' id='word_1_189' title='bbox 1576 2567 1823 2622; x_wconf 83' lang='lat' dir='ltr'><strong>sustinet.</strong></span> <span class='ocrx_word' id='word_1_190' title='bbox 1878 2567 1974 2621; x_wconf 84' lang='lat' dir='ltr'><strong>Est</strong></span> 
     </span>
    </p>
   </div>
   <div class='ocr_carea' id='block_1_28' title="bbox 399 2658 1974 2730">
    <p class='ocr_par' dir='ltr' id='par_1_28' title="bbox 399 2658 1974 2730">
     <span class='ocr_line' id='line_1_28' title="bbox 399 2658 1974 2730; baseline -0.003 -15"><span class='ocrx_word' id='word_1_191' title='bbox 399 2675 531 2730; x_wconf 83' lang='lat' dir='ltr'><strong>ergo</strong></span> <span class='ocrx_word' id='word_1_192' title='bbox 557 2660 727 2715; x_wconf 90' lang='lat' dir='ltr'><strong>virtus</strong></span> <span class='ocrx_word' id='word_1_193' title='bbox 765 2661 941 2715; x_wconf 90' lang='lat' dir='ltr'><strong>omnis</strong></span> <span class='ocrx_word' id='word_1_194' title='bbox 973 2668 1159 2714; x_wconf 89' lang='lat' dir='ltr'><strong>sancta</strong></span> <span class='ocrx_word' id='word_1_195' title='bbox 1191 2674 1301 2724; x_wconf 91' lang='lat' dir='ltr'><strong>res,</strong></span> <span class='ocrx_word' id='word_1_196' title='bbox 1351 2658 1636 2713; x_wconf 88' lang='lat' dir='ltr'><strong>invisibilis</strong></span> <span class='ocrx_word' id='word_1_197' title='bbox 1684 2667 1845 2728; x_wconf 90' lang='lat' dir='ltr'><strong>atque</strong></span> <span class='ocrx_word' id='word_1_198' title='bbox 1894 2658 1974 2711; x_wconf 87' lang='lat' dir='ltr'><strong>in-</strong></span> 
     </span>
    </p>
   </div>
   <div class='ocr_carea' id='block_1_29' title="bbox 400 2746 1972 2819">
    <p class='ocr_par' dir='ltr' id='par_1_29' title="bbox 400 2746 1972 2819">
     <span class='ocr_line' id='line_1_29' title="bbox 400 2746 1972 2819; baseline -0.003 -16"><span class='ocrx_word' id='word_1_199' title='bbox 400 2763 682 2819; x_wconf 87' lang='lat' dir='ltr'><strong>corporea,</strong></span> <span class='ocrx_word' id='word_1_200' title='bbox 751 2757 956 2814; x_wconf 88' lang='lat' dir='ltr'><strong>sancta,</strong></span> <span class='ocrx_word' id='word_1_201' title='bbox 1016 2748 1387 2812; x_wconf 89' lang='lat' dir='ltr'><strong>mundissima,</strong></span> <span class='ocrx_word' id='word_1_202' title='bbox 1443 2763 1767 2818; x_wconf 89' lang='lat' dir='ltr'><strong>prorsusque</strong></span> <span class='ocrx_word' id='word_1_203' title='bbox 1824 2746 1972 2801; x_wconf 87' lang='lat' dir='ltr'><strong>omni</strong></span> 
     </span>
    </p>
   </div>
   <div class='ocr_carea' id='block_1_30' title="bbox 399 2836 1974 2904">
    <p class='ocr_par' dir='ltr' id='par_1_30' title="bbox 399 2836 1974 2904">
     <span class='ocr_line' id='line_1_30' title="bbox 399 2836 1974 2904; baseline -0.001 -10"><span class='ocrx_word' id='word_1_204' title='bbox 399 2853 591 2894; x_wconf 86' lang='lat' dir='ltr'><strong>carens</strong></span> <span class='ocrx_word' id='word_1_205' title='bbox 634 2838 795 2892; x_wconf 89' lang='lat' dir='ltr'><strong>malo.</strong></span> <span class='ocrx_word' id='word_1_206' title='bbox 851 2838 982 2904; x_wconf 78' lang='lat' dir='ltr'><strong>Qum</strong></span> <span class='ocrx_word' id='word_1_207' title='bbox 1010 2840 1102 2893; x_wconf 89' lang='lat' dir='ltr'><strong>ubi</strong></span> <span class='ocrx_word' id='word_1_208' title='bbox 1146 2839 1428 2903; x_wconf 89' lang='lat' dir='ltr'><strong>manserit,</strong></span> <span class='ocrx_word' id='word_1_209' title='bbox 1458 2847 1649 2894; x_wconf 86' lang='lat' dir='ltr'><strong>cuncta</strong></span> <span class='ocrx_word' id='word_1_210' title='bbox 1680 2845 1864 2892; x_wconf 82' lang='lat' dir='ltr'><strong>sancta</strong></span> <span class='ocrx_word' id='word_1_211' title='bbox 1893 2836 1974 2892; x_wconf 84' lang='lat' dir='ltr'><strong>fa—</strong></span> 
     </span>
    </p>
   </div>
   <div class='ocr_carea' id='block_1_31' title="bbox 398 2927 1973 2996">
    <p class='ocr_par' dir='ltr' id='par_1_31' title="bbox 398 2927 1973 2996">
     <span class='ocr_line' id='line_1_31' title="bbox 398 2927 1973 2996; baseline -0.001 -14"><span class='ocrx_word' id='word_1_212' title='bbox 398 2928 496 2992; x_wconf 88' lang='lat' dir='ltr'><strong>cit,</strong></span> <span class='ocrx_word' id='word_1_213' title='bbox 541 2927 760 2992; x_wconf 87' lang='lat' dir='ltr'><strong>munda,</strong></span> <span class='ocrx_word' id='word_1_214' title='bbox 800 2927 977 2992; x_wconf 84' lang='lat' dir='ltr'><strong>firma,</strong></span> <span class='ocrx_word' id='word_1_215' title='bbox 1018 2936 1178 2996; x_wconf 87' lang='lat' dir='ltr'><strong>atque</strong></span> <span class='ocrx_word' id='word_1_216' title='bbox 1202 2928 1433 2983; x_wconf 88' lang='lat' dir='ltr'><strong>stabilia.</strong></span> <span class='ocrx_word' id='word_1_217' title='bbox 1473 2928 1643 2993; x_wconf 86' lang='lat' dir='ltr'><strong>Quam</strong></span> <span class='ocrx_word' id='word_1_218' title='bbox 1669 2928 1847 2981; x_wconf 89' lang='lat' dir='ltr'><strong>nullus</strong></span> <span class='ocrx_word' id='word_1_219' title='bbox 1893 2928 1973 2980; x_wconf 89' lang='lat' dir='ltr'><strong>in-</strong></span> 
     </span>
    </p>
   </div>
   <div class='ocr_carea' id='block_1_32' title="bbox 398 3016 1972 3088">
    <p class='ocr_par' dir='ltr' id='par_1_32' title="bbox 398 3016 1972 3088">
     <span class='ocr_line' id='line_1_32' title="bbox 398 3016 1972 3088; baseline 0.001 -17"><span class='ocrx_word' id='word_1_220' title='bbox 398 3017 542 3072; x_wconf 82' lang='lat' dir='ltr'><strong>vitus</strong></span> <span class='ocrx_word' id='word_1_221' title='bbox 596 3017 814 3087; x_wconf 88' lang='lat' dir='ltr'><strong>accipit,</strong></span> <span class='ocrx_word' id='word_1_222' title='bbox 878 3016 1055 3071; x_wconf 91' lang='lat' dir='ltr'><strong>nullus</strong></span> <span class='ocrx_word' id='word_1_223' title='bbox 1107 3018 1304 3086; x_wconf 88' lang='lat' dir='ltr'><strong>perdit,</strong></span> <span class='ocrx_word' id='word_1_224' title='bbox 1362 3017 1471 3072; x_wconf 89' lang='lat' dir='ltr'><strong>nisi</strong></span> <span class='ocrx_word' id='word_1_225' title='bbox 1507 3018 1599 3088; x_wconf 88' lang='lat' dir='ltr'><strong>qui</strong></span> <span class='ocrx_word' id='word_1_226' title='bbox 1644 3033 1740 3072; x_wconf 92' lang='lat' dir='ltr'><strong>sua</strong></span> <span class='ocrx_word' id='word_1_227' title='bbox 1781 3025 1972 3086; x_wconf 78' lang='lat' dir='ltr'><strong>sponte</strong></span> 
     </span>
    </p>
   </div>
   <div class='ocr_carea' id='block_1_33' title="bbox 398 3107 1973 3178">
    <p class='ocr_par' dir='ltr' id='par_1_33' title="bbox 398 3107 1973 3178">
     <span class='ocr_line' id='line_1_33' title="bbox 398 3107 1973 3178; baseline 0 -16"><span class='ocrx_word' id='word_1_228' title='bbox 398 3107 632 3175; x_wconf 82' lang='lat' dir='ltr'><strong>perditui</strong></span> <span class='ocrx_word' id='word_1_229' title='bbox 659 3107 1014 3178; x_wconf 78' lang='lat' dir='ltr'><strong>deceptuique</strong></span> <span class='ocrx_word' id='word_1_230' title='bbox 1052 3108 1276 3163; x_wconf 86' lang='lat' dir='ltr'><strong>dederit.</strong></span> <span class='ocrx_word' id='word_1_231' title='bbox 1321 3108 1452 3176; x_wconf 59' lang='lat' dir='ltr'><strong>Quae</strong></span> <span class='ocrx_word' id='word_1_232' title='bbox 1489 3109 1653 3163; x_wconf 88' lang='lat' dir='ltr'><strong>etiam</strong></span> <span class='ocrx_word' id='word_1_233' title='bbox 1683 3108 1757 3162; x_wconf 89' lang='lat' dir='ltr'><strong>ita</strong></span> <span class='ocrx_word' id='word_1_234' title='bbox 1781 3108 1973 3162; x_wconf 85' lang='lat' dir='ltr'><strong>dilllni-</strong></span> 
     </span>
    </p>
   </div>
   <div class='ocr_carea' id='block_1_34' title="bbox 401 3197 1976 3267">
    <p class='ocr_par' dir='ltr' id='par_1_34' title="bbox 401 3197 1976 3267">
     <span class='ocr_line' id='line_1_34' title="bbox 401 3197 1976 3267; baseline 0.002 -15"><span class='ocrx_word' id='word_1_235' title='bbox 401 3206 490 3252; x_wconf 85' lang='lat' dir='ltr'><strong>tur</strong></span> <span class='ocrx_word' id='word_1_236' title='bbox 515 3216 530 3252; x_wconf 90' lang='lat'><strong>:</strong></span> <span class='ocrx_word' id='word_1_237' title='bbox 585 3197 767 3254; x_wconf 84' lang='lat' dir='ltr'><strong>Virtus</strong></span> <span class='ocrx_word' id='word_1_238' title='bbox 795 3207 879 3255; x_wconf 87' lang='lat' dir='ltr'><strong>est</strong></span> <span class='ocrx_word' id='word_1_239' title='bbox 922 3200 1087 3254; x_wconf 90' lang='lat' dir='ltr'><strong>animi</strong></span> <span class='ocrx_word' id='word_1_240' title='bbox 1115 3200 1349 3267; x_wconf 86' lang='lat' dir='ltr'><strong>habitus,</strong></span> <span class='ocrx_word' id='word_1_241' title='bbox 1391 3200 1558 3256; x_wconf 89' lang='lat' dir='ltr'><strong>decus</strong></span> <span class='ocrx_word' id='word_1_242' title='bbox 1587 3202 1709 3256; x_wconf 61' lang='lat' dir='ltr'><strong>vitae</strong></span> <span class='ocrx_word' id='word_1_243' title='bbox 1733 3201 1976 3255; x_wconf 83' lang='lat' dir='ltr'><strong>rationa-</strong></span> 
     </span>
    </p>
   </div>
   <div class='ocr_carea' id='block_1_35' title="bbox 400 3287 1980 3361">
    <p class='ocr_par' dir='ltr' id='par_1_35' title="bbox 400 3287 1980 3361">
     <span class='ocr_line' id='line_1_35' title="bbox 400 3287 1980 3361; baseline 0.001 -19"><span class='ocrx_word' id='word_1_244' title='bbox 400 3287 540 3354; x_wconf 88' lang='lat' dir='ltr'><strong>bilis,</strong></span> <span class='ocrx_word' id='word_1_245' title='bbox 572 3288 850 3359; x_wconf 83' lang='lat' dir='ltr'><strong>dispositio</strong></span> <span class='ocrx_word' id='word_1_246' title='bbox 886 3304 1117 3354; x_wconf 90' lang='lat' dir='ltr'><strong>morum,</strong></span> <span class='ocrx_word' id='word_1_247' title='bbox 1142 3290 1358 3361; x_wconf 87' lang='lat' dir='ltr'><strong>pietatis</strong></span> <span class='ocrx_word' id='word_1_248' title='bbox 1382 3291 1668 3361; x_wconf 85' lang='lat' dir='ltr'><strong>appetitus,</strong></span> <span class='ocrx_word' id='word_1_249' title='bbox 1695 3291 1980 3361; x_wconf 88' lang='lat' dir='ltr'><strong>omnisque</strong></span> 
     </span>
    </p>
   </div>
   <div class='ocr_carea' id='block_1_36' title="bbox 401 3383 1978 3455">
    <p class='ocr_par' dir='ltr' id='par_1_36' title="bbox 401 3383 1978 3455">
     <span class='ocr_line' id='line_1_36' title="bbox 401 3383 1978 3455; baseline 0.001 -17"><span class='ocrx_word' id='word_1_250' title='bbox 401 3383 592 3449; x_wconf 90' lang='lat' dir='ltr'><strong>honor,</strong></span> <span class='ocrx_word' id='word_1_251' title='bbox 633 3386 915 3455; x_wconf 85' lang='lat' dir='ltr'><strong>cultusque</strong></span> <span class='ocrx_word' id='word_1_252' title='bbox 943 3386 1179 3440; x_wconf 88' lang='lat' dir='ltr'><strong>deitatis.</strong></span> <span class='ocrx_word' id='word_1_253' title='bbox 1206 3386 1334 3453; x_wconf 74' lang='lat' dir='ltr'><strong>Qum</strong></span> <span class='ocrx_word' id='word_1_254' title='bbox 1351 3426 1366 3452; x_wconf 93' lang='lat'><strong>,</strong></span> <span class='ocrx_word' id='word_1_255' title='bbox 1392 3387 1534 3441; x_wconf 84' lang='lat' dir='ltr'><strong>sicut</strong></span> <span class='ocrx_word' id='word_1_256' title='bbox 1558 3386 1759 3441; x_wconf 89' lang='lat' dir='ltr'><strong>dictum</strong></span> <span class='ocrx_word' id='word_1_257' title='bbox 1779 3393 1883 3451; x_wconf 90' lang='lat' dir='ltr'><strong>est,</strong></span> <span class='ocrx_word' id='word_1_258' title='bbox 1925 3386 1978 3439; x_wconf 93' lang='lat' dir='ltr'><strong>in</strong></span> 
     </span>
    </p>
   </div>
   <div class='ocr_carea' id='block_1_37' title="bbox 402 3476 1976 3544">
    <p class='ocr_par' dir='ltr' id='par_1_37' title="bbox 402 3476 1976 3544">
     <span class='ocr_line' id='line_1_37' title="bbox 402 3476 1976 3544; baseline 0.001 -16"><span class='ocrx_word' id='word_1_259' title='bbox 402 3483 634 3543; x_wconf 87' lang='lat' dir='ltr'><strong>quatuor</strong></span> <span class='ocrx_word' id='word_1_260' title='bbox 661 3476 915 3530; x_wconf 84' lang='lat' dir='ltr'><strong>dividitur</strong></span> <span class='ocrx_word' id='word_1_261' title='bbox 944 3476 1177 3531; x_wconf 87' lang='lat' dir='ltr'><strong>morales</strong></span> <span class='ocrx_word' id='word_1_262' title='bbox 1201 3477 1443 3531; x_wconf 64' lang='lat' dir='ltr'><strong>Virtutes.</strong></span> <span class='ocrx_word' id='word_1_263' title='bbox 1495 3476 1623 3544; x_wconf 68' lang='lat' dir='ltr'><strong>Quae</strong></span> <span class='ocrx_word' id='word_1_264' title='bbox 1651 3477 1770 3531; x_wconf 88' lang='lat' dir='ltr'><strong>ideo</strong></span> <span class='ocrx_word' id='word_1_265' title='bbox 1796 3492 1976 3530; x_wconf 86' lang='lat' dir='ltr'><strong>mora-</strong></span> 
     </span>
    </p>
   </div>
   <div class='ocr_carea' id='block_1_38' title="bbox 310 3562 1979 3639">
    <p class='ocr_par' dir='ltr' id='par_1_38' title="bbox 310 3562 1979 3639">
     <span class='ocr_line' id='line_1_38' title="bbox 310 3562 1979 3639; baseline 0.003 -22"><span class='ocrx_word' id='word_1_266' title='bbox 310 3626 321 3639; x_wconf 38' lang='lat'><strong><em>.</em></strong></span> <span class='ocrx_word' id='word_1_267' title='bbox 404 3562 481 3618; x_wconf 87' lang='lat' dir='ltr'><strong>les</strong></span> <span class='ocrx_word' id='word_1_268' title='bbox 521 3566 793 3630; x_wconf 91' lang='lat' dir='ltr'><strong>dicuntur,</strong></span> <span class='ocrx_word' id='word_1_269' title='bbox 818 3566 943 3635; x_wconf 84' lang='lat' dir='ltr'><strong>quia</strong></span> <span class='ocrx_word' id='word_1_270' title='bbox 967 3582 1061 3636; x_wconf 88' lang='lat' dir='ltr'><strong>per</strong></span> <span class='ocrx_word' id='word_1_271' title='bbox 1088 3582 1182 3621; x_wconf 89' lang='lat' dir='ltr'><strong>eas</strong></span> <span class='ocrx_word' id='word_1_272' title='bbox 1205 3583 1384 3622; x_wconf 89' lang='lat' dir='ltr'><strong>mores</strong></span> <span class='ocrx_word' id='word_1_273' title='bbox 1408 3569 1682 3622; x_wconf 86' lang='lat' dir='ltr'><strong>hominum</strong></span> <span class='ocrx_word' id='word_1_274' title='bbox 1707 3583 1979 3623; x_wconf 85' lang='lat' dir='ltr'><strong>exornan-</strong></span> 
     </span>
    </p>
   </div>
   <div class='ocr_carea' id='block_1_39' title="bbox 407 3656 1974 3728">
    <p class='ocr_par' dir='ltr' id='par_1_39' title="bbox 407 3656 1974 3728">
     <span class='ocr_line' id='line_1_39' title="bbox 407 3656 1974 3728; baseline 0.003 -20"><span class='ocrx_word' id='word_1_275' title='bbox 407 3663 491 3709; x_wconf 90' lang='lat' dir='ltr'><strong>tur</strong></span> <span class='ocrx_word' id='word_1_276' title='bbox 534 3664 693 3725; x_wconf 90' lang='lat' dir='ltr'><strong>atque</strong></span> <span class='ocrx_word' id='word_1_277' title='bbox 722 3657 1066 3711; x_wconf 81' lang='lat' dir='ltr'><strong>decorantur.</strong></span> <span class='ocrx_word' id='word_1_278' title='bbox 1122 3656 1257 3711; x_wconf 85' lang='lat' dir='ltr'><strong>Nam</strong></span> <span class='ocrx_word' id='word_1_279' title='bbox 1285 3658 1330 3712; x_wconf 91' lang='lat' dir='ltr'><strong>si</strong></span> <span class='ocrx_word' id='word_1_280' title='bbox 1366 3658 1650 3728; x_wconf 86' lang='lat' dir='ltr'><strong>prudentia</strong></span> <span class='ocrx_word' id='word_1_281' title='bbox 1698 3658 1974 3713; x_wconf 86' lang='lat' dir='ltr'><strong>hominum</strong></span> 
     </span>
    </p>
   </div>
   <div class='ocr_carea' id='block_1_40' title="bbox 403 3745 1976 3818">
    <p class='ocr_par' dir='ltr' id='par_1_40' title="bbox 403 3745 1976 3818">
     <span class='ocr_line' id='line_1_40' title="bbox 403 3745 1976 3818; baseline 0.002 -19"><span class='ocrx_word' id='word_1_282' title='bbox 403 3745 559 3809; x_wconf 88' lang='lat' dir='ltr'><strong>desit,</strong></span> <span class='ocrx_word' id='word_1_283' title='bbox 616 3745 938 3801; x_wconf 88' lang='lat' dir='ltr'><strong>hebetudine</strong></span> <span class='ocrx_word' id='word_1_284' title='bbox 996 3746 1161 3801; x_wconf 89' lang='lat' dir='ltr'><strong>animi</strong></span> <span class='ocrx_word' id='word_1_285' title='bbox 1208 3748 1464 3802; x_wconf 86' lang='lat' dir='ltr'><strong>continuo</strong></span> <span class='ocrx_word' id='word_1_286' title='bbox 1506 3748 1843 3818; x_wconf 88' lang='lat' dir='ltr'><strong>deturpatur.</strong></span> <span class='ocrx_word' id='word_1_287' title='bbox 1919 3748 1976 3802; x_wconf 89' lang='lat' dir='ltr'><strong>Si</strong></span> 
     </span>
    </p>
   </div>
   <div class='ocr_carea' id='block_1_41' title="bbox 405 3835 1978 3898">
    <p class='ocr_par' dir='ltr' id='par_1_41' title="bbox 405 3835 1978 3898">
     <span class='ocr_line' id='line_1_41' title="bbox 405 3835 1978 3898; baseline -0.001 -7"><span class='ocrx_word' id='word_1_288' title='bbox 405 3836 661 3891; x_wconf 81' lang='lat' dir='ltr'><strong>fortitudo</strong></span> <span class='ocrx_word' id='word_1_289' title='bbox 683 3837 844 3898; x_wconf 86' lang='lat' dir='ltr'><strong>absit,</strong></span> <span class='ocrx_word' id='word_1_290' title='bbox 874 3835 1154 3892; x_wconf 82' lang='lat' dir='ltr'><strong>confestim</strong></span> <span class='ocrx_word' id='word_1_291' title='bbox 1182 3836 1533 3892; x_wconf 89' lang='lat' dir='ltr'><strong>imbecillitati</strong></span> <span class='ocrx_word' id='word_1_292' title='bbox 1559 3837 1844 3892; x_wconf 89' lang='lat' dir='ltr'><strong>addicitur.</strong></span> <span class='ocrx_word' id='word_1_293' title='bbox 1878 3837 1978 3892; x_wconf 88' lang='lat' dir='ltr'><strong>ULi</strong></span> 
     </span>
    </p>
   </div>
   <div class='ocr_carea' id='block_1_42' title="bbox 404 3926 1980 3997">
    <p class='ocr_par' dir='ltr' id='par_1_42' title="bbox 404 3926 1980 3997">
     <span class='ocr_line' id='line_1_42' title="bbox 404 3926 1980 3997; baseline 0.001 -19"><span class='ocrx_word' id='word_1_294' title='bbox 404 3927 754 3997; x_wconf 85' lang='lat' dir='ltr'><strong>verujustitia</strong></span> <span class='ocrx_word' id='word_1_295' title='bbox 785 3927 955 3991; x_wconf 89' lang='lat' dir='ltr'><strong>abest,</strong></span> <span class='ocrx_word' id='word_1_296' title='bbox 988 3926 1110 3995; x_wconf 87' lang='lat' dir='ltr'><strong>quis</strong></span> <span class='ocrx_word' id='word_1_297' title='bbox 1152 3928 1359 3982; x_wconf 87' lang='lat' dir='ltr'><strong>nesciat</strong></span> <span class='ocrx_word' id='word_1_298' title='bbox 1394 3936 1587 3982; x_wconf 90' lang='lat' dir='ltr'><strong>cuncta</strong></span> <span class='ocrx_word' id='word_1_299' title='bbox 1615 3942 1800 3997; x_wconf 88' lang='lat' dir='ltr'><strong>prava,</strong></span> <span class='ocrx_word' id='word_1_300' title='bbox 1846 3943 1980 3981; x_wconf 65' lang='lat' dir='ltr'><strong>cun—</strong></span> 
     </span>
    </p>
   </div>
   <div class='ocr_carea' id='block_1_43' title="bbox 400 4015 1981 4085">
    <p class='ocr_par' dir='ltr' id='par_1_43' title="bbox 400 4015 1981 4085">
     <span class='ocr_line' id='line_1_43' title="bbox 400 4015 1981 4085; baseline 0 -14"><span class='ocrx_word' id='word_1_301' title='bbox 400 4026 489 4071; x_wconf 90' lang='lat' dir='ltr'><strong>cta</strong></span> <span class='ocrx_word' id='word_1_302' title='bbox 522 4024 674 4079; x_wconf 89' lang='lat' dir='ltr'><strong>torta,</strong></span> <span class='ocrx_word' id='word_1_303' title='bbox 718 4015 1085 4085; x_wconf 86' lang='lat' dir='ltr'><strong>deformiaque</strong></span> <span class='ocrx_word' id='word_1_304' title='bbox 1109 4017 1344 4073; x_wconf 85' lang='lat' dir='ltr'><strong>adesse?</strong></span> <span class='ocrx_word' id='word_1_305' title='bbox 1385 4017 1479 4072; x_wconf 89' lang='lat' dir='ltr'><strong>Sin</strong></span> <span class='ocrx_word' id='word_1_306' title='bbox 1516 4028 1695 4073; x_wconf 86' lang='lat' dir='ltr'><strong>autem</strong></span> <span class='ocrx_word' id='word_1_307' title='bbox 1744 4027 1798 4073; x_wconf 89' lang='lat' dir='ltr'><strong>et</strong></span> <span class='ocrx_word' id='word_1_308' title='bbox 1844 4026 1981 4072; x_wconf 89' lang='lat' dir='ltr'><strong>tem-</strong></span> 
     </span>
    </p>
   </div>
   <div class='ocr_carea' id='block_1_44' title="bbox 404 4105 2074 4188">
    <p class='ocr_par' dir='ltr' id='par_1_44' title="bbox 404 4105 2074 4188">
     <span class='ocr_line' id='line_1_44' title="bbox 404 4105 2074 4188; baseline 0.003 -29"><span class='ocrx_word' id='word_1_309' title='bbox 404 4106 651 4177; x_wconf 75' lang='lat' dir='ltr'><strong>perantia</strong></span> <span class='ocrx_word' id='word_1_310' title='bbox 693 4105 944 4170; x_wconf 85' lang='lat' dir='ltr'><strong>defuerit,</strong></span> <span class='ocrx_word' id='word_1_311' title='bbox 999 4107 1179 4160; x_wconf 89' lang='lat' dir='ltr'><strong>omnia</strong></span> <span class='ocrx_word' id='word_1_312' title='bbox 1214 4107 1482 4177; x_wconf 87' lang='lat' dir='ltr'><strong>superllua</strong></span> <span class='ocrx_word' id='word_1_313' title='bbox 1537 4110 1860 4178; x_wconf 85' lang='lat' dir='ltr'><strong>modumque</strong></span> <span class='ocrx_word' id='word_1_314' title='bbox 1883 4124 1980 4164; x_wconf 82' lang='lat' dir='ltr'><strong>ex-</strong></span> <span class='ocrx_word' id='word_1_315' title='bbox 2064 4177 2074 4188; x_wconf 41' lang='lat'><em>.</em></span> 
     </span>
    </p>
   </div>
   <div class='ocr_carea' id='block_1_45' title="bbox 404 4197 1973 4267">
    <p class='ocr_par' dir='ltr' id='par_1_45' title="bbox 404 4197 1973 4267">
     <span class='ocr_line' id='line_1_45' title="bbox 404 4197 1973 4267; baseline 0.001 -16"><span class='ocrx_word' id='word_1_316' title='bbox 404 4197 669 4262; x_wconf 82' lang='lat' dir='ltr'><strong>cedentia,</strong></span> <span class='ocrx_word' id='word_1_317' title='bbox 696 4198 808 4267; x_wconf 88' lang='lat' dir='ltr'><strong>ipsa</strong></span> <span class='ocrx_word' id='word_1_318' title='bbox 836 4212 933 4252; x_wconf 90' lang='lat' dir='ltr'><strong>sua</strong></span> <span class='ocrx_word' id='word_1_319' title='bbox 963 4197 1238 4253; x_wconf 86' lang='lat' dir='ltr'><strong>nimietate</strong></span> <span class='ocrx_word' id='word_1_320' title='bbox 1258 4199 1496 4252; x_wconf 87' lang='lat' dir='ltr'><strong>animum</strong></span> <span class='ocrx_word' id='word_1_321' title='bbox 1525 4201 1973 4256; x_wconf 88' lang='lat' dir='ltr'><strong>dehonestabunt.</strong></span> 
     </span>
    </p>
   </div>
   <div class='ocr_carea' id='block_1_46' title="bbox 405 4288 1978 4361">
    <p class='ocr_par' dir='ltr' id='par_1_46' title="bbox 405 4288 1978 4361">
     <span class='ocr_line' id='line_1_46' title="bbox 405 4288 1978 4361; baseline -0.001 -16"><span class='ocrx_word' id='word_1_322' title='bbox 405 4288 461 4345; x_wconf 92' lang='lat' dir='ltr'><strong>Si</strong></span> <span class='ocrx_word' id='word_1_323' title='bbox 484 4305 612 4361; x_wconf 89' lang='lat' dir='ltr'><strong>ergo</strong></span> <span class='ocrx_word' id='word_1_324' title='bbox 641 4290 724 4346; x_wconf 66' lang='lat' dir='ltr'><strong>hic</strong></span> <span class='ocrx_word' id='word_1_325' title='bbox 753 4297 987 4360; x_wconf 88' lang='lat' dir='ltr'><strong>quatuor</strong></span> <span class='ocrx_word' id='word_1_326' title='bbox 1029 4289 1252 4344; x_wconf 83' lang='lat' dir='ltr'><strong>virtutes</strong></span> <span class='ocrx_word' id='word_1_327' title='bbox 1297 4290 1536 4343; x_wconf 90' lang='lat' dir='ltr'><strong>animum</strong></span> <span class='ocrx_word' id='word_1_328' title='bbox 1569 4290 1800 4345; x_wconf 87' lang='lat' dir='ltr'><strong>hominis</strong></span> <span class='ocrx_word' id='word_1_329' title='bbox 1835 4291 1978 4344; x_wconf 86' lang='lat' dir='ltr'><strong>obti-</strong></span> 
     </span>
    </p>
   </div>
   <div class='ocr_carea' id='block_1_47' title="bbox 403 4380 1975 4451">
    <p class='ocr_par' dir='ltr' id='par_1_47' title="bbox 403 4380 1975 4451">
     <span class='ocr_line' id='line_1_47' title="bbox 403 4380 1975 4451; baseline 0 -17"><span class='ocrx_word' id='word_1_330' title='bbox 403 4382 637 4441; x_wconf 87' lang='lat' dir='ltr'><strong>nuerint,</strong></span> <span class='ocrx_word' id='word_1_331' title='bbox 685 4381 839 4451; x_wconf 89' lang='lat' dir='ltr'><strong>quasi</strong></span> <span class='ocrx_word' id='word_1_332' title='bbox 868 4390 1101 4450; x_wconf 91' lang='lat' dir='ltr'><strong>quatuor</strong></span> <span class='ocrx_word' id='word_1_333' title='bbox 1128 4380 1337 4450; x_wconf 79' lang='lat' dir='ltr'><strong>angulis</strong></span> <span class='ocrx_word' id='word_1_334' title='bbox 1367 4381 1558 4436; x_wconf 90' lang='lat' dir='ltr'><strong>domus</strong></span> <span class='ocrx_word' id='word_1_335' title='bbox 1606 4382 1975 4445; x_wconf 88' lang='lat' dir='ltr'><strong>sustinebitur,</strong></span> 
     </span>
    </p>
   </div>
   <div class='ocr_carea' id='block_1_48' title="bbox 2067 534 3652 607">
    <p class='ocr_par' dir='ltr' id='par_1_48' title="bbox 2067 534 3652 607">
     <span class='ocr_line' id='line_1_48' title="bbox 2067 534 3652 607; baseline -0.003 -15"><span class='ocrx_word' id='word_1_336' title='bbox 2067 538 2180 593; x_wconf 90' lang='lat' dir='ltr'><strong>sive</strong></span> <span class='ocrx_word' id='word_1_337' title='bbox 2205 552 2488 607; x_wconf 90' lang='lat' dir='ltr'><strong>prospera,</strong></span> <span class='ocrx_word' id='word_1_338' title='bbox 2520 536 2635 591; x_wconf 87' lang='lat' dir='ltr'><strong>sive</strong></span> <span class='ocrx_word' id='word_1_339' title='bbox 2663 536 2889 591; x_wconf 88' lang='lat' dir='ltr'><strong>adversa</strong></span> <span class='ocrx_word' id='word_1_340' title='bbox 2922 554 2936 589; x_wconf 87' lang='lat'><strong>:</strong></span> <span class='ocrx_word' id='word_1_341' title='bbox 2966 543 3028 589; x_wconf 88' lang='lat' dir='ltr'><strong>ut</strong></span> <span class='ocrx_word' id='word_1_342' title='bbox 3053 534 3310 590; x_wconf 83' lang='lat' dir='ltr'><strong>videlicet</strong></span> <span class='ocrx_word' id='word_1_343' title='bbox 3327 545 3486 590; x_wconf 86' lang='lat' dir='ltr'><strong>caute</strong></span> <span class='ocrx_word' id='word_1_344' title='bbox 3509 546 3652 607; x_wconf 81' lang='lat' dir='ltr'><strong>agat,</strong></span> 
     </span>
    </p>
   </div>
   <div class='ocr_carea' id='block_1_49' title="bbox 2065 624 3655 697">
    <p class='ocr_par' dir='ltr' id='par_1_49' title="bbox 2065 624 3655 697">
     <span class='ocr_line' id='line_1_49' title="bbox 2065 624 3655 697; baseline 0 -16"><span class='ocrx_word' id='word_1_345' title='bbox 2065 641 2133 681; x_wconf 88' lang='lat' dir='ltr'><strong>ne</strong></span> <span class='ocrx_word' id='word_1_346' title='bbox 2161 626 2448 697; x_wconf 88' lang='lat' dir='ltr'><strong>aliquando</strong></span> <span class='ocrx_word' id='word_1_347' title='bbox 2483 633 2574 679; x_wconf 88' lang='lat' dir='ltr'><strong>aut</strong></span> <span class='ocrx_word' id='word_1_348' title='bbox 2610 625 2881 695; x_wconf 87' lang='lat' dir='ltr'><strong>prosperis</strong></span> <span class='ocrx_word' id='word_1_349' title='bbox 2921 624 3180 687; x_wconf 88' lang='lat' dir='ltr'><strong>elevctur,</strong></span> <span class='ocrx_word' id='word_1_350' title='bbox 3236 632 3328 678; x_wconf 90' lang='lat' dir='ltr'><strong>aut</strong></span> <span class='ocrx_word' id='word_1_351' title='bbox 3373 624 3655 693; x_wconf 85' lang='lat' dir='ltr'><strong>dejiciatur</strong></span> 
     </span>
    </p>
   </div>
   <div class='ocr_carea' id='block_1_50' title="bbox 2066 716 3653 785">
    <p class='ocr_par' dir='ltr' id='par_1_50' title="bbox 2066 716 3653 785">
     <span class='ocr_line' id='line_1_50' title="bbox 2066 716 3653 785; baseline 0 -13"><span class='ocrx_word' id='word_1_352' title='bbox 2066 719 2329 773; x_wconf 89' lang='lat' dir='ltr'><strong>adversis.</strong></span> <span class='ocrx_word' id='word_1_353' title='bbox 2366 718 2497 785; x_wconf 57' lang='lat' dir='ltr'><strong>Quae</strong></span> <span class='ocrx_word' id='word_1_354' title='bbox 2525 717 2689 771; x_wconf 88' lang='lat' dir='ltr'><strong>etiam</strong></span> <span class='ocrx_word' id='word_1_355' title='bbox 2733 716 2840 771; x_wconf 81' lang='lat' dir='ltr'><strong>alio</strong></span> <span class='ocrx_word' id='word_1_356' title='bbox 2879 717 3096 772; x_wconf 85' lang='lat' dir='ltr'><strong>nomine</strong></span> <span class='ocrx_word' id='word_1_357' title='bbox 3125 716 3391 785; x_wconf 79' lang='lat' dir='ltr'><strong>sapientia</strong></span> <span class='ocrx_word' id='word_1_358' title='bbox 3432 717 3653 782; x_wconf 90' lang='lat' dir='ltr'><strong>dicitur,</strong></span> 
     </span>
    </p>
   </div>
   <div class='ocr_carea' id='block_1_51' title="bbox 2067 806 3655 879">
    <p class='ocr_par' dir='ltr' id='par_1_51' title="bbox 2067 806 3655 879">
     <span class='ocr_line' id='line_1_51' title="bbox 2067 806 3655 879; baseline -0.001 -15"><span class='ocrx_word' id='word_1_359' title='bbox 2067 824 2132 864; x_wconf 92' lang='lat' dir='ltr'><strong>eo</strong></span> <span class='ocrx_word' id='word_1_360' title='bbox 2154 809 2296 879; x_wconf 91' lang='lat' dir='ltr'><strong>quod</strong></span> <span class='ocrx_word' id='word_1_361' title='bbox 2324 808 2377 861; x_wconf 93' lang='lat' dir='ltr'><strong>in</strong></span> <span class='ocrx_word' id='word_1_362' title='bbox 2400 808 2576 878; x_wconf 85' lang='lat' dir='ltr'><strong>palato</strong></span> <span class='ocrx_word' id='word_1_363' title='bbox 2612 807 2790 862; x_wconf 87' lang='lat' dir='ltr'><strong>cordis</strong></span> <span class='ocrx_word' id='word_1_364' title='bbox 2807 807 3005 877; x_wconf 86' lang='lat' dir='ltr'><strong>sapiat,</strong></span> <span class='ocrx_word' id='word_1_365' title='bbox 3032 807 3161 876; x_wconf 88' lang='lat' dir='ltr'><strong>quid</strong></span> <span class='ocrx_word' id='word_1_366' title='bbox 3184 806 3431 875; x_wconf 89' lang='lat' dir='ltr'><strong>rejicere,</strong></span> <span class='ocrx_word' id='word_1_367' title='bbox 3459 808 3655 877; x_wconf 82' lang='lat' dir='ltr'><strong>quidve</strong></span> 
     </span>
    </p>
   </div>
   <div class='ocr_carea' id='block_1_52' title="bbox 2069 896 3655 969">
    <p class='ocr_par' dir='ltr' id='par_1_52' title="bbox 2069 896 3655 969">
     <span class='ocr_line' id='line_1_52' title="bbox 2069 896 3655 969; baseline 0.001 -15"><span class='ocrx_word' id='word_1_368' title='bbox 2069 900 2123 963; x_wconf 86' lang='lat' dir='ltr'><strong>in</strong></span> <span class='ocrx_word' id='word_1_369' title='bbox 2162 899 2365 954; x_wconf 90' lang='lat' dir='ltr'><strong>intimis</strong></span> <span class='ocrx_word' id='word_1_370' title='bbox 2401 896 2648 967; x_wconf 77' lang='lat' dir='ltr'><strong>trajicere</strong></span> <span class='ocrx_word' id='word_1_371' title='bbox 2692 899 2900 953; x_wconf 88' lang='lat' dir='ltr'><strong>debeat.</strong></span> <span class='ocrx_word' id='word_1_372' title='bbox 2952 898 3046 952; x_wconf 86' lang='lat' dir='ltr'><strong>Est</strong></span> <span class='ocrx_word' id='word_1_373' title='bbox 3072 914 3202 968; x_wconf 90' lang='lat' dir='ltr'><strong>ergo</strong></span> <span class='ocrx_word' id='word_1_374' title='bbox 3226 900 3511 969; x_wconf 82' lang='lat' dir='ltr'><strong>prudentia</strong></span> <span class='ocrx_word' id='word_1_375' title='bbox 3540 901 3655 955; x_wconf 82' lang='lat' dir='ltr'><strong>sive</strong></span> 
     </span>
    </p>
   </div>
   <div class='ocr_carea' id='block_1_53' title="bbox 2069 989 3650 1061">
    <p class='ocr_par' dir='ltr' id='par_1_53' title="bbox 2069 989 3650 1061">
     <span class='ocr_line' id='line_1_53' title="bbox 2069 989 3650 1061; baseline -0.001 -16"><span class='ocrx_word' id='word_1_376' title='bbox 2069 990 2329 1061; x_wconf 88' lang='lat' dir='ltr'><strong>sapientia</strong></span> <span class='ocrx_word' id='word_1_377' title='bbox 2379 1004 2562 1044; x_wconf 89' lang='lat' dir='ltr'><strong>rerum</strong></span> <span class='ocrx_word' id='word_1_378' title='bbox 2624 989 2929 1043; x_wconf 89' lang='lat' dir='ltr'><strong>divinarum</strong></span> <span class='ocrx_word' id='word_1_379' title='bbox 2990 990 3103 1043; x_wconf 87' lang='lat' dir='ltr'><strong>sive</strong></span> <span class='ocrx_word' id='word_1_380' title='bbox 3155 990 3541 1053; x_wconf 87' lang='lat' dir='ltr'><strong>humanarum,</strong></span> <span class='ocrx_word' id='word_1_381' title='bbox 3596 991 3650 1045; x_wconf 90' lang='lat' dir='ltr'><strong>in</strong></span> 
     </span>
    </p>
   </div>
   <div class='ocr_carea' id='block_1_54' title="bbox 2076 1078 3652 1152">
    <p class='ocr_par' dir='ltr' id='par_1_54' title="bbox 2076 1078 3652 1152">
     <span class='ocr_line' id='line_1_54' title="bbox 2076 1078 3652 1152; baseline -0.001 -18"><span class='ocrx_word' id='word_1_382' title='bbox 2076 1090 2337 1152; x_wconf 89' lang='lat' dir='ltr'><strong>quantum</strong></span> <span class='ocrx_word' id='word_1_383' title='bbox 2362 1080 2565 1135; x_wconf 88' lang='lat' dir='ltr'><strong>homini</strong></span> <span class='ocrx_word' id='word_1_384' title='bbox 2588 1080 2921 1144; x_wconf 89' lang='lat' dir='ltr'><strong>conceditur,</strong></span> <span class='ocrx_word' id='word_1_385' title='bbox 2948 1079 3194 1135; x_wconf 90' lang='lat' dir='ltr'><strong>scientia.</strong></span> <span class='ocrx_word' id='word_1_386' title='bbox 3253 1078 3357 1133; x_wconf 87' lang='lat' dir='ltr'><strong>Per</strong></span> <span class='ocrx_word' id='word_1_387' title='bbox 3395 1080 3537 1134; x_wconf 86' lang='lat' dir='ltr'><strong>hanc</strong></span> <span class='ocrx_word' id='word_1_388' title='bbox 3568 1080 3652 1133; x_wconf 84' lang='lat' dir='ltr'><strong>in-</strong></span> 
     </span>
    </p>
   </div>
   <div class='ocr_carea' id='block_1_55' title="bbox 2074 1168 3652 1241">
    <p class='ocr_par' dir='ltr' id='par_1_55' title="bbox 2074 1168 3652 1241">
     <span class='ocr_line' id='line_1_55' title="bbox 2074 1168 3652 1241; baseline -0.001 -17"><span class='ocrx_word' id='word_1_389' title='bbox 2074 1170 2362 1241; x_wconf 84' lang='lat' dir='ltr'><strong>telligimus</strong></span> <span class='ocrx_word' id='word_1_390' title='bbox 2398 1170 2527 1240; x_wconf 91' lang='lat' dir='ltr'><strong>quid</strong></span> <span class='ocrx_word' id='word_1_391' title='bbox 2555 1170 2877 1233; x_wconf 90' lang='lat' dir='ltr'><strong>cavendum,</strong></span> <span class='ocrx_word' id='word_1_392' title='bbox 2936 1168 3134 1238; x_wconf 89' lang='lat' dir='ltr'><strong>quidve</strong></span> <span class='ocrx_word' id='word_1_393' title='bbox 3161 1168 3466 1239; x_wconf 81' lang='lat' dir='ltr'><strong>faciendum</strong></span> <span class='ocrx_word' id='word_1_394' title='bbox 3494 1168 3652 1223; x_wconf 88' lang='lat' dir='ltr'><strong>nobis</strong></span> 
     </span>
    </p>
   </div>
   <div class='ocr_carea' id='block_1_56' title="bbox 2070 1260 3655 1332">
    <p class='ocr_par' dir='ltr' id='par_1_56' title="bbox 2070 1260 3655 1332">
     <span class='ocr_line' id='line_1_56' title="bbox 2070 1260 3655 1332; baseline 0.001 -17"><span class='ocrx_word' id='word_1_395' title='bbox 2070 1261 2159 1315; x_wconf 90' lang='lat' dir='ltr'><strong>sit.</strong></span> <span class='ocrx_word' id='word_1_396' title='bbox 2188 1260 2292 1316; x_wconf 87' lang='lat' dir='ltr'><strong>Per</strong></span> <span class='ocrx_word' id='word_1_397' title='bbox 2324 1261 2463 1317; x_wconf 91' lang='lat' dir='ltr'><strong>hanc</strong></span> <span class='ocrx_word' id='word_1_398' title='bbox 2513 1260 2909 1332; x_wconf 85' lang='lat' dir='ltr'><strong>indagationem</strong></span> <span class='ocrx_word' id='word_1_399' title='bbox 2947 1260 3215 1325; x_wconf 85' lang='lat' dir='ltr'><strong>veritatis,</strong></span> <span class='ocrx_word' id='word_1_400' title='bbox 3259 1261 3655 1317; x_wconf 84' lang='lat' dir='ltr'><strong>inventionem-</strong></span> 
     </span>
    </p>
   </div>
   <div class='ocr_carea' id='block_1_57' title="bbox 2072 1348 3649 1422">
    <p class='ocr_par' dir='ltr' id='par_1_57' title="bbox 2072 1348 3649 1422">
     <span class='ocr_line' id='line_1_57' title="bbox 2072 1348 3649 1422; baseline 0.001 -16"><span class='ocrx_word' id='word_1_401' title='bbox 2072 1367 2175 1421; x_wconf 91' lang='lat' dir='ltr'><strong>que</strong></span> <span class='ocrx_word' id='word_1_402' title='bbox 2202 1352 2674 1422; x_wconf 87' lang='lat' dir='ltr'><strong>apprehendimus.</strong></span> <span class='ocrx_word' id='word_1_403' title='bbox 2727 1348 2835 1405; x_wconf 89' lang='lat' dir='ltr'><strong>Sed</strong></span> <span class='ocrx_word' id='word_1_404' title='bbox 2860 1350 2987 1421; x_wconf 88' lang='lat' dir='ltr'><strong>quia</strong></span> <span class='ocrx_word' id='word_1_405' title='bbox 3018 1360 3073 1404; x_wconf 87' lang='lat' dir='ltr'><strong>et</strong></span> <span class='ocrx_word' id='word_1_406' title='bbox 3099 1351 3426 1421; x_wconf 85' lang='lat' dir='ltr'><strong>appetitores</strong></span> <span class='ocrx_word' id='word_1_407' title='bbox 3466 1352 3649 1407; x_wconf 67' lang='lat' dir='ltr'><strong>saeculi</strong></span> 
     </span>
    </p>
   </div>
   <div class='ocr_carea' id='block_1_58' title="bbox 2070 1439 3655 1512">
    <p class='ocr_par' dir='ltr' id='par_1_58' title="bbox 2070 1439 3655 1512">
     <span class='ocr_line' id='line_1_58' title="bbox 2070 1439 3655 1512; baseline -0.001 -16"><span class='ocrx_word' id='word_1_408' title='bbox 2070 1444 2360 1512; x_wconf 81' lang='lat' dir='ltr'><strong>prudentes</strong></span> <span class='ocrx_word' id='word_1_409' title='bbox 2386 1441 2658 1506; x_wconf 91' lang='lat' dir='ltr'><strong>dicuntur,</strong></span> <span class='ocrx_word' id='word_1_410' title='bbox 2708 1448 2971 1510; x_wconf 90' lang='lat' dir='ltr'><strong>quantum</strong></span> <span class='ocrx_word' id='word_1_411' title='bbox 3001 1440 3141 1495; x_wconf 88' lang='lat' dir='ltr'><strong>inter</strong></span> <span class='ocrx_word' id='word_1_412' title='bbox 3167 1456 3228 1495; x_wconf 91' lang='lat' dir='ltr'><strong>se</strong></span> <span class='ocrx_word' id='word_1_413' title='bbox 3253 1439 3527 1505; x_wconf 74' lang='lat' dir='ltr'><strong>differant,</strong></span> <span class='ocrx_word' id='word_1_414' title='bbox 3574 1441 3655 1495; x_wconf 83' lang='lat' dir='ltr'><strong>in-</strong></span> 
     </span>
    </p>
   </div>
   <div class='ocr_carea' id='block_1_59' title="bbox 2072 1531 3652 1607">
    <p class='ocr_par' dir='ltr' id='par_1_59' title="bbox 2072 1531 3652 1607">
     <span class='ocr_line' id='line_1_59' title="bbox 2072 1531 3652 1607; baseline -0.003 -16"><span class='ocrx_word' id='word_1_415' title='bbox 2072 1534 2373 1607; x_wconf 85' lang='lat' dir='ltr'><strong>dagandum</strong></span> <span class='ocrx_word' id='word_1_416' title='bbox 2403 1542 2504 1588; x_wconf 90' lang='lat' dir='ltr'><strong>est.</strong></span> <span class='ocrx_word' id='word_1_417' title='bbox 2534 1533 2826 1588; x_wconf 87' lang='lat' dir='ltr'><strong>Prudentia</strong></span> <span class='ocrx_word' id='word_1_418' title='bbox 2853 1533 3036 1602; x_wconf 84' lang='lat' dir='ltr'><strong>itaque</strong></span> <span class='ocrx_word' id='word_1_419' title='bbox 3076 1531 3277 1596; x_wconf 65' lang='lat' dir='ltr'><strong>saeculi,</strong></span> <span class='ocrx_word' id='word_1_420' title='bbox 3305 1542 3567 1601; x_wconf 87' lang='lat' dir='ltr'><strong>quantum</strong></span> <span class='ocrx_word' id='word_1_421' title='bbox 3594 1533 3652 1587; x_wconf 79' lang='lat' dir='ltr'><strong>ia</strong></span> 
     </span>
    </p>
   </div>
   <div class='ocr_carea' id='block_1_60' title="bbox 2072 1621 3654 1693">
    <p class='ocr_par' dir='ltr' id='par_1_60' title="bbox 2072 1621 3654 1693">
     <span class='ocr_line' id='line_1_60' title="bbox 2072 1621 3654 1693; baseline -0.003 -13"><span class='ocrx_word' id='word_1_422' title='bbox 2072 1640 2130 1680; x_wconf 91' lang='lat' dir='ltr'><strong>se</strong></span> <span class='ocrx_word' id='word_1_423' title='bbox 2154 1630 2258 1688; x_wconf 87' lang='lat' dir='ltr'><strong>est,</strong></span> <span class='ocrx_word' id='word_1_424' title='bbox 2283 1636 2629 1693; x_wconf 88' lang='lat' dir='ltr'><strong>corrumpere</strong></span> <span class='ocrx_word' id='word_1_425' title='bbox 2660 1637 2789 1676; x_wconf 88' lang='lat' dir='ltr'><strong>sana</strong></span> <span class='ocrx_word' id='word_1_426' title='bbox 2819 1621 3095 1692; x_wconf 89' lang='lat' dir='ltr'><strong>etintegra</strong></span> <span class='ocrx_word' id='word_1_427' title='bbox 3126 1631 3370 1686; x_wconf 90' lang='lat' dir='ltr'><strong>conatur,</strong></span> <span class='ocrx_word' id='word_1_428' title='bbox 3393 1621 3654 1676; x_wconf 81' lang='lat' dir='ltr'><strong>aliorum—</strong></span> 
     </span>
    </p>
   </div>
   <div class='ocr_carea' id='block_1_61' title="bbox 2074 1713 3645 1784">
    <p class='ocr_par' dir='ltr' id='par_1_61' title="bbox 2074 1713 3645 1784">
     <span class='ocr_line' id='line_1_61' title="bbox 2074 1713 3645 1784; baseline 0 -17"><span class='ocrx_word' id='word_1_429' title='bbox 2074 1730 2176 1784; x_wconf 92' lang='lat' dir='ltr'><strong>que</strong></span> <span class='ocrx_word' id='word_1_430' title='bbox 2200 1714 2411 1769; x_wconf 90' lang='lat' dir='ltr'><strong>damnis</strong></span> <span class='ocrx_word' id='word_1_431' title='bbox 2434 1729 2529 1768; x_wconf 90' lang='lat' dir='ltr'><strong>sua</strong></span> <span class='ocrx_word' id='word_1_432' title='bbox 2562 1713 2710 1768; x_wconf 90' lang='lat' dir='ltr'><strong>lucra</strong></span> <span class='ocrx_word' id='word_1_433' title='bbox 2733 1714 2915 1784; x_wconf 82' lang='lat' dir='ltr'><strong>augeri</strong></span> <span class='ocrx_word' id='word_1_434' title='bbox 2946 1714 3160 1783; x_wconf 89' lang='lat' dir='ltr'><strong>gaudet.</strong></span> <span class='ocrx_word' id='word_1_435' title='bbox 3205 1713 3283 1768; x_wconf 89' lang='lat' dir='ltr'><strong>De</strong></span> <span class='ocrx_word' id='word_1_436' title='bbox 3326 1714 3429 1767; x_wconf 90' lang='lat' dir='ltr'><strong>bac</strong></span> <span class='ocrx_word' id='word_1_437' title='bbox 3460 1713 3645 1767; x_wconf 87' lang='lat' dir='ltr'><strong>Domi-</strong></span> 
     </span>
    </p>
   </div>
   <div class='ocr_carea' id='block_1_62' title="bbox 1997 1797 3651 1878">
    <p class='ocr_par' dir='ltr' id='par_1_62' title="bbox 1997 1797 3651 1878">
     <span class='ocr_line' id='line_1_62' title="bbox 1997 1797 3651 1878; baseline 0.004 -22"><span class='ocrx_word' id='word_1_438' title='bbox 1997 1797 2044 1856; x_wconf 90' lang='lat' dir='ltr'><strong>B</strong></span> <span class='ocrx_word' id='word_1_439' title='bbox 2073 1822 2174 1862; x_wconf 92' lang='lat' dir='ltr'><strong>nus</strong></span> <span class='ocrx_word' id='word_1_440' title='bbox 2210 1822 2331 1861; x_wconf 90' lang='lat' dir='ltr'><strong>cum</strong></span> <span class='ocrx_word' id='word_1_441' title='bbox 2371 1806 2424 1861; x_wconf 92' lang='lat' dir='ltr'><strong>in</strong></span> <span class='ocrx_word' id='word_1_442' title='bbox 2451 1807 2739 1878; x_wconf 86' lang='lat' dir='ltr'><strong>Evangelio</strong></span> <span class='ocrx_word' id='word_1_443' title='bbox 2779 1806 2846 1862; x_wconf 89' lang='lat' dir='ltr'><strong>de</strong></span> <span class='ocrx_word' id='word_1_444' title='bbox 2869 1806 3048 1862; x_wconf 86' lang='lat' dir='ltr'><strong>villico</strong></span> <span class='ocrx_word' id='word_1_445' title='bbox 3075 1806 3377 1875; x_wconf 91' lang='lat' dir='ltr'><strong>iniquitatis</strong></span> <span class='ocrx_word' id='word_1_446' title='bbox 3407 1805 3651 1876; x_wconf 85' lang='lat' dir='ltr'><strong>loquere-</strong></span> 
     </span>
    </p>
   </div>
   <div class='ocr_carea' id='block_1_63' title="bbox 2072 1896 3648 1967">
    <p class='ocr_par' dir='ltr' id='par_1_63' title="bbox 2072 1896 3648 1967">
     <span class='ocr_line' id='line_1_63' title="bbox 2072 1896 3648 1967; baseline 0.001 -17"><span class='ocrx_word' id='word_1_447' title='bbox 2072 1905 2178 1962; x_wconf 88' lang='lat' dir='ltr'><strong>tur,</strong></span> <span class='ocrx_word' id='word_1_448' title='bbox 2218 1896 2351 1952; x_wconf 84' lang='lat' dir='ltr'><strong>dicit</strong></span> <span class='ocrx_word' id='word_1_449' title='bbox 2376 1912 2499 1951; x_wconf 90' lang='lat' dir='ltr'><strong>eum</strong></span> <span class='ocrx_word' id='word_1_450' title='bbox 2524 1898 2818 1966; x_wconf 86' lang='lat' dir='ltr'><strong>prudenter</strong></span> <span class='ocrx_word' id='word_1_451' title='bbox 2840 1896 3052 1961; x_wconf 88' lang='lat' dir='ltr'><strong>fecisse,</strong></span> <span class='ocrx_word' id='word_1_452' title='bbox 3088 1897 3231 1967; x_wconf 91' lang='lat' dir='ltr'><strong>quod</strong></span> <span class='ocrx_word' id='word_1_453' title='bbox 3251 1896 3530 1966; x_wconf 84' lang='lat' dir='ltr'><strong>dispendio</strong></span> <span class='ocrx_word' id='word_1_454' title='bbox 3551 1897 3648 1951; x_wconf 86' lang='lat' dir='ltr'><strong>do-</strong></span> 
     </span>
    </p>
   </div>
   <div class='ocr_carea' id='block_1_64' title="bbox 2071 1986 3646 2058">
    <p class='ocr_par' dir='ltr' id='par_1_64' title="bbox 2071 1986 3646 2058">
     <span class='ocr_line' id='line_1_64' title="bbox 2071 1986 3646 2058; baseline -0.001 -16"><span class='ocrx_word' id='word_1_455' title='bbox 2071 1988 2201 2043; x_wconf 86' lang='lat' dir='ltr'><strong>mini</strong></span> <span class='ocrx_word' id='word_1_456' title='bbox 2236 1989 2339 2053; x_wconf 92' lang='lat' dir='ltr'><strong>sni,</strong></span> <span class='ocrx_word' id='word_1_457' title='bbox 2374 1989 2581 2043; x_wconf 91' lang='lat' dir='ltr'><strong>lucrum</strong></span> <span class='ocrx_word' id='word_1_458' title='bbox 2611 1989 2942 2058; x_wconf 88' lang='lat' dir='ltr'><strong>acquisierit,</strong></span> <span class='ocrx_word' id='word_1_459' title='bbox 2969 1996 3131 2057; x_wconf 91' lang='lat' dir='ltr'><strong>atque</strong></span> <span class='ocrx_word' id='word_1_460' title='bbox 3156 1989 3210 2041; x_wconf 88' lang='lat' dir='ltr'><strong>in</strong></span> <span class='ocrx_word' id='word_1_461' title='bbox 3242 1986 3483 2042; x_wconf 87' lang='lat' dir='ltr'><strong>futurum</strong></span> <span class='ocrx_word' id='word_1_462' title='bbox 3522 2002 3646 2055; x_wconf 89' lang='lat' dir='ltr'><strong>pro-</strong></span> 
     </span>
    </p>
   </div>
   <div class='ocr_carea' id='block_1_65' title="bbox 2072 2074 3649 2149">
    <p class='ocr_par' dir='ltr' id='par_1_65' title="bbox 2072 2074 3649 2149">
     <span class='ocr_line' id='line_1_65' title="bbox 2072 2074 3649 2149; baseline -0.003 -15"><span class='ocrx_word' id='word_1_463' title='bbox 2072 2080 2329 2149; x_wconf 76' lang='lat' dir='ltr'><strong>spexerit.</strong></span> <span class='ocrx_word' id='word_1_464' title='bbox 2379 2080 2455 2134; x_wconf 89' lang='lat' dir='ltr'><strong>De</strong></span> <span class='ocrx_word' id='word_1_465' title='bbox 2493 2094 2597 2149; x_wconf 87' lang='lat' dir='ltr'><strong>qua</strong></span> <span class='ocrx_word' id='word_1_466' title='bbox 2630 2079 2912 2149; x_wconf 81' lang='lat' dir='ltr'><strong>prudentia</strong></span> <span class='ocrx_word' id='word_1_467' title='bbox 2935 2078 3135 2134; x_wconf 88' lang='lat' dir='ltr'><strong>Paulus</strong></span> <span class='ocrx_word' id='word_1_468' title='bbox 3157 2078 3324 2133; x_wconf 91' lang='lat' dir='ltr'><strong>dicit:</strong></span> <span class='ocrx_word' id='word_1_469' title='bbox 3354 2074 3649 2130; x_wconf 77' lang='lat' dir='ltr'><strong>Prudentia</strong></span> 
     </span>
    </p>
   </div>
   <div class='ocr_carea' id='block_1_66' title="bbox 2071 2165 3648 2239">
    <p class='ocr_par' dir='ltr' id='par_1_66' title="bbox 2071 2165 3648 2239">
     <span class='ocr_line' id='line_1_66' title="bbox 2071 2165 3648 2239; baseline -0.002 -17"><span class='ocrx_word' id='word_1_470' title='bbox 2071 2169 2242 2223; x_wconf 85' lang='lat' dir='ltr'><strong>carnis</strong></span> <span class='ocrx_word' id='word_1_471' title='bbox 2281 2185 2421 2222; x_wconf 83' lang='lat' dir='ltr'><strong>mors</strong></span> <span class='ocrx_word' id='word_1_472' title='bbox 2450 2177 2546 2222; x_wconf 88' lang='lat' dir='ltr'><strong>est.</strong></span> <span class='ocrx_word' id='word_1_473' title='bbox 2582 2166 2728 2222; x_wconf 75' lang='lat' dir='ltr'><strong>Mors</strong></span> <span class='ocrx_word' id='word_1_474' title='bbox 2760 2169 2937 2239; x_wconf 83' lang='lat' dir='ltr'><strong>utique</strong></span> <span class='ocrx_word' id='word_1_475' title='bbox 2958 2170 3148 2221; x_wconf 70' lang='lat' dir='ltr'><strong>animae</strong></span> <span class='ocrx_word' id='word_1_476' title='bbox 3180 2166 3361 2235; x_wconf 81' lang='lat' dir='ltr'><strong>(Rom.</strong></span> <span class='ocrx_word' id='word_1_477' title='bbox 3388 2167 3531 2234; x_wconf 78' lang='lat' dir='ltr'><strong>vrri).</strong></span> <span class='ocrx_word' id='word_1_478' title='bbox 3577 2165 3648 2219; x_wconf 76' lang='lat' dir='ltr'><strong>At</strong></span> 
     </span>
    </p>
   </div>
   <div class='ocr_carea' id='block_1_67' title="bbox 2070 2259 3648 2331">
    <p class='ocr_par' dir='ltr' id='par_1_67' title="bbox 2070 2259 3648 2331">
     <span class='ocr_line' id='line_1_67' title="bbox 2070 2259 3648 2331; baseline -0.003 -15"><span class='ocrx_word' id='word_1_479' title='bbox 2070 2269 2262 2316; x_wconf 83' lang='lat' dir='ltr'><strong>contra</strong></span> <span class='ocrx_word' id='word_1_480' title='bbox 2314 2260 2597 2331; x_wconf 85' lang='lat' dir='ltr'><strong>prudentia</strong></span> <span class='ocrx_word' id='word_1_481' title='bbox 2651 2261 2764 2316; x_wconf 82' lang='lat' dir='ltr'><strong>sive</strong></span> <span class='ocrx_word' id='word_1_482' title='bbox 2798 2260 3060 2331; x_wconf 88' lang='lat' dir='ltr'><strong>sapientia</strong></span> <span class='ocrx_word' id='word_1_483' title='bbox 3089 2275 3211 2330; x_wconf 74' lang='lat' dir='ltr'><strong>qua:</strong></span> <span class='ocrx_word' id='word_1_484' title='bbox 3235 2260 3377 2314; x_wconf 93' lang='lat' dir='ltr'><strong>dono</strong></span> <span class='ocrx_word' id='word_1_485' title='bbox 3408 2259 3517 2313; x_wconf 87' lang='lat' dir='ltr'><strong>Dei.</strong></span> <span class='ocrx_word' id='word_1_486' title='bbox 3554 2274 3648 2312; x_wconf 83' lang='lat' dir='ltr'><strong>ac-</strong></span> 
     </span>
    </p>
   </div>
   <div class='ocr_carea' id='block_1_68' title="bbox 2070 2351 3642 2423">
    <p class='ocr_par' dir='ltr' id='par_1_68' title="bbox 2070 2351 3642 2423">
     <span class='ocr_line' id='line_1_68' title="bbox 2070 2351 3642 2423; baseline 0 -17"><span class='ocrx_word' id='word_1_487' title='bbox 2070 2353 2323 2421; x_wconf 88' lang='lat' dir='ltr'><strong>quiritur,</strong></span> <span class='ocrx_word' id='word_1_488' title='bbox 2377 2369 2480 2408; x_wconf 91' lang='lat' dir='ltr'><strong>nec</strong></span> <span class='ocrx_word' id='word_1_489' title='bbox 2519 2369 2617 2408; x_wconf 88' lang='lat' dir='ltr'><strong>suo</strong></span> <span class='ocrx_word' id='word_1_490' title='bbox 2643 2363 2864 2423; x_wconf 90' lang='lat' dir='ltr'><strong>peccato</strong></span> <span class='ocrx_word' id='word_1_491' title='bbox 2902 2353 3081 2422; x_wconf 88' lang='lat' dir='ltr'><strong>perire</strong></span> <span class='ocrx_word' id='word_1_492' title='bbox 3103 2360 3301 2422; x_wconf 88' lang='lat' dir='ltr'><strong>potest,</strong></span> <span class='ocrx_word' id='word_1_493' title='bbox 3330 2367 3430 2406; x_wconf 88' lang='lat' dir='ltr'><strong>nec</strong></span> <span class='ocrx_word' id='word_1_494' title='bbox 3449 2351 3642 2406; x_wconf 84' lang='lat' dir='ltr'><strong>alieno.</strong></span> 
     </span>
    </p>
   </div>
   <div class='ocr_carea' id='block_1_69' title="bbox 2072 2443 3643 2515">
    <p class='ocr_par' dir='ltr' id='par_1_69' title="bbox 2072 2443 3643 2515">
     <span class='ocr_line' id='line_1_69' title="bbox 2072 2443 3643 2515; baseline -0.001 -17"><span class='ocrx_word' id='word_1_495' title='bbox 2072 2443 2393 2514; x_wconf 83' lang='lat' dir='ltr'><strong>Nullumque</strong></span> <span class='ocrx_word' id='word_1_496' title='bbox 2444 2445 2783 2515; x_wconf 90' lang='lat' dir='ltr'><strong>dispendium</strong></span> <span class='ocrx_word' id='word_1_497' title='bbox 2847 2445 2970 2500; x_wconf 89' lang='lat' dir='ltr'><strong>aliis</strong></span> <span class='ocrx_word' id='word_1_498' title='bbox 2995 2445 3064 2500; x_wconf 92' lang='lat' dir='ltr'><strong>ob</strong></span> <span class='ocrx_word' id='word_1_499' title='bbox 3111 2445 3345 2514; x_wconf 88' lang='lat' dir='ltr'><strong>gratiam</strong></span> <span class='ocrx_word' id='word_1_500' title='bbox 3390 2444 3474 2498; x_wconf 91' lang='lat' dir='ltr'><strong>sui</strong></span> <span class='ocrx_word' id='word_1_501' title='bbox 3512 2443 3643 2498; x_wconf 87' lang='lat' dir='ltr'><strong>lucri</strong></span> 
     </span>
    </p>
   </div>
   <div class='ocr_carea' id='block_1_70' title="bbox 2071 2535 3647 2605">
    <p class='ocr_par' dir='ltr' id='par_1_70' title="bbox 2071 2535 3647 2605">
     <span class='ocr_line' id='line_1_70' title="bbox 2071 2535 3647 2605; baseline 0 -17"><span class='ocrx_word' id='word_1_502' title='bbox 2071 2535 2249 2591; x_wconf 63' lang='lat' dir='ltr'><strong>facere</strong></span> <span class='ocrx_word' id='word_1_503' title='bbox 2274 2537 2442 2605; x_wconf 90' lang='lat' dir='ltr'><strong>cupit,</strong></span> <span class='ocrx_word' id='word_1_504' title='bbox 2470 2536 2564 2591; x_wconf 89' lang='lat' dir='ltr'><strong>sed</strong></span> <span class='ocrx_word' id='word_1_505' title='bbox 2588 2536 2843 2592; x_wconf 85' lang='lat' dir='ltr'><strong>omnibus</strong></span> <span class='ocrx_word' id='word_1_506' title='bbox 2864 2536 3004 2590; x_wconf 83' lang='lat' dir='ltr'><strong>sicut</strong></span> <span class='ocrx_word' id='word_1_507' title='bbox 3028 2536 3153 2599; x_wconf 88' lang='lat' dir='ltr'><strong>sibi,</strong></span> <span class='ocrx_word' id='word_1_508' title='bbox 3193 2536 3475 2604; x_wconf 88' lang='lat' dir='ltr'><strong>providere</strong></span> <span class='ocrx_word' id='word_1_509' title='bbox 3507 2535 3647 2590; x_wconf 81' lang='lat' dir='ltr'><strong>desi-</strong></span> 
     </span>
    </p>
   </div>
   <div class='ocr_carea' id='block_1_71' title="bbox 2072 2625 3646 2697">
    <p class='ocr_par' dir='ltr' id='par_1_71' title="bbox 2072 2625 3646 2697">
     <span class='ocr_line' id='line_1_71' title="bbox 2072 2625 3646 2697; baseline -0.001 -16"><span class='ocrx_word' id='word_1_510' title='bbox 2072 2626 2244 2681; x_wconf 81' lang='lat' dir='ltr'><strong>derat.</strong></span> <span class='ocrx_word' id='word_1_511' title='bbox 2290 2627 2366 2682; x_wconf 90' lang='lat' dir='ltr'><strong>De</strong></span> <span class='ocrx_word' id='word_1_512' title='bbox 2392 2643 2498 2697; x_wconf 89' lang='lat' dir='ltr'><strong>qua</strong></span> <span class='ocrx_word' id='word_1_513' title='bbox 2526 2627 2811 2697; x_wconf 85' lang='lat' dir='ltr'><strong>prudentia</strong></span> <span class='ocrx_word' id='word_1_514' title='bbox 2837 2627 2976 2682; x_wconf 89' lang='lat' dir='ltr'><strong>idem</strong></span> <span class='ocrx_word' id='word_1_515' title='bbox 3015 2625 3234 2690; x_wconf 86' lang='lat' dir='ltr'><strong>Paulus,</strong></span> <span class='ocrx_word' id='word_1_516' title='bbox 3281 2641 3402 2680; x_wconf 89' lang='lat' dir='ltr'><strong>cum</strong></span> <span class='ocrx_word' id='word_1_517' title='bbox 3428 2626 3494 2680; x_wconf 89' lang='lat' dir='ltr'><strong>de</strong></span> <span class='ocrx_word' id='word_1_518' title='bbox 3521 2641 3646 2694; x_wconf 79' lang='lat' dir='ltr'><strong>pru—</strong></span> 
     </span>
    </p>
   </div>
   <div class='ocr_carea' id='block_1_72' title="bbox 2071 2716 3640 2789">
    <p class='ocr_par' dir='ltr' id='par_1_72' title="bbox 2071 2716 3640 2789">
     <span class='ocr_line' id='line_1_72' title="bbox 2071 2716 3640 2789; baseline -0.003 -17"><span class='ocrx_word' id='word_1_519' title='bbox 2071 2718 2251 2774; x_wconf 89' lang='lat' dir='ltr'><strong>dentia</strong></span> <span class='ocrx_word' id='word_1_520' title='bbox 2274 2719 2454 2774; x_wconf 85' lang='lat' dir='ltr'><strong>carnis</strong></span> <span class='ocrx_word' id='word_1_521' title='bbox 2498 2720 2842 2789; x_wconf 90' lang='lat' dir='ltr'><strong>disputasset,</strong></span> <span class='ocrx_word' id='word_1_522' title='bbox 2900 2716 3172 2785; x_wconf 81' lang='lat' dir='ltr'><strong>subiunxit</strong></span> <span class='ocrx_word' id='word_1_523' title='bbox 3210 2717 3395 2772; x_wconf 88' lang='lat' dir='ltr'><strong>dicens</strong></span> <span class='ocrx_word' id='word_1_524' title='bbox 3439 2734 3455 2773; x_wconf 89' lang='lat'><em>:</em></span> <span class='ocrx_word' id='word_1_525' title='bbox 3506 2716 3640 2769; x_wconf 81' lang='lat' dir='ltr'><strong>Pru-</strong></span> 
     </span>
    </p>
   </div>
   <div class='ocr_carea' id='block_1_73' title="bbox 2071 2806 3641 2879">
    <p class='ocr_par' dir='ltr' id='par_1_73' title="bbox 2071 2806 3641 2879">
     <span class='ocr_line' id='line_1_73' title="bbox 2071 2806 3641 2879; baseline -0.001 -18"><span class='ocrx_word' id='word_1_526' title='bbox 2071 2808 2247 2862; x_wconf 80' lang='lat' dir='ltr'><strong>dentia</strong></span> <span class='ocrx_word' id='word_1_527' title='bbox 2278 2820 2455 2862; x_wconf 89' lang='lat' dir='ltr'><strong>autem</strong></span> <span class='ocrx_word' id='word_1_528' title='bbox 2482 2808 2715 2879; x_wconf 77' lang='lat' dir='ltr'><strong>spiritus,</strong></span> <span class='ocrx_word' id='word_1_529' title='bbox 2767 2809 2870 2862; x_wconf 74' lang='lat' dir='ltr'><strong>vita</strong></span> <span class='ocrx_word' id='word_1_530' title='bbox 2904 2818 2951 2861; x_wconf 82' lang='lat' dir='ltr'><strong>et</strong></span> <span class='ocrx_word' id='word_1_531' title='bbox 2975 2825 3084 2877; x_wconf 72' lang='lat' dir='ltr'><strong>pax</strong></span> <span class='ocrx_word' id='word_1_532' title='bbox 3109 2807 3322 2877; x_wconf 79' lang='lat' dir='ltr'><strong>(lbid.).</strong></span> <span class='ocrx_word' id='word_1_533' title='bbox 3357 2806 3509 2873; x_wconf 81' lang='lat' dir='ltr'><strong>Quod</strong></span> <span class='ocrx_word' id='word_1_534' title='bbox 3562 2806 3641 2859; x_wconf 84' lang='lat' dir='ltr'><strong>vi—</strong></span> 
     </span>
    </p>
   </div>
   <div class='ocr_carea' id='block_1_74' title="bbox 2072 2897 3643 2968">
    <p class='ocr_par' dir='ltr' id='par_1_74' title="bbox 2072 2897 3643 2968">
     <span class='ocr_line' id='line_1_74' title="bbox 2072 2897 3643 2968; baseline -0.001 -15"><span class='ocrx_word' id='word_1_535' title='bbox 2072 2898 2265 2953; x_wconf 89' lang='lat' dir='ltr'><strong>delicet</strong></span> <span class='ocrx_word' id='word_1_536' title='bbox 2303 2899 2369 2954; x_wconf 91' lang='lat' dir='ltr'><strong>de</strong></span> <span class='ocrx_word' id='word_1_537' title='bbox 2400 2900 2507 2953; x_wconf 81' lang='lat' dir='ltr'><strong>vita</strong></span> <span class='ocrx_word' id='word_1_538' title='bbox 2535 2900 2728 2954; x_wconf 63' lang='lat' dir='ltr'><strong>animae</strong></span> <span class='ocrx_word' id='word_1_539' title='bbox 2774 2915 2895 2954; x_wconf 89' lang='lat' dir='ltr'><strong>eum</strong></span> <span class='ocrx_word' id='word_1_540' title='bbox 2924 2899 3124 2953; x_wconf 80' lang='lat' dir='ltr'><strong>dixisse</strong></span> <span class='ocrx_word' id='word_1_541' title='bbox 3157 2906 3323 2967; x_wconf 89' lang='lat' dir='ltr'><strong>patet.</strong></span> <span class='ocrx_word' id='word_1_542' title='bbox 3362 2897 3495 2951; x_wconf 88' lang='lat' dir='ltr'><strong>Nam</strong></span> <span class='ocrx_word' id='word_1_543' title='bbox 3530 2898 3643 2968; x_wconf 81' lang='lat' dir='ltr'><strong>ipsa</strong></span> 
     </span>
    </p>
   </div>
   <div class='ocr_carea' id='block_1_75' title="bbox 2070 2987 3641 3058">
    <p class='ocr_par' dir='ltr' id='par_1_75' title="bbox 2070 2987 3641 3058">
     <span class='ocr_line' id='line_1_75' title="bbox 2070 2987 3641 3058; baseline 0 -18"><span class='ocrx_word' id='word_1_544' title='bbox 2070 2987 2352 3057; x_wconf 88' lang='lat' dir='ltr'><strong>prudentia</strong></span> <span class='ocrx_word' id='word_1_545' title='bbox 2379 2987 2672 3056; x_wconf 89' lang='lat' dir='ltr'><strong>spiritualis</strong></span> <span class='ocrx_word' id='word_1_546' title='bbox 2717 3002 2931 3058; x_wconf 89' lang='lat' dir='ltr'><strong>semper</strong></span> <span class='ocrx_word' id='word_1_547' title='bbox 2958 2987 3023 3041; x_wconf 87' lang='lat' dir='ltr'><strong>ad</strong></span> <span class='ocrx_word' id='word_1_548' title='bbox 3051 3001 3178 3042; x_wconf 88' lang='lat' dir='ltr'><strong>vera</strong></span> <span class='ocrx_word' id='word_1_549' title='bbox 3224 2995 3278 3040; x_wconf 92' lang='lat' dir='ltr'><strong>et</strong></span> <span class='ocrx_word' id='word_1_550' title='bbox 3306 2996 3491 3042; x_wconf 87' lang='lat' dir='ltr'><strong>sancta</strong></span> <span class='ocrx_word' id='word_1_551' title='bbox 3523 2996 3641 3041; x_wconf 83' lang='lat' dir='ltr'><strong>teu-</strong></span> 
     </span>
    </p>
   </div>
   <div class='ocr_carea' id='block_1_76' title="bbox 2078 3075 3647 3146">
    <p class='ocr_par' dir='ltr' id='par_1_76' title="bbox 2078 3075 3647 3146">
     <span class='ocr_line' id='line_1_76' title="bbox 2078 3075 3647 3146; baseline 0 -14"><span class='ocrx_word' id='word_1_552' title='bbox 2078 3077 2204 3132; x_wconf 91' lang='lat' dir='ltr'><strong>dere</strong></span> <span class='ocrx_word' id='word_1_553' title='bbox 2232 3077 2398 3145; x_wconf 88' lang='lat' dir='ltr'><strong>cupit,</strong></span> <span class='ocrx_word' id='word_1_554' title='bbox 2449 3077 2695 3146; x_wconf 86' lang='lat' dir='ltr'><strong>quamvis</strong></span> <span class='ocrx_word' id='word_1_555' title='bbox 2715 3075 2999 3146; x_wconf 87' lang='lat' dir='ltr'><strong>aliquando</strong></span> <span class='ocrx_word' id='word_1_556' title='bbox 3036 3075 3270 3131; x_wconf 85' lang='lat' dir='ltr'><strong>fallatur.</strong></span> <span class='ocrx_word' id='word_1_557' title='bbox 3325 3076 3476 3143; x_wconf 87' lang='lat' dir='ltr'><strong>Quod</strong></span> <span class='ocrx_word' id='word_1_558' title='bbox 3501 3076 3647 3132; x_wconf 86' lang='lat' dir='ltr'><strong>vide-</strong></span> 
     </span>
    </p>
   </div>
   <div class='ocr_carea' id='block_1_77' title="bbox 2081 3167 3644 3239">
    <p class='ocr_par' dir='ltr' id='par_1_77' title="bbox 2081 3167 3644 3239">
     <span class='ocr_line' id='line_1_77' title="bbox 2081 3167 3644 3239; baseline 0.001 -19"><span class='ocrx_word' id='word_1_559' title='bbox 2081 3167 2205 3222; x_wconf 91' lang='lat' dir='ltr'><strong>licet</strong></span> <span class='ocrx_word' id='word_1_560' title='bbox 2250 3168 2562 3223; x_wconf 84' lang='lat' dir='ltr'><strong>intirmitate</strong></span> <span class='ocrx_word' id='word_1_561' title='bbox 2609 3184 2819 3225; x_wconf 59' lang='lat' dir='ltr'><strong>carnea:</strong></span> <span class='ocrx_word' id='word_1_562' title='bbox 2863 3170 3089 3224; x_wconf 73' lang='lat' dir='ltr'><strong>sarcina:</strong></span> <span class='ocrx_word' id='word_1_563' title='bbox 3134 3170 3496 3239; x_wconf 72' lang='lat' dir='ltr'><strong>prrepediente</strong></span> <span class='ocrx_word' id='word_1_564' title='bbox 3542 3169 3644 3223; x_wconf 83' lang='lat' dir='ltr'><strong>fit:</strong></span> 
     </span>
    </p>
   </div>
   <div class='ocr_carea' id='block_1_78' title="bbox 2078 3258 3648 3329">
    <p class='ocr_par' dir='ltr' id='par_1_78' title="bbox 2078 3258 3648 3329">
     <span class='ocr_line' id='line_1_78' title="bbox 2078 3258 3648 3329; baseline 0.002 -18"><span class='ocrx_word' id='word_1_565' title='bbox 2078 3258 2201 3328; x_wconf 91' lang='lat' dir='ltr'><strong>quia</strong></span> <span class='ocrx_word' id='word_1_566' title='bbox 2233 3258 2409 3313; x_wconf 90' lang='lat' dir='ltr'><strong>nullus</strong></span> <span class='ocrx_word' id='word_1_567' title='bbox 2454 3259 2505 3312; x_wconf 92' lang='lat' dir='ltr'><strong>in</strong></span> <span class='ocrx_word' id='word_1_568' title='bbox 2533 3273 2696 3314; x_wconf 87' lang='lat' dir='ltr'><strong>carne</strong></span> <span class='ocrx_word' id='word_1_569' title='bbox 2725 3260 2954 3329; x_wconf 90' lang='lat' dir='ltr'><strong>positus,</strong></span> <span class='ocrx_word' id='word_1_570' title='bbox 3005 3268 3195 3314; x_wconf 90' lang='lat' dir='ltr'><strong>cuncta</strong></span> <span class='ocrx_word' id='word_1_571' title='bbox 3235 3259 3472 3329; x_wconf 82' lang='lat' dir='ltr'><strong>perfecte</strong></span> <span class='ocrx_word' id='word_1_572' title='bbox 3516 3274 3648 3328; x_wconf 71' lang='lat' dir='ltr'><strong>prte-</strong></span> 
     </span>
    </p>
   </div>
   <div class='ocr_carea' id='block_1_79' title="bbox 2078 3346 3645 3419">
    <p class='ocr_par' dir='ltr' id='par_1_79' title="bbox 2078 3346 3645 3419">
     <span class='ocr_line' id='line_1_79' title="bbox 2078 3346 3645 3419; baseline 0.001 -20"><span class='ocrx_word' id='word_1_573' title='bbox 2078 3346 2261 3402; x_wconf 89' lang='lat' dir='ltr'><strong>vidcre</strong></span> <span class='ocrx_word' id='word_1_574' title='bbox 2312 3355 2366 3402; x_wconf 91' lang='lat' dir='ltr'><strong>et</strong></span> <span class='ocrx_word' id='word_1_575' title='bbox 2394 3362 2585 3402; x_wconf 88' lang='lat' dir='ltr'><strong>cavere</strong></span> <span class='ocrx_word' id='word_1_576' title='bbox 2627 3358 2821 3416; x_wconf 86' lang='lat' dir='ltr'><strong>potest.</strong></span> <span class='ocrx_word' id='word_1_577' title='bbox 2866 3347 3018 3403; x_wconf 88' lang='lat' dir='ltr'><strong>Unde</strong></span> <span class='ocrx_word' id='word_1_578' title='bbox 3065 3357 3120 3402; x_wconf 89' lang='lat' dir='ltr'><strong>ct</strong></span> <span class='ocrx_word' id='word_1_579' title='bbox 3147 3349 3394 3419; x_wconf 83' lang='lat' dir='ltr'><strong>egregius</strong></span> <span class='ocrx_word' id='word_1_580' title='bbox 3440 3348 3645 3411; x_wconf 85' lang='lat' dir='ltr'><strong>ductor,</strong></span> 
     </span>
    </p>
   </div>
   <div class='ocr_carea' id='block_1_80' title="bbox 2078 3435 3645 3508">
    <p class='ocr_par' dir='ltr' id='par_1_80' title="bbox 2078 3435 3645 3508">
     <span class='ocr_line' id='line_1_80' title="bbox 2078 3435 3645 3508; baseline 0.002 -21"><span class='ocrx_word' id='word_1_581' title='bbox 2078 3435 2168 3503; x_wconf 87' lang='lat' dir='ltr'><strong>qui</strong></span> <span class='ocrx_word' id='word_1_582' title='bbox 2189 3436 2254 3489; x_wconf 88' lang='lat' dir='ltr'><strong>ad</strong></span> <span class='ocrx_word' id='word_1_583' title='bbox 2287 3437 2430 3491; x_wconf 85' lang='lat' dir='ltr'><strong>tertii</strong></span> <span class='ocrx_word' id='word_1_584' title='bbox 2464 3438 2583 3492; x_wconf 70' lang='grc' dir='ltr'><strong>οωιὶ</strong></span> <span class='ocrx_word' id='word_1_585' title='bbox 2614 3447 2823 3493; x_wconf 87' lang='lat' dir='ltr'><strong>secreta</strong></span> <span class='ocrx_word' id='word_1_586' title='bbox 2853 3448 3053 3507; x_wconf 82' lang='lat' dir='ltr'><strong>raptus,</strong></span> <span class='ocrx_word' id='word_1_587' title='bbox 3084 3448 3138 3492; x_wconf 88' lang='lat' dir='ltr'><strong>ct</strong></span> <span class='ocrx_word' id='word_1_588' title='bbox 3165 3438 3397 3508; x_wconf 87' lang='lat' dir='ltr'><strong>paradisi</strong></span> <span class='ocrx_word' id='word_1_589' title='bbox 3433 3452 3645 3491; x_wconf 76' lang='lat' dir='ltr'><strong>amoena</strong></span> 
     </span>
    </p>
   </div>
   <div class='ocr_carea' id='block_1_81' title="bbox 2079 3527 3645 3598">
    <p class='ocr_par' dir='ltr' id='par_1_81' title="bbox 2079 3527 3645 3598">
     <span class='ocr_line' id='line_1_81' title="bbox 2079 3527 3645 3598; baseline 0.001 -18"><span class='ocrx_word' id='word_1_590' title='bbox 2079 3527 2487 3596; x_wconf 81' lang='lat' dir='ltr'><strong>contemplatus,</strong></span> <span class='ocrx_word' id='word_1_591' title='bbox 2547 3528 2750 3582; x_wconf 80' lang='lat' dir='ltr'><strong>audivit</strong></span> <span class='ocrx_word' id='word_1_592' title='bbox 2775 3530 3017 3597; x_wconf 65' lang='lat' dir='ltr'><strong>quaedam</strong></span> <span class='ocrx_word' id='word_1_593' title='bbox 3053 3538 3281 3597; x_wconf 80' lang='lat' dir='ltr'><strong>secreta,</strong></span> <span class='ocrx_word' id='word_1_594' title='bbox 3329 3543 3448 3598; x_wconf 72' lang='lat' dir='ltr'><strong>qua:</strong></span> <span class='ocrx_word' id='word_1_595' title='bbox 3472 3528 3645 3582; x_wconf 82' lang='lat' dir='ltr'><strong>homi-</strong></span> 
     </span>
    </p>
   </div>
   <div class='ocr_carea' id='block_1_82' title="bbox 2079 3618 3646 3691">
    <p class='ocr_par' dir='ltr' id='par_1_82' title="bbox 2079 3618 3646 3691">
     <span class='ocr_line' id='line_1_82' title="bbox 2079 3618 3646 3691; baseline 0.001 -17"><span class='ocrx_word' id='word_1_596' title='bbox 2079 3621 2234 3674; x_wconf 84' lang='lat' dir='ltr'><strong>nibus</strong></span> <span class='ocrx_word' id='word_1_597' title='bbox 2283 3618 2424 3688; x_wconf 86' lang='lat' dir='ltr'><strong>loqui</strong></span> <span class='ocrx_word' id='word_1_598' title='bbox 2474 3636 2579 3674; x_wconf 88' lang='lat' dir='ltr'><strong>non</strong></span> <span class='ocrx_word' id='word_1_599' title='bbox 2628 3620 2771 3684; x_wconf 88' lang='lat' dir='ltr'><strong>licet,</strong></span> <span class='ocrx_word' id='word_1_600' title='bbox 2824 3621 2926 3676; x_wconf 87' lang='lat' dir='ltr'><strong>hac</strong></span> <span class='ocrx_word' id='word_1_601' title='bbox 2972 3620 3213 3676; x_wconf 86' lang='lat' dir='ltr'><strong>molestia</strong></span> <span class='ocrx_word' id='word_1_602' title='bbox 3261 3630 3646 3691; x_wconf 72' lang='lat' dir='ltr'><strong>pnegravatus,</strong></span> 
     </span>
    </p>
   </div>
   <div class='ocr_carea' id='block_1_83' title="bbox 2077 3706 3645 3781">
    <p class='ocr_par' dir='ltr' id='par_1_83' title="bbox 2077 3706 3645 3781">
     <span class='ocr_line' id='line_1_83' title="bbox 2077 3706 3645 3781; baseline 0.001 -19"><span class='ocrx_word' id='word_1_603' title='bbox 2077 3708 2154 3762; x_wconf 87' lang='lat' dir='ltr'><strong>ait</strong></span> <span class='ocrx_word' id='word_1_604' title='bbox 2180 3727 2193 3760; x_wconf 88' lang='lat'><strong>:</strong></span> <span class='ocrx_word' id='word_1_605' title='bbox 2235 3706 2474 3763; x_wconf 69' lang='lat' dir='ltr'><strong>Videmus</strong></span> <span class='ocrx_word' id='word_1_606' title='bbox 2502 3726 2637 3762; x_wconf 85' lang='lat' dir='ltr'><strong>nunc</strong></span> <span class='ocrx_word' id='word_1_607' title='bbox 2666 3726 2757 3779; x_wconf 81' lang='lat' dir='ltr'><strong>per</strong></span> <span class='ocrx_word' id='word_1_608' title='bbox 2780 3710 3043 3779; x_wconf 80' lang='lat' dir='ltr'><strong>speculum</strong></span> <span class='ocrx_word' id='word_1_609' title='bbox 3073 3711 3126 3763; x_wconf 85' lang='lat' dir='ltr'><strong>in</strong></span> <span class='ocrx_word' id='word_1_610' title='bbox 3154 3712 3427 3781; x_wconf 67' lang='lat' dir='ltr'><strong>(enigmata</strong></span> <span class='ocrx_word' id='word_1_611' title='bbox 3449 3710 3501 3781; x_wconf 81' lang='lat' dir='ltr'><strong>(I</strong></span> <span class='ocrx_word' id='word_1_612' title='bbox 3525 3710 3645 3765; x_wconf 81' lang='lat' dir='ltr'><strong>Cor.</strong></span> 
     </span>
    </p>
   </div>
   <div class='ocr_carea' id='block_1_84' title="bbox 2078 3798 3649 3870">
    <p class='ocr_par' dir='ltr' id='par_1_84' title="bbox 2078 3798 3649 3870">
     <span class='ocr_line' id='line_1_84' title="bbox 2078 3798 3649 3870; baseline 0.002 -17"><span class='ocrx_word' id='word_1_613' title='bbox 2078 3798 2219 3870; x_wconf 72' lang='lat' dir='ltr'><strong>sui).</strong></span> <span class='ocrx_word' id='word_1_614' title='bbox 2248 3798 2353 3854; x_wconf 89' lang='lat' dir='ltr'><strong>Sed</strong></span> <span class='ocrx_word' id='word_1_615' title='bbox 2383 3801 2635 3870; x_wconf 89' lang='lat' dir='ltr'><strong>quoniam</strong></span> <span class='ocrx_word' id='word_1_616' title='bbox 2666 3798 3032 3856; x_wconf 87' lang='lat' dir='ltr'><strong>fortitudinem</strong></span> <span class='ocrx_word' id='word_1_617' title='bbox 3055 3802 3382 3870; x_wconf 89' lang='lat' dir='ltr'><strong>suppeditari</strong></span> <span class='ocrx_word' id='word_1_618' title='bbox 3417 3801 3649 3857; x_wconf 76' lang='lat' dir='ltr'><strong>diximus</strong></span> 
     </span>
    </p>
   </div>
   <div class='ocr_carea' id='block_1_85' title="bbox 2080 3892 3396 3964">
    <p class='ocr_par' dir='ltr' id='par_1_85' title="bbox 2080 3892 3396 3964">
     <span class='ocr_line' id='line_1_85' title="bbox 2080 3892 3396 3964; baseline 0.002 -17"><span class='ocrx_word' id='word_1_619' title='bbox 2080 3908 2111 3947; x_wconf 92' lang='lat' dir='ltr'><strong>a</strong></span> <span class='ocrx_word' id='word_1_620' title='bbox 2134 3892 2442 3964; x_wconf 89' lang='lat' dir='ltr'><strong>prudentia,</strong></span> <span class='ocrx_word' id='word_1_621' title='bbox 2467 3901 2633 3947; x_wconf 84' lang='lat' dir='ltr'><strong>restat</strong></span> <span class='ocrx_word' id='word_1_622' title='bbox 2659 3901 2718 3947; x_wconf 89' lang='lat' dir='ltr'><strong>ut</strong></span> <span class='ocrx_word' id='word_1_623' title='bbox 2745 3893 2811 3948; x_wconf 91' lang='lat' dir='ltr'><strong>de</strong></span> <span class='ocrx_word' id='word_1_624' title='bbox 2834 3908 2899 3948; x_wconf 89' lang='lat' dir='ltr'><strong>ea</strong></span> <span class='ocrx_word' id='word_1_625' title='bbox 2922 3893 3101 3964; x_wconf 86' lang='lat' dir='ltr'><strong>aliqua</strong></span> <span class='ocrx_word' id='word_1_626' title='bbox 3136 3893 3396 3949; x_wconf 88' lang='lat' dir='ltr'><strong>dicantur.</strong></span> 
     </span>
    </p>
   </div>
   <div class='ocr_carea' id='block_1_86' title="bbox 2666 4039 3058 4096">
    <p class='ocr_par' dir='ltr' id='par_1_86' title="bbox 2666 4039 3058 4096">
     <span class='ocr_line' id='line_1_86' title="bbox 2666 4039 3058 4096; baseline -0.003 0"><span class='ocrx_word' id='word_1_627' title='bbox 2666 4039 2892 4096; x_wconf 84' lang='lat' dir='ltr'><strong>CAPUT</strong></span> <span class='ocrx_word' id='word_1_628' title='bbox 2930 4040 3058 4096; x_wconf 84' lang='lat' dir='ltr'><strong>Vill.</strong></span> 
     </span>
    </p>
   </div>
   <div class='ocr_carea' id='block_1_87' title="bbox 2650 4152 3073 4221">
    <p class='ocr_par' dir='ltr' id='par_1_87' title="bbox 2650 4152 3073 4221">
     <span class='ocr_line' id='line_1_87' title="bbox 2650 4152 3073 4221; baseline 0.007 -15"><span class='ocrx_word' id='word_1_629' title='bbox 2650 4153 2723 4206; x_wconf 84' lang='lat' dir='ltr'><strong>De</strong></span> <span class='ocrx_word' id='word_1_630' title='bbox 2752 4152 3073 4221; x_wconf 79' lang='lat' dir='ltr'><strong>fortitudine.</strong></span> 
     </span>
    </p>
   </div>
   <div class='ocr_carea' id='block_1_88' title="bbox 2157 4264 3645 4335">
    <p class='ocr_par' dir='ltr' id='par_1_88' title="bbox 2157 4264 3645 4335">
     <span class='ocr_line' id='line_1_88' title="bbox 2157 4264 3645 4335; baseline 0.002 -17"><span class='ocrx_word' id='word_1_631' title='bbox 2157 4265 2441 4320; x_wconf 83' lang='lat' dir='ltr'><strong>Fortitudo</strong></span> <span class='ocrx_word' id='word_1_632' title='bbox 2471 4265 2631 4335; x_wconf 83' lang='lat' dir='ltr'><strong>igitur</strong></span> <span class='ocrx_word' id='word_1_633' title='bbox 2657 4272 2743 4319; x_wconf 91' lang='lat' dir='ltr'><strong>est</strong></span> <span class='ocrx_word' id='word_1_634' title='bbox 2763 4264 3140 4335; x_wconf 83' lang='lat' dir='ltr'><strong>longanimitas</strong></span> <span class='ocrx_word' id='word_1_635' title='bbox 3166 4273 3223 4320; x_wconf 91' lang='lat' dir='ltr'><strong>et</strong></span> <span class='ocrx_word' id='word_1_636' title='bbox 3249 4266 3645 4334; x_wconf 76' lang='lat' dir='ltr'><strong>perseverantis</strong></span> 
     </span>
    </p>
   </div>
   <div class='ocr_carea' id='block_1_89' title="bbox 2079 4353 3650 4422">
    <p class='ocr_par' dir='ltr' id='par_1_89' title="bbox 2079 4353 3650 4422">
     <span class='ocr_line' id='line_1_89' title="bbox 2079 4353 3650 4422; baseline -0.001 -13"><span class='ocrx_word' id='word_1_637' title='bbox 2079 4354 2134 4409; x_wconf 90' lang='lat' dir='ltr'><strong>in</strong></span> <span class='ocrx_word' id='word_1_638' title='bbox 2159 4354 2334 4418; x_wconf 90' lang='lat' dir='ltr'><strong>bonis,</strong></span> <span class='ocrx_word' id='word_1_639' title='bbox 2365 4353 2751 4422; x_wconf 86' lang='lat' dir='ltr'><strong>tolerantiaque</strong></span> <span class='ocrx_word' id='word_1_640' title='bbox 2771 4363 2826 4407; x_wconf 92' lang='lat' dir='ltr'><strong>et</strong></span> <span class='ocrx_word' id='word_1_641' title='bbox 2851 4354 3075 4409; x_wconf 90' lang='lat' dir='ltr'><strong>victoria</strong></span> <span class='ocrx_word' id='word_1_642' title='bbox 3118 4362 3308 4410; x_wconf 89' lang='lat' dir='ltr'><strong>contra</strong></span> <span class='ocrx_word' id='word_1_643' title='bbox 3331 4355 3509 4409; x_wconf 88' lang='lat' dir='ltr'><strong>omnia</strong></span> <span class='ocrx_word' id='word_1_644' title='bbox 3539 4365 3650 4410; x_wconf 85' lang='lat' dir='ltr'><strong>ten-</strong></span> 
     </span>
    </p>
   </div>
   <div class='ocr_carea' id='block_1_90' title="bbox 404 4443 3651 4545">
    <p class='ocr_par' dir='ltr' id='par_1_90' title="bbox 404 4443 3651 4545">
     <span class='ocr_line' id='line_1_90' title="bbox 404 4443 3651 4545; baseline 0 -21"><span class='ocrx_word' id='word_1_645' title='bbox 404 4487 471 4525; x_wconf 86' lang='lat' dir='ltr'><strong>ne</strong></span> <span class='ocrx_word' id='word_1_646' title='bbox 496 4470 599 4524; x_wconf 91' lang='lat' dir='ltr'><strong>ulla</strong></span> <span class='ocrx_word' id='word_1_647' title='bbox 623 4471 676 4525; x_wconf 91' lang='lat' dir='ltr'><strong>vi</strong></span> <span class='ocrx_word' id='word_1_648' title='bbox 702 4443 1086 4540; x_wconf 73' lang='lat' dir='ltr'><strong>tempestatum</strong></span> <span class='ocrx_word' id='word_1_649' title='bbox 1113 4443 1333 4526; x_wconf 67' lang='lat' dir='ltr'><strong>corruat</strong></span> <span class='ocrx_word' id='word_1_650' title='bbox 1357 4488 1370 4524; x_wconf 90' lang='lat'><strong>:</strong></span> <span class='ocrx_word' id='word_1_651' title='bbox 1396 4470 1492 4525; x_wconf 85' lang='lat' dir='ltr'><strong>sed</strong></span> <span class='ocrx_word' id='word_1_652' title='bbox 1516 4470 1694 4541; x_wconf 93' lang='lat' dir='ltr'><strong>potius</strong></span> <span class='ocrx_word' id='word_1_653' title='bbox 1713 4443 1973 4540; x_wconf 86' lang='lat' dir='ltr'><strong>quidquid</strong></span> <span class='ocrx_word' id='word_1_654' title='bbox 2002 4487 2052 4545; x_wconf 72' lang='grc' dir='ltr'><strong>ι)</strong></span> <span class='ocrx_word' id='word_1_655' title='bbox 2082 4452 2317 4545; x_wconf 57' lang='lat' dir='ltr'><strong>“me”?</strong></span> <span class='ocrx_word' id='word_1_656' title='bbox 2348 4444 2618 4545; x_wconf 45' lang='lat' dir='ltr'><strong>Vi‘iofum&#39;</strong></span> <span class='ocrx_word' id='word_1_657' title='bbox 2676 4443 2805 4545; x_wconf 57' lang='lat' dir='ltr'><strong>Qum</strong></span> <span class='ocrx_word' id='word_1_658' title='bbox 2829 4445 2907 4545; x_wconf 27' lang='lat' dir='ltr'><strong>‘i‘a</strong></span> <span class='ocrx_word' id='word_1_659' title='bbox 2950 4445 3131 4500; x_wconf 64' lang='grc' dir='ltr'><strong>²¹³ί¹¹¹⁰</strong></span> <span class='ocrx_word' id='word_1_660' title='bbox 3164 4446 3340 4545; x_wconf 47' lang='grc' dir='ltr'><strong>ίηθδδθ</strong></span> <span class='ocrx_word' id='word_1_661' title='bbox 3383 4446 3651 4545; x_wconf 37' lang='lat' dir='ltr'><strong>debeam</strong></span> 
     </span>
    </p>
   </div>
   <div class='ocr_carea' id='block_1_91' title="bbox 402 4561 1978 4632">
    <p class='ocr_par' dir='ltr' id='par_1_91' title="bbox 402 4561 1978 4632">
     <span class='ocr_line' id='line_1_91' title="bbox 402 4561 1978 4632; baseline 0 -16"><span class='ocrx_word' id='word_1_662' title='bbox 402 4562 669 4617; x_wconf 69' lang='lat' dir='ltr'><strong>aediﬁcare</strong></span> <span class='ocrx_word' id='word_1_663' title='bbox 693 4562 940 4625; x_wconf 73' lang='lat' dir='ltr'><strong>voluerit,</strong></span> <span class='ocrx_word' id='word_1_664' title='bbox 998 4564 1150 4632; x_wconf 90' lang='lat' dir='ltr'><strong>quasi</strong></span> <span class='ocrx_word' id='word_1_665' title='bbox 1178 4562 1486 4617; x_wconf 78' lang='lat' dir='ltr'><strong>firmissimo</strong></span> <span class='ocrx_word' id='word_1_666' title='bbox 1515 4561 1863 4617; x_wconf 88' lang='lat' dir='ltr'><strong>fundamento</strong></span> <span class='ocrx_word' id='word_1_667' title='bbox 1885 4576 1978 4616; x_wconf 86' lang='lat' dir='ltr'><strong>su-</strong></span> 
     </span>
    </p>
   </div>
   <div class='ocr_carea' id='block_1_92' title="bbox 403 4651 1979 4723">
    <p class='ocr_par' dir='ltr' id='par_1_92' title="bbox 403 4651 1979 4723">
     <span class='ocr_line' id='line_1_92' title="bbox 403 4651 1979 4723; baseline 0.001 -19"><span class='ocrx_word' id='word_1_668' title='bbox 403 4666 680 4720; x_wconf 84' lang='lat' dir='ltr'><strong>perponet.</strong></span> <span class='ocrx_word' id='word_1_669' title='bbox 742 4651 845 4707; x_wconf 90' lang='lat' dir='ltr'><strong>Sed</strong></span> <span class='ocrx_word' id='word_1_670' title='bbox 875 4653 991 4707; x_wconf 61' lang='lat' dir='ltr'><strong>istae</strong></span> <span class='ocrx_word' id='word_1_671' title='bbox 1027 4662 1257 4723; x_wconf 88' lang='lat' dir='ltr'><strong>quatuor</strong></span> <span class='ocrx_word' id='word_1_672' title='bbox 1296 4653 1525 4706; x_wconf 89' lang='lat' dir='ltr'><strong>virtutes</strong></span> <span class='ocrx_word' id='word_1_673' title='bbox 1578 4652 1652 4706; x_wconf 91' lang='lat' dir='ltr'><strong>ita</strong></span> <span class='ocrx_word' id='word_1_674' title='bbox 1699 4652 1803 4707; x_wconf 89' lang='lat' dir='ltr'><strong>sibi</strong></span> <span class='ocrx_word' id='word_1_675' title='bbox 1852 4659 1979 4706; x_wconf 85' lang='lat' dir='ltr'><strong>sunt</strong></span> 
     </span>
    </p>
   </div>
   <div class='ocr_carea' id='block_1_93' title="bbox 405 4742 1977 4812">
    <p class='ocr_par' dir='ltr' id='par_1_93' title="bbox 405 4742 1977 4812">
     <span class='ocr_line' id='line_1_93' title="bbox 405 4742 1977 4812; baseline 0.001 -17"><span class='ocrx_word' id='word_1_676' title='bbox 405 4754 678 4804; x_wconf 62' lang='lat' dir='ltr'><strong>connexa,</strong></span> <span class='ocrx_word' id='word_1_677' title='bbox 711 4748 771 4794; x_wconf 91' lang='lat' dir='ltr'><strong>ut</strong></span> <span class='ocrx_word' id='word_1_678' title='bbox 810 4742 912 4795; x_wconf 85' lang='lat' dir='ltr'><strong>alia</strong></span> <span class='ocrx_word' id='word_1_679' title='bbox 943 4743 1060 4798; x_wconf 89' lang='lat' dir='ltr'><strong>sine</strong></span> <span class='ocrx_word' id='word_1_680' title='bbox 1089 4743 1190 4797; x_wconf 86' lang='lat' dir='ltr'><strong>alia</strong></span> <span class='ocrx_word' id='word_1_681' title='bbox 1230 4742 1373 4797; x_wconf 89' lang='lat' dir='ltr'><strong>nullo</strong></span> <span class='ocrx_word' id='word_1_682' title='bbox 1399 4743 1557 4798; x_wconf 91' lang='lat' dir='ltr'><strong>modo</strong></span> <span class='ocrx_word' id='word_1_683' title='bbox 1595 4742 1977 4812; x_wconf 87' lang='lat' dir='ltr'><strong>perfectionem</strong></span> 
     </span>
    </p>
   </div>
   <div class='ocr_carea' id='block_1_94' title="bbox 404 4830 1980 4903">
    <p class='ocr_par' dir='ltr' id='par_1_94' title="bbox 404 4830 1980 4903">
     <span class='ocr_line' id='line_1_94' title="bbox 404 4830 1980 4903; baseline 0.003 -21"><span class='ocrx_word' id='word_1_684' title='bbox 404 4830 651 4898; x_wconf 86' lang='lat' dir='ltr'><strong>accipere</strong></span> <span class='ocrx_word' id='word_1_685' title='bbox 670 4839 848 4898; x_wconf 89' lang='lat' dir='ltr'><strong>queat.</strong></span> <span class='ocrx_word' id='word_1_686' title='bbox 885 4831 1019 4885; x_wconf 80' lang='lat' dir='ltr'><strong>Nam</strong></span> <span class='ocrx_word' id='word_1_687' title='bbox 1047 4833 1344 4902; x_wconf 64' lang='lat' dir='ltr'><strong>prudentia:</strong></span> <span class='ocrx_word' id='word_1_688' title='bbox 1373 4832 1738 4888; x_wconf 88' lang='lat' dir='ltr'><strong>fortitudinem</strong></span> <span class='ocrx_word' id='word_1_689' title='bbox 1786 4848 1980 4903; x_wconf 85' lang='lat' dir='ltr'><strong>suppe-</strong></span> 
     </span>
    </p>
   </div>
   <div class='ocr_carea' id='block_1_95' title="bbox 404 4920 1977 4996">
    <p class='ocr_par' dir='ltr' id='par_1_95' title="bbox 404 4920 1977 4996">
     <span class='ocr_line' id='line_1_95' title="bbox 404 4920 1977 4996; baseline 0.004 -23"><span class='ocrx_word' id='word_1_690' title='bbox 404 4920 562 4974; x_wconf 88' lang='lat' dir='ltr'><strong>ditari</strong></span> <span class='ocrx_word' id='word_1_691' title='bbox 607 4934 828 4974; x_wconf 88' lang='lat' dir='ltr'><strong>necesse</strong></span> <span class='ocrx_word' id='word_1_692' title='bbox 855 4930 955 4976; x_wconf 90' lang='lat' dir='ltr'><strong>est.</strong></span> <span class='ocrx_word' id='word_1_693' title='bbox 1000 4923 1129 4978; x_wconf 81' lang='lat' dir='ltr'><strong>item</strong></span> <span class='ocrx_word' id='word_1_694' title='bbox 1153 4924 1522 4981; x_wconf 88' lang='lat' dir='ltr'><strong>fortitudinem</strong></span> <span class='ocrx_word' id='word_1_695' title='bbox 1561 4925 1771 4996; x_wconf 79' lang='lat' dir='ltr'><strong>iustitia</strong></span> <span class='ocrx_word' id='word_1_696' title='bbox 1814 4940 1977 4981; x_wconf 82' lang='lat' dir='ltr'><strong>exor-</strong></span> 
     </span>
    </p>
   </div>
   <div class='ocr_carea' id='block_1_96' title="bbox 406 5010 1974 5085">
    <p class='ocr_par' dir='ltr' id='par_1_96' title="bbox 406 5010 1974 5085">
     <span class='ocr_line' id='line_1_96' title="bbox 406 5010 1974 5085; baseline 0.003 -21"><span class='ocrx_word' id='word_1_697' title='bbox 406 5018 519 5065; x_wconf 88' lang='lat' dir='ltr'><strong>nat.</strong></span> <span class='ocrx_word' id='word_1_698' title='bbox 571 5010 948 5081; x_wconf 82' lang='lat' dir='ltr'><strong>Temperantia</strong></span> <span class='ocrx_word' id='word_1_699' title='bbox 994 5013 1459 5081; x_wconf 87' lang='lat' dir='ltr'><strong>autemjnstitiam</strong></span> <span class='ocrx_word' id='word_1_700' title='bbox 1491 5016 1722 5084; x_wconf 89' lang='lat' dir='ltr'><strong>quadam</strong></span> <span class='ocrx_word' id='word_1_701' title='bbox 1768 5024 1974 5085; x_wconf 85' lang='lat' dir='ltr'><strong>tempe-</strong></span> 
     </span>
    </p>
   </div>
   <div class='ocr_carea' id='block_1_97' title="bbox 405 5101 1978 5169">
    <p class='ocr_par' dir='ltr' id='par_1_97' title="bbox 405 5101 1978 5169">
     <span class='ocr_line' id='line_1_97' title="bbox 405 5101 1978 5169; baseline 0.003 -15"><span class='ocrx_word' id='word_1_702' title='bbox 405 5108 611 5165; x_wconf 88' lang='lat' dir='ltr'><strong>ratura,</strong></span> <span class='ocrx_word' id='word_1_703' title='bbox 644 5116 711 5156; x_wconf 90' lang='lat' dir='ltr'><strong>ne</strong></span> <span class='ocrx_word' id='word_1_704' title='bbox 749 5101 888 5155; x_wconf 90' lang='lat' dir='ltr'><strong>ultra</strong></span> <span class='ocrx_word' id='word_1_705' title='bbox 930 5102 1145 5156; x_wconf 91' lang='lat' dir='ltr'><strong>modum</strong></span> <span class='ocrx_word' id='word_1_706' title='bbox 1179 5104 1501 5169; x_wconf 89' lang='lat' dir='ltr'><strong>inardescat,</strong></span> <span class='ocrx_word' id='word_1_707' title='bbox 1554 5104 1825 5159; x_wconf 77' lang='lat' dir='ltr'><strong>refrenat:</strong></span> <span class='ocrx_word' id='word_1_708' title='bbox 1881 5104 1978 5159; x_wconf 89' lang='lat' dir='ltr'><strong>sed</strong></span> 
     </span>
    </p>
   </div>
   <div class='ocr_carea' id='block_1_98' title="bbox 402 5196 1977 5269">
    <p class='ocr_par' dir='ltr' id='par_1_98' title="bbox 402 5196 1977 5269">
     <span class='ocr_line' id='line_1_98' title="bbox 402 5196 1977 5269; baseline 0.001 -17"><span class='ocrx_word' id='word_1_709' title='bbox 402 5197 583 5252; x_wconf 78' lang='lat' dir='ltr'><strong>munia</strong></span> <span class='ocrx_word' id='word_1_710' title='bbox 627 5205 935 5252; x_wconf 88' lang='lat' dir='ltr'><strong>mensurate</strong></span> <span class='ocrx_word' id='word_1_711' title='bbox 977 5196 1156 5251; x_wconf 84' lang='lat' dir='ltr'><strong>faciat.</strong></span> <span class='ocrx_word' id='word_1_712' title='bbox 1210 5196 1314 5252; x_wconf 86' lang='lat' dir='ltr'><strong>Sed</strong></span> <span class='ocrx_word' id='word_1_713' title='bbox 1334 5198 1445 5266; x_wconf 87' lang='lat' dir='ltr'><strong>jam</strong></span> <span class='ocrx_word' id='word_1_714' title='bbox 1469 5198 1783 5269; x_wconf 82' lang='lat' dir='ltr'><strong>singillatim</strong></span> <span class='ocrx_word' id='word_1_715' title='bbox 1832 5198 1977 5267; x_wconf 88' lang='lat' dir='ltr'><strong>ipsa-</strong></span> 
     </span>
    </p>
   </div>
   <div class='ocr_carea' id='block_1_99' title="bbox 402 5288 1972 5359">
    <p class='ocr_par' dir='ltr' id='par_1_99' title="bbox 402 5288 1972 5359">
     <span class='ocr_line' id='line_1_99' title="bbox 402 5288 1972 5359; baseline 0.001 -17"><span class='ocrx_word' id='word_1_716' title='bbox 402 5301 524 5343; x_wconf 85' lang='lat' dir='ltr'><strong>rum</strong></span> <span class='ocrx_word' id='word_1_717' title='bbox 548 5289 767 5343; x_wconf 88' lang='lat' dir='ltr'><strong>nomina</strong></span> <span class='ocrx_word' id='word_1_718' title='bbox 794 5289 1022 5343; x_wconf 88' lang='lat' dir='ltr'><strong>lucidius</strong></span> <span class='ocrx_word' id='word_1_719' title='bbox 1045 5288 1376 5359; x_wconf 81' lang='lat' dir='ltr'><strong>digerantur,</strong></span> <span class='ocrx_word' id='word_1_720' title='bbox 1405 5305 1574 5359; x_wconf 88' lang='lat' dir='ltr'><strong>quare</strong></span> <span class='ocrx_word' id='word_1_721' title='bbox 1601 5291 1678 5345; x_wconf 83' lang='lat' dir='ltr'><strong>ita</strong></span> <span class='ocrx_word' id='word_1_722' title='bbox 1706 5290 1972 5354; x_wconf 88' lang='lat' dir='ltr'><strong>dicantur,</strong></span> 
     </span>
    </p>
   </div>
   <div class='ocr_carea' id='block_1_100' title="bbox 403 5378 1562 5451">
    <p class='ocr_par' dir='ltr' id='par_1_100' title="bbox 403 5378 1562 5451">
     <span class='ocr_line' id='line_1_100' title="bbox 403 5378 1562 5451; baseline 0.001 -17"><span class='ocrx_word' id='word_1_723' title='bbox 403 5378 488 5434; x_wconf 75' lang='lat' dir='ltr'><strong>vel</strong></span> <span class='ocrx_word' id='word_1_724' title='bbox 522 5394 645 5449; x_wconf 60' lang='lat' dir='ltr'><strong>qtae</strong></span> <span class='ocrx_word' id='word_1_725' title='bbox 676 5379 749 5434; x_wconf 86' lang='lat' dir='ltr'><strong>sit</strong></span> <span class='ocrx_word' id='word_1_726' title='bbox 771 5379 1191 5451; x_wconf 85' lang='lat' dir='ltr'><strong>uniuscujusque</strong></span> <span class='ocrx_word' id='word_1_727' title='bbox 1240 5380 1562 5449; x_wconf 88' lang='lat' dir='ltr'><strong>proprietas.</strong></span> 
     </span>
    </p>
   </div>
   <div class='ocr_carea' id='block_1_101' title="bbox 986 5496 1367 5553">
    <p class='ocr_par' dir='ltr' id='par_1_101' title="bbox 986 5496 1367 5553">
     <span class='ocr_line' id='line_1_101' title="bbox 986 5496 1367 5553; baseline -0.003 -1"><span class='ocrx_word' id='word_1_728' title='bbox 986 5497 1213 5553; x_wconf 80' lang='lat' dir='ltr'><strong>CAPUT</strong></span> <span class='ocrx_word' id='word_1_729' title='bbox 1262 5496 1367 5552; x_wconf 83' lang='lat' dir='ltr'><strong>VII.</strong></span> 
     </span>
    </p>
   </div>
   <div class='ocr_carea' id='block_1_102' title="bbox 967 5588 1368 5658">
    <p class='ocr_par' dir='ltr' id='par_1_102' title="bbox 967 5588 1368 5658">
     <span class='ocr_line' id='line_1_102' title="bbox 967 5588 1368 5658; baseline -0.002 -17"><span class='ocrx_word' id='word_1_730' title='bbox 967 5588 1043 5642; x_wconf 86' lang='lat' dir='ltr'><strong>De</strong></span> <span class='ocrx_word' id='word_1_731' title='bbox 1074 5589 1368 5658; x_wconf 67' lang='lat' dir='ltr'><strong>prudentia.</strong></span> 
     </span>
    </p>
   </div>
   <div class='ocr_carea' id='block_1_103' title="bbox 476 5694 1973 5769">
    <p class='ocr_par' dir='ltr' id='par_1_103' title="bbox 476 5694 1973 5769">
     <span class='ocr_line' id='line_1_103' title="bbox 476 5694 1973 5769; baseline 0.007 -24"><span class='ocrx_word' id='word_1_732' title='bbox 476 5694 769 5748; x_wconf 76' lang='lat' dir='ltr'><strong>Prudentia</strong></span> <span class='ocrx_word' id='word_1_733' title='bbox 821 5695 983 5765; x_wconf 82' lang='lat' dir='ltr'><strong>igitur</strong></span> <span class='ocrx_word' id='word_1_734' title='bbox 1027 5697 1222 5755; x_wconf 85' lang='lat' dir='ltr'><strong>dicitur</strong></span> <span class='ocrx_word' id='word_1_735' title='bbox 1266 5696 1418 5767; x_wconf 90' lang='lat' dir='ltr'><strong>quasi</strong></span> <span class='ocrx_word' id='word_1_736' title='bbox 1450 5697 1805 5766; x_wconf 88' lang='lat' dir='ltr'><strong>providcntia,</strong></span> <span class='ocrx_word' id='word_1_737' title='bbox 1853 5717 1973 5769; x_wconf 74' lang='lat' dir='ltr'><strong>qua:</strong></span> 
     </span>
    </p>
   </div>
   <div class='ocr_carea' id='block_1_104' title="bbox 2079 4532 3646 4599">
    <p class='ocr_par' dir='ltr' id='par_1_104' title="bbox 2079 4532 3646 4599">
     <span class='ocr_line' id='line_1_104' title="bbox 2079 4532 3646 4599; baseline 0.001 -12"><span class='ocrx_word' id='word_1_738' title='bbox 2079 4549 2185 4587; x_wconf 88' lang='lat' dir='ltr'><strong>non</strong></span> <span class='ocrx_word' id='word_1_739' title='bbox 2222 4532 2395 4587; x_wconf 89' lang='lat' dir='ltr'><strong>solum</strong></span> <span class='ocrx_word' id='word_1_740' title='bbox 2420 4533 2642 4588; x_wconf 89' lang='lat' dir='ltr'><strong>adversa</strong></span> <span class='ocrx_word' id='word_1_741' title='bbox 2664 4534 2865 4599; x_wconf 89' lang='lat' dir='ltr'><strong>vincat,</strong></span> <span class='ocrx_word' id='word_1_742' title='bbox 2903 4550 3089 4589; x_wconf 88' lang='lat' dir='ltr'><strong>verum</strong></span> <span class='ocrx_word' id='word_1_743' title='bbox 3118 4534 3280 4589; x_wconf 91' lang='lat' dir='ltr'><strong>etiam</strong></span> <span class='ocrx_word' id='word_1_744' title='bbox 3307 4544 3498 4589; x_wconf 90' lang='lat' dir='ltr'><strong>cuncta</strong></span> <span class='ocrx_word' id='word_1_745' title='bbox 3528 4536 3646 4589; x_wconf 84' lang='lat' dir='ltr'><strong>ille-</strong></span> 
     </span>
    </p>
   </div>
   <div class='ocr_carea' id='block_1_105' title="bbox 2079 4622 3651 4693">
    <p class='ocr_par' dir='ltr' id='par_1_105' title="bbox 2079 4622 3651 4693">
     <span class='ocr_line' id='line_1_105' title="bbox 2079 4622 3651 4693; baseline 0.001 -16"><span class='ocrx_word' id='word_1_746' title='bbox 2079 4622 2301 4678; x_wconf 89' lang='lat' dir='ltr'><strong>cebrosa</strong></span> <span class='ocrx_word' id='word_1_747' title='bbox 2351 4630 2407 4677; x_wconf 88' lang='lat' dir='ltr'><strong>et</strong></span> <span class='ocrx_word' id='word_1_748' title='bbox 2450 4622 2766 4693; x_wconf 87' lang='lat' dir='ltr'><strong>voluptuosa</strong></span> <span class='ocrx_word' id='word_1_749' title='bbox 2809 4632 2971 4692; x_wconf 89' lang='lat' dir='ltr'><strong>atque</strong></span> <span class='ocrx_word' id='word_1_750' title='bbox 3019 4624 3427 4680; x_wconf 85' lang='lat' dir='ltr'><strong>delectationem</strong></span> <span class='ocrx_word' id='word_1_751' title='bbox 3470 4625 3651 4680; x_wconf 87' lang='lat' dir='ltr'><strong>carnis</strong></span> 
     </span>
    </p>
   </div>
   <div class='ocr_carea' id='block_1_106' title="bbox 2079 4698 3653 4786">
    <p class='ocr_par' dir='ltr' id='par_1_106' title="bbox 2079 4698 3653 4786">
     <span class='ocr_line' id='line_1_106' title="bbox 2079 4698 3653 4786; baseline 0.003 -20"><span class='ocrx_word' id='word_1_752' title='bbox 2079 4713 2366 4778; x_wconf 86' lang='lat' dir='ltr'><strong>moventia,</strong></span> <span class='ocrx_word' id='word_1_753' title='bbox 2402 4723 2621 4783; x_wconf 83' lang='lat' dir='ltr'><strong>superet</strong></span> <span class='ocrx_word' id='word_1_754' title='bbox 2652 4722 2706 4767; x_wconf 89' lang='lat' dir='ltr'><strong>et</strong></span> <span class='ocrx_word' id='word_1_755' title='bbox 2728 4722 2900 4778; x_wconf 85' lang='lat' dir='ltr'><strong>necet,</strong></span> <span class='ocrx_word' id='word_1_756' title='bbox 2933 4725 3092 4785; x_wconf 89' lang='lat' dir='ltr'><strong>atque</strong></span> <span class='ocrx_word' id='word_1_757' title='bbox 3117 4698 3444 4786; x_wconf 74' lang='lat' dir='ltr'><strong>exstinguat.</strong></span> <span class='ocrx_word' id='word_1_758' title='bbox 3496 4717 3653 4783; x_wconf 80' lang='lat' dir='ltr'><strong>Quod</strong></span> 
     </span>
    </p>
   </div>
   <div class='ocr_carea' id='block_1_107' title="bbox 2076 4802 3653 4874">
    <p class='ocr_par' dir='ltr' id='par_1_107' title="bbox 2076 4802 3653 4874">
     <span class='ocr_line' id='line_1_107' title="bbox 2076 4802 3653 4874; baseline 0.003 -17"><span class='ocrx_word' id='word_1_759' title='bbox 2076 4818 2199 4857; x_wconf 87' lang='lat' dir='ltr'><strong>cum</strong></span> <span class='ocrx_word' id='word_1_760' title='bbox 2230 4802 2433 4868; x_wconf 88' lang='lat' dir='ltr'><strong>fecerit,</strong></span> <span class='ocrx_word' id='word_1_761' title='bbox 2467 4804 2591 4874; x_wconf 89' lang='lat' dir='ltr'><strong>jure</strong></span> <span class='ocrx_word' id='word_1_762' title='bbox 2631 4804 2888 4862; x_wconf 86' lang='lat' dir='ltr'><strong>fortitudo</strong></span> <span class='ocrx_word' id='word_1_763' title='bbox 2913 4806 3139 4865; x_wconf 88' lang='lat' dir='ltr'><strong>dicetur.</strong></span> <span class='ocrx_word' id='word_1_764' title='bbox 3189 4805 3323 4860; x_wconf 83' lang='lat' dir='ltr'><strong>Nam</strong></span> <span class='ocrx_word' id='word_1_765' title='bbox 3369 4806 3414 4861; x_wconf 90' lang='lat' dir='ltr'><strong>si</strong></span> <span class='ocrx_word' id='word_1_766' title='bbox 3458 4807 3653 4861; x_wconf 83' lang='lat' dir='ltr'><strong>adver-</strong></span> 
     </span>
    </p>
   </div>
   <div class='ocr_carea' id='block_1_108' title="bbox 2079 4893 3652 4966">
    <p class='ocr_par' dir='ltr' id='par_1_108' title="bbox 2079 4893 3652 4966">
     <span class='ocr_line' id='line_1_108' title="bbox 2079 4893 3652 4966; baseline 0.004 -20"><span class='ocrx_word' id='word_1_767' title='bbox 2079 4893 2255 4947; x_wconf 87' lang='lat' dir='ltr'><strong>santia</strong></span> <span class='ocrx_word' id='word_1_768' title='bbox 2283 4903 2521 4963; x_wconf 88' lang='lat' dir='ltr'><strong>superet,</strong></span> <span class='ocrx_word' id='word_1_769' title='bbox 2566 4894 2836 4950; x_wconf 83' lang='lat' dir='ltr'><strong>blanditiis</strong></span> <span class='ocrx_word' id='word_1_770' title='bbox 2872 4912 2997 4954; x_wconf 86' lang='lat' dir='ltr'><strong>vero</strong></span> <span class='ocrx_word' id='word_1_771' title='bbox 3026 4896 3318 4966; x_wconf 86' lang='lat' dir='ltr'><strong>petulantis</strong></span> <span class='ocrx_word' id='word_1_772' title='bbox 3356 4898 3537 4952; x_wconf 86' lang='lat' dir='ltr'><strong>carnis</strong></span> <span class='ocrx_word' id='word_1_773' title='bbox 3560 4913 3652 4952; x_wconf 86' lang='lat' dir='ltr'><strong>as-</strong></span> 
     </span>
    </p>
   </div>
   <div class='ocr_carea' id='block_1_109' title="bbox 2080 4983 3649 5057">
    <p class='ocr_par' dir='ltr' id='par_1_109' title="bbox 2080 4983 3649 5057">
     <span class='ocr_line' id='line_1_109' title="bbox 2080 4983 3649 5057; baseline 0.004 -22"><span class='ocrx_word' id='word_1_774' title='bbox 2080 4983 2297 5048; x_wconf 90' lang='lat' dir='ltr'><strong>sentiat,</strong></span> <span class='ocrx_word' id='word_1_775' title='bbox 2327 4999 2432 5038; x_wconf 91' lang='lat' dir='ltr'><strong>non</strong></span> <span class='ocrx_word' id='word_1_776' title='bbox 2455 4983 2738 5050; x_wconf 88' lang='lat' dir='ltr'><strong>fortitudo,</strong></span> <span class='ocrx_word' id='word_1_777' title='bbox 2765 4986 2862 5040; x_wconf 87' lang='lat' dir='ltr'><strong>sed</strong></span> <span class='ocrx_word' id='word_1_778' title='bbox 2885 4986 3138 5042; x_wconf 91' lang='lat' dir='ltr'><strong>resolutio</strong></span> <span class='ocrx_word' id='word_1_779' title='bbox 3162 4989 3444 5047; x_wconf 82' lang='lat' dir='ltr'><strong>vocabitur</strong></span> <span class='ocrx_word' id='word_1_780' title='bbox 3470 5003 3488 5042; x_wconf 88' lang='lat'><strong>:</strong></span> <span class='ocrx_word' id='word_1_781' title='bbox 3515 5004 3649 5057; x_wconf 80' lang='lat' dir='ltr'><strong>quo-</strong></span> 
     </span>
    </p>
   </div>
   <div class='ocr_carea' id='block_1_110' title="bbox 2078 5070 3653 5149">
    <p class='ocr_par' dir='ltr' id='par_1_110' title="bbox 2078 5070 3653 5149">
     <span class='ocr_line' id='line_1_110' title="bbox 2078 5070 3653 5149; baseline 0.004 -24"><span class='ocrx_word' id='word_1_782' title='bbox 2078 5070 2224 5125; x_wconf 89' lang='lat' dir='ltr'><strong>niam</strong></span> <span class='ocrx_word' id='word_1_783' title='bbox 2267 5072 2335 5126; x_wconf 92' lang='lat' dir='ltr'><strong>ad</strong></span> <span class='ocrx_word' id='word_1_784' title='bbox 2356 5073 2687 5129; x_wconf 88' lang='lat' dir='ltr'><strong>delectabilia</strong></span> <span class='ocrx_word' id='word_1_785' title='bbox 2708 5075 2953 5130; x_wconf 88' lang='lat' dir='ltr'><strong>solvitur.</strong></span> <span class='ocrx_word' id='word_1_786' title='bbox 3006 5076 3083 5131; x_wconf 84' lang='lat' dir='ltr'><strong>De</strong></span> <span class='ocrx_word' id='word_1_787' title='bbox 3114 5092 3221 5147; x_wconf 81' lang='lat' dir='ltr'><strong>qua</strong></span> <span class='ocrx_word' id='word_1_788' title='bbox 3249 5078 3487 5133; x_wconf 84' lang='lat' dir='ltr'><strong>breviter</strong></span> <span class='ocrx_word' id='word_1_789' title='bbox 3531 5079 3653 5149; x_wconf 88' lang='lat' dir='ltr'><strong>qui-</strong></span> 
     </span>
    </p>
   </div>
   <div class='ocr_carea' id='block_1_111' title="bbox 2079 5162 3651 5233">
    <p class='ocr_par' dir='ltr' id='par_1_111' title="bbox 2079 5162 3651 5233">
     <span class='ocr_line' id='line_1_111' title="bbox 2079 5162 3651 5233; baseline 0.006 -17"><span class='ocrx_word' id='word_1_790' title='bbox 2079 5162 2200 5217; x_wconf 88' lang='lat' dir='ltr'><strong>dem</strong></span> <span class='ocrx_word' id='word_1_791' title='bbox 2230 5165 2330 5218; x_wconf 86' lang='lat' dir='ltr'><strong>sed</strong></span> <span class='ocrx_word' id='word_1_792' title='bbox 2363 5165 2739 5221; x_wconf 89' lang='lat' dir='ltr'><strong>honestissime</strong></span> <span class='ocrx_word' id='word_1_793' title='bbox 2764 5165 3038 5233; x_wconf 85' lang='lat' dir='ltr'><strong>dilliuitur,</strong></span> <span class='ocrx_word' id='word_1_794' title='bbox 3070 5183 3195 5223; x_wconf 82' lang='lat' dir='ltr'><strong>eum</strong></span> <span class='ocrx_word' id='word_1_795' title='bbox 3218 5168 3415 5224; x_wconf 90' lang='lat' dir='ltr'><strong>dicitur</strong></span> <span class='ocrx_word' id='word_1_796' title='bbox 3436 5188 3453 5223; x_wconf 86' lang='lat'><strong>:</strong></span> <span class='ocrx_word' id='word_1_797' title='bbox 3478 5168 3651 5225; x_wconf 83' lang='lat' dir='ltr'><strong>Nemo</strong></span> 
     </span>
    </p>
   </div>
   <div class='ocr_carea' id='block_1_112' title="bbox 2078 5251 3650 5329">
    <p class='ocr_par' dir='ltr' id='par_1_112' title="bbox 2078 5251 3650 5329">
     <span class='ocr_line' id='line_1_112' title="bbox 2078 5251 3650 5329; baseline 0.006 -24"><span class='ocrx_word' id='word_1_798' title='bbox 2078 5251 2269 5307; x_wconf 90' lang='lat' dir='ltr'><strong>melius</strong></span> <span class='ocrx_word' id='word_1_799' title='bbox 2312 5254 2497 5319; x_wconf 88' lang='lat' dir='ltr'><strong>vincit,</strong></span> <span class='ocrx_word' id='word_1_800' title='bbox 2548 5270 2709 5322; x_wconf 88' lang='lat' dir='ltr'><strong>quam</strong></span> <span class='ocrx_word' id='word_1_801' title='bbox 2738 5255 2830 5326; x_wconf 92' lang='lat' dir='ltr'><strong>qui</strong></span> <span class='ocrx_word' id='word_1_802' title='bbox 2854 5256 3088 5326; x_wconf 88' lang='lat' dir='ltr'><strong>seipsum</strong></span> <span class='ocrx_word' id='word_1_803' title='bbox 3119 5257 3305 5313; x_wconf 88' lang='lat' dir='ltr'><strong>vincit.</strong></span> <span class='ocrx_word' id='word_1_804' title='bbox 3349 5257 3460 5313; x_wconf 87' lang='lat' dir='ltr'><strong>Sed</strong></span> <span class='ocrx_word' id='word_1_805' title='bbox 3515 5275 3650 5329; x_wconf 84' lang='lat' dir='ltr'><strong>quo-</strong></span> 
     </span>
    </p>
   </div>
   <div class='ocr_carea' id='block_1_113' title="bbox 2080 5340 3648 5415">
    <p class='ocr_par' dir='ltr' id='par_1_113' title="bbox 2080 5340 3648 5415">
     <span class='ocr_line' id='line_1_113' title="bbox 2080 5340 3648 5415; baseline 0.006 -21"><span class='ocrx_word' id='word_1_806' title='bbox 2080 5340 2225 5395; x_wconf 89' lang='lat' dir='ltr'><strong>niam</strong></span> <span class='ocrx_word' id='word_1_807' title='bbox 2271 5342 2484 5399; x_wconf 90' lang='lat' dir='ltr'><strong>virtutis</strong></span> <span class='ocrx_word' id='word_1_808' title='bbox 2517 5344 2677 5414; x_wconf 84' lang='lat' dir='ltr'><strong>hujus</strong></span> <span class='ocrx_word' id='word_1_809' title='bbox 2701 5350 3027 5415; x_wconf 89' lang='lat' dir='ltr'><strong>nuncupatio</strong></span> <span class='ocrx_word' id='word_1_810' title='bbox 3074 5348 3238 5402; x_wconf 90' lang='lat' dir='ltr'><strong>etiam</strong></span> <span class='ocrx_word' id='word_1_811' title='bbox 3275 5349 3345 5403; x_wconf 89' lang='lat' dir='ltr'><strong>ad</strong></span> <span class='ocrx_word' id='word_1_812' title='bbox 3371 5349 3648 5405; x_wconf 81' lang='lat' dir='ltr'><strong>sinistram</strong></span> 
     </span>
    </p>
   </div>
   <div class='ocr_carea' id='block_1_114' title="bbox 2080 5432 3647 5508">
    <p class='ocr_par' dir='ltr' id='par_1_114' title="bbox 2080 5432 3647 5508">
     <span class='ocr_line' id='line_1_114' title="bbox 2080 5432 3647 5508; baseline 0.006 -22"><span class='ocrx_word' id='word_1_813' title='bbox 2080 5432 2389 5496; x_wconf 79' lang='lat' dir='ltr'><strong>reflectitur,</strong></span> <span class='ocrx_word' id='word_1_814' title='bbox 2419 5450 2637 5490; x_wconf 88' lang='lat' dir='ltr'><strong>necesse</strong></span> <span class='ocrx_word' id='word_1_815' title='bbox 2662 5445 2746 5491; x_wconf 87' lang='lat' dir='ltr'><strong>est</strong></span> <span class='ocrx_word' id='word_1_816' title='bbox 2764 5445 2821 5490; x_wconf 91' lang='lat' dir='ltr'><strong>ut</strong></span> <span class='ocrx_word' id='word_1_817' title='bbox 2844 5437 2909 5492; x_wconf 91' lang='lat' dir='ltr'><strong>de</strong></span> <span class='ocrx_word' id='word_1_818' title='bbox 2940 5439 3042 5492; x_wconf 90' lang='lat' dir='ltr'><strong>hac</strong></span> <span class='ocrx_word' id='word_1_819' title='bbox 3065 5439 3262 5508; x_wconf 87' lang='lat' dir='ltr'><strong>aliquid</strong></span> <span class='ocrx_word' id='word_1_820' title='bbox 3287 5441 3517 5496; x_wconf 81' lang='lat' dir='ltr'><strong>dicatur.</strong></span> <span class='ocrx_word' id='word_1_821' title='bbox 3552 5443 3647 5496; x_wconf 86' lang='lat' dir='ltr'><strong>Di-</strong></span> 
     </span>
    </p>
   </div>
   <div class='ocr_carea' id='block_1_115' title="bbox 2079 5521 3645 5597">
    <p class='ocr_par' dir='ltr' id='par_1_115' title="bbox 2079 5521 3645 5597">
     <span class='ocr_line' id='line_1_115' title="bbox 2079 5521 3645 5597; baseline 0.007 -23"><span class='ocrx_word' id='word_1_822' title='bbox 2079 5521 2219 5576; x_wconf 91' lang='lat' dir='ltr'><strong>citur</strong></span> <span class='ocrx_word' id='word_1_823' title='bbox 2244 5539 2473 5593; x_wconf 89' lang='lat' dir='ltr'><strong>namque</strong></span> <span class='ocrx_word' id='word_1_824' title='bbox 2494 5532 2548 5579; x_wconf 88' lang='lat' dir='ltr'><strong>et</strong></span> <span class='ocrx_word' id='word_1_825' title='bbox 2573 5523 2829 5581; x_wconf 89' lang='lat' dir='ltr'><strong>fortitudo</strong></span> <span class='ocrx_word' id='word_1_826' title='bbox 2854 5526 3137 5593; x_wconf 87' lang='lat' dir='ltr'><strong>diabolica,</strong></span> <span class='ocrx_word' id='word_1_827' title='bbox 3161 5529 3228 5583; x_wconf 89' lang='lat' dir='ltr'><strong>de</strong></span> <span class='ocrx_word' id='word_1_828' title='bbox 3249 5544 3356 5597; x_wconf 87' lang='lat' dir='ltr'><strong>qua</strong></span> <span class='ocrx_word' id='word_1_829' title='bbox 3386 5530 3645 5585; x_wconf 87' lang='lat' dir='ltr'><strong>Dominus</strong></span> 
     </span>
    </p>
   </div>
   <div class='ocr_carea' id='block_1_116' title="bbox 2078 5609 3644 5688">
    <p class='ocr_par' dir='ltr' id='par_1_116' title="bbox 2078 5609 3644 5688">
     <span class='ocr_line' id='line_1_116' title="bbox 2078 5609 3644 5688; baseline 0.007 -27"><span class='ocrx_word' id='word_1_830' title='bbox 2078 5609 2144 5662; x_wconf 88' lang='lat' dir='ltr'><strong>ad</strong></span> <span class='ocrx_word' id='word_1_831' title='bbox 2174 5612 2381 5665; x_wconf 86' lang='lat' dir='ltr'><strong>beatum</strong></span> <span class='ocrx_word' id='word_1_832' title='bbox 2405 5611 2505 5668; x_wconf 86' lang='lat' dir='ltr'><strong>Job</strong></span> <span class='ocrx_word' id='word_1_833' title='bbox 2540 5612 2776 5682; x_wconf 89' lang='lat' dir='ltr'><strong>loquitur</strong></span> <span class='ocrx_word' id='word_1_834' title='bbox 2805 5632 2817 5667; x_wconf 89' lang='lat'><strong>:</strong></span> <span class='ocrx_word' id='word_1_835' title='bbox 2872 5612 3049 5670; x_wconf 75' lang='lat' dir='ltr'><strong>Virtus</strong></span> <span class='ocrx_word' id='word_1_836' title='bbox 3078 5617 3192 5686; x_wconf 84' lang='lat' dir='ltr'><strong>ejus</strong></span> <span class='ocrx_word' id='word_1_837' title='bbox 3221 5618 3274 5671; x_wconf 86' lang='lat' dir='ltr'><strong>in</strong></span> <span class='ocrx_word' id='word_1_838' title='bbox 3294 5619 3483 5671; x_wconf 77' lang='lat' dir='ltr'><strong>lumbis</strong></span> <span class='ocrx_word' id='word_1_839' title='bbox 3503 5621 3644 5688; x_wconf 71' lang='lat' dir='ltr'><strong>ejus,</strong></span> 
     </span>
    </p>
   </div>
   <div class='ocr_carea' id='block_1_117' title="bbox 2075 5698 3642 5771">
    <p class='ocr_par' dir='ltr' id='par_1_117' title="bbox 2075 5698 3642 5771">
     <span class='ocr_line' id='line_1_117' title="bbox 2075 5698 3642 5771; baseline 0.004 -18"><span class='ocrx_word' id='word_1_840' title='bbox 2075 5708 2123 5753; x_wconf 81' lang='lat' dir='ltr'><strong>ct</strong></span> <span class='ocrx_word' id='word_1_841' title='bbox 2180 5698 2430 5767; x_wconf 72' lang='lat' dir='ltr'><strong>fortitudo</strong></span> <span class='ocrx_word' id='word_1_842' title='bbox 2491 5702 2631 5755; x_wconf 67' lang='lat' dir='ltr'><strong>filius</strong></span> <span class='ocrx_word' id='word_1_843' title='bbox 2676 5705 2729 5756; x_wconf 84' lang='lat' dir='ltr'><strong>in</strong></span> <span class='ocrx_word' id='word_1_844' title='bbox 2775 5703 3015 5758; x_wconf 78' lang='lat' dir='ltr'><strong>umbilico</strong></span> <span class='ocrx_word' id='word_1_845' title='bbox 3062 5706 3250 5760; x_wconf 75' lang='lat' dir='ltr'><strong>ventris</strong></span> <span class='ocrx_word' id='word_1_846' title='bbox 3308 5707 3423 5771; x_wconf 83' lang='lat' dir='ltr'><strong>eius</strong></span> <span class='ocrx_word' id='word_1_847' title='bbox 3477 5707 3642 5770; x_wconf 78' lang='lat' dir='ltr'><strong>(Job.</strong></span> 
     </span>
    </p>
   </div>
  </div>
