4028 6196
414 385 554 449 ΗΠ

1631 388 1952 447 TRACTAT
1963 390 2048 448 US
2085 388 2175 446 DE
2211 386 2450 448 ANIMA.

3528 393 3666 454 “18

413 502 667 569 xsxvm).
723 498 875 557 Unde
919 500 1178 555 Dominus
1213 502 1266 555 in
1300 500 1591 572 Evangelio
1629 500 1760 554 dicit
1792 519 1805 554 :
1857 498 1991 555 Cum
2018 505 2069 562 Α
2095 501 2221 557 ll:ec
2242 505 2404 557 etiam
2442 503 2699 560 discretio
2730 505 2837 562 alio
2883 504 3104 564 nomine
3132 506 3332 565 dicitur
3357 525 3372 563 :
3399 509 3524 581 quia
3552 526 3670 565 om-

414 597 565 667 fortis
597 604 834 648 armatus
863 593 1087 647 custodit
1114 593 1309 646 atrium
1329 609 1505 658 suum,
1550 594 1604 647 in
1633 608 1760 663 pace
1783 602 1905 646 sunt
1930 608 1993 646 ea

412 704 529 758 qua:
556 682 781 755 possidet
817 681 965 753 (Luc.
1022 684 1121 753 XI).
1194 682 1430 747 Fortem,
1468 683 1673 738 scilicet
1696 682 1990 747 diabolum,

415 777 613 831 atrium
660 790 791 828 vero
840 773 1001 834 illius,
1050 775 1308 828 mundum
1359 774 1722 843 intelligimus.
1779 773 1854 827 De
1884 787 1993 841 quo

412 867 555 919 atrio
593 864 814 918 fortiore
838 863 1270 933 superveniente,
1320 864 1373 916 id
1414 871 1497 918 est
1533 863 1771 926 Christo,
1820 862 1992 915 victus

411 964 466 1008 et
515 964 821 1023 superatus,
862 951 1065 1021 ejectus
1118 963 1217 1007 est.
1269 952 1379 1008 Sed
1424 951 1682 1007 fortitudo
1727 952 1990 1007 diabolica

410 1058 532 1112 qltte
589 1058 781 1113 pravos
821 1043 874 1097 in
903 1042 1057 1097 malis
1106 1043 1343 1108 roborat,
1393 1051 1449 1097 et
1499 1042 1694 1097 Christi
1732 1040 1992 1097 fortitudo

412 1153 516 1207 qua
543 1136 713 1192 sancti
750 1137 816 1191 ad
846 1136 1121 1190 toleranda
1148 1136 1371 1190 adversa
1405 1136 1849 1198 corroborantur,
1883 1151 1990 1189 non

414 1228 533 1283 solo
565 1237 709 1289 actu,
765 1225 859 1280 sed
895 1224 1057 1280 etiam
1089 1227 1202 1296 ipsa
1238 1227 1501 1280 varietate
1528 1225 1802 1280 nominum
1836 1224 1988 1280 diffe-

411 1326 556 1373 runt.
600 1316 880 1371 Fortitudo
915 1330 1144 1384 namque
1172 1315 1432 1370 diabolica
1464 1314 1665 1368 dicitur
1707 1323 1991 1369 contuma-

408 1409 520 1475 cia,
561 1408 871 1478 pertinacia,
896 1408 1007 1462 sive
1038 1406 1202 1461 etiam
1233 1407 1551 1475 pervicacia,
1577 1421 1696 1475 qua:
1718 1406 1989 1460 hominem

408 1516 518 1554 non
554 1500 736 1554 sinunt
770 1514 801 1552 a
829 1498 1010 1569 pravis
1052 1497 1261 1552 actibus
1306 1497 1508 1552 sanctis
1551 1496 1989 1566 persuasionibus

407 1588 674 1642 revocari.
719 1585 998 1641 Fortitudo
1048 1601 1173 1640 vero
1198 1585 1423 1649 Christi,
1468 1587 1580 1656 ipsa
1610 1594 1692 1641 est
1736 1600 1988 1656 perseve-

409 1676 583 1730 rantia
621 1689 713 1730 seu
767 1675 1048 1730 tolerantia
1093 1692 1106 1728 :
1156 1688 1384 1729 necnon
1412 1682 1468 1727 et
1518 1672 1799 1743 patientia,
1869 1687 1989 1742 quae

409 1764 595 1821 omnia
653 1765 876 1820 adversa
913 1764 1310 1835 longanimiter,
1365 1771 1421 1818 et
1460 1764 1728 1833 patienter
1768 1764 1981 1819 tolerat.

409 1856 561 1912 Hanc
592 1857 773 1926 itaque
813 1870 1034 1911 necesse
1058 1864 1142 1911 est
1168 1865 1227 1909 ut
1255 1855 1464 1924 justitia
1496 1856 1805 1920 comitetur,
1865 1872 1984 1925 quae
2012 1837 2059 1896 Β

408 1947 675 2001 rectitude
710 1946 822 2001 sive
853 1947 1079 2016 azquitas
1108 1945 1306 1999 dicitur
1338 1963 1353 2011 ;
1414 1959 1481 1999 ne
1528 1945 1670 2016 quod
1712 1944 1850 2001 forte
1882 1956 1986 2013 est,

403 2038 610 2108 absque
654 2038 975 2093 rectitudine
1005 2036 1187 2107 aliquo
1228 2038 1386 2092 modo
1428 2036 1518 2091 fiat
1552 2052 1799 2107 pravum.

1016 2147 1244 2204 CAPUT
1283 2145 1374 2203 ιχ.

1029 2237 1105 2292 De
1139 2234 1370 2308 justitia.

474 2348 692 2408 Justitia
739 2350 899 2420 igitur
942 2350 1159 2415 dicitur,
1213 2351 1368 2419 quasi
1413 2349 1552 2418 juris
1591 2351 1858 2415 custodia,
1921 2364 1988 2405 eo

401 2447 547 2519 quod
569 2445 828 2515 quidquid
850 2442 960 2512 jus,
1009 2444 1062 2499 id
1088 2451 1190 2507 est,
1245 2443 1331 2497 lex
1358 2443 1621 2513 praecipit,
1670 2443 1981 2498 custodiat:

403 2541 491 2595 vel
535 2537 795 2607 quidquid
836 2536 1084 2607 prohibet
1130 2536 1350 2590 devitet.
1412 2533 1539 2588 Hzec
1583 2548 1714 2604 ergo
1751 2533 1799 2587 si
1832 2531 1986 2588 forti-

406 2629 577 2684 tudini
598 2627 884 2697 conjuncta
914 2626 1096 2691 fuerit,
1133 2641 1252 2680 eam
1282 2624 1429 2679 omni
1460 2624 1617 2679 modo
1638 2624 1982 2680 condecorat.

405 2718 538 2774 Nam
577 2717 835 2788 quidquid
864 2717 1000 2772 forte
1030 2725 1133 2782 est,
1182 2716 1285 2770 nisi
1306 2714 1509 2783 justum
1537 2714 1719 2778 fuerit,
1756 2715 1822 2768 ad
1866 2729 1988 2784 pra-

404 2823 546 2872 vam,
580 2808 696 2863 sine
721 2806 904 2870 dubio,
941 2814 1149 2876 partem
1187 2804 1534 2861 derivabitur.
1592 2803 1808 2860 Iustitia
1855 2820 1986 2876 ergo

405 2910 492 2958 est
528 2900 741 2971 propria
767 2898 1023 2954 nobilitas
1048 2898 1232 2958 animi,
1286 2913 1405 2967 qua:
1432 2897 1723 2966 unicuique
1746 2897 1985 2952 debitam

403 3000 624 3065 praestat
666 2990 1094 3046 retributionem.
1139 2988 1324 3051 Bonis,
1375 2987 1584 3042 scilicet
1633 2986 1849 3055 dignam
1896 3001 1985 3040 re-

405 3082 646 3137 tribuens
684 3078 939 3135 laudem:
989 3075 1276 3146 pravisque
1315 3086 1371 3129 et
1421 3073 1688 3145 malignis,
1746 3074 1983 3129 debitam

406 3172 657 3241 ingerens
683 3166 1092 3237 vituperationis
1117 3162 1613 3234 reprehensionem.
1657 3164 1776 3232 lpsa
1799 3164 1983 3233 itaque
2009 3175 2054 3236 ρ

402 3260 639 3316 debitum
669 3259 778 3312 Deo
807 3257 1104 3313 divinitatis
1125 3257 1326 3311 cultmn
1359 3256 1727 3325 honoremque
1774 3255 1982 3324 impen-

405 3351 601 3412 dimus,
668 3358 830 3417 atque
869 3347 1209 3403 dilectionem
1261 3364 1273 3399 :
1326 3346 1601 3415 proximos
1648 3359 1776 3399 vero
1821 3344 1981 3414 digno

405 3442 704 3499 dilectionis
727 3457 911 3496 amore
948 3440 1372 3510 complectimur.
1425 3437 1564 3503 Quid
1597 3437 1738 3491 enim
1763 3437 1977 3506 justius,

403 3549 564 3604 quam
595 3534 757 3587 Deum
782 3541 892 3586 toto
918 3533 1078 3586 corde
1100 3531 1342 3599 diligere,
1374 3545 1403 3582 a
1430 3544 1537 3598 quo
1566 3528 1769 3583 comliti
1794 3542 1981 3582 sumus

404 3627 531 3678 dum
581 3640 684 3678 non
724 3623 1007 3678 essemus?
1055 3621 1191 3675 Male
1231 3630 1410 3674 autem
1467 3620 1708 3689 captivos
1746 3620 1978 3673 dicimus

404 3715 530 3784 quia
575 3724 657 3769 est
685 3722 739 3767 et
763 3712 1047 3781 captivitas
1074 3710 1236 3776 bona,
1266 3711 1330 3766 de
1357 3726 1462 3779 qua
1499 3711 1696 3765 dicitur
1725 3728 1737 3763 :
1788 3710 1982 3764 Ascen-

405 3804 531 3858 dens
561 3802 799 3858 Christus
833 3803 888 3857 in
928 3801 1115 3865 altum,
1152 3802 1407 3869 captivam
1443 3801 1596 3854 duxit
1632 3800 1978 3871 captivitate»:

405 3891 576 3965 (Psul.
625 3893 814 3964 uvn).
869 3892 1008 3959 Quid
1034 3907 1160 3947 vero
1200 3892 1402 3947 rectius
1428 3906 1547 3946 esse
1577 3899 1774 3961 potest,
1814 3906 1979 3960 quam

406 3984 679 4054 proximos
721 3984 813 4053 qui
870 3982 1072 4039 similes
1124 3982 1276 4037 nobis
1324 3989 1450 4038 sunt
1482 3981 1705 4047 conditi,
1753 3988 1808 4037 et
1863 3981 1979 4050 pari

408 4076 566 4130 modo
593 4075 873 4145 redempti,
904 4074 1047 4129 sicut
1080 4089 1178 4128 nos
1203 4073 1456 4142 diligere?
1487 4072 1599 4126 liae
1630 4073 1766 4142 ipsa,
1795 4080 1978 4127 nostra

407 4169 883 4237 proximorumque
902 4174 1107 4230 errata,
1138 4166 1294 4237 digna
1322 4174 1378 4221 et
1402 4165 1577 4220 debita
1605 4165 1979 4234 redargutione

407 4265 899 4329 compescerentur.
934 4256 1070 4323 Quia
1099 4256 1200 4310 hac
1224 4271 1354 4326 ergo
1380 4254 1717 4309 refrenantur
1744 4262 1799 4309 et
1827 4269 1980 4309 coer-

408 4358 598 4405 centur
619 4348 819 4410 illicita,
851 4347 1155 4416 redargutio
1180 4361 1309 4400 vero
1335 4346 1539 4419 absque
1586 4344 1799 4399 fervore
1839 4359 1976 4415 quo-

408 4442 529 4494 dam
584 4447 639 4493 et
664 4438 857 4493 ardore
892 4436 991 4490 zeli
1034 4437 1217 4505 nequit
1242 4434 1378 4499 fieri,
1430 4444 1576 4490 recte
1624 4434 1978 4504 temperantia

402 4530 663 4600 justitiam
699 4529 964 4598 sequitur,
1013 4542 1080 4580 ne
1104 4526 1286 4580 fervor
1320 4525 1542 4593 justitia:
1566 4527 1784 4581 modum
1817 4541 1980 4584 exce-
2005 4525 2060 4584 D

406 4621 521 4682 dat,
561 4629 614 4674 et
648 4635 805 4687 quem
837 4618 1033 4672 lucrari
1065 4617 1329 4670 monendo
1371 4624 1427 4669 et
1450 4618 1769 4687 corrigendo
1814 4617 1977 4673 debe-

408 4727 545 4772 mus,
611 4710 773 4763 nimia
813 4709 1147 4763 correctione
1170 4706 1500 4772 dejiciamus.

1036 4818 1262 4875 CAPUT
1293 4818 1359 4873 Χ.

955 4908 1029 4964 De
1057 4911 1416 4980 temperantia.

476 5021 853 5092 Temperantia
899 5038 1028 5094 ergo
1058 5023 1277 5087 dicitur,
1322 5021 1574 5091 quoniam
1614 5025 1981 5079 moderatione

405 5130 500 5169 sua
529 5122 792 5183 temperat
829 5115 1069 5169 animum
1099 5113 1539 5184 uniuscujusque.
1576 5114 1727 5169 Unde
1750 5124 1804 5169 et
1843 5124 1981 5169 tem-

402 5209 648 5276 perantia
696 5207 912 5272 dicitur,
950 5207 1074 5277 quia
1122 5208 1359 5261 animum
1402 5215 1666 5278 temperat
1713 5207 1982 5263 caloribus

404 5304 461 5353 et
508 5295 819 5368 frigoribus,
854 5311 922 5351 ne
954 5296 1116 5350 nimis
1163 5295 1378 5366 frigida,
1423 5296 1702 5351 nimietate
1733 5313 1851 5360 sua,
1901 5313 1984 5351 ren

402 5385 637 5455 stringat
660 5385 889 5440 virentia
915 5385 1154 5439 arbusta.
1179 5385 1555 5455 Temperantia
1576 5386 1739 5456 igitur
1764 5393 1845 5439 est
1876 5386 1982 5439 vir-

409 5483 494 5531 tus
524 5475 708 5541 animi,
742 5492 862 5545 qua:
896 5490 992 5530 suo
1029 5475 1396 5530 moderamine
1428 5476 1593 5530 totius
1617 5477 1740 5530 vita:
1763 5476 1977 5529 modum

408 5566 652 5635 imponit,
683 5582 751 5621 ne
772 5566 900 5635 quid
929 5575 1021 5619 aut
1053 5566 1179 5620 odio
1209 5566 1374 5621 nimio
1406 5576 1741 5632 exsecretur,
1773 5575 1865 5621 aut
1900 5566 1982 5619 ni-

406 5655 519 5711 mio
548 5672 731 5711 amore
769 5656 1086 5712 demulceat.
1121 5655 1319 5712 Omnes
1364 5672 1492 5713 vero
1536 5659 1826 5713 varietates
1851 5674 1982 5727 qua-

408 5745 535 5808 dam
562 5746 834 5823 diligentia
865 5748 1233 5812 considerans,
1266 5757 1530 5821 temperat
1555 5757 1611 5803 ct
1652 5749 1979 5802 moderatur.

2093 591 2181 644 nia
2212 592 2471 647 discernit
2508 609 2575 649 ne
2604 596 2820 651 modum
2855 598 3141 679 excedant,
3186 613 3361 668 neque
3389 601 3456 652 ad
3483 601 3666 654 dexte-

2095 700 2231 750 ram,
2275 702 2449 756 neque
2480 689 2547 741 ad
2598 689 2786 743 laevam
2831 691 3054 744 nimium
3103 692 3491 746 declinet:sed
3543 707 3670 761 qua-

2093 776 2213 831 dam
2245 778 2327 830 via
2377 780 2521 847 regia
2569 780 2866 849 gradiatur,
2918 789 3284 849 temperetque
3321 782 3566 850 gradum,
3602 796 3667 833 ne

2093 863 2233 917 ultra
2259 866 2473 920 modum
2501 866 2735 921 incedat.
2774 868 2927 922 Unde
2955 877 3009 922 et
3036 868 3396 937 philosophica
3435 869 3521 920 illa
3547 884 3665 921 son~

2094 955 2276 1016 tentia,
2302 955 2481 1010 brevis
2510 957 2794 1010 admodum
2825 967 2927 1021 est,
2959 958 3052 1011 sed
3075 959 3448 1027 probatissima
3474 960 3524 1011 in
3568 960 3666 1012 hac

2092 1044 2198 1097 vita
2242 1046 2583 1114 maximeque
2624 1049 2931 1102 necessaria
2969 1067 2980 1101 :
3015 1048 3090 1102 Ne
3129 1050 3256 1118 quid
3305 1050 3484 1103 nimis.
3531 1050 3664 1104 Cum

2090 1134 2236 1189 enim
2286 1135 2413 1189 dicit
2445 1151 2461 1190 :
2491 1134 2569 1190 Ne
2598 1138 2749 1206 quid,
2795 1139 3051 1201 ostendit,
3080 1140 3205 1208 quia
3249 1148 3303 1194 et
3351 1140 3548 1194 bonum
3582 1142 3666 1194 ni—

2090 1226 2256 1279 mium
2288 1242 2409 1282 esse
2442 1237 2638 1296 potest.
2674 1227 2827 1283 Unde
2875 1238 2929 1284 et
2963 1228 3217 1284 Salomon
3249 1232 3379 1286 dicit
3406 1230 3580 1295 :.Fiti,
3606 1248 3669 1285 ne

2088 1320 2161 1372 sis
2189 1319 2407 1372 nimium
2418 1320 2598 1387 justus
2627 1318 2813 1390 (Eccli.
2836 1323 2951 1392 vn).
2981 1321 3057 1376 De
3077 1322 3181 1376 hac
3205 1323 3366 1377 etiam
3388 1321 3555 1378 Iacob
3574 1338 3669 1392 per

2089 1405 2400 1475 allegoriam
2428 1407 2561 1462 dicit
2587 1424 2601 1461 :
2629 1407 2809 1462 Habeo
2840 1409 2987 1463 boves
3013 1420 3061 1463 et
3086 1427 3201 1465 ores
3224 1410 3378 1479 fetas,
3404 1421 3452 1464 et
3481 1428 3668 1481 paruu-

2089 1493 2167 1549 los
2195 1505 2397 1550 teneros
2419 1536 2433 1550 .
2463 1514 2593 1568 quos
2626 1498 2671 1551 si
2705 1498 2820 1567 plus
2861 1500 2918 1552 in
2963 1499 3281 1554 ambulando
3323 1500 3491 1569 fecero
3518 1501 3666 1554 labo-

2117 1601 2228 1649 are,
2258 1586 2550 1641 morientur
2580 1586 2732 1659 (Gen.
2767 1589 2981 1660 xxxm).
3018 1589 3117 1644 Per
3156 1591 3321 1645 boves
3370 1591 3568 1662 quippe
3614 1600 3669 1645 et

2089 1687 2217 1728 oves
2262 1673 2420 1739 fetas,
2469 1676 2663 1732 animm
2706 1678 3093 1748 intelliguntur,
3147 1695 3265 1748 quae
3301 1679 3520 1733 verbum
3572 1682 3668 1736 Dei

2089 1770 2268 1818 mente
2293 1765 2624 1835 concipiunt.
2664 1766 2792 1833 Qua:
2831 1767 2877 1822 si
2915 1769 3141 1822 nimium
3188 1770 3291 1824 iter
3316 1770 3556 1841 arripere
3583 1786 3671 1826 co-

2087 1862 2302 1921 gantur,
2330 1855 2472 1923 quod
2518 1864 2698 1911 mente
2728 1866 3107 1927 conceperant,
3155 1860 3405 1927 perdunt.
3452 1859 3666 1915 Parvuli

2090 1957 2217 1997 vero
2260 1944 2427 1998 teneri
2461 1954 2587 1999 sunt
2638 1946 2712 2000 illi
2760 1947 2825 2002 de
2869 1948 3063 2017 quibus
3114 1947 3311 2003 Paulus
3354 1950 3528 2004 dicit:
3562 1950 3667 2007 Lac

2088 2033 2228 2086 vobis
2252 2044 2429 2103 potum
2469 2035 2609 2100 dedi,
2640 2052 2743 2089 non
2783 2054 2954 2091 escam
2988 2051 3005 2089 .'
3036 2039 3265 2092 nondum
3295 2039 3432 2093 enim
3458 2050 3666 2110 potera-

2087 2124 2197 2177 tis:
2226 2123 2317 2175 sed
2365 2141 2458 2177 nec
2503 2124 2675 2178 adhuc
2729 2126 2936 2195 quidem
2987 2128 3218 2196 potestis.
3268 2126 3485 2182 Parvuli
3529 2130 3667 2184 enim

2088 2213 2206 2267 estis
2239 2212 2290 2285 (I
2321 2211 2441 2267 Cor.
2470 2215 2574 2284 tu).
2604 2215 2699 2271 His
2717 2232 2846 2286 ergo
2866 2216 3058 2271 talibus
3080 2217 3216 2273 levia
3240 2228 3525 2290 praecepta,
3543 2236 3665 2290 qua:

2086 2318 2183 2373 per
2225 2303 2311 2357 lac
2361 2304 2752 2375 intelliguntur,
2790 2306 3086 2362 ministrari
3128 2307 3342 2372 debent,
3386 2324 3667 2379 quousque

2086 2394 2258 2450 solido
2298 2404 2353 2448 et
2404 2394 2529 2450 forti
2577 2397 2700 2452 cibo
2742 2398 2818 2452 uti
2861 2398 3093 2462 valeant,
3125 2398 3178 2452 id
3207 2407 3309 2462 est,
3356 2398 3666 2456 fortioribus

2085 2485 2386 2555 prazteptis.
2420 2483 2519 2559 lla:
2546 2486 2726 2556 itaque
2755 2487 2983 2541 virtutes
3009 2502 3131 2541 cum
3162 2488 3411 2544 omnibus
3437 2489 3544 2544 sint
3580 2504 3663 2544 ne-

2087 2576 2361 2641 cessariae,
2396 2575 2729 2630 excellentiae
2761 2584 2938 2631 tamen
2972 2576 3133 2647 regia:
3177 2577 3472 2632 maximum
3501 2576 3665 2634 decus

2085 2674 2443 2736 ornatumque
2466 2676 2743 2735 praestant.
2768 2667 2872 2722 Per
2900 2667 3239 2737 prudentiam
3270 2668 3467 2739 quippe
3491 2669 3655 2723 omni-

2086 2756 2185 2812 bus
2225 2756 2447 2826 provide
2475 2757 2829 2827 prOspiciens,
2857 2766 3016 2821 caute
3062 2764 3117 2811 et
3163 2756 3560 2811 rationabiliter
3599 2771 3662 2811 ea

2085 2863 2206 2918 qua:
2232 2848 2514 2918 provenire
2544 2856 2789 2918 possunt;
2809 2848 3120 2903 considerat
3150 2866 3162 2901 :
3186 2854 3241 2902 et
3269 2847 3517 2903 acumine
3538 2862 3662 2903 sen-

2086 2951 2178 2991 sus
2206 2936 2359 3006 quasi
2387 2937 2502 2990 acie
2530 2935 2833 3001 oculorum,
2859 2944 3015 2991 caute
3054 2935 3281 2990 adversa
3323 2936 3579 3006 perspicit
3599 2949 3661 2991 ac

2084 3041 2362 3096 prospera.
2393 3024 2495 3079 Per
2521 3024 2892 3080 fortitudinem
2928 3039 3057 3080 vero
3083 3038 3243 3080 omne
3270 3024 3412 3094 quod
3443 3025 3664 3094 provide

2086 3116 2442 3188 perspexerit,
2471 3116 2585 3171 sive
2609 3118 2835 3172 adversa
2878 3116 2994 3172 sive
3018 3130 3295 3189 prospera,
3339 3114 3467 3171 forti
3502 3124 3559 3170 et
3585 3116 3663 3172 in-

2086 3223 2348 3264 concusso
2379 3207 2561 3261 animo
2582 3216 2866 3277 supportat
2894 3226 2908 3261 :
2936 3216 3161 3262 eventus
3186 3206 3390 3262 scilicet
3409 3205 3658 3261 fluctuan-

2086 3298 2154 3352 tis
2196 3294 2398 3359 szeculi,
2454 3293 2611 3356 bella,
2668 3295 2928 3348 tumultus
2962 3302 3018 3348 et
3054 3296 3367 3361 seditiones,
3420 3311 3518 3350 nec
3559 3312 3663 3351 non

2081 3396 2138 3442 et
2160 3387 2399 3442 diversos
2430 3401 2610 3441 mores
2636 3387 2934 3440 hominum.
2964 3387 3128 3454 Regia
3158 3389 3359 3442 etenim
3398 3388 3663 3443 excellen-

2085 3479 2158 3534 tia
2187 3488 2392 3548 quanto
2425 3477 2670 3547 pluribus
2694 3484 2912 3547 pratest,
2944 3484 3091 3531 tanto
3120 3477 3301 3547 plures
3329 3487 3551 3535 eventus
3573 3495 3662 3534 re-

2082 3588 2200 3626 rum
2228 3570 2585 3625 accidentium
2615 3568 2912 3638 perspicit:
2943 3574 3102 3637 atque
3147 3568 3348 3623 idcirco
3369 3567 3663 3625 fortissimo

2082 3663 2263 3717 animo
2292 3669 2486 3716 cuncta
2525 3674 2782 3729 superare
2809 3658 2981 3713 decet.
3012 3657 3181 3725 Quem
3224 3672 3357 3713 vero
3375 3657 3658 3726 iustiorem

2085 3753 2241 3808 decet
2258 3766 2381 3806 esse
2402 3765 2563 3820 quam
2592 3749 2807 3819 regem?
2826 3748 3025 3803 Omnes
3053 3764 3284 3817 namque
3298 3746 3508 3817 judiccs
3526 3763 3660 3803 cun-

2081 3845 2260 3913 ctique
2291 3851 2520 3904 actores,
2552 3841 2801 3910 quamvis
2827 3839 3117 3908 cupiditate
3149 3840 3292 3893 ducti
3324 3839 3518 3909 injusta
3543 3839 3657 3894 dis-

2080 3951 2283 4004 ponere
2323 3934 2589 3996 nitantur,
2617 3932 3023 3988 considerantes
3042 3929 3308 4000 justitiam
3337 3930 3495 4001 regis,
3527 3929 3661 3983 nihil

2082 4024 2337 4093 injustum
2403 4022 2632 4077 subditis
2692 4020 2896 4076 inferre
2959 4027 3286 4090 prmsument
3337 4035 3353 4074 :
3406 4020 3659 4090 quoniam

2075 4115 2279 4186 justam
2311 4114 2602 4169 vindictam
2643 4114 2990 4169 verebuntur.
3038 4113 3447 4183 Temperantem
3482 4121 3657 4167 autent

2080 4223 2261 4279 regem
2287 4208 2529 4278 apprime
2560 4207 2712 4262 decet
2745 4221 2885 4271 esse,
2917 4213 2976 4259 ut
3016 4204 3132 4272 ejus
3161 4214 3423 4273 praecepta
3451 4204 3660 4260 cunctis

2080 4300 2424 4364 conveniant,
2473 4314 2542 4354 ne
2583 4299 2744 4353 nimis
2793 4298 2912 4352 laxa
2960 4296 3218 4359 existant,
3282 4310 3416 4349 neve
3467 4295 3657 4349 iterum

2081 4389 2234 4446 valde
2282 4389 2468 4459 gravia
2498 4406 2511 4443 :
2545 4389 2642 4443 sed
2673 4388 2765 4442 tali
2799 4385 3170 4441 moderamine
3213 4392 3371 4452 atque
3403 4384 3659 4453 temperie

2085 4480 2363 4549 disposita,
2393 4487 2452 4533 ut
2484 4480 2639 4550 juxta
2678 4476 3079 4547 possibilitatem
3124 4482 3436 4530 cunctorum
3480 4475 3658 4529 onmia

2086 4568 2238 4623 fiant.
2276 4569 2554 4635 Quatenus
2582 4567 2705 4636 agni
2749 4566 2803 4619 in
2831 4565 2994 4635 regiis
3026 4565 3220 4620 edictis
3252 4564 3529 4623 inveniant
3553 4580 3659 4634 quo

2086 4661 2282 4715 vadere
2327 4667 2524 4730 queant
2553 4676 2566 4712 :
2597 4665 2651 4711 et
2689 4656 2961 4726 elephanti
3008 4672 3116 4726 quo
3163 4672 3222 4713 se
3250 4667 3437 4713 natare
3463 4673 3658 4728 cogno-

2086 4758 2258 4814 scant,
2310 4750 2409 4804 hoc
2455 4755 2558 4813 est,
2588 4756 2647 4801 ut
2691 4762 2759 4801 ne
2808 4747 2965 4802 mites
2993 4763 3058 4803 ac
3106 4748 3378 4819 simplices
3408 4750 3656 4808 violentia

2085 4849 2473 4915 prmceptorum
2499 4840 2870 4909 opprimantur
2898 4857 2911 4893 :
2936 4850 2991 4895 et
3018 4851 3261 4911 potentes
3294 4850 3347 4897 et
3375 4840 3543 4899 fortes
3565 4861 3660 4914 po.

2086 4933 2369 4987 tentiorem
2397 4946 2456 4984 se
2503 4939 2558 4983 et
2605 4930 2880 4984 fortiorem
2933 4945 3151 5001 semper
3180 4931 3446 5002 aspiciant
3471 4941 3526 4987 et
3570 4949 3661 4988 ve-

2084 5030 2325 5077 reantur.
2358 5020 2452 5076 llis
2483 5022 2660 5090 itaque
2689 5029 2922 5088 quatuor
2950 5021 3241 5078 virtutibus
3272 5023 3426 5092 quasi
3452 5023 3661 5079 solidis-

2084 5116 2236 5171 simis
2266 5112 2547 5173 columnis,
2587 5112 2764 5166 omnis
2814 5113 2976 5182 regia:
3027 5114 3304 5184 dignitatis
3354 5113 3526 5167 honos
3569 5114 3661 5169 de-

2083 5222 2285 5275 cusque
2329 5204 2593 5259 attollitur
2617 5220 2640 5256 .:
2683 5201 3014 5274 feliciterque
3050 5212 3245 5259 cuncta
3292 5206 3657 5275 gubernantur

2086 5311 2247 5369 atque
2275 5305 2626 5354 exornantur.
2656 5295 2762 5351 Sed
2786 5297 2911 5366 quia
2956 5297 3069 5351 haec
3110 5296 3347 5350 breviter
3382 5280 3659 5351 ethninus

2084 5397 2297 5458 compte
2344 5388 2410 5441 de
2453 5386 2651 5451 anima,
2684 5386 3079 5455 virtutibusque
3121 5386 3237 5455 ejus
3282 5387 3487 5457 digesta
3535 5393 3660 5439 sunt

2088 5477 2403 5541 moralibus,
2437 5477 2562 5531 hinc
2594 5486 2762 5531 restat
2808 5485 2867 5530 ut
2899 5478 2965 5531 de
3013 5476 3305 5536 habitaculi
3351 5475 3517 5547 ipsius
3552 5474 3656 5529 situ

2086 5577 2142 5623 et
2173 5568 2454 5637 dignitate,
2482 5565 2661 5636 aliqua
2683 5567 2971 5623 dicantur:
2994 5566 3245 5635 quoniam
3269 5565 3488 5635 dignum
3516 5570 3656 5628 erat,

2087 5666 2147 5712 ut
2173 5674 2293 5728 qua:
2324 5666 2488 5713 tanta:
2529 5658 2805 5726 dignitatis
2832 5664 3014 5710 creata
3044 5663 3150 5719 est,
3185 5662 3244 5709 ut
3272 5655 3339 5709 ad
3369 5654 3657 5723 imaginem

2094 5748 2187 5804 Dei
2223 5756 2386 5819 atque
2432 5746 2838 5803 similitudinem
2872 5744 3015 5802 facta
3054 5746 3281 5813 dicatur,
3324 5743 3536 5803 decenti
3564 5743 3658 5803 ha-
