4028 6196
475 344 613 402 {H9

1111 350 1168 404 Β.
1207 351 1455 407 RABANI
1496 352 1711 411 MAURI
1748 356 2068 415 ARCHIEP.
2110 359 2419 419 MOGUNT.
2463 364 2747 423 OPERUM
2786 368 2966 424 PARS
3002 369 3062 425 ll.

3591 381 3729 438 H20

469 454 708 511 bitacnlo
732 466 1036 514 ornaretur.
1066 460 1358 531 Aggrediar
1383 479 1511 534 ergo
1552 474 1607 522 et
1635 484 1769 538 opus
1808 469 1902 525 Dei
1937 471 2040 525 mi-
2068 479 2121 535 Α
2144 471 2413 529 dicantur.
2454 475 2558 544 Qui
2606 481 2854 548 quamvis
2888 490 2943 536 et
2983 483 3168 538 bestiis
3211 482 3389 543 inesse
3413 490 3721 563 videantur,

472 547 686 602 riticum
717 548 771 604 in
810 550 1043 605 humano
1067 567 1292 621 corpore
1319 571 1424 623 qua
1465 557 1615 612 valeo
1644 559 1997 617 demiratione
2023 581 2037 619 :

473 647 529 693 et
552 641 595 694 si
626 654 730 694 non
756 641 1034 710 condigne,
1057 643 1247 699 devote
1274 645 1512 700 scribere
1538 649 1794 713 conabor,
1822 666 1886 705 ex
1917 668 2042 721 pro-

469 723 714 781 batorum
759 727 964 782 scilicet
1001 728 1279 785 doctorum
1319 734 1536 803 scriptis
1589 735 1866 792 latissimis
1920 741 2041 797 bre-

471 815 690 869 vissima
713 816 1057 886 depromeus.

1076 926 1301 985 CAPUT
1338 930 1429 985 XI.

818 1015 894 1071 De
920 1026 1061 1072 statu
1083 1028 1130 1073 et
1154 1020 1407 1089 positione
1428 1025 1680 1093 corporis.

530 1124 740 1196 Corpus
783 1126 963 1197 itaque
1002 1129 1256 1195 hominis,
1283 1132 1421 1185 mira
1466 1135 1775 1201 operatione
1814 1151 2032 1209 compa-

460 1222 627 1278 ctum,
678 1217 1000 1285 proceritate
1055 1234 1166 1274 sua:
1214 1222 1555 1276 rectitudinis
1601 1238 1630 1275 a
1657 1226 2031 1281 cunctisani-

461 1303 731 1359 ulantibus
776 1305 1098 1374 disparatur.
1128 1308 1281 1375 Quod
1307 1310 1557 1366 videlicet
1599 1314 1645 1368 si
1689 1329 1788 1383 per
1822 1316 2029 1387 singula

456 1393 697 1448 membra
728 1396 1114 1463 consideretur,
1144 1413 1337 1470 magna
1366 1400 1419 1454 in
1464 1401 1567 1456 hoc
1595 1406 1853 1474 mysteria
1876 1423 2028 1460 cmu-

453 1484 859 1551 prebenduntur
881 1487 948 1540 ab
971 1487 1055 1541 his
1079 1489 1169 1556 qui
1184 1502 1247 1542 ea
1274 1489 1526 1559 indagare
1545 1502 1818 1564 satagunt.
1848 1496 2025 1566 ipsum

453 1588 686 1642 namque
734 1583 894 1645 caput
921 1579 1127 1634 cunctis
1158 1581 1402 1637 eminens
1446 1586 1722 1652 membris,
1775 1590 1827 1643 in
1873 1590 2026 1657 cujus

450 1663 653 1717 vertice
673 1665 865 1719 anima:
891 1668 1072 1722 sedem
1113 1670 1346 1726 maxime
1377 1688 1495 1728 esse
1525 1676 1814 1741 credimus,
1841 1681 1906 1734 ad
1944 1682 2020 1734 si-

449 1743 801 1807 militudinem
831 1754 1063 1811 caelestis
1091 1758 1314 1827 splnerae
1350 1758 1659 1828 formatum,
1689 1780 1783 1819 sex
1810 1768 2021 1825 ossibus

448 1848 533 1893 est
564 1852 899 1912 compactum
928 1863 941 1899 :
967 1854 1026 1899 ut
1067 1848 1394 1920 intelligatur
1421 1852 1507 1907 ille
1547 1856 1794 1912 senarius
1828 1875 2019 1915 nume-

450 1945 564 1995 rus,
595 1932 685 2000 qui
730 1934 998 2002 perfectus
1044 1941 1322 2006 probatur,
1357 1942 1411 1995 in
1466 1945 1698 2000 hominis
1746 1951 2020 2008 creatione

447 2028 717 2075 constare.
751 2022 825 2077 De
847 2024 998 2095 cujus
1026 2029 1234 2083 numeri
1275 2029 1603 2099 perfectione
1641 2036 1869 2105 plurima
1912 2040 2016 2097 dici

444 2117 709 2175 possunt:
744 2112 835 2166 sed
871 2113 957 2169 hic
1003 2124 1129 2170 sunt
1179 2128 1398 2189 propter
1440 2126 1812 2193 compendium
1859 2131 2019 2185 omit-

448 2200 628 2253 tenda.
662 2199 772 2255 Sub
802 2203 960 2272 hujus
987 2205 1168 2276 itaque
1192 2209 1382 2278 capitis
1404 2215 1632 2266 rotunda
1658 2218 2012 2286 concavitate,

441 2287 582 2343 bime
633 2290 776 2346 acies
826 2293 1103 2349 oculorum
1158 2299 1440 2367 prodeunt,
1493 2304 1559 2358 ad
1612 2304 2012 2364 similitudinem

441 2382 666 2435 duorum
714 2384 1013 2440 cmlestium
1051 2387 1393 2445 luminarium
1439 2410 1451 2445 :
1495 2394 1600 2460 vel,
1648 2405 1707 2450 ut
1753 2401 2014 2456 sacratius

439 2473 638 2543 aliquid
679 2476 943 2546 dicamus,
973 2480 1038 2534 ad
1078 2481 1246 2537 instar
1268 2484 1493 2540 duorum
1525 2486 2010 2549 Testamentorum.

438 2566 642 2632 Quibus
672 2569 1046 2627 decentissime
1074 2577 1347 2646 supposita
1392 2589 1519 2634 sunt
1542 2584 1781 2638 membra
1814 2596 2009 2642 caetera

437 2656 758 2725 combinata,
787 2661 1061 2718 dualitatis
1105 2665 1483 2734 conjunctione
1520 2671 1776 2742 disposita
1806 2694 1819 2729 :
1852 2691 2010 2732 aures

435 2746 660 2812 scilicet,
698 2764 875 2817 nares,
911 2751 1071 2819 labia,
1098 2754 1337 2823 brachia,
1379 2775 1594 2826 manus,
1631 2763 1815 2832 latera,
1849 2782 2005 2823 crura

433 2845 489 2890 et
513 2839 694 2907 pedes.
725 2840 853 2907 Qua:
880 2854 1068 2899 cuncta
1101 2848 1190 2902 tali
1217 2839 1318 2905 sibi
1359 2861 1483 2905 sunt
1525 2854 1791 2911 cliaritate
1814 2873 2008 2913 conve-

432 2927 655 2994 nientia,
687 2937 745 2982 ut
785 2946 948 2986 unum
978 2933 1224 3006 idemque
1254 2954 1443 3009 sapere
1490 2950 1650 3012 atque
1686 2948 1899 3015 operari
1926 2949 2007 3003 vi-

431 3016 676 3072 dcantur.
708 3018 800 3075 His
827 3037 957 3077 vero
993 3022 1133 3079 binis
1170 3028 1504 3098 geminisque
1532 3034 1787 3088 membris
1813 3036 1888 3089 ita
1917 3052 2006 3091 or-

430 3105 649 3171 dinatis,
676 3116 801 3161 sunt
827 3117 879 3162 et
907 3109 1010 3163 alia
1039 3113 1301 3178 membra,
1336 3117 1553 3185 propria
1584 3120 1789 3176 unitate
1811 3123 2001 3179 decen-

430 3198 636 3254 tissime
677 3201 903 3270 geminis
949 3204 1203 3260 membris
1229 3209 1622 3277 convenientia,
1662 3228 1824 3271 nasus
1854 3217 1999 3273 scili—

427 3296 532 3354 cet,
575 3304 657 3355 os,
687 3298 891 3360 guttur,
930 3302 1141 3363 pectus,
1182 3305 1391 3362 venter,
1441 3301 1743 3369 umbilicus,
1775 3306 1998 3377 ipsaque

427 3378 573 3449 virga
606 3380 871 3449 genitalis,
927 3399 1086 3453 quam
1138 3386 1271 3440 mira
1319 3388 1719 3459 dispensatione
1759 3394 1900 3452 Deus
1928 3400 1993 3453 ad

426 3467 642 3522 humani
668 3471 878 3540 generis
904 3473 1138 3529 sobolem
1166 3481 1525 3534 renovandam
1567 3484 1829 3539 attribuit.
1863 3486 1995 3554 Quae

424 3567 617 3613 cuncta
662 3576 911 3631 magnum
949 3565 1112 3620 decus
1156 3566 1399 3625 obtinere
1440 3572 1712 3641 videntur,
1738 3577 1991 3646 quoniam

424 3646 476 3701 in
523 3649 815 3705 meditullio
860 3652 1052 3721 posita,
1084 3656 1313 3725 geminis
1341 3659 1599 3716 membris
1641 3668 1988 3735 conveniunt,

422 3747 482 3792 ut
507 3748 696 3794 neutra
729 3757 855 3812 pars
876 3759 1046 3799 unum
1069 3762 1136 3802 ex
1180 3748 1266 3804 bis
1284 3749 1407 3806 sine
1433 3752 1625 3820 altera,
1658 3756 1833 3814 valeat
1860 3774 1991 3815 ven-

420 3829 620 3885 dicare.
653 3830 776 3887 Haec
814 3849 941 3906 ergo
975 3838 1154 3892 omnia
1200 3854 1323 3895 cum
1366 3842 1586 3913 reliquis
1616 3848 1890 3917 membris,
1920 3852 1989 3907 ad

419 3920 781 3979 habitacuium
806 3927 996 3985 animae
1015 3930 1080 3985 ad
1104 3931 1387 4004 imaginem
1406 3951 1559 3992 suam
1576 3940 1824 4011 conditae,
1841 3943 1985 4001 Deus

421 4011 577 4083 digna
603 4018 915 4085 operatione
951 4024 1235 4093 compegit.

1012 4151 1238 4211 CAPUT
1275 4155 1387 4216 ΧΠ.

794 4238 873 4294 De
886 4243 1119 4317 quinque
1136 4262 1379 4303 sensuum
1406 4254 1602 4323 ofﬁciis.

482 4342 637 4402 Nunc
660 4357 832 4404 restat
859 4360 917 4406 ut
943 4352 1011 4409 de
1039 4352 1231 4428 ciliciis
1250 4358 1485 4431 quinque
1512 4378 1767 4423 sensuum
1806 4384 1977 4441 palma

2142 560 2300 634 longa
2328 573 2507 622 tamen
2536 566 2957 640 interpolatione
2990 574 3059 628 ab
3088 574 3193 630 illis
3216 577 3525 651 discrepant
3548 602 3562 636 :
3587 560 3721 654 quo;

2141 651 2286 706 niam
2318 655 2474 710 nobis
2512 658 2854 715 rationabiles
2898 660 3102 730 insunt,
3128 665 3183 719 in
3220 666 3344 731 illis,
3379 651 3720 731 ratione-ca-

2139 750 2280 797 rent.
2310 742 2527 800 Primus
2549 762 2616 801 ex
2643 748 2747 814 his,
2777 751 2926 806 visus
2965 762 3048 807 est
3075 773 3090 808 :
3113 756 3203 824 qui
3248 759 3480 827 quadam
3509 763 3563 818 vi
3597 779 3717 820 am-

2140 845 2241 885 ma:
2293 848 2454 901 quam
2509 846 2782 907 aspectum
2825 841 3071 905 dicimus,
3119 858 3220 913 per
3268 849 3521 917 pupillam
3568 853 3719 910 oculi

2139 923 2440 991 egrediens,
2473 942 2560 981 res
2590 944 2695 984 non
2724 930 2876 987 valde
2902 931 3057 1002 longe
3095 937 3300 1003 positas
3328 942 3560 1008 quadam
3590 961 3711 1000 θυι,-

2137 1013 2330 1069 tilitate
2347 1018 2624 1087 perspicit,
2648 1021 2964 1092 coloresque
2994 1024 3341 1081 invisibilium
3382 1044 3564 1087 rerum
3594 1035 3709 1088 illuo

2134 1105 2339 1160 miuato
2364 1123 2491 1164 aere
2537 1113 2831 1182 cognoscit.
2866 1113 2925 1168 Si
2967 1130 3095 1171 vero
3139 1117 3290 1173 valde
3340 1119 3498 1188 longe
3524 1125 3707 1189 positar-

2134 1193 2350 1261 fuerint,
2380 1197 2496 1266 ipsa
2535 1200 2874 1272 elongatione
2915 1202 3116 1259 delicit.
3149 1204 3448 1273 Secundus,
3493 1209 3709 1267 auditus

2133 1285 2206 1340 ita
2236 1286 2514 1345 institutus
2535 1299 2636 1354 est,
2664 1301 2724 1346 ut
2767 1308 2866 1362 per
2893 1295 3198 1352 coebleatos
3235 1307 3443 1354 meatus
3483 1316 3708 1358 amere-

2129 1383 2319 1444 pantes
2350 1393 2510 1435 sonos
2553 1380 2621 1435 ad
2658 1384 3017 1449 seattrabat,
3053 1386 3434 1459 discernatque
3460 1399 3517 1445 et
3547 1391 3705 1446 intel-

2128 1462 2278 1533 ligat,
2302 1467 2433 1535 quid
2459 1468 2816 1526 sitauditum.
2842 1474 2943 1539 Qui
2979 1474 3099 1529 ideo
3126 1491 3234 1530 non
3264 1487 3443 1534 rectos
3471 1490 3528 1535 et
3555 1496 3709 1552 aper-

2128 1560 2211 1608 tos
2235 1563 2442 1610 meatus
2466 1558 2648 1624 habet,
2681 1562 2777 1617 sed
2807 1561 3080 1619 anfractus
3107 1568 3478 1623 cochleatione
3509 1579 3709 1630 tortuo-

2126 1655 2238 1706 sos,
2288 1652 2348 1698 ut
2379 1647 2640 1715 quasdam
2690 1666 2872 1706 moras
2912 1667 3080 1709 sonus
3128 1658 3359 1713 emissus
3410 1662 3704 1731 sustinens,

2128 1733 2234 1787 vim
2262 1734 2604 1794 discretionis
2625 1747 2682 1795 et
2702 1741 3008 1800 intellectus
3031 1745 3285 1803 ediceret.
3312 1748 3448 1805 Nam
3485 1752 3530 1805 si
3555 1762 3705 1808 recto

2048 1814 2094 1873 Β
2123 1819 2312 1876 itinere
2332 1838 2498 1880 sonus
2518 1828 2748 1884 emissus
2768 1832 3124 1902 exciperetur,
3149 1836 3261 1907 ipsa
3283 1854 3381 1893 sua
3398 1840 3698 1908 velocitate,

2120 1912 2500 1972 discretionem
2527 1927 2688 1989 atque
2710 1921 3120 1995 intelligentiam
3150 1929 3446 1986 amitteret.
3466 1932 3699 1999 Tertius,

2118 2011 2201 2057 est
2246 2005 2503 2064 odoratus
2539 2027 2553 2063 :
2585 2025 2691 2080 quo
2737 2022 2959 2070 cunctos
3001 2014 3202 2075 fetores
3261 2021 3487 2091 pudicos
3510 2064 3525 2088 ,
3566 2026 3697 2080 odo-

2119 2108 2313 2166 resque
2344 2108 2526 2170 gratos
2554 2116 2960 2175 cognoscentes,
2990 2111 3234 2179 putentia
3256 2113 3415 2184 digna
3444 2129 3698 2171 exsecra-

2117 2184 2260 2240 tione
2291 2187 2541 2255 vitamus,
2573 2201 2628 2247 et
2671 2195 2943 2253 odorifera
2993 2199 3222 2269 quadam
3255 2204 3421 2257 animi
3471 2206 3695 2263 delecta-

2116 2277 2261 2333 tione
2290 2280 2433 2335 intra
2458 2299 2558 2339 nos
2589 2286 2933 2355 trajicientes,
2968 2290 3080 2361 ipsa
3112 2295 3377 2350 suavitate
3401 2295 3587 2353 odoris
3611 2316 3693 2355 re-

2114 2366 2344 2424 frcimur.
2372 2371 2627 2441 Quartus,
2658 2385 2742 2431 est
2780 2388 2968 2448 gustus
2993 2398 3007 2435 :
3035 2397 3143 2453 quo
3169 2384 3349 2438 omnia
3379 2401 3499 2455 qua:
3535 2389 3589 2442 in
3633 2405 3692 2444 os

2112 2458 2397 2528 mittimus,
2455 2464 2569 2520 sive
2621 2466 2817 2534 dulcia,
2870 2470 2983 2526 sive
3030 2486 3239 2539 amara,
3289 2490 3483 2547 sapore
3529 2479 3687 2548 palati

2111 2549 2487 2612 discernimus.
2532 2554 2686 2623 Quod
2725 2573 2849 2613 cum
2896 2575 3082 2617 omnes
3119 2578 3373 2633 saporum
3402 2568 3688 2637 qualitates

2111 2639 2400 2710 discernat,
2430 2644 2605 2714 ipsum
2643 2656 2823 2704 tamen
2866 2650 3064 2708 nullius
3108 2656 3321 2725 saporis
3348 2673 3469 2713 esse
3494 2662 3686 2730 proba-

2113 2736 2218 2783 tur.
2251 2730 2501 2802 Quintus,
2531 2745 2618 2792 est
2636 2747 2814 2794 tactus
2845 2759 2857 2793 :
2884 2742 2975 2811 qui
3001 2758 3122 2798 cum
3152 2747 3402 2802 omnibus
3431 2752 3683 2806 membris

2107 2821 2179 2874 sit
2214 2824 2521 2892 attributus,
2550 2831 2817 2901 praecipue
2851 2841 3027 2888 tamen
3060 2838 3309 2893 manibus
3353 2840 3676 2911 deputatur:

2106 2916 2300 2983 quibus
2342 2919 2507 2975 etiam
2552 2937 2683 2979 usus
2722 2926 2950 2982 actionis
2979 2929 3215 2986 maxime
3253 2942 3337 2987 est
3365 2934 3537 2990 datus.
3569 2936 3679 2989 Ma-

2105 3004 2262 3060 nibus
2305 3008 2449 3063 euim
2480 3009 2559 3076 tit,
2604 3013 2862 3084 quidquid
2897 3016 3199 3074 faciendum
3222 3031 3323 3076 est.
3369 3022 3474 3079 Sed
3500 3025 3543 3079 si
3580 3042 3678 3096 per

2106 3094 2315 3165 singula
2357 3101 2598 3154 membra
2622 3103 2908 3160 mirificum
2933 3122 3068 3177 opus
3101 3113 3367 3168 creatoris
3396 3094 3677 3175 intendere

2103 3186 2366 3257 cupimus,
2392 3198 2554 3260 atque
2577 3208 2674 3263 pro
2696 3204 2854 3265 captu
2886 3197 3135 3267 ingenioli
3159 3201 3227 3255 de
3246 3202 3470 3272 singulis
3495 3205 3671 3276 dispu-

2104 3288 2241 3346 tare,
2278 3282 2539 3350 prolixius
2584 3285 2738 3341 fieret
2781 3290 3093 3359 opusculum
3139 3309 3301 3364 quam
3352 3304 3668 3356 statueram.

2101 3366 2207 3425 Sed
2247 3374 2372 3441 quia
2398 3374 2633 3432 breviter
2658 3379 2972 3436 sublimitati
3001 3393 3193 3439 vestra:
3240 3386 3294 3440 id
3336 3388 3671 3447 innotescere

2099 3462 2263 3532 cupii,
2316 3463 2424 3519 imo
2452 3469 2663 3538 cognita
2694 3470 2760 3524 ad
2790 3473 3105 3529 memoriam
3156 3479 3421 3544 revocavi,
3446 3482 3667 3538 obsecro

2098 3562 2158 3609 ut
2176 3555 2221 3610 si
2243 3554 2420 3627 aliqua
2444 3558 2686 3629 prolicua
2707 3561 2760 3615 in
2786 3562 2891 3619 hoc
2914 3565 3171 3633 opusculo
3198 3577 3379 3624 vestra
3409 3569 3668 3630 celsitudo

2091 3642 2432 3715 iudicaverit,
2472 3649 2567 3705 Dei
2592 3649 2792 3708 donum
2822 3653 2876 3709 in
2906 3655 3009 3712 hoc
3051 3657 3320 3727 laudetur,
3346 3662 3439 3732 qui
3460 3662 3666 3734 linguas

2095 3732 2381 3791 infantium
2429 3739 2659 3797 disertus
2703 3742 2854 3811 facit,
2895 3754 2952 3800 et
2996 3748 3208 3818 aperire
3246 3732 3662 3809 consuevit—ora

2096 3822 2274 3881 clausa
2318 3835 2610 3884 mutorum.
2641 3830 2738 3887 Sin
2782 3843 2961 3891 autem
2992 3837 3168 3908 aliqua
3207 3855 3327 3911 qua:
3352 3844 3550 3899 merito
3572 3861 3663 3899 ua.

2091 3928 2211 3968 sum
2232 3922 2536 3986 torqueant,
2560 3920 2717 3993 digne
2732 3925 2947 3981 veniam
2966 3938 3029 3983 ut
3050 3929 3211 3987 homo
3256 3931 3504 4002 deposco.
3527 3932 3660 3989 Nam

2086 4006 2180 4074 qui
2226 4010 2490 4064 mendacii
2531 4010 2711 4068 fucum
2766 4015 3021 4088 aufugere
3067 4021 3336 4091 quiverit,
3388 4022 3661 4094 perfectus

2086 4099 2504 4169 nuncupabitur,
2549 4104 2789 4174 apostolo
2832 4105 3034 4166 Iacobo
3082 4123 3357 4169 asserente
3400 4132 3414 4167 :
3456 4113 3559 4180 Qui
3601 4117 3657 4170 in

2084 4204 2318 4245 sermone
2347 4208 2449 4246 non
2472 4193 2684 4262 labitur,
2709 4198 2968 4268 perfectus
2991 4210 3067 4257 est
3111 4204 3188 4259 vir
3208 4202 3347 4275 (Jac.
3372 4206 3475 4278 Ill).
3506 4208 3654 4273 Quod

2084 4285 2270 4355 utique
2291 4288 2734 4356 paucissimorum
2763 4300 2868 4361 est,
2898 4294 3111 4353 dicente
3141 4299 3402 4370 propheta
3432 4314 3447 4353 :
3472 4298 3653 4354 Omnis

2083 4374 2237 4429 homo
2261 4376 2487 4432 mendax
2512 4375 2684 4450 (Psal.
2715 4383 2861 4456 cxv).

1251 4912 2821 4959 mmemva
