4028 6196
419 273 545 325 ll?!
1728 288 2350 356 MARTYROLOGIUM.
3529 323 3551 377 1
3569 324 3667 380 122

965 416 3661 495 mm

1130 785 1516 844 FULDENSIS
1550 789 1841 851 ABBATIS
1877 796 1968 852 ΕΤ
2005 799 2391 860 MOGUNTINI
2428 806 2949 872 ARCHIEPISCOPI

884 978 3152 1150 MABTYROLOGIUM

1266 1235 1469 1300 [Canis.,
1500 1240 1632 1292 Lect.
1656 1247 1786 1307 antiq
1812 1283 1826 1307 ,
1853 1260 1913 1296 ex
1939 1252 2109 1302 codice
2130 1267 2219 1303 ms.
2239 1261 2526 1309 monasterii
2546 1261 2596 1309 S.
2622 1261 2786 1326 Galli]

411 410 1236 445 Mm

1704 1366 2333 1406 —_—_—_

968 1430 1337 1489 PROLOGUS
1371 1446 1398 1475 α
1998 1448 2052 1507 Α
2740 1455 2986 1528 Sequitur

529 1576 599 1614 AD
635 1576 939 1617 κιτιειοωι
976 1578 1219 1619 ΑΒΒΑΤΒΗ
1258 1580 1825 1629 εειεςιηετωιεηεειι.
2388 1542 2407 1599 ί

2388 1542 2673 1601 CARMEN
2710 1547 3322 1612 NUNCUPATORIUM.

2366 1649 2434 1686 ΑΙ)
2470 1648 2781 1693 σκιιιοιυῠιί
2826 1656 3351 1701 ARCBICAPELLANUI.

457 1690 707 1748 RABANUS
730 1707 922 1747 servus
941 1692 1141 1749 Christi
1163 1692 1289 1751 Jesn
1310 1706 1365 1753 et
1393 1713 1671 1755 servorum
1694 1704 1829 1775 ejus,
1851 1708 1970 1764 viro
2142 1717 2462 1777 Dulcissimo
2493 1722 2649 1779 fratri
2693 1741 2757 1782 ac
2804 1734 3245 1790 reverentissimo
3289 1739 3469 1794 abbati
3517 1743 3651 1797 δια.

381 1780 681 1834 venerabili
713 1781 989 1837 RATLEICO
1011 1782 1330 1855 presbytero
1350 1795 1515 1857 atque
1538 1790 1742 1858 abbati,
1774 1794 1830 1848 in
1860 1796 1966 1851 Βο-
2071 1821 2248 1861 nomo
2285 1807 2556 1879 RABANUS,
2587 1815 2876 1874 vilissimus
2914 1835 3192 1880 servorum
3215 1828 3307 1882 Dei
3349 1845 3559 1897 servus,
3592 1835 3645 1888 in

386 1869 537 1897 ..τε-κη
567 1869 795 1897 ηηιι.ιι.η.
2082 1894 2103 1897 Α

385 1869 537 1923 mino
566 1869 817 1925 salutem.
2069 1894 2285 1952 Christo
2311 1869 2562 1957 salutem.

452 1978 591 2047 Quia
611 1981 813 2052 rogasti
841 1998 950 2049 me,
975 1983 1148 2042 frater
1191 1990 1587 2058 amantissime,
1616 2003 1678 2049 ut
1698 2006 1966 2070 martyro-
2138 1985 2297 2042 "uno
2320 2004 2407 2061 ονε

2138 1985 2297 2042 Hunc
2320 2004 2448 2061 ergo
2470 2006 2538 2046 ex
2567 1995 2785 2065 scriptis
2814 1996 3025 2054 confeci
3051 2003 3155 2057 rite
3180 2003 3417 2062 libellum

380 2066 583 2140 logium
609 2086 709 2140 per
752 2079 923 2127 totum
952 2088 1151 2129 annum
1200 2076 1294 2132 tibi
1335 2082 1751 2148 conscriberem,
1804 2066 1966 2157 atque
2210 2076 2407 2134 Saltem

2210 2076 2529 2135 Sanctorum
2561 2082 2799 2153 Patrum,
2822 2086 2992 2144 frater
3018 2103 3215 2159 amate,
3243 2096 3359 2151 tibi.

377 2166 695 2215 sanctorum
750 2159 911 2226 festa,
967 2177 1301 2235 quacunque
1352 2169 1648 2237 potuissem
1698 2173 1962 2241 invenire,
2143 2169 2212 2224 Ui
2237 2187 2407 2241 quom

2143 2169 2212 2224 Ut
2237 2187 2468 2241 quorum
2496 2177 2739 2233 celebras
2769 2178 2929 2247 festa,
2963 2190 3017 2237 tu
3045 2187 3261 2243 noveris
3290 2199 3464 2257 actus,

376 2253 580 2310 ibidem
620 2256 955 2322 insererem;
1004 2256 1107 2313 feci
1134 2268 1395 2330 quantum
1441 2266 1609 2332 potui,
1639 2275 1693 2321 et
1738 2269 1962 2339 singulis
2207 2261 2273 2315 Ei
2307 2261 2407 2318 ﬁne

2207 2261 2273 2315 Et
2307 2261 2469 2318 ﬁnem
2492 2266 2635 2332 vitze,
2663 2284 2771 2339 quo
2800 2270 2926 2327 hinc
2951 2273 3134 2329 abiere
3156 2276 3360 2345 polum.

361 2341 567 2404 diebus
594 2347 812 2402 nomina
850 2356 1185 2415 sanctorum,
1213 2367 1333 2420 quae
1373 2355 1574 2424 scripta
1619 2358 1732 2415 sive
1777 2368 1962 2416 notata
2136 2348 2332 2419 Sicque
2360 2353 2407 2406 iii

2136 2348 2332 2419 Sicque
2360 2353 2496 2406 bene
2529 2355 2769 2423 ipsorum
2791 2360 2999 2416 meritis
3025 2341 3383 2436 precibusque
3398 2369 3640 2439 juvatus,

369 2438 442 2491 ab
473 2437 906 2493 antecessoribus
931 2438 988 2492 in
1027 2438 1221 2496 libellis
1251 2445 1448 2512 reperi,
1481 2445 1683 2502 ibidem
1710 2449 1910 2507 inserui
1940 2469 1955 2506 :
2202 2440 2284 2495 Ad
2313 2443 2436 2497 om“
2464 2459 2686 2515 τθεηυιη
2714 2447 2871 2505 limus
2887 2460 2943 2505 ei
2966 2453 3081 2522 ipse
3112 2455 3329 2527 misre!!-

369 2536 428 2584 et
454 2528 1020 2599 cujuscunque'saneti
1054 2531 1282 2599 obitum,
1311 2535 1427 2591 sive
1457 2539 1797 2610 martyrium,
1823 2558 1958 2612 qua-
2131 2529 2249 2597 Οῐιθ
2278 2531 2407 2591 Deut

2131 2529 2249 2597 Quo
2278 2531 2422 2591 Deus
2446 2542 2703 2604 aeternus,
2732 2539 3009 2597 hominum
3047 2543 3372 2605 fortissimus
3396 2560 3606 2619 auctor,

370 2619 498 2676 liter
522 2620 692 2675 vitam
736 2620 993 2690 ﬁnierint,
1026 2623 1154 2696 legi,
1186 2627 1439 2684 breviter.
1468 2639 1628 2700 prout
1671 2633 1835 2700 valui,
1866 2652 1958 2692 nos
2200 2620 2334 2676 Cum
2361 2638 2407 2678 Si

2200 2620 2334 2676 Cum
2361 2626 2565 2681 sanctis
2602 2637 2762 2684 temet
2795 2631 3022 2689 collucet
3045 2644 3205 2705 atque
3230 2639 3374 2696 beet.

370 2710 508 2765 tavi.
539 2710 619 2766 Tu
646 2720 826 2767 autem
853 2714 978 2782 quia
1003 2714 1233 2784 plurima
1270 2718 1471 2790 scripta
1496 2721 1839 2792 antiquorum
1866 2726 1951 2781 in-
1987 2789 2026 2800 ἢ
2134 2710 2407 2782 νίνενῐηθδ

2134 2710 2424 2782 Vive,mea:
2450 2716 2611 2779 vires.
2645 2719 3015 2793 lassarumque
3043 2728 3282 2784 anchora
3320 2747 3524 2800 rerum,

370 2802 568 2857 venisti
596 2810 654 2857 et
688 2802 890 2874 legisti,
919 2820 1016 2875 per
1044 2821 1106 2860 ea
1133 2806 1297 2861 etiam
1323 2789 1431 2864 hoc
1452 2789 1676 2880 parvum
1714 2828 1950 2884 opuscu.
1985 2789 2028 2849 Β
2197 2802 2407 2873 “auria!

2197 2802 2491 2876 Naufragio
2519 2816 2574 2863 et
2596 2808 2748 2865 littus
2783 2789 3001 2883 tutaque
3037 2824 3184 2872 terra
3212 2834 3354 2876 meo.

374 2891 484 2947 lum
528 2893 867 2959 examinans,
900 2894 1030 2950 utile
1076 2895 1375 2966 legentibus
1417 2915 1527 2971 quo
1572 2904 1733 2961 modo
1775 2907 1952 2975 possis
2126 2892 2287 2950 50105
2313 2896 2407 2951 Ῑιοῑ

2126 2892 2287 2950 Solus
2313 2896 2488 2952 honor
2520 2900 2701 2965 nobis,
2727 2903 2854 2958 urbs
2883 2911 2938 2957 tu
2977 2903 3241 2963 ﬁdissima
3273 2922 3508 2982 semper,

369 2979 504 3037 facis
536 2991 635 3037 :ut
672 2983 816 3052 quod
843 2998 962 3038 mea
989 2984 1259 3055 imperitia
1298 2996 1460 3064 atque
1509 2991 1796 3048 inﬁrmitas
1837 2995 1952 3052 ido-
2196 2986 2407 3058 Clll‘iSQI

2196 2986 2464 3058 Curisque
2499 2990 2697 3046 aﬂlicto
2726 3001 2840 3048 tuta
2876 2996 3031 3064 quies
3058 2998 3260 3054 animo.

368 3086 470 3126 nee
493 3070 704 3128 eﬂicere
741 3089 846 3129 non
879 3074 1074 3145 potuit,
1122 3083 1212 3131 tua
1260 3060 1457 3146 peritia
1478 3087 1642 3149 atque
1682 3081 1949 3139 industria
2125 3071 2355 3144 Simque
2382 3075 2750 3148 Πεθῌηοηῑθδ
2769 3081 2912 3137 iiii“
2937 3098 3062 3147 cum
3084 3084 3332 3145 Πιιοίίιηιε
3351 3105 3505 3160 am,

366 3162 577 3217 utiliter
596 3162 844 3232 perﬁciat
870 3180 883 3218 :
917 3178 1111 3234 meque
1145 3165 1253 3221 tuis
1279 3168 1454 3224 sacris
1482 3171 1819 3228 orationibus
1838 3189 1952 3229 oms
2193 3161 2345 3220 Μθηε
2366 3174 2407 3219 ι(

2193 3161 2345 3220 Mens
2366 3174 2545 3221 tecum
2567 3176 2674 3235 est,
2699 3170 2846 3225 nulla
2871 3187 2993 3241 quae
3015 3176 3299 3234 cohibetur
3323 3180 3508 3238 humo.

366 3253 632 3323 uipotenti
659 3254 769 3310 Deo
790 3258 1158 3325 commendes,
1189 3266 1249 3313 ut
1290 3260 1403 3330 ipse
1429 3269 1619 3317 auctor
1639 3271 1695 3318 et
1719 3265 1950 3321 tributor
2122 3250 2198 3306 Τθ
2225 3268 2347 3309 mea
2378 3271 2407 3309 ι]

2122 3250 2198 3306 Te
2225 3268 2347 3309 mea
2378 3270 2534 3311 mens
2574 3259 2835 3327 sequitur,
2864 3264 3112 3332 sequitur
3150 3281 3367 3338 quoque
3409 3287 3630 3328 cannea

366 3341 557 3397 salutis
605 3352 802 3400 nostra:
832 3360 919 3401 me
963 3347 1224 3403 miserum
1268 3364 1369 3420 per
1416 3365 1569 3406 suam
1619 3354 1848 3424 gratiam
1893 3364 1947 3410 et
3307 3355 3557 3428 [δωοΐὶεν

364 3447 463 3502 per
507 3440 814 3490 sanctorum
865 3452 1107 3493 suorum,
1136 3439 1584 3499 intercessionem
1637 3459 1670 3498 a
1716 3446 1946 3504 vinculis
2189 3433 2407 3504 Ειοριω

2189 3433 2461 3504 Exoptans
2489 3437 2671 3494 animo
2696 3453 2953 3510 prospera
2977 3453 3173 3499 cuncta
3202 3454 3315 3502 tuo.

364 3534 708 3595 peccatorum
734 3527 1038 3587 absciqu
1056 3538 1291 3589 aeternae
1323 3534 1676 3593 beatitudinis
1719 3538 1944 3608 partici-
2118 3522 2219 3591 Qui
2246 3525 2380 3584 mihi
2408 3535 2462 3581 te
2490 3536 2677 3583 notum
2704 3530 2851 3585 dedit
2878 3541 2934 3587 et
2956 3537 3228 3591 concessit
3246 3538 3504 3606 amiwm.

365 3634 486 3688 pem
511 3618 725 3676 θιιὶείειι,
2188 3612 2487 3672 Conservet
2509 3634 2702 3675 sanum
2731 3621 2978 3679 Christus
3012 3626 3214 3696 ubique
3236 3628 3392 3684 mihi.

2116 3702 2256 3757 Ante
2284 3704 2457 3760 solum
2482 3715 2663 3774 terrai,
2697 3709 2927 3781 emtique
2948 3712 3179 3769 volubile
3205 3714 3421 3786 cyclum

432 3786 509 3841 Te
534 3788 936 3849 Deusmternus
959 3801 1155 3849 cuncta
1174 3810 1276 3866 per
1306 3803 1550 3868 tempora
1573 3808 1774 3868 servet,
2186 3792 2407 3851 Pmiel‘t

2186 3792 2536 3861 Przetereant,
2565 3810 2744 3855 vester
2772 3816 2933 3870 quam
2960 3819 3174 3874 quoque
3203 3815 3382 3862 cesset
3411 3822 3584 3865 amor.

504 3877 786 3937 IEternam
806 3891 860 3938 et
886 3885 1053 3939 vitam
1078 3885 1169 3940 det
1196 3885 1290 3942 tibi
1317 3886 1373 3943 in
1387 3903 1526 3945 .arce
1542 3887 1672 3960 poli.
2112 3881 2355 3954 Ηοοίιιιθν
2382 3885 2407 3940 Ῑ

2112 3881 2355 3954 Hocque,
2382 3885 2566 3953 Pater,
2594 3890 2799 3957 monui,
2826 3905 3025 3947 moneo
3053 3902 3106 3948 te
3166 3894 3473 3966 iterumque
3504 3913 3625 3953 mo-

3385 3987 3531 4044 nebo

2184 4066 2272 4124 Sis
2299 4082 2509 4126 memor
2535 4072 2650 4142 ipse
2677 4075 2808 4141 mei,
2832 4077 2976 4132 sicut
3007 4086 3066 4133 et
3090 4078 3205 4149 ipse
3240 3985 3384 4135 tui.[
3537 4020 3556 4054 i

1961 4138 2007 4199 (ἶ
2111 4158 2183 4215 Ut
2211 4161 2352 4216 Deus
2374 4162 2430 4216 in
2462 4138 2623 4220 terris
2646 4138 2899 4236 quos'hic
2924 4138 3207 4241 conjunxit
3222 4172 3463 4240 amicos,

2180 4248 2491 4310 Gaudentes
2518 4257 2723 4326 pariter
2738 4256 2931 4330 jungat
2955 4260 3013 4314 in
3038 4276 3171 4316 arce
3185 4261 3313 4331 poli.

1017 4098 1263 4123 Μ

435 4381 461 4409 ι
486 4367 640 4425 Hunc
668 4368 973 4462 Prologum,
1021 4376 1142 4462 Aqui‘
1166 4375 1608 4462 deesLir-ieditis
1648 4380 1788 4462 apud
1818 4378 2115 4446 Canisium,
2144 4393 2199 4436 et
2256 4399 2445 4441 versus
2501 4388 2569 4444 ad
2608 4387 2942 4446 Grimoldum
2990 4391 3479 4462 archicapellanum
3524 4392 3615 4462 qui

357 4448 681 4508 sequuntur,
703 4442 903 4500 damus
919 4459 990 4499 ex
1008 4442 1285 4503 Analectis
1303 4446 1619 4504 Mabiltonii.
1651 4442 1810 4509 Eon.

362 4577 2029 4607 Μ

1836 4714 2132 4777 INCIPIT

1028 4893 1567 5015 RABANI
1631 4900 2915 5025 MARTYROLOGIUM.

832 5191 1430 5273 JANUARIUS.
1952 5188 2006 5249 D
2031 5189 2176 5244 cisus
2199 5199 2283 5244 est
2314 5191 2366 5244 in
2390 5206 2573 5255 carne,
2597 5193 2893 5248 secundum
2922 5192 3091 5265 legem
3116 5194 3307 5269 Moysi,
3336 5206 3391 5253 et
3409 5215 3607 5257 nomen

2028 5276 2187 5333 Jesus
2211 5280 2438 5349 accepit,
2479 5281 2625 5350 quod
2649 5282 2948 5351 angelicum
2975 5286 3041 5341 de
3077 5301 3149 5340 eo
3170 5288 3446 5343 oraculum
3481 5301 3608 5345 ante

422 5356 663 5417 Rau-mn.
715 5357 989 5416 huius".
1032 5362 1230 5420 Octava
1284 5365 1589 5425 Dominicae
1632 5370 1930 5430 nativitatis
2030 5369 2437 5437 conceptionem
2485 5368 2600 5437 ejus
2647 5371 2701 5426 in
2746 5382 2903 5429 utero
2943 5376 3615 5436 vaticinabaturchdem-

352 5464 452 5519 est,
478 5469 581 5525 qua
611 5453 859 5510 videlicet
889 5455 975 5510 die
1003 5456 1143 5511 idem
1186 5457 1444 5514 Dominus
1483 5470 1667 5518 noster
1693 5462 1929 5517 circum-
2030 5460 2117 5515 die
2163 5461 2418 5518 nativitas
2462 5472 2545 5518 est
2572 5461 2837 5520 Almachii
2880 5467 3134 5537 martyris
3163 5480 3211 5534 α,
3258 5470 3350 5539 qui
3382 5470 3605 5540 jubente

426 5601 450 5628 α
481 5588 595 5645 Non
618 5590 717 5645 sub
744 5588 1215 5674 Diocletianoksed
1239 5591 1339 5671 sub
1364 5589 1731 5674 Honorio,ch
1758 5595 1931 5674 Theo-
2031 5596 2152 5674 pius
2180 5604 2308 5674 tunc
2328 5598 2587 5674 temporis
2606 5600 2891 5674 praefectus
2914 5599 3106 5674 Urbis;
3131 5602 3183 5657 id
3208 5604 3351 5658 enim
3377 5605 3605 5674 probant

354 5657 505 5714 dosio
563 5674 780 5729 passum
808 5658 1039 5716 aliirmat
1076 5659 1359 5716 Baronius.
1392 5662 1512 5717 Fuit
1546 5657 1760 5731 quidem
1801 5666 1929 5733 Aly-
2031 5657 2341 5735 Symmachi
2363 5657 2886 5741 ad'eum'epistolae.
2918 5669 3025 5727 Sed
3053 5657 3603 5743 quomoaa'ﬁdtiiii'i
