  <div class='ocr_page' id='page_1' title='image "/cluster/home/n/w/nwhite01/storage/ocr_20150623/110/hvd.32044054759758/567.png"; bbox 0 0 4028 6196; ppageno 0'>
   <div class='ocr_carea' id='block_1_1' title="bbox 446 247 589 302">
    <p class='ocr_par' dir='ltr' id='par_1_1' title="bbox 446 247 589 302">
     <span class='ocr_line' id='line_1_1' title="bbox 446 247 589 302; baseline 0.007 -2"><span class='ocrx_word' id='word_1_1' title='bbox 446 247 589 302; x_wconf 67' lang='grc' dir='ltr'><strong>11ἳὸ</strong></span> 
     </span>
    </p>
   </div>
   <div class='ocr_carea' id='block_1_2' title="bbox 1090 247 3044 308">
    <p class='ocr_par' dir='ltr' id='par_1_2' title="bbox 1090 247 3044 308">
     <span class='ocr_line' id='line_1_2' title="bbox 1090 247 3044 308; baseline -0.002 -3"><span class='ocrx_word' id='word_1_2' title='bbox 1090 251 1149 305; x_wconf 85' lang='grc' dir='ltr'><strong>Β.</strong></span> <span class='ocrx_word' id='word_1_3' title='bbox 1195 251 1441 306; x_wconf 76' lang='lat' dir='ltr'><strong>RABANI</strong></span> <span class='ocrx_word' id='word_1_4' title='bbox 1482 250 1698 308; x_wconf 79' lang='lat' dir='ltr'><strong>MAURI</strong></span> <span class='ocrx_word' id='word_1_5' title='bbox 1734 251 2051 308; x_wconf 82' lang='lat' dir='ltr'><strong>ARCIIIEP.</strong></span> <span class='ocrx_word' id='word_1_6' title='bbox 2093 247 2398 306; x_wconf 77' lang='lat' dir='ltr'><strong>MOGUNT.</strong></span> <span class='ocrx_word' id='word_1_7' title='bbox 2439 248 2724 305; x_wconf 68' lang='lat' dir='ltr'><strong>OPERUH</strong></span> <span class='ocrx_word' id='word_1_8' title='bbox 2761 248 2943 303; x_wconf 80' lang='lat' dir='ltr'><strong>PARS</strong></span> <span class='ocrx_word' id='word_1_9' title='bbox 2980 247 3044 302; x_wconf 91' lang='lat' dir='ltr'><strong>II.</strong></span> 
     </span>
    </p>
   </div>
   <div class='ocr_carea' id='block_1_3' title="bbox 3570 250 3710 305">
    <p class='ocr_par' dir='ltr' id='par_1_3' title="bbox 3570 250 3710 305">
     <span class='ocr_line' id='line_1_3' title="bbox 3570 250 3710 305; baseline 0.014 -2"><span class='ocrx_word' id='word_1_10' title='bbox 3570 250 3710 305; x_wconf 63' lang='grc'><strong>1124</strong></span> 
     </span>
    </p>
   </div>
   <div class='ocr_carea' id='block_1_4' title="bbox 442 357 3711 435">
    <p class='ocr_par' dir='ltr' id='par_1_4' title="bbox 442 357 3711 435">
     <span class='ocr_line' id='line_1_4' title="bbox 442 357 3711 435; baseline -0.001 -18"><span class='ocrx_word' id='word_1_11' title='bbox 442 361 633 435; x_wconf 81' lang='lat' dir='ltr'><strong>Alypio</strong></span> <span class='ocrx_word' id='word_1_12' title='bbox 662 360 823 420; x_wconf 85' lang='lat' dir='ltr'><strong>Urbis</strong></span> <span class='ocrx_word' id='word_1_13' title='bbox 855 361 1287 431; x_wconf 71' lang='lat' dir='ltr'><strong>prmfecto..cum</strong></span> <span class='ocrx_word' id='word_1_14' title='bbox 1333 363 1575 418; x_wconf 77' lang='lat' dir='ltr'><strong>diceret:</strong></span> <span class='ocrx_word' id='word_1_15' title='bbox 1607 382 1625 415; x_wconf 84' lang='grc'>‹</span> <span class='ocrx_word' id='word_1_16' title='bbox 1656 363 1829 419; x_wconf 86' lang='lat' dir='ltr'><strong>Hodie</strong></span> <span class='ocrx_word' id='word_1_17' title='bbox 1872 374 2020 418; x_wconf 89' lang='lat' dir='ltr'><strong>octa-</strong></span> <span class='ocrx_word' id='word_1_18' title='bbox 2047 366 2098 425; x_wconf 78' lang='grc' dir='ltr'>Α</span> <span class='ocrx_word' id='word_1_19' title='bbox 2124 361 2216 431; x_wconf 93' lang='lat' dir='ltr'><strong>qui</strong></span> <span class='ocrx_word' id='word_1_20' title='bbox 2262 376 2385 416; x_wconf 90' lang='lat' dir='ltr'><strong>cum</strong></span> <span class='ocrx_word' id='word_1_21' title='bbox 2426 360 2701 416; x_wconf 81' lang='lat' dir='ltr'><strong>nolentem</strong></span> <span class='ocrx_word' id='word_1_22' title='bbox 2741 358 3053 414; x_wconf 86' lang='lat' dir='ltr'><strong>sacriﬁcare</strong></span> <span class='ocrx_word' id='word_1_23' title='bbox 3090 357 3195 413; x_wconf 87' lang='lat' dir='ltr'><strong>diis</strong></span> <span class='ocrx_word' id='word_1_24' title='bbox 3226 357 3390 428; x_wconf 90' lang='lat' dir='ltr'><strong>jussit</strong></span> <span class='ocrx_word' id='word_1_25' title='bbox 3428 360 3711 429; x_wconf 75' lang='lat' dir='ltr'><strong>suspendi,</strong></span> 
     </span>
    </p>
   </div>
   <div class='ocr_carea' id='block_1_5' title="bbox 442 453 2024 523">
    <p class='ocr_par' dir='ltr' id='par_1_5' title="bbox 442 453 2024 523">
     <span class='ocr_line' id='line_1_5' title="bbox 442 453 2024 523; baseline 0.002 -17"><span class='ocrx_word' id='word_1_26' title='bbox 442 470 525 509; x_wconf 74' lang='lat' dir='ltr'><strong>va:</strong></span> <span class='ocrx_word' id='word_1_27' title='bbox 566 453 857 508; x_wconf 71' lang='lat' dir='ltr'><strong>Dominica:</strong></span> <span class='ocrx_word' id='word_1_28' title='bbox 900 454 1005 508; x_wconf 89' lang='lat' dir='ltr'><strong>diei</strong></span> <span class='ocrx_word' id='word_1_29' title='bbox 1048 462 1174 507; x_wconf 79' lang='lat' dir='ltr'><strong>sunt</strong></span> <span class='ocrx_word' id='word_1_30' title='bbox 1202 469 1218 506; x_wconf 91' lang='lat'><strong>:</strong></span> <span class='ocrx_word' id='word_1_31' title='bbox 1244 464 1452 508; x_wconf 77' lang='lat' dir='ltr'><strong>cessate</strong></span> <span class='ocrx_word' id='word_1_32' title='bbox 1496 469 1526 507; x_wconf 94' lang='lat' dir='ltr'><strong>a</strong></span> <span class='ocrx_word' id='word_1_33' title='bbox 1556 455 2024 523; x_wconf 80' lang='lat' dir='ltr'><strong>superstitionibus</strong></span> 
     </span>
    </p>
   </div>
   <div class='ocr_carea' id='block_1_6' title="bbox 446 542 2026 615">
    <p class='ocr_par' dir='ltr' id='par_1_6' title="bbox 446 542 2026 615">
     <span class='ocr_line' id='line_1_6' title="bbox 446 542 2026 615; baseline 0.003 -18"><span class='ocrx_word' id='word_1_34' title='bbox 446 542 728 606; x_wconf 81' lang='lat' dir='ltr'><strong>idolorum,</strong></span> <span class='ocrx_word' id='word_1_35' title='bbox 752 551 808 596; x_wconf 92' lang='lat' dir='ltr'><strong>et</strong></span> <span class='ocrx_word' id='word_1_36' title='bbox 830 542 1113 599; x_wconf 87' lang='lat' dir='ltr'><strong>sacriﬁciis</strong></span> <span class='ocrx_word' id='word_1_37' title='bbox 1138 542 1387 611; x_wconf 87' lang='lat' dir='ltr'><strong>pollutis;</strong></span> <span class='ocrx_word' id='word_1_38' title='bbox 1415 563 1433 596; x_wconf 72' lang='grc' dir='ltr'><strong>ι</strong></span> <span class='ocrx_word' id='word_1_39' title='bbox 1462 560 1491 597; x_wconf 93' lang='lat' dir='ltr'><strong>a</strong></span> <span class='ocrx_word' id='word_1_40' title='bbox 1514 545 1900 615; x_wconf 68' lang='lat' dir='ltr'><strong>gladiatoribus</strong></span> <span class='ocrx_word' id='word_1_41' title='bbox 1921 547 2026 602; x_wconf 82' lang='lat' dir='ltr'><strong>hac</strong></span> 
     </span>
    </p>
   </div>
   <div class='ocr_carea' id='block_1_7' title="bbox 443 631 2025 689">
    <p class='ocr_par' dir='ltr' id='par_1_7' title="bbox 443 631 2025 689">
     <span class='ocr_line' id='line_1_7' title="bbox 443 631 2025 689; baseline 0.003 -5"><span class='ocrx_word' id='word_1_42' title='bbox 443 631 512 687; x_wconf 90' lang='lat' dir='ltr'><strong>de</strong></span> <span class='ocrx_word' id='word_1_43' title='bbox 550 647 711 686; x_wconf 91' lang='lat' dir='ltr'><strong>causa</strong></span> <span class='ocrx_word' id='word_1_44' title='bbox 740 631 950 686; x_wconf 91' lang='lat' dir='ltr'><strong>occisus</strong></span> <span class='ocrx_word' id='word_1_45' title='bbox 975 639 1075 685; x_wconf 89' lang='lat' dir='ltr'><strong>est.</strong></span> <span class='ocrx_word' id='word_1_46' title='bbox 1116 631 1180 684; x_wconf 87' lang='lat' dir='ltr'><strong>Et</strong></span> <span class='ocrx_word' id='word_1_47' title='bbox 1215 632 1401 685; x_wconf 87' lang='lat' dir='ltr'><strong>eadem</strong></span> <span class='ocrx_word' id='word_1_48' title='bbox 1429 632 1516 686; x_wconf 90' lang='lat' dir='ltr'><strong>die</strong></span> <span class='ocrx_word' id='word_1_49' title='bbox 1546 633 1730 688; x_wconf 61' lang='lat' dir='ltr'><strong>Romae</strong></span> <span class='ocrx_word' id='word_1_50' title='bbox 1771 635 2025 689; x_wconf 87' lang='lat' dir='ltr'><strong>nativitas</strong></span> 
     </span>
    </p>
   </div>
   <div class='ocr_carea' id='block_1_8' title="bbox 445 719 2025 791">
    <p class='ocr_par' dir='ltr' id='par_1_8' title="bbox 445 719 2025 791">
     <span class='ocr_line' id='line_1_8' title="bbox 445 719 2025 791; baseline 0.003 -18"><span class='ocrx_word' id='word_1_51' title='bbox 445 720 687 774; x_wconf 67' lang='lat' dir='ltr'><strong>Martium</strong></span> <span class='ocrx_word' id='word_1_52' title='bbox 731 719 952 788; x_wconf 80' lang='lat' dir='ltr'><strong>virginis</strong></span> <span class='ocrx_word' id='word_1_53' title='bbox 989 729 1044 773; x_wconf 93' lang='lat' dir='ltr'><strong>et</strong></span> <span class='ocrx_word' id='word_1_54' title='bbox 1092 725 1367 789; x_wconf 81' lang='lat' dir='ltr'><strong>martyris,</strong></span> <span class='ocrx_word' id='word_1_55' title='bbox 1433 736 1551 789; x_wconf 67' lang='lat' dir='ltr'><strong>qua:</strong></span> <span class='ocrx_word' id='word_1_56' title='bbox 1597 737 1755 791; x_wconf 90' lang='lat' dir='ltr'><strong>passa</strong></span> <span class='ocrx_word' id='word_1_57' title='bbox 1808 730 1891 776; x_wconf 87' lang='lat' dir='ltr'><strong>est</strong></span> <span class='ocrx_word' id='word_1_58' title='bbox 1926 724 2025 778; x_wconf 91' lang='lat' dir='ltr'><strong>sub</strong></span> 
     </span>
    </p>
   </div>
   <div class='ocr_carea' id='block_1_9' title="bbox 445 808 2027 878">
    <p class='ocr_par' dir='ltr' id='par_1_9' title="bbox 445 808 2027 878">
     <span class='ocr_line' id='line_1_9' title="bbox 445 808 2027 878; baseline 0.001 -14"><span class='ocrx_word' id='word_1_59' title='bbox 445 811 750 864; x_wconf 78' lang='lat' dir='ltr'><strong>Alexandro</strong></span> <span class='ocrx_word' id='word_1_60' title='bbox 771 808 1004 874; x_wconf 61' lang='lat' dir='ltr'><strong>Caesare,</strong></span> <span class='ocrx_word' id='word_1_61' title='bbox 1034 825 1132 878; x_wconf 94' lang='lat' dir='ltr'><strong>pro</strong></span> <span class='ocrx_word' id='word_1_62' title='bbox 1169 810 1272 863; x_wconf 89' lang='lat' dir='ltr'><strong>ﬁde</strong></span> <span class='ocrx_word' id='word_1_63' title='bbox 1318 810 1518 864; x_wconf 91' lang='lat' dir='ltr'><strong>Christi</strong></span> <span class='ocrx_word' id='word_1_64' title='bbox 1564 810 1743 865; x_wconf 90' lang='lat' dir='ltr'><strong>multis</strong></span> <span class='ocrx_word' id='word_1_65' title='bbox 1788 818 2027 865; x_wconf 74' lang='lat' dir='ltr'><strong>tormen—</strong></span> 
     </span>
    </p>
   </div>
   <div class='ocr_carea' id='block_1_10' title="bbox 445 900 2027 975">
    <p class='ocr_par' dir='ltr' id='par_1_10' title="bbox 445 900 2027 975">
     <span class='ocr_line' id='line_1_10' title="bbox 445 900 2027 975; baseline 0.004 -21"><span class='ocrx_word' id='word_1_66' title='bbox 445 910 620 956; x_wconf 84' lang='lat' dir='ltr'><strong>torum</strong></span> <span class='ocrx_word' id='word_1_67' title='bbox 666 900 953 970; x_wconf 81' lang='lat' dir='ltr'><strong>generibus</strong></span> <span class='ocrx_word' id='word_1_68' title='bbox 981 902 1242 965; x_wconf 83' lang='lat' dir='ltr'><strong>cruciata,</strong></span> <span class='ocrx_word' id='word_1_69' title='bbox 1288 911 1342 956; x_wconf 88' lang='lat' dir='ltr'><strong>et</strong></span> <span class='ocrx_word' id='word_1_70' title='bbox 1388 903 1454 956; x_wconf 91' lang='lat' dir='ltr'><strong>ad</strong></span> <span class='ocrx_word' id='word_1_71' title='bbox 1504 912 1807 958; x_wconf 79' lang='lat' dir='ltr'><strong>extremum</strong></span> <span class='ocrx_word' id='word_1_72' title='bbox 1852 904 2027 975; x_wconf 85' lang='lat' dir='ltr'><strong>gladio</strong></span> 
     </span>
    </p>
   </div>
   <div class='ocr_carea' id='block_1_11' title="bbox 444 991 2024 1057">
    <p class='ocr_par' dir='ltr' id='par_1_11' title="bbox 444 991 2024 1057">
     <span class='ocr_line' id='line_1_11' title="bbox 444 991 2024 1057; baseline 0.008 -19"><span class='ocrx_word' id='word_1_73' title='bbox 444 1003 722 1057; x_wconf 86' lang='lat' dir='ltr'><strong>percussa,</strong></span> <span class='ocrx_word' id='word_1_74' title='bbox 759 1004 878 1057; x_wconf 69' lang='lat' dir='ltr'><strong>quae</strong></span> <span class='ocrx_word' id='word_1_75' title='bbox 905 991 1068 1044; x_wconf 85' lang='lat' dir='ltr'><strong>etiam</strong></span> <span class='ocrx_word' id='word_1_76' title='bbox 1121 992 1259 1046; x_wconf 90' lang='lat' dir='ltr'><strong>idola</strong></span> <span class='ocrx_word' id='word_1_77' title='bbox 1303 1000 1356 1046; x_wconf 91' lang='lat' dir='ltr'><strong>et</strong></span> <span class='ocrx_word' id='word_1_78' title='bbox 1382 993 1668 1049; x_wconf 88' lang='lat' dir='ltr'><strong>simulacra</strong></span> <span class='ocrx_word' id='word_1_79' title='bbox 1698 995 1904 1049; x_wconf 88' lang='lat' dir='ltr'><strong>orando</strong></span> <span class='ocrx_word' id='word_1_80' title='bbox 1932 996 2024 1051; x_wconf 81' lang='lat' dir='ltr'><strong>de-</strong></span> 
     </span>
    </p>
   </div>
   <div class='ocr_carea' id='block_1_12' title="bbox 446 1078 2028 1144">
    <p class='ocr_par' dir='ltr' id='par_1_12' title="bbox 446 1078 2028 1144">
     <span class='ocr_line' id='line_1_12' title="bbox 446 1078 2028 1144; baseline 0.003 -11"><span class='ocrx_word' id='word_1_81' title='bbox 446 1080 663 1144; x_wconf 81' lang='lat' dir='ltr'><strong>struxit,</strong></span> <span class='ocrx_word' id='word_1_82' title='bbox 692 1088 745 1132; x_wconf 93' lang='lat' dir='ltr'><strong>et</strong></span> <span class='ocrx_word' id='word_1_83' title='bbox 768 1080 963 1134; x_wconf 92' lang='lat' dir='ltr'><strong>multos</strong></span> <span class='ocrx_word' id='word_1_84' title='bbox 984 1082 1048 1134; x_wconf 86' lang='lat' dir='ltr'><strong>ad</strong></span> <span class='ocrx_word' id='word_1_85' title='bbox 1083 1081 1240 1135; x_wconf 85' lang='lat' dir='ltr'><strong>ﬁdem</strong></span> <span class='ocrx_word' id='word_1_86' title='bbox 1263 1078 1461 1135; x_wconf 76' lang='lat' dir='ltr'><strong>Christi</strong></span> <span class='ocrx_word' id='word_1_87' title='bbox 1489 1084 1772 1136; x_wconf 85' lang='lat' dir='ltr'><strong>convertit.</strong></span> <span class='ocrx_word' id='word_1_88' title='bbox 1796 1082 2028 1137; x_wconf 74' lang='lat' dir='ltr'><strong>Alexan-</strong></span> 
     </span>
    </p>
   </div>
   <div class='ocr_carea' id='block_1_13' title="bbox 448 1168 2028 1244">
    <p class='ocr_par' dir='ltr' id='par_1_13' title="bbox 448 1168 2028 1244">
     <span class='ocr_line' id='line_1_13' title="bbox 448 1168 2028 1244; baseline 0.004 -22"><span class='ocrx_word' id='word_1_89' title='bbox 448 1168 544 1222; x_wconf 86' lang='lat' dir='ltr'><strong>der</strong></span> <span class='ocrx_word' id='word_1_90' title='bbox 570 1183 698 1223; x_wconf 89' lang='lat' dir='ltr'><strong>vero</strong></span> <span class='ocrx_word' id='word_1_91' title='bbox 741 1178 864 1239; x_wconf 92' lang='lat' dir='ltr'><strong>post</strong></span> <span class='ocrx_word' id='word_1_92' title='bbox 905 1172 1111 1224; x_wconf 90' lang='lat' dir='ltr'><strong>obitum</strong></span> <span class='ocrx_word' id='word_1_93' title='bbox 1150 1171 1322 1225; x_wconf 64' lang='lat' dir='ltr'><strong>beatm</strong></span> <span class='ocrx_word' id='word_1_94' title='bbox 1357 1173 1579 1244; x_wconf 81' lang='lat' dir='ltr'><strong>virginis</strong></span> <span class='ocrx_word' id='word_1_95' title='bbox 1615 1190 1902 1243; x_wconf 88' lang='lat' dir='ltr'><strong>percussus</strong></span> <span class='ocrx_word' id='word_1_96' title='bbox 1945 1185 2028 1229; x_wconf 87' lang='lat' dir='ltr'><strong>est</strong></span> 
     </span>
    </p>
   </div>
   <div class='ocr_carea' id='block_1_14' title="bbox 448 1259 2030 1323">
    <p class='ocr_par' dir='ltr' id='par_1_14' title="bbox 448 1259 2030 1323">
     <span class='ocr_line' id='line_1_14' title="bbox 448 1259 2030 1323; baseline 0.004 -11"><span class='ocrx_word' id='word_1_97' title='bbox 448 1259 631 1314; x_wconf 88' lang='lat' dir='ltr'><strong>dolore</strong></span> <span class='ocrx_word' id='word_1_98' title='bbox 656 1261 857 1323; x_wconf 88' lang='lat' dir='ltr'><strong>cordis,</strong></span> <span class='ocrx_word' id='word_1_99' title='bbox 886 1270 942 1315; x_wconf 89' lang='lat' dir='ltr'><strong>et</strong></span> <span class='ocrx_word' id='word_1_100' title='bbox 970 1261 1109 1314; x_wconf 85' lang='lat' dir='ltr'><strong>sicut</strong></span> <span class='ocrx_word' id='word_1_101' title='bbox 1150 1262 1370 1316; x_wconf 87' lang='lat' dir='ltr'><strong>rabidus</strong></span> <span class='ocrx_word' id='word_1_102' title='bbox 1402 1264 1552 1317; x_wconf 90' lang='lat' dir='ltr'><strong>canis</strong></span> <span class='ocrx_word' id='word_1_103' title='bbox 1578 1278 1771 1317; x_wconf 88' lang='lat' dir='ltr'><strong>carnes</strong></span> <span class='ocrx_word' id='word_1_104' title='bbox 1802 1280 1925 1318; x_wconf 87' lang='lat' dir='ltr'><strong>suas</strong></span> <span class='ocrx_word' id='word_1_105' title='bbox 1953 1265 2030 1318; x_wconf 89' lang='lat' dir='ltr'><strong>la-</strong></span> 
     </span>
    </p>
   </div>
   <div class='ocr_carea' id='block_1_15' title="bbox 450 1350 2030 1422">
    <p class='ocr_par' dir='ltr' id='par_1_15' title="bbox 450 1350 2030 1422">
     <span class='ocr_line' id='line_1_15' title="bbox 450 1350 2030 1422; baseline 0.004 -21"><span class='ocrx_word' id='word_1_106' title='bbox 450 1363 658 1412; x_wconf 87' lang='lat' dir='ltr'><strong>cerans,</strong></span> <span class='ocrx_word' id='word_1_107' title='bbox 691 1350 977 1417; x_wconf 88' lang='lat' dir='ltr'><strong>pessimam</strong></span> <span class='ocrx_word' id='word_1_108' title='bbox 1001 1350 1166 1404; x_wconf 88' lang='lat' dir='ltr'><strong>vitam</strong></span> <span class='ocrx_word' id='word_1_109' title='bbox 1190 1366 1312 1404; x_wconf 89' lang='lat' dir='ltr'><strong>cum</strong></span> <span class='ocrx_word' id='word_1_110' title='bbox 1340 1367 1536 1422; x_wconf 91' lang='lat' dir='ltr'><strong>magno</strong></span> <span class='ocrx_word' id='word_1_111' title='bbox 1566 1353 1829 1422; x_wconf 85' lang='lat' dir='ltr'><strong>supplicio</strong></span> <span class='ocrx_word' id='word_1_112' title='bbox 1850 1356 2030 1422; x_wconf 76' lang='lat' dir='ltr'><strong>exspi-</strong></span> 
     </span>
    </p>
   </div>
   <div class='ocr_carea' id='block_1_16' title="bbox 450 1439 2029 1512">
    <p class='ocr_par' dir='ltr' id='par_1_16' title="bbox 450 1439 2029 1512">
     <span class='ocr_line' id='line_1_16' title="bbox 450 1439 2029 1512; baseline 0.004 -20"><span class='ocrx_word' id='word_1_113' title='bbox 450 1439 609 1492; x_wconf 90' lang='lat' dir='ltr'><strong>ravit.</strong></span> <span class='ocrx_word' id='word_1_114' title='bbox 638 1440 769 1493; x_wconf 90' lang='lat' dir='ltr'><strong>Item</strong></span> <span class='ocrx_word' id='word_1_115' title='bbox 809 1441 994 1494; x_wconf 89' lang='lat' dir='ltr'><strong>eadem</strong></span> <span class='ocrx_word' id='word_1_116' title='bbox 1021 1440 1108 1494; x_wconf 90' lang='lat' dir='ltr'><strong>die</strong></span> <span class='ocrx_word' id='word_1_117' title='bbox 1137 1440 1319 1495; x_wconf 62' lang='lat' dir='ltr'><strong>Romae</strong></span> <span class='ocrx_word' id='word_1_118' title='bbox 1344 1444 1523 1510; x_wconf 87' lang='lat' dir='ltr'><strong>passio</strong></span> <span class='ocrx_word' id='word_1_119' title='bbox 1558 1442 1842 1497; x_wconf 85' lang='lat' dir='ltr'><strong>Concordii</strong></span> <span class='ocrx_word' id='word_1_120' title='bbox 1880 1459 2029 1512; x_wconf 86' lang='lat' dir='ltr'><strong>pres-</strong></span> 
     </span>
    </p>
   </div>
   <div class='ocr_carea' id='block_1_17' title="bbox 450 1530 2030 1604">
    <p class='ocr_par' dir='ltr' id='par_1_17' title="bbox 450 1530 2030 1604">
     <span class='ocr_line' id='line_1_17' title="bbox 450 1530 2030 1604; baseline 0.003 -21"><span class='ocrx_word' id='word_1_121' title='bbox 450 1530 625 1599; x_wconf 87' lang='lat' dir='ltr'><strong>byteri</strong></span> <span class='ocrx_word' id='word_1_122' title='bbox 656 1538 711 1583; x_wconf 91' lang='lat' dir='ltr'><strong>et</strong></span> <span class='ocrx_word' id='word_1_123' title='bbox 753 1531 1007 1601; x_wconf 86' lang='lat' dir='ltr'><strong>martyris</strong></span> <span class='ocrx_word' id='word_1_124' title='bbox 1039 1531 1139 1585; x_wconf 86' lang='lat' dir='ltr'><strong>sub</strong></span> <span class='ocrx_word' id='word_1_125' title='bbox 1170 1543 1196 1571; x_wconf 76' lang='grc' dir='ltr'>α</span> <span class='ocrx_word' id='word_1_126' title='bbox 1247 1531 1521 1588; x_wconf 90' lang='lat' dir='ltr'><strong>Antonino</strong></span> <span class='ocrx_word' id='word_1_127' title='bbox 1566 1534 1891 1603; x_wconf 88' lang='lat' dir='ltr'><strong>imperatore</strong></span> <span class='ocrx_word' id='word_1_128' title='bbox 1935 1550 2030 1604; x_wconf 90' lang='lat' dir='ltr'><strong>per</strong></span> 
     </span>
    </p>
   </div>
   <div class='ocr_carea' id='block_1_18' title="bbox 452 1620 2029 1693">
    <p class='ocr_par' dir='ltr' id='par_1_18' title="bbox 452 1620 2029 1693">
     <span class='ocr_line' id='line_1_18' title="bbox 452 1620 2029 1693; baseline 0.004 -21"><span class='ocrx_word' id='word_1_129' title='bbox 452 1620 782 1689; x_wconf 90' lang='lat' dir='ltr'><strong>Torquatum</strong></span> <span class='ocrx_word' id='word_1_130' title='bbox 825 1622 1075 1675; x_wconf 89' lang='lat' dir='ltr'><strong>comitem</strong></span> <span class='ocrx_word' id='word_1_131' title='bbox 1120 1632 1447 1691; x_wconf 87' lang='lat' dir='ltr'><strong>perpetrata,</strong></span> <span class='ocrx_word' id='word_1_132' title='bbox 1474 1623 1565 1693; x_wconf 89' lang='lat' dir='ltr'><strong>qui</strong></span> <span class='ocrx_word' id='word_1_133' title='bbox 1608 1624 1797 1679; x_wconf 90' lang='lat' dir='ltr'><strong>nolens</strong></span> <span class='ocrx_word' id='word_1_134' title='bbox 1823 1625 2029 1680; x_wconf 82' lang='lat' dir='ltr'><strong>sacriﬁ-</strong></span> 
     </span>
    </p>
   </div>
   <div class='ocr_carea' id='block_1_19' title="bbox 450 1710 1653 1780">
    <p class='ocr_par' dir='ltr' id='par_1_19' title="bbox 450 1710 1653 1780">
     <span class='ocr_line' id='line_1_19' title="bbox 450 1710 1653 1780; baseline 0.005 -18"><span class='ocrx_word' id='word_1_135' title='bbox 450 1724 576 1763; x_wconf 88' lang='lat' dir='ltr'><strong>care</strong></span> <span class='ocrx_word' id='word_1_136' title='bbox 605 1710 780 1775; x_wconf 84' lang='lat' dir='ltr'><strong>idolis,</strong></span> <span class='ocrx_word' id='word_1_137' title='bbox 808 1711 1089 1780; x_wconf 82' lang='lat' dir='ltr'><strong>capitalem</strong></span> <span class='ocrx_word' id='word_1_138' title='bbox 1119 1715 1442 1767; x_wconf 87' lang='lat' dir='ltr'><strong>sententiam</strong></span> <span class='ocrx_word' id='word_1_139' title='bbox 1472 1715 1653 1768; x_wconf 90' lang='lat' dir='ltr'><strong>subiit.</strong></span> 
     </span>
    </p>
   </div>
   <div class='ocr_carea' id='block_1_20' title="bbox 500 1798 2035 1863">
    <p class='ocr_par' dir='ltr' id='par_1_20' title="bbox 500 1798 2035 1863">
     <span class='ocr_line' id='line_1_20' title="bbox 500 1798 2035 1863; baseline 0.007 -11"><span class='ocrx_word' id='word_1_140' title='bbox 500 1798 588 1853; x_wconf 72' lang='grc' dir='ltr'><strong>,ιγ</strong></span> <span class='ocrx_word' id='word_1_141' title='bbox 625 1800 757 1854; x_wconf 64' lang='lat' dir='ltr'><strong>Non.</strong></span> <span class='ocrx_word' id='word_1_142' title='bbox 787 1801 843 1855; x_wconf 92' lang='lat' dir='ltr'><strong>In</strong></span> <span class='ocrx_word' id='word_1_143' title='bbox 870 1801 1154 1856; x_wconf 83' lang='lat' dir='ltr'><strong>Antiochia</strong></span> <span class='ocrx_word' id='word_1_144' title='bbox 1183 1802 1441 1857; x_wconf 81' lang='lat' dir='ltr'><strong>Macharii</strong></span> <span class='ocrx_word' id='word_1_145' title='bbox 1470 1805 1699 1859; x_wconf 84' lang='lat' dir='ltr'><strong>abbatis.</strong></span> <span class='ocrx_word' id='word_1_146' title='bbox 1733 1807 1917 1862; x_wconf 75' lang='lat' dir='ltr'><strong>Romze</strong></span> <span class='ocrx_word' id='word_1_147' title='bbox 1938 1808 2035 1863; x_wconf 80' lang='lat' dir='ltr'><strong>Te-</strong></span> 
     </span>
    </p>
   </div>
   <div class='ocr_carea' id='block_1_21' title="bbox 452 1889 2034 1964">
    <p class='ocr_par' dir='ltr' id='par_1_21' title="bbox 452 1889 2034 1964">
     <span class='ocr_line' id='line_1_21' title="bbox 452 1889 2034 1964; baseline 0.006 -22"><span class='ocrx_word' id='word_1_148' title='bbox 452 1889 687 1957; x_wconf 87' lang='lat' dir='ltr'><strong>lesphori</strong></span> <span class='ocrx_word' id='word_1_149' title='bbox 728 1905 895 1958; x_wconf 65' lang='lat' dir='ltr'><strong>papae,</strong></span> <span class='ocrx_word' id='word_1_150' title='bbox 922 1892 1013 1960; x_wconf 90' lang='lat' dir='ltr'><strong>qui</strong></span> <span class='ocrx_word' id='word_1_151' title='bbox 1057 1894 1337 1947; x_wconf 90' lang='lat' dir='ltr'><strong>constituit</strong></span> <span class='ocrx_word' id='word_1_152' title='bbox 1362 1903 1419 1946; x_wconf 91' lang='lat' dir='ltr'><strong>ut</strong></span> <span class='ocrx_word' id='word_1_153' title='bbox 1454 1904 1656 1964; x_wconf 65' lang='lat' dir='ltr'><strong>septem</strong></span> <span class='ocrx_word' id='word_1_154' title='bbox 1687 1898 2034 1953; x_wconf 86' lang='lat' dir='ltr'><strong>hebdomadi-</strong></span> 
     </span>
    </p>
   </div>
   <div class='ocr_carea' id='block_1_22' title="bbox 453 1980 2031 2051">
    <p class='ocr_par' dir='ltr' id='par_1_22' title="bbox 453 1980 2031 2051">
     <span class='ocr_line' id='line_1_22' title="bbox 453 1980 2031 2051; baseline 0.006 -18"><span class='ocrx_word' id='word_1_155' title='bbox 453 1981 553 2033; x_wconf 90' lang='lat' dir='ltr'><strong>bus</strong></span> <span class='ocrx_word' id='word_1_156' title='bbox 601 1989 726 2034; x_wconf 84' lang='lat' dir='ltr'><strong>ante</strong></span> <span class='ocrx_word' id='word_1_157' title='bbox 774 1980 978 2035; x_wconf 87' lang='lat' dir='ltr'><strong>Pascha</strong></span> <span class='ocrx_word' id='word_1_158' title='bbox 1022 1982 1285 2051; x_wconf 75' lang='lat' dir='ltr'><strong>jejunium</strong></span> <span class='ocrx_word' id='word_1_159' title='bbox 1327 1985 1711 2051; x_wconf 66' lang='lat' dir='ltr'><strong>celebraretur,</strong></span> <span class='ocrx_word' id='word_1_160' title='bbox 1756 1996 1810 2042; x_wconf 92' lang='lat' dir='ltr'><strong>et</strong></span> <span class='ocrx_word' id='word_1_161' title='bbox 1859 1987 2031 2043; x_wconf 80' lang='lat' dir='ltr'><strong>Natali</strong></span> 
     </span>
    </p>
   </div>
   <div class='ocr_carea' id='block_1_23' title="bbox 454 2069 2033 2132">
    <p class='ocr_par' dir='ltr' id='par_1_23' title="bbox 454 2069 2033 2132">
     <span class='ocr_line' id='line_1_23' title="bbox 454 2069 2033 2132; baseline 0.004 -6"><span class='ocrx_word' id='word_1_162' title='bbox 454 2069 665 2126; x_wconf 91' lang='lat' dir='ltr'><strong>Domini</strong></span> <span class='ocrx_word' id='word_1_163' title='bbox 702 2081 858 2127; x_wconf 92' lang='lat' dir='ltr'><strong>nocte</strong></span> <span class='ocrx_word' id='word_1_164' title='bbox 897 2074 1057 2127; x_wconf 87' lang='lat' dir='ltr'><strong>missa</strong></span> <span class='ocrx_word' id='word_1_165' title='bbox 1111 2075 1494 2129; x_wconf 79' lang='lat' dir='ltr'><strong>celebraretur.</strong></span> <span class='ocrx_word' id='word_1_166' title='bbox 1543 2076 1677 2131; x_wconf 84' lang='lat' dir='ltr'><strong>Nam</strong></span> <span class='ocrx_word' id='word_1_167' title='bbox 1708 2078 1852 2131; x_wconf 91' lang='lat' dir='ltr'><strong>omni</strong></span> <span class='ocrx_word' id='word_1_168' title='bbox 1898 2088 2033 2132; x_wconf 88' lang='lat' dir='ltr'><strong>tem-</strong></span> 
     </span>
    </p>
   </div>
   <div class='ocr_carea' id='block_1_24' title="bbox 454 2163 2035 2235">
    <p class='ocr_par' dir='ltr' id='par_1_24' title="bbox 454 2163 2035 2235">
     <span class='ocr_line' id='line_1_24' title="bbox 454 2163 2035 2235; baseline 0.004 -21"><span class='ocrx_word' id='word_1_169' title='bbox 454 2176 584 2231; x_wconf 90' lang='lat' dir='ltr'><strong>pore</strong></span> <span class='ocrx_word' id='word_1_170' title='bbox 627 2171 752 2215; x_wconf 86' lang='lat' dir='ltr'><strong>ante</strong></span> <span class='ocrx_word' id='word_1_171' title='bbox 791 2163 938 2217; x_wconf 65' lang='lat' dir='ltr'><strong>hora:</strong></span> <span class='ocrx_word' id='word_1_172' title='bbox 984 2165 1156 2217; x_wconf 71' lang='lat' dir='ltr'><strong>tertia:</strong></span> <span class='ocrx_word' id='word_1_173' title='bbox 1202 2180 1418 2218; x_wconf 88' lang='lat' dir='ltr'><strong>cursum</strong></span> <span class='ocrx_word' id='word_1_174' title='bbox 1465 2166 1639 2220; x_wconf 90' lang='lat' dir='ltr'><strong>nullus</strong></span> <span class='ocrx_word' id='word_1_175' title='bbox 1683 2179 2035 2235; x_wconf 72' lang='lat' dir='ltr'><strong>przesumeret</strong></span> 
     </span>
    </p>
   </div>
   <div class='ocr_carea' id='block_1_25' title="bbox 458 2249 2034 2321">
    <p class='ocr_par' dir='ltr' id='par_1_25' title="bbox 458 2249 2034 2321">
     <span class='ocr_line' id='line_1_25' title="bbox 458 2249 2034 2321; baseline 0.004 -18"><span class='ocrx_word' id='word_1_176' title='bbox 458 2250 653 2304; x_wconf 87' lang='lat' dir='ltr'><strong>missas</strong></span> <span class='ocrx_word' id='word_1_177' title='bbox 695 2249 995 2313; x_wconf 81' lang='lat' dir='ltr'><strong>celebrare,</strong></span> <span class='ocrx_word' id='word_1_178' title='bbox 1023 2266 1128 2321; x_wconf 90' lang='lat' dir='ltr'><strong>qua</strong></span> <span class='ocrx_word' id='word_1_179' title='bbox 1163 2253 1293 2306; x_wconf 86' lang='lat' dir='ltr'><strong>hora</strong></span> <span class='ocrx_word' id='word_1_180' title='bbox 1337 2254 1594 2309; x_wconf 84' lang='lat' dir='ltr'><strong>Dominus</strong></span> <span class='ocrx_word' id='word_1_181' title='bbox 1635 2257 1877 2310; x_wconf 86' lang='lat' dir='ltr'><strong>ascendit</strong></span> <span class='ocrx_word' id='word_1_182' title='bbox 1915 2272 2034 2312; x_wconf 90' lang='lat' dir='ltr'><strong>cru-</strong></span> 
     </span>
    </p>
   </div>
   <div class='ocr_carea' id='block_1_26' title="bbox 456 2343 2029 2415">
    <p class='ocr_par' dir='ltr' id='par_1_26' title="bbox 456 2343 2029 2415">
     <span class='ocr_line' id='line_1_26' title="bbox 456 2343 2029 2415; baseline 0.006 -21"><span class='ocrx_word' id='word_1_183' title='bbox 456 2356 606 2405; x_wconf 88' lang='lat' dir='ltr'><strong>cem;</strong></span> <span class='ocrx_word' id='word_1_184' title='bbox 636 2350 692 2396; x_wconf 91' lang='lat' dir='ltr'><strong>et</strong></span> <span class='ocrx_word' id='word_1_185' title='bbox 714 2349 839 2396; x_wconf 86' lang='lat' dir='ltr'><strong>ante</strong></span> <span class='ocrx_word' id='word_1_186' title='bbox 860 2343 1184 2397; x_wconf 88' lang='lat' dir='ltr'><strong>sacriﬁcium</strong></span> <span class='ocrx_word' id='word_1_187' title='bbox 1222 2345 1451 2415; x_wconf 89' lang='lat' dir='ltr'><strong>hymnus</strong></span> <span class='ocrx_word' id='word_1_188' title='bbox 1481 2347 1772 2412; x_wconf 85' lang='lat' dir='ltr'><strong>diceretur,</strong></span> <span class='ocrx_word' id='word_1_189' title='bbox 1800 2348 1901 2403; x_wconf 89' lang='lat' dir='ltr'><strong>hoc</strong></span> <span class='ocrx_word' id='word_1_190' title='bbox 1925 2358 2029 2414; x_wconf 86' lang='lat' dir='ltr'><strong>est,</strong></span> 
     </span>
    </p>
   </div>
   <div class='ocr_carea' id='block_1_27' title="bbox 457 2431 2031 2510">
    <p class='ocr_par' dir='ltr' id='par_1_27' title="bbox 457 2431 2031 2510">
     <span class='ocr_line' id='line_1_27' title="bbox 457 2431 2031 2510; baseline 0.008 -24"><span class='ocrx_word' id='word_1_191' title='bbox 457 2431 638 2487; x_wconf 80' lang='lat' dir='ltr'><strong>Gloria</strong></span> <span class='ocrx_word' id='word_1_192' title='bbox 662 2435 715 2487; x_wconf 80' lang='lat' dir='ltr'><strong>in</strong></span> <span class='ocrx_word' id='word_1_193' title='bbox 748 2435 963 2489; x_wconf 72' lang='lat' dir='ltr'><strong>excelsis</strong></span> <span class='ocrx_word' id='word_1_194' title='bbox 994 2436 1121 2491; x_wconf 82' lang='lat' dir='ltr'><strong>Dea.</strong></span> <span class='ocrx_word' id='word_1_195' title='bbox 1162 2436 1259 2491; x_wconf 90' lang='lat' dir='ltr'><strong>llic</strong></span> <span class='ocrx_word' id='word_1_196' title='bbox 1278 2438 1441 2492; x_wconf 90' lang='lat' dir='ltr'><strong>etiam</strong></span> <span class='ocrx_word' id='word_1_197' title='bbox 1462 2441 1721 2510; x_wconf 86' lang='lat' dir='ltr'><strong>martyrio</strong></span> <span class='ocrx_word' id='word_1_198' title='bbox 1743 2451 2031 2498; x_wconf 88' lang='lat' dir='ltr'><strong>coronatus</strong></span> 
     </span>
    </p>
   </div>
   <div class='ocr_carea' id='block_1_28' title="bbox 456 2523 2034 2597">
    <p class='ocr_par' dir='ltr' id='par_1_28' title="bbox 456 2523 2034 2597">
     <span class='ocr_line' id='line_1_28' title="bbox 456 2523 2034 2597; baseline 0.006 -23"><span class='ocrx_word' id='word_1_199' title='bbox 456 2529 561 2587; x_wconf 87' lang='lat' dir='ltr'><strong>est,</strong></span> <span class='ocrx_word' id='word_1_200' title='bbox 591 2523 681 2592; x_wconf 88' lang='lat' dir='ltr'><strong>qui</strong></span> <span class='ocrx_word' id='word_1_201' title='bbox 713 2524 952 2594; x_wconf 89' lang='lat' dir='ltr'><strong>sepultus</strong></span> <span class='ocrx_word' id='word_1_202' title='bbox 976 2534 1058 2579; x_wconf 89' lang='lat' dir='ltr'><strong>est</strong></span> <span class='ocrx_word' id='word_1_203' title='bbox 1081 2526 1231 2595; x_wconf 82' lang='lat' dir='ltr'><strong>juxta</strong></span> <span class='ocrx_word' id='word_1_204' title='bbox 1258 2541 1454 2597; x_wconf 89' lang='lat' dir='ltr'><strong>corpus</strong></span> <span class='ocrx_word' id='word_1_205' title='bbox 1492 2528 1634 2582; x_wconf 87' lang='lat' dir='ltr'><strong>beati</strong></span> <span class='ocrx_word' id='word_1_206' title='bbox 1660 2527 1802 2583; x_wconf 89' lang='lat' dir='ltr'><strong>Petri</strong></span> <span class='ocrx_word' id='word_1_207' title='bbox 1847 2530 1900 2583; x_wconf 93' lang='lat' dir='ltr'><strong>in</strong></span> <span class='ocrx_word' id='word_1_208' title='bbox 1928 2530 2034 2584; x_wconf 88' lang='lat' dir='ltr'><strong>Va-</strong></span> 
     </span>
    </p>
   </div>
   <div class='ocr_carea' id='block_1_29' title="bbox 458 2613 1173 2672">
    <p class='ocr_par' dir='ltr' id='par_1_29' title="bbox 458 2613 1173 2672">
     <span class='ocr_line' id='line_1_29' title="bbox 458 2613 1173 2672; baseline 0.007 -5"><span class='ocrx_word' id='word_1_209' title='bbox 458 2613 638 2668; x_wconf 89' lang='lat' dir='ltr'><strong>ticano</strong></span> <span class='ocrx_word' id='word_1_210' title='bbox 665 2631 716 2668; x_wconf 82' lang='lat' dir='ltr'><strong>IV</strong></span> <span class='ocrx_word' id='word_1_211' title='bbox 748 2614 882 2670; x_wconf 89' lang='lat' dir='ltr'><strong>Non.</strong></span> <span class='ocrx_word' id='word_1_212' title='bbox 911 2615 1173 2672; x_wconf 88' lang='lat' dir='ltr'><strong>Januarii.</strong></span> 
     </span>
    </p>
   </div>
   <div class='ocr_carea' id='block_1_30' title="bbox 529 2705 2033 2783">
    <p class='ocr_par' dir='ltr' id='par_1_30' title="bbox 529 2705 2033 2783">
     <span class='ocr_line' id='line_1_30' title="bbox 529 2705 2033 2783; baseline 0.005 -23"><span class='ocrx_word' id='word_1_213' title='bbox 529 2705 594 2760; x_wconf 91' lang='lat' dir='ltr'><strong>llI</strong></span> <span class='ocrx_word' id='word_1_214' title='bbox 615 2705 748 2761; x_wconf 69' lang='lat' dir='ltr'><strong>Non.</strong></span> <span class='ocrx_word' id='word_1_215' title='bbox 777 2706 962 2762; x_wconf 54' lang='lat' dir='ltr'><strong>Romae</strong></span> <span class='ocrx_word' id='word_1_216' title='bbox 996 2707 1229 2763; x_wconf 83' lang='lat' dir='ltr'><strong>Anteros</strong></span> <span class='ocrx_word' id='word_1_217' title='bbox 1258 2725 1393 2780; x_wconf 81' lang='lat' dir='ltr'><strong>papa</strong></span> <span class='ocrx_word' id='word_1_218' title='bbox 1422 2720 1477 2765; x_wconf 93' lang='lat' dir='ltr'><strong>et</strong></span> <span class='ocrx_word' id='word_1_219' title='bbox 1505 2720 1731 2783; x_wconf 82' lang='lat' dir='ltr'><strong>martyr,</strong></span> <span class='ocrx_word' id='word_1_220' title='bbox 1762 2712 1853 2782; x_wconf 88' lang='lat' dir='ltr'><strong>qui</strong></span> <span class='ocrx_word' id='word_1_221' title='bbox 1900 2713 2033 2769; x_wconf 88' lang='lat' dir='ltr'><strong>dno-</strong></span> 
     </span>
    </p>
   </div>
   <div class='ocr_carea' id='block_1_31' title="bbox 455 2792 2031 2874">
    <p class='ocr_par' dir='ltr' id='par_1_31' title="bbox 455 2792 2031 2874">
     <span class='ocr_line' id='line_1_31' title="bbox 455 2792 2031 2874; baseline 0.008 -28"><span class='ocrx_word' id='word_1_222' title='bbox 455 2792 631 2847; x_wconf 85' lang='lat' dir='ltr'><strong>decim</strong></span> <span class='ocrx_word' id='word_1_223' title='bbox 683 2811 854 2849; x_wconf 86' lang='lat' dir='ltr'><strong>annos</strong></span> <span class='ocrx_word' id='word_1_224' title='bbox 900 2797 1040 2851; x_wconf 75' lang='lat' dir='ltr'><strong>rexit</strong></span> <span class='ocrx_word' id='word_1_225' title='bbox 1084 2798 1403 2864; x_wconf 86' lang='lat' dir='ltr'><strong>Ecclesiam,</strong></span> <span class='ocrx_word' id='word_1_226' title='bbox 1445 2808 1499 2854; x_wconf 90' lang='lat' dir='ltr'><strong>et</strong></span> <span class='ocrx_word' id='word_1_227' title='bbox 1539 2810 1835 2873; x_wconf 86' lang='lat' dir='ltr'><strong>martyrum</strong></span> <span class='ocrx_word' id='word_1_228' title='bbox 1881 2812 2031 2874; x_wconf 85' lang='lat' dir='ltr'><strong>gesta</strong></span> 
     </span>
    </p>
   </div>
   <div class='ocr_carea' id='block_1_32' title="bbox 458 2882 2031 2962">
    <p class='ocr_par' dir='ltr' id='par_1_32' title="bbox 458 2882 2031 2962">
     <span class='ocr_line' id='line_1_32' title="bbox 458 2882 2031 2962; baseline 0.007 -26"><span class='ocrx_word' id='word_1_229' title='bbox 458 2882 746 2954; x_wconf 80' lang='lat' dir='ltr'><strong>diligenter</strong></span> <span class='ocrx_word' id='word_1_230' title='bbox 782 2886 1071 2953; x_wconf 78' lang='lat' dir='ltr'><strong>exquirens</strong></span> <span class='ocrx_word' id='word_1_231' title='bbox 1097 2888 1339 2942; x_wconf 87' lang='lat' dir='ltr'><strong>recondit</strong></span> <span class='ocrx_word' id='word_1_232' title='bbox 1379 2889 1431 2942; x_wconf 91' lang='lat' dir='ltr'><strong>in</strong></span> <span class='ocrx_word' id='word_1_233' title='bbox 1460 2891 1707 2955; x_wconf 84' lang='lat' dir='ltr'><strong>ecclesia,</strong></span> <span class='ocrx_word' id='word_1_234' title='bbox 1736 2893 1826 2962; x_wconf 92' lang='lat' dir='ltr'><strong>qui</strong></span> <span class='ocrx_word' id='word_1_235' title='bbox 1866 2893 2031 2947; x_wconf 88' lang='lat' dir='ltr'><strong>etiam</strong></span> 
     </span>
    </p>
   </div>
   <div class='ocr_carea' id='block_1_33' title="bbox 457 2973 2032 3052">
    <p class='ocr_par' dir='ltr' id='par_1_33' title="bbox 457 2973 2032 3052">
     <span class='ocr_line' id='line_1_33' title="bbox 457 2973 2032 3052; baseline 0.006 -25"><span class='ocrx_word' id='word_1_236' title='bbox 457 2973 721 3042; x_wconf 88' lang='lat' dir='ltr'><strong>martyrio</strong></span> <span class='ocrx_word' id='word_1_237' title='bbox 766 2983 1074 3030; x_wconf 85' lang='lat' dir='ltr'><strong>coronatus.</strong></span> <span class='ocrx_word' id='word_1_238' title='bbox 1119 2975 1175 3029; x_wconf 88' lang='lat' dir='ltr'><strong>in</strong></span> <span class='ocrx_word' id='word_1_239' title='bbox 1211 2981 1519 3033; x_wconf 67' lang='lat' dir='ltr'><strong>cmmeterio</strong></span> <span class='ocrx_word' id='word_1_240' title='bbox 1564 2980 1746 3035; x_wconf 87' lang='lat' dir='ltr'><strong>Calisti</strong></span> <span class='ocrx_word' id='word_1_241' title='bbox 1792 2983 2032 3052; x_wconf 88' lang='lat' dir='ltr'><strong>sepultus</strong></span> 
     </span>
    </p>
   </div>
   <div class='ocr_carea' id='block_1_34' title="bbox 2125 446 3714 520">
    <p class='ocr_par' dir='ltr' id='par_1_34' title="bbox 2125 446 3714 520">
     <span class='ocr_line' id='line_1_34' title="bbox 2125 446 3714 520; baseline -0.002 -15"><span class='ocrx_word' id='word_1_242' title='bbox 2125 458 2182 505; x_wconf 94' lang='lat' dir='ltr'><strong>et</strong></span> <span class='ocrx_word' id='word_1_243' title='bbox 2206 450 2419 520; x_wconf 88' lang='lat' dir='ltr'><strong>ungulis</strong></span> <span class='ocrx_word' id='word_1_244' title='bbox 2447 449 2697 511; x_wconf 86' lang='lat' dir='ltr'><strong>lacerari,</strong></span> <span class='ocrx_word' id='word_1_245' title='bbox 2723 448 2791 502; x_wconf 89' lang='lat' dir='ltr'><strong>ad</strong></span> <span class='ocrx_word' id='word_1_246' title='bbox 2817 455 3124 511; x_wconf 62' lang='lat' dir='ltr'><strong>extremum</strong></span> <span class='ocrx_word' id='word_1_247' title='bbox 3151 462 3280 501; x_wconf 80' lang='lat' dir='ltr'><strong>vero</strong></span> <span class='ocrx_word' id='word_1_248' title='bbox 3327 446 3507 517; x_wconf 87' lang='lat' dir='ltr'><strong>gladio</strong></span> <span class='ocrx_word' id='word_1_249' title='bbox 3547 448 3714 503; x_wconf 74' lang='lat' dir='ltr'><strong>inten-</strong></span> 
     </span>
    </p>
   </div>
   <div class='ocr_carea' id='block_1_35' title="bbox 2126 540 3719 611">
    <p class='ocr_par' dir='ltr' id='par_1_35' title="bbox 2126 540 3719 611">
     <span class='ocr_line' id='line_1_35' title="bbox 2126 540 3719 611; baseline -0.001 -15"><span class='ocrx_word' id='word_1_250' title='bbox 2126 542 2300 597; x_wconf 85' lang='lat' dir='ltr'><strong>fectus</strong></span> <span class='ocrx_word' id='word_1_251' title='bbox 2327 551 2432 606; x_wconf 82' lang='lat' dir='ltr'><strong>est,</strong></span> <span class='ocrx_word' id='word_1_252' title='bbox 2455 550 2512 595; x_wconf 88' lang='lat' dir='ltr'><strong>et</strong></span> <span class='ocrx_word' id='word_1_253' title='bbox 2542 543 2595 597; x_wconf 91' lang='lat' dir='ltr'><strong>in</strong></span> <span class='ocrx_word' id='word_1_254' title='bbox 2620 541 2830 596; x_wconf 78' lang='lat' dir='ltr'><strong>Aulona</strong></span> <span class='ocrx_word' id='word_1_255' title='bbox 2856 541 3077 608; x_wconf 79' lang='lat' dir='ltr'><strong>civitate</strong></span> <span class='ocrx_word' id='word_1_256' title='bbox 3111 541 3373 611; x_wconf 84' lang='lat' dir='ltr'><strong>sepultus.</strong></span> <span class='ocrx_word' id='word_1_257' title='bbox 3400 540 3600 595; x_wconf 85' lang='lat' dir='ltr'><strong>Eadem</strong></span> <span class='ocrx_word' id='word_1_258' title='bbox 3628 542 3719 596; x_wconf 75' lang='lat' dir='ltr'><strong>die</strong></span> 
     </span>
    </p>
   </div>
   <div class='ocr_carea' id='block_1_36' title="bbox 2124 631 3716 702">
    <p class='ocr_par' dir='ltr' id='par_1_36' title="bbox 2124 631 3716 702">
     <span class='ocr_line' id='line_1_36' title="bbox 2124 631 3716 702; baseline 0.001 -16"><span class='ocrx_word' id='word_1_259' title='bbox 2124 631 2307 702; x_wconf 85' lang='lat' dir='ltr'><strong>passio</strong></span> <span class='ocrx_word' id='word_1_260' title='bbox 2346 632 2572 685; x_wconf 87' lang='lat' dir='ltr'><strong>Luciani</strong></span> <span class='ocrx_word' id='word_1_261' title='bbox 2612 631 2914 702; x_wconf 85' lang='lat' dir='ltr'><strong>presbyteri</strong></span> <span class='ocrx_word' id='word_1_262' title='bbox 2940 639 2992 683; x_wconf 94' lang='lat' dir='ltr'><strong>et</strong></span> <span class='ocrx_word' id='word_1_263' title='bbox 3034 632 3315 701; x_wconf 76' lang='lat' dir='ltr'><strong>martyris,</strong></span> <span class='ocrx_word' id='word_1_264' title='bbox 3336 632 3426 701; x_wconf 87' lang='lat' dir='ltr'><strong>qui</strong></span> <span class='ocrx_word' id='word_1_265' title='bbox 3458 632 3657 686; x_wconf 90' lang='lat' dir='ltr'><strong>missus</strong></span> <span class='ocrx_word' id='word_1_266' title='bbox 3684 647 3716 687; x_wconf 84' lang='lat' dir='ltr'><strong>a</strong></span> 
     </span>
    </p>
   </div>
   <div class='ocr_carea' id='block_1_37' title="bbox 2127 723 3718 796">
    <p class='ocr_par' dir='ltr' id='par_1_37' title="bbox 2127 723 3718 796">
     <span class='ocr_line' id='line_1_37' title="bbox 2127 723 3718 796; baseline 0.002 -19"><span class='ocrx_word' id='word_1_267' title='bbox 2127 724 2299 779; x_wconf 84' lang='lat' dir='ltr'><strong>Roma</strong></span> <span class='ocrx_word' id='word_1_268' title='bbox 2341 724 2637 794; x_wconf 73' lang='lat' dir='ltr'><strong>praedicare</strong></span> <span class='ocrx_word' id='word_1_269' title='bbox 2663 725 2886 778; x_wconf 78' lang='lat' dir='ltr'><strong>verbum</strong></span> <span class='ocrx_word' id='word_1_270' title='bbox 2934 723 3052 785; x_wconf 91' lang='lat' dir='ltr'><strong>Dei,</strong></span> <span class='ocrx_word' id='word_1_271' title='bbox 3087 725 3137 777; x_wconf 90' lang='lat' dir='ltr'><strong>in</strong></span> <span class='ocrx_word' id='word_1_272' title='bbox 3166 724 3358 779; x_wconf 86' lang='lat' dir='ltr'><strong>Galliis</strong></span> <span class='ocrx_word' id='word_1_273' title='bbox 3399 727 3718 796; x_wconf 79' lang='lat' dir='ltr'><strong>martyriza-</strong></span> 
     </span>
    </p>
   </div>
   <div class='ocr_carea' id='block_1_38' title="bbox 2126 813 3715 885">
    <p class='ocr_par' dir='ltr' id='par_1_38' title="bbox 2126 813 3715 885">
     <span class='ocr_line' id='line_1_38' title="bbox 2126 813 3715 885; baseline 0.003 -18"><span class='ocrx_word' id='word_1_274' title='bbox 2126 815 2206 867; x_wconf 90' lang='lat' dir='ltr'><strong>vit</strong></span> <span class='ocrx_word' id='word_1_275' title='bbox 2229 815 2330 868; x_wconf 79' lang='lat' dir='ltr'><strong>sub</strong></span> <span class='ocrx_word' id='word_1_276' title='bbox 2354 813 2569 869; x_wconf 77' lang='lat' dir='ltr'><strong>Iuliano</strong></span> <span class='ocrx_word' id='word_1_277' title='bbox 2604 814 2838 879; x_wconf 77' lang='lat' dir='ltr'><strong>Caesare,</strong></span> <span class='ocrx_word' id='word_1_278' title='bbox 2890 815 2941 869; x_wconf 91' lang='lat' dir='ltr'><strong>in</strong></span> <span class='ocrx_word' id='word_1_279' title='bbox 2981 816 3183 868; x_wconf 79' lang='lat' dir='ltr'><strong>eisdem</strong></span> <span class='ocrx_word' id='word_1_280' title='bbox 3231 818 3475 885; x_wconf 87' lang='lat' dir='ltr'><strong>partibus</strong></span> <span class='ocrx_word' id='word_1_281' title='bbox 3503 818 3715 872; x_wconf 79' lang='lat' dir='ltr'><strong>occisus</strong></span> 
     </span>
    </p>
   </div>
   <div class='ocr_carea' id='block_1_39' title="bbox 2128 904 3716 976">
    <p class='ocr_par' dir='ltr' id='par_1_39' title="bbox 2128 904 3716 976">
     <span class='ocr_line' id='line_1_39' title="bbox 2128 904 3716 976; baseline 0.003 -19"><span class='ocrx_word' id='word_1_282' title='bbox 2128 905 2324 976; x_wconf 87' lang='lat' dir='ltr'><strong>gladio,</strong></span> <span class='ocrx_word' id='word_1_283' title='bbox 2355 921 2451 975; x_wconf 90' lang='lat' dir='ltr'><strong>per</strong></span> <span class='ocrx_word' id='word_1_284' title='bbox 2480 904 2633 974; x_wconf 88' lang='lat' dir='ltr'><strong>cujus</strong></span> <span class='ocrx_word' id='word_1_285' title='bbox 2657 907 3095 975; x_wconf 73' lang='lat' dir='ltr'><strong>prmdicationem</strong></span> <span class='ocrx_word' id='word_1_286' title='bbox 3129 907 3282 960; x_wconf 88' lang='lat' dir='ltr'><strong>multi</strong></span> <span class='ocrx_word' id='word_1_287' title='bbox 3315 908 3561 962; x_wconf 86' lang='lat' dir='ltr'><strong>conversi</strong></span> <span class='ocrx_word' id='word_1_288' title='bbox 3590 917 3716 961; x_wconf 86' lang='lat' dir='ltr'><strong>sunt</strong></span> 
     </span>
    </p>
   </div>
   <div class='ocr_carea' id='block_1_40' title="bbox 2131 994 3715 1065">
    <p class='ocr_par' dir='ltr' id='par_1_40' title="bbox 2131 994 3715 1065">
     <span class='ocr_line' id='line_1_40' title="bbox 2131 994 3715 1065; baseline 0 -16"><span class='ocrx_word' id='word_1_289' title='bbox 2131 994 2197 1049; x_wconf 87' lang='lat' dir='ltr'><strong>ad</strong></span> <span class='ocrx_word' id='word_1_290' title='bbox 2222 996 2411 1061; x_wconf 68' lang='lat' dir='ltr'><strong>ﬁdem;</strong></span> <span class='ocrx_word' id='word_1_291' title='bbox 2439 995 2505 1048; x_wconf 89' lang='lat' dir='ltr'><strong>ad</strong></span> <span class='ocrx_word' id='word_1_292' title='bbox 2532 995 2684 1065; x_wconf 90' lang='lat' dir='ltr'><strong>cujus</strong></span> <span class='ocrx_word' id='word_1_293' title='bbox 2710 995 3014 1063; x_wconf 87' lang='lat' dir='ltr'><strong>sepulcrum</strong></span> <span class='ocrx_word' id='word_1_294' title='bbox 3045 995 3210 1049; x_wconf 88' lang='lat' dir='ltr'><strong>multa</strong></span> <span class='ocrx_word' id='word_1_295' title='bbox 3236 997 3594 1050; x_wconf 81' lang='lat' dir='ltr'><strong>ostenduntur</strong></span> <span class='ocrx_word' id='word_1_296' title='bbox 3621 998 3715 1050; x_wconf 86' lang='lat' dir='ltr'><strong>mi-</strong></span> 
     </span>
    </p>
   </div>
   <div class='ocr_carea' id='block_1_41' title="bbox 2131 1079 3122 1151">
    <p class='ocr_par' dir='ltr' id='par_1_41' title="bbox 2131 1079 3122 1151">
     <span class='ocr_line' id='line_1_41' title="bbox 2131 1079 3122 1151; baseline -0.002 -15"><span class='ocrx_word' id='word_1_297' title='bbox 2131 1082 2311 1136; x_wconf 89' lang='lat' dir='ltr'><strong>racula</strong></span> <span class='ocrx_word' id='word_1_298' title='bbox 2340 1086 2393 1136; x_wconf 87' lang='lat' dir='ltr'><strong>et</strong></span> <span class='ocrx_word' id='word_1_299' title='bbox 2416 1082 2676 1135; x_wconf 89' lang='lat' dir='ltr'><strong>sanitates</strong></span> <span class='ocrx_word' id='word_1_300' title='bbox 2702 1079 2831 1135; x_wconf 87' lang='lat' dir='ltr'><strong>ﬁunt</strong></span> <span class='ocrx_word' id='word_1_301' title='bbox 2858 1081 3122 1151; x_wconf 66' lang='lat' dir='ltr'><strong>plurimae.</strong></span> 
     </span>
    </p>
   </div>
   <div class='ocr_carea' id='block_1_42' title="bbox 2148 1170 3711 1241">
    <p class='ocr_par' dir='ltr' id='par_1_42' title="bbox 2148 1170 3711 1241">
     <span class='ocr_line' id='line_1_42' title="bbox 2148 1170 3711 1241; baseline 0.001 -16"><span class='ocrx_word' id='word_1_302' title='bbox 2148 1196 2169 1212; x_wconf 57' lang='grc' dir='ltr'><strong>κ</strong></span> <span class='ocrx_word' id='word_1_303' title='bbox 2209 1171 2341 1226; x_wconf 62' lang='lat' dir='ltr'><strong>Non.</strong></span> <span class='ocrx_word' id='word_1_304' title='bbox 2373 1170 2755 1241; x_wconf 70' lang='lat' dir='ltr'><strong>Hierosolyma:</strong></span> <span class='ocrx_word' id='word_1_305' title='bbox 2795 1172 3057 1240; x_wconf 88' lang='lat' dir='ltr'><strong>depositio</strong></span> <span class='ocrx_word' id='word_1_306' title='bbox 3106 1170 3376 1227; x_wconf 90' lang='lat' dir='ltr'><strong>Simeonis</strong></span> <span class='ocrx_word' id='word_1_307' title='bbox 3418 1173 3711 1241; x_wconf 70' lang='lat' dir='ltr'><strong>propin-ue,</strong></span> 
     </span>
    </p>
   </div>
   <div class='ocr_carea' id='block_1_43' title="bbox 2130 1258 3714 1331">
    <p class='ocr_par' dir='ltr' id='par_1_43' title="bbox 2130 1258 3714 1331">
     <span class='ocr_line' id='line_1_43' title="bbox 2130 1258 3714 1331; baseline 0.001 -18"><span class='ocrx_word' id='word_1_308' title='bbox 2130 1261 2221 1331; x_wconf 89' lang='lat' dir='ltr'><strong>qui</strong></span> <span class='ocrx_word' id='word_1_309' title='bbox 2259 1260 2544 1313; x_wconf 90' lang='lat' dir='ltr'><strong>Dominum</strong></span> <span class='ocrx_word' id='word_1_310' title='bbox 2578 1258 2761 1314; x_wconf 74' lang='lat' dir='ltr'><strong>Iesum</strong></span> <span class='ocrx_word' id='word_1_311' title='bbox 2801 1260 3059 1313; x_wconf 81' lang='lat' dir='ltr'><strong>infantem</strong></span> <span class='ocrx_word' id='word_1_312' title='bbox 3097 1261 3210 1314; x_wconf 89' lang='lat' dir='ltr'><strong>suis</strong></span> <span class='ocrx_word' id='word_1_313' title='bbox 3240 1260 3379 1313; x_wconf 90' lang='lat' dir='ltr'><strong>ulnis</strong></span> <span class='ocrx_word' id='word_1_314' title='bbox 3402 1262 3638 1330; x_wconf 86' lang='lat' dir='ltr'><strong>portavit</strong></span> <span class='ocrx_word' id='word_1_315' title='bbox 3657 1269 3714 1315; x_wconf 90' lang='lat' dir='ltr'><strong>et</strong></span> 
     </span>
    </p>
   </div>
   <div class='ocr_carea' id='block_1_44' title="bbox 2130 1349 3709 1421">
    <p class='ocr_par' dir='ltr' id='par_1_44' title="bbox 2130 1349 3709 1421">
     <span class='ocr_line' id='line_1_44' title="bbox 2130 1349 3709 1421; baseline -0.002 -15"><span class='ocrx_word' id='word_1_316' title='bbox 2130 1350 2423 1407; x_wconf 79' lang='lat' dir='ltr'><strong>benedixit.</strong></span> <span class='ocrx_word' id='word_1_317' title='bbox 2479 1350 2546 1404; x_wconf 89' lang='lat' dir='ltr'><strong>Et</strong></span> <span class='ocrx_word' id='word_1_318' title='bbox 2575 1350 2628 1403; x_wconf 92' lang='lat' dir='ltr'><strong>in</strong></span> <span class='ocrx_word' id='word_1_319' title='bbox 2655 1349 2939 1403; x_wconf 83' lang='lat' dir='ltr'><strong>Antiochia</strong></span> <span class='ocrx_word' id='word_1_320' title='bbox 2972 1350 3232 1421; x_wconf 87' lang='lat' dir='ltr'><strong>depositio</strong></span> <span class='ocrx_word' id='word_1_321' title='bbox 3266 1350 3540 1404; x_wconf 79' lang='lat' dir='ltr'><strong>Simeonis</strong></span> <span class='ocrx_word' id='word_1_322' title='bbox 3589 1364 3709 1403; x_wconf 91' lang='lat' dir='ltr'><strong>mo-</strong></span> 
     </span>
    </p>
   </div>
   <div class='ocr_carea' id='block_1_45' title="bbox 2131 1434 3710 1513">
    <p class='ocr_par' dir='ltr' id='par_1_45' title="bbox 2131 1434 3710 1513">
     <span class='ocr_line' id='line_1_45' title="bbox 2131 1434 3710 1513; baseline -0.003 -15"><span class='ocrx_word' id='word_1_323' title='bbox 2131 1444 2312 1507; x_wconf 89' lang='lat' dir='ltr'><strong>nachi,</strong></span> <span class='ocrx_word' id='word_1_324' title='bbox 2344 1444 2432 1513; x_wconf 91' lang='lat' dir='ltr'><strong>qui</strong></span> <span class='ocrx_word' id='word_1_325' title='bbox 2463 1443 2515 1496; x_wconf 91' lang='lat' dir='ltr'><strong>in</strong></span> <span class='ocrx_word' id='word_1_326' title='bbox 2544 1441 2792 1496; x_wconf 89' lang='lat' dir='ltr'><strong>columna</strong></span> <span class='ocrx_word' id='word_1_327' title='bbox 2826 1440 2997 1505; x_wconf 90' lang='lat' dir='ltr'><strong>stetit,</strong></span> <span class='ocrx_word' id='word_1_328' title='bbox 3022 1449 3077 1494; x_wconf 91' lang='lat' dir='ltr'><strong>et</strong></span> <span class='ocrx_word' id='word_1_329' title='bbox 3121 1434 3349 1494; x_wconf 80' lang='lat' dir='ltr'><strong>virtutes</strong></span> <span class='ocrx_word' id='word_1_330' title='bbox 3393 1440 3593 1494; x_wconf 86' lang='lat' dir='ltr'><strong>multas</strong></span> <span class='ocrx_word' id='word_1_331' title='bbox 3628 1441 3710 1494; x_wconf 80' lang='lat' dir='ltr'><strong>fa-</strong></span> 
     </span>
    </p>
   </div>
   <div class='ocr_carea' id='block_1_46' title="bbox 2131 1528 3712 1601">
    <p class='ocr_par' dir='ltr' id='par_1_46' title="bbox 2131 1528 3712 1601">
     <span class='ocr_line' id='line_1_46' title="bbox 2131 1528 3712 1601; baseline -0.003 -14"><span class='ocrx_word' id='word_1_332' title='bbox 2131 1534 2282 1588; x_wconf 81' lang='lat' dir='ltr'><strong>ciens</strong></span> <span class='ocrx_word' id='word_1_333' title='bbox 2303 1532 2374 1589; x_wconf 89' lang='lat' dir='ltr'><strong>ibi</strong></span> <span class='ocrx_word' id='word_1_334' title='bbox 2405 1532 2610 1601; x_wconf 84' lang='lat' dir='ltr'><strong>quievit</strong></span> <span class='ocrx_word' id='word_1_335' title='bbox 2636 1531 2690 1584; x_wconf 90' lang='lat' dir='ltr'><strong>in</strong></span> <span class='ocrx_word' id='word_1_336' title='bbox 2717 1545 2872 1600; x_wconf 86' lang='lat' dir='ltr'><strong>pace,</strong></span> <span class='ocrx_word' id='word_1_337' title='bbox 2901 1539 2958 1584; x_wconf 91' lang='lat' dir='ltr'><strong>et</strong></span> <span class='ocrx_word' id='word_1_338' title='bbox 2983 1528 3302 1582; x_wconf 89' lang='lat' dir='ltr'><strong>translatum</strong></span> <span class='ocrx_word' id='word_1_339' title='bbox 3338 1538 3422 1583; x_wconf 88' lang='lat' dir='ltr'><strong>est</strong></span> <span class='ocrx_word' id='word_1_340' title='bbox 3448 1530 3572 1585; x_wconf 80' lang='lat' dir='ltr'><strong>inde</strong></span> <span class='ocrx_word' id='word_1_341' title='bbox 3592 1545 3712 1584; x_wconf 83' lang='lat' dir='ltr'><strong>cor-</strong></span> 
     </span>
    </p>
   </div>
   <div class='ocr_carea' id='block_1_47' title="bbox 2132 1620 3710 1697">
    <p class='ocr_par' dir='ltr' id='par_1_47' title="bbox 2132 1620 3710 1697">
     <span class='ocr_line' id='line_1_47' title="bbox 2132 1620 3710 1697; baseline -0.003 -19"><span class='ocrx_word' id='word_1_342' title='bbox 2132 1641 2231 1697; x_wconf 91' lang='lat' dir='ltr'><strong>pus</strong></span> <span class='ocrx_word' id='word_1_343' title='bbox 2264 1624 2380 1695; x_wconf 91' lang='lat' dir='ltr'><strong>ejus</strong></span> <span class='ocrx_word' id='word_1_344' title='bbox 2409 1625 2461 1677; x_wconf 90' lang='lat' dir='ltr'><strong>in</strong></span> <span class='ocrx_word' id='word_1_345' title='bbox 2500 1622 2862 1684; x_wconf 88' lang='lat' dir='ltr'><strong>Antiochiam,</strong></span> <span class='ocrx_word' id='word_1_346' title='bbox 2895 1635 2992 1693; x_wconf 90' lang='lat' dir='ltr'><strong>per</strong></span> <span class='ocrx_word' id='word_1_347' title='bbox 3020 1622 3328 1692; x_wconf 86' lang='lat' dir='ltr'><strong>episcopum</strong></span> <span class='ocrx_word' id='word_1_348' title='bbox 3362 1620 3534 1690; x_wconf 82' lang='lat' dir='ltr'><strong>ipsius</strong></span> <span class='ocrx_word' id='word_1_349' title='bbox 3575 1621 3710 1673; x_wconf 81' lang='lat' dir='ltr'><strong>civi-</strong></span> 
     </span>
    </p>
   </div>
   <div class='ocr_carea' id='block_1_48' title="bbox 2058 1708 3714 1793">
    <p class='ocr_par' dir='ltr' id='par_1_48' title="bbox 2058 1708 3714 1793">
     <span class='ocr_line' id='line_1_48' title="bbox 2058 1708 3714 1793; baseline -0.003 -27"><span class='ocrx_word' id='word_1_350' title='bbox 2058 1734 2106 1793; x_wconf 81' lang='grc' dir='ltr'><strong>Β</strong></span> <span class='ocrx_word' id='word_1_351' title='bbox 2134 1713 2261 1767; x_wconf 87' lang='lat' dir='ltr'><strong>tatis</strong></span> <span class='ocrx_word' id='word_1_352' title='bbox 2292 1722 2346 1767; x_wconf 87' lang='lat' dir='ltr'><strong>et</strong></span> <span class='ocrx_word' id='word_1_353' title='bbox 2370 1711 2622 1783; x_wconf 87' lang='lat' dir='ltr'><strong>populum</strong></span> <span class='ocrx_word' id='word_1_354' title='bbox 2664 1708 3052 1773; x_wconf 91' lang='lat' dir='ltr'><strong>Christianum,</strong></span> <span class='ocrx_word' id='word_1_355' title='bbox 3083 1724 3203 1763; x_wconf 89' lang='lat' dir='ltr'><strong>cum</strong></span> <span class='ocrx_word' id='word_1_356' title='bbox 3233 1708 3455 1778; x_wconf 85' lang='lat' dir='ltr'><strong>psalmis</strong></span> <span class='ocrx_word' id='word_1_357' title='bbox 3479 1717 3532 1762; x_wconf 92' lang='lat' dir='ltr'><strong>ct</strong></span> <span class='ocrx_word' id='word_1_358' title='bbox 3567 1709 3714 1780; x_wconf 83' lang='lat' dir='ltr'><strong>hym-</strong></span> 
     </span>
    </p>
   </div>
   <div class='ocr_carea' id='block_1_49' title="bbox 2136 1800 3711 1869">
    <p class='ocr_par' dir='ltr' id='par_1_49' title="bbox 2136 1800 3711 1869">
     <span class='ocr_line' id='line_1_49' title="bbox 2136 1800 3711 1869; baseline -0.002 -12"><span class='ocrx_word' id='word_1_359' title='bbox 2136 1804 2239 1868; x_wconf 89' lang='lat' dir='ltr'><strong>nis,</strong></span> <span class='ocrx_word' id='word_1_360' title='bbox 2276 1812 2329 1857; x_wconf 93' lang='lat' dir='ltr'><strong>et</strong></span> <span class='ocrx_word' id='word_1_361' title='bbox 2366 1816 2488 1857; x_wconf 88' lang='lat' dir='ltr'><strong>cum</strong></span> <span class='ocrx_word' id='word_1_362' title='bbox 2518 1800 2697 1855; x_wconf 86' lang='lat' dir='ltr'><strong>multis</strong></span> <span class='ocrx_word' id='word_1_363' title='bbox 2726 1800 3082 1869; x_wconf 88' lang='lat' dir='ltr'><strong>lampadibus,</strong></span> <span class='ocrx_word' id='word_1_364' title='bbox 3114 1808 3169 1854; x_wconf 88' lang='lat' dir='ltr'><strong>et</strong></span> <span class='ocrx_word' id='word_1_365' title='bbox 3200 1801 3481 1854; x_wconf 89' lang='lat' dir='ltr'><strong>conditum</strong></span> <span class='ocrx_word' id='word_1_366' title='bbox 3517 1810 3599 1854; x_wconf 90' lang='lat' dir='ltr'><strong>est</strong></span> <span class='ocrx_word' id='word_1_367' title='bbox 3639 1801 3711 1854; x_wconf 87' lang='lat' dir='ltr'><strong>ibi</strong></span> 
     </span>
    </p>
   </div>
   <div class='ocr_carea' id='block_1_50' title="bbox 2133 1890 3240 1961">
    <p class='ocr_par' dir='ltr' id='par_1_50' title="bbox 2133 1890 3240 1961">
     <span class='ocr_line' id='line_1_50' title="bbox 2133 1890 3240 1961; baseline -0.005 -13"><span class='ocrx_word' id='word_1_368' title='bbox 2133 1894 2186 1948; x_wconf 91' lang='lat' dir='ltr'><strong>in</strong></span> <span class='ocrx_word' id='word_1_369' title='bbox 2219 1893 2447 1948; x_wconf 86' lang='lat' dir='ltr'><strong>ecclesia</strong></span> <span class='ocrx_word' id='word_1_370' title='bbox 2478 1891 2698 1961; x_wconf 88' lang='lat' dir='ltr'><strong>majore.</strong></span> <span class='ocrx_word' id='word_1_371' title='bbox 2742 1891 2932 1961; x_wconf 82' lang='lat' dir='ltr'><strong>Vigilia</strong></span> <span class='ocrx_word' id='word_1_372' title='bbox 2976 1890 3240 1960; x_wconf 83' lang='lat' dir='ltr'><strong>Epiphan.</strong></span> 
     </span>
    </p>
   </div>
   <div class='ocr_carea' id='block_1_51' title="bbox 2203 1985 3709 2055">
    <p class='ocr_par' dir='ltr' id='par_1_51' title="bbox 2203 1985 3709 2055">
     <span class='ocr_line' id='line_1_51' title="bbox 2203 1985 3709 2055; baseline 0.001 -14"><span class='ocrx_word' id='word_1_373' title='bbox 2203 1987 2314 2041; x_wconf 90' lang='lat' dir='ltr'><strong>VIII</strong></span> <span class='ocrx_word' id='word_1_374' title='bbox 2355 1987 2543 2041; x_wconf 76' lang='lat' dir='ltr'><strong>Inuuu.</strong></span> <span class='ocrx_word' id='word_1_375' title='bbox 2574 1985 2871 2055; x_wconf 87' lang='lat' dir='ltr'><strong>Epiphania</strong></span> <span class='ocrx_word' id='word_1_376' title='bbox 2909 1985 3116 2039; x_wconf 90' lang='lat' dir='ltr'><strong>Domini</strong></span> <span class='ocrx_word' id='word_1_377' title='bbox 3148 1986 3315 2040; x_wconf 88' lang='lat' dir='ltr'><strong>nostri</strong></span> <span class='ocrx_word' id='word_1_378' title='bbox 3340 1985 3467 2041; x_wconf 85' lang='lat' dir='ltr'><strong>Jesn</strong></span> <span class='ocrx_word' id='word_1_379' title='bbox 3495 1986 3709 2042; x_wconf 86' lang='lat' dir='ltr'><strong>Christi.</strong></span> 
     </span>
    </p>
   </div>
   <div class='ocr_carea' id='block_1_52' title="bbox 2203 2078 3713 2148">
    <p class='ocr_par' dir='ltr' id='par_1_52' title="bbox 2203 2078 3713 2148">
     <span class='ocr_line' id='line_1_52' title="bbox 2203 2078 3713 2148; baseline 0 -13"><span class='ocrx_word' id='word_1_380' title='bbox 2203 2081 2291 2135; x_wconf 88' lang='lat' dir='ltr'><strong>VII</strong></span> <span class='ocrx_word' id='word_1_381' title='bbox 2341 2081 2416 2135; x_wconf 85' lang='lat' dir='ltr'><strong>lo.</strong></span> <span class='ocrx_word' id='word_1_382' title='bbox 2450 2080 2634 2135; x_wconf 85' lang='lat' dir='ltr'><strong>Passio</strong></span> <span class='ocrx_word' id='word_1_383' title='bbox 2661 2087 2859 2133; x_wconf 68' lang='lat' dir='ltr'><strong>sancta:</strong></span> <span class='ocrx_word' id='word_1_384' title='bbox 2910 2078 3118 2133; x_wconf 70' lang='lat' dir='ltr'><strong>Fausta:</strong></span> <span class='ocrx_word' id='word_1_385' title='bbox 3142 2080 3384 2148; x_wconf 82' lang='lat' dir='ltr'><strong>virginis,</strong></span> <span class='ocrx_word' id='word_1_386' title='bbox 3418 2082 3518 2134; x_wconf 88' lang='lat' dir='ltr'><strong>sub</strong></span> <span class='ocrx_word' id='word_1_387' title='bbox 3544 2079 3713 2135; x_wconf 68' lang='lat' dir='ltr'><strong>Maxi-</strong></span> 
     </span>
    </p>
   </div>
   <div class='ocr_carea' id='block_1_53' title="bbox 2131 2167 3708 2241">
    <p class='ocr_par' dir='ltr' id='par_1_53' title="bbox 2131 2167 3708 2241">
     <span class='ocr_line' id='line_1_53' title="bbox 2131 2167 3708 2241; baseline -0.002 -16"><span class='ocrx_word' id='word_1_388' title='bbox 2131 2171 2313 2225; x_wconf 88' lang='lat' dir='ltr'><strong>miano</strong></span> <span class='ocrx_word' id='word_1_389' title='bbox 2353 2172 2700 2241; x_wconf 88' lang='lat' dir='ltr'><strong>imperatore,</strong></span> <span class='ocrx_word' id='word_1_390' title='bbox 2731 2184 2849 2238; x_wconf 67' lang='lat' dir='ltr'><strong>quae</strong></span> <span class='ocrx_word' id='word_1_391' title='bbox 2883 2167 3173 2221; x_wconf 87' lang='lat' dir='ltr'><strong>Evilasium</strong></span> <span class='ocrx_word' id='word_1_392' title='bbox 3217 2169 3454 2236; x_wconf 88' lang='lat' dir='ltr'><strong>primum</strong></span> <span class='ocrx_word' id='word_1_393' title='bbox 3504 2169 3708 2239; x_wconf 85' lang='lat' dir='ltr'><strong>palatii,</strong></span> 
     </span>
    </p>
   </div>
   <div class='ocr_carea' id='block_1_54' title="bbox 2131 2259 3712 2328">
    <p class='ocr_par' dir='ltr' id='par_1_54' title="bbox 2131 2259 3712 2328">
     <span class='ocr_line' id='line_1_54' title="bbox 2131 2259 3712 2328; baseline -0.004 -11"><span class='ocrx_word' id='word_1_394' title='bbox 2131 2271 2389 2317; x_wconf 89' lang='lat' dir='ltr'><strong>tortorem</strong></span> <span class='ocrx_word' id='word_1_395' title='bbox 2425 2276 2602 2324; x_wconf 89' lang='lat' dir='ltr'><strong>suum,</strong></span> <span class='ocrx_word' id='word_1_396' title='bbox 2654 2260 2926 2328; x_wconf 72' lang='lat' dir='ltr'><strong>patientia:</strong></span> <span class='ocrx_word' id='word_1_397' title='bbox 2973 2274 3083 2313; x_wconf 67' lang='lat' dir='ltr'><strong>sua:</strong></span> <span class='ocrx_word' id='word_1_398' title='bbox 3112 2260 3309 2313; x_wconf 89' lang='lat' dir='ltr'><strong>virtute</strong></span> <span class='ocrx_word' id='word_1_399' title='bbox 3346 2259 3613 2312; x_wconf 87' lang='lat' dir='ltr'><strong>convertit</strong></span> <span class='ocrx_word' id='word_1_400' title='bbox 3645 2259 3712 2311; x_wconf 85' lang='lat' dir='ltr'><strong>ad</strong></span> 
     </span>
    </p>
   </div>
   <div class='ocr_carea' id='block_1_55' title="bbox 2133 2348 3712 2420">
    <p class='ocr_par' dir='ltr' id='par_1_55' title="bbox 2133 2348 3712 2420">
     <span class='ocr_line' id='line_1_55' title="bbox 2133 2348 3712 2420; baseline -0.003 -13"><span class='ocrx_word' id='word_1_401' title='bbox 2133 2352 2311 2412; x_wconf 90' lang='lat' dir='ltr'><strong>ﬁdem.</strong></span> <span class='ocrx_word' id='word_1_402' title='bbox 2351 2366 2451 2406; x_wconf 90' lang='lat' dir='ltr'><strong>nec</strong></span> <span class='ocrx_word' id='word_1_403' title='bbox 2494 2367 2598 2405; x_wconf 92' lang='lat' dir='ltr'><strong>non</strong></span> <span class='ocrx_word' id='word_1_404' title='bbox 2628 2359 2683 2405; x_wconf 84' lang='lat' dir='ltr'><strong>et</strong></span> <span class='ocrx_word' id='word_1_405' title='bbox 2720 2349 3051 2420; x_wconf 62' lang='lat' dir='ltr'><strong>praefectum,</strong></span> <span class='ocrx_word' id='word_1_406' title='bbox 3097 2349 3182 2403; x_wconf 92' lang='lat' dir='ltr'><strong>cui</strong></span> <span class='ocrx_word' id='word_1_407' title='bbox 3214 2348 3425 2418; x_wconf 87' lang='lat' dir='ltr'><strong>jussum</strong></span> <span class='ocrx_word' id='word_1_408' title='bbox 3465 2358 3547 2404; x_wconf 87' lang='lat' dir='ltr'><strong>est</strong></span> <span class='ocrx_word' id='word_1_409' title='bbox 3592 2364 3712 2403; x_wconf 87' lang='lat' dir='ltr'><strong>eam</strong></span> 
     </span>
    </p>
   </div>
   <div class='ocr_carea' id='block_1_56' title="bbox 2132 2438 3708 2513">
    <p class='ocr_par' dir='ltr' id='par_1_56' title="bbox 2132 2438 3708 2513">
     <span class='ocr_line' id='line_1_56' title="bbox 2132 2438 3708 2513; baseline -0.004 -15"><span class='ocrx_word' id='word_1_410' title='bbox 2132 2452 2415 2513; x_wconf 85' lang='lat' dir='ltr'><strong>torquere;</strong></span> <span class='ocrx_word' id='word_1_411' title='bbox 2462 2455 2583 2510; x_wconf 71' lang='lat' dir='ltr'><strong>qua:</strong></span> <span class='ocrx_word' id='word_1_412' title='bbox 2636 2454 2897 2510; x_wconf 87' lang='lat' dir='ltr'><strong>suspensa</strong></span> <span class='ocrx_word' id='word_1_413' title='bbox 2952 2439 3293 2494; x_wconf 88' lang='lat' dir='ltr'><strong>ferramentis</strong></span> <span class='ocrx_word' id='word_1_414' title='bbox 3356 2438 3708 2502; x_wconf 86' lang='lat' dir='ltr'><strong>lacerabatur,</strong></span> 
     </span>
    </p>
   </div>
   <div class='ocr_carea' id='block_1_57' title="bbox 2130 2522 3709 2603">
    <p class='ocr_par' dir='ltr' id='par_1_57' title="bbox 2130 2522 3709 2603">
     <span class='ocr_line' id='line_1_57' title="bbox 2130 2522 3709 2603; baseline -0.003 -16"><span class='ocrx_word' id='word_1_415' title='bbox 2130 2542 2317 2603; x_wconf 88' lang='lat' dir='ltr'><strong>postea</strong></span> <span class='ocrx_word' id='word_1_416' title='bbox 2345 2531 2533 2587; x_wconf 89' lang='lat' dir='ltr'><strong>bestiis</strong></span> <span class='ocrx_word' id='word_1_417' title='bbox 2569 2530 2787 2593; x_wconf 90' lang='lat' dir='ltr'><strong>tradita,</strong></span> <span class='ocrx_word' id='word_1_418' title='bbox 2837 2545 2866 2582; x_wconf 92' lang='lat' dir='ltr'><strong>a</strong></span> <span class='ocrx_word' id='word_1_419' title='bbox 2921 2528 3064 2583; x_wconf 90' lang='lat' dir='ltr'><strong>nulla</strong></span> <span class='ocrx_word' id='word_1_420' title='bbox 3109 2522 3296 2583; x_wconf 83' lang='lat' dir='ltr'><strong>earum</strong></span> <span class='ocrx_word' id='word_1_421' title='bbox 3342 2530 3709 2584; x_wconf 84' lang='lat' dir='ltr'><strong>contaminata</strong></span> 
     </span>
    </p>
   </div>
   <div class='ocr_carea' id='block_1_58' title="bbox 2131 2619 3711 2690">
    <p class='ocr_par' dir='ltr' id='par_1_58' title="bbox 2131 2619 3711 2690">
     <span class='ocr_line' id='line_1_58' title="bbox 2131 2619 3711 2690; baseline -0.004 -11"><span class='ocrx_word' id='word_1_422' title='bbox 2131 2634 2233 2679; x_wconf 50' lang='lat' dir='ltr'><strong>csa</strong></span> <span class='ocrx_word' id='word_1_423' title='bbox 2267 2622 2469 2676; x_wconf 89' lang='lat' dir='ltr'><strong>Deinde</strong></span> <span class='ocrx_word' id='word_1_424' title='bbox 2514 2620 2679 2676; x_wconf 79' lang='lat' dir='ltr'><strong>clavis</strong></span> <span class='ocrx_word' id='word_1_425' title='bbox 2709 2629 2870 2690; x_wconf 88' lang='lat' dir='ltr'><strong>caput</strong></span> <span class='ocrx_word' id='word_1_426' title='bbox 2902 2619 3020 2688; x_wconf 82' lang='lat' dir='ltr'><strong>eius</strong></span> <span class='ocrx_word' id='word_1_427' title='bbox 3049 2619 3318 2674; x_wconf 82' lang='lat' dir='ltr'><strong>conﬁxum</strong></span> <span class='ocrx_word' id='word_1_428' title='bbox 3372 2628 3485 2685; x_wconf 87' lang='lat' dir='ltr'><strong>est;</strong></span> <span class='ocrx_word' id='word_1_429' title='bbox 3526 2630 3711 2689; x_wconf 81' lang='lat' dir='ltr'><strong>postea</strong></span> 
     </span>
    </p>
   </div>
   <div class='ocr_carea' id='block_1_59' title="bbox 2132 2710 3710 2783">
    <p class='ocr_par' dir='ltr' id='par_1_59' title="bbox 2132 2710 3710 2783">
     <span class='ocr_line' id='line_1_59' title="bbox 2132 2710 3710 2783; baseline -0.004 -15"><span class='ocrx_word' id='word_1_430' title='bbox 2132 2728 2197 2768; x_wconf 84' lang='lat' dir='ltr'><strong>ea</strong></span> <span class='ocrx_word' id='word_1_431' title='bbox 2236 2715 2289 2767; x_wconf 93' lang='lat' dir='ltr'><strong>in</strong></span> <span class='ocrx_word' id='word_1_432' title='bbox 2316 2712 2643 2783; x_wconf 89' lang='lat' dir='ltr'><strong>sartaginem</strong></span> <span class='ocrx_word' id='word_1_433' title='bbox 2695 2711 2990 2765; x_wconf 80' lang='lat' dir='ltr'><strong>ferventem</strong></span> <span class='ocrx_word' id='word_1_434' title='bbox 3047 2710 3166 2781; x_wconf 90' lang='lat' dir='ltr'><strong>pice</strong></span> <span class='ocrx_word' id='word_1_435' title='bbox 3220 2711 3408 2774; x_wconf 86' lang='lat' dir='ltr'><strong>missa,</strong></span> <span class='ocrx_word' id='word_1_436' title='bbox 3472 2712 3567 2765; x_wconf 85' lang='lat' dir='ltr'><strong>sed</strong></span> <span class='ocrx_word' id='word_1_437' title='bbox 3606 2727 3710 2764; x_wconf 71' lang='grc' dir='ltr'>ηοίι</span> 
     </span>
    </p>
   </div>
   <div class='ocr_carea' id='block_1_60' title="bbox 2134 2799 3712 2872">
    <p class='ocr_par' dir='ltr' id='par_1_60' title="bbox 2134 2799 3712 2872">
     <span class='ocr_line' id='line_1_60' title="bbox 2134 2799 3712 2872; baseline -0.001 -16"><span class='ocrx_word' id='word_1_438' title='bbox 2134 2802 2281 2858; x_wconf 56' lang='lat' dir='ltr'><strong>lassa.</strong></span> <span class='ocrx_word' id='word_1_439' title='bbox 2330 2801 2529 2872; x_wconf 88' lang='lat' dir='ltr'><strong>Sicque</strong></span> <span class='ocrx_word' id='word_1_440' title='bbox 2561 2817 2684 2856; x_wconf 90' lang='lat' dir='ltr'><strong>cum</strong></span> <span class='ocrx_word' id='word_1_441' title='bbox 2721 2799 2976 2864; x_wconf 88' lang='lat' dir='ltr'><strong>Evilasio,</strong></span> <span class='ocrx_word' id='word_1_442' title='bbox 3015 2808 3071 2854; x_wconf 89' lang='lat' dir='ltr'><strong>et</strong></span> <span class='ocrx_word' id='word_1_443' title='bbox 3104 2800 3358 2870; x_wconf 65' lang='lat' dir='ltr'><strong>praefecto</strong></span> <span class='ocrx_word' id='word_1_444' title='bbox 3382 2801 3436 2854; x_wconf 90' lang='lat' dir='ltr'><strong>in</strong></span> <span class='ocrx_word' id='word_1_445' title='bbox 3476 2812 3712 2856; x_wconf 82' lang='lat' dir='ltr'><strong>tormen-</strong></span> 
     </span>
    </p>
   </div>
   <div class='ocr_carea' id='block_1_61' title="bbox 2134 2893 3713 2964">
    <p class='ocr_par' dir='ltr' id='par_1_61' title="bbox 2134 2893 3713 2964">
     <span class='ocr_line' id='line_1_61' title="bbox 2134 2893 3713 2964; baseline 0.001 -16"><span class='ocrx_word' id='word_1_446' title='bbox 2134 2895 2204 2950; x_wconf 87' lang='lat' dir='ltr'><strong>tis</strong></span> <span class='ocrx_word' id='word_1_447' title='bbox 2232 2895 2518 2950; x_wconf 90' lang='lat' dir='ltr'><strong>constituta</strong></span> <span class='ocrx_word' id='word_1_448' title='bbox 2538 2935 2555 2960; x_wconf 94' lang='lat'><strong>,</strong></span> <span class='ocrx_word' id='word_1_449' title='bbox 2586 2893 2813 2949; x_wconf 88' lang='lat' dir='ltr'><strong>reddidit</strong></span> <span class='ocrx_word' id='word_1_450' title='bbox 2858 2893 3103 2964; x_wconf 90' lang='lat' dir='ltr'><strong>spiritum</strong></span> <span class='ocrx_word' id='word_1_451' title='bbox 3130 2908 3145 2946; x_wconf 92' lang='lat'><strong>:</strong></span> <span class='ocrx_word' id='word_1_452' title='bbox 3176 2894 3352 2963; x_wconf 82' lang='lat' dir='ltr'><strong>populi</strong></span> <span class='ocrx_word' id='word_1_453' title='bbox 3395 2910 3522 2949; x_wconf 84' lang='lat' dir='ltr'><strong>vero</strong></span> <span class='ocrx_word' id='word_1_454' title='bbox 3556 2894 3713 2950; x_wconf 89' lang='lat' dir='ltr'><strong>Chri-</strong></span> 
     </span>
    </p>
   </div>
   <div class='ocr_carea' id='block_1_62' title="bbox 2136 2984 3706 3055">
    <p class='ocr_par' dir='ltr' id='par_1_62' title="bbox 2136 2984 3706 3055">
     <span class='ocr_line' id='line_1_62' title="bbox 2136 2984 3706 3055; baseline -0.003 -13"><span class='ocrx_word' id='word_1_455' title='bbox 2136 2988 2291 3042; x_wconf 88' lang='lat' dir='ltr'><strong>stiani</strong></span> <span class='ocrx_word' id='word_1_456' title='bbox 2328 2989 2440 3041; x_wconf 68' lang='lat' dir='ltr'><strong>hazc</strong></span> <span class='ocrx_word' id='word_1_457' title='bbox 2466 2986 2747 3041; x_wconf 90' lang='lat' dir='ltr'><strong>audientes</strong></span> <span class='ocrx_word' id='word_1_458' title='bbox 2767 2984 3094 3055; x_wconf 89' lang='lat' dir='ltr'><strong>sepelierunt</strong></span> <span class='ocrx_word' id='word_1_459' title='bbox 3120 2999 3348 3053; x_wconf 88' lang='lat' dir='ltr'><strong>corpora</strong></span> <span class='ocrx_word' id='word_1_460' title='bbox 3377 2995 3706 3039; x_wconf 74' lang='lat' dir='ltr'><strong>sanctorum.</strong></span> 
     </span>
    </p>
   </div>
   <div class='ocr_carea' id='block_1_63' title="bbox 457 3062 3707 3147">
    <p class='ocr_par' dir='ltr' id='par_1_63' title="bbox 457 3062 3707 3147">
     <span class='ocr_line' id='line_1_63' title="bbox 457 3062 3707 3147; baseline 0.004 -29"><span class='ocrx_word' id='word_1_461' title='bbox 457 3072 544 3118; x_wconf 88' lang='lat' dir='ltr'><strong>cst</strong></span> <span class='ocrx_word' id='word_1_462' title='bbox 565 3063 654 3118; x_wconf 88' lang='lat' dir='ltr'><strong>via</strong></span> <span class='ocrx_word' id='word_1_463' title='bbox 689 3062 880 3133; x_wconf 90' lang='lat' dir='ltr'><strong>Appia.</strong></span> <span class='ocrx_word' id='word_1_464' title='bbox 912 3062 1133 3119; x_wconf 84' lang='lat' dir='ltr'><strong>Parisiis</strong></span> <span class='ocrx_word' id='word_1_465' title='bbox 1173 3065 1417 3131; x_wconf 90' lang='lat' dir='ltr'><strong>civitate,</strong></span> <span class='ocrx_word' id='word_1_466' title='bbox 1459 3068 1722 3136; x_wconf 89' lang='lat' dir='ltr'><strong>depositio</strong></span> <span class='ocrx_word' id='word_1_467' title='bbox 1750 3069 2035 3126; x_wconf 72' lang='lat' dir='ltr'><strong>Genofevae</strong></span> <span class='ocrx_word' id='word_1_468' title='bbox 2063 3074 2107 3135; x_wconf 65' lang='grc' dir='ltr'><strong>(ζ</strong></span> <span class='ocrx_word' id='word_1_469' title='bbox 2210 3078 2275 3133; x_wconf 78' lang='lat' dir='ltr'><strong>Vl</strong></span> <span class='ocrx_word' id='word_1_470' title='bbox 2310 3076 2387 3131; x_wconf 78' lang='lat' dir='ltr'><strong>1n.</strong></span> <span class='ocrx_word' id='word_1_471' title='bbox 2431 3076 2821 3147; x_wconf 78' lang='lat' dir='ltr'><strong>Augustoduno</strong></span> <span class='ocrx_word' id='word_1_472' title='bbox 2851 3076 3112 3145; x_wconf 76' lang='lat' dir='ltr'><strong>depositio</strong></span> <span class='ocrx_word' id='word_1_473' title='bbox 3136 3074 3412 3146; x_wconf 83' lang='lat' dir='ltr'><strong>Egemonii</strong></span> <span class='ocrx_word' id='word_1_474' title='bbox 3440 3076 3707 3145; x_wconf 84' lang='lat' dir='ltr'><strong>episcopi;</strong></span> 
     </span>
    </p>
   </div>
   <div class='ocr_carea' id='block_1_64' title="bbox 455 3153 2032 3229">
    <p class='ocr_par' dir='ltr' id='par_1_64' title="bbox 455 3153 2032 3229">
     <span class='ocr_line' id='line_1_64' title="bbox 455 3153 2032 3229; baseline 0.006 -24"><span class='ocrx_word' id='word_1_475' title='bbox 455 3153 696 3223; x_wconf 81' lang='lat' dir='ltr'><strong>virginis,</strong></span> <span class='ocrx_word' id='word_1_476' title='bbox 726 3168 885 3221; x_wconf 85' lang='lat' dir='ltr'><strong>quam</strong></span> <span class='ocrx_word' id='word_1_477' title='bbox 914 3164 1133 3208; x_wconf 89' lang='lat' dir='ltr'><strong>sanctus</strong></span> <span class='ocrx_word' id='word_1_478' title='bbox 1159 3154 1461 3211; x_wconf 86' lang='lat' dir='ltr'><strong>Germanus</strong></span> <span class='ocrx_word' id='word_1_479' title='bbox 1490 3156 1725 3224; x_wconf 83' lang='lat' dir='ltr'><strong>ejusdem</strong></span> <span class='ocrx_word' id='word_1_480' title='bbox 1751 3159 1901 3214; x_wconf 91' lang='lat' dir='ltr'><strong>urbis</strong></span> <span class='ocrx_word' id='word_1_481' title='bbox 1923 3160 2032 3229; x_wconf 86' lang='lat' dir='ltr'><strong>epi-</strong></span> 
     </span>
    </p>
   </div>
   <div class='ocr_carea' id='block_1_65' title="bbox 456 3242 2029 3315">
    <p class='ocr_par' dir='ltr' id='par_1_65' title="bbox 456 3242 2029 3315">
     <span class='ocr_line' id='line_1_65' title="bbox 456 3242 2029 3315; baseline 0.006 -20"><span class='ocrx_word' id='word_1_482' title='bbox 456 3256 653 3311; x_wconf 83' lang='lat' dir='ltr'><strong>scopus</strong></span> <span class='ocrx_word' id='word_1_483' title='bbox 692 3243 746 3296; x_wconf 92' lang='lat' dir='ltr'><strong>in</strong></span> <span class='ocrx_word' id='word_1_484' title='bbox 779 3242 1002 3297; x_wconf 77' lang='lat' dir='ltr'><strong>infantia</strong></span> <span class='ocrx_word' id='word_1_485' title='bbox 1034 3244 1143 3299; x_wconf 90' lang='lat' dir='ltr'><strong>Deo</strong></span> <span class='ocrx_word' id='word_1_486' title='bbox 1167 3245 1426 3315; x_wconf 89' lang='lat' dir='ltr'><strong>virginem</strong></span> <span class='ocrx_word' id='word_1_487' title='bbox 1453 3250 1809 3304; x_wconf 88' lang='lat' dir='ltr'><strong>consecravit.</strong></span> <span class='ocrx_word' id='word_1_488' title='bbox 1830 3249 1887 3304; x_wconf 90' lang='lat' dir='ltr'><strong>In</strong></span> <span class='ocrx_word' id='word_1_489' title='bbox 1924 3249 2029 3304; x_wconf 87' lang='lat' dir='ltr'><strong>To-</strong></span> 
     </span>
    </p>
   </div>
   <div class='ocr_carea' id='block_1_66' title="bbox 455 3331 2027 3409">
    <p class='ocr_par' dir='ltr' id='par_1_66' title="bbox 455 3331 2027 3409">
     <span class='ocr_line' id='line_1_66' title="bbox 455 3331 2027 3409; baseline 0.008 -23"><span class='ocrx_word' id='word_1_490' title='bbox 455 3331 558 3386; x_wconf 91' lang='lat' dir='ltr'><strong>mis</strong></span> <span class='ocrx_word' id='word_1_491' title='bbox 583 3332 820 3396; x_wconf 87' lang='lat' dir='ltr'><strong>civitate,</strong></span> <span class='ocrx_word' id='word_1_492' title='bbox 850 3334 1101 3389; x_wconf 88' lang='lat' dir='ltr'><strong>nativitas</strong></span> <span class='ocrx_word' id='word_1_493' title='bbox 1140 3336 1245 3389; x_wconf 90' lang='lat' dir='ltr'><strong>Titi</strong></span> <span class='ocrx_word' id='word_1_494' title='bbox 1271 3338 1527 3408; x_wconf 86' lang='lat' dir='ltr'><strong>episcopi,</strong></span> <span class='ocrx_word' id='word_1_495' title='bbox 1556 3340 1646 3409; x_wconf 91' lang='lat' dir='ltr'><strong>qui</strong></span> <span class='ocrx_word' id='word_1_496' title='bbox 1676 3343 1775 3397; x_wconf 91' lang='lat' dir='ltr'><strong>sub</strong></span> <span class='ocrx_word' id='word_1_497' title='bbox 1805 3341 2027 3398; x_wconf 89' lang='lat' dir='ltr'><strong>Lucinio</strong></span> 
     </span>
    </p>
   </div>
   <div class='ocr_carea' id='block_1_67' title="bbox 455 3422 2023 3497">
    <p class='ocr_par' dir='ltr' id='par_1_67' title="bbox 455 3422 2023 3497">
     <span class='ocr_line' id='line_1_67' title="bbox 455 3422 2023 3497; baseline 0.007 -22"><span class='ocrx_word' id='word_1_498' title='bbox 455 3422 595 3476; x_wconf 93' lang='lat' dir='ltr'><strong>inter</strong></span> <span class='ocrx_word' id='word_1_499' title='bbox 634 3423 838 3478; x_wconf 87' lang='lat' dir='ltr'><strong>tirones</strong></span> <span class='ocrx_word' id='word_1_500' title='bbox 879 3427 1318 3495; x_wconf 88' lang='lat' dir='ltr'><strong>comprehensus,</strong></span> <span class='ocrx_word' id='word_1_501' title='bbox 1369 3444 1489 3482; x_wconf 87' lang='lat' dir='ltr'><strong>cum</strong></span> <span class='ocrx_word' id='word_1_502' title='bbox 1538 3430 1702 3485; x_wconf 90' lang='lat' dir='ltr'><strong>nollet</strong></span> <span class='ocrx_word' id='word_1_503' title='bbox 1756 3432 2023 3497; x_wconf 88' lang='lat' dir='ltr'><strong>militare,</strong></span> 
     </span>
    </p>
   </div>
   <div class='ocr_carea' id='block_1_68' title="bbox 454 3515 2029 3589">
    <p class='ocr_par' dir='ltr' id='par_1_68' title="bbox 454 3515 2029 3589">
     <span class='ocr_line' id='line_1_68' title="bbox 454 3515 2029 3589; baseline 0.008 -22"><span class='ocrx_word' id='word_1_504' title='bbox 454 3528 629 3568; x_wconf 64' lang='lat' dir='ltr'><strong>caesus</strong></span> <span class='ocrx_word' id='word_1_505' title='bbox 673 3515 740 3568; x_wconf 89' lang='lat' dir='ltr'><strong>ad</strong></span> <span class='ocrx_word' id='word_1_506' title='bbox 782 3524 1011 3570; x_wconf 90' lang='lat' dir='ltr'><strong>mortem</strong></span> <span class='ocrx_word' id='word_1_507' title='bbox 1056 3532 1275 3572; x_wconf 87' lang='lat' dir='ltr'><strong>carcere</strong></span> <span class='ocrx_word' id='word_1_508' title='bbox 1322 3520 1681 3589; x_wconf 84' lang='lat' dir='ltr'><strong>mancipatus,</strong></span> <span class='ocrx_word' id='word_1_509' title='bbox 1729 3523 1925 3578; x_wconf 89' lang='lat' dir='ltr'><strong>missus</strong></span> <span class='ocrx_word' id='word_1_510' title='bbox 1972 3525 2029 3578; x_wconf 91' lang='lat' dir='ltr'><strong>in</strong></span> 
     </span>
    </p>
   </div>
   <div class='ocr_carea' id='block_1_69' title="bbox 457 3604 2032 3679">
    <p class='ocr_par' dir='ltr' id='par_1_69' title="bbox 457 3604 2032 3679">
     <span class='ocr_line' id='line_1_69' title="bbox 457 3604 2032 3679; baseline 0.006 -22"><span class='ocrx_word' id='word_1_511' title='bbox 457 3604 614 3673; x_wconf 85' lang='lat' dir='ltr'><strong>cippo</strong></span> <span class='ocrx_word' id='word_1_512' title='bbox 641 3612 742 3667; x_wconf 90' lang='lat' dir='ltr'><strong>est,</strong></span> <span class='ocrx_word' id='word_1_513' title='bbox 776 3605 948 3659; x_wconf 90' lang='lat' dir='ltr'><strong>donec</strong></span> <span class='ocrx_word' id='word_1_514' title='bbox 974 3605 1235 3661; x_wconf 89' lang='lat' dir='ltr'><strong>relatione</strong></span> <span class='ocrx_word' id='word_1_515' title='bbox 1279 3616 1425 3662; x_wconf 87' lang='lat' dir='ltr'><strong>esset</strong></span> <span class='ocrx_word' id='word_1_516' title='bbox 1462 3624 1800 3679; x_wconf 89' lang='lat' dir='ltr'><strong>responsum,</strong></span> <span class='ocrx_word' id='word_1_517' title='bbox 1840 3612 2032 3667; x_wconf 90' lang='lat' dir='ltr'><strong>dimer-</strong></span> 
     </span>
    </p>
   </div>
   <div class='ocr_carea' id='block_1_70' title="bbox 457 3697 2031 3770">
    <p class='ocr_par' dir='ltr' id='par_1_70' title="bbox 457 3697 2031 3770">
     <span class='ocr_line' id='line_1_70' title="bbox 457 3697 2031 3770; baseline 0.007 -22"><span class='ocrx_word' id='word_1_518' title='bbox 457 3710 624 3764; x_wconf 90' lang='lat' dir='ltr'><strong>soque</strong></span> <span class='ocrx_word' id='word_1_519' title='bbox 651 3697 704 3750; x_wconf 91' lang='lat' dir='ltr'><strong>in</strong></span> <span class='ocrx_word' id='word_1_520' title='bbox 729 3711 895 3760; x_wconf 84' lang='lat' dir='ltr'><strong>mare,</strong></span> <span class='ocrx_word' id='word_1_521' title='bbox 928 3697 1102 3752; x_wconf 86' lang='lat' dir='ltr'><strong>delato</strong></span> <span class='ocrx_word' id='word_1_522' title='bbox 1127 3713 1352 3768; x_wconf 90' lang='lat' dir='ltr'><strong>corpore</strong></span> <span class='ocrx_word' id='word_1_523' title='bbox 1381 3700 1496 3770; x_wconf 91' lang='lat' dir='ltr'><strong>ejus</strong></span> <span class='ocrx_word' id='word_1_524' title='bbox 1542 3702 1593 3755; x_wconf 91' lang='lat' dir='ltr'><strong>in</strong></span> <span class='ocrx_word' id='word_1_525' title='bbox 1623 3702 1825 3769; x_wconf 86' lang='lat' dir='ltr'><strong>littore,</strong></span> <span class='ocrx_word' id='word_1_526' title='bbox 1849 3720 1879 3757; x_wconf 91' lang='lat' dir='ltr'><strong>a</strong></span> <span class='ocrx_word' id='word_1_527' title='bbox 1905 3704 2031 3759; x_wconf 91' lang='lat' dir='ltr'><strong>reli-</strong></span> 
     </span>
    </p>
   </div>
   <div class='ocr_carea' id='block_1_71' title="bbox 451 3786 2031 3858">
    <p class='ocr_par' dir='ltr' id='par_1_71' title="bbox 451 3786 2031 3858">
     <span class='ocr_line' id='line_1_71' title="bbox 451 3786 2031 3858; baseline 0.006 -20"><span class='ocrx_word' id='word_1_528' title='bbox 451 3786 773 3856; x_wconf 85' lang='lat' dir='ltr'><strong>giosissimis</strong></span> <span class='ocrx_word' id='word_1_529' title='bbox 799 3787 932 3841; x_wconf 89' lang='lat' dir='ltr'><strong>viris</strong></span> <span class='ocrx_word' id='word_1_530' title='bbox 961 3788 1260 3858; x_wconf 87' lang='lat' dir='ltr'><strong>depositum</strong></span> <span class='ocrx_word' id='word_1_531' title='bbox 1297 3799 1380 3845; x_wconf 90' lang='lat' dir='ltr'><strong>est</strong></span> <span class='ocrx_word' id='word_1_532' title='bbox 1417 3792 1469 3844; x_wconf 90' lang='lat' dir='ltr'><strong>in</strong></span> <span class='ocrx_word' id='word_1_533' title='bbox 1500 3792 1627 3845; x_wconf 89' lang='lat' dir='ltr'><strong>villa</strong></span> <span class='ocrx_word' id='word_1_534' title='bbox 1652 3791 1881 3847; x_wconf 88' lang='lat' dir='ltr'><strong>Amandi</strong></span> <span class='ocrx_word' id='word_1_535' title='bbox 1907 3794 2031 3849; x_wconf 85' lang='lat' dir='ltr'><strong>reli-</strong></span> 
     </span>
    </p>
   </div>
   <div class='ocr_carea' id='block_1_72' title="bbox 452 3876 1604 3950">
    <p class='ocr_par' dir='ltr' id='par_1_72' title="bbox 452 3876 1604 3950">
     <span class='ocr_line' id='line_1_72' title="bbox 452 3876 1604 3950; baseline 0.002 -19"><span class='ocrx_word' id='word_1_536' title='bbox 452 3876 587 3946; x_wconf 77' lang='lat' dir='ltr'><strong>giosi</strong></span> <span class='ocrx_word' id='word_1_537' title='bbox 610 3876 732 3940; x_wconf 88' lang='lat' dir='ltr'><strong>viri,</strong></span> <span class='ocrx_word' id='word_1_538' title='bbox 763 3878 852 3931; x_wconf 91' lang='lat' dir='ltr'><strong>ubi</strong></span> <span class='ocrx_word' id='word_1_539' title='bbox 887 3876 1021 3931; x_wconf 86' lang='lat' dir='ltr'><strong>ﬁunt</strong></span> <span class='ocrx_word' id='word_1_540' title='bbox 1047 3879 1353 3933; x_wconf 87' lang='lat' dir='ltr'><strong>curationes</strong></span> <span class='ocrx_word' id='word_1_541' title='bbox 1379 3894 1604 3950; x_wconf 65' lang='lat' dir='ltr'><strong>magnae.</strong></span> 
     </span>
    </p>
   </div>
   <div class='ocr_carea' id='block_1_73' title="bbox 520 3966 2029 4040">
    <p class='ocr_par' dir='ltr' id='par_1_73' title="bbox 520 3966 2029 4040">
     <span class='ocr_line' id='line_1_73' title="bbox 520 3966 2029 4040; baseline 0.005 -20"><span class='ocrx_word' id='word_1_542' title='bbox 520 3966 564 4020; x_wconf 87' lang='lat' dir='ltr'><strong>II</strong></span> <span class='ocrx_word' id='word_1_543' title='bbox 590 3966 724 4021; x_wconf 68' lang='lat' dir='ltr'><strong>Non.</strong></span> <span class='ocrx_word' id='word_1_544' title='bbox 754 3966 1018 4021; x_wconf 87' lang='lat' dir='ltr'><strong>Nativitas</strong></span> <span class='ocrx_word' id='word_1_545' title='bbox 1047 3967 1345 4038; x_wconf 86' lang='lat' dir='ltr'><strong>Theogenis</strong></span> <span class='ocrx_word' id='word_1_546' title='bbox 1393 3970 1665 4040; x_wconf 80' lang='lat' dir='ltr'><strong>martyris,</strong></span> <span class='ocrx_word' id='word_1_547' title='bbox 1694 3971 1786 4040; x_wconf 91' lang='lat' dir='ltr'><strong>qui</strong></span> <span class='ocrx_word' id='word_1_548' title='bbox 1811 3971 1910 4026; x_wconf 91' lang='lat' dir='ltr'><strong>sub</strong></span> <span class='ocrx_word' id='word_1_549' title='bbox 1935 3971 2029 4026; x_wconf 87' lang='lat' dir='ltr'><strong>Li—</strong></span> 
     </span>
    </p>
   </div>
   <div class='ocr_carea' id='block_1_74' title="bbox 452 4056 2024 4130">
    <p class='ocr_par' dir='ltr' id='par_1_74' title="bbox 452 4056 2024 4130">
     <span class='ocr_line' id='line_1_74' title="bbox 452 4056 2024 4130; baseline 0.003 -17"><span class='ocrx_word' id='word_1_550' title='bbox 452 4059 595 4114; x_wconf 92' lang='lat' dir='ltr'><strong>cinio</strong></span> <span class='ocrx_word' id='word_1_551' title='bbox 636 4057 850 4111; x_wconf 67' lang='lat' dir='ltr'><strong>Cmsare</strong></span> <span class='ocrx_word' id='word_1_552' title='bbox 895 4071 994 4124; x_wconf 85' lang='lat' dir='ltr'><strong>per</strong></span> <span class='ocrx_word' id='word_1_553' title='bbox 1023 4056 1374 4111; x_wconf 87' lang='lat' dir='ltr'><strong>Telicentium</strong></span> <span class='ocrx_word' id='word_1_554' title='bbox 1403 4058 1673 4113; x_wconf 90' lang='lat' dir='ltr'><strong>tribunum</strong></span> <span class='ocrx_word' id='word_1_555' title='bbox 1719 4063 2024 4130; x_wconf 88' lang='lat' dir='ltr'><strong>passionem</strong></span> 
     </span>
    </p>
   </div>
   <div class='ocr_carea' id='block_1_75' title="bbox 452 4143 2028 4220">
    <p class='ocr_par' dir='ltr' id='par_1_75' title="bbox 452 4143 2028 4220">
     <span class='ocr_line' id='line_1_75' title="bbox 452 4143 2028 4220; baseline 0.003 -17"><span class='ocrx_word' id='word_1_556' title='bbox 452 4147 741 4216; x_wconf 82' lang='lat' dir='ltr'><strong>complevit</strong></span> <span class='ocrx_word' id='word_1_557' title='bbox 766 4148 820 4199; x_wconf 91' lang='lat' dir='ltr'><strong>in</strong></span> <span class='ocrx_word' id='word_1_558' title='bbox 847 4143 1190 4214; x_wconf 80' lang='lat' dir='ltr'><strong>Hellesponto</strong></span> <span class='ocrx_word' id='word_1_559' title='bbox 1213 4164 1227 4199; x_wconf 90' lang='lat'><strong>:</strong></span> <span class='ocrx_word' id='word_1_560' title='bbox 1254 4149 1484 4215; x_wconf 90' lang='lat' dir='ltr'><strong>primum</strong></span> <span class='ocrx_word' id='word_1_561' title='bbox 1516 4149 1659 4205; x_wconf 89' lang='lat' dir='ltr'><strong>inter</strong></span> <span class='ocrx_word' id='word_1_562' title='bbox 1685 4159 1917 4220; x_wconf 88' lang='lat' dir='ltr'><strong>quatuor</strong></span> <span class='ocrx_word' id='word_1_563' title='bbox 1935 4169 2028 4208; x_wconf 80' lang='lat' dir='ltr'><strong>co-</strong></span> 
     </span>
    </p>
   </div>
   <div class='ocr_carea' id='block_1_76' title="bbox 453 4237 2028 4305">
    <p class='ocr_par' dir='ltr' id='par_1_76' title="bbox 453 4237 2028 4305">
     <span class='ocr_line' id='line_1_76' title="bbox 453 4237 2028 4305; baseline 0.004 -12"><span class='ocrx_word' id='word_1_564' title='bbox 453 4240 664 4294; x_wconf 89' lang='lat' dir='ltr'><strong>lumnas</strong></span> <span class='ocrx_word' id='word_1_565' title='bbox 692 4246 878 4294; x_wconf 87' lang='lat' dir='ltr'><strong>tensus</strong></span> <span class='ocrx_word' id='word_1_566' title='bbox 902 4237 1136 4293; x_wconf 87' lang='lat' dir='ltr'><strong>fustibus</strong></span> <span class='ocrx_word' id='word_1_567' title='bbox 1179 4254 1349 4296; x_wconf 64' lang='lat' dir='ltr'><strong>caesus</strong></span> <span class='ocrx_word' id='word_1_568' title='bbox 1375 4250 1489 4305; x_wconf 88' lang='lat' dir='ltr'><strong>est;</strong></span> <span class='ocrx_word' id='word_1_569' title='bbox 1522 4243 1715 4298; x_wconf 90' lang='lat' dir='ltr'><strong>deinde</strong></span> <span class='ocrx_word' id='word_1_570' title='bbox 1750 4244 1803 4299; x_wconf 90' lang='lat' dir='ltr'><strong>in</strong></span> <span class='ocrx_word' id='word_1_571' title='bbox 1845 4260 2028 4300; x_wconf 89' lang='lat' dir='ltr'><strong>carce-</strong></span> 
     </span>
    </p>
   </div>
   <div class='ocr_carea' id='block_1_77' title="bbox 452 4328 2024 4404">
    <p class='ocr_par' dir='ltr' id='par_1_77' title="bbox 452 4328 2024 4404">
     <span class='ocr_line' id='line_1_77' title="bbox 452 4328 2024 4404; baseline 0.004 -20"><span class='ocrx_word' id='word_1_572' title='bbox 452 4345 567 4385; x_wconf 83' lang='lat' dir='ltr'><strong>rem</strong></span> <span class='ocrx_word' id='word_1_573' title='bbox 593 4330 806 4389; x_wconf 87' lang='lat' dir='ltr'><strong>missus,</strong></span> <span class='ocrx_word' id='word_1_574' title='bbox 832 4338 893 4383; x_wconf 91' lang='lat' dir='ltr'><strong>ut</strong></span> <span class='ocrx_word' id='word_1_575' title='bbox 918 4329 988 4384; x_wconf 93' lang='lat' dir='ltr'><strong>ibi</strong></span> <span class='ocrx_word' id='word_1_576' title='bbox 1020 4328 1164 4383; x_wconf 84' lang='lat' dir='ltr'><strong>l‘ame</strong></span> <span class='ocrx_word' id='word_1_577' title='bbox 1190 4330 1412 4399; x_wconf 90' lang='lat' dir='ltr'><strong>periret,</strong></span> <span class='ocrx_word' id='word_1_578' title='bbox 1439 4330 1532 4384; x_wconf 89' lang='lat' dir='ltr'><strong>sed</strong></span> <span class='ocrx_word' id='word_1_579' title='bbox 1575 4331 1784 4387; x_wconf 89' lang='lat' dir='ltr'><strong>Domini</strong></span> <span class='ocrx_word' id='word_1_580' title='bbox 1824 4335 2024 4404; x_wconf 83' lang='lat' dir='ltr'><strong>pietate</strong></span> 
     </span>
    </p>
   </div>
   <div class='ocr_carea' id='block_1_78' title="bbox 2132 3165 3492 3236">
    <p class='ocr_par' dir='ltr' id='par_1_78' title="bbox 2132 3165 3492 3236">
     <span class='ocr_line' id='line_1_78' title="bbox 2132 3165 3492 3236; baseline -0.004 -13"><span class='ocrx_word' id='word_1_581' title='bbox 2132 3176 2188 3224; x_wconf 87' lang='lat' dir='ltr'><strong>et</strong></span> <span class='ocrx_word' id='word_1_582' title='bbox 2232 3167 2408 3222; x_wconf 84' lang='lat' dir='ltr'><strong>Mettis</strong></span> <span class='ocrx_word' id='word_1_583' title='bbox 2434 3167 2698 3236; x_wconf 85' lang='lat' dir='ltr'><strong>depositio</strong></span> <span class='ocrx_word' id='word_1_584' title='bbox 2732 3166 2901 3221; x_wconf 88' lang='lat' dir='ltr'><strong>sancti</strong></span> <span class='ocrx_word' id='word_1_585' title='bbox 2932 3165 3191 3220; x_wconf 85' lang='lat' dir='ltr'><strong>Patientis</strong></span> <span class='ocrx_word' id='word_1_586' title='bbox 3235 3166 3492 3235; x_wconf 87' lang='lat' dir='ltr'><strong>episcopi.</strong></span> 
     </span>
    </p>
   </div>
   <div class='ocr_carea' id='block_1_79' title="bbox 2185 3255 3710 3325">
    <p class='ocr_par' dir='ltr' id='par_1_79' title="bbox 2185 3255 3710 3325">
     <span class='ocr_line' id='line_1_79' title="bbox 2185 3255 3710 3325; baseline -0.001 -16"><span class='ocrx_word' id='word_1_587' title='bbox 2185 3258 2223 3309; x_wconf 74' lang='grc' dir='ltr'><strong>ν</strong></span> <span class='ocrx_word' id='word_1_588' title='bbox 2236 3257 2578 3312; x_wconf 86' lang='lat' dir='ltr'><strong>lo.Nativitas</strong></span> <span class='ocrx_word' id='word_1_589' title='bbox 2594 3256 2813 3325; x_wconf 89' lang='lat' dir='ltr'><strong>Epistici</strong></span> <span class='ocrx_word' id='word_1_590' title='bbox 2831 3267 2875 3319; x_wconf 73' lang='grc' dir='ltr'><strong>ο,</strong></span> <span class='ocrx_word' id='word_1_591' title='bbox 2891 3255 3398 3318; x_wconf 85' lang='lat' dir='ltr'><strong>Jocundi,Secundi,</strong></span> <span class='ocrx_word' id='word_1_592' title='bbox 3412 3255 3710 3319; x_wconf 85' lang='lat' dir='ltr'><strong>Saturnini,</strong></span> 
     </span>
    </p>
   </div>
   <div class='ocr_carea' id='block_1_80' title="bbox 2138 3345 3708 3412">
    <p class='ocr_par' dir='ltr' id='par_1_80' title="bbox 2138 3345 3708 3412">
     <span class='ocr_line' id='line_1_80' title="bbox 2138 3345 3708 3412; baseline -0.002 -11"><span class='ocrx_word' id='word_1_593' title='bbox 2138 3346 2344 3412; x_wconf 88' lang='lat' dir='ltr'><strong>Vitalis,</strong></span> <span class='ocrx_word' id='word_1_594' title='bbox 2372 3347 2827 3410; x_wconf 79' lang='lat' dir='ltr'><strong>Felicis,Rustici,</strong></span> <span class='ocrx_word' id='word_1_595' title='bbox 2856 3346 3060 3412; x_wconf 85' lang='lat' dir='ltr'><strong>Quinti,</strong></span> <span class='ocrx_word' id='word_1_596' title='bbox 3087 3345 3379 3409; x_wconf 80' lang='lat' dir='ltr'><strong>Etartaxis,</strong></span> <span class='ocrx_word' id='word_1_597' title='bbox 3404 3345 3708 3401; x_wconf 80' lang='lat' dir='ltr'><strong>Fortunati.</strong></span> 
     </span>
    </p>
   </div>
   <div class='ocr_carea' id='block_1_81' title="bbox 2202 3437 3711 3508">
    <p class='ocr_par' dir='ltr' id='par_1_81' title="bbox 2202 3437 3711 3508">
     <span class='ocr_line' id='line_1_81' title="bbox 2202 3437 3711 3508; baseline 0.002 -17"><span class='ocrx_word' id='word_1_598' title='bbox 2202 3437 2269 3491; x_wconf 90' lang='lat' dir='ltr'><strong>IV</strong></span> <span class='ocrx_word' id='word_1_599' title='bbox 2312 3439 2387 3492; x_wconf 85' lang='lat' dir='ltr'><strong>in.</strong></span> <span class='ocrx_word' id='word_1_600' title='bbox 2419 3438 2681 3492; x_wconf 83' lang='lat' dir='ltr'><strong>Nativitas</strong></span> <span class='ocrx_word' id='word_1_601' title='bbox 2713 3437 2886 3501; x_wconf 88' lang='lat' dir='ltr'><strong>Pauli,</strong></span> <span class='ocrx_word' id='word_1_602' title='bbox 2930 3437 3089 3508; x_wconf 90' lang='lat' dir='ltr'><strong>primi</strong></span> <span class='ocrx_word' id='word_1_603' title='bbox 3142 3439 3505 3504; x_wconf 64' lang='lat' dir='ltr'><strong>anachorefte,</strong></span> <span class='ocrx_word' id='word_1_604' title='bbox 3556 3439 3711 3508; x_wconf 90' lang='lat' dir='ltr'><strong>cujus</strong></span> 
     </span>
    </p>
   </div>
   <div class='ocr_carea' id='block_1_82' title="bbox 2130 3528 3707 3599">
    <p class='ocr_par' dir='ltr' id='par_1_82' title="bbox 2130 3528 3707 3599">
     <span class='ocr_line' id='line_1_82' title="bbox 2130 3528 3707 3599; baseline 0.003 -17"><span class='ocrx_word' id='word_1_605' title='bbox 2130 3529 2295 3582; x_wconf 88' lang='lat' dir='ltr'><strong>vitam</strong></span> <span class='ocrx_word' id='word_1_606' title='bbox 2352 3529 2543 3583; x_wconf 91' lang='lat' dir='ltr'><strong>beatus</strong></span> <span class='ocrx_word' id='word_1_607' title='bbox 2602 3528 2960 3599; x_wconf 85' lang='lat' dir='ltr'><strong>Hieronymus</strong></span> <span class='ocrx_word' id='word_1_608' title='bbox 3015 3529 3260 3598; x_wconf 89' lang='lat' dir='ltr'><strong>scripsit,</strong></span> <span class='ocrx_word' id='word_1_609' title='bbox 3319 3529 3410 3599; x_wconf 91' lang='lat' dir='ltr'><strong>qui</strong></span> <span class='ocrx_word' id='word_1_610' title='bbox 3470 3545 3501 3583; x_wconf 91' lang='lat' dir='ltr'><strong>a</strong></span> <span class='ocrx_word' id='word_1_611' title='bbox 3551 3540 3707 3586; x_wconf 77' lang='lat' dir='ltr'><strong>sexto</strong></span> 
     </span>
    </p>
   </div>
   <div class='ocr_carea' id='block_1_83' title="bbox 2132 3620 3705 3689">
    <p class='ocr_par' dir='ltr' id='par_1_83' title="bbox 2132 3620 3705 3689">
     <span class='ocr_line' id='line_1_83' title="bbox 2132 3620 3705 3689; baseline 0.001 -15"><span class='ocrx_word' id='word_1_612' title='bbox 2132 3620 2341 3675; x_wconf 88' lang='lat' dir='ltr'><strong>decimo</strong></span> <span class='ocrx_word' id='word_1_613' title='bbox 2360 3620 2535 3674; x_wconf 69' lang='lat' dir='ltr'><strong>tetatis</strong></span> <span class='ocrx_word' id='word_1_614' title='bbox 2563 3635 2704 3674; x_wconf 90' lang='lat' dir='ltr'><strong>anno</strong></span> <span class='ocrx_word' id='word_1_615' title='bbox 2741 3636 2912 3689; x_wconf 89' lang='lat' dir='ltr'><strong>usque</strong></span> <span class='ocrx_word' id='word_1_616' title='bbox 2938 3620 3006 3675; x_wconf 92' lang='lat' dir='ltr'><strong>ad</strong></span> <span class='ocrx_word' id='word_1_617' title='bbox 3051 3620 3401 3675; x_wconf 87' lang='lat' dir='ltr'><strong>centesimum</strong></span> <span class='ocrx_word' id='word_1_618' title='bbox 3439 3621 3705 3675; x_wconf 87' lang='lat' dir='ltr'><strong>decimum</strong></span> 
     </span>
    </p>
   </div>
   <div class='ocr_carea' id='block_1_84' title="bbox 2133 3708 3707 3779">
    <p class='ocr_par' dir='ltr' id='par_1_84' title="bbox 2133 3708 3707 3779">
     <span class='ocr_line' id='line_1_84' title="bbox 2133 3708 3707 3779; baseline -0.001 -14"><span class='ocrx_word' id='word_1_619' title='bbox 2133 3710 2351 3765; x_wconf 89' lang='lat' dir='ltr'><strong>tertium</strong></span> <span class='ocrx_word' id='word_1_620' title='bbox 2391 3710 2536 3765; x_wconf 89' lang='lat' dir='ltr'><strong>solus</strong></span> <span class='ocrx_word' id='word_1_621' title='bbox 2566 3711 2618 3764; x_wconf 94' lang='lat' dir='ltr'><strong>in</strong></span> <span class='ocrx_word' id='word_1_622' title='bbox 2648 3725 2833 3765; x_wconf 91' lang='lat' dir='ltr'><strong>eremo</strong></span> <span class='ocrx_word' id='word_1_623' title='bbox 2878 3710 3192 3779; x_wconf 91' lang='lat' dir='ltr'><strong>permansit.</strong></span> <span class='ocrx_word' id='word_1_624' title='bbox 3257 3708 3362 3767; x_wconf 86' lang='lat' dir='ltr'><strong>Sed</strong></span> <span class='ocrx_word' id='word_1_625' title='bbox 3407 3727 3438 3766; x_wconf 85' lang='lat' dir='ltr'><strong>a</strong></span> <span class='ocrx_word' id='word_1_626' title='bbox 3480 3710 3707 3765; x_wconf 88' lang='lat' dir='ltr'><strong>Domino</strong></span> 
     </span>
    </p>
   </div>
   <div class='ocr_carea' id='block_1_85' title="bbox 2130 3800 3707 3873">
    <p class='ocr_par' dir='ltr' id='par_1_85' title="bbox 2130 3800 3707 3873">
     <span class='ocr_line' id='line_1_85' title="bbox 2130 3800 3707 3873; baseline 0.001 -17"><span class='ocrx_word' id='word_1_627' title='bbox 2130 3815 2229 3871; x_wconf 91' lang='lat' dir='ltr'><strong>per</strong></span> <span class='ocrx_word' id='word_1_628' title='bbox 2260 3815 2480 3857; x_wconf 89' lang='lat' dir='ltr'><strong>corvum</strong></span> <span class='ocrx_word' id='word_1_629' title='bbox 2510 3808 2712 3873; x_wconf 90' lang='lat' dir='ltr'><strong>pastus,</strong></span> <span class='ocrx_word' id='word_1_630' title='bbox 2744 3801 2925 3855; x_wconf 87' lang='lat' dir='ltr'><strong>tunica</strong></span> <span class='ocrx_word' id='word_1_631' title='bbox 2953 3800 3253 3870; x_wconf 86' lang='lat' dir='ltr'><strong>palmarum</strong></span> <span class='ocrx_word' id='word_1_632' title='bbox 3286 3801 3429 3858; x_wconf 79' lang='lat' dir='ltr'><strong>foliis</strong></span> <span class='ocrx_word' id='word_1_633' title='bbox 3456 3811 3707 3861; x_wconf 76' lang='lat' dir='ltr'><strong>contexta</strong></span> 
     </span>
    </p>
   </div>
   <div class='ocr_carea' id='block_1_86' title="bbox 2128 3890 3705 3964">
    <p class='ocr_par' dir='ltr' id='par_1_86' title="bbox 2128 3890 3705 3964">
     <span class='ocr_line' id='line_1_86' title="bbox 2128 3890 3705 3964; baseline 0.001 -16"><span class='ocrx_word' id='word_1_634' title='bbox 2128 3909 2258 3948; x_wconf 90' lang='lat' dir='ltr'><strong>usus</strong></span> <span class='ocrx_word' id='word_1_635' title='bbox 2288 3901 2394 3958; x_wconf 83' lang='lat' dir='ltr'><strong>est,</strong></span> <span class='ocrx_word' id='word_1_636' title='bbox 2431 3890 2584 3960; x_wconf 83' lang='lat' dir='ltr'><strong>cujus</strong></span> <span class='ocrx_word' id='word_1_637' title='bbox 2622 3892 2766 3946; x_wconf 90' lang='lat' dir='ltr'><strong>inter</strong></span> <span class='ocrx_word' id='word_1_638' title='bbox 2818 3893 3180 3962; x_wconf 89' lang='lat' dir='ltr'><strong>apostolorum</strong></span> <span class='ocrx_word' id='word_1_639' title='bbox 3211 3900 3268 3947; x_wconf 89' lang='lat' dir='ltr'><strong>et</strong></span> <span class='ocrx_word' id='word_1_640' title='bbox 3313 3893 3705 3964; x_wconf 84' lang='lat' dir='ltr'><strong>prophetarum</strong></span> 
     </span>
    </p>
   </div>
   <div class='ocr_carea' id='block_1_87' title="bbox 2126 3980 3708 4051">
    <p class='ocr_par' dir='ltr' id='par_1_87' title="bbox 2126 3980 3708 4051">
     <span class='ocr_line' id='line_1_87' title="bbox 2126 3980 3708 4051; baseline 0.002 -13"><span class='ocrx_word' id='word_1_641' title='bbox 2126 3984 2322 4039; x_wconf 89' lang='lat' dir='ltr'><strong>choros</strong></span> <span class='ocrx_word' id='word_1_642' title='bbox 2349 3982 2582 4036; x_wconf 86' lang='lat' dir='ltr'><strong>animam</strong></span> <span class='ocrx_word' id='word_1_643' title='bbox 2610 3983 2678 4036; x_wconf 92' lang='lat' dir='ltr'><strong>ad</strong></span> <span class='ocrx_word' id='word_1_644' title='bbox 2715 3981 2909 4037; x_wconf 64' lang='lat' dir='ltr'><strong>caelum</strong></span> <span class='ocrx_word' id='word_1_645' title='bbox 2946 3980 3073 4036; x_wconf 90' lang='lat' dir='ltr'><strong>ferri</strong></span> <span class='ocrx_word' id='word_1_646' title='bbox 3104 3983 3171 4036; x_wconf 90' lang='lat' dir='ltr'><strong>ab</strong></span> <span class='ocrx_word' id='word_1_647' title='bbox 3196 3981 3400 4051; x_wconf 81' lang='lat' dir='ltr'><strong>angelis</strong></span> <span class='ocrx_word' id='word_1_648' title='bbox 3438 3983 3708 4041; x_wconf 82' lang='lat' dir='ltr'><strong>Antonius</strong></span> 
     </span>
    </p>
   </div>
   <div class='ocr_carea' id='block_1_88' title="bbox 2124 4070 3709 4130">
    <p class='ocr_par' dir='ltr' id='par_1_88' title="bbox 2124 4070 3709 4130">
     <span class='ocr_line' id='line_1_88' title="bbox 2124 4070 3709 4130; baseline 0.001 -4"><span class='ocrx_word' id='word_1_649' title='bbox 2124 4072 2277 4127; x_wconf 89' lang='lat' dir='ltr'><strong>vidit.</strong></span> <span class='ocrx_word' id='word_1_650' title='bbox 2308 4072 2507 4127; x_wconf 86' lang='lat' dir='ltr'><strong>Eodem</strong></span> <span class='ocrx_word' id='word_1_651' title='bbox 2530 4072 2616 4126; x_wconf 90' lang='lat' dir='ltr'><strong>die</strong></span> <span class='ocrx_word' id='word_1_652' title='bbox 2646 4071 2829 4125; x_wconf 62' lang='lat' dir='ltr'><strong>Romae</strong></span> <span class='ocrx_word' id='word_1_653' title='bbox 2866 4072 2919 4125; x_wconf 91' lang='lat' dir='ltr'><strong>in</strong></span> <span class='ocrx_word' id='word_1_654' title='bbox 2954 4072 3267 4126; x_wconf 76' lang='lat' dir='ltr'><strong>cmmeterio</strong></span> <span class='ocrx_word' id='word_1_655' title='bbox 3295 4070 3501 4126; x_wconf 88' lang='lat' dir='ltr'><strong>Callisti</strong></span> <span class='ocrx_word' id='word_1_656' title='bbox 3527 4073 3709 4130; x_wconf 88' lang='lat' dir='ltr'><strong>natale</strong></span> 
     </span>
    </p>
   </div>
   <div class='ocr_carea' id='block_1_89' title="bbox 2127 4161 3702 4235">
    <p class='ocr_par' dir='ltr' id='par_1_89' title="bbox 2127 4161 3702 4235">
     <span class='ocr_line' id='line_1_89' title="bbox 2127 4161 3702 4235; baseline 0 -17"><span class='ocrx_word' id='word_1_657' title='bbox 2127 4164 2382 4220; x_wconf 81' lang='lat' dir='ltr'><strong>Miltiadis</strong></span> <span class='ocrx_word' id='word_1_658' title='bbox 2419 4164 2654 4235; x_wconf 90' lang='lat' dir='ltr'><strong>episcopi</strong></span> <span class='ocrx_word' id='word_1_659' title='bbox 2684 4172 2741 4218; x_wconf 91' lang='lat' dir='ltr'><strong>et</strong></span> <span class='ocrx_word' id='word_1_660' title='bbox 2792 4161 3138 4227; x_wconf 84' lang='lat' dir='ltr'><strong>confessoris,</strong></span> <span class='ocrx_word' id='word_1_661' title='bbox 3194 4162 3286 4232; x_wconf 91' lang='lat' dir='ltr'><strong>qui</strong></span> <span class='ocrx_word' id='word_1_662' title='bbox 3323 4165 3604 4218; x_wconf 88' lang='lat' dir='ltr'><strong>constituit</strong></span> <span class='ocrx_word' id='word_1_663' title='bbox 3649 4165 3702 4218; x_wconf 89' lang='lat' dir='ltr'><strong>in</strong></span> 
     </span>
    </p>
   </div>
   <div class='ocr_carea' id='block_1_90' title="bbox 2125 4251 3702 4310">
    <p class='ocr_par' dir='ltr' id='par_1_90' title="bbox 2125 4251 3702 4310">
     <span class='ocr_line' id='line_1_90' title="bbox 2125 4251 3702 4310; baseline -0.001 -1"><span class='ocrx_word' id='word_1_664' title='bbox 2125 4254 2362 4310; x_wconf 84' lang='lat' dir='ltr'><strong>Ecclesia</strong></span> <span class='ocrx_word' id='word_1_665' title='bbox 2390 4269 2418 4307; x_wconf 90' lang='lat' dir='ltr'><strong>a</strong></span> <span class='ocrx_word' id='word_1_666' title='bbox 2460 4254 2709 4308; x_wconf 87' lang='lat' dir='ltr'><strong>ﬁdelibus</strong></span> <span class='ocrx_word' id='word_1_667' title='bbox 2769 4251 2917 4308; x_wconf 90' lang='lat' dir='ltr'><strong>nulla</strong></span> <span class='ocrx_word' id='word_1_668' title='bbox 2947 4252 3152 4307; x_wconf 88' lang='lat' dir='ltr'><strong>ratione</strong></span> <span class='ocrx_word' id='word_1_669' title='bbox 3185 4253 3239 4307; x_wconf 92' lang='lat' dir='ltr'><strong>in</strong></span> <span class='ocrx_word' id='word_1_670' title='bbox 3266 4253 3556 4309; x_wconf 87' lang='lat' dir='ltr'><strong>Dominicis</strong></span> <span class='ocrx_word' id='word_1_671' title='bbox 3586 4253 3702 4310; x_wconf 86' lang='lat' dir='ltr'><strong>die—</strong></span> 
     </span>
    </p>
   </div>
   <div class='ocr_carea' id='block_1_91' title="bbox 2123 4347 2628 4418">
    <p class='ocr_par' dir='ltr' id='par_1_91' title="bbox 2123 4347 2628 4418">
     <span class='ocr_line' id='line_1_91' title="bbox 2123 4347 2628 4418; baseline -0.006 -16"><span class='ocrx_word' id='word_1_672' title='bbox 2123 4348 2226 4402; x_wconf 89' lang='lat' dir='ltr'><strong>bus</strong></span> <span class='ocrx_word' id='word_1_673' title='bbox 2257 4347 2628 4418; x_wconf 88' lang='lat' dir='ltr'><strong>jejunandum.</strong></span> 
     </span>
    </p>
   </div>
   <div class='ocr_carea' id='block_1_92' title="bbox 451 4419 3702 4508">
    <p class='ocr_par' dir='ltr' id='par_1_92' title="bbox 451 4419 3702 4508">
     <span class='ocr_line' id='line_1_92' title="bbox 451 4419 3702 4508; baseline 0.002 -35"><span class='ocrx_word' id='word_1_674' title='bbox 451 4419 705 4474; x_wconf 86' lang='lat' dir='ltr'><strong>invisibili</strong></span> <span class='ocrx_word' id='word_1_675' title='bbox 732 4420 851 4474; x_wconf 91' lang='lat' dir='ltr'><strong>cibo</strong></span> <span class='ocrx_word' id='word_1_676' title='bbox 872 4420 946 4475; x_wconf 91' lang='lat' dir='ltr'><strong>ibi</strong></span> <span class='ocrx_word' id='word_1_677' title='bbox 976 4434 1071 4489; x_wconf 88' lang='lat' dir='ltr'><strong>per</strong></span> <span class='ocrx_word' id='word_1_678' title='bbox 1098 4437 1164 4475; x_wconf 76' lang='lat' dir='ltr'><strong>x1.</strong></span> <span class='ocrx_word' id='word_1_679' title='bbox 1194 4420 1308 4474; x_wconf 90' lang='lat' dir='ltr'><strong>dies</strong></span> <span class='ocrx_word' id='word_1_680' title='bbox 1337 4429 1543 4490; x_wconf 90' lang='lat' dir='ltr'><strong>pastus,</strong></span> <span class='ocrx_word' id='word_1_681' title='bbox 1570 4422 1624 4475; x_wconf 92' lang='lat' dir='ltr'><strong>in</strong></span> <span class='ocrx_word' id='word_1_682' title='bbox 1651 4423 1897 4479; x_wconf 88' lang='lat' dir='ltr'><strong>laudibus</strong></span> <span class='ocrx_word' id='word_1_683' title='bbox 1925 4424 2017 4480; x_wconf 89' lang='lat' dir='ltr'><strong>Dei</strong></span> <span class='ocrx_word' id='word_1_684' title='bbox 2045 4426 2098 4485; x_wconf 92' lang='lat' dir='ltr'><strong>D</strong></span> <span class='ocrx_word' id='word_1_685' title='bbox 2192 4438 2255 4492; x_wconf 91' lang='grc' dir='ltr'><strong>ιιι</strong></span> <span class='ocrx_word' id='word_1_686' title='bbox 2301 4439 2378 4492; x_wconf 69' lang='lat' dir='ltr'><strong>In,</strong></span> <span class='ocrx_word' id='word_1_687' title='bbox 2411 4437 2639 4493; x_wconf 69' lang='lat' dir='ltr'><strong>Educuo</strong></span> <span class='ocrx_word' id='word_1_688' title='bbox 2686 4437 2899 4493; x_wconf 70' lang='lat' dir='ltr'><strong>Domini</strong></span> <span class='ocrx_word' id='word_1_689' title='bbox 2929 4438 2995 4493; x_wconf 72' lang='lat' dir='ltr'><strong>de</strong></span> <span class='ocrx_word' id='word_1_690' title='bbox 3050 4436 3304 4508; x_wconf 58' lang='grc' dir='ltr'><strong>Ᾱξεγριο,</strong></span> <span class='ocrx_word' id='word_1_691' title='bbox 3358 4444 3414 4491; x_wconf 72' lang='grc' dir='ltr'>ει</span> <span class='ocrx_word' id='word_1_692' title='bbox 3441 4435 3702 4491; x_wconf 66' lang='grc' dir='ltr'><strong>ιηιὶνίιες</strong></span> 
     </span>
    </p>
   </div>
   <div class='ocr_carea' id='block_1_93' title="bbox 450 4510 2021 4574">
    <p class='ocr_par' dir='ltr' id='par_1_93' title="bbox 450 4510 2021 4574">
     <span class='ocr_line' id='line_1_93' title="bbox 450 4510 2021 4574; baseline 0.005 -11"><span class='ocrx_word' id='word_1_693' title='bbox 450 4510 663 4565; x_wconf 90' lang='lat' dir='ltr'><strong>assidue</strong></span> <span class='ocrx_word' id='word_1_694' title='bbox 690 4510 970 4574; x_wconf 88' lang='lat' dir='ltr'><strong>manebat;</strong></span> <span class='ocrx_word' id='word_1_695' title='bbox 1000 4510 1068 4565; x_wconf 90' lang='lat' dir='ltr'><strong>ad</strong></span> <span class='ocrx_word' id='word_1_696' title='bbox 1098 4510 1343 4565; x_wconf 87' lang='lat' dir='ltr'><strong>ultimum</strong></span> <span class='ocrx_word' id='word_1_697' title='bbox 1372 4526 1499 4566; x_wconf 89' lang='lat' dir='ltr'><strong>vero</strong></span> <span class='ocrx_word' id='word_1_698' title='bbox 1538 4511 1591 4566; x_wconf 91' lang='lat' dir='ltr'><strong>in</strong></span> <span class='ocrx_word' id='word_1_699' title='bbox 1631 4527 1780 4568; x_wconf 90' lang='lat' dir='ltr'><strong>mare</strong></span> <span class='ocrx_word' id='word_1_700' title='bbox 1823 4514 2021 4571; x_wconf 89' lang='lat' dir='ltr'><strong>missus</strong></span> 
     </span>
    </p>
   </div>
   <div class='ocr_carea' id='block_1_94' title="bbox 452 4602 2023 4673">
    <p class='ocr_par' dir='ltr' id='par_1_94' title="bbox 452 4602 2023 4673">
     <span class='ocr_line' id='line_1_94' title="bbox 452 4602 2023 4673; baseline 0.004 -19"><span class='ocrx_word' id='word_1_701' title='bbox 452 4602 826 4673; x_wconf 84' lang='lat' dir='ltr'><strong>martyrizavit</strong></span> <span class='ocrx_word' id='word_1_702' title='bbox 848 4602 897 4665; x_wconf 70' lang='grc' dir='ltr'><strong>δ,</strong></span> <span class='ocrx_word' id='word_1_703' title='bbox 923 4616 1080 4672; x_wconf 90' lang='lat' dir='ltr'><strong>quem</strong></span> <span class='ocrx_word' id='word_1_704' title='bbox 1122 4602 1369 4667; x_wconf 88' lang='lat' dir='ltr'><strong>Euricus,</strong></span> <span class='ocrx_word' id='word_1_705' title='bbox 1403 4611 1458 4657; x_wconf 91' lang='lat' dir='ltr'><strong>et</strong></span> <span class='ocrx_word' id='word_1_706' title='bbox 1482 4602 1826 4670; x_wconf 83' lang='lat' dir='ltr'><strong>Eustokbius,</strong></span> <span class='ocrx_word' id='word_1_707' title='bbox 1853 4613 1907 4659; x_wconf 91' lang='lat' dir='ltr'><strong>et</strong></span> <span class='ocrx_word' id='word_1_708' title='bbox 1925 4606 2023 4661; x_wconf 85' lang='lat' dir='ltr'><strong>Zo-</strong></span> 
     </span>
    </p>
   </div>
   <div class='ocr_carea' id='block_1_95' title="bbox 451 4689 2020 4761">
    <p class='ocr_par' dir='ltr' id='par_1_95' title="bbox 451 4689 2020 4761">
     <span class='ocr_line' id='line_1_95' title="bbox 451 4689 2020 4761; baseline 0.004 -18"><span class='ocrx_word' id='word_1_709' title='bbox 451 4691 586 4755; x_wconf 78' lang='lat' dir='ltr'><strong>zius,</strong></span> <span class='ocrx_word' id='word_1_710' title='bbox 618 4699 782 4761; x_wconf 88' lang='lat' dir='ltr'><strong>atque</strong></span> <span class='ocrx_word' id='word_1_711' title='bbox 825 4689 1145 4755; x_wconf 85' lang='lat' dir='ltr'><strong>Germanus,</strong></span> <span class='ocrx_word' id='word_1_712' title='bbox 1192 4691 1436 4746; x_wconf 88' lang='lat' dir='ltr'><strong>tollentes</strong></span> <span class='ocrx_word' id='word_1_713' title='bbox 1477 4693 1544 4747; x_wconf 92' lang='lat' dir='ltr'><strong>de</strong></span> <span class='ocrx_word' id='word_1_714' title='bbox 1582 4694 1717 4747; x_wconf 88' lang='lat' dir='ltr'><strong>mari</strong></span> <span class='ocrx_word' id='word_1_715' title='bbox 1761 4694 2020 4755; x_wconf 75' lang='lat' dir='ltr'><strong>miserunt</strong></span> 
     </span>
    </p>
   </div>
   <div class='ocr_carea' id='block_1_96' title="bbox 453 4781 2023 4854">
    <p class='ocr_par' dir='ltr' id='par_1_96' title="bbox 453 4781 2023 4854">
     <span class='ocr_line' id='line_1_96' title="bbox 453 4781 2023 4854; baseline 0.004 -20"><span class='ocrx_word' id='word_1_716' title='bbox 453 4781 506 4835; x_wconf 91' lang='lat' dir='ltr'><strong>in</strong></span> <span class='ocrx_word' id='word_1_717' title='bbox 550 4782 803 4845; x_wconf 89' lang='lat' dir='ltr'><strong>loculum,</strong></span> <span class='ocrx_word' id='word_1_718' title='bbox 832 4791 888 4837; x_wconf 90' lang='lat' dir='ltr'><strong>et</strong></span> <span class='ocrx_word' id='word_1_719' title='bbox 925 4782 1253 4853; x_wconf 88' lang='lat' dir='ltr'><strong>sepelierunt</strong></span> <span class='ocrx_word' id='word_1_720' title='bbox 1294 4783 1349 4836; x_wconf 90' lang='lat' dir='ltr'><strong>in</strong></span> <span class='ocrx_word' id='word_1_721' title='bbox 1391 4782 1509 4837; x_wconf 86' lang='lat' dir='ltr'><strong>foro</strong></span> <span class='ocrx_word' id='word_1_722' title='bbox 1538 4781 1883 4854; x_wconf 81' lang='lat' dir='ltr'><strong>Hellesponti.</strong></span> <span class='ocrx_word' id='word_1_723' title='bbox 1922 4784 2023 4840; x_wconf 85' lang='lat' dir='ltr'><strong>Ea-</strong></span> 
     </span>
    </p>
   </div>
   <div class='ocr_carea' id='block_1_97' title="bbox 451 4873 2021 4946">
    <p class='ocr_par' dir='ltr' id='par_1_97' title="bbox 451 4873 2021 4946">
     <span class='ocr_line' id='line_1_97' title="bbox 451 4873 2021 4946; baseline 0.003 -19"><span class='ocrx_word' id='word_1_724' title='bbox 451 4873 573 4928; x_wconf 90' lang='lat' dir='ltr'><strong>dem</strong></span> <span class='ocrx_word' id='word_1_725' title='bbox 602 4874 687 4927; x_wconf 91' lang='lat' dir='ltr'><strong>die</strong></span> <span class='ocrx_word' id='word_1_726' title='bbox 714 4874 895 4943; x_wconf 89' lang='lat' dir='ltr'><strong>passio</strong></span> <span class='ocrx_word' id='word_1_727' title='bbox 934 4873 1103 4939; x_wconf 87' lang='lat' dir='ltr'><strong>Petri,</strong></span> <span class='ocrx_word' id='word_1_728' title='bbox 1130 4875 1218 4945; x_wconf 92' lang='lat' dir='ltr'><strong>qui</strong></span> <span class='ocrx_word' id='word_1_729' title='bbox 1245 4883 1299 4928; x_wconf 91' lang='lat' dir='ltr'><strong>ct</strong></span> <span class='ocrx_word' id='word_1_730' title='bbox 1336 4873 1592 4938; x_wconf 91' lang='lat' dir='ltr'><strong>Balsami,</strong></span> <span class='ocrx_word' id='word_1_731' title='bbox 1617 4876 1891 4946; x_wconf 87' lang='lat' dir='ltr'><strong>martyris,</strong></span> <span class='ocrx_word' id='word_1_732' title='bbox 1921 4877 2021 4934; x_wconf 87' lang='lat' dir='ltr'><strong>sub</strong></span> 
     </span>
    </p>
   </div>
   <div class='ocr_carea' id='block_1_98' title="bbox 451 4965 2017 5038">
    <p class='ocr_par' dir='ltr' id='par_1_98' title="bbox 451 4965 2017 5038">
     <span class='ocr_line' id='line_1_98' title="bbox 451 4965 2017 5038; baseline 0.001 -18"><span class='ocrx_word' id='word_1_733' title='bbox 451 4965 831 5028; x_wconf 72' lang='lat' dir='ltr'><strong>Maximiniano</strong></span> <span class='ocrx_word' id='word_1_734' title='bbox 874 4965 1229 5035; x_wconf 89' lang='lat' dir='ltr'><strong>imperatore,</strong></span> <span class='ocrx_word' id='word_1_735' title='bbox 1275 4975 1465 5037; x_wconf 83' lang='lat' dir='ltr'><strong>agente</strong></span> <span class='ocrx_word' id='word_1_736' title='bbox 1507 4965 1709 5022; x_wconf 87' lang='lat' dir='ltr'><strong>Severo</strong></span> <span class='ocrx_word' id='word_1_737' title='bbox 1752 4968 2017 5038; x_wconf 67' lang='lat' dir='ltr'><strong>praeside,</strong></span> 
     </span>
    </p>
   </div>
   <div class='ocr_carea' id='block_1_99' title="bbox 448 5117 2017 5197">
    <p class='ocr_par' dir='ltr' id='par_1_99' title="bbox 448 5117 2017 5197">
     <span class='ocr_line' id='line_1_99' title="bbox 448 5117 2017 5197; baseline 0.001 -23"><span class='ocrx_word' id='word_1_738' title='bbox 448 5120 671 5197; x_wconf 78' lang='lat' dir='ltr'><strong>paganis</strong></span> <span class='ocrx_word' id='word_1_739' title='bbox 719 5119 820 5197; x_wconf 78' lang='lat' dir='ltr'><strong>sub</strong></span> <span class='ocrx_word' id='word_1_740' title='bbox 858 5119 1101 5197; x_wconf 80' lang='lat' dir='ltr'><strong>principe</strong></span> <span class='ocrx_word' id='word_1_741' title='bbox 1122 5118 1448 5197; x_wconf 82' lang='lat' dir='ltr'><strong>_Chr_i_s_tiano</strong></span> <span class='ocrx_word' id='word_1_742' title='bbox 1487 5117 1713 5197; x_wconf 60' lang='lat' dir='ltr'><strong>necari?</strong></span> <span class='ocrx_word' id='word_1_743' title='bbox 1754 5120 2017 5197; x_wconf 75' lang='lat' dir='ltr'><strong>Dill‘erun&#39;.</strong></span> 
     </span>
    </p>
   </div>
   <div class='ocr_carea' id='block_1_100' title="bbox 450 5187 2013 5261">
    <p class='ocr_par' dir='ltr' id='par_1_100' title="bbox 450 5187 2013 5261">
     <span class='ocr_line' id='line_1_100' title="bbox 450 5187 2013 5261; baseline -0.002 -15"><span class='ocrx_word' id='word_1_744' title='bbox 450 5187 570 5261; x_wconf 60' lang='lat' dir='ltr'><strong>quia</strong></span> <span class='ocrx_word' id='word_1_745' title='bbox 608 5190 675 5246; x_wconf 91' lang='lat' dir='ltr'><strong>de</strong></span> <span class='ocrx_word' id='word_1_746' title='bbox 722 5187 1013 5248; x_wconf 83' lang='lat' dir='ltr'><strong>Almachio</strong></span> <span class='ocrx_word' id='word_1_747' title='bbox 1035 5187 1221 5244; x_wconf 54' lang='lat' dir='ltr'><strong>&#39;refert</strong></span> <span class='ocrx_word' id='word_1_748' title='bbox 1245 5188 1636 5246; x_wconf 86' lang='lat' dir='ltr'><strong>Theodoretus.</strong></span> <span class='ocrx_word' id='word_1_749' title='bbox 1660 5190 1769 5245; x_wconf 86' lang='lat' dir='ltr'><strong>Nec</strong></span> <span class='ocrx_word' id='word_1_750' title='bbox 1807 5192 2013 5261; x_wconf 84' lang='lat' dir='ltr'><strong>scioan</strong></span> 
     </span>
    </p>
   </div>
   <div class='ocr_carea' id='block_1_101' title="bbox 451 5260 1456 5330">
    <p class='ocr_par' dir='ltr' id='par_1_101' title="bbox 451 5260 1456 5330">
     <span class='ocr_line' id='line_1_101' title="bbox 451 5260 1456 5330; baseline 0 -15"><span class='ocrx_word' id='word_1_751' title='bbox 451 5260 519 5317; x_wconf 85' lang='lat' dir='ltr'><strong>ab</strong></span> <span class='ocrx_word' id='word_1_752' title='bbox 541 5263 883 5330; x_wconf 87' lang='lat' dir='ltr'><strong>imperatore,</strong></span> <span class='ocrx_word' id='word_1_753' title='bbox 917 5278 936 5311; x_wconf 69' lang='grc' dir='ltr'><strong>ι</strong></span> <span class='ocrx_word' id='word_1_754' title='bbox 964 5269 1261 5329; x_wconf 88' lang='lat' dir='ltr'><strong>martyrum</strong></span> <span class='ocrx_word' id='word_1_755' title='bbox 1289 5260 1456 5315; x_wconf 88' lang='lat' dir='ltr'><strong>choro</strong></span> 
     </span>
    </p>
   </div>
   <div class='ocr_carea' id='block_1_102' title="bbox 451 5330 1459 5397">
    <p class='ocr_par' dir='ltr' id='par_1_102' title="bbox 451 5330 1459 5397">
     <span class='ocr_line' id='line_1_102' title="bbox 451 5330 1459 5397; baseline -0.004 -8"><span class='ocrx_word' id='word_1_756' title='bbox 451 5331 576 5389; x_wconf 71' lang='lat' dir='ltr'><strong>Haec</strong></span> <span class='ocrx_word' id='word_1_757' title='bbox 601 5332 745 5386; x_wconf 89' lang='lat' dir='ltr'><strong>enim</strong></span> <span class='ocrx_word' id='word_1_758' title='bbox 767 5346 873 5385; x_wconf 90' lang='lat' dir='ltr'><strong>non</strong></span> <span class='ocrx_word' id='word_1_759' title='bbox 894 5337 1021 5384; x_wconf 89' lang='lat' dir='ltr'><strong>sunt</strong></span> <span class='ocrx_word' id='word_1_760' title='bbox 1056 5330 1459 5397; x_wconf 88' lang='lat' dir='ltr'><strong>imperatorum.</strong></span> 
     </span>
    </p>
   </div>
   <div class='ocr_carea' id='block_1_103' title="bbox 520 5399 1422 5470">
    <p class='ocr_par' dir='ltr' id='par_1_103' title="bbox 520 5399 1422 5470">
     <span class='ocr_line' id='line_1_103' title="bbox 520 5399 1422 5470; baseline -0.002 -16"><span class='ocrx_word' id='word_1_761' title='bbox 520 5414 547 5442; x_wconf 74' lang='grc' dir='ltr'><strong>ι</strong></span> <span class='ocrx_word' id='word_1_762' title='bbox 576 5400 729 5455; x_wconf 84' lang='lat' dir='ltr'><strong>Nulla</strong></span> <span class='ocrx_word' id='word_1_763' title='bbox 757 5408 886 5455; x_wconf 91' lang='lat' dir='ltr'><strong>tunc</strong></span> <span class='ocrx_word' id='word_1_764' title='bbox 908 5399 1233 5470; x_wconf 87' lang='lat' dir='ltr'><strong>persecutio.</strong></span> <span class='ocrx_word' id='word_1_765' title='bbox 1264 5399 1422 5453; x_wconf 63' lang='lat' dir='ltr'><strong>Bssx.</strong></span> 
     </span>
    </p>
   </div>
   <div class='ocr_carea' id='block_1_104' title="bbox 520 5469 1941 5541">
    <p class='ocr_par' dir='ltr' id='par_1_104' title="bbox 520 5469 1941 5541">
     <span class='ocr_line' id='line_1_104' title="bbox 520 5469 1941 5541; baseline -0.001 -17"><span class='ocrx_word' id='word_1_766' title='bbox 520 5470 550 5509; x_wconf 75' lang='grc' dir='ltr'><strong>ιι</strong></span> <span class='ocrx_word' id='word_1_767' title='bbox 576 5470 699 5541; x_wconf 69' lang='lat' dir='ltr'><strong>Pro,</strong></span> <span class='ocrx_word' id='word_1_768' title='bbox 730 5471 983 5541; x_wconf 65' lang='lat' dir='ltr'><strong>martyrio</strong></span> <span class='ocrx_word' id='word_1_769' title='bbox 1008 5470 1226 5540; x_wconf 75' lang='lat' dir='ltr'><strong>a/fectus</strong></span> <span class='ocrx_word' id='word_1_770' title='bbox 1249 5479 1343 5522; x_wconf 77' lang='lat' dir='ltr'><strong>est.</strong></span> <span class='ocrx_word' id='word_1_771' title='bbox 1373 5469 1461 5523; x_wconf 86' lang='lat' dir='ltr'><strong>Sic</strong></span> <span class='ocrx_word' id='word_1_772' title='bbox 1482 5471 1675 5539; x_wconf 68' lang='lat' dir='ltr'><strong>smpius</strong></span> <span class='ocrx_word' id='word_1_773' title='bbox 1698 5469 1941 5541; x_wconf 62' lang='lat' dir='ltr'><strong>inferius.</strong></span> 
     </span>
    </p>
   </div>
   <div class='ocr_carea' id='block_1_105' title="bbox 485 5539 2015 5664">
    <p class='ocr_par' dir='ltr' id='par_1_105' title="bbox 485 5539 2015 5664">
     <span class='ocr_line' id='line_1_105' title="bbox 485 5539 2015 5664; baseline 0.003 -72"><span class='ocrx_word' id='word_1_774' title='bbox 485 5609 498 5622; x_wconf 44' lang='lat'><strong><em>.</em></strong></span> <span class='ocrx_word' id='word_1_775' title='bbox 523 5550 545 5578; x_wconf 78' lang='grc' dir='ltr'><strong>ο</strong></span> <span class='ocrx_word' id='word_1_776' title='bbox 581 5540 706 5664; x_wconf 54' lang='lat' dir='ltr'><strong>léeg.</strong></span> <span class='ocrx_word' id='word_1_777' title='bbox 733 5539 974 5610; x_wconf 75' lang='lat' dir='ltr'><strong>Epicteti,</strong></span> <span class='ocrx_word' id='word_1_778' title='bbox 1010 5539 1099 5611; x_wconf 80' lang='lat' dir='ltr'><strong>qui</strong></span> <span class='ocrx_word' id='word_1_779' title='bbox 1144 5552 1332 5612; x_wconf 85' lang='lat' dir='ltr'><strong>passus</strong></span> <span class='ocrx_word' id='word_1_780' title='bbox 1359 5548 1443 5593; x_wconf 83' lang='lat' dir='ltr'><strong>est</strong></span> <span class='ocrx_word' id='word_1_781' title='bbox 1484 5540 1536 5592; x_wconf 88' lang='lat' dir='ltr'><strong>in</strong></span> <span class='ocrx_word' id='word_1_782' title='bbox 1566 5541 1744 5594; x_wconf 79' lang='lat' dir='ltr'><strong>Africa</strong></span> <span class='ocrx_word' id='word_1_783' title='bbox 1775 5542 1874 5595; x_wconf 83' lang='lat' dir='ltr'><strong>sub</strong></span> <span class='ocrx_word' id='word_1_784' title='bbox 1912 5540 2015 5597; x_wconf 82' lang='lat' dir='ltr'><strong>De-</strong></span> 
     </span>
     <span class='ocr_line' id='line_1_106' title="bbox 486 5625 738 5664; baseline -0.008 0"><span class='ocrx_word' id='word_1_785' title='bbox 486 5626 553 5664; x_wconf 84' lang='lat' dir='ltr'><strong>l0.</strong></span> <span class='ocrx_word' id='word_1_786' title='bbox 627 5625 738 5664; x_wconf 60' lang='grc' dir='ltr'><strong>λεδ.</strong></span> 
     </span>
    </p>
   </div>
   <div class='ocr_carea' id='block_1_106' title="bbox 453 5624 738 5669">
    <p class='ocr_par' dir='ltr' id='par_1_106' title="bbox 453 5624 738 5669">
     <span class='ocr_line' id='line_1_107' title="bbox 453 5624 738 5669; baseline -0.007 -5"><span class='ocrx_word' id='word_1_787' title='bbox 453 5624 553 5669; x_wconf 71' lang='grc' dir='ltr'><strong>ειο.</strong></span> <span class='ocrx_word' id='word_1_788' title='bbox 584 5624 738 5666; x_wconf 57' lang='grc' dir='ltr'><strong>ΜΞΝ.</strong></span> 
     </span>
    </p>
   </div>
   <div class='ocr_carea' id='block_1_107' title="bbox 1554 5260 2011 5316">
    <p class='ocr_par' dir='ltr' id='par_1_107' title="bbox 1554 5260 2011 5316">
     <span class='ocr_line' id='line_1_108' title="bbox 1554 5260 2011 5316; baseline -0.002 -3"><span class='ocrx_word' id='word_1_789' title='bbox 1554 5260 1718 5315; x_wconf 88' lang='lat' dir='ltr'><strong>tuerit</strong></span> <span class='ocrx_word' id='word_1_790' title='bbox 1741 5260 1958 5316; x_wconf 89' lang='lat' dir='ltr'><strong>ascribi.</strong></span> <span class='ocrx_word' id='word_1_791' title='bbox 1990 5278 2011 5312; x_wconf 74' lang='grc' dir='ltr'><strong>ι</strong></span> 
     </span>
    </p>
   </div>
   <div class='ocr_carea' id='block_1_108' title="bbox 1532 5345 1800 5387">
    <p class='ocr_par' dir='ltr' id='par_1_108' title="bbox 1532 5345 1800 5387">
     <span class='ocr_line' id='line_1_109' title="bbox 1532 5345 1800 5387; baseline -0.004 -3"><span class='ocrx_word' id='word_1_792' title='bbox 1532 5345 1800 5387; x_wconf 71' lang='lat' dir='ltr'><strong>ASNAGIUS.</strong></span> 
     </span>
    </p>
   </div>
   <div class='ocr_carea' id='block_1_109' title="bbox 2124 4526 3700 4595">
    <p class='ocr_par' dir='ltr' id='par_1_109' title="bbox 2124 4526 3700 4595">
     <span class='ocr_line' id='line_1_110' title="bbox 2124 4526 3700 4595; baseline -0.002 -12"><span class='ocrx_word' id='word_1_793' title='bbox 2124 4529 2296 4583; x_wconf 89' lang='lat' dir='ltr'><strong>sancti</strong></span> <span class='ocrx_word' id='word_1_794' title='bbox 2352 4528 2517 4583; x_wconf 90' lang='lat' dir='ltr'><strong>Salvii</strong></span> <span class='ocrx_word' id='word_1_795' title='bbox 2574 4528 2917 4592; x_wconf 89' lang='lat' dir='ltr'><strong>confessoris,</strong></span> <span class='ocrx_word' id='word_1_796' title='bbox 2977 4528 3031 4581; x_wconf 92' lang='lat' dir='ltr'><strong>in</strong></span> <span class='ocrx_word' id='word_1_797' title='bbox 3078 4526 3234 4595; x_wconf 87' lang='lat' dir='ltr'><strong>cujus</strong></span> <span class='ocrx_word' id='word_1_798' title='bbox 3280 4527 3445 4581; x_wconf 85' lang='lat' dir='ltr'><strong>natali</strong></span> <span class='ocrx_word' id='word_1_799' title='bbox 3475 4535 3700 4582; x_wconf 80' lang='lat' dir='ltr'><strong>sanc&#39;us</strong></span> 
     </span>
    </p>
   </div>
   <div class='ocr_carea' id='block_1_110' title="bbox 2122 4617 3624 4689">
    <p class='ocr_par' dir='ltr' id='par_1_110' title="bbox 2122 4617 3624 4689">
     <span class='ocr_line' id='line_1_111' title="bbox 2122 4617 3624 4689; baseline -0.001 -18"><span class='ocrx_word' id='word_1_800' title='bbox 2122 4617 2452 4689; x_wconf 87' lang='lat' dir='ltr'><strong>Augustinus</strong></span> <span class='ocrx_word' id='word_1_801' title='bbox 2501 4618 2725 4672; x_wconf 86' lang='lat' dir='ltr'><strong>verbum</strong></span> <span class='ocrx_word' id='word_1_802' title='bbox 2753 4618 2881 4672; x_wconf 87' lang='lat' dir='ltr'><strong>fecit</strong></span> <span class='ocrx_word' id='word_1_803' title='bbox 2902 4618 2968 4672; x_wconf 90' lang='lat' dir='ltr'><strong>ad</strong></span> <span class='ocrx_word' id='word_1_804' title='bbox 2997 4617 3251 4687; x_wconf 88' lang='lat' dir='ltr'><strong>populum</strong></span> <span class='ocrx_word' id='word_1_805' title='bbox 3289 4617 3624 4687; x_wconf 87' lang='lat' dir='ltr'><strong>Carthagini.</strong></span> 
     </span>
    </p>
   </div>
   <div class='ocr_carea' id='block_1_111' title="bbox 2192 4707 3693 4777">
    <p class='ocr_par' dir='ltr' id='par_1_111' title="bbox 2192 4707 3693 4777">
     <span class='ocr_line' id='line_1_112' title="bbox 2192 4707 3693 4777; baseline -0.001 -13"><span class='ocrx_word' id='word_1_806' title='bbox 2192 4709 2236 4764; x_wconf 91' lang='lat' dir='ltr'><strong>Il</strong></span> <span class='ocrx_word' id='word_1_807' title='bbox 2293 4710 2368 4764; x_wconf 86' lang='lat' dir='ltr'><strong>In.</strong></span> <span class='ocrx_word' id='word_1_808' title='bbox 2414 4710 2473 4765; x_wconf 91' lang='lat' dir='ltr'><strong>In</strong></span> <span class='ocrx_word' id='word_1_809' title='bbox 2529 4709 2733 4763; x_wconf 85' lang='lat' dir='ltr'><strong>Achaia</strong></span> <span class='ocrx_word' id='word_1_810' title='bbox 2783 4708 3039 4763; x_wconf 89' lang='lat' dir='ltr'><strong>nativitas</strong></span> <span class='ocrx_word' id='word_1_811' title='bbox 3101 4716 3413 4762; x_wconf 87' lang='lat' dir='ltr'><strong>sanctorum</strong></span> <span class='ocrx_word' id='word_1_812' title='bbox 3456 4707 3693 4777; x_wconf 84' lang='lat' dir='ltr'><strong>Cyriaci,</strong></span> 
     </span>
    </p>
   </div>
   <div class='ocr_carea' id='block_1_112' title="bbox 2122 4797 3699 4867">
    <p class='ocr_par' dir='ltr' id='par_1_112' title="bbox 2122 4797 3699 4867">
     <span class='ocr_line' id='line_1_113' title="bbox 2122 4797 3699 4867; baseline -0.004 -8"><span class='ocrx_word' id='word_1_813' title='bbox 2122 4802 2402 4859; x_wconf 85' lang='lat' dir='ltr'><strong>Moscentii</strong></span> <span class='ocrx_word' id='word_1_814' title='bbox 2434 4801 2463 4842; x_wconf 67' lang='grc' dir='ltr'>τι</span> <span class='ocrx_word' id='word_1_815' title='bbox 2495 4807 2549 4855; x_wconf 93' lang='lat' dir='ltr'><strong>et</strong></span> <span class='ocrx_word' id='word_1_816' title='bbox 2594 4799 2775 4854; x_wconf 88' lang='lat' dir='ltr'><strong>Saturi</strong></span> <span class='ocrx_word' id='word_1_817' title='bbox 2807 4811 2854 4864; x_wconf 76' lang='grc' dir='ltr'>ε,</span> <span class='ocrx_word' id='word_1_818' title='bbox 2889 4799 3021 4853; x_wconf 86' lang='lat' dir='ltr'><strong>civis</strong></span> <span class='ocrx_word' id='word_1_819' title='bbox 3063 4797 3271 4861; x_wconf 66' lang='lat' dir='ltr'><strong>Arabii,</strong></span> <span class='ocrx_word' id='word_1_820' title='bbox 3311 4798 3401 4867; x_wconf 93' lang='lat' dir='ltr'><strong>qui</strong></span> <span class='ocrx_word' id='word_1_821' title='bbox 3430 4799 3699 4853; x_wconf 82' lang='lat' dir='ltr'><strong>transiens</strong></span> 
     </span>
    </p>
   </div>
   <div class='ocr_carea' id='block_1_113' title="bbox 2125 4886 3694 4962">
    <p class='ocr_par' dir='ltr' id='par_1_113' title="bbox 2125 4886 3694 4962">
     <span class='ocr_line' id='line_1_114' title="bbox 2125 4886 3694 4962; baseline -0.003 -15"><span class='ocrx_word' id='word_1_822' title='bbox 2125 4905 2253 4951; x_wconf 88' lang='lat' dir='ltr'><strong>ante</strong></span> <span class='ocrx_word' id='word_1_823' title='bbox 2283 4891 2538 4962; x_wconf 87' lang='lat' dir='ltr'><strong>templum</strong></span> <span class='ocrx_word' id='word_1_824' title='bbox 2559 4888 2838 4957; x_wconf 88' lang='lat' dir='ltr'><strong>cujusdam</strong></span> <span class='ocrx_word' id='word_1_825' title='bbox 2871 4889 3019 4952; x_wconf 88' lang='lat' dir='ltr'><strong>idoli,</strong></span> <span class='ocrx_word' id='word_1_826' title='bbox 3049 4886 3325 4943; x_wconf 75' lang='lat' dir='ltr'><strong>insufﬂans</strong></span> <span class='ocrx_word' id='word_1_827' title='bbox 3346 4902 3465 4942; x_wconf 90' lang='lat' dir='ltr'><strong>cum</strong></span> <span class='ocrx_word' id='word_1_828' title='bbox 3491 4888 3694 4957; x_wconf 80' lang='lat' dir='ltr'><strong>signas-</strong></span> 
     </span>
    </p>
   </div>
   <div class='ocr_carea' id='block_1_114' title="bbox 2124 4979 3697 5046">
    <p class='ocr_par' dir='ltr' id='par_1_114' title="bbox 2124 4979 3697 5046">
     <span class='ocr_line' id='line_1_115' title="bbox 2124 4979 3697 5046; baseline -0.003 -7"><span class='ocrx_word' id='word_1_829' title='bbox 2124 4991 2208 5039; x_wconf 89' lang='lat' dir='ltr'><strong>set</strong></span> <span class='ocrx_word' id='word_1_830' title='bbox 2248 4982 2483 5037; x_wconf 82' lang='lat' dir='ltr'><strong>frontem</strong></span> <span class='ocrx_word' id='word_1_831' title='bbox 2527 4981 2766 5046; x_wconf 87' lang='lat' dir='ltr'><strong>corruit;</strong></span> <span class='ocrx_word' id='word_1_832' title='bbox 2813 4989 3057 5035; x_wconf 87' lang='lat' dir='ltr'><strong>tenentes</strong></span> <span class='ocrx_word' id='word_1_833' title='bbox 3105 4994 3230 5035; x_wconf 88' lang='lat' dir='ltr'><strong>eum</strong></span> <span class='ocrx_word' id='word_1_834' title='bbox 3265 4980 3462 5035; x_wconf 88' lang='lat' dir='ltr'><strong>ibidem</strong></span> <span class='ocrx_word' id='word_1_835' title='bbox 3509 4979 3697 5034; x_wconf 81' lang='lat' dir='ltr'><strong>obser-</strong></span> 
     </span>
    </p>
   </div>
   <div class='ocr_carea' id='block_1_115' title="bbox 2193 5132 3695 5205">
    <p class='ocr_par' dir='ltr' id='par_1_115' title="bbox 2193 5132 3695 5205">
     <span class='ocr_line' id='line_1_116' title="bbox 2193 5132 3695 5205; baseline -0.001 -17"><span class='ocrx_word' id='word_1_836' title='bbox 2193 5134 2220 5174; x_wconf 76' lang='grc' dir='ltr'>ει</span> <span class='ocrx_word' id='word_1_837' title='bbox 2255 5133 2382 5205; x_wconf 89' lang='lat' dir='ltr'><strong>Leg.</strong></span> <span class='ocrx_word' id='word_1_838' title='bbox 2441 5132 2754 5205; x_wconf 70' lang='lat' dir='ltr'><strong>Innocentii.</strong></span> <span class='ocrx_word' id='word_1_839' title='bbox 2784 5133 2972 5189; x_wconf 88' lang='lat' dir='ltr'><strong>Nullus</strong></span> <span class='ocrx_word' id='word_1_840' title='bbox 3020 5142 3200 5205; x_wconf 72' lang='lat' dir='ltr'><strong>tamen</strong></span> <span class='ocrx_word' id='word_1_841' title='bbox 3253 5132 3598 5205; x_wconf 79' lang='lat' dir='ltr'><strong>Innocentius</strong></span> <span class='ocrx_word' id='word_1_842' title='bbox 3642 5134 3695 5187; x_wconf 89' lang='lat' dir='ltr'><strong>in</strong></span> 
     </span>
    </p>
   </div>
   <div class='ocr_carea' id='block_1_116' title="bbox 2121 5200 3445 5274">
    <p class='ocr_par' dir='ltr' id='par_1_116' title="bbox 2121 5200 3445 5274">
     <span class='ocr_line' id='line_1_117' title="bbox 2121 5200 3445 5274; baseline -0.004 -15"><span class='ocrx_word' id='word_1_843' title='bbox 2121 5200 2517 5274; x_wconf 77' lang='lat' dir='ltr'><strong>martyrologiis</strong></span> <span class='ocrx_word' id='word_1_844' title='bbox 2543 5219 2732 5274; x_wconf 86' lang='lat' dir='ltr'><strong>passus</strong></span> <span class='ocrx_word' id='word_1_845' title='bbox 2754 5213 2839 5259; x_wconf 88' lang='lat' dir='ltr'><strong>est</strong></span> <span class='ocrx_word' id='word_1_846' title='bbox 2866 5216 3051 5274; x_wconf 74' lang='lat' dir='ltr'><strong>mense</strong></span> <span class='ocrx_word' id='word_1_847' title='bbox 3072 5200 3349 5274; x_wconf 77' lang='lat' dir='ltr'><strong>Januario.</strong></span> <span class='ocrx_word' id='word_1_848' title='bbox 3372 5202 3445 5256; x_wconf 83' lang='lat' dir='ltr'><strong>In.</strong></span> 
     </span>
    </p>
   </div>
   <div class='ocr_carea' id='block_1_117' title="bbox 2198 5271 3693 5355">
    <p class='ocr_par' dir='ltr' id='par_1_117' title="bbox 2198 5271 3693 5355">
     <span class='ocr_line' id='line_1_118' title="bbox 2198 5271 3693 5355; baseline -0.001 -28"><span class='ocrx_word' id='word_1_849' title='bbox 2198 5285 2221 5313; x_wconf 80' lang='grc' dir='ltr'><strong><em>ο</em></strong></span> <span class='ocrx_word' id='word_1_850' title='bbox 2250 5271 2471 5343; x_wconf 68' lang='lat' dir='ltr'><strong>Satyrus</strong></span> <span class='ocrx_word' id='word_1_851' title='bbox 2501 5271 2802 5355; x_wconf 71' lang='lat' dir='ltr'><strong>celebratur</strong></span> <span class='ocrx_word' id='word_1_852' title='bbox 2828 5271 3283 5355; x_wconf 53' lang='lat' dir='ltr'><strong>inllartyrologio</strong></span> <span class='ocrx_word' id='word_1_853' title='bbox 3308 5272 3550 5355; x_wconf 67' lang='lat' dir='ltr'><strong>Romano</strong></span> <span class='ocrx_word' id='word_1_854' title='bbox 3575 5279 3693 5355; x_wconf 62' lang='lat' dir='ltr'><strong>tan-</strong></span> 
     </span>
    </p>
   </div>
   <div class='ocr_carea' id='block_1_118' title="bbox 2120 5341 3700 5468">
    <p class='ocr_par' dir='ltr' id='par_1_118' title="bbox 2120 5341 3700 5468">
     <span class='ocr_line' id='line_1_119' title="bbox 2120 5341 3700 5425; baseline 0.001 -27"><span class='ocrx_word' id='word_1_855' title='bbox 2120 5359 2286 5425; x_wconf 78' lang='lat' dir='ltr'><strong>quam</strong></span> <span class='ocrx_word' id='word_1_856' title='bbox 2307 5341 2499 5412; x_wconf 82' lang='lat' dir='ltr'><strong>passus</strong></span> <span class='ocrx_word' id='word_1_857' title='bbox 2521 5343 2575 5397; x_wconf 90' lang='lat' dir='ltr'><strong>in</strong></span> <span class='ocrx_word' id='word_1_858' title='bbox 2597 5342 2833 5425; x_wconf 79' lang='lat' dir='ltr'><strong>Acbaia_;</strong></span> <span class='ocrx_word' id='word_1_859' title='bbox 2855 5343 2944 5397; x_wconf 88' lang='lat' dir='ltr'><strong>hic</strong></span> <span class='ocrx_word' id='word_1_860' title='bbox 2961 5341 3160 5424; x_wconf 75' lang='lat' dir='ltr'><strong>dicitur</strong></span> <span class='ocrx_word' id='word_1_861' title='bbox 3175 5341 3309 5397; x_wconf 86' lang='lat' dir='ltr'><strong>civis</strong></span> <span class='ocrx_word' id='word_1_862' title='bbox 3327 5342 3508 5423; x_wconf 64' lang='lat' dir='ltr'><strong>Arabii</strong></span> <span class='ocrx_word' id='word_1_863' title='bbox 3521 5359 3541 5400; x_wconf 88' lang='lat'><strong><em>:</em></strong></span> 
     </span>
     <span class='ocr_line' id='line_1_120' title="bbox 2121 5411 3698 5468; baseline -0.001 -1"><span class='ocrx_word' id='word_1_864' title='bbox 2121 5413 2242 5468; x_wconf 76' lang='lat' dir='ltr'><strong>hius</strong></span> <span class='ocrx_word' id='word_1_865' title='bbox 2288 5420 2468 5466; x_wconf 87' lang='lat' dir='ltr'><strong>autem</strong></span> <span class='ocrx_word' id='word_1_866' title='bbox 2495 5420 2581 5466; x_wconf 88' lang='lat' dir='ltr'><strong>est</strong></span> <span class='ocrx_word' id='word_1_867' title='bbox 2624 5414 2753 5465; x_wconf 84' lang='lat' dir='ltr'><strong>urbs</strong></span> <span class='ocrx_word' id='word_1_868' title='bbox 2796 5429 2847 5467; x_wconf 81' lang='grc' dir='ltr'>ιη</span> <span class='ocrx_word' id='word_1_869' title='bbox 2877 5411 3083 5468; x_wconf 73' lang='lat' dir='ltr'><strong>Persua.</strong></span> <span class='ocrx_word' id='word_1_870' title='bbox 3110 5427 3218 5467; x_wconf 89' lang='lat' dir='ltr'><strong>non</strong></span> <span class='ocrx_word' id='word_1_871' title='bbox 3247 5412 3406 5468; x_wconf 67' lang='lat' dir='ltr'><strong>longe</strong></span> <span class='ocrx_word' id='word_1_872' title='bbox 3447 5412 3636 5467; x_wconf 77' lang='lat' dir='ltr'><strong>dissita</strong></span> <span class='ocrx_word' id='word_1_873' title='bbox 3663 5423 3698 5466; x_wconf 69' lang='grc' dir='ltr'><strong>ι</strong></span> 
     </span>
    </p>
   </div>
   <div class='ocr_carea' id='block_1_119' title="bbox 2120 5428 3697 5548">
    <p class='ocr_par' dir='ltr' id='par_1_119' title="bbox 2120 5428 3697 5548">
     <span class='ocr_line' id='line_1_121' title="bbox 2122 5428 3697 5493; baseline -0.001 -26"><span class='ocrx_word' id='word_1_874' title='bbox 2122 5428 2242 5468; x_wconf 78' lang='lat' dir='ltr'><strong>ntus</strong></span> <span class='ocrx_word' id='word_1_875' title='bbox 2288 5428 2468 5492; x_wconf 75' lang='lat' dir='ltr'><strong>autem</strong></span> <span class='ocrx_word' id='word_1_876' title='bbox 2495 5428 2581 5466; x_wconf 82' lang='lat' dir='ltr'><strong>est</strong></span> <span class='ocrx_word' id='word_1_877' title='bbox 2624 5428 2753 5465; x_wconf 85' lang='lat' dir='ltr'><strong>urns</strong></span> <span class='ocrx_word' id='word_1_878' title='bbox 2796 5429 2847 5467; x_wconf 81' lang='grc' dir='ltr'>ιη</span> <span class='ocrx_word' id='word_1_879' title='bbox 2877 5428 3083 5477; x_wconf 75' lang='lat' dir='ltr'><strong>rersua,</strong></span> <span class='ocrx_word' id='word_1_880' title='bbox 3110 5428 3218 5467; x_wconf 90' lang='lat' dir='ltr'><strong>non</strong></span> <span class='ocrx_word' id='word_1_881' title='bbox 3248 5428 3406 5493; x_wconf 74' lang='lat' dir='ltr'><strong>longe</strong></span> <span class='ocrx_word' id='word_1_882' title='bbox 3447 5428 3636 5490; x_wconf 52' lang='lat' dir='ltr'><strong>uissna</strong></span> <span class='ocrx_word' id='word_1_883' title='bbox 3663 5428 3697 5466; x_wconf 74' lang='grc' dir='ltr'><strong>ι</strong></span> 
     </span>
     <span class='ocr_line' id='line_1_122' title="bbox 2120 5480 3697 5548; baseline 0.004 -13"><span class='ocrx_word' id='word_1_884' title='bbox 2120 5481 2282 5537; x_wconf 85' lang='lat' dir='ltr'><strong>ﬁuvio</strong></span> <span class='ocrx_word' id='word_1_885' title='bbox 2307 5481 2542 5548; x_wconf 71' lang='lat' dir='ltr'><strong>ejusdem</strong></span> <span class='ocrx_word' id='word_1_886' title='bbox 2571 5482 2822 5537; x_wconf 89' lang='lat' dir='ltr'><strong>nominis.</strong></span> <span class='ocrx_word' id='word_1_887' title='bbox 2864 5480 2947 5536; x_wconf 84' lang='lat' dir='ltr'><strong>An</strong></span> <span class='ocrx_word' id='word_1_888' title='bbox 2976 5480 3142 5537; x_wconf 88' lang='lat' dir='ltr'><strong>Persa</strong></span> <span class='ocrx_word' id='word_1_889' title='bbox 3168 5483 3318 5538; x_wconf 86' lang='lat' dir='ltr'><strong>venit</strong></span> <span class='ocrx_word' id='word_1_890' title='bbox 3353 5498 3407 5538; x_wconf 83' lang='lat' dir='ltr'><strong>tn</strong></span> <span class='ocrx_word' id='word_1_891' title='bbox 3435 5480 3697 5541; x_wconf 77' lang='lat' dir='ltr'><strong>Achaiam</strong></span> 
     </span>
    </p>
   </div>
   <div class='ocr_carea' id='block_1_120' title="bbox 2121 5550 2792 5615">
    <p class='ocr_par' dir='ltr' id='par_1_120' title="bbox 2121 5550 2792 5615">
     <span class='ocr_line' id='line_1_123' title="bbox 2121 5550 2792 5615; baseline 0.003 -4"><span class='ocrx_word' id='word_1_892' title='bbox 2121 5563 2177 5611; x_wconf 82' lang='lat' dir='ltr'><strong>et</strong></span> <span class='ocrx_word' id='word_1_893' title='bbox 2199 5552 2272 5607; x_wconf 91' lang='lat' dir='ltr'><strong>ibi</strong></span> <span class='ocrx_word' id='word_1_894' title='bbox 2300 5550 2402 5609; x_wconf 86' lang='lat' dir='ltr'><strong>fuit</strong></span> <span class='ocrx_word' id='word_1_895' title='bbox 2428 5551 2686 5615; x_wconf 69' lang='lat' dir='ltr'><strong>necatus?</strong></span> <span class='ocrx_word' id='word_1_896' title='bbox 2717 5551 2792 5613; x_wconf 71' lang='lat' dir='ltr'><strong>In.</strong></span> 
     </span>
    </p>
   </div>
  </div>
