4028 6196
383 247 523 301 1ιὲίῖ

1690 226 2189 293 MARTYROLOGI
2201 236 2314 292 [ΕΜ.

3505 242 3639 300 1126

375 366 568 414 rantes
616 358 886 412 duxerunt
930 354 996 409 ad
1024 354 1239 419 ducem,
1285 361 1340 408 et
1382 353 1681 408 indicantes
1724 352 1950 419 iactum,
1981 354 2030 414 Λ
2058 348 2328 415 dentibus,
2358 348 2425 403 ad
2452 356 2754 403 extremum
2780 348 2975 419 gladiis
3005 349 3377 417 trucidantur;
3404 354 3472 409 ad
3509 371 3645 426 quo.

378 446 675 503 decullatus
695 454 797 500 est.
972 502 977 511 ,

448 537 525 591 In.
553 535 801 592 JANDABII
841 535 1074 591 Octabas
1111 532 1358 606 [Octava]
1407 534 1789 602 Theophamaa,
1812 541 1866 588 et
1901 534 1953 587 in

376 626 614 680 Pictaris
663 624 929 694 depositio
983 624 1172 678 Hilarii
1233 624 1473 692 episcopi
1524 632 1579 678 et
1630 625 1955 679 confessoris

377 716 598 787 egregii,
638 715 730 785 qui
779 716 879 769 sub
909 713 1225 770 Constantio
1259 714 1502 784 Augusto
1526 714 1801 778 lueretieo,
1831 729 1958 783 pro-

377 813 500 875 pter
536 804 695 859 fidem
715 805 1037 859 catholicam
1064 807 1116 860 in
1161 806 1450 879 Phrygiam
1479 807 1534 859 in
1560 803 1807 859 exsilium
1838 803 1954 872 pul-

378 910 472 950 sus
510 903 612 948 est.
650 895 726 949 De
755 910 862 963 quo
910 896 1050 950 inter
1099 897 1234 952 alias
1276 898 1507 951 virtutes
1556 894 1793 950 refertur
1815 893 1955 963 quod

378 987 585 1041 orando
606 997 879 1041 mortuum
901 988 1262 1043 suscitaverit.

450 1078 651 1131 Eodem
696 1078 779 1132 die
812 1079 984 1133 sancti
1030 1080 1224 1149 Agricii
1277 1079 1532 1148 episc0pi,
1578 1086 1635 1132 et
1666 1078 1718 1130 in
1770 1075 1957 1129 Antio-

379 1168 500 1221 chia
532 1167 750 1237 Αἴθῃ)ιὶ
777 1168 955 1237 passio
983 1178 1290 1223 sanctorum
1327 1167 1547 1230 Juliani,
1592 1175 1647 1221 et
1691 1165 1957 1219 Basilissae

378 1258 623 1327 conjugis
670 1274 810 1323 suae;
847 1261 938 1329 qui
973 1260 1218 1314 Julianus
1257 1260 1588 1329 temporibus
1642 1256 1955 1311 Diocletiani

378 1359 433 1402 ct
466 1350 738 1404 Maximini
769 1350 1162 1422 [Maximiani]
1205 1352 1366 1405 nobili
1400 1350 1649 1420 prosapia
1696 1349 1957 1404 oriundus

381 1440 498 1501 fuit,
517 1440 1060 1510 philosophorumque
1081 1434 1375 1511 discipli'nis
1397 1441 1657 1505 imbutus,
1681 1440 1958 1496 catholicae

379 1526 503 1580 fidei
553 1527 832 1595 religiosus
860 1537 1071 1581 amator
1097 1527 1214 1582 fuit.
1244 1528 1414 1595 Quem
1452 1544 1575 1583 cum
1596 1535 1849 1597 parentes
1871 1527 1957 1581 sui

378 1615 447 1669 ad
469 1616 719 1670 connubii
738 1615 860 1684 jura
892 1618 1330 1686 persuasionibus
1369 1617 1562 1673 validis
1588 1619 1955 1684 attraxissent,

2057 454 2176 493 rum
2204 439 2626 509 tumulummox
2654 439 2839 494 decem
2870 440 3067 511 leprosi
3096 449 3376 509 curantur,
3406 445 3642 513 proban-

2057 537 2139 584 tes
2168 530 2342 598 qualis
2365 531 2436 584 sit
2464 538 2764 601 martyrum
2790 532 2984 601 gloria.

2128 618 2284 673 XVlll
2329 626 2456 674 Kac.
2486 620 2789 675 Februarii.
2822 622 2880 676 in
2911 622 3203 692 Campania
3234 625 3413 681 natale
3447 626 3648 685 Felicia

2053 710 2354 780 presbyteri
2405 717 2462 763 et
2490 710 2834 776 confessoris,
2882 713 2948 767 de
2985 729 3094 783 quo
3135 715 3280 770 inter
3308 717 3414 770 alia
3456 719 3645 773 scribit

2055 797 2313 852 Paulinus
2331 800 2613 868 episcopus
2639 819 2651 853 :
2679 802 2770 868 qui
2794 817 2916 856 cum
2933 818 2960 855 a
2986 805 3421 872 persecutoribus
3444 806 3499 861 in
3524 823 3647 863 car-

2055 903 2234 943 cerem
2265 890 2589 954 mitteretur,
2612 900 2667 945 et
2694 891 2934 947 cochleis
2961 908 3035 947 ac-
3054 895 3265 949 testulis
3296 896 3510 951 vinctus
3551 914 3643 952 su-

2058 981 2361 1051 perpositus
2403 983 2631 1051 jaceret,
2685 998 2786 1052 per
2832 994 3046 1039 noctem
3095 987 3162 1040 ab
3208 989 3403 1058 angelo
3437 990 3646 1045 solutus

2057 1080 2218 1139 atque
2268 1071 2494 1126 eductus
2532 1081 2637 1125 est.
2686 1073 2886 1128 Eadem
2935 1075 3022 1129 die
3070 1078 3266 1133 natalis
3298 1087 3382 1132 est
3428 1080 3640 1147 Felicis,

2056 1162 2297 1232 germani
2329 1161 2517 1230 ipsius,
2542 1178 2702 1231 quem
2729 1164 2932 1219 Dracus
2979 1164 3137 1221 Urbis
3171 1167 3459 1236 praefectus
3485 1171 3640 1227 idolis

2056 1248 2336 1302 immolare
2368 1250 2564 1320 coegit,
2604 1259 2661 1305 et
2687 1250 2918 1306 fustibus
2954 1255 3174 1321 cecidit,
3209 1264 3370 1325 atque
3400 1258 3455 1312 in
3495 1260 3641 1314 exsi-

2056 1335 2187 1390 lium
2212 1338 2496 1409 deportare
2514 1339 2695 1409 jussit,
2729 1341 2820 1396 ubi
2859 1350 2916 1395 et
2956 1344 3248 1413 quadratos
3282 1346 3484 1417 lapides
3532 1363 3639 1404 caa-

2057 1427 2228 1493 deret,
2259 1429 2352 1483 sed
2377 1444 2475 1498 per
2514 1430 2773 1486 virtutem
2820 1432 2916 1487 Dei
2945 1434 3129 1502 plures
3157 1436 3233 1491 ibi
3273 1440 3540 1494 convertit
3574 1441 3642 1495 ad

2058 1517 2240 1583 (idem,
2270 1520 2373 1574 hoc
2395 1528 2504 1585 est,
2529 1520 2766 1577 Probqu
2797 1524 3070 1580 tribunum
3096 1535 3151 1583 et
3175 1543 3271 1583 eos
3311 1530 3404 1599 qui
3453 1545 3655 1585 secula.

2059 1619 2233 1664 eraut.
2278 1609 2481 1666 Deinde
2528 1611 2728 1666 idolum
2776 1613 3038 1684 Apollinis
3092 1617 3391 1697 destruxit;
3433 1616 3487 1674 in
3537 1636 3643 1690 quo

376 1706 717 1775 respondisse
751 1704 958 1762 fertur:
994 1725 1014 1758 ‹
1045 1706 1155 1762 Nec
1185 1708 1475 1762 voluntatis
1498 1716 1600 1773 est,
1629 1723 1729 1763 nec
1753 1709 1947 1772 relatis,
1981 1696 2027 1754 Β
2054 1701 2174 1756 loco
2214 1701 2397 1759 ﬁdeles
2418 1710 2607 1773 postea
2631 1705 2887 1774 templum
2916 1706 3026 1761 Deo
3047 1696 3483 1763 construxerunt.
3509 1710 3639 1767 Post

375 1802 439 1847 ut
458 1794 652 1850 faciam
677 1812 796 1866 quae
817 1798 1128 1853 hortamini.
1151 1818 1169 1851 ι
1214 1799 1344 1853 Item
1393 1816 1516 1855 cum
1544 1808 1954 1869 perseverarent

373 1886 723 1955 pertinaciter
750 1887 803 1941 in
838 1889 1126 1958 precibus:
1158 1889 1294 1944 «Nec
1334 1891 1680 1960 permittendi
1720 1891 1848 1946 mihi
1871 1900 1954 1946 est

373 1977 620 2042 facultas,
664 1993 764 2033 nec
792 1980 1020 2049 negandi
1048 1988 1307 2049 potestas,
1335 1982 1477 2051 quod
1502 1982 1809 2036 hortamini.
1859 1982 1952 2037 Dei

374 2065 481 2119 mei
509 2066 759 2134 potestati
785 2068 1083 2134 committo,
1124 2078 1181 2123 et
1217 2070 1479 2139 relinquo.
1504 2091 1523 2123 ι
1565 2070 1730 2126 Unius
1775 2079 1953 2125 tamen

374 2154 723 2212 hebdomadis
746 2157 989 2214 inducias
1011 2175 1041 2214 a
1061 2161 1376 2229 parentibus
1397 2161 1661 2231 poposcit,
1687 2168 1747 2215 ut
1767 2171 1954 2216 nutum

372 2259 621 2313 superna:
656 2245 956 2314 majestatis
1002 2250 1333 2318 argumentis
1362 2250 1699 2305 evidentibus
1740 2251 1954 2320 experi-

371 2341 558 2399 retur;
585 2349 691 2403 qua
722 2345 961 2404 peracta,
992 2336 1392 2408 intercapedine
1419 2354 1608 2394 somno
1638 2340 1867 2409 sopitus,
1901 2349 1956 2396 et

370 2439 571 2494 sopore
609 2425 913 2496 depressus,
939 2428 1075 2483 vidit
1118 2428 1391 2483 Christum
1418 2430 1473 2484 in
1516 2432 1795 2487 horomate
1824 2445 1850 2473 ι
1877 2433 1959 2487 di-

371 2517 521 2571 xisse
541 2535 552 2570 ε
576 2535 594 2568 σ
622 2517 882 2586 Exsurge,
912 2534 977 2574 ne
1001 2520 1329 2585 timeas,nec
1353 2521 1632 2577 suasiones
1646 2521 1957 2589 verborum,

284 2677 290 2682 I
373 2621 475 2660 nec
505 2606 837 2662 voluntatem
872 2619 1155 2679 parentum
1188 2611 1496 2666 horrescas.
1542 2610 1790 2682 Accipies
1815 2613 1957 2667 enim

374 2694 677 2767 ceujugem,
711 2714 830 2768 quae
856 2707 909 2754 te
952 2715 1057 2755 non
1101 2701 1387 2771 polluendo
1415 2716 1446 2756 a
1477 2717 1563 2757 me
1605 2712 1842 2772 separet,
1862 2704 1959 2759 sed

375 2795 537 2856 perte
562 2788 713 2858 virgo
728 2799 1067 2859 perseveret;
1103 2810 1123 2844 ι
1149 2789 1391 2846 etinfra:
1421 2810 1439 2844 ι
1468 2792 1620 2847 multi
1640 2791 1887 2861 juvenes,
1907 2801 1962 2849 et

377 2879 613 2950 virgines
650 2895 746 2950 per
766 2888 1002 2936 vestram
1033 2883 1355 2948 doctrinam,
1400 2884 1486 2938 vel
1514 2885 1683 2938 vitam
1726 2885 1962 2940 cmlestis

377 2966 648 3023 exercitus
692 2968 1080 3039 probabuntur,
1105 2989 1124 3023 ι
1163 2979 1218 3026 et
1243 2971 1468 3042 reliqua.
1518 2972 1713 3042 Sicque
1760 2973 1959 3029 factum

378 3066 461 3114 est
488 3067 568 3125 ut,
598 3037 893 3130 opitulante
931 3060 1170 3128 Christo,
1216 3062 1271 3117 in
1322 3037 1644 3118 A—ntiochisc'
1666 3064 1957 3133 municipio
1986 3037 2029 3099 C

379 3150 703 3204 monasteria
755 3150 909 3221 plura
944 3160 1343 3220 construerent,
1387 3155 1461 3208 ita
1507 3161 1563 3207 ut
1610 3154 1709 3209 sub
1760 3153 1959 3210 Iuliani

383 3239 642 3310 regimine
692 3239 875 3294 decem
921 3241 1087 3295 millia
1132 3243 1521 3297 monachorum
1574 3250 1961 3298 conversarent

383 3328 900 3403 [conversarentur].
935 3329 1048 3386 Sub
1078 3331 1347 3387 Basilissae
1374 3348 1505 3388 vero
1532 3333 1677 3388 mille
1723 3334 1960 3406 virgines

383 3419 478 3473 Dei
507 3421 726 3475 servitio
753 3421 1072 3492 mancipatus
1102 3422 1314 3478 fierent.

456 3509 647 3564 Postea
675 3519 854 3567 autem
880 3512 1022 3567 idem
1048 3512 1291 3568 Julianus
1333 3528 1458 3569 cum
1505 3514 1960 3571 commilitonibus

384 3598 498 3654 suis
522 3599 622 3655 sub
649 3600 920 3657 Marciano
947 3603 1190 3673 principe
1214 3617 1314 3673 pro
1352 3602 1554 3659 Christi
1580 3605 1797 3660 nomine
1818 3620 1959 3660 mar-

385 3689 653 3759 tyrizavit.
703 3689 945 3746 Primum
990 3690 1223 3748 fustibus
1260 3708 1452 3760 caesus,
1504 3695 1594 3764 qui
1628 3698 1960 3765 percussoris

385 3795 468 3834 ειη
498 3780 709 3836 oculum
736 3782 978 3838 evulsum
1007 3785 1263 3840 restituit.
1307 3785 1531 3857 Insuper
1561 3795 1617 3842 et
1649 3789 1768 3858 plus
1797 3804 1959 3859 quam

385 3872 706 3943 quingentas
745 3873 1153 3932 simulacrorum
1182 3877 1444 3949 imagines
1469 3880 1535 3935 ad
1565 3880 1737 3935 solum
1762 3882 1955 3937 diruit:

385 3974 507 4030 post
528 3966 643 4021 hsce
672 3966 725 4021 in
762 3982 1037 4023 carcerem
1073 3970 1418 4025 tenebrosum
1447 3979 1626 4027 trusus
1649 3988 1772 4028 cum
1822 3988 1962 4042 prae-

387 4057 520 4112 sidis
548 4057 657 4114 filio
685 4059 972 4116 Hircicallo
997 4060 1197 4130 juvene
1220 4078 1391 4133 nuper
1409 4066 1476 4120 ad
1498 4064 1657 4121 ﬁdem
1677 4080 1957 4132 converso,

387 4146 478 4201 ubi
529 4148 903 4205 damnatorum
959 4167 1184 4223 corpora
1236 4153 1622 4225 putrefiebant;
1676 4157 1768 4211 sed
1823 4158 1960 4212 mira

386 4236 559 4305 gratia
597 4236 795 4294 Christi
824 4240 1019 4298 fetidus
1065 4243 1201 4297 odor
1226 4243 1281 4298 in
1311 4244 1595 4300 ambrosia!
1625 4245 1961 4301 dulcedinem

389 4341 577 4382 versus
606 4343 726 4383 cum
776 4329 898 4386 luce
946 4330 1166 4402 limpida
1204 4343 1422 4391 sanctos
1470 4345 1737 4407 martyres
1785 4337 1959 4392 laetifi-

390 4416 570 4471 cabat.
610 4420 834 4488 Dehinc,
890 4433 1116 4495 rogante
1147 4427 1397 4496 praeside,
1442 4427 1677 4483 defuncti
1732 4431 1963 4483 cadaver

390 4509 625 4564 nondum
656 4511 862 4568 hamati
889 4528 921 4567 a
951 4524 1125 4571 morte
1147 4517 1458 4583 suscitavit;
1493 4519 1586 4573 sed
1609 4519 1831 4573 tortoris
1853 4535 1959 4573 nan

390 4608 640 4655 cessante
666 4604 906 4670 vesania,
942 4604 1327 4675 imperatorum
1354 4609 1571 4663 decreto
1600 4609 1655 4663 in
1684 4610 1815 4665 circi
1837 4626 1960 4681 spc-

390 4690 602 4745 ctaculo
640 4696 811 4749 sancti
842 4705 1109 4766 martyres
1157 4697 1392 4752 terdenis
1434 4713 1693 4767 cuparum
1742 4700 1963 4769 gremiis

392 4782 756 4847 includuntur,
788 4801 907 4856 qua:
932 4787 1256 4842 intrinsecus
1277 4795 1408 4842 atras
1431 4790 1568 4859 picis
1593 4805 1768 4846 massa
1796 4799 1852 4846 ct
1878 4792 1961 4847 bi-

394 4872 613 4927 tuminis
641 4873 844 4939 fomite,
877 4874 1254 4946 sulphurisque
1290 4874 1461 4932 fetore
1499 4877 1816 4944 farciuntur,
1848 4896 1963 4934 sar-

393 4964 590 5019 mentis
619 4979 738 5020 cum
767 4968 887 5036 igne
926 4966 1237 5036 suppositis,
1267 4966 1321 5021 in
1370 4975 1599 5033 tantum,
1642 4977 1703 5023 ut
1743 4969 1959 5025 ﬂamma

396 5056 613 5125 triginta
645 5058 839 5112 cubitis
869 5057 922 5111 in
952 5057 1119 5112 altum
1150 5074 1208 5113 se
1233 5059 1564 5129 porrigeret;
1611 5060 1705 5115 sed
1744 5061 1869 5116 inde
1897 5061 1963 5115 ila

393 5144 508 5199 liBSi
558 5146 913 5214 egredientes,
959 5162 1146 5202 rursus
1196 5147 1376 5217 digitis
1402 5164 1656 5204 manuum
1689 5158 1745 5204 et
1768 5150 1965 5220 pedum

393 5234 588 5288 licinus
613 5235 808 5290 ardens
831 5236 938 5293 olei
964 5236 1171 5306 liquore
1199 5236 1448 5308 perfusus
1474 5247 1719 5309 aptatur;
1745 5240 1840 5295 sed
1863 5241 1966 5295 hoc

394 5324 675 5378 conamine
705 5324 921 5381 delusus
955 5328 1078 5382 exin
1102 5326 1290 5384 bestiis
1317 5328 1385 5384 ad
1428 5330 1790 5385 devorandum
1833 5346 1963 5400 pro—

394 5420 683 5480 ponuntur,
714 5414 909 5483 quibus
962 5431 1116 5472 sacra
1159 5420 1402 5474 membra
1451 5418 1690 5475 lacerare
1715 5436 1821 5476 non
1868 5436 1966 5475 au-

1987 4376 2039 4434 D

2054 1805 2132 1843 xu
2168 1806 2297 1845 vero
2319 1805 2486 1846 annos
2532 1792 2647 1861 ipsa
2677 1793 2763 1848 die
2787 1793 3063 1850 Dominica
3094 1795 3351 1852 confectis
3375 1800 3644 1869 mysteriis

2052 1882 2291 1950 perrexit
2339 1883 2408 1938 ad
2463 1884 2749 1939 Dominum
2795 1885 2980 1941 Jesum
3046 1887 3341 1943 Christum.
3405 1890 3461 1943 In
3506 1889 3644 1959 Spo-

2054 1972 2229 2028 letana
2261 1974 2477 2030 civitate
2510 1977 2686 2030 natale
2724 1975 2971 2033 Pontiani
2998 1980 3275 2050 martyris,
3311 1980 3404 2049 qui
3446 1996 3639 2051 passu;

2054 2073 2134 2118 est
2185 2065 2523 2135 temporibus
2559 2066 2820 2121 Antonini
2851 2067 3212 2137 imperatoris,
3261 2071 3360 2123 sub
3399 2069 3642 2124 Fabiano

2048 2156 2258 2227 judice;
2287 2156 2379 2225 qui
2408 2171 2531 2210 cum
2563 2157 2729 2212 nollet
2766 2158 2923 2212 idolis
2967 2158 3298 2223 sacriﬁcare,
3329 2158 3494 2227 jussit
3521 2176 3643 2215 eum

2055 2248 2223 2318 virgis
2245 2247 2376 2303 caedi
2403 2248 2806 2315 crudelissime;
2839 2247 3031 2303 deinde
3061 2249 3217 2304 nudis
3234 2249 3462 2319 pedibus
3482 2264 3646 2319 super

2057 2343 2323 2396 carbones
2362 2342 2615 2397 ardentes
2644 2341 2942 2407 ambulare,
2965 2350 3152 2412 postea
3179 2342 3285 2396 duo
3324 2341 3506 2396 leones
3546 2342 3646 2395 im-

2058 2435 2208 2489 missi
2253 2443 2381 2489 sunt
2434 2442 2493 2488 ut
2523 2450 2645 2489 eum
2676 2434 3022 2500 devorarent,
3065 2434 3159 2488 sed
3189 2433 3243 2486 in
3288 2433 3433 2488 nullo
3483 2433 3642 2487 laesus

2058 2533 2144 2580 est
2169 2526 2236 2579 ab
2258 2525 2369 2579 eis:
2412 2524 2518 2579 hoc
2551 2524 2739 2579 videns
2759 2524 2925 2594 judex
2963 2523 3124 2592 jussit
3173 2522 3436 2592 liquefieri
3463 2522 3642 2592 plum-

2056 2616 2208 2682 bum,
2234 2625 2290 2671 et
2317 2615 2565 2687 perfundi
2595 2617 2650 2671 in
2671 2617 2887 2672 dorsum
2913 2615 3052 2686 ejus,
3088 2615 3182 2671 sed
3205 2630 3329 2670 cum
3362 2616 3465 2669 hoc
3504 2613 3643 2669 nihil

2059 2723 2181 2763 eum
2209 2708 2453 2774 laesisset,
2496 2708 2674 2778 capite
2713 2714 2993 2762 truncatus
3018 2713 3123 2761 est.

2129 2797 2288 2854 XV’lll
2318 2799 2453 2855 ΚΑι..
2516 2800 2575 2854 in
2617 2799 2903 2853 Palaestina
2945 2797 3211 2868 depositio
3256 2796 3472 2851 Abacuc
3517 2809 3645 2866 pro-

2060 2893 2257 2964 phetae,
2306 2892 2459 2962 cujus
2482 2891 2722 2961 reliquiae
2771 2889 2931 2946 simul
2971 2904 3097 2946 cum
3136 2887 3384 2958 reliquiis
3410 2886 3647 2942 Micbma

2060 2985 2356 3054 prophetae,
2393 2984 2728 3054 temporibus
2755 2983 2977 3038 Arcadii
3014 2991 3070 3037 et
3098 2981 3323 3038 Honorii
3373 2981 3645 3053 Augusto-

2059 3087 2199 3138 rum,
2243 3073 2469 3128 Domiuo
2506 3073 2799 3137 revelante,
2829 3073 3052 3143 proditae
3082 3080 3226 3127 sunt.

2128 3160 2266 3215 XVII
2306 3161 2442 3215 KAL.
2491 3160 2755 3216 Nativitas
2804 3162 2864 3217 S.
2917 3161 3149 3217 Marcelli
3187 3176 3361 3231 papas,
3406 3160 3519 3231 qui,
3551 3157 3647 3230 ju-

2057 3251 2218 3306 bente
2245 3249 2566 3305 Maximiano
2597 3250 2910 3324 [Maxentio]
2934 3252 3276 3320 imperatore,
3308 3252 3486 3322 primo
3527 3252 3644 3309 fus-

2058 3340 2203 3394 tibus
2235 3354 2429 3404 czesus,
2459 3348 2515 3394 et
2555 3356 2585 3393 a
2621 3339 2760 3394 facie
2806 3339 2924 3409 ejus
2950 3355 3108 3409 quem
3151 3342 3499 3411 corripiebat,
3541 3356 3643 3398 ex-

2057 3431 2244 3503 pulsus
2266 3440 2368 3487 est.
2400 3431 2604 3486 Deinde
2628 3431 2852 3485 audiens
2879 3431 3022 3500 quod
3051 3432 3269 3485 domum
3309 3433 3480 3486 beatae
3523 3432 3636 3487 Lu-

2059 3522 2217 3585 cinas,
2251 3536 2414 3591 quam
2453 3521 2843 3591 proscriptione
2892 3521 3265 3585 damnaverat,
3292 3535 3358 3576 eo
3393 3521 3535 3591 quod
3574 3523 3645 3579 de

2059 3611 2409 3668 facultatibus
2447 3611 2561 3667 suis
2609 3610 2933 3666 Christianis
2992 3609 3294 3674 donaverit,
3353 3610 3640 3667 ecclesiam

2059 3703 2264 3759 faceret
2295 3711 2457 3772 atque
2483 3702 2535 3755 in
2569 3715 2634 3755 ea
2665 3701 2860 3755 missas
2893 3699 3215 3763 celebraret,
3241 3699 3295 3754 in
3316 3699 3488 3755 media
3512 3699 3646 3756 civi-

2063 3800 2171 3847 tate
2202 3789 2368 3860 jussit
2392 3791 2446 3844 in
2487 3791 2675 3846 eadem
2709 3788 2938 3845 ecclesia
2961 3788 3180 3859 plaucas
3215 3790 3383 3844 sterni
3418 3789 3486 3845 ad
3518 3790 3635 3845 ani-

2060 3882 2219 3938 malia
2266 3880 2493 3936 catabuli
2521 3877 2765 3951 [stabuli]
2791 3878 3010 3947 publici,
3038 3886 3095 3934 et
3137 3879 3384 3937 eumdem
3431 3879 3645 3949 episeo-

2060 3988 2187 4042 pum
2214 3973 2281 4028 ad
2316 3971 2593 4028 servitium
2624 3969 2935 4025 animalium
2962 3969 3238 4040 deputavit
3283 3984 3404 4024 cum
3453 3980 3639 4024 custo-

2062 4065 2146 4118 dia
2178 4063 2410 4132 publica,
2447 4062 2538 4117 ubi
2571 4062 2735 4116 etiam
2770 4069 2891 4131 post
2921 4061 3122 4116 multos
3154 4074 3326 4115 annos
3352 4061 3636 4118 serviendo

2063 4155 2281 4210 indutus
2313 4154 2509 4209 amictu
2544 4153 2757 4209 cilicino
2807 4152 3097 4209 defunctus
3145 4161 3249 4217 est,
3291 4163 3347 4208 et
3388 4154 3638 4210 conditus

2062 4244 2396 4300 aromatibus
2424 4259 2456 4297 a
2507 4242 2714 4300 Joanne
2768 4245 3086 4315 presbytero
3130 4250 3187 4297 et
3212 4241 3274 4296 Β.
3307 4243 3530 4307 Lucina,
3555 4258 3646 4299 se-

2063 4337 2244 4405 pultus
2270 4344 2353 4390 est
2381 4335 2437 4390 in
2462 4335 2773 4390 cremeterio
2810 4333 3083 4388 Priscillae.
3120 4330 3339 4386 Arelate
3377 4332 3644 4401 depositio

2065 4427 2236 4482 sancti
2271 4425 2527 4481 Honorati
2557 4425 2792 4495 episcopi
2818 4433 2872 4478 et
2903 4421 3251 4485 confessoris,
3297 4418 3449 4488 cujus
3499 4421 3645 4476 inter

2063 4529 2255 4573 caetera
2293 4516 2549 4572 miracula
2593 4514 2764 4570 fertur
2790 4514 2933 4584 quod
2979 4513 3267 4566 draconem
3292 4512 3359 4566 de
3402 4511 3642 4568 llilarina

2062 4608 2237 4663 insula
2283 4606 2490 4663 orando
2545 4602 2831 4675 fugaverit,
2884 4610 2940 4657 et
2985 4601 3369 4656 monasterium
3409 4600 3483 4661 ibi
3514 4601 3641 4657 fun-

2062 4699 2288 4754 daverit.

2143 4789 2201 4844 In
2243 4804 2380 4859 pago
2422 4802 2553 4844 vero
2597 4786 2895 4851 Mandinse,
2946 4786 3000 4840 in
3027 4785 3235 4841 Perona
3288 4787 3640 4854 monasterio,

2066 4879 2328 4949 depositio
2358 4879 2528 4933 sancti
2562 4876 2751 4932 Fursei
2778 4875 3123 4942 confessoris,
3159 4876 3249 4947 qui
3293 4878 3347 4931 in
3383 4875 3640 4932 Hibernia

2066 4974 2224 5021 natus
2253 4974 2309 5020 et
2347 4966 2603 5030 nutritus,
2647 4963 2874 5033 patriam
2921 4974 3280 5034 parentesque
3310 4965 3636 5035 relinquens,

2066 5068 2235 5109 sacra:
2264 5052 2557 5123 Scriptura:
2585 5051 2779 5107 studiis
2809 5051 3013 5122 aliquot
3040 5053 3267 5109 vacabat
3288 5054 3473 5118 annis;
3501 5055 3642 5107 unde

2068 5148 2453 5203 monasterium
2503 5145 2557 5199 in
2587 5144 2819 5215 quodam
2862 5146 3161 5200 construxit
3187 5145 3304 5198 loco
3333 5160 3348 5209 ;
3394 5144 3486 5198 sed
3514 5145 3641 5197 dum

2063 5236 2293 5308 patriam
2314 5244 2671 5307 parentesque
2682 5234 2900 5291 visitare
2913 5236 3254 5306 properabat,
3272 5243 3331 5288 ut
3356 5234 3495 5288 inter
3522 5232 3643 5287 illos

2065 5328 2207 5382 sacri
2237 5326 2386 5381 verbi
2419 5325 2623 5381 semina
2651 5324 3022 5395 spiritualibus
3064 5323 3353 5378 seminaret
3390 5323 3639 5391 eloquiis,

2066 5418 2296 5489 quadam
2328 5417 2413 5472 die
2439 5415 2683 5486 corporis
2713 5414 3026 5487 aegrotantis
3055 5412 3298 5468 molestia
3325 5412 3639 5482 corripitur,

468 5554 494 5582 ι
524 5541 580 5597 id
597 5550 688 5621 est
716 5544 929 5599 visione.
961 5545 1051 5603 Sic
1077 5546 1133 5603 in
1158 5546 1413 5604 Passione
1471 5547 1748 5621 Perpetuae
1784 5559 1839 5604 et
1895 5548 2222 5607 Felicitatis:
2252 5567 2271 5601 ι
2298 5547 2618 5619 Priusquam
2677 5561 3055 5618 pugnaremus,
3078 5546 3231 5601 video
3282 5547 3337 5601 iu
3363 5546 3638 5615 boromate

400 5613 519 5667 hoc.
551 5631 570 5664 ι
596 5613 751 5667 Busa.
