2014 3098
208 120 273 148 “'27

525 122 555 149 B.
576 122 700 149 RABANI
720 121 828 149 MAERI
848 120 1004 148 AIICIIIliP.
1024 120 1176 148 RIOGL‘NT.
1199 121 1338 148 OI’ERL'AI
1358 122 1447 149 PARS
1466 122 1496 148 Il.

1759 125 1824 151 “28

205 186 237 205 ac
255 182 315 212 post
327 180 416 208 subito
428 179 567 206 iuexstasi
581 183 683 213 raptus,
702 178 788 213 jaouit
798 178 874 212 quasi
894 178 988 204 exani-
1001 179 1025 208 Α
1040 177 1238 210 ρηεᾶίοιιηάυη]
1266 181 1359 212 postea
1382 178 1507 212 gentibus
1528 179 1628 206 missus
1653 179 1824 206 Antiochiam

205 223 256 249 mis
273 230 288 249 a
309 223 460 257 vespertina
474 223 538 250 hora
559 230 645 257 usque
669 224 702 250 ad
717 222 778 257 galli
797 228 924 255 cantum;
941 223 988 250 sed

205 267 267 294 dum
279 268 312 295 ad
324 275 354 295 se
365 268 472 300 rediret,
487 269 595 302 agnovit
609 268 755 304 angelicam
771 275 831 296 esse
846 269 987 300 visionem,

204 317 231 338 et
245 306 349 347 sumpto
359 320 473 346 c0rpore
483 320 514 339 ac
528 313 658 347 sanguine
679 312 789 344 Christi,
810 313 894 348 jacuit
912 313 988 339 inﬁr-

205 365 264 384 mus
277 358 333 391 ipso
347 357 389 384 die
406 362 432 384 et
448 357 546 390 altera;
564 358 641 385 tertia
663 365 728 385 vero
746 363 824 384 nocte
844 357 940 384 iterum
955 358 990 384 ab

205 401 305 435 angelis
319 401 439 428 sublatus
453 401 588 428 mirabiles
603 402 669 428 vidit
683 402 810 433 visiones,
828 401 898 429 sicut
921 401 989 428 liber

204 445 363 480 Viuedpsius
379 451 499 473 testatur.
512 447 564 474 Sed
579 452 718 482 postquam
731 447 763 474 ad
779 455 807 475 se
821 448 907 479 rediit,
923 449 988 475 duo-

203 492 289 518 decim
310 500 395 519 annos
420 493 446 519 in
462 494 651 527 praedicatione
663 493 739 521 verbi
752 494 811 525 Dei,
825 498 852 521 et
872 494 989 520 miracu-

203 536 287 563 lorum
306 537 471 565 elarescebat
489 539 587 573 signis:
608 539 752 566 novissime
769 547 832 566 vero
851 539 885 566 in'
902 539 987 566 Gallia

202 583 373 610 monasteriis
393 585 565 615 constructis,
593 585 649 619 ipse
676 585 752 612 bouis
769 589 863 612 auctus
884 586 988 613 meritis

202 627 264 653 inde
282 628 405 662 migravit
420 629 452 655 ad
468 629 613 656 Christum.
630 630 733 665 Corpus
747 638 810 657 vero
823 631 881 666 ejus
891 633 925 659 ab
939 632 988 659 Er-

201 672 339 699 canwaldo
351 672 418 700 duce
429 678 456 700 et
467 675 571 700 caneris
589 674 711 702 fidelibus
726 675 752 701 in
774 675 876 703 Pcrona
893 684 986 703 mona-

199 716 282 743 sterio
294 716 319 743 in
327 717 438 744 ecclesia
455 717 483 745 S.
505 719 576 745 Petri
587 719 698 753 apostoli
710 724 736 746 et
750 724 908 747 cancrorum
920 728 984 755 apo-

200 762 329 788 stolorum
347 762 424 796 juxta
451 763 535 790 altare
560 764 707 792 honorifice
727 766 863 793 conditum
884 771 935 793 est.
956 767 983 793 In

200 808 363 833 tuonasterio
380 816 485 842 quoque
506 808 596 835 Fuldre
614 809 748 837 dedicatio
761 811 881 839 ecclesia:
897 814 982 840 sancti

199 852 335 879 Michaelis
351 854 377 880 in
391 855 546 881 emmeterio
558 855 679 882 fratrum.

238 898 294 925 XVI
320 899 385 926 KH...
401 900 429 926 In
445 900 559 935 Aigypto
575 901 709 928 Thebaida
730 904 860 937 depositio
874 904 982 931 Antonii

199 944 334 975 monachi,
357 944 433 978 cujus
457 946 511 971 vita
535 946 679 972 virtutibus
703 947 780 981 plena
809 953 836 975 et
855 949 983 976 miracula

200 998 260 1023 qum
275 989 351 1021 fecit,
374 991 482 1024 scriptis
499 996 525 1019 et
549 991 619 1019 fama
634 1001 702 1027 pene
725 994 752 1021 in
766 996 891 1024 universo
919 998 983 1025 orbe

199 1034 390 1067 prmlicantur.
409 1035 480 1062 Obiit
505 1041 595 1063 autent
620 1037 646 1064 in
661 1045 728 1072 pace
751 1039 799 1065 sub
822 1040 982 1075 imperatore

198 1078 374 1106 Constantino
389 1100 396 1111 ,
423 1087 492 1106 anno
513 1081 601 1108 tutatis
622 1090 678 1109 suae
703 1084 850 1112 centesimo
877 1086 981 1120 quinto,

197 1129 224 1150 et
238 1124 358 1158 sepultus
378 1124 404 1151 iu
422 1133 513 1152 eremo
531 1134 546 1153 a
570 1127 713 1162 discipulis
736 1130 802 1161 suis,
830 1131 899 1157 sicut
924 1132 981 1166 ipse

199 1169 289 1195 vivens
304 1175 478 1204 prateeperat,
489 1171 638 1200 occultatus
649 1177 691 1201 est
704 1182 710 1200 :
723 1179 783 1208 post
793 1176 876 1202 mttlta
891 1182 980 1204 autem

197 1222 328 1240 annorum
352 1214 496 1247 curricula,
513 1216 564 1243 hoc
587 1221 629 1244 est
650 1217 794 1246 Iustiniani
810 1220 982 1255 imperatoris

198 1259 373 1294 temporibus,
389 1260 434 1294 qui
461 1261 510 1288 fuit
526 1261 624 1290 Justini
647 1271 680 1291 ex
696 1271 789 1291 sorore
802 1273 894 1300 nepos,
918 1274 979 1293 cor-

197 1313 245 1339 pus
270 1305 331 1339 ejus
352 1306 439 1333 divina
455 1308 618 1336 revelatione
641 1315 777 1345 repertum
792 1311 979 1340 Alexandriam

196 1349 375 1384 deflammet
402 1354 428 1378 iu
458 1353 568 1381 ecclesia
594 1354 721 1394 Baptista:
740 1356 851 1385 Joannis
882 1359 979 1388 huma-

196 1403 247 1425 tur.
280 1399 405 1427 Bituricis
429 1401 562 1435 depositio
591 1405 620 1430 S.
650 1405 757 1440 Sulpitii
779 1427 785 1439 ,
810 1407 927 1442 episcopi
953 1414 980 1436 et

197 1444 368 1471 confessoris.
389 1446 465 1479 Apud
487 1447 619 1482 Lingonas
643 1454 731 1477 autem
751 1453 876 1479 nativitas
894 1454 980 1487 gemi-

196 1497 289 1515 norum
314 1491 465 1525 Speusippi,
493 1491 610 1527 Elasippi
637 1494 811 1530 etlllelasippi
831 1497 978 1533 [Eleusippi

196 1540 220 1560 ιιι
241 1535 418 1570 Μοιιειιείιψί],
439 1537 483 1569 qui
503 1545 564 1564 cum
581 1544 670 1566 essent
682 1540 774 1575 viginti
799 1542 917 1577 quinque
931 1551 979 1571 an-

197 1588 302 1609 norum,
315 1589 375 1607 cum
395 1582 454 1608 avia
478 1590 525 1609 sua
544 1583 661 1612 Leonilla
675 1590 701 1612 et
714 1585 820 1619 Janilla,
844 1593 871 1616 et
888 1589 978 1618 Neone

197 1626 326 1658 martyrio
341 1628 461 1654 coronati
478 1633 549 1659 sunt,
568 1633 688 1665 tetupore
709 1632 846 1660 Aureliani
863 1635 980 1669 impera-

196 1671 270 1696 toris.
288 1670 391 1697 (leniini
409 1673 516 1706 quidem
533 1674 559 1700 in
577 1683 628 1703 una
644 1677 740 1704 arbore
754 1680 877 1713 suspensi
889 1680 978 1715 ligatis

196 1716 317 1742 munitus
330 1725 447 1749 sursum,
463 1719 573 1752 pedibus
588 1728 652 1748 vero
664 1722 798 1755 deorsum,
815 1724 852 1751 ita
864 1726 976 1758 extenti,

194 1765 223 1787 ut
240 1765 399 1795 putarentur
423 1771 492 1797 pene
519 1765 553 1791 ab
573 1765 628 1800 ipsa
646 1768 827 1795 membrorum
850 1778 979 1806 compage

194 1806 323 1839 separari,
350 1811 377 1833 et
396 1813 457 1841 post
485 1809 542 1836 haec
568 1810 595 1836 iu
622 1811 710 1845 ignem
734 1813 904 1847 praecipitati,
928 1823 978 1842 nec

194 1856 284 1879 tamen
299 1852 415 1881 ﬂammis
433 1855 500 1888 laesi,
529 1856 599 1883 inter
614 1858 695 1884 verba
721 1859 873 1886 orationum
899 1860 978 1888 simul

194 1898 345 1932 migrabant
365 1900 398 1926 ad
418 1900 569 1928 Durninum.
587 1901 692 1934 J.milla,
710 1904 768 1931 hmo
785 1905 891 1937 videns,
914 1913 979 1932 cou-

194 1941 263 1969 fcssa
275 1948 317 1970 est
331 1951 360 1970 se
371 1945 452 1971 etiam
465 1945 658 1979 Christianam,
670 1952 698 1974 et
712 1956 773 1975 mox
786 1951 978 1984 comprehensa

194 1996 208 2014 a
224 1988 318 2019 turbis,
334 1996 349 2015 a
361 1989 466 2023 capillis
479 1998 620 2025 suspensa,
644 2001 677 2020 ac
693 1994 785 2021 multis
808 1994 906 2022 aﬂlicta
917 2003 979 2030 sup-

195 2033 294 2067 pliciis,
305 2041 366 2060 cum
380 2034 516 2061 Christum
530 2044 627 2070 negare
639 2038 845 2071 noluisset,cum
860 2039 978 2067 Leouilla

194 2077 274 2104 simul
295 2082 338 2105 est
351 2078 439 2113 gladio
457 2085 604 2115 perempta.
621 2081 693 2109 Neon
706 2091 770 2110 vero
794 2090 922 2120 exceptor
935 2093 981 2120 ge-

194 2128 309 2154 storum,
334 2128 361 2150 et
376 2124 433 2158 ipse
447 2124 547 2152 Christi
568 2134 665 2154 nomen
691 2128 828 2157 confessus
849 2131 979 2166 martyrio

196 2173 341 2195 coronatus
360 2173 410 2196 est.
427 2170 524 2197 Docuit
538 2175 628 2199 autem
653 2177 681 2200 et
700 2173 844 2208 baptizavit
857 2176 978 2211 geminos

196 2213 244 2240 hos
258 2213 392 2248 Benignus
404 2215 554 2251 presbyter,
567 2225 645 2252 quem
664 2219 737 2246 misit.
749 2220 784 2247 ab
794 2219 903 2248 Oriente
915 2221 979 2249 bea—

194 2262 238 2286 tus
258 2259 432 2295 Polyearpus,
456 2261 567 2289 Joannis
588 2264 702 2298 apostoli
717 2265 840 2297 auditor,
864 2265 891 2292 in
916 2265 979 2293 Gal-

194 2303 268 2336 liam,
284 2313 344 2332 eum
358 2305 516 2334 Mandochio
529 2310 760 2345 comprcsbytero,
781 2311 807 2337 in
821 2311 907 2348 Tyrso
920 2312 978 2339 dia-

195 2356 273 2376 cono.
289 2349 390 2384 Sepulti
407 2357 566 2380 suntautetu
592 2354 670 2381 iidem
698 2356 797 2390 gemini
820 2356 847 2384 in
861 2358 980 2386 secundo

196 2394 322 2421 milliario
335 2396 368 2422 ab
380 2397 445 2424 urbe
463 2397 608 2433 Lingonas.

231 2439 276 2466 XV
292 2440 359 2467 ΚΑΙ..
379 2441 551 2470 Dedicatiob‘.
561 2444 762 2480 I’etriapostoli,
775 2447 916 2481 quiprimo
924 2447 973 2476 Βο-

195 2496 245 2514 mm
257 2488 335 2515 sedit.
352 2488 419 2514 Cum
430 2494 519 2516 autem
532 2490 601 2517 idem
616 2493 741 2527 princeps
753 2494 934 2527 apostolorum
952 2495 980 2523 in

196 2533 389 2569 Hierosolymis
402 2534 466 2561 etin
479 2535 610 2569 Caesarea,
625 2541 707 2572 atque
722 2538 748 2564 in
764 2540 869 2566 czeteris
883 2541 979 2567 civita-

195 2579 266 2606 tibus
272 2577 436 2611 Iuda-orum,
445 2579 616 2614 Evangelium
626 2582 741 2615 primum
749 2584 930 2617 prmdicasset,
947 2585 980 2612 ad

230 2641 242 2655 ιι
256 2635 371 2669 Agnetis.
384 2636 448 2662 Eam
465 2636 586 2670 prostitui
599 2637 682 2665 voluit
698 2638 748 2665 sub
761 2639 857 2667 theatri
876 2639 979 2668 fornice

194 2670 347 2710 pnrfectu‘sh,
363 2671 508 2710 secundum
522 2679 622 2710 morem
633 2680 639 2704 ;
652 2674 833 2710 acclamabanl
850 2676 920 2702 enim
932 2684 980 2710 pa-

204 2705 254 2743 gani
271 2715 301 2743 :__I
317 2701 462 2743 Christiani
476 2706 511 2743 ad
525 2701 758 2743 leonespvirgines
772 2709 805 2736 ad
821 2701 975 2738 lenonesrlﬂi

208 2740 254 2776 Jco
273 2740 601 2776 I‘ertullianusobjiciebat
612 2743 663 2770 illis
677 2740 707 2769 ι’(
726 2745 759 2771 ad
770 2744 890 2772 lenonem
903 2747 978 2772 dam-

197 2775 252 2812 n.u_i
268 2775 458 2812 Christianam,
485 2775 574 2810 potius
591 2786 670 2812 quam
684 2778 716 2804 ad
737 2779 852 2812 leonem,
866 2781 979 2808 confessi

199 2810 262 2836 estis
274 2810 361 2838 labem
374 2811 508 2842 pudicitiae
518 2813 587 2840 anud
600 2810 649 2841 bos
661 2815 792 2842 acriorem
804 2810 876 2843 omini
891 2823 978 2848 omna,

1039 222 1122 254 venit,
1133 222 1223 257 ibique
1231 221 1381 249 Ecclesiam
1388 221 1488 249 Christi
1501 222 1609 249 fundavi
1616 227 1635 248 ι.
1650 222 1824 256 ludequoque

1038 276 1154 303 pergens
1178 268 1292 295 Romam
1322 268 1411 301 venit,
1437 269 1556 295 secundo
1578 268 1681 295 Claudii
1710 269 1824 295 Caesaris

1039 321 1120 345 anno,
1142 313 1233 348 ibique
1250 312 1423 347 Evangelium
1445 312 1640 339 instantissime
1663 313 1822 346 pradicans,

1038 358 1133 393 viginti
1154 363 1181 384 et
1207 359 1327 392 quinque
1349 357 1428 384 annis
1443 357 1564 391 ejusdem
1581 357 1657 384 urbis
1681 357 1822 391 episcopus

1038 404 1230 438 perseveravit.
1247 403 1348 430 Eodem
1360 403 1405 435 die
1430 402 1520 429 natale
1530 402 1559 429 S.
1572 402 1672 429 Prisca:
1685 402 1820 436 martyris.

1073 448 1132 476 XlV
1158 448 1224 475 KAL.
1241 447 1424 482 Hierosolyma
1446 446 1534 474 natale
1558 446 1669 473 Martha:
1683 451 1710 473 et
1723 446 1818 477 Mariae,

1038 501 1162 522 sororum
1175 494 1281 521 Lazari.

1074 540 1128 567 XIII
1143 540 1209 567 KAL.
1238 539 1328 566 Romm
1347 538 1458 565 Fabiani
1482 537 1611 572 episcopi,
1632 537 1754 571 quicum
1769 543 1820 562 xxv

1038 585 1118 613 anuis
1126 584 1252 612 Eeclcsim
1266 587 1404 617 pra-esset,
1418 590 1513 617 passus
1527 586 1569 608 est
1579 581 1738 616 martyrium
1754 586 1820 607 tem-

1037 639 1102 666 pore
1115 630 1198 662 Decii,
1222 634 1249 656 et
1263 630 1290 656 in
1309 629 1465 656 cmmeterio
1479 627 1584 655 Callisti
1611 627 1741 661 sepultus.
1771 626 1819 652 llic

1037 675 1162 710 regiones
1175 674 1269 701 div'sit
1285 673 1454 704 diaconibus,
1474 678 1503 699 et
1522 672 1585 699 fecit
1602 676 1631 698 ut
1643 675 1746 705 septem
1762 670 1819 697 dia-

1037 727 1117 747 cones
1140 723 1241 754 septem
1261 718 1373 745 notariis
1386 717 1567 749 imminerent,
1590 720 1619 742 ut
1638 720 1713 751 gesta
1745 722 1817 741 mar-

1037 769 1125 800 tyrum
1150 764 1178 790 in
1201 764 1333 798 integrant
1349 763 1515 797 colligerent,
1536 766 1563 788 ct
1581 761 1679 788 multas
1701 760 1817 787 fabricas

1035 816 1084 843 per
1098 808 1253 836 cmmeteria
1268 808 1325 834 ﬁeri
1344 808 1481 842 pnecepit.
1501 807 1601 833 Eodem
1625 807 1668 833 die
1691 806 1817 832 nativitas

1035 856 1120 883 sancti
1135 855 1285 882 Sebastiani
1300 855 1333 881 de
1348 854 1507 886 Mediolano,
1523 854 1567 888 qui
1583 854 1609 880 in
1626 859 1730 880 tantum
1752 853 1816 879 cha-

1034 909 1082 929 rus
1094 905 1152 928 erat
1178 901 1387 935 imperaton‘hus
1403 899 1569 926 Diocletiano
1586 904 1613 926 et
1643 899 1814 930 Maximiano,

1033 950 1062 972 ut
1077 945 1256 980 principatum
1279 944 1303 971 ei
1319 944 1412 979 prima;
1427 943 1546 970 cohortis
1571 943 1719 974 traderent,
1737 950 1814 976 quem

1034 990 1225 1021 Diocletianus,
1250 990 1294 1016 ubi
1311 990 1493 1017 Christianum
1519 989 1643 1024 cognovit
1665 996 1715 1015 nec
1739 988 1815 1015 atide

1033 1043 1112 1070 posse
1125 1036 1258 1067 revocari,
1273 1034 1357 1068 jussit
1379 1035 1455 1070 ligari
1475 1035 1502 1062 in
1518 1035 1606 1062 medio
1632 1042 1728 1069 campo
1740 1034 1813 1068 quasi

1033 1082 1138 1116 signum
1167 1081 1200 1107 ad
1215 1080 1357 1115 sagittam,
1380 1086 1407 1107 et
1433 1081 1554 1115 saginari
1568 1080 1744 1107 amilitibus:
1769 1079 1811 1113 qui

1032 1135 1104 1157 cum,
1133 1125 1238 1161 sagittis
1252 1126 1345 1160 plenus
1358 1146 1364 1158 ,
1381 1126 1457 1161 quasi
1480 1125 1578 1152 ericius
1601 1129 1696 1157 staret,
1715 1129 1812 1160 putan-

1033 1177 1072 1199 tes
1097 1179 1159 1198 eum
1171 1175 1316 1204 mortuum,
1338 1171 1471 1198 abierunt.
1496 1171 1580 1198 Nocte
1596 1175 1685 1197 autem
1705 1171 1812 1197 veniens

1032 1216 1155 1250 quaedam
1181 1215 1297 1247 mulier,
1325 1216 1433 1243 nomine
1454 1216 1568 1249 Herene,
1596 1215 1689 1243 tollere
1706 1223 1809 1250 corpus,

1033 1261 1135 1289 invenit
1151 1268 1213 1288 cum
1227 1261 1371 1293 viventem,
1387 1265 1414 1288 et
1425 1261 1536 1288 adduxit
1550 1262 1577 1287 in
1596 1261 1704 1288 domum
1728 1268 1811 1292 suam,

1032 1315 1060 1334 et
1070 1315 1164 1334 curam
1179 1305 1237 1340 ejus
1250 1307 1304 1342 egit
1319 1316 1324 1332 :
1342 1307 1387 1341 qui
1399 1307 1443 1333 ubi
1454 1307 1599 1337 convaluit,
1610 1307 1708 1333 multos
1721 1307 1746 1333 in
1763 1307 1812 1333 title

1031 1351 1203 1380 confortavit.
1214 1350 1270 1378 Nec
1285 1360 1359 1382 mora
1375 1351 1439 1390 ipsis
1454 1351 1660 1390 imperatoribus
1673 1359 1811 1391 apparens,

1032 1401 1091 1434 hos,
1106 1407 1186 1436 prout
1198 1401 1270 1437 digni
1286 1406 1373 1432 erant,
1404 1401 1554 1436 corripuit;
1578 1407 1641 1428 tunc
1655 1401 1734 1435 jussit
1752 1409 1809 1428 cum

1031 1448 1214 1476 Diocletianus
1229 1448 1256 1474 in
1271 1447 1446 1482 hippodromo
1460 1448 1552 1481 palatii
1563 1448 1632 1478 duci,
1659 1454 1685 1474 et
1698 1448 1809 1482 fatigari,

1032 1496 1116 1523 donec
1131 1494 1273 1527 deficeret;
1289 1502 1369 1529 quem
1384 1499 1519 1521 tuortuutn
1542 1494 1568 1520 in
1591 1494 1709 1521 cloacam
1728 1494 1810 1521 maxi-

1032 1549 1103 1569 mam
1118 1542 1265 1573 miserunt;
1287 1541 1332 1567 sed
1346 1540 1390 1567 ille
1411 1540 1534 1575 apparuit
1554 1540 1579 1566 in
1603 1542 1704 1567 somnis
1717 1545 1811 1567 saneta‘

1032 1591 1162 1613 matrou:e
1175 1586 1291 1617 Lucinar,
1312 1585 1426 1612 dicens:
1447 1594 1455 1609 ι
1470 1584 1549 1611 Juxta
1570 1585 1672 1612 circum
1697 1585 1812 1611 ἱιινειειῑυδ

1031 1639 1129 1666 corpus
1145 1639 1234 1658 meum
1249 1631 1367 1665 pendens
1379 1631 1406 1657 in
1422 1637 1500 1657 unco.
1520 1630 1576 1657 Hoc
1598 1630 1691 1656 sordes
1705 1638 1755 1656 non
1771 1634 1810 1655 te-

1032 1677 1159 1711 tigerunt,
1183 1681 1210 1703 et
1224 1677 1286 1703 dum
1310 1676 1452 1707 leva-veris,
1477 1676 1607 1710 perduccs
1621 1674 1654 1701 ad
1669 1675 1690 1701 C
1709 1679 1807 1701 mrum-

1031 1723 1092 1755 bas,
1107 1727 1134 1750 et
1148 1722 1261 1757 sepelies
1276 1728 1317 1749 me
1332 1723 1358 1749 in
1374 1726 1466 1757 crypta
1484 1722 1562 1756 ju‘xta
1576 1721 1687 1757 vestigia
1706 1728 1810 1754 εινίιμιυ-

1031 1769 1135 1801 lorum;
1152 1778 1160 1793 ι
1173 1768 1244 1802 (ιησᾶ
1264 1768 1320 1802 ipsa
1345 1771 1423 1794 noctu
1443 1767 1554 1793 veniens
1574 1770 1660 1793 totum
1686 1767 1722 1793 ita
1739 1774 1811 1793 com—

1031 1814 1124 1848 plevit.
1152 1813 1190 1839 Eo
1200 1814 1252 1839 lem
1283 1812 1326 1839 die
1353 1813 1479 1839 uativitas
1505 1815 1658 1838 sanctorum
1685 1810 1760 1837 Marii
1787 1816 1811 1837 et

1031 1859 1151 1890 Marthze,
1165 1865 1226 1885 cum
1247 1857 1308 1885 ﬁliis
1323 1858 1379 1884 suis
1392 1857 1506 1884 Audifax
1529 1862 1556 1884 et
1569 1857 1717 1884 Ambacum
1737 1857 1812 1892 [Aba-

1031 1903 1131 1939 chum].
1145 1902 1275 1931 nobilium
1285 1903 1318 1930 de
1330 1902 1447 1934 Perside,
1464 1903 1509 1938 qui
1524 1903 1559 1929 ad
1575 1903 1757 1930 adorationcm
1773 1912 1813 1930 ve-

1032 1955 1127 1977 nerant
1143 1950 1265 1980 Romam,
1279 1953 1400 1983 tempore
1410 1949 1515 1976 Claudii
1526 1950 1666 1985 principis,
1690 1958 1705 1977 c
1718 1951 1812 1985 quibus

1031 1998 1091 2029 post
1109 1994 1236 2021 toleratos
1251 1994 1345 2025 fustes,
1360 1994 1513 2028 equuleum,
1529 1995 1613 2030 ignes,
1628 2003 1740 2030 ungues,
1759 2003 1813 2021 ma-

1031 2047 1113 2066 nuum
1127 2039 1293 2074 pensionem,
1313 2039 1416 2066 Martb‘a
1431 2040 1458 2067 in
1475 2040 1592 2075 nympha
1607 2045 1711 2073 necata,
1726 2041 1812 2068 cancri

1030 2092 1096 2112 vero
1115 2084 1240 2112 decollati
1254 2089 1325 2111 sunt.

1066 2128 1111 2156 XII
1139 2128 1206 2156 ΚΜ..
1233 2129 1325 2157 Romae
1353 2131 1480 2158 nativitas
1497 2136 1598 2159 sancta:
1624 2133 1704 2167 Agna:
1718 2139 1813 2168 nqua-

1031 2177 1081 2203 sub
1091 2176 1218 2211 praefecto
1230 2176 1309 2204 Urbis
1324 2176 1503 2212 Symphronio
1516 2177 1625 2213 ignibus
1640 2178 1747 2212 injecta,
1769 2179 1814 2205 sed

1032 2221 1074 2248 his
1093 2229 1142 2256 per
1155 2222 1305 2248 orationem
1326 2222 1383 2256 ejus
1403 2222 1563 2255 exstinctis,
1580 2222 1667 2257 gladio
1690 2230 1815 2258 percussi

1032 2270 1083 2293 est.
1113 2266 1147 2293 Et
1164 2266 1190 2293 in
1220 2266 1345 2301 Hispanis
1380 2267 1491 2294 civitate
1521 2267 1660 2295 Taracoua
1691 2269 1816 2294 nativitas

1032 2311 1117 2338 sancti
1131 2310 1282 2343 Fructuosi,
1300 2312 1418 2346 episcopi
1438 2317 1465 2338 et
1485 2312 1621 2347 martyris,
1644 2312 1690 2347 qui
1709 2313 1818 2347 scripsit

1032 2355 1161 2391 Regulam
1175 2356 1378 2383 monachorum.
1395 2356 1487 2384 Passio
1509 2358 1595 2385 sancti
1610 2357 1726 2386 Patroc'i
1743 2368 1816 2386 mar~

1039 2402 1109 2436 tyris.

1068 2447 1102 2474 ΧΙ
1134 2447 1200 2475 ΚΜ..
1223 2448 1252 2475 1η
1282 2449 1415 2483 Hispaniis
1440 2449 1547 2477 civitate
1573 2450 1704 2482 Valentia,
1728 2452 1817 2485 passio

1033 2493 1061 2520 S.
1083 2492 1179 2520 Valerii
1191 2494 1321 2528 episcopi,
1336 2499 1364 2521 et
1375 2495 1507 2521 Vincentii
1519 2496 1622 2522 diaconi
1635 2502 1662 2522 et
1678 2498 1815 2532 martyris,

1032 2539 1077 2573 qui
1092 2538 1163 2574 passi
1175 2545 1238 2566 sunt
1251 2540 1300 2567 sub
1311 2539 1428 2567 Daciano
1439 2541 1560 2575 prmside.
1579 2541 1734 2570 Vincentius
1747 2545 1817 2571 enim

1033 2584 1095 2611 dum
1109 2583 1209 2611 Christi
1232 2593 1329 2612 nomen
1345 2585 1450 2620 publice
1472 2587 1654 2622 proﬁteretur,
1672 2597 1686 2615 a
1699 2589 1817 2617 Daciano

1033 2641 1143 2680 etonmi
1155 2646 1240 2680 morte
1254 2643 1381 2676 reputari.
1401 2653 1410 2668 ι
1426 2642 1546 2671 Celebris
1563 2644 1606 2671 illa
1623 2645 1671 2672 fuit
1685 2646 1761 2680 virgo
1779 2647 1818 2673 ui-

1033 2676 1186 2713 hilominus.
1199 2676 1390 2713 Quotempore
1404 2680 1559 2713 martyrium
1571 2680 1605 2706 sit
1621 2688 1708 2713 passu,
1726 2676 1817 2708 hacte-

1033 2719 1084 2738 nus
1109 2711 1441 2750 iguotmtt,_Virginitatem
1467 2711 1524 2748 ejus
1548 2711 1634 2750 angeli
1660 2724 1711 2750 ope
1730 2716 1815 2742 illiba-

1034 2751 1089 2784 tam
1116 2746 1197 2773 fuisse
1214 2746 1321 2784 dicitur
1336 2756 1342 2773 :
1358 2757 1370 2784 Δι
1388 2746 1510 2784 Ingressa
1532 2746 1621 2784 Agrfcs
1648 2746 1818 2784 turpitudinis

1033 2781 1267 2818 locunipaugelum
1289 2782 1392 2809 Domini
1411 2781 1588 2818 [ἰνίυρὶιι-αιιῆιι
1609 2781 1720 2811 invenit.
1738 2796 1745 2811 ι
1764 2786 1816 2812 Sub

1034 2816 1199 2844 Diocletiano
1213 2822 1367 2844 coronatam
1380 2816 1486 2852 coniicit
1502 2819 1641 2848 Barcinus.
1655 2820 1732 2847 lltsx.
