4028 6196
375 395 510 450 “’29

1678 382 1867 440 MART
1879 382 2296 441 YROLOGIUM.

3473 385 3605 438 “30

365 511 546 580 jussus
572 513 654 560 est
701 503 756 556 in
797 500 1080 572 equuleum
1133 497 1368 560 extendi,
1418 498 1596 566 ibique
1640 496 1940 551 diutissime
1967 497 2018 556 Α
2114 495 2225 550 Vlll
2263 496 2394 550 KAL.
2425 495 2606 550 Roma:
2632 497 2912 552 translatio
2951 495 3100 550 Pauli
3128 497 3375 567 apostoli,
3407 508 3462 553 et
3479 515 3606 556 con-

367 595 607 667 torqueri
633 611 645 647 :
675 592 799 646 hinc
824 591 890 645 ad
919 587 1214 660 patibulum
1241 595 1448 656 raptus,
1480 586 1588 640 imo
1617 601 1682 640 ex
1709 583 1938 654 equuleo

365 684 642 756 depositus
663 689 898 736 tortores
929 693 1054 734 suos
1093 678 1206 747 ipse
1248 691 1585 748 praecurrens
1621 688 1801 729 moras
1820 689 1940 728 car-

367 776 542 832 nificis
600 773 818 843 arguit:
863 774 1142 840 torquetur
1185 769 1258 823 ibi
1305 775 1526 834 sanctus
1580 766 1673 820 Dei
1715 775 1937 847 martyr,

371 868 630 931 tundiL-r,
653 862 976 933 ﬂagellatur,
1005 859 1268 923 exuritur,
1311 865 1366 912 et
1397 854 1653 911 distentis
1680 855 1942 911 membris

366 955 560 1011 crescit
601 954 666 1008 ad
717 965 954 1022 ptenam.
999 949 1383 1018 lmprimuntur
1436 947 1686 1002 ardentes
1735 946 1941 1016 pectori

366 1046 598 1109 laminae,
651 1050 708 1098 et
763 1040 1050 1112 liquefacto
1103 1039 1241 1092 inter
1281 1038 1427 1107 ipsas
1467 1036 1760 1091 candentes
1809 1033 1939 1090 ferri

366 1135 513 1190 acies
568 1135 773 1204 liquore
808 1139 1081 1201 guttarum
1127 1128 1361 1184 stridens
1410 1127 1622 1182 flamma
1664 1127 1940 1198 respergi-

369 1235 478 1292 tur,
505 1225 730 1278 vulnera
755 1219 1068 1276 vulneribus
1097 1218 1499 1288 imprimuntur,
1534 1223 1801 1270 tormenta
1830 1225 1942 1270 tor-

367 1315 566 1369 mentis
603 1310 917 1373 desaeviunt,
947 1309 1084 1363 sales
1118 1307 1331 1378 ignibus
1356 1305 1528 1377 sparsi
1559 1305 1943 1376 crepitantibus

368 1406 592 1460 minutis
619 1403 803 1477 [Forte
824 1398 1151 1472 minutatim]
1177 1403 1276 1468 per
1307 1397 1545 1452 membra
1571 1397 1861 1461 dissiliunt,
1887 1403 1944 1450 et

366 1502 474 1571 iam
490 1515 594 1555 non
611 1499 686 1553 ad
702 1505 873 1561 artus,
889 1495 981 1550 sed
997 1495 1065 1548 ad
1084 1494 1198 1563 ipsa
1225 1493 1430 1547 viscera
1445 1489 1823 1561 suppliciorum
1841 1488 1941 1544 tela

366 1589 669 1661 iaciuntur.
701 1583 830 1640 Post
850 1585 964 1639 haec
993 1583 1047 1636 in
1074 1581 1250 1636 locum
1275 1579 1716 1635 obscurissimum
1741 1593 1805 1632 ac
1830 1576 1940 1630 fra-

368 1679 604 1750 gmentis
638 1674 957 1730 testularum
981 1684 1271 1740 expersum
1301 1667 1556 1732 truditur,
1585 1667 1681 1722 sed
1703 1666 1775 1720 ibi
1806 1665 1939 1722 lucis

368 1773 680 1828 amoenitate
705 1779 759 1825 et
787 1767 983 1838 quietis
1007 1781 1100 1836 per
1120 1763 1419 1834 angelicum
1449 1760 1810 1816 ministerium
1841 1775 1910 1830 po

2044 587 2220 642 versio
2243 587 2296 641 in
2327 587 2608 641 Damasco.
2652 585 2912 640 Nativitas
2945 587 3115 640 sancti
3157 585 3401 657 Gregorii
3425 588 3605 646 .Theo—

2043 676 2169 746 logi,
2193 685 2247 730 et
2277 676 2532 731 nativitas
2557 675 2786 743 Projecti
2818 677 3088 746 martyris.

2113 768 2202 824 Vll
2252 767 2384 824 ΚΑι.
2409 768 2592 823 Sancti
2622 767 2924 838 Polycarpi,
2952 770 3189 840 episcOpi
3217 769 3481 842 Smyrna,
3511 773 3606 842 qui

2041 859 2143 914 sub
2174 858 2354 913 Marco
2392 857 2679 920 Antonino,
2729 866 2785 912 et
2814 856 2978 912 Lucio
3020 858 3236 913 Aurelio
3291 859 3615 924 Commodo,

2041 948 2262 1008 sedente
2317 946 2562 1018 Smyrnae
2615 947 2953 1024 proconsule,
3005 947 3323 1016 conjurante
3371 951 3425 1004 in
3483 966 3604 1008 eum

2040 1035 2186 1090 omni
2225 1035 2442 1106 populo,
2472 1035 2581 1107 igni
2628 1035 2856 1090 traditus
2884 1043 2984 1090 est.
3022 1035 3334 1091 Bethlehem
3365 1038 3605 1102 civitate,

2042 1134 2243 1182 sancta:
2285 1125 2483 1190 Paulae,
2517 1125 2671 1196 cujus
2708 1125 3106 1194 precationibus
3132 1141 3374 1181 annuens
3417 1127 3606 1184 beatus

2042 1217 2402 1288 Hieronymus
2421 1215 2575 1285 plura
2605 1214 2838 1270 confecit
2863 1214 3138 1284 opuscula.
3394 1258 3402 1268 .

2113 1307 2180 1363 Vl
2235 1304 2368 1361 ΚΜ..
2413 1304 2471 1358 In
2507 1302 2689 1358 Africa
2717 1304 2970 1358 nativitas
2999 1316 3024 1343 α
3055 1303 3196 1369 Dati,
3244 1302 3443 1360 Juliani
3470 1307 3603 1361 Vin-

2042 1396 2253 1459 centizn,
2284 1403 2339 1448 et
2391 1393 2617 1448 aliorum
2672 1392 2886 1464 triginta
2935 1393 3161 1448 duorum
3207 1393 3435 1466 [viginti
3484 1413 3604 1466 sep-

2043 1486 2196 1558 tem],
2227 1493 2282 1541 et
2320 1484 2574 1540 nativitas
2618 1483 2791 1538 sancti
2835 1482 3067 1554 Sulpitii,
3114 1483 3347 1556 episcopi
3375 1497 3431 1543 et
3477 1503 3605 1543 con-

2043 1577 2280 1634 fessoris.

2113 1670 2157 1725 V
2227 1668 2362 1723 ΚΑι.
2417 1667 2602 1723 Romae
2652 1676 2853 1722 sancta:
2907 1667 3130 1739 Agnetis
3169 1669 3390 1741 virginis
3437 1673 3604 1744 gemi-

2043 1776 2170 1814 num
2199 1757 2501 1832 [secundo],
2539 1759 2641 1814 hoc
2659 1767 2762 1823 est,
2783 1759 2850 1814 de
2880 1759 3174 1814 nativitate.
3193 1759 3336 1815 Obiit
3359 1762 3600 1818 Carolus.

371 1865 500 1918 titus
531 1871 614 1917 est
642 1879 656 1914 :
690 1859 816 1914 inde
856 1869 1090 1927 quoque,
1125 1853 1351 1922 jubente
1388 1849 1636 1922 praeside,
1663 1849 1716 1904 in
1743 1848 1939 1904 lectulo
1974 1871 2016 1928 Β
2112 1851 2178 1905 lV
2218 1851 2352 1906 ΚΑΙ..
2384 1850 2567 1905 Remze
2600 1850 2853 1906 nativitas
2884 1851 3060 1920 Papiae
3087 1861 3143 1906 et
3169 1851 3336 1906 Mauri
3374 1853 3603 1908 militum

367 1960 695 2022 aSportatus,
727 1948 794 2002 ad
841 1945 1128 2001 Dominum
1157 1957 1278 1998 cum
1316 1941 1493 2011 palma
1542 1939 1788 2010 martyrii
1841 1939 1941 1992 mi-

369 2043 566 2114 gravit.
591 2041 784 2097 Postea
813 2052 1007 2107 corpus
1040 2035 1156 2104 ejus
1183 2035 1236 2089 in
1267 2049 1415 2088 mare
1448 2033 1583 2086 mitti
1610 2031 1938 2101 przecipitur,

370 2133 469 2188 sed
494 2133 791 2186 immissum
823 2129 1052 2185 celerius
1078 2133 1202 2197 post
1232 2123 1448 2188 ﬂuctus,
1481 2123 1593 2179 Deo
1617 2122 1847 2188 volente,
1873 2122 1942 2177 ad

367 2224 521 2280 littus
565 2223 861 2287 reducitur,
903 2220 1045 2290 quod
1084 2217 1336 2288 religiosa
1365 2215 1609 2286 quaedam
1641 2215 1802 2270 vidua
1838 2229 1939 2269 no-

369 2316 516 2370 mine
561 2313 749 2369 Jonica
796 2311 1081 2382 sepulturae
1130 2309 1361 2379 primum
1414 2307 1665 2371 tradidit,
1723 2305 1942 2362 Christo

368 2405 698 2475 triumphum
729 2401 845 2470 ejus
890 2398 1165 2455 miraculis
1197 2399 1480 2468 probante.
1522 2395 1721 2451 Eodem
1753 2395 1838 2450 die
1873 2395 1941 2450 ad

364 2496 551 2566 Aquas
579 2493 788 2549 Salvias
821 2491 1075 2547 nativitas
1101 2487 1273 2544 sancti
1306 2487 1576 2541 Anastasii
1608 2485 1857 2542 monachi
1886 2493 1942 2540 et

369 2585 623 2655 martyris
671 2584 738 2637 de
785 2581 1025 2646 Perside,
1075 2579 1166 2648 qui
1225 2587 1346 2648 post
1390 2576 1618 2648 plurima
1649 2584 1938 2643 tormenta,

366 2678 623 2740 carceris,
656 2674 942 2729 verborum
978 2679 1034 2728 et
1067 2669 1424 2735 vinculorum,
1463 2683 1582 2752 qua:
1611 2669 1666 2724 in
1691 2667 1938 2725 Caesarea

367 2769 664 2824 Palaestinae
709 2779 997 2837 perpessus
1045 2762 1239 2827 fuerat,
1270 2777 1300 2815 a
1341 2760 1522 2816 Persis
1566 2769 1838 2832 postremo
1885 2761 1939 2816 in

368 2859 587 2916 Perside
616 2857 782 2912 multa
809 2870 966 2927 paena
997 2851 1248 2915 affectus,
1290 2859 1452 2919 atque
1479 2849 1544 2904 ad
1583 2848 1829 2904 ultimum
1848 2849 1938 2904 de-

367 2949 588 3006 collatus
617 2956 698 3003 est
739 2960 771 3001 a
819 2959 942 3015 rege
966 2958 1154 2998 eorum
1187 2939 1485 2995 Chosdroe.

436 3036 484 3091 Χ
537 3036 669 3090 ΚΜ..
717 3033 901 3088 Roma:
947 3030 1202 3084 nativitas
1259 3037 1462 3083 sanctae
1511 3025 1935 3089 Emerentianac,

368 3125 591 3196 virginis
645 3122 844 3178 Christi
887 3128 940 3175 et
967 3116 1240 3188 martyris,
1292 3130 1410 3185 quae
1455 3124 1572 3169 erat
1609 3114 1937 3171 collactanea

2044 1953 2282 2013 tempore
2323 1942 2658 2006 Diocletiani,
2685 1942 2776 2011 qui
2817 1942 3058 1998 videntes
3095 1944 3454 1997 constantiam
3502 1943 3604 1999 Sa-

2041 2033 2242 2087 turnini
2265 2041 2318 2087 et
2344 2030 2565 2088 Sisinnii
2585 2041 2905 2104 martyrum,
2928 2033 3172 2088 conversi
3197 2045 3321 2088 sunt
3349 2036 3416 2090 ad
3442 2035 3601 2092 fidem

2040 2123 2330 2192 statimque
2352 2120 2562 2191 jussum
2590 2130 2671 2176 est
2706 2136 2736 2176 a
2774 2122 3027 2178 Laodicio
3053 2122 3308 2193 praefecto
3361 2125 3516 2182 Urbis
3543 2136 3605 2183 ut

2039 2227 2101 2268 os
2133 2227 2343 2278 eorum,
2373 2225 2479 2282 quo
2529 2211 2804 2267 Christum
2847 2211 3267 2280 confitebantur,
3323 2229 3444 2270 cum
3469 2215 3605 2287 lapi-

2039 2304 2196 2360 dibus
2224 2304 2662 2369 contunderetur,
2690 2311 2744 2358 et
2783 2303 3186 2358 retruderentur
3231 2305 3283 2359 in
3330 2321 3605 2363 carcerem

2039 2393 2129 2448 ubi
2156 2393 2410 2464 baptizati
2429 2401 2585 2446 erant
2605 2408 2634 2446 a
2666 2392 2822 2448 beato
2850 2407 2985 2463 papa
3015 2393 3293 2458 Marcello;
3325 2410 3460 2464 quos
3483 2407 3606 2467 post

2039 2483 2155 2538 dies
2183 2482 2431 2537 undecim
2453 2481 2615 2552 jussit
2645 2481 2811 2537 sterni
2841 2483 2894 2564 in
2920 2490 3086 2548 terra,
3111 2491 3166 2538 et
3193 2483 3422 2540 fustibus
3447 2487 3604 2552 caadi,

2039 2571 2212 2628 donec
2245 2572 2597 2643 exspirarent.
2628 2565 2863 2640 Quorum
2892 2587 3115 2642 corpora
3152 2573 3408 2644 colligens
3440 2585 3602 2631 noctu

2038 2666 2272 2721 Joannes
2291 2665 2576 2735 presbyter
2608 2663 2856 2735 sepelivit
2879 2663 2960 2718 via
2991 2663 3326 2720 Numentana
3353 2667 3606 2738 [Nomen-

2041 2755 2185 2827 tana]
2202 2755 2268 2810 ad
2283 2755 2544 2826 nymphas
2563 2755 2703 2809 beati
2727 2753 2891 2817 Petri,
2911 2753 3000 2809 ubi
3015 2753 3438 2824 baptizabantur.
3459 2757 3605 2814 Scri-

2039 2853 2186 2915 ptum
2214 2845 2267 2899 in
2292 2845 2455 2916 gestis
2475 2844 2616 2899 beati
2636 2858 2786 2913 papa:
2816 2841 3073 2899 Marcelli.
3098 2843 3356 2913 Treviris,
3385 2848 3598 2918 deposi-

2041 2934 2116 2988 tio
2144 2932 2284 2988 beati
2310 2932 2509 2988 Valerii
2533 2932 2788 3002 episcopi.

2110 3021 2329 3076 ΙΙΙΚΑι..
2370 3021 2633 3077 Malbodio
2661 3023 2984 3078 monasterio
3038 3024 3291 3082 nativitas
3335 3026 3603 3098 Aldcgun-

2039 3115 2120 3168 dae
2142 3111 2510 3186 [Aldegundis]
2546 3113 2787 3185 virginis,
2824 3129 2942 3184 quze
2965 3118 3294 3187 temporibus
3321 3119 3603 3192 Dagoberti

367 3223 570 3272 sanctae
625 3211 788 3281 Agna:
829 3205 1115 3280 [Agnetis],
1144 3213 1198 3259 et
1244 3204 1370 3258 dum
1416 3211 1600 3258 oraret
1655 3201 1724 3257 ad
1757 3201 1935 3271 sepul-
1964 3221 2008 3282 ρ
2042 3205 2182 3275 regis
2215 3203 2544 3260 Francorum
2575 3217 2639 3258 ex
2673 3204 2833 3259 nobili
2865 3219 3061 3274 genere
3100 3210 3402 3278 progenita,
3442 3211 3605 3283 virgi-

367 3318 518 3360 crum
545 3301 680 3372 ejus,
705 3315 769 3354 ac
791 3298 950 3353 simul
978 3303 1198 3351 orantes
1226 3308 1257 3348 a
1287 3292 1567 3363 gentilium
1596 3290 1812 3346 laesione
1844 3289 1938 3344 de-

367 3392 628 3456 fenderet,
667 3387 900 3458 lapidata
934 3395 1018 3442 est
1044 3384 1114 3439 ab
1155 3384 1254 3438 eis.
1282 3381 1486 3436 Eodem
1515 3381 1602 3435 die
1632 3379 1814 3448 passio
1849 3393 1938 3434 ce-

367 3484 607 3538 lebratur
631 3488 942 3535 sanctorum
981 3483 1280 3546 martyrum
1313 3469 1570 3525 Macharii
1611 3477 1666 3523 et
1690 3469 1936 3540 Eugenii,

365 3575 455 3643 qui
472 3573 571 3628 sub
586 3571 798 3627 Juliauo
817 3569 998 3641 judice
1017 3567 1181 3622 multa
1207 3571 1473 3620 tormenta
1491 3562 1634 3633 passi
1663 3569 1809 3626 sunt,
1838 3562 1940 3615 hoc

366 3673 470 3728 est,
513 3661 830 3717 craticulam
875 3657 1129 3722 incendii,
1186 3655 1240 3710 in
1270 3669 1376 3724 qtta
1421 3652 1510 3722 pix
1551 3659 1714 3720 atque
1759 3650 1936 3704 oleum

365 3750 648 3822 superfusa
691 3757 836 3815 sunt,
866 3748 961 3804 sed
1001 3761 1106 3801 non
1133 3760 1228 3801 eos
1259 3743 1399 3814 ignis
1437 3740 1569 3797 laesit
1594 3757 1608 3806 ;
1638 3740 1831 3796 deinde
1860 3740 1937 3793 vi-

363 3849 508 3919 peris
532 3845 871 3918 serpentibus
892 3844 1070 3899 traditi
1098 3850 1242 3907 sunt,
1271 3841 1364 3896 sed
1388 3839 1531 3894 nullo
1553 3839 1712 3894 modo
1735 3838 1803 3893 ab
1831 3836 1936 3892 illis

365 3947 489 3994 sunt
519 3937 660 4001 lassi;
701 3942 884 4005 postea
933 3933 1219 3986 draconem
1275 3930 1544 4000 ingentem
1592 3926 1934 3983 orationibus

365 4026 758 4089 exstinxerunt,
790 4022 858 4077 ad
898 4029 1199 4074 extremum
1226 4031 1353 4072 vero
1393 4015 1654 4086 martyrio
1691 4015 1934 4070 coronati

367 4125 516 4172 sunt.
1507 4101 1512 4103 ’

439 4206 510 4262 IX
563 4205 694 4261 ΚΑΙ...
723 4205 996 4260 Nativitas
1027 4204 1198 4259 sancti
1221 4201 1487 4257 Timothei
1523 4200 1771 4272 apostoli,
1795 4209 1850 4254 et
1881 4201 1934 4254 in

365 4297 647 4352 Antiochia
674 4298 844 4353 sancti
875 4297 1088 4366 Babyla:
1117 4295 1352 4366 episcopi
1396 4305 1452 4350 et
1496 4296 1658 4349 trium
1683 4295 1933 4364 parvulo-

366 4403 486 4442 rum
524 4385 740 4452 Urbani,
773 4387 1054 4451 Prilidani,
1084 4394 1138 4441 et
1190 4385 1437 4456 Ettpolini
1490 4383 1804 4457 [Epolonii],
1837 4385 1931 4453 qui

366 4494 556 4548 passus
576 4488 656 4533 est
677 4493 774 4548 pro
803 4478 1015 4533 nomine
1041 4477 1240 4533 Christi
1284 4479 1384 4534 sub
1412 4477 1739 4533 Numeriano
1764 4476 1933 4544 impe-

2041 3294 2224 3349 nitatis
2259 3295 2588 3363 propositum
2617 3294 2793 3362 elegit.
2842 3295 2895 3347 In
2924 3311 3031 3364 quo
3067 3305 3121 3350 et
3160 3301 3477 3368 permansit,
3503 3317 3604 3356 sae.-

2037 3388 2264 3457 piusque
2314 3386 2389 3440 illi
2433 3386 2668 3456 angelica
2717 3385 2852 3440 visio
2893 3387 3127 3442 revelata
3156 3388 3277 3454 fuit,
3308 3391 3600 3448 exhortans

2037 3490 2155 3530 eam
2180 3485 2238 3530 ut
2264 3476 2316 3528 in
2345 3475 2616 3544 proposito
2637 3483 2998 3544 permaneret:
3021 3477 3317 3532 novissime
3329 3495 3456 3535 vero
3474 3496 3598 3536 cum

2040 3581 2228 3635 magna
2269 3565 2514 3621 claritate
2541 3566 2772 3621 caelestis
2806 3565 3021 3623 luminis
3056 3569 3122 3624 ad
3162 3569 3320 3625 vitam
3353 3572 3603 3642 migravit

2038 3665 2317 3712 mternam.

2106 3746 2148 3800 ll
2177 3746 2308 3800 KAL.
2329 3747 2384 3801 In
2411 3747 2731 3802 Alexandria
2760 3750 3010 3806 nativitas
3034 3751 3236 3807 Tarsici
3263 3751 3596 3828 [Tharsicii],

2038 3837 2204 3893 Zotici
2231 3838 2325 3910 [Cy
2335 3838 2486 3911 riaci]
2502 3847 2555 3892 et
2568 3839 2894 3895 Amminoni.
2915 3841 2969 3895 ln
2983 3841 3161 3897 Africa
3179 3841 3411 3900 Victoris
3424 3843 3597 3902 Publii

2037 3929 2300 4000 [Thyrsi],
2323 3928 2618 3984 Saturnini.

2497 4073 3158 4154 FEBRUARIUS.

2105 4207 2236 4262 Kac.
2274 4207 2586 4264 annuanu.
2619 4207 2674 4262 In
2695 4207 2902 4265 Graecia
2929 4208 3208 4281 Polycarpi
3237 4208 3420 4282 [Forte
3446 4211 3596 4282 lgna-

2035 4299 2117 4372 tii]
2154 4299 2411 4369 episcopi,
2443 4307 2496 4355 et
2532 4301 2584 4354 in
2612 4299 2866 4356 Ravenna
2894 4303 3066 4357 sancti
3098 4300 3281 4357 Severi
3314 4303 3550 4374 episc0pi
3581 4323 3593 4355 :

2036 4389 2087 4443 in
2123 4389 2373 4445 Hibernia
2400 4405 2614 4459 quoque
2661 4392 2913 4446 nativitas
2946 4390 3175 4460 Brigida:
3197 4391 3438 4461 virginis,
3479 4407 3598 4462 quae

2036 4479 2288 4534 nativitas
2332 4495 2649 4548 magnorum
2693 4481 3004 4534 meritorum
3040 4489 3095 4534 ct
3129 4481 3432 4536 sanctitatis
3477 4496 3597 4536 esse

369 4578 569 4632 ratore,
606 4567 720 4636 ipse
748 4576 799 4621 et
821 4567 972 4638 pueri
1001 4565 1116 4636 ejus
1150 4581 1354 4629 secum,
1383 4575 1505 4637 post
1529 4567 1631 4622 alia
1662 4575 1928 4622 tormenta
1960 4559 2008 4618 D
2036 4570 2376 4639 przedicatur.

367 4657 652 4727 capitalem
675 4658 995 4713 sententiam
1021 4659 1273 4712 ferentes.

439 4782 464 4809 ο
518 4769 710 4840 Dativi,
767 4768 1039 4824 Vincentii.
1102 4768 1340 4840 Laudata
1381 4771 1592 4825 suntin
1645 4769 1929 4825 collatione

367 4839 773 4910 Carthaginensi
813 4855 843 4892 a
871 4839 1160 4910 Donatistis
1190 4840 1377 4910 horum
1416 4849 1709 4910 martyrum
1747 4839 1880 4894 Acta
1910 4857 1923 4904 ;

365 4918 426 4979 et
445 4923 632 4962 revera
660 4908 877 4962 fuerunt
908 4909 1198 4979 Donatista:
1229 4909 1280 4962 in
1310 4908 1680 4978 persecutione
1727 4920 1928 4979 marty-

265 4995 272 5000 '
369 4978 454 5047 rio
481 4979 758 5042 coronati;
790 4979 1010 5047 ideoque
1046 4978 1165 5033 illos
1190 4979 1532 5034 venditabant
1574 4978 1924 5034 schismatiCi.

367 5046 708 5118 contendunt
733 5046 947 5118 quidem
974 5047 1220 5102 Baluzius
1246 5057 1298 5102 et
1326 5056 1443 5118 post
1469 5063 1592 5100 eum
1616 5047 1924 5118 Ruinartus,

368 5131 399 5170 a
430 5116 722 5186 Donatistis
752 5116 937 5172 fuisse
988 5118 1290 5186 depravata,
1326 5116 1578 5184 adjuncta
1618 5117 1930 5186 praefatione

367 5185 592 5256 breviet
614 5187 673 5256 in
697 5186 802 5239 fine
824 5185 1380 5256 longiori’appendice,
1410 5189 1460 5240 in
1485 5201 1606 5256 qua-
1619 5185 1814 5241 inultas
1843 5201 1932 5239 ca-

368 5254 599 5325 l_umnias
613 5255 867 5325 adversus
884 5254 1064 5310 Mensu
1073 5254 1208 5310 rium
1229 5254 1559 5325 caztcrasque
1573 5257 1928 5310 inseruerunt.

368 5323 595 5394 Fallitur
621 5324 708 5388 hic
736 5326 1024 5379 liuinartus
1048 5343 1062 5377 :
1095 5327 1205 5394 ipsa
1229 5341 1347 5394 qua:
1375 5323 1516 5380 nunc
1545 5326 1770 5394 legimus
1799 5325 1930 5379 Acta

367 5409 478 5448 non
506 5393 722 5448 fuerunt
767 5409 797 5447 a
821 5393 1199 5450 catholicis’in
1241 5393 1525 5450 collatione
1576 5393 1756 5464 agnita
1787 5394 1929 5448 velut

403 5463 619 5534 enuina,
656 5464 850 5518 deinde
885 5482 915 5518 a
961 5464 1248 5520 Donatistis
1281 5465 1586 5534 depravata.
1618 5463 1928 5534 ’Utrumque

390 5533 529 5589 'acile
573 5535 867 5602 probatur:
910 5535 1139 5602 primum
1167 5574 1181 5598 ,
1241 5533 1382 5603 quod
1429 5536 1662 5589 indicata
1715 5533 1931 5588 fuerunt

368 5604 582 5658 illorum
610 5612 906 5673 martyrum
944 5604 1075 5658 Acta
1106 5619 1136 5657 a
1160 5604 1454 5658 Donatistis
1472 5643 1487 5668 ,
1521 5619 1584 5658 ea
1609 5604 1815 5660 scilicet
1843 5618 1927 5673 ra-

369 5675 538 5742 tione,
557 5673 699 5741 quod
727 5672 794 5726 ab
819 5673 1052 5742 ipsorum
1096 5674 1334 5741 partibus
1362 5674 1638 5728 stetissent
1682 5672 1928 5726 Saturni-

367 5759 488 5808 nus,
515 5740 734 5798 Dativus
758 5740 1061 5812 exterique.
1089 5740 1348 5796 Catholici
1389 5758 1516 5796 vero
1563 5745 1627 5796 tle
1661 5741 1925 5796 authenti-

605 5837 877 5896 Pn‘noe.
922 5835 1056 5896 CX.

2108 4658 2174 4712 lV
2199 4657 2330 4712 Non.
2364 4657 2671 4712 Purificatio
2713 4667 2913 4713 sancta:
2969 4657 3172 4724 Mariae,
3222 4660 3434 4728 quando
3477 4676 3596 4716 cum

2038 4773 2198 4828 citate
2219 4772 2443 4826 Actuum
2472 4785 2806 4840 nequaquam
2826 4769 3598 4840 disceptantes,argumentum

2038 4841 2106 4896 ad
2134 4842 2402 4896 hominem
2433 4842 2574 4910 quod
2617 4848 2831 4902 vocant,
2875 4841 2994 4895 inde
3041 4842 3358 4904 eduxerunt,
3405 4842 3598 4910 proba-

2038 4912 2143 4966 turi
2178 4911 2381 4966 scilicet
2400 4924 2465 4964 ex
2497 4911 2625 4979 ipsis
2653 4910 3047 4964 Donatistarum
3077 4911 3227 4965 Actis
3251 4925 3597 4967 numerosum

2034 4990 2235 5036 coetum
2285 4980 2671 5048 persecutionis
2717 4990 2957 5048 tempore
3005 4980 3287 5036 convocari
3338 4980 3593 5049 potuisse.

2036 5050 2240 5120 Quippe
2265 5058 2529 5120 martyres
2556 5049 2951 5120 Donatistarum
2970 5049 3430 5120 confitebanturse
3453 5067 3470 5099 ι
3495 5050 3600 5120 col~

2037 5117 2228 5174 lectam
2256 5127 2310 5174 et
2339 5117 2673 5173 Dominicum
2727 5119 2920 5188 egisse.
2955 5139 2972 5171 ι
3007 5118 3246 5173 Alterum
3287 5119 3473 5172 eadem
3509 5117 3599 5188 fa-

2038 5189 2241 5260 cilitate
2277 5190 2550 5260 probatur,
2579 5187 2778 5260 quippe
2800 5189 2916 5260 ipsa
2944 5188 3186 5260 clausula
3225 5203 3254 5240 a
3279 5197 3464 5260 sancto
3492 5187 3599 5260 Au-

2038 5259 2253 5329 gustino
2278 5255 2512 5312 iudicata
2544 5255 2613 5312 in'
2633 5255 2918 5329 collatione
2937 5255 3368 5329 Carthagincnsi,
3383 5255 3600 5329 legitur

2043 5324 2303 5383 hodierno
2333 5329 2520 5398 rdieiin
2547 5328 2841 5398 appendice
2883 5343 3043 5398 quam
3079 5344 3110 5398 a
3136 5324 3428 5398 Donatistis
3445 5324 3601 5398 adje-

2034 5406 2178 5451 ctam
2203 5397 2420 5467 conjicit
2446 5395 2772 5462 Ruinartus;
2813 5395 2953 5452 unde
2978 5395 3230 5467 conjicia_s
3253 5395 3600 5467 appendicem

2036 5467 2202 5530 illam,
2233 5461 2685 5538 quamrintegram
2705 5461 2901 5538 edidit
2943 5461 3169 5538 ingenue
3191 5461 3460 5538 Baluiius,
3485 5461 3600 5531 jam

2035 5534 2365 5605 temporibus
2385 5534 2665 5607 Augustini
2697 5536 2861 5591 fuisse
2905 5535 3223 5607 confectam,
3263 5534 3488 5607 ideoque
3515 5547 3602 5603 gc-

2031 5601 2272 5676 nuinam.
2327 5601 2547 5676 Dativ'us
2587 5607 2763 5676 igitur
2809 5613 2861 5659 et
2919 5604 3048 5658 socii
3107 5602 3247 5658 inter
3295 5601 3602 5657 Donatista:

2033 5675 2227 5728 debent
2255 5675 2552 5731 amandari.
2584 5675 2742 5729 BASN.

3096 5826 3171 5882 86
