4028 6196
456 352 489 406 1
508 353 598 407 l3!

1089 343 1162 397 Β.
1205 341 1456 396 RABANI
1496 340 1713 396 MAURI
1748 338 2062 395 ARCHIEP.
2101 336 2409 394 MOGUNT.
2447 337 2732 393 OPERUM
2762 335 2940 393 PARS
2974 337 3038 392 ll.

3573 335 3708 392 “32

466 469 672 525 infante
699 462 823 527 Jesu
852 464 1234 529 repraesentata
1285 463 1369 509 est
1396 454 1448 507 in
1476 452 1673 523 templo
1720 451 1811 509 ubi
1859 451 2031 520 ipsum
2060 461 2107 519 Α
2136 450 2241 515 nii;
2267 458 2321 505 et
2344 448 2629 505 Sanctonis
2658 448 2879 504 civitate
2916 447 3177 518 depositio
3228 449 3405 505 sancti
3459 448 3700 518 Troiani,

469 559 751 615 Dominum
772 552 952 608 Jesum
976 565 1137 606 senex
1168 547 1389 602 Simeon
1412 547 1466 601 in
1490 546 1645 601 ulnas
1660 560 1787 605 suas
1802 544 2030 614 accepit,

465 658 523 703 et
547 642 837 701 benedixit.
906 639 1105 695 Eodem
1142 637 1234 692 die
1278 626 1461 690 natale
1504 634 1677 689 sancti
1738 633 2031 703 Aproniani

467 728 994 797 Commentariensis,
1039 726 1133 797 qui
1171 740 1201 779 a
1242 723 1479 787 Sisinnio
1530 723 1755 780 diacono
1798 720 2034 776 Marcelli

458 842 620 898 papae
676 821 981 892 baptizatus
1009 858 1024 883 ,
1087 819 1156 877 ab
1216 816 1468 882 Laodicia
1537 813 1792 885 praefecto
1856 813 2036 881 capite

471 922 751 971 truncatus
816 919 946 974 est,
1020 905 1349 977 temporibus
1416 904 1723 971 Maximiani
1782 903 2029 973 Augusti.

470 1007 653 1065 Romae
680 998 1087 1062 Forosimfronii
1120 996 1293 1069 [Foro
1333 993 1679 1066 Sempronii],
1719 993 1804 1047 via
1834 993 2033 1047 Flami-

469 1098 593 1161 nia,
643 1093 893 1150 milliario
959 1090 1027 1149 ab
1089 1087 1221 1143 urbe
1278 1085 1571 1143 centesimo
1639 1082 2035 1153 septuagesimo

469 1196 685 1259 quarto,
720 1181 992 1238 Laurentii
1030 1188 1085 1234 et
1123 1176 1392 1246 Hippolyti
1421 1217 1435 1241 ,
1481 1184 1537 1231 et
1577 1175 1829 1229 nativitas
1862 1172 2034 1228 sancti
2086 1240 2089 1241 ν

470 1275 768 1333 Fortunati.
790 1270 1093 1329 Aurelianis
1114 1266 1375 1337 depositio
1402 1264 1624 1323 Sicariae
1654 1264 1764 1321 Deo
1809 1270 2037 1318 sacratae

469 1369 719 1439 virginis.

543 1458 605 1514 III
630 1456 763 1512 Non.
792 1451 1050 1524 Lugdune
1083 1450 1344 1521 depositio
1371 1447 1516 1505 beati
1545 1444 1791 1515 Lupicini
1825 1443 2038 1513 episco-

466 1550 547 1617 pi.
579 1547 636 1601 In
686 1542 929 1600 Sebastia
976 1541 1194 1596 civitate
1245 1535 1594 1607 Cappadociae
1630 1532 1810 1603 passio
1865 1529 2037 1586 sancti

476 1636 731 1709 martyris
759 1632 960 1690 Christi
1003 1629 1166 1685 Blasii
1205 1625 1462 1697 episcopi,
1509 1624 1599 1694 qui
1628 1623 1728 1678 sub
1753 1618 2057 1692 Agricolao‘

470 1727 698 1800 praeside
751 1723 925 1793 capite
976 1726 1256 1777 truncatus
1280 1758 1294 1783 ,
1348 1730 1473 1773 cum
1529 1714 1737 1770 duobus
1799 1709 2039 1782 puerulis

2134 540 2365 609 episcopi
2380 538 2795 603 etconfessoris,
2808 547 2863 593 et
2880 538 3238 608 Baldegundis
3246 540 3483 593 abbatis.
3499 540 3702 607 Bonna,

2135 631 2327 696 Zotici,
2382 630 2611 691 llerenei
2670 627 2928 702 [lrenazi],
2968 627 3202 689 Jaeinthi
3253 628 3611 703 [Hyacinthi],
3653 641 3702 685 et

2132 721 2389 783 Amantii.
2438 720 2639 777 Eodem
2685 720 2771 775 die
2814 720 3073 791 depositio
3114 730 3314 775 sanctae
3354 720 3703 777 Scholastic-e

2134 812 2358 882 virginis
2387 819 2442 869 et
2472 810 2895 877 sanctimonialis
2916 810 3141 874 feminae,
3172 810 3328 879 cujus
3348 812 3583 865 animam
3600 810 3702 867 tra-

2138 908 2218 967 ter
2253 900 2369 970 ejus
2423 908 2646 965 sanctus
2668 899 2988 954 Benedictus
3006 899 3139 953 vidit
3158 899 3210 952 in
3240 898 3501 953 Colum-Dm
3525 900 3700 968 specie

2133 989 2303 1045 cmlos
2342 998 2546 1060 petere,
2585 988 2727 1057 quod
2769 986 3029 1041 fratribus
3068 987 3452 1043 matutinorum
3491 989 3701 1058 hymnis

2135 1078 2363 1149 expletis
2396 1079 2684 1143 intimavit,
2717 1086 2772 1139 et
2800 1077 2910 1132 Deo
2941 1077 3144 1147 gratias
3163 1076 3285 1131 inde
3309 1077 3511 1133 retulit.

2204 1170 2270 1235 Ill
2294 1170 2370 1225 In.
2397 1172 2579 1238 Roma:
2600 1169 2860 1225 Calocerii
2893 1166 3180 1240 [Caloccri]
3213 1175 3268 1222 et
3294 1167 3589 1223 Parthenii.

2203 1261 2248 1316 ll
2275 1261 2350 1317 In.
2384 1260 2509 1315 Fce.
2539 1260 2596 1314 In
2647 1258 2829 1315 Africa
2870 1258 3050 1329 passio
3092 1257 3336 1312 Damiani
3364 1257 3570 1324 militis,
3612 1257 3699 1312 in—

2137 1352 2345 1409 tantum
2397 1350 2621 1405 Modesti
2675 1357 2730 1404 et
2776 1347 3055 1403 Ammonis
3108 1346 3470 1419 [Ammonii],
3532 1347 3701 1402 Sotici

2138 1441 2378 1515 [Zotici],
2429 1450 2486 1497 et
2510 1442 2771 1513 depositio
2809 1439 3092 1512 Simplicii,
3129 1440 3367 1511 episcopi
3393 1449 3450 1495 et
3491 1439 3703 1497 confes—

2137 1548 2295 1589 SOl‘lS.

2208 1580 2383 1676 luteus
2407 1580 2721 1676 FBBRU\ARII.
2752 1618 3012 1691 Lugdune
3027 1618 3290 1689 depositio
3311 1617 3454 1674 beati
3479 1616 3700 1689 Stepha-

2141 1729 2196 1767 m
2216 1725 2475 1781 episcopi.

476 1793 602 1873 ﬁliis
628 1815 783 1875 unius
812 1812 1072 1875 mulieris,
1100 1810 1165 1866 de
1199 1808 1304 1864 illis
1347 1814 1575 1877 septem,
1620 1820 1741 1874 qua:
1782 1820 1879 1875 per
1904 1817 2038 1873 prte-
2067 1793 2111 1856 Β
2212 1802 2326 1858 XVI
2354 1803 2485 1871 ΚΑι..
2517 1800 2695 1857 MART.
2726 1801 2910 1857 Roma:
2945 1800 3203 1857 nativitas
3238 1801 3413 1857 sancti
3431 1800 3700 1857 Valentini

474 1908 794 1967 dicationem
806 1902 921 1972 ejus
939 1900 1273 1966 confortataa,
1303 1898 1404 1955 sub
1427 1897 1616 1953 eodem
1642 1895 1869 1966 prmside
1892 1908 2034 1949 mar-

477 1999 867 2072 tyrizaverunt.

540 2088 587 2145 ll
616 2087 749 2143 Non.
776 2087 837 2141 In
878 2086 1018 2140 Foro
1058 2080 1335 2141 Simfronii
1372 2077 1626 2134 nativitas
1675 2075 1904 2140 Gemini,
1932 2073 2039 2130 Ge-

476 2176 618 2243 Iasii,
647 2175 769 2230 Mali
790 2171 1038 2246 [Magni],
1055 2169 1288 2241 Aquilini
1307 2166 1554 2241 [Aquili],
1582 2175 1638 2222 et
1665 2165 1876 2222 Donati.
1902 2164 2038 2221 Item

476 2265 691 2331 Donati,
721 2262 987 2328 Themoii,
1006 2260 1227 2318 Gelasii.

547 2357 712 2414 NONIS
738 2355 1053 2427 Faenum".
1084 2352 1143 2407 In
1167 2350 1345 2407 Patris
1370 2349 1590 2407 civitate
1627 2346 1897 2405 ordinatio
1921 2345 2039 2416 epi-

475 2456 726 2519 scopams
748 2445 976 2510 Andreae
997 2441 1247 2513 apostoli,
1271 2448 1325 2496 et
1348 2440 1405 2495 in
1429 2438 1613 2503 Sicilia
1647 2436 1781 2492 urbe
1800 2435 2038 2493 Cathena

477 2535 726 2612 [Catana]
747 2534 930 2606 passio
971 2541 1172 2589 sancta:
1208 2531 1429 2601 Agathae
1476 2527 1719 2598 virginis,
1767 2542 1886 2596 quae
1936 2525 2039 2581 sub

475 2627 765 2698 Quintiano
792 2623 1012 2681 consule
1037 2632 1278 2691 tempore
1292 2619 1606 2676 Diocletiani
1634 2617 2037 2687 martyrizavit;

481 2718 597 2773 ha:c
630 2724 752 2787 post
781 2714 986 2785 alapas,
1015 2726 1310 2777 carcerem,
1358 2717 1480 2781 post
1532 2708 1814 2778 equuleum
1852 2716 1906 2762 et
1930 2715 2040 2762 tor-

478 2809 657 2864 siones
679 2847 693 2872 ,
742 2814 867 2876 post
909 2803 1263 2867 mamillarum
1302 2801 1708 2867 abscissionem,
1754 2800 1900 2856 seda
1930 2800 2037 2856 Do-

480 2899 624 2953 mino
674 2896 1027 2961 sanationem,
1075 2902 1195 2962 post
1235 2892 1616 2953 volutationem
1646 2892 1700 2946 in
1750 2889 1958 2945 testulis
1984 2897 2040 2944 et

480 2987 825 3050 carbonibus,
874 2983 1089 3038 tandem
1134 2985 1189 3037 in
1240 2997 1460 3038 carcere
1512 2987 1881 3036 consummata
1929 2988 2031 3035 est.

485 3080 552 3132 Iit
580 3079 632 3132 in
657 3076 860 3132 Vienna
882 3074 1146 3144 depositio
1165 3073 1306 3128 Aviti
1329 3073 1584 3142 episcopi.

2136 1898 2459 1968 presbyteri,
2511 1898 2603 1969 qui
2641 1907 2763 1967 post
2812 1895 2978 1951 multa
3025 1897 3319 1951 sanitatum
3361 1904 3418 1952 et
3442 1897 3701 1952 doctrinae

2139 1989 2365 2060 insignia
2403 1987 2632 2052 fustibus
2679 2003 2870 2054 caesus,
2905 1996 2959 2043 et
3009 1990 3089 2044 sic
3115 1988 3415 2044 decollatus
3441 1994 3545 2053 est,
3604 1989 3702 2042 sub

2136 2079 2355 2147 Claudio
2373 2079 2600 2139 Caesare.
2630 2078 2832 2145 Eodem
2857 2079 2942 2133 die
2989 2079 3243 2133 nativitas
3284 2077 3460 2133 sancti
3509 2078 3702 2132 Valen-

2138 2170 2234 2225 tini
2263 2168 2685 2225 Interamnensis
2711 2167 2967 2238 episcOpi,
2994 2167 3085 2237 qui
3112 2174 3289 2222 tentus
3317 2182 3347 2220 a
3372 2166 3615 2237 paganis,
3638 2183 3703 2220 ac

2137 2260 2301 2330 virgis
2336 2274 2529 2324 caesus,
2582 2268 2638 2314 et
2686 2267 2806 2329 post
2855 2258 3164 2314 diuturnam
3200 2257 3402 2315 caedem
3449 2258 3701 2314 custodis

2138 2352 2474 2421 mancipatus
2514 2366 2638 2406 cum
2667 2351 2908 2423 superari
2935 2366 3044 2406 non
3072 2359 3275 2421 posset,
3305 2351 3484 2407 medio
3530 2351 3701 2407 noctis

2138 2443 2352 2503 silentio
2401 2444 2603 2514 ejectus
2658 2444 2723 2498 de
2769 2457 3013 2510 carcere,
3067 2442 3362 2499 decollatus
3406 2450 3512 2507 est,
3546 2442 3701 2512 jussu

2140 2532 2325 2590 furiosi
2368 2533 2569 2590 Placidi
2595 2534 2834 2605 praefecti
2881 2534 3055 2590 Urbis.
3083 2534 3232 2590 Tunc
3258 2534 3543 2599 Proculus,
3579 2535 3699 2604 Efy-

2138 2621 2239 2677 bus
2257 2620 2553 2694 [Ephebus]
2593 2631 2649 2678 et
2672 2622 3002 2692 Apollonius,
3038 2623 3285 2693 discipuli
3309 2623 3447 2693 ejus,
3476 2622 3698 2679 transfe-

2140 2721 2320 2769 rentes
2359 2728 2553 2782 corpus
2577 2714 2643 2768 ad
2673 2729 2825 2779 suam
2854 2713 3141 2769 ecclesiam
3185 2714 3505 2769 Interamnae
3527 2714 3691 2775 urbis,

2140 2806 2304 2857 noctu
2345 2797 2712 2869 sepelierunt:
2744 2797 2832 2851 ubi
2873 2813 2996 2853 cum
3037 2799 3365 2868 quotidianis
3397 2798 3591 2870 vigiliis
3622 2799 3698 2852 in-

2139 2888 2417 2952 cubarent,
2469 2889 2601 2959 tenti
2640 2904 2671 2943 a
2701 2890 2988 2961 gentilibus
3038 2891 3297 2946 custodia:
3343 2901 3469 2945 sunt
3520 2890 3697 2945 traditi

2140 2978 2407 3033 consulari
2432 2978 2673 3043 Leontio,
2711 2994 2848 3050 quos
2869 2979 2958 3034 ille
2970 2978 3137 3049 jussit
3160 2981 3334 3035 noctis
3375 2979 3551 3036 medio
3589 2979 3699 3033 suis

2142 3069 2503 3127 tribunalibus
2533 3070 2869 3140 praesentari,
2890 3077 3090 3125 etcum
3130 3085 3161 3123 a
3187 3069 3290 3125 ﬁde
3323 3069 3565 3124 revocari
3603 3083 3700 3124 nec

550 3168 662 3224 vm
682 3168 755 3233 ιιι,
796 3167 979 3223 [tam
1005 3166 1092 3222 via
1130 3164 1299 3235 Appia
1342 3165 1396 3218 in
1447 3162 1685 3233 ejusdem
1728 3161 2041 3219 οωηιθιονίο
2067 3147 2112 3208 C
2143 3158 2521 3227 blandimentis
2550 3174 2650 3219 nec
2677 3161 2839 3216 minis
2875 3167 3117 3230 possent,
3140 3158 3302 3228 jussit
3330 3160 3508 3229 capite
3545 3158 3697 3219 ctedi,

477 3259 658 3329 passio
709 3265 910 3315 sanctae
966 3255 1208 3313 Sotheris
1255 3254 1496 3326 virginis.
1526 3252 1585 3308 In
1624 3252 1868 3309 Caesarea
1898 3252 2038 3322 Cap-

478 3346 715 3418 padocirc
744 3347 923 3418 passio
947 3354 1148 3401 sanetae
1178 3343 1458 3401 Dorothea:
1495 3342 1738 3413 virginis,
1787 3350 1842 3397 et
1868 3343 2043 3398 Theo-

476 3436 609 3509 phili
638 3437 737 3492 sub
763 3436 979 3506 Apricio
1007 3434 1284 3506 praefecto,
1326 3448 1445 3504 qua:
1469 3449 1592 3490 eum
1641 3433 1849 3489 duabus
1889 3447 2042 3490 soro-

479 3526 649 3594 ribus,
685 3525 737 3581 id
767 3534 870 3592 est,
920 3524 1133 3583 Christe
1168 3534 1222 3581 et
1250 3524 1487 3590 Calliste,
1522 3538 1640 3594 quae
1662 3538 1693 3578 a
1728 3522 1832 3578 ﬁde
1871 3537 2042 3592 nuper

478 3614 854 3684 apostatabant
905 3615 1027 3668 vita:
1076 3613 1369 3678 doloribus,
1411 3614 1785 3681 commendata
1831 3621 1933 3680 est,
1983 3620 2041 3666 ut

479 3720 601 3762 eam
624 3711 932 3760 averterent
963 3720 992 3758 a
1019 3704 1256 3771 Christo,
1297 3720 1390 3760 eas
1442 3706 1637 3760 iterum
1683 3704 1948 3766 convertit
1972 3703 2039 3757 ad

469 3793 769 3861 Christum,
800 3795 872 3849 ita
919 3794 1054 3849 utin
1106 3809 1333 3865 cuppam
1376 3795 1553 3850 missae
1604 3810 1700 3865 per
1726 3793 2038 3865 praefectum

477 3883 715 3940 incensa:
752 3884 820 3938 ad
867 3885 1109 3956 martyrii
1153 3885 1384 3955 palmam
1417 3872 1799 3956 pervenerinl:
1850 3896 2037 3956 postea

476 3989 605 4031 vero
625 3974 894 4029 Dorothea
909 3976 1065 4029 ducta
1082 3975 1148 4029 ad
1173 3975 1345 4030 locum
1363 3988 1662 4045 ptenarum,
1685 3976 1773 4031 ubi
1803 3984 1858 4030 ct
1881 3990 2036 4045 passa

466 4076 575 4127 est,
603 4071 724 4119 cum
752 4080 784 4118 a
813 4064 1109 4134 Tthphilo
1153 4066 1383 4134 quodam
1418 4065 1742 4122 scholastice
1772 4066 2042 4122 deridere-

464 4164 565 4229 ξυι-
594 4157 736 4224 quod
759 4154 824 4209 ad
851 4154 1156 4224 paradisum
1178 4155 1395 4220 vadens,
1424 4170 1455 4210 a
1485 4169 1680 4227 sponso
1700 4168 1797 4212 suo
1822 4155 2040 4211 Christo

462 4254 525 4302 et
549 4261 705 4317 perna
731 4253 785 4300 et
830 4260 983 4301 rosas
1007 4243 1257 4301 ﬂorentes
1294 4245 1393 4300 sibi
1446 4246 1697 4310 mitteret,
1731 4247 1833 4302 hoc
1879 4246 2041 4302 citius

476 4334 824 4405 impetravit;
877 4333 1017 4403 quod
1067 4348 1189 4388 cum
1245 4332 1461 4391 vidisset
1511 4332 1856 4403 Theophilus,
1913 4350 2034 4389 mox

473 4428 745 4482 Christum
777 4425 1056 4482 confessus
1106 4434 1190 4481 est
1234 4439 1422 4487 verum
1448 4425 1640 4490 Deum,
1688 4432 1744 4479 et
1784 4425 2036 4496 martyri-

459 4518 614 4571 .zavit
651 4517 750 4572 sub
787 4515 974 4570 eodem
1020 4485 1283 4585 praefecto
1316 4514 1492 4585 capite
1541 4485 1747 4585 plexus.
1777 4514 1836 4570 In
1863 4485 2034 4571 Gallia
2058 4485 2111 4547 Β

473 4606 689 4661 civitate
735 4605 973 4663 Aderato
1025 4602 1352 4677 [Atrebate],
1404 4604 1664 4676 depositio
1710 4606 1883 4660 sancti
1925 4603 2033 4660 Ve-

456 4697 636 4761 -dasti,
675 4696 909 4766 episcopi
938 4703 993 4751 et
1020 4694 1348 4757 confessoris
1393 4703 1448 4751 et
1474 4695 1527 4749 in
1551 4695 1737 4750 Ellone
1765 4704 2036 4757 monaste-

472 4787 558 4840 rio
584 4786 844 4857 depositio
868 4786 1038 4841 sancti
1060 4787 1312 4852 Amandi,
1342 4786 1575 4857 episcopi
1604 4795 1659 4842 et
1686 4784 2029 4842 confessoris.

538 4872 633 4929 VII
665 4873 720 4928 In
778 4875 832 4928 In
858 4873 1147 4941 Britannis,
1176 4876 1229 4930 in
1259 4876 1475 4933 civitate
1493 4875 1754 4947 Augusta,
1780 4878 2032 4937 nativitas

471 4968 683 5041 iuguli,
721 4967 956 5040 t;piSCOpi
983 4975 1039 5023 et
1066 4970 1334 5041 martyris.
1572 4964 1607 4987 ’

537 5057 609 5114 ενι
628 5058 704 5113 In.
760 5058 944 5113 [toruae
993 5059 1254 5128 depositio
1294 5059 1466 5117 sancti
1518 5059 1670 5115 Pauli
1713 5060 1951 5131 episcopi
1978 5068 2034 5116 et

468 5147 595 5207 iulii
627 5165 798 5221 papae.

547 5241 586 5298 V
616 5239 692 5296 In.
723 5240 900 5295 Saevo
936 5238 1096 5311 [Soli]
1143 5238 1283 5309 apud
1320 5240 1556 5311 Cyprum
1585 5241 1762 5297 natale
1803 5241 2038 5299 Alexan-

475 5331 580 5399 dri,
609 5325 908 5399 Ammonis,
956 5332 1087 5387 item
1124 5330 1400 5387 Ammonis
1438 5340 1495 5389 et
1543 5332 1773 5388 aliorum
1822 5333 2034 5407 triginta

475 5432 698 5494 septem.

546 5514 609 5568 IV
638 5514 712 5569 In.
740 5515 797 5569 In
827 5514 1114 5587 Campania
1160 5514 1413 5571 nativitas
1450 5518 1620 5581 sancti
1663 5516 1902 5591 Sylviani
1926 5519 2039 5591 epi-

478 5606 622 5672 scopi
652 5614 706 5658 et
732 5605 1074 5672 confessoris,
1102 5607 1229 5661 etin
1260 5605 1568 5662 Bethlehem
1596 5610 1816 5665 civitate
1843 5609 2037 5666 Iudaeae

480 5694 579 5745 sub
597 5693 804 5747 Herode
828 5711 951 5765 rege
978 5697 1152 5765 passio
1174 5705 1481 5752 sanctorum
1514 5698 1744 5755 Andreae
1772 5709 1823 5755 et
1856 5700 2036 5769 Appo-

2142 3249 2233 3318 qui
2262 3263 2367 3304 non
2398 3250 2550 3320 longe
2572 3258 2698 3307 sunt
2724 3267 2755 3304 a
2778 3251 2953 3320 capite
2991 3250 3166 3305 sancti
3192 3249 3461 3305 Valentini
3487 3248 3700 3318 sepulti.

2215 3339 2306 3397 XV
2336 3340 2469 3397 KAL.
2497 3340 2556 3396 In
2584 3341 2869 3399 Antiochia
2914 3342 3166 3397 nativitas
3204 3339 3422 3413 Iosephi
3471 3340 3701 3402 diaconi,

2144 3430 2395 3487 Zenonis.
2428 3430 2746 3488 Interamnae
2780 3431 3035 3491 nativitas
3072 3439 3273 3497 sanctae
3317 3430 3516 3503 Agapa:
3546 3429 3703 3503 [Aga-

2140 3518 2246 3591 pis]
2274 3520 2517 3591 virginis,
2544 3519 2846 3585 Saturnini,
2873 3519 3103 3575 Castulae
3134 3518 3405 3592 [Castuli].

2209 3610 2326 3667 XIV
2356 3610 2487 3671 KAL.
2537 3610 2720 3666 Sancti
2763 3610 3000 3667 Onesimi
3046 3608 3297 3680 apostoli,
3325 3617 3380 3664 et
3428 3608 3483 3663 in
3522 3607 3705 3664 Cumis

2140 3702 2395 3763 nativitas
2416 3710 2617 3759 sanetae
2639 3699 2864 3757 Julianaa
2888 3700 3131 3772 virginis,
3165 3715 3286 3771 quae
3321 3708 3562 3771 tempore
3588 3700 3701 3753 Ma-

2141 3794 2362 3853 ximiani
2417 3794 2759 3865 imperatoris
2818 3795 2993 3863 primo
3040 3811 3072 3849 a
3102 3809 3199 3850 suo
3248 3803 3401 3865 patre
3445 3792 3702 3848 Africano

2141 3900 2278 3941 caesa
2313 3892 2366 3941 et
2406 3885 2642 3956 graviter
2686 3885 2949 3949 cruciata,
2980 3884 3152 3939 deina
3189 3882 3445 3955 praefecto
3488 3882 3703 3938 Eulesio

2143 3976 2442 4051 [Evilasio],
2492 3992 2653 4047 quem
2706 3992 2961 4046 sponsum
3009 3976 3293 4043 habuerat,
3347 3973 3489 4029 nuda
3536 3974 3702 4043 virgis

2141 4085 2299 4135 caesa,
2322 4077 2377 4124 et
2401 4084 2431 4123 a
2460 4068 2667 4140 capillis
2702 4082 2980 4137 suspensa,
3010 4074 3065 4121 et
3087 4066 3306 4137 plumbo
3339 4063 3514 4119 soluto
3548 4080 3580 4117 ει
3607 4078 3698 4117 ca-

2139 4159 2253 4229 pite
2291 4158 2530 4230 perfusa,
2560 4166 2617 4213 et
2660 4173 2873 4212 rursum
2921 4158 2976 4212 in
3023 4172 3296 4215 carcerem
3327 4163 3561 4225 recepta,
3608 4153 3697 4207 ubi

2141 4249 2317 4320 palam
2356 4264 2478 4304 cum
2520 4247 2733 4303 diabolo
2779 4246 3052 4315 conﬁixit;
3103 4254 3158 4302 et
3205 4260 3394 4300 rursus
3446 4251 3695 4306 evocata,

2141 4348 2379 4394 rotarum
2411 4347 2700 4405 tormenta,
2736 4338 2979 4393 flammas
3021 4338 3248 4409 ignium,
3277 4337 3440 4391 ollam
3483 4334 3694 4389 ferren—

2143 4440 2249 4489 tem
2279 4430 2567 4500 superavit,
2629 4444 2693 4484 ac
2746 4428 3097 4485 decollatione
3143 4428 3336 4498 capitis
3387 4425 3697 4496 martyrium

2139 4520 2555 4586 consummavit,
2596 4534 2715 4590 quae
2755 4534 2913 4591 passa
2938 4526 3019 4574 est
3044 4519 3258 4590 quidem
3290 4519 3344 4573 in
3370 4517 3694 4578 Nicomedia,

2139 4610 2235 4667 sed
2261 4619 2380 4681 post
2408 4626 2637 4681 paucum
2682 4619 2915 4681 tempus,
2957 4611 3068 4667 Deo
3094 4610 3432 4681 disponente,
3458 4610 3515 4663 in
3542 4607 3696 4665 Cam—

2137 4706 2353 4773 paniam
2392 4701 2666 4767 translata.

2210 4792 2325 4849 XIII
2347 4791 2480 4848 KAL.
2509 4792 2568 4848 ln
2597 4790 2889 4863 Babylonia
2911 4792 3162 4848 nativitas
3191 4789 3495 4853 Polouonii
3519 4788 3701 4861 [Poly-

2141 4884 2375 4958 chronii]
2425 4885 2659 4955 episcopi
2702 4882 2942 4953 ejusdem
2995 4883 3251 4950 civitatis,
3294 4884 3387 4952 qui
3437 4889 3702 4952 prasente

2136 4975 2301 5032 Decio
2326 4985 2674 5047 persecutore
2701 4991 2764 5030 os
2792 4975 3058 5045 lapidibus
3100 4991 3291 5040 caesus,
3338 4975 3587 5033 manibus
3608 4988 3694 5027 ex-

2139 5065 2328 5130 tensis,
2369 5065 2554 5121 oculos
2600 5065 2665 5120 ad
2722 5064 2891 5119 caelos
2938 5062 3154 5121 elevans
3199 5064 3379 5119 emisit
3430 5061 3699 5136 spiritum.

2138 5155 2408 5225 Scriptum
2434 5156 2485 5209 in
2507 5155 2758 5224 passione
2779 5155 2952 5211 sancti
2976 5153 3274 5209 Laurentii.

2208 5244 2298 5300 XII
2327 5244 2459 5299 KAL.
2489 5245 2547 5298 In
2584 5243 2895 5301 Nicomedia
2936 5244 3113 5298 natale
3157 5241 3526 5296 Pantaleontis
3554 5256 3703 5295 mar-

2139 5335 2310 5406 tyris,
2370 5336 2460 5405 qui
2499 5336 2597 5389 sub
2632 5333 2954 5389 Maximiano
3003 5334 3326 5402 imperatore
3379 5332 3699 5399 martyrium

2138 5442 2292 5485 suum
2309 5426 2568 5498 implevit.
2595 5426 2693 5482 Hic
2713 5426 2959 5487 Eustorio
2976 5421 3312 5496 [Eustorgio]
3328 5432 3481 5492 patre
3500 5420 3701 5485 editus,

2137 5525 2191 5572 et
2230 5518 2299 5572 ab
2333 5517 2580 5573 Errnolao
2608 5513 2937 5589 [Hermolao]
2971 5513 3289 5585 presbytero
3324 5512 3429 5566 ﬁde
3465 5509 3705 5569 imbutus

2139 5618 2425 5680 antequam
2447 5608 2834 5680 baptizaretur,
2848 5621 3073 5679 puerum
3095 5618 3125 5658 a
3138 5611 3388 5674 serpente
3406 5600 3702 5670 obligatum

2138 5699 2385 5754 liberavit
2411 5740 2427 5765 ,
2482 5708 2536 5753 et
2586 5708 2890 5782 serpentem
2942 5698 3187 5753 oratione
3232 5692 3524 5750 interfecit.
3576 5689 3705 5743 Post
