4028 6196
480 375 620 430 1155

1814 370 2435 433 MARTYROLOCIUM.

3526 408 3541 423 ε
3591 385 3727 439 H35

477 484 806 555 baptismum
846 496 974 536 vero
1021 497 1222 537 aecum
1265 482 1607 549 illuminavit,
1639 492 1845 553 patrem
1895 499 2051 538 suum
2084 489 2128 544 Α
2228 484 2426 551 "Kac.
2462 486 2518 542 In
2543 488 2867 544 Alexandria
2914 499 3225 547 sanctorum
3267 493 3472 550 Celeris
3498 493 3731 568 [Carea—

480 576 788 634 Eustorium
812 575 879 629 ad
909 573 1068 628 fidem
1097 574 1396 639 convertit,
1429 583 1486 629 et
1511 574 1680 629 multa
1710 574 1970 629 miracula
2000 574 2052 628 in

480 669 698 725 nomine
753 664 955 722 Christi
1003 666 1358 735 perpetravit.
1405 665 1636 735 Propter
1691 666 1836 736 quod
1890 664 2053 735 jussit

480 758 837 814 Maximianus
860 771 987 812 eum
1022 756 1076 810 in
1110 755 1339 826 equuleo
1369 756 1645 826 suspendi,
1687 763 1743 811 et
1775 753 2053 826 lampadas

478 848 547 903 ad
575 848 741 902 latera
775 846 892 916 ejus
920 846 1208 916 suspendi;
1239 846 1334 901 sed
1377 844 1607 900 ﬂamma;
1648 859 1840 904 earum
1871 844 2053 900 subito

476 938 759 994 exstinctae
773 945 899 992 sunt
921 955 933 990 :
951 944 1133 1007 postea
1153 936 1349 991 missus
1367 944 1450 991 est
1470 936 1524 990 in
1538 937 1869 1007 sartaginem
1893 937 2049 1008 ignis,

474 1038 538 1084 ut
569 1015 785 1084 ibidem
816 1027 1034 1098 plumbo
1088 1026 1381 1098 liquefacto
1424 1036 1763 1091 exureretur,
1813 1028 1907 1084 sed
1956 1043 2053 1099 per

474 1119 676 1176 Christi
717 1121 976 1175 virtutem
1018 1118 1348 1191 frigescente
1395 1121 1591 1176 ardore
1640 1120 1695 1176 in
1718 1120 1865 1175 nullo
1893 1120 2053 1176 laesus

475 1221 580 1267 est.
608 1211 802 1267 Postea
834 1212 886 1265 in
918 1226 1068 1267 mare
1094 1211 1314 1276 missus,
1340 1211 1435 1267 sed
1463 1212 1587 1266 inde
1609 1226 1774 1266 sanus
1800 1212 1867 1269 ad
1902 1210 2052 1266 littus

474 1302 768 1373 perductus
801 1309 905 1357 est.
934 1301 1140 1357 Dehinc
1164 1300 1295 1357 feris
1322 1310 1407 1359 est
1438 1296 1698 1369 traditus,
1724 1302 1817 1357 sed
1847 1316 1879 1357 a
1906 1302 2048 1358 nulla

470 1406 663 1448 earum
721 1392 1153 1457 contaminatus;
1212 1392 1280 1447 ad
1343 1402 1644 1447 extremum
1701 1407 1830 1449 vero
1874 1393 2051 1463 capite

471 1497 646 1539 ursus
668 1491 774 1550 est,
802 1482 896 1539 sed
920 1498 1269 1554 percussores
1309 1484 1479 1553 ipsius
1507 1484 1762 1554 reliquias
1801 1486 2051 1552 car,.oris

472 1574 592 1643 ejus
621 1574 882 1640 tulerunt,
928 1582 984 1628 et
1029 1573 1330 1630 honorifice
1368 1574 1712 1645 sepelierunt.
1757 1574 2051 1646 Presbyter

475 1680 605 1721 vero
630 1663 914 1720 Ermolaus
955 1663 1320 1737 [Hermolaus]
1350 1679 1472 1720 cum
1514 1664 1721 1721 duobus
1767 1665 2044 1735 germanis

472 1757 609 1821 suis,
644 1755 749 1811 hoc
788 1762 873 1810 est
918 1754 1177 1825 Erinippo
1229 1763 1283 1810 et
1327 1754 1604 1811 Ermodito
1644 1754 1957 1826 [Hermippo
1990 1765 2048 1814 et

2156 577 2265 650 lis],
2296 578 2486 649 Popilli
2517 580 2774 653 [Pupuli],
2810 581 2974 654 Ligioi
3007 582 3189 656 [Caii],
3214 584 3546 657 Serapionis.

2710 707 3192 789 MABTIUS.

2225 835 2358 893 KAL.
2387 839 2607 895 Mum.
2653 842 2957 912 Andegavis
3004 844 3271 914 depositio
3320 849 3493 903 sancti
3547 850 3726 906 Albini

2152 930 2413 1000 episcopi.

2224 1018 2291 1074 Vl
2319 1019 2453 1076 Non.
2485 1019 2750 1078 Nativitas
2777 1032 3089 1080 sanctorum
3116 1024 3286 1098 Jorgi,
3319 1027 3521 1100 Hergli,
3548 1032 3720 1088 Absa-

2151 1112 2262 1167 loni
2292 1111 2488 1184 [Lucii,
2520 1113 2808 1170 Absalonis
2826 1126 2882 1170 et
2908 1115 3133 1189 Lorgii].
3161 1118 3218 1173 ln
3250 1118 3495 1177 Caesarea
3521 1122 3730 1196 Cappa-

2149 1203 2319 1258 docia:
2342 1203 2502 1260 Luce
2529 1204 2788 1275 episcopi,
2816 1206 3097 1273 Primitivi,
3128 1216 3184 1263 et
3220 1210 3273 1265 in
3301 1220 3460 1280 portu
3486 1212 3728 1271 Romano

2150 1291 2322 1359 Pauli,
2353 1292 2670 1349 Secundolae
2694 1294 3086 1370 [Secundilla],
3116 1296 3405 1357 Ianuarias.

2221 1384 2265 1439 γ
2297 1384 2431 1442 Non.
2474 1385 2740 1442 Nativitas
2767 1387 2990 1452 Felicis,
3038 1387 3279 1458 Lucioli,
3325 1391 3494 1458 Justi,
3536 1395 3727 1452 Fortu-

2148 1477 2281 1542 nati,
2313 1476 2539 1543 Martiw,
2563 1477 2798 1542 Ilerotis,
2829 1479 3132 1551 Antigonii,
3158 1480 3432 1549 Januarii,
3462 1485 3724 1551 Tuhcllie,

2147 1564 2412 1631 Gabiani,
2440 1566 2700 1634 Quirinii,
2750 1567 2972 1635 Marini;
3005 1571 3132 1626 item
3181 1572 3404 1640 Felicis,
3448 1574 3724 1645 Floriani,

2148 1656 2364 1711 Donati.

2218 1746 2284 1801 IV
2328 1745 2462 1802 Non.
2502 1746 2688 1803 Romae
2718 1748 2980 1818 depositio
3021 1748 3126 1806 Iuli
3168 1754 3437 1824 episcopi,
3469 1765 3523 1812 et
3561 1756 3725 1815 Nico-

475 1844 868 1918 ilermocrate],
926 1844 1222 1901 decollatus
1270 1853 1373 1909 est,
1400 1855 1457 1901 et
1504 1861 1535 1900 a
1591 1844 1920 1905 Christianis
1956 1860 2045 1903 se-
2077 1830 2123 1891 B
2153 1841 2342 1895 mediae
2368 1841 2549 1911 paSSiO
2575 1850 2887 1898 sancwl‘llm
2930 1843 3150 1899 Adriani
3178 1859 3301 1902 cum
3342 1848 3463 1904 aliis
3500 1864 3728 1908 numero

473 1937 671 2007 pultus.

547 2027 617 2082 XI
648 2027 779 2082 KAL.
818 2027 1082 2084 Nativitas
1133 2035 1442 2083 sanctorum
1495 2027 1547 2081 in
1582 2024 1788 2089 Africa,
1839 2024 2034 2091 Publii,

470 2119 689 2185 Juliani,
716 2119 946 2175 Marulii.
977 2118 1111 2174 Item
1140 2118 1359 2183 Iuliani,
1388 2116 1649 2183 Marcelli,
1697 2115 1836 2181 Tuli,
1888 2116 2046 2172 Lam-

469 2211 628 2280 pasii,
668 2208 847 2279 Majuli
884 2219 940 2265 et
964 2208 1186 2265 Iuliani.

543 2298 590 2350 Χ
615 2296 745 2352 ΚΜ..
769 2298 955 2353 Roma:
984 2299 1239 2354 nativitas
1264 2295 1363 2355 Gai
1393 2297 1653 2367 episcopi,
1697 2305 1753 2351 et
1781 2297 1837 2352 in
1869 2296 2047 2368 Cypro

469 2390 728 2444 nativitas
757 2389 1033 2456 Potamiaa,
1092 2389 1334 2445 Nemersi
1393 2389 1641 2461 [Potamii
1698 2398 1753 2444 et
1787 2380 2044 2452 Nemesii]

467 2490 524 2535 et
554 2479 784 2551 Didymi,
828 2488 883 2535 et
921 2480 1049 2535 alibi
1076 2480 1311 2535 Victoris
1342 2482 1679 2551 martyrium,
1715 2489 1769 2535 et
1799 2480 2043 2546 Coronae,

470 2579 528 2625 et
558 2570 785 2625 aliorum
814 2571 1027 2641 viginti.

542 2657 613 2713 IX
643 2658 775 2713 ΚΜ..
824 2657 880 2713 ln
939 2658 1121 2715 Africa
1164 2660 1419 2714 nativitas
1484 2667 1797 2716 sanctorum
1866 2660 2043 2716 νυτοῆ

472 2747 718 2819 [Veruli],
746 2747 974 2814 Servuli,
1006 2748 1319 2816 Secundini,
1342 2748 1502 2805 Sirici
1531 2748 1800 2822 [Syricii],
1827 2749 2041 2816 Felicis,

471 2836 768 2904 Saturnini,
791 2837 1088 2902 Fortunati,
1105 2848 1159 2894 et
1178 2839 1404 2894 aliorum
1434 2838 1688 2905 sedecim,
1710 2849 1764 2894 et
1782 2840 2045 2910 depositio

472 2928 748 2995 Eucherii,
786 2929 1024 3001 episcOpi
1054 2939 1109 2986 et
1134 2929 1478 2987 confessoris.

542 3021 653 3077 Vill
680 3022 814 3077 Kac.
854 3021 1119 3079 Cathedra
1170 3023 1226 3077 S.
1290 3023 1456 3090 Petri,
1502 3039 1666 3094 quam
1716 3025 1855 3079 sedit
1903 3027 2045 3094 apud

470 3112 831 3177 Antiochiam,
880 3114 970 3169 ubi
1005 3121 1062 3168 et
1109 3114 1341 3184 primum
1399 3114 1765 3184 cognominati
1805 3124 1931 3170 sunt
1963 3116 2045 3171 di-

471 3204 660 3273 scipuli
688 3204 978 3260 Christiani
1009 3222 1023 3269 ;
1052 3213 1107 3260 et
1145 3205 1198 3259 in
1239 3204 1550 3260 Nicomedia
1591 3206 1847 3261 nativitas
1868 3206 2044 3261 Tecla:

468 3295 712 3367 virginis,
757 3296 1035 3366 discipulae
1087 3296 1260 3351 sancti
1315 3295 1464 3349 Pauli
1501 3296 1750 3366 apostoli,
1781 3310 1901 3366 qua:
1943 3297 2043 3351 sub

469 3386 681 3441 Nerone
715 3388 1039 3457 imperatore
1066 3402 1164 3457 pro
1206 3385 1403 3442 Christi
1438 3386 1656 3441 nomine
1688 3385 1797 3457 igni
1820 3393 1905 3441 est
1935 3394 2044 3440 tra-

470 3475 603 3541 dita,
634 3477 729 3532 sed
767 3492 874 3531 non
917 3486 1107 3531 exusta
1141 3494 1154 3529 :
1196 3483 1383 3545 postea
1413 3476 1601 3531 bestiis
1626 3486 1787 3546 atque
1823 3488 2043 3545 serpen-

467 3567 615 3622 tibus
638 3567 912 3637 deputata,
952 3568 1047 3622 sed
1076 3582 1107 3620 a
1144 3566 1291 3621 nullo
1317 3580 1503 3622 eorum
1549 3575 1633 3622 est
1655 3567 1802 3621 lzcsa.
1833 3566 1915 3621 Ad
1943 3581 2040 3620 ex-

469 3663 700 3712 tremum
743 3670 870 3711 vero
896 3655 949 3710 in
999 3654 1266 3720 Seleucia,
1298 3670 1420 3711 cum
1458 3656 1781 3727 virginitatis
1835 3665 2041 3727 marty-

469 3746 553 3801 rio
578 3755 741 3816 atque
775 3746 1034 3801 virtutum
1082 3746 1287 3803 honore
1332 3760 1435 3815 per
1483 3760 1729 3801 somnum
1752 3747 1901 3815 pacis
1944 3749 2044 3800 mi-

469 3836 647 3906 gravit
687 3834 754 3891 ad
804 3834 1109 3890 Dominum.
1150 3834 1335 3889 Romae
1388 3834 1475 3888 via
1531 3834 1811 3893 Tiburtina
1863 3835 1930 3889 ad
1981 3832 2039 3889 S.

470 3925 840 3992 Laurentium,
865 3924 1119 3980 nativitas
1170 3931 1370 3979 sanctae
1392 3921 1728 3988 Concordiae,
1756 3938 1913 3994 quam
1941 3921 2042 3977 De-

468 4016 623 4071 ciana
646 4014 951 4086 persecutio
982 4012 1290 4069 trucidavit.

542 4126 785 4181 illum.
826 4125 881 4179 In
934 4125 1229 4181 Pannoniis
1277 4125 1532 4179 nativitas
1579 4134 1888 4180 sanctorum
1946 4122 2042 4179 Se-

472 4218 649 4272 neroti
680 4215 927 4289 [Sireni],
975 4215 1276 4286 Antigonii,
1305 4215 1510 4281 Rotuli,
1548 4214 1690 4278 Libi,
1718 4225 1772 4269 et
1812 4216 1867 4271 in
1915 4216 2042 4270 Asia

470 4307 751 4377 Polycarpi
776 4322 899 4361 cum
929 4305 1050 4360 aliis
1078 4305 1380 4361 duodecim.

544 4420 609 4476 Vl
648 4420 780 4475 ΚΑΙ..
821 4419 880 4475 In
935 4419 1217 4474 Palu-stiria
1251 4419 1485 4475 Matthia?
1536 4419 1780 4491 apostoli,
1833 4420 1924 4489 qui
1977 4421 2042 4475 de

470 4512 807 4582 septuaginta
842 4510 1119 4583 discipulis
1149 4527 1246 4582 pro
1273 4511 1407 4566 Juda
1444 4513 1704 4568 traditore
1730 4514 1784 4567 in
1826 4522 2041 4582 aposto—
2068 4514 2117 4574 D

469 4604 636 4658 latum
698 4603 922 4668 electus,
977 4605 1030 4658 in
1081 4603 1262 4659 Iudaea
1328 4604 1676 4675 Evangelium
1706 4605 2033 4675 praedicavit.

540 4713 583 4768 ν
617 4715 749 4771 ΚΑΙ..
774 4716 831 4773 In
857 4715 1037 4772 Africa
1077 4717 1329 4772 nativitas
1364 4725 1672 4772 sanctorum
1705 4717 1914 4781 Donati,
1941 4716 2036 4771 Ju-

468 4807 559 4869 sti,
597 4806 800 4867 Rutuli,
830 4806 1059 4865 Herenei
1111 4805 1401 4879 [llerenm],
1447 4805 1698 4870 Pisionis,
1750 4805 2031 4875 Pamphili.

470 4897 735 4952 Nativitas
758 4896 999 4953 Nestoris
1024 4906 1079 4952 et
1101 4896 1295 4953 Castaa.

540 5007 606 5063 IV
627 5006 760 5062 ΚΜ..
790 5007 845 5062 ln
887 5007 1210 5063 Alexandria
1256 5008 1509 5063 nativitas
1556 5016 1861 5063 sanctorum
1909 5006 2035 5061 Alc-

470 5097 683 5164 xandri,
713 5097 971 5163 Nestoris,
1014 5097 1270 5164 Theonis,
1297 5098 1541 5169 Opionis,
1576 5097 1735 5162 Justi,
1766 5097 2034 5162 Donativi,

466 5190 739 5259 Ampliati,
769 5190 992 5261 Ingenii.

538 5278 609 5334 Ill
634 5279 771 5335 ΚΑΙ..
803 5281 860 5335 1η
884 5280 1269 5337 Thessalonica
1293 5283 1546 5338 nativitas
1572 5290 1877 5337 sanctorum
1915 5279 2037 5334 Ale-

468 5370 683 5436 xandri,
734 5370 1041 5443 Androgoni
1087 5372 1405 5446 [Antigoni],
1456 5373 1780 5429 Abundantii
1837 5371 2039 5444 [Abun-

468 5457 590 5533 dii].
623 5459 681 5515 ln
710 5458 890 5516 Africa
923 5462 1182 5533 Dionysii,
1206 5472 1261 5516 et
1305 5463 1530 5518 aliorum
1561 5463 1749 5533 viginti
1784 5472 2033 5532 quatuor.

538 5601 567 5633 ι
588 5587 787 5645 Earum
814 5590 1130 5647 feminarum
1152 5593 1333 5661 passio
1353 5593 1583 5647 habetur
1600 5594 1738 5661 apud
1759 5593 2032 5657 Ruinart.,

464 5655 613 5731 Acta
634 5655 1176 5731 sincerajlartyrum'.
1194 5662 1268 5731 Ea
1293 5662 1382 5731 qui
1409 5661 1617 5715 viderat
1635 5655 1880 5716 Valesius
1901 5655 2037 5715 seri?-

467 5735 561 5803 pta
592 5729 756 5785 fuisse
784 5745 813 5784 a
844 5729 1166 5785 Montanista
1199 5729 1497 5797 judicavit:
1540 5740 1596 5784 et
1634 5731 1774 5798 ipsas
1810 5731 2036 5785 feminas

2147 1929 2367 2001 triginta
2398 1930 2589 1986 tribus.

2217 2014 2281 2071 Ill
2327 2015 2460 2071 Non.
2505 2015 2689 2072 Roma:
2726 2016 2875 2074 Lucii
2918 2034 3073 2090 papae
3116 2030 3172 2077 et
3212 2026 3486 2095 martyris.
3534 2025 3632 2083 Hic
3668 2027 3725 2084 in

2147 2105 2397 2159 exsilium
2426 2115 2648 2177 propter
2675 2106 2832 2163 ﬁdem
2870 2108 3071 2167 Christi
3101 2118 3284 2171 trusus
3312 2122 3417 2181 est,
3450 2123 3508 2172 et
3536 2127 3724 2189 postea

2145 2204 2280 2251 nutu
2309 2196 2404 2252 Dei
2436 2198 2719 2255 incolumis
2757 2202 2824 2256 ad
2862 2201 3158 2260 Ecclesiam
3189 2220 3440 2265 reversus
3473 2219 3596 2278 est;
3629 2214 3725 2285 qui

2145 2288 2307 2342 etiam
2330 2303 2359 2342 a
2390 2286 2677 2345 Valeriano
2706 2291 3031 2361 imperatore
3056 2295 3236 2366 capite
3261 2307 3541 2357 truncatus
3562 2312 3648 2360 est
3670 2314 3727 2360 et

2146 2378 2385 2447 sepultus
2409 2379 2461 2432 in
2493 2384 2800 2436 cmmeterio
2824 2381 3030 2439 Callisti
3056 2385 3141 2440 via
3168 2386 3359 2457 Appia.

2219 2470 2259 2523 Il
2307 2470 2439 2524 Non.
2506 2470 2681 2527 Martii
2742 2472 3004 2542 depositio
3062 2477 3237 2532 sancti
3300 2477 3538 2545 Quiriaci
3565 2495 3720 2551 pres-

2145 2559 2341 2629 byteri.
3682 2578 3693 2581 “

2218 2652 2398 2708 Noms.
2433 2653 2583 2723 Apud
2627 2654 3041 2726 Carthaginem,
3070 2667 3096 2697 ι
3132 2655 3411 2728 Perpetua:
3448 2668 3504 2713 et
3533 2658 3723 2714 Felici-

2149 2743 2303 2807 tatis,
2342 2757 2463 2811 quae
2514 2744 2702 2800 bestiis
2748 2754 2873 2801 sunt
2904 2746 3169 2816 deputatae
3206 2746 3309 2802 sub
3337 2746 3721 2819 Severoprin-

2146 2831 2286 2902 cipe,
2311 2840 2368 2887 et
2394 2847 2517 2887 cum
2545 2832 2798 2888 Felicitas
2823 2834 3117 2903 parturiret
3139 2834 3194 2890 in
3219 2849 3461 2902 carcere,
3477 2837 3720 2893 omnium

2147 2926 2397 2993 militum,
2435 2927 2526 2997 qui
2575 2928 2736 2983 simul
2769 2929 3136 2997 patiebantur,
3170 2930 3422 2999 precibus
3464 2930 3722 3000 impetra-

2149 3025 2258 3071 tum
2284 3026 2367 3073 est
2391 3026 2452 3071 ut
2469 3024 2663 3075 octavo
2689 3033 2874 3073 mense
2897 3027 3127 3090 pareret.
3156 3019 3276 3075 lam
3296 3036 3425 3077 vero
3445 3021 3722 3092 Perpetua:

2150 3107 2292 3162 inter
2329 3107 2431 3162 alia
2462 3122 2775 3163 concessum
2809 3116 2893 3163 est
2927 3117 2985 3164 ut
3012 3108 3128 3178 ejus
3157 3125 3310 3165 mens
3332 3111 3724 3181 quodammodo

2070 3171 2120 3234 C
2147 3207 2484 3255 averteretur
2507 3214 2536 3253 a
2567 3214 2814 3269 corpore,
2844 3200 2896 3254 in
2923 3171 3237 3270 quo'vaccaa
3264 3171 3519 3272 impetum
3539 3211 3723 3274 pertu—

2143 3292 2201 3347 lit
2223 3333 2236 3357 ,
2268 3293 2339 3346 ita
2369 3300 2428 3346 ut
2456 3293 2633 3345 adhuc
2661 3291 2899 3347 futurum
2925 3304 3268 3363 exspectaret
3294 3297 3435 3364 quod
3459 3297 3513 3353 in
3533 3313 3594 3353 se
3608 3297 3722 3368 jam

2142 3390 2350 3452 gestum
2373 3395 2491 3435 esse
2520 3380 2772 3436 nesciret.

2214 3471 2323 3528 VIII
2351 3471 2427 3525 In.
2454 3470 2678 3526 MART".
2716 3469 2772 3525 In
2804 3470 3112 3527 Nicomedia
3134 3470 3359 3539 Quintili
3387 3472 3717 3548 [Quinctilis]

2142 3564 2410 3637 episcopi,
2453 3571 2511 3617 et
2543 3562 2853 3633 Capitulini.
2902 3562 2960 3617 ln
3002 3562 3186 3619 Africa
3225 3564 3456 3633 Rogati,
3487 3564 3717 3632 Felicis,

2142 3658 2270 3713 item
2305 3654 2496 3726 Rogati
2524 3654 2764 3709 Beremae
2797 3652 3042 3726 [Beatae],
3081 3652 3328 3710 Berenice
3345 3692 3373 3718 ,-
3392 3653 3714 3719 Felicitatis,

2141 3748 2340 3804 Orbani
2366 3744 2641 3819 [Urbani],
2672 3743 2856 3816 Cyrilli
2889 3743 3123 3813 episcOpi
3146 3786 3159 3810 ,
3193 3742 3428 3810 Silvani,
3456 3752 3511 3800 et
3537 3744 3717 3801 Manili

2144 3836 2419 3911 [Mamili].

2214 3929 2301 3986 Vl]
2325 3929 2401 3985 lu.
2444 3929 2501 3984 In
2542 3929 2767 3984 Sebaste
2814 3927 3066 3981 Armenia
3119 3926 3320 3982 Minore
3362 3928 3717 4000 quadraginta

2142 4021 2371 4075 militum
2409 4028 2651 4089 tempore
2682 4017 2872 4073 Licinii
2907 4016 3079 4087 regis,
3114 4018 3213 4073 sub
3240 4017 3465 4086 praeside
3486 4018 3715 4088 Agrico-

2143 4111 2245 4175 lao,
2284 4109 2372 4180 qui
2414 4118 2535 4181 post
2573 4109 2785 4163 vincula
2807 4116 2863 4164 et
2891 4123 3139 4165 carceres
3167 4109 3560 4176 creberrimos,
3594 4121 3715 4181 post

2143 4219 2312 4259 cresas
2352 4202 2618 4272 lapidibus
2661 4201 2855 4268 facies,
2903 4201 3050 4257 missi
3078 4210 3203 4257 sunt
3227 4201 3279 4256 in
3318 4210 3594 4273 stagnum,
3621 4205 3715 4260 ubi

2143 4294 2262 4365 gelu
2308 4294 2604 4349 constricta
2633 4307 2864 4363 corpora
2907 4308 3090 4348 eorum
3128 4300 3281 4347 nocte
3308 4292 3716 4365 disrumpeban-

2147 4394 2254 4451 tur,
2282 4394 2337 4441 et
2362 4401 2520 4441 mane
2555 4385 2878 4456 crncifragio
2904 4385 3219 4453 martyrium
3246 4394 3706 4440 consummarunt.

2144 4473 2344 4529 Deinde
2371 4489 2595 4545 corpora
2622 4487 2807 4527 eorum
2835 4472 3140 4534 combusta,
3181 4470 3313 4525 etin
3341 4469 3501 4527 ﬂuvio
3538 4471 3713 4541 proje-

2143 4574 2250 4626 cta,
2282 4565 2373 4619 sed
2396 4565 2575 4619 divina
2600 4563 2997 4632 dispensatione
3021 4561 3263 4631 reliquiae
3282 4575 3469 4616 eorum
3490 4562 3713 4633 integrat

2145 4662 2270 4707 sunt
2298 4661 2523 4722 reperta:
2557 4661 2607 4706 ct
2634 4653 2838 4706 honore
2866 4651 3025 4719 digno
3054 4650 3301 4705 conditae.
3336 4650 3503 4705 Erant
3530 4663 3709 4707 autem

2144 4741 2432 4797 nobiliores
2457 4741 2597 4795 inter
2623 4756 2717 4796 eos
2745 4740 3024 4807 Quirinion
3063 4737 3303 4811 [Cyrion]
3334 4748 3392 4794 et
3417 4739 3709 4796 Candidus.

2214 4832 2278 4886 Vl
2309 4829 2383 4884 In.
2412 4830 2468 4884 In
2512 4830 2795 4885 Antiochia
2835 4829 3030 4900 Agapa:
3057 4827 3332 4901 [Agapes]
3371 4830 3627 4901 virginis,
3657 4840 3714 4886 ct

2141 4925 2409 4978 Marianae.
2436 4922 2699 4993 Smyrnae,
2736 4921 2980 4977 Phronis.
3025 4920 3079 4975 In
3116 4920 3426 4977 Nicomedia
3449 4921 3707 4989 Palatini,

2140 5015 2399 5070 Firmiani
2423 5022 2473 5069 et
2503 5013 2730 5067 Rustici.
2757 5012 2811 5067 In
2843 5011 3163 5066 Alexandria
3191 5011 3366 5067 Eracli
3397 5009 3700 5084 [Heraclii],

2140 5101 2375 5167 Zosimi,
2420 5100 2743 5166 Alexandri,
2786 5110 2839 5155 et
2881 5098 3115 5170 Gaiperii
3161 5099 3416 5173 [Candidi
3457 5108 3512 5154 et
3550 5099 3705 5170 Pipe-

2137 5190 2348 5263 rionis].

2210 5280 2253 5334 V
2277 5281 2354 5335 In.
2382 5279 2439 5334 ln
2473 5278 2714 5336 Sebastia
2740 5279 2956 5335 civitate
2981 5280 3234 5335 nativitas
3261 5285 3556 5348 martyrum
3575 5293 3705 5349 qua-

2140 5372 2389 5443 draginta
2416 5372 2507 5441 qui
2536 5370 2866 5441 temporibus
2888 5371 3079 5427 Licinii
3103 5367 3461 5438 imperatoris,
3483 5377 3537 5423 et
3556 5369 3709 5442 Agri-

2136 5464 2277 5519 colai
2319 5463 2583 5533 praesidis,
2612 5470 2668 5517 et
2701 5462 2873 5533 Lysim
2916 5462 3098 5524 ducis,
3138 5474 3238 5529 pro
3265 5458 3482 5515 nomine
3507 5459 3709 5517 Christi

2138 5610 2168 5648 c
2198 5592 2641 5648 Montanistarum
2672 5603 2817 5648 secta
2866 5591 3030 5647 fuisse
3065 5590 3221 5645 facile
3265 5589 3448 5647 credet
3478 5591 3707 5661 quicun-

2140 5678 2244 5733 que
2272 5663 2477 5733 legerit.
2519 5663 2678 5718 Bass.
