4028 6196
422 345 459 396 ’³1
481 344 578 397 Γόὔ

1077 342 1136 396 Β.
1182 341 1429 396 RABANI
1470 339 1684 396 MAURI
1726 338 2042 394 ARCHIEP.
2086 338 2391 394 MOGUNT.
2436 339 2714 394 OPERUM
2758 337 2935 394 PARS
2975 338 3038 392 ll.

3571 336 3700 391 H36

433 455 756 526 martyrium
784 453 928 525 passi
957 461 1100 515 sunt,
1126 467 1262 522 quos
1290 449 1608 522 Agricolaus
1637 465 1870 526 praeses,
1901 465 2022 504 cum
2051 456 2100 514 Α
2127 466 2238 505 sure
2270 451 2442 505 nudus
2466 451 2670 505 catenis
2693 451 2958 522 obligatus
2984 459 3108 504 ante
3137 449 3354 504 rliedam
3382 464 3498 516 ejus
3528 452 3702 506 trahe-

435 551 506 604 ad
534 548 802 616 culturam
826 545 1047 600 deorum
1067 551 1384 598 convertere
1407 557 1512 598 non
1534 553 1734 612 posset,
1753 541 2020 611 lapidibus

437 640 594 697 obrui
638 638 911 708 praecepit.
963 635 1070 688 Sed
1103 634 1428 704 lapidatores
1471 650 1659 689 eorum
1702 635 2019 690 alterutrum

437 744 622 787 secum
652 727 915 796 lapidibus
943 724 1243 788 credebant,
1274 738 1371 778 nec
1402 733 1668 794 martyres
1693 738 1890 780 nocere
1919 740 2018 794 po-

438 827 634 877 terant.
666 818 781 872 Dux
817 829 942 870 vero
972 813 1182 885 Lysias,
1213 814 1573 868 exardescens
1604 814 1707 880 ira,
1739 814 1859 867 tulit
1889 814 2020 885 lapi-

440 913 560 967 dem
587 919 644 963 ut
675 915 982 978 percuteret
1005 905 1237 974 aliquem
1266 912 1607 969 sanctorum;
1642 905 1735 959 sed
1760 904 1898 959 miro
1921 904 2018 959 Dei

439 1009 570 1056 nutu
595 1000 708 1070 ipse
735 997 869 1066 lapis
894 997 946 1050 in
975 995 1164 1050 faciem
1194 995 1438 1064 pervenit
1466 993 1709 1064 praesidis
1739 1011 1751 1047 :
1791 1009 1926 1064 quos
1963 995 2018 1049 in

439 1101 686 1164 stagnum
717 1089 949 1160 gelatum
983 1088 1152 1159 glacie
1181 1101 1383 1157 praeses
1405 1086 1572 1152 misit,
1597 1085 1692 1142 sed
1721 1085 1814 1140 Dei
1836 1085 2022 1140 volun-

432 1190 550 1237 tate
589 1182 766 1252 ipsum
812 1179 980 1249 frigus
1008 1185 1364 1247 temperatum
1390 1185 1507 1243 est,
1536 1185 1591 1232 et
1616 1177 1814 1248 glacies
1842 1175 2017 1231 disso-

439 1272 551 1326 luta
582 1285 719 1340 aqua
742 1268 917 1324 calida
945 1267 1084 1321 facta
1117 1275 1216 1321 est.
1264 1266 1410 1321 Unus
1439 1274 1618 1322 autem
1647 1266 1714 1321 de
1739 1265 1870 1336 ipsis
1889 1281 2021 1335 qua-

434 1364 684 1433 draginta
709 1375 989 1431 pinnarum
1021 1359 1215 1414 timore
1250 1359 1603 1429 perterritus,
1653 1359 1722 1413 ad
1767 1357 2019 1414 balneum

439 1453 639 1524 refugit
664 1469 678 1517 ;
717 1451 809 1506 sed
841 1467 964 1505 mox
992 1459 1050 1504 ut
1080 1449 1256 1520 attigit
1284 1448 1520 1504 calorem
1547 1448 1813 1504 resolutus
1841 1457 1942 1514 est,
1961 1457 2016 1503 et

431 1544 520 1597 sic
541 1541 777 1599 reddidit
808 1540 1078 1594 animam:
1120 1538 1174 1590 in
1208 1537 1360 1607 cujus
1395 1537 1571 1592 locum
1603 1537 2012 1601 clavicularius,

441 1633 531 1702 qui
577 1638 793 1686 sanctos
840 1639 1104 1700 martyres
1144 1627 1500 1693 custodiebat,
1540 1627 1765 1682 credens
1800 1626 2018 1682 Christo

435 1723 762 1778 substitutus
791 1729 892 1786 est,
919 1721 1108 1774 videns
1142 1732 1398 1773 coronam
1428 1718 1494 1772 de
1528 1717 1667 1772 ctelo
1696 1716 2020 1772 descendere

435 1829 599 1884 super
619 1811 858 1882 singulos
879 1811 969 1881 qui
992 1811 1045 1863 in
1069 1808 1406 1864 confessione
1429 1808 1797 1877 perstiterant.
1817 1805 2023 1876 Tyran-

442 1919 544 1958 nus
569 1918 719 1966 vero,
751 1901 986 1972 repletus
1025 1901 1139 1966 ira,
1178 1899 1340 1970 jussit
1365 1913 1459 1953 eos
1485 1898 1604 1953 duci
1645 1899 1712 1952 ad
1755 1897 1935 1962 littus,
1964 1904 2020 1952 et

443 1995 650 2052 baculis
678 2009 865 2049 eorum
890 2009 1050 2048 crura
1079 1991 1365 2062 confringi,
1405 1999 1459 2045 et
1482 1991 1609 2045 item
1634 1989 1688 2044 in
1720 2001 2022 2057 marepro-

434 2087 567 2157 jiei;
602 2087 716 2151 sed,
750 2086 860 2140 Deo
901 2084 1145 2149 volente,
1172 2092 1468 2153 martyrum
1510 2080 1748 2150 reliquiae
1777 2080 1828 2134 in
1869 2093 2021 2148 aquae

439 2177 707 2248 profundo
738 2175 1003 2247 religiosis
1032 2174 1163 2229 viris
1198 2173 1443 2228 revelatze
1475 2180 1628 2235 sunt,
1671 2179 1730 2224 et
1775 2169 1896 2224 inde
1929 2169 2022 2224 ab-

436 2269 644 2323 latae-et
671 2267 732 2322 in-
747 2266 936 2322 loculis
963 2266 1189 2320 honeste
1209 2263 1442 2318 condita:
1469 2269 1611 2316 sunt.

511 2357 576 2414 ιν
610 2358 686 2413 In.
717 2358 903 2413 Romae
930 2356 1196 2428 depositio
1225 2354 1398 2410 sancti
1426 2353 1674 2424 Gregorii
1714 2368 1896 2423 papaa,
1926 2352 2019 2422 qui

442 2450 497 2504 in
527 2451 642 2520 lege
668 2448 764 2504 Dei
786 2447 1243 2504 luculentissimus
1268 2446 1456 2501 doctor
1477 2445 1701 2509 exstitit,
1729 2453 1782 2498 et
1808 2451 2021 2512 gentem

441 2541 735 2613 Anglorum
766 2556 863 2611 per
893 2539 1251 2610 Augustinum
1283 2545 1338 2591 et
1375 2535 1628 2590 Mellitum
1667 2544 1827 2605 atque
1860 2531 2023 2590 Joan-

440 2646 565 2690 nem
597 2647 782 2689 servos
811 2631 905 2686 Dei
930 2631 999 2686 ad
1030 2629 1190 2685 fidem
1221 2627 1508 2684 convertit.

507 2721 576 2778 IIl
605 2723 681 2777 In.
714 2721 770 2776 ln
803 2721 1113 2776 Nicomedia
1158 2719 1412 2773 nativitas
1455 2717 1751 2773 Macedonii
1798 2717 2022 2789 presby-

443 2818 564 2879 teri,
613 2824 669 2872 et
701 2814 946 2870 Patriciae
990 2813 1176 2868 uxoris
1216 2811 1362 2880 ejus,
1400 2819 1456 2866 et
1500 2809 1622 2865 filia:
1650 2809 1923 2864 Modestze.
1961 2809 2020 2864 In

444 2907 639 2970 Nicaea,
672 2905 954 2959 Theusetae
991 2911 1044 2957 et
1081 2902 1242 2957 lloris
1289 2901 1380 2956 filii
1417 2899 1552 2968 ejus.
1598 2901 1911 2956 Theodorae.
1955 2899 2020 2954 l’li

443 3010 632 3050 omnes
680 2993 791 3064 igni
841 2991 1171 3048 concremati
1215 2998 1363 3045 sunt.
1410 2989 1539 3044 Julii
1585 2988 1854 3060 episc0pi,
1900 2989 2021 3044 Ale-

447 3086 660 3141 xandri.

2127 552 2302 608 retur;
2334 552 2386 597 et
2413 552 2534 612 post
2563 543 2663 596 hoc
2690 544 2914 597 eductus
2941 550 3024 596 est.
3051 542 3117 596 de
3144 556 3361 595 carcere
3384 557 3508 594 cum
3542 544 3702 597 sociis

2121 633 2318 705 Largo,
2351 645 2406 689 ot
2434 635 2750 704 Smaragdo,
2765 646 2820 688 et
2836 633 3239 696 Crescentiano,
3264 649 3362 704 per
3387 633 3702 703 Carpasium

2124 725 2383 781 vicarium
2402 766 2416 790 ,
2440 733 2504 778 et
2527 725 2644 794 pice
2676 725 2934 794 reliquata
2964 732 3124 793 caput
3149 723 3264 791 ejus
3293 722 3569 792 perfusum
3595 735 3696 778 est.

2123 819 2192 873 Et
2213 834 2401 872 rursus
2418 826 2544 888 post
2574 819 2691 873 dies
2716 825 2944 887 quatuor
2978 817 3154 870 denuo
3179 816 3244 869 de
3279 830 3499 870 carcere
3532 817 3583 870 in
3611 833 3700 872 ca—

2126 918 2264 966 tasta
2289 918 2540 965 extentus
2578 924 2643 964 ac
2680 917 2906 972 tractus,
2936 907 3116 961 nervis
3143 914 3198 960 et
3227 905 3458 960 fustibus
3497 923 3694 972 caesus,

2123 1009 2246 1071 post
2276 999 2462 1073 [Forte
2501 1001 2638 1056 duos
2664 999 2746 1056 vel
2777 997 2908 1071 tres]
2942 996 3319 1064 dies,jubente
3341 997 3696 1064 Maximiano,

2124 1090 2300 1159 capite
2326 1099 2608 1144 truncatus
2647 1097 2733 1144 est
2772 1103 2897 1142 cum
2941 1086 3149 1158 Largo,
3195 1095 3249 1141 et
3293 1085 3607 1157 Smaragdo,
3649 1098 3702 1143 et

2125 1183 2246 1238 aliis
2276 1182 2486 1254 viginti.
2515 1181 2782 1250 Scriptum
2822 1181 2873 1234 in
2896 1179 3061 1250 gestis
3103 1177 3334 1233 Marcelli
3376 1193 3544 1248 papae.
3585 1180 3703 1250 Ipso

2125 1280 2366 1343 tempore
2417 1271 2725 1326 Maximiani
2766 1270 2909 1326 Deus
2950 1267 3224 1324 interfecit
3266 1284 3506 1324 sororem
3549 1285 3700 1326 suam

2123 1364 2438 1419 Artemiam.

2194 1452 2312 1508 XVI
2343 1453 2476 1508 ΚΜ..
2509 1452 2565 1507 lu
2611 1453 2793 1508 Scotia
2824 1451 3018 1507 natalis
3047 1450 3268 1506 Patricii
3295 1451 3532 1520 episc0pi
3554 1492 3568 1513 ,
3607 1451 3700 1522 qui

2124 1547 2179 1602 in
2209 1544 2466 1601 Hibernia
2498 1545 2670 1600 insula
2695 1545 2872 1600 Scotis
2898 1545 3131 1615 primum
3161 1543 3473 1614 przedicavit
3503 1559 3698 1598 nomen

2124 1637 2336 1694 Domini
2381 1638 2549 1692 nostri
2580 1637 2707 1692 Jcsu
2733 1637 2974 1702 Christi;
3017 1644 3072 1690 et
3100 1634 3294 1690 natalis
3332 1633 3513 1689 Mariae
3557 1649 3700 1688 mar-

2122 1729 2281 1800 tyris.
2316 1727 2440 1784 Haec
2471 1743 2682 1798 quoque
2710 1742 2832 1782 cum
2868 1735 3011 1782 esset
3047 1725 3242 1780 ancilla
3265 1723 3544 1792 cujusdam
3571 1723 3704 1779 Ter-

2049 1818 2096 1878 B
2124 1821 2242 1877 tulli
2271 1819 2516 1892 praeclari
2545 1821 2666 1884 viri,
2691 1810 2761 1874 et
2797 1817 2959 1874 nollet
2989 1819 3040 1872 in
3074 1817 3238 1872 natali
3269 1816 3362 1870 filii
3393 1816 3510 1886 ejus
3537 1831 3701 1885 pran-

2121 1912 2224 1967 diis
2254 1910 2457 1966 domini
2493 1910 2573 1964 sui
2617 1909 2910 1972 interesse,
2942 1908 3033 1962 sed
3074 1907 3244 1976 magis
3272 1906 3701 1960 Christianorum

2119 2018 2271 2059 more
2295 2002 2513 2074 jejuniis
2541 2016 2757 2072 operam
2785 2001 2936 2063 dare,
2966 1998 3189 2070 ﬂagellis
3218 1998 3494 2053 atrocibus
3518 1998 3586 2052 ab
3612 2012 3702 2052 eo-

2120 2094 2241 2150 dem
2290 2094 2510 2149 domino
2537 2108 2634 2147 suo
2669 2091 2900 2146 lacerata
2934 2102 3054 2146 est:
3096 2091 3188 2146 sed
3227 2105 3350 2144 cum
3387 2105 3493 2143 non
3524 2097 3703 2158 posset

2121 2185 2189 2238 ab
2217 2183 2468 2238 instantia
2491 2198 2588 2252 per
2613 2183 2717 2237 hoc
2744 2182 2948 2237 servitii
2979 2179 3180 2236 Christi
3209 2181 3276 2236 ad
3303 2179 3569 2235 idolorum
3590 2179 3700 2233 cul-

2122 2282 2235 2328 tum
2266 2273 2545 2339 revocari,
2578 2271 2748 2340 judici
2787 2270 3001 2342 publico
3032 2270 3096 2324 ad
3143 2270 3473 2340 puniendum
3505 2269 3698 2322 tradita

2121 2373 2222 2419 est.
2252 2361 2352 2417 Ubi
2379 2363 2503 2417 dum
2532 2361 2814 2416 carnifices
2841 2376 2961 2416 eam
2986 2359 3233 2414 incendio
3259 2359 3475 2414 tradere
3502 2359 3699 2412 voluis-

2121 2462 2262 2518 sent,
2291 2461 2510 2523 propter
2535 2466 2723 2522 preces
2746 2450 2923 2521 populi
2952 2449 3075 2504 data
3103 2458 3186 2504 est
3213 2449 3262 2504 ei
3291 2449 3507 2505 inducia
3538 2449 3699 2502 trium

2121 2545 2372 2610 dierum;
2410 2544 2590 2599 triduo
2632 2559 2761 2615 ergo
2806 2543 3074 2612 completo
3117 2557 3238 2605 cum
3284 2542 3480 2596 iterum
3523 2540 3702 2611 puniri

2122 2636 2363 2712 deberet,
2395 2632 2714 2688 mirabiliter
2737 2631 2949 2687 Domini
2975 2631 3342 2685 misericordia
3372 2637 3560 2699 erepta
3594 2635 3696 2682 est.

2122 2730 2255 2784 Nam
2303 2743 2427 2784 cum
2475 2728 2773 2782 orationem
2824 2726 2889 2779 ad
2941 2725 3226 2778 Dominum
3274 2723 3522 2788 fudisset,
3562 2721 3703 2777 unde

2120 2829 2276 2892 petra
2298 2819 2508 2891 ingens,
2523 2832 2642 2888 qua;
2663 2824 2787 2871 ante
2807 2830 2925 2870 eam
2942 2813 3136 2878 fuerat,
3152 2829 3248 2882 per
3271 2812 3507 2867 medium
3533 2813 3699 2866 scissa

2122 2909 2265 2964 illam
2289 2909 2342 2963 in
2365 2923 2423 2962 se
2450 2905 2760 2975 recipiebat,
2778 2912 2833 2958 et
2857 2903 3092 2971 undique
3115 2900 3440 2956 concludens
3461 2899 3699 2955 hostium

2123 3002 2292 3058 furori
2338 3001 2557 3056 restitit.
2603 2998 2685 3054 Ad
2714 3013 2874 3067 quam
2923 2995 3149 3066 populus
3194 3009 3529 3050 concurrens
3575 3008 3696 3048 cum

2125 3096 2282 3150 vellet
2311 3093 2604 3149 secundum
2630 3091 2839 3161 jussum
2865 3087 3122 3158 principis
3147 3088 3319 3156 ipsum
3346 3086 3575 3157 lapidem
3603 3085 3697 3140 de-

513 3176 553 3230 ll
586 3175 660 3229 ln.
692 3174 748 3229 In
781 3171 1108 3243 Carthagine
1153 3170 1406 3226 nativitas
1454 3178 1762 3226 sanctorum
1793 3170 2013 3237 Donati,

2120 3193 2354 3247 struere,
2398 3180 2619 3235 fulmine
2649 3195 2712 3234 ac
2740 3178 2941 3232 tonitru
2979 3176 3190 3232 caelitus
3217 3175 3418 3230 emisso
3438 3213 3453 3238 ,
3477 3171 3695 3242 plurimi

445 3264 682 3330 Ell‘rosii,
711 3263 946 3318 Fronimi
974 3280 988 3330 ;
1027 3264 1080 3318 in
1121 3261 1429 3318 Nicomedia
1461 3257 1638 3316 natale
1660 3260 2037 3328 Felicissimi,

441 3353 730 3408 Frontinte.

508 3446 584 3500 lo.
616 3444 838 3499 Manru.
885 3443 941 3498 ln
977 3443 1311 3515 Cappadocia
1342 3443 1524 3512 passio
1565 3443 1739 3499 sancti
1788 3443 2016 3515 Longini

441 3536 725 3608 martyris:
759 3536 825 3591 de
857 3551 964 3604 quo
1007 3535 1060 3589 in
1104 3532 1283 3589 libello
1323 3533 1570 3605 martyrii
1600 3531 1716 3602 ejus
1763 3542 2018 3588 narratur

440 3627 582 3698 quod
610 3625 898 3694 aliquando
923 3623 1158 3678 militans
1189 3623 1289 3678 sub
1314 3623 1630 3678 centurione
1657 3622 1930 3688 Romano,
1961 3623 2015 3676 in

419 3715 688 3786 passione
716 3713 926 3768 Domini
959 3713 1099 3768 latus
1127 3711 1246 3782 ejus
1272 3726 1394 3766 eum
1422 3712 1609 3768 lancea
1632 3712 1686 3767 in
1708 3727 1870 3768 cruce
1891 3726 2016 3781 ape-

429 3810 599 3872 riret,
622 3813 677 3859 et
703 3805 818 3858 viso
845 3811 1154 3858 terrmmotu
1186 3810 1242 3858 et
1265 3801 1432 3870 signis
1459 3817 1580 3872 qua:
1602 3800 1820 3867 fiebant,
1847 3801 2018 3856 credi-

432 3897 583 3952 derit
615 3896 666 3950 in
697 3894 1004 3959 Christum,
1050 3891 1426 3962 paenitentiam
1465 3903 1630 3960 agens
1657 3890 1723 3945 de
1767 3889 2017 3959 operibus

433 3987 552 4042 suis
583 3985 874 4056 pristinis:
909 3995 1101 4054 postea
1134 3981 1431 4036 monachus
1465 3980 1638 4036 factus
1673 3994 1770 4050 per
1797 3980 2014 4051 triginta

437 4087 497 4138 et
523 4088 753 4150 quatuor
772 4094 945 4132 annos
969 4077 1192 4132 Christo
1233 4077 1516 4141 militavit,
1555 4075 1751 4130 multos
1795 4089 2017 4130 conver-

435 4177 562 4227 tens
591 4170 659 4225 ad
700 4168 858 4223 tidem
898 4168 989 4222 Dei
1014 4185 1028 4232 ;
1069 4169 1135 4222 ad
1163 4177 1465 4222 extremum
1489 4181 1618 4222 vero
1644 4166 2015 4236 martyrizavit

431 4261 492 4317 in
523 4261 857 4331 Cappadocia
895 4260 996 4313 sub
1029 4257 1252 4313 Octavio
1285 4257 1546 4326 prteside,
1577 4271 1765 4324 quem,
1795 4265 2015 4325 propter

438 4350 812 4405 infidelitatem
842 4363 992 4403 suam
1023 4347 1204 4402 divino
1234 4345 1438 4417 judicio
1478 4359 1789 4414 percussum
1817 4360 2012 4414 corpo-

437 4456 531 4508 rea
555 4439 976 4506 ca:citate,;post
1003 4435 1322 4506 martyrium
1349 4450 1504 4489 suum
1530 4433 1869 4488 illuminavit.

513 4528 647 4584 XVII
685 4527 818 4582 ΚΑΙ..
869 4528 1108 4581 Αιηιιωε.
1161 4525 1364 4580 Natalis
1413 4523 1586 4580 sancti
1637 4523 1878 4594 Cyriaci,
1917 4525 2009 4593 qui

428 4629 556 4690 post
600 4620 810 4690 longam
856 4619 1094 4674 carceris
1126 4618 1543 4673 macerationem
1587 4632 1746 4686 quam
1784 4633 1813 4671 a
1847 4616 2009 4671 Maxi-

438 4711 618 4764 miano
661 4708 912 4778 pertulit,
960 4724 1082 4762 cum
1129 4707 1367 4762 Sisinnio
1411 4707 1745 4761 condiacono
1790 4722 1921 4772 suo,
1957 4715 2012 4762 et

435 4800 754 4866 Stnaragdo,
787 4808 840 4852 et
871 4799 1058 4868 Largo,
1092 4807 1212 4866 post
1253 4797 1416 4851 multa
1458 4796 1601 4852 facta
1642 4797 1920 4863 miracula,
1954 4798 2006 4852 in

439 4887 632 4956 quibus
664 4888 824 4941 filiam
858 4887 1171 4942 Diocletiani
1209 4887 1526 4951 Artemiam,
1558 4888 1725 4958 ipsius
1754 4897 1939 4958 rogatu
1975 4903 2006 4940 a

438 4978 701 5032 dtcmonir
729 4978 974 5031 liberavit
1007 4993 1071 5031 ac
1101 4978 1425 5046 baptizavit,
1467 4977 1630 5032 filiam
1664 4993 1878 5048 quoque
1906 4977 2007 5032 Sa-

437 5069 581 5139 poris
610 5069 751 5140 regis
769 5067 1072 5122 Persarum
1095 5065 1329 5132 Jobiam,
1370 5067 1566 5124 missus
1593 5067 1721 5122 illuc
1743 5084 1772 5122 a
1797 5068 2006 5122 Diocle-

439 5164 586 5218 tiano
614 5179 712 5234 pro
744 5163 866 5226 hoc,
898 5172 1050 5229 teque
1079 5173 1109 5212 a
1139 5159 1402 5214 dzemonio
1444 5159 1688 5214 liberavit
1725 5175 1788 5214 ac
1829 5159 2005 5228 bapti-

440 5253 581 5308 zavit
605 5269 726 5308 cum
765 5254 880 5322 ipso
917 5265 1039 5322 rege
1071 5257 1126 5302 ct
1154 5248 1272 5302 aliis
1306 5249 1711 5320 quadringentis
1741 5249 1962 5318 triginta
1989 5265 2003 5313 ;

433 5357 492 5402 et
519 5347 736 5402 rediens
775 5345 998 5400 Romam
1027 5351 1163 5414 .post
1207 5350 1436 5396 mortem
1485 5341 1800 5396 Diocletiani
1833 5349 2010 5411 tentus

433 5449 518 5495 est
549 5439 693 5494 inter
724 5438 861 5492 alios
884 5435 1218 5491 Christianos
1247 5447 1277 5486 a
1307 5431 1414 5487 filio
1443 5430 1558 5501 ejus
1591 5431 1917 5487 Maximiano
1943 5444 1968 5472 α
1991 5472 2006 5496 ,

438 5539 492 5584 et
522 5531 574 5584 in
598 5528 894 5584 custodiam
917 5528 1136 5591 missus,
1159 5539 1224 5579 eo
1247 5522 1387 5593 quod
1410 5537 1649 5578 sororem
1678 5537 1829 5576 suam
1856 5521 2010 5577 Chri-

438 5622 662 5676 stianam
693 5619 932 5680 fecisset;
952 5617 1143 5710 deinde
1168 5613 1422 5684 praecepit
1451 5622 1509 5666 ut
1532 5612 1617 5668 die
1647 5611 2007 5680 processionis

2117 3288 2302 3329 eorum
2353 3270 2697 3334 interierunt,
2728 3269 2803 3323 ita
2839 3275 2898 3323 ut
2943 3269 3046 3322 duo
3083 3265 3247 3320 millia
3275 3273 3332 3320 et
3373 3264 3693 3334 septingenti

2115 3383 2182 3424 ex
2225 3366 2358 3437 ipsis
2383 3364 2566 3420 divino
2587 3361 2793 3431 judicio
2830 3362 3084 3417 exstincti
3116 3360 3347 3424 fuerint;
3383 3358 3537 3429 pauci
3569 3374 3695 3413 vero

2115 3457 2207 3527 qui
2240 3461 2643 3518 remanserant,
2689 3451 2936 3507 conversi
2982 3451 3049 3504 ad
3083 3450 3372 3505 Dominum
3394 3489 3408 3515 ,
3456 3449 3510 3503 in
3540 3447 3694 3504 Chri-

2116 3550 2289 3604 stiana
2317 3547 2576 3618 religione
2602 3553 3031 3615 permanserunt.

2186 3658 2280 3713 XV
2322 3657 2453 3711 Ktn.
2498 3657 2556 3711 in
2603 3655 2926 3710 Alexandria
2974 3655 3170 3710 natalis
3211 3653 3503 3719 Colestici;
3549 3661 3604 3708 et
3637 3653 3689 3707 in

2116 3749 2449 3811 Nicomedia,
2475 3747 2672 3818 Aprilis
2699 3755 2754 3801 et
2782 3743 3025 3809 Servuli;
3051 3755 3105 3799 et
3135 3746 3187 3799 in
3215 3743 3686 3810 Lucania,Qninti,

2115 3851 2169 3898 et
2193 3840 2434 3910 Ingenui,
2463 3849 2518 3894 et
2547 3839 2794 3908 Rogant;
2824 3845 2878 3890 et
2908 3836 2961 3890 in
2992 3837 3328 3900 Mauritania,
3364 3835 3650 3890 Timothei.

2187 3936 2301 3992 XIV
2329 3936 2461 3991 KAL.
2493 3934 2549 3989 ln
2581 3934 2855 4005 Spolitana
2901 3931 3262 4005 [Spoletana]
3306 3932 3524 3986 civitate
3550 3930 3688 3985 nati-

2115 4027 2256 4082 vitas
2289 4023 2513 4081 Joannis
2549 4022 2894 4087 confessoris,
2930 4022 3020 4090 qui
3047 4022 3360 4092 peregrinus
3399 4021 3465 4074 de
3507 4018 3686 4074 Sicilia

2116 4115 2241 4170 illuc
2267 4113 2434 4176 venit,
2461 4123 2516 4165 et
2548 4112 2600 4166 in
2629 4111 2939 4165 suburbano
2961 4110 3076 4180 ejus
3101 4109 3385 4171 aedificavit
3414 4119 3680 4164 monaste-

2117 4207 2287 4271 rium,
2321 4216 2374 4260 et
2409 4203 2669 4259 habitavit
2716 4203 2787 4257 ibi
2834 4202 3240 4272 quatuordecim
3283 4202 3468 4268 annis,
3502 4201 3591 4255 ubi
3632 4209 3688 4254 et

2117 4297 2378 4366 requievit
2408 4297 2459 4349 in
2491 4309 2639 4364 pace.

2185 4386 2298 4442 ΧΠ]
2334 4386 2464 4440 ΚΜ..
2509 4385 2566 4439 In
2596 4383 2869 4438 Britannia
2897 4382 3071 4436 sancti
3105 4381 3400 4436 Chudberti
3427 4379 3682 4451 episcopi,

2042 4506 2090 4565 υ
2115 4481 2207 4551 qui
2238 4481 2402 4534 vitam
2426 4478 2634 4548 plenam
2657 4477 2946 4531 virtutibus
2971 4477 3191 4540 ducens,
3216 4479 3428 4530 tandem
3454 4475 3683 4529 anacho-

2121 4582 2232 4626 reta
2264 4572 2405 4626 diem
2440 4569 2685 4623 ultimum
2716 4567 2934 4632 clausit,
2976 4565 3131 4636 cujus
3166 4565 3541 4636 corpusculum
3569 4575 3688 4634 post

2119 4661 2368 4717 undecim
2395 4673 2566 4713 annos
2600 4658 2664 4713 de
2701 4657 2972 4728 sepultura
2998 4656 3230 4711 levatum
3251 4696 3265 4719 ,
3294 4656 3567 4710 inventura
3605 4661 3689 4710 est

2119 4754 2383 4822 integrum
2425 4767 2547 4804 cum
2575 4749 2770 4805 vestitu
2797 4764 2903 4818 quo
2935 4748 3151 4802 indutus
3180 4747 3383 4813 fuerat,
3411 4761 3474 4800 ac
3501 4746 3545 4802 si
3573 4747 3688 4816 ipsa

2116 4844 2202 4897 (lie
2228 4844 2281 4896 in
2309 4849 2709 4895 monumentum
2737 4840 2966 4909 positum
2997 4837 3204 4892 fuisset.

2185 4951 2276 5005 Xll
2308 4949 2440 5004 KAL.
2473 4949 2654 5004 Sancti
2692 4948 2967 5003 Benedicti
3009 4946 3253 5010 abbatis,
3295 4947 3385 5015 qui
3430 4945 3688 5015 Regulam

2115 5043 2331 5114 scripsit
2352 5043 2738 5098 monachdrum
2763 5057 2883 5096 cum
2907 5056 3096 5110 magna
3122 5041 3462 5096 discretione.
3484 5040 3686 5096 Eodem

2116 5134 2203 5188 die
2235 5133 2286 5186 in
2316 5133 2638 5187 Alexandria
2666 5131 2927 5200 depositio
2957 5128 3268 5200 Serapionis
3294 5131 3564 5186 monachi.

2184 5245 2254 5300 Xl
2276 5245 2407 5300 ΚΑι..
2437 5245 2495 5300 ln
2523 5244 2737 5300 Arbona
2760 5241 3055 5315 [Narbona]
3079 5243 3296 5297 civitate
3319 5241 3512 5298 natalis
3536 5242 3688 5299 Pauli

2112 5337 2459 5392 confessoris.
2492 5335 2547 5389 ln
2575 5333 2778 5399 Africa,
2813 5333 3087 5389 Saturnini
3117 5343 3170 5388 et
3210 5333 3436 5387 aliorum
3469 5347 3683 5387 novem.

2115 5427 2171 5480 In
2201 5427 2444 5481 Sebastia
2469 5425 2697 5480 Decroni
2721 5435 2778 5480 et
2803 5424 3040 5480 Arionis.

2184 5517 2230 5570 Χ
2269 5517 2402 5571 ΚΑι..
2451 5516 2510 5570 ln
2553 5514 2732 5570 Africa
2776 5515 2968 5569 natalis
3009 5514 3207 5570 Fidelis
3253 5523 3306 5569 et
3351 5514 3574 5569 aliorum
3607 5515 3679 5569 vi-

2115 5607 2266 5677 ginti.

503 5751 534 5776 ι
560 5738 690 5790 Hanc
735 5735 997 5802 quomodo
1024 5732 1122 5785 sibi
1171 5734 1441 5792 constent,
1475 5726 1593 5780 vide
1637 5725 1924 5781 Baronium
1953 5725 2006 5778 in
2045 5722 2358 5778 Annalibus.
