4028 6196
426 303 571 357 1157

421 510 636 572 Africa,
660 507 852 578 Agabi.
1619 555 1626 562 ,

504 599 614 655 Vlll
649 599 781 654 ΚΑι..
819 597 1171 652 Aununtiatio
1201 597 1586 653 incarnationis
1615 598 1928 662 Dominicze,
1954 607 2008 652 et

427 689 802 761 Hierosolyma
847 688 1106 743 Dominus
1147 697 1332 742 noster
1359 687 1515 743 Jesus
1543 687 1790 744 Christus
1832 689 2009 743 cruci-

429 783 574 838 ﬁxus
597 791 701 847 est,
731 789 786 835 et
811 781 991 850 passio
1015 780 1189 834 sancti
1216 779 1400 833 Jacobi
1434 777 1618 834 fratris
1651 777 1884 843 Domini,
1915 779 2006 848 qui

426 875 486 930 in
517 873 733 928 Paschae
755 870 1093 926 solemnitate
1111 867 1309 924 Judmis
1328 869 1598 924 Christum
1623 869 1920 925 testificaris
1940 871 2006 922 de

429 963 614 1034 templi
657 970 740 1017 est
780 959 1014 1016 culmine
1057 961 1444 1030 praecipitatus,
1489 975 1554 1015 ac
1597 957 1816 1014 fullonis
1854 969 2008 1014 vecte

424 1067 740 1124 percussus.
771 1052 840 1107 Et
865 1052 916 1106 in
941 1051 1248 1105 Nicomedia
1275 1049 1453 1104 natale
1481 1050 1629 1105 Dula:
1657 1049 1865 1106 ancillae
1902 1050 2007 1103 mi-

426 1150 558 1214 litis,
593 1164 710 1217 qum
732 1163 829 1218 pro
859 1147 1111 1202 castitate
1138 1147 1314 1201 occisa
1346 1154 1446 1201 est.
1481 1145 1548 1200 Et
1576 1126 1786 1207 Romae,
1819 1145 2003 1216 Cyrini

427 1238 706 1314 [Quirini],
732 1241 821 1311 qui
854 1238 1168 1295 interfectus
1205 1254 1234 1292 a
1270 1239 1522 1303 Claudio,
1567 1246 1621 1293 et
1666 1238 1719 1292 in
1767 1237 2004 1292 Tiberim

423 1331 680 1399 iactatus,
710 1332 762 1384 in
805 1329 976 1384 insula
1019 1329 1298 1399 Lycaonia:
1327 1329 1596 1393 inventus,
1627 1335 1683 1383 et
1715 1328 1770 1382 in
1801 1342 2005 1382 caeme-

429 1422 569 1478 terio
594 1420 841 1475 Pontiani
867 1419 1116 1474 conditus
1136 1426 1236 1473 est.
1270 1407 1542 1488 Scriptum
1568 1425 1653 1473 est
1679 1418 1731 1472 in
1755 1417 2006 1488 passione

428 1512 602 1566 sancti
636 1509 922 1564 Valentini.

504 1601 592 1656 VII
626 1602 758 1656 Kac.
792 1601 846 1655 ln
876 1599 1093 1672 Syrmio
1119 1599 1354 1656 Montani
1380 1600 1677 1670 presbyteri
1701 1641 1715 1664 ,
1760 1599 2006 1654 Maximae

431 1694 620 1747 uxoris
648 1693 784 1763 ejus.
815 1691 1022 1757 Romae,
1048 1691 1132 1744 via
1159 1690 1427 1746 Lavicana
1445 1731 1460 1756 ,
1489 1691 1666 1746 natale
1698 1689 1870 1744 sancti
1905 1689 2007 1744 Ca-

431 1785 557 1840 stuli
591 1783 862 1855 martyris.

505 1875 570 1929 Vl
611 1875 742 1929 Kac.
797 1875 1163 1946 Hierosolyma
1212 1874 1538 1930 resurrectio
1575 1873 1787 1930 Domini
1833 1873 2003 1928 nostri

432 1965 559 2022 Jesu
591 1966 814 2023 Christi.

506 2059 548 2112 ν
574 2057 707 2112 ΚΑΙ..
736 2056 790 2112 1η
821 2055 999 2112 Africa
1047 2056 1224 2112 natale
1269 2055 1481 2126 Rogati,
1531 2054 1818 2116 Successi:
1859 2063 1913 2109 et
1951 2055 2004 2108 in

389 2145 396 2148 “
430 2146 676 2200 Caesarea
723 2145 869 2201 Mare
903 2145 1098 2218 [Forte
1125 2141 1490 2215 Mauritanim]
1538 2143 1800 2214 depositio
1836 2143 2006 2198 sancti

432 2235 724 2306 Dagolaphi
749 2253 764 2301 ;
805 2243 858 2292 et
885 2235 937 2289 in
963 2234 1142 2290 Africa
1172 2234 1400 2289 aliorum
1431 2233 1686 2289 sedecim.

503 2323 568 2379 IV
598 2325 730 2379 Kin.
761 2323 819 2378 In
844 2324 1060 2378 civitate
1099 2323 1291 2378 Pisana
1333 2322 1513 2377 natale
1552 2323 1723 2377 sancti
1760 2322 2010 2392 Torpetis

431 2415 710 2486 martyris,
742 2429 900 2485 quem
936 2412 1075 2467 Nero
1102 2414 1396 2483 imperator
1425 2412 1587 2482 jussit
1611 2428 1859 2484 magnam
1889 2412 2008 2466 Dia-

433 2520 561 2558 nam
612 2513 838 2558 matrem
883 2504 1104 2558 deorum
1145 2501 1402 2563 adorare,
1439 2502 1582 2571 quod
1618 2501 1733 2572 ipse
1778 2516 2010 2557 renuens

432 2595 670 2665 repletus
701 2593 902 2664 Spiritu
936 2601 1145 2656 sancto,
1173 2600 1228 2646 et
1257 2592 1395 2646 dixit
1421 2609 1433 2644 :
1473 2609 1490 2641 ι
1527 2590 1712 2646 Melius
1739 2600 1823 2646 est
1844 2606 2010 2668 unum

435 2685 602 2740 Deum
630 2685 883 2750 adorare,
915 2685 1007 2755 qui
1038 2685 1164 2740 fecit
1188 2686 1382 2740 coelum
1413 2695 1468 2740 et
1504 2694 1724 2752 terram,
1751 2693 1805 2742 et
1829 2687 2009 2740 omnia

434 2791 554 2846 quae
597 2776 650 2830 in
694 2775 772 2831 eis
815 2783 960 2840 sunt,
989 2791 1150 2844 quam
1191 2777 1374 2846 plures
1404 2777 1533 2831 deos
1563 2777 1772 2842 colere,
1801 2779 1904 2832 hoc
1929 2787 2012 2832 est

435 2867 723 2924 daemones.
763 2884 782 2917 ι
811 2866 1007 2920 Exiens
1045 2874 1264 2921 sanctus
1300 2866 1504 2935 Torpes
1541 2868 1606 2922 de
1646 2867 1846 2937 palatio
1875 2868 2012 2922 mul-

439 2966 550 3012 tum
583 2956 721 3010 intra
765 2970 822 3010 se
867 2957 1110 3026 cogitans
1160 2956 1334 3010 dixit:
1381 2971 1398 3006 ε
1435 2955 1573 3022 Quid
1620 2955 1812 3010 faciam
1852 2957 2012 3012 idolis

436 3046 719 3102 serviendo
743 3053 797 3101 et
821 3046 1145 3116 baptismum
1181 3045 1370 3100 salutis
1397 3059 1500 3100 non
1532 3045 1773 3115 accipio?
1811 3065 1830 3098 ι
1861 3045 2012 3101 Tunc

1148 372 1152 377 ι
1733 300 2356 363 MARTYROIDGIUM.

503 419 569 473 IX
598 417 729 472 lim.
770 413 827 469 In
852 413 1011 486 Syria
1043 415 1218 470 natale
1254 414 1492 470 Seleueis
1519 413 1817 487 [Seleuci];
1856 423 1912 469 et
1949 415 2003 468 in
2033 425 2078 474 Α

3538 318 3696 372 “33’

2685 438 3103 516 APRlLlS.

2176 588 2306 644 ΚΑι.
2351 589 2589 644 Αρκιιιε.
2638 589 2694 645 ln
2741 591 3122 648 Thessalonica
3171 594 3348 650 natale
3394 596 3590 666 Agapis
3625 608 3701 652 et'

2106 681 2343 736 Chioniae
2370 684 2471 738 sub
2497 681 2852 748 Diocletiano,
2876 697 2995 752 quae
3022 683 3214 752 primo-
3236 685 3290 739 in
3318 700 3539 740 carcere
3566 701 3698 741 [ηε-ι

2107 778 2320 833 ceratas,
2353 777 2473 839 post
2519 770 2573 824 in
2620 771 2798 841 ignem
2842 772 3020 828 missae
3063 782 3213 836 sunt,
3266 775 3358 829 sed
3404 775 3617 831 intactae
3647 789 3697 830 α·-

2108 857 2355 924 ﬂammis,
2383 870 2507 931 post
2527 863 2824 918 orationem
2847 865 2914 920 ad
2938 866 3224 920 Dominum
3249 867 3442 932 fusam,
3467 869 3699 925 animas-

2108 951 2473 1006 reddiderunt.

2176 1037 2244 1093 IV
2267 1037 2402 1096 Nox.
2437 1041 2671 1097 Aratus.
2710 1043 2769 1099 1n
2817 1044 2996 1102 Africa
3025 1047 3333 1118 Amphiani,
3367 1051 3602 1106 Victoris
3626 1060 3690 1107 et

2108 1129 2335 1192 aliorum
2357 1133 2765 1202 quatuordecim
2790 1153 2803 1201 ;
2841 1145 2897 1191 et
2925 1137 3053 1194 alibi
3085 1138 3401 1207 Marcellini,
3432 1141 3699 1208 Saturni,_

2107 1221 2367 1288 Quiriaci,
2394 1223 2636 1294 Reginae,
2663 1225 2929 1292 Proculae,
2952 1238 3007 1284 et
3031 1229 3257 1285 aliorum
3287 1240 3540 1302 quatuor.

2174 1313 2238 1368 ΙΙΙ
2267 1314 2400 1370 Nos.
2435 1316 2672 1373 Aratus.
2702 1317 2892 1375 Natale
2923 1319 3240 1378 Theodosia:
3277 1325 3532 1395 virginis,
3561 1341 3704 1396 quasi

2107 1423 2264 1477 passa
2314 1415 2400 1463 est
2448 1411 2777 1480 temporibus
2827 1413 3208 1482 imperatorum
3265 1417 3579 1472 Diocletiani
3626 1428 3682 1472 et

2108 1495 2438 1561 Maximiani,
2465 1499 2516 1552 in
2544 1500 2764 1556 civitate
2791 1501 3058 1566 Caesarea,
3102 1505 3203 1559 sub
3231 1506 3446 1561 Urbano
3483 1507 3689 1578 pracfe-

2107 1595 2196 1640 cto
2231 1605 2243 1639 :
2283 1603 2408 1642 nam
2440 1588 2556 1646 hzec
2583 1605 2727 1654 cum,
2759 1592 2958 1648 relictis
2989 1595 3322 1663 parentibus,
3353 1595 3684 1667 confugisset

2107 1677 2174 1731 ad
2200 1693 2474 1733 carcerem
2496 1721 2510 1744 ,
2555 1681 2643 1734 ubi
2679 1681 2880 1738 Christi
2909 1683 3247 1740 confessores
3286 1687 3454 1742 clausi
3487 1698 3641 1743 erant
3661 1731 3677 1753 ,

2034 1769 2081 1829 Β
2110 1775 2255 1823 tenta
2286 1777 2368 1824 est
2392 1785 2420 1823 a
2446 1770 2704 1825 militibus
2733 1780 2787 1826 et
2812 1772 2970 1828 ducta
2997 1775 3062 1829 ad
3087 1775 3318 1830 tribunal
3351 1776 3546 1843 judieis
3576 1778 3682 1833 Ur-

2105 1858 2251 1923 bani,
2280 1874 2400 1929 quae
2429 1874 2613 1915 coram
2642 1861 2756 1931 ipso
2781 1873 2987 1928 astans,
3018 1877 3122 1918 nec
3142 1865 3537 1921 adulationibus
3565 1866 3700 1934 ejus.

2104 1959 2188 2005 est
2210 1950 2432 2021 decepta
2462 1966 2562 2007 nec
2591 1951 2752 2007 minis
2787 1954 3000 2019 territa,
3043 1955 3138 2010 sed
3187 1956 3448 2025 sapientia
3479 1956 3571 2010 Dei
3597 1972 3686 2011 re-

2106 2041 2246 2112 pleta
2273 2041 2434 2098 falsos
2455 2043 2583 2098 deos
2607 2044 2883 2113 gentilium
2910 2046 3233 2116 disputando
3251 2062 3431 2102 coram
3454 2049 3706 2118 praeside‘

2108 2130 2438 2185 confutabat.
2469 2131 2621 2186 Unde
2649 2141 2706 2187 et
2743 2148 2773 2187 a
2815 2142 3047 2204 tyranno
3067 2137 3270 2192 nervis-
3295 2137 3477 2206 ligata,
3509 2149 3565 2194 et
3591 2138 3699 2194 lla--

2105 2220 2259 2292 gellis
2281 2236 2417 2276 cmsa
2445 2236 2554 2276 non
2580 2223 2756 2292 potuit
2783 2223 2923 2280 vinci
2950 2243 2962 2278 :
3005 2234 3188 2296 postea
3216 2227 3266 2283 ei
3291 2227 3530 2283 adhibita
3554 2239 3687 2284 sunt

2105 2311 2254 2366 varia
2285 2320 2574 2378 tormenta,
2617 2315 2718 2370 hoc
2742 2326 2828 2371 est
2854 2317 3154 2385 sartagines
3185 2318 3390 2389 ignitae,
3423 2319 3608 2376 leones
3629 2330 3703 2375 er.-

2107 2405 2313 2471 bestize,
2340 2397 2404 2462 ex
2431 2407 2628 2476 quibus
2653 2407 2852 2464 nullam
2879 2409 3146 2464 maculam
3173 2425 3330 2480 passa
3354 2420 3456 2467 est.
3482 2413 3695 2468 Deinde

2109 2499 2162 2552 in
2191 2513 2341 2554 mare
2369 2499 2633 2563 demersa,
2678 2499 2770 2554 sed
2798 2514 2894 2570 per
2922 2500 3016 2555 Dei
3051 2501 3304 2555 auxilium
3353 2501 3513 2557 citius
3557 2503 3686 2558 inde
3753 2534 3762 2544 -

2110 2589 2360 2654 liberata,
2391 2591 2684 2646 novissime
2711 2589 2887 2662 gladio
2909 2591 3087 2660 capite
3117 2590 3376 2656 abscisso,
3407 2591 3684 2648 obdormi-

2109 2682 2187 2736 vit
2214 2683 2266 2736 in
2290 2697 2442 2752 pace,
2467 2690 2522 2736 et
2541 2682 2826 2752 complevit
2851 2682 3165 2754 martyrium
3191 2697 3368 2749 suum,
3385 2682 3696 2740 honorifice

2111 2789 2139 2826 a
2168 2772 2490 2828 Christianis
2514 2772 2804 2843 sepulturae
2835 2774 3050 2832 tradita.

2180 2863 2221 2918 ll
2247 2863 2378 2920 Non.
2421 2863 2720 2919 Mediolano
2759 2865 3024 2934 depositio
3069 2867 3212 2920 beati
3256 2865 3524 2920 Ambrosii
3567 2865 3690 2934 epi-

2113 2956 2258 3025 scepi
2287 2963 2342 3010 et
2369 2954 2696 3011 confessoris
2714 2997 2739 3020 ,.
2768 2956 2921 3026 cujus
2949 2955 3057 3010 vita
3083 2965 3149 3010 et‘
3175 2955 3416 3011 doctrina
3455 2955 3697 3027 insignis

2111 3046 2438 3114 praedicatur
2461 3045 2512 3100 in
2540 3046 2798 3102 Ecclesia.

435 3137 676 3193 ascendit
709 3137 760 3190 in
787 3144 1020 3190 montem
1049 3144 1104 3190 et
1128 3136 1365 3190 clamare
1389 3136 1573 3205 coepit,
1597 3136 1822 3190 dicens:
1855 3154 1872 3186 ι
1907 3135 2008 3189 Pa-
2035 3118 2078 3180 (Σ
2181 3137 2363 3192 Noras.
2396 3137 2452 3191 lu
2482 3135 2861 3192 Thessalonica
2909 3136 3102 3193 natalis
3149 3137 3377 3209 llyrcnis
3420 3135 3669 3210 [lrenes].

437 3237 519 3284 ter
541 3227 764 3292 Antoni,
790 3227 878 3280 ubi
909 3228 1008 3281 es?
1051 3247 1068 3279 ο
1111 3227 1404 3296 Respondit
1433 3228 1714 3298 presbyter
1739 3227 2007 3284 Antonius

436 3328 490 3374 et
517 3317 655 3372 dixit
681 3336 693 3348 ο
737 3335 755 3367 t
793 3317 857 3370 Et
885 3318 1005 3386 quis
1035 3333 1094 3372 es
1124 3326 1200 3382 tu,
1233 3317 1346 3371 fili?
1379 3337 1396 3368 ι
1429 3316 1662 3372 Sanctus
1688 3317 1894 3387 Torpes
1919 3316 2002 3370 di-

433 3408 516 3462 xit
546 3425 558 3461 :
605 3425 624 3458 ι
658 3407 768 3478 Ego
798 3422 917 3461 sum
946 3421 1135 3461 servus
1170 3414 1292 3460 tuus
1322 3406 1564 3476 Torpes;
1609 3425 1627 3457 ›
1669 3414 1797 3461 tunc
1833 3405 2005 3460 Anto-

433 3500 558 3555 nius
592 3499 884 3568 baptizavit
931 3515 1051 3556 eum
1084 3500 1137 3554 in
1179 3499 1396 3554 nomine
1431 3498 1633 3563 Patris,
1681 3505 1735 3554 et
1770 3497 1921 3560 Filii,
1953 3506 2009 3552 et

430 3589 662 3660 Spiritus
687 3591 878 3646 sancti.
904 3589 1056 3645 Tunc
1079 3589 1260 3645 statim
1285 3587 1505 3659 angelus
1527 3587 1735 3643 Domini
1759 3588 2006 3658 apparuit

429 3691 620 3736 sancto
648 3681 887 3752 Torpeti,
911 3689 965 3735 et
991 3680 1128 3734 dixit
1150 3679 1201 3734 ei
1228 3697 1241 3733 :
1277 3697 1298 3730 ‹
1329 3678 1477 3733 Forti
1503 3687 1621 3734 esto
1651 3679 1852 3743 animo,
1878 3678 2004 3748 quia

429 3781 487 3828 tu
520 3774 795 3828 nobiscum
815 3773 925 3828 eris
951 3773 1003 3826 in
1030 3771 1300 3840 paradiso.
1333 3789 1352 3823 ι
1384 3770 1579 3826 Postea
1599 3769 1742 3826 Nero
1767 3772 2005 3841 perrexit

427 3862 656 3919 Romam
684 3873 738 3918 ct
778 3861 1034 3917 Satellico
1072 3865 1300 3931 cognato
1328 3873 1426 3914 suo
1454 3859 1710 3929 prmcepit
1752 3868 2001 3914 sanctum

427 3955 712 4024 Torpetem
745 3955 798 4008 in
823 3967 1097 4008 carcerem
1126 3952 1321 4022 recipi,
1363 3959 1418 4006 et
1455 3951 1627 4020 alapis
1652 3949 1785 4006 caedi
1807 3991 1821 4015 ,
1852 3959 1907 4006 et
1936 3952 2003 4007 ad

425 4045 730 4100 columnam
750 4043 1107 4098 Habentinam
1131 4042 1272 4097 nudo
1293 4053 1519 4110 corpore
1539 4039 1848 4111 religari;et
1875 4041 2004 4096 dum

425 4140 646 4188 sanctus
671 4131 876 4201 Torpes
897 4131 1214 4202 complesset
1238 4130 1559 4196 orationem,
1583 4130 1778 4185 cecidit
1797 4129 1886 4184 illa
1912 4145 2003 4185 co-.

426 4221 628 4287 lnmna,
657 4229 713 4276 et
742 4221 1012 4292 oppressit
1053 4237 1117 4277 ex
1149 4221 1324 4290 impiis
1353 4220 1763 4291 quinquaginta,
1793 4230 1849 4276 et
1890 4221 2003 4291 ipse

426 4310 714 4366 Satellicus
750 4311 850 4366 sub
884 4327 948 4367 ea
982 4319 1223 4366 mortuus
1245 4319 1346 4366 est.
1376 4311 1526 4366 Tunc
1558 4312 1697 4367 filius
1729 4311 2000 4376 Satellici,

426 4401 642 4456 nomine
665 4399 920 4466 Silvinus,
944 4402 1070 4456 dum
1097 4401 1210 4457 haec
1233 4401 1305 4456 ita
1331 4411 1637 4472 agerentur,
1655 4401 1818 4472 jussit
1837 4412 1897 4459 ut
1919 4404 2002 4460 leo

423 4506 547 4548 eum
564 4493 630 4546 ad
646 4491 1007 4546 devorandum
1031 4491 1422 4547 dimitteretur:
1439 4494 1526 4563 qui
1551 4495 1728 4550 subito
1748 4495 2002 4552 dimissus

425 4584 561 4638 dans
584 4584 818 4654 rngitum
840 4598 1000 4653 super
1019 4599 1165 4649 eum,
1184 4593 1238 4639 ct
1255 4584 1442 4638 eadem
1463 4584 1594 4639 hora
1618 4595 1861 4640 mortuus
1882 4595 1995 4652 est;

424 4681 482 4727 et
525 4673 719 4726 iterum
756 4671 1006 4726 dimissus
1040 4680 1122 4727 est
1159 4671 1474 4744 leopardus,
1517 4683 1571 4728 et
1617 4675 1732 4744 ipse
1778 4674 1999 4730 flectens

424 4769 588 4831 caput
623 4761 857 4831 lingcbat
898 4761 1108 4832 plantas
1133 4763 1267 4833 ejus.
1313 4763 1462 4818 Tunc
1483 4765 1733 4834 praecepit
1760 4763 1997 4819 Silvinus

426 4851 690 4906 ministris
715 4861 775 4906 ut
801 4852 868 4906 ad
907 4867 1057 4906 mare
1088 4852 1374 4908 duceretur
1398 4860 1454 4906 et
1486 4853 1680 4907 ibidem
1705 4854 1996 4910 decollare-

425 4949 536 4992 tur.
567 4937 796 4994 Sanctus
824 4955 948 4995 vero
971 4938 1354 5010 Torpes,spem
1378 4941 1581 4996 habens
1602 4941 1666 4995 ad
1691 4941 1996 5008 Dominum,

427 5029 502 5083 ita
526 5029 725 5082 oravit:
755 5048 772 5079 ι
800 5027 1044 5093 Domine,
1071 5029 1280 5098 suscipe
1304 5029 1551 5099 spiritum
1574 5045 1768 5094 meum,
1796 5049 1819 5082 ι
1835 5039 1895 5086 et.
1921 5031 1999 5085 sic

425 5133 456 5172 a
483 5117 739 5172 carniﬁce
768 5117 1059 5172 dccollatus
1083 5127 1186 5172 est.
1215 5118 1415 5173 Eodem
1438 5119 1524 5173 die
1550 5121 1728 5189 passio
1751 5121 1994 5176 Achacii.

497 5206 563 5260 lll
590 5207 722 5261 ΚΑι.
757 5205 944 5262 Natale
972 5209 1154 5262 domui
1191 5208 1566 5279 Philippopoli,
1603 5219 1656 5264 et
1679 5209 1879 5265 Jacaici
1902 5252 1916 5277 ,
1945 5221 1998 5266 et

425 5293 691 5363 depositio
720 5293 955 5348 Austasii
984 5296 1194 5349 abbatis
1221 5305 1275 5350 et
1301 5295 1461 5351 Niczci
1486 5299 1743 5368 episcopi.

496 5385 541 5438 ll
561 5384 692 5440 ΚΑι..
724 5386 779 5438 ln
808 5385 989 5440 Africa
1013 5387 1188 5440 natale
1215 5386 1363 5441 Anisi
1394 5386 1620 5460 [Ancsii]
1651 5398 1706 5444 ct
1733 5390 1996 5460 depositio

425 5477 693 5530 Ambrosii
728 5475 984 5546 episcopi,
1015 5485 1069 5530 et
1105 5476 1284 5532 natale
1315 5486 1515 5547 septem
1541 5480 1830 5550 virginum,
1864 5497 1997 5550 qna-

428 5581 547 5620 rum
574 5566 786 5622 nomina
814 5566 954 5622 Deus
986 5567 1106 5622 scit.

2031 4459 2080 4518 D

2107 3241 2226 3295 quae
2249 3235 2373 3294 post
2395 3225 2730 3281 tolerantiam
2761 3228 2998 3282 carceris
3028 3227 3169 3282 inter
3195 3229 3468 3284 orationes
3487 3228 3680 3298 sagitta

2081 3332 2364 3387 percussa
2399 3326 2486 3372 est
2527 3333 2556 3371 a
2597 3317 2832 3373 Sisinnio
2861 3319 3090 3382 comite,
3119 3321 3218 3373 sub
3257 3336 3364 3389 qno
3389 3329 3442 3374 ct
3469 3335 3685 3388 sorores

2106 3408 2242 3478 ejus,
2292 3409 2473 3478 Agape
2517 3415 2572 3464 et
2618 3406 2876 3470 Chionia,
2927 3409 3447 3478 martyrizaverunt:
3491 3425 3611 3479 qua:
3649 3427 3680 3463 a

2105 3500 2364 3570 praedicto
2391 3499 2644 3570 praafecto
2672 3499 2810 3559 licet,
2831 3499 2883 3558 in
2914 3500 3090 3569 ignem
3115 3499 3475 3565 mitterentur,
3501 3508 3680 3554 tamen

2107 3591 2284 3645 ill-.esae
2316 3591 2383 3644 ab
2425 3605 2490 3645 eo
2513 3631 2528 3655 ,
2558 3596 2846 3646 ex-orantes
2886 3589 3166 3644 Dominum
3185 3629 3198 3652 ,
3229 3588 3474 3659 spiritum
3505 3589 3682 3644 reddi-

2109 3680 2320 3735 derunt.

2177 3769 2288 3824 Vlll
2318 3770 2390 3824 In.
2436 3770 2490 3825 ln
2537 3770 2962 3842 Syrmio,natale
3004 3769 3233 3841 Hyrcnei
3275 3770 3530 3842 [lrenaei]
3562 3772 3681 3840 epi-

2107 3861 2254 3930 scopi
2283 3861 2520 3930 ejusdem
2552 3863 2676 3917 loci.

2177 3948 2264 4004 Vll
2293 3950 2368 4004 lo.
2399 3951 2455 4005 ln
2489 3950 2807 4006 Alexandria
2835 3952 3010 4007 natale
3037 3951 3212 4008 Pelosi
3239 3951 3512 4024 [Peleusii]
3537 3967 3680 4022 pres-

2049 4041 2056 4046 ’
2105 4038 2317 4107 byteri;
2353 4046 2408 4093 et
2445 4039 2496 4092 in
2535 4038 2843 4094 Nicomedia
2898 4040 3090 4096 natalis
3128 4039 3339 4113 Cyriaci
3388 4057 3510 4096 cum
3553 4041 3694 4096 aliis

2106 4128 2313 4183 decem.

2175 4217 2242 4272 \‘l
2269 4219 2343 4271 lo.
2378 4217 2434 4273 In
2458 4219 2638 4274 Africa
2671 4218 2864 4275 natalis
2889 4218 3152 4286 Januarii,
3185 4220 3440 4276 Macharii
3477 4218 3676 4292 [Maca-

2106 4309 2220 4380 riae]
2251 4318 2304 4364 et
2334 4309 2614 4376 Maximte;
2654 4320 2710 4366 et
2737 4313 2794 4366 in
2819 4310 3165 4383 Carthagine,
3195 4309 3498 4367 Concessa).

2166 4400 2205 4453 ν
2231 4399 2304 4453 In.
2334 4399 2390 4454 ln
2423 4401 2640 4471 Syrmio
2669 4402 2862 4457 natalis
2903 4411 3106 4472 septem
3143 4402 3586 4472 virginum,.quaa
3620 4406 3673 4459 in

2107 4507 2271 4544 unum
2297 4500 2608 4547 meruerunt
2629 4493 2897 4547 coronari.
2981 4537 2987 4544 .

2174 4583 2239 4636 ιν
2271 4582 2347 4636 In.
2380 4583 2677 4638 Ezechielis
2697 4583 2987 4652 prophetae.

2174 4673 2237 4726 μι
2270 4673 2342 4726 ln.
2373 4673 2556 4728 Roma:
2585 4672 2779 4728 Leonis
2803 4688 2972 4743 papae,
2997 4674 3087 4742 qui
3115 4675 3558 4744 quadragesimus
3586 4695 3668 4730 se-

2103 4761 2300 4830 ptimus
2323 4769 2445 4830 post
2465 4760 2674 4815 beatum
2699 4761 2918 4816 Petrum
2943 4762 3264 4832 apostolum,
3303 4765 3438 4818 sedit
3468 4765 3521 4819 in
3555 4769 3670 4835 epi-

2102 4859 2322 4921 scopatu
2344 4852 2499 4908 annis
2523 4852 2710 4922 viginti
2739 4869 2862 4908 uno.
2882 4852 2978 4908 llic
3004 4854 3207 4908 invenit
3236 4851 3420 4926 [Forte
3452 4856 3670 4928 evertit]

2102 4944 2332 4997 haereses
2352 4941 2508 5008 duas,
2539 4953 2590 4998 et
2618 4943 2781 4998 missa
2803 4943 3067 5014 legatione
3091 4946 3156 4999 ad
3178 4944 3506 5001 Marcianum
3526 4948 3674 5016 prin-

2100 5034 2273 5103 cipem
2308 5034 2666 5099 calholicum,
2711 5043 3034 5105 congregata
3081 5037 3286 5108 synodo
3320 5037 3680 5091 ducentorum»

2099 5123 2486 5194 quinquaginta
2514 5134 2569 5178 et
2600 5140 2692 5179 sex
2723 5125 3098 5194 episcoporum
3130 5127 3181 5180 in
3213 5125 3580 5190 Chalcedone,
3616 5127 3668 5179 in

2099 5215 2362 5284 martyrio
2417 5223 2620 5269 sancta:
2666 5213 2922 5270 Eufemia:
2969 5217 3255 5287 martyris,
3309 5227 3669 5284 exposuerunt

2091 5299 2243 5368 juxta
2274 5302 2431 5357 ﬁdem
2462 5303 2783 5358 catholicam
2813 5303 2944 5358 duas
2965 5313 3194 5359 naturas
3234 5305 3287 5358 in
3318 5318 3424 5358 uno
3455 5303 3672 5362 Christo

2100 5391 2354 5455 Domino,
2375 5391 2475 5446 hoc
2495 5399 2581 5446 est
2599 5391 2835 5446 divinam
2861 5401 2914 5447 et
2937 5395 3245 5455 humanam,
3269 5400 3326 5446 et
3347 5391 3674 5446 condemna-

2099 5489 2291 5537 verunt
2318 5480 2622 5534 Euthicium
2683 5490 2738 5535 et
2764 5481 3065 5536 Nestorium
3098 5480 3397 5534 haereticos.

2168 5569 2208 5623 ll
2240 5570 2312 5624 In.
2346 5571 2528 5625 Romcc
2555 5572 2786 5642 episcopi
2819 5571 2941 5625 Julii
2965 5586 3112 5640 papae
3139 5580 3193 5626 et
3217 5570 3561 5634 confessoris,
3578 5571 3670 5640 qui

2099 5661 2199 5716 sub
2228 5662 2540 5716 (bnstantio
2563 5663 2779 5726 Amiano,
2808 5665 2913 5717 liliu
2937 5664 3496 5728 Constantini,tlcccm
3519 5679 3673 5718 men-
