4028 6196
440 285 574 340 ΗΒύ

1073 281 1134 335 Β.
1175 280 1426 335 ΠΑΒΑΜ
1468 279 1686 336 MAURI
1720 279 2016 336 ARCHIEP

2119 280 2389 339 IOGUNT.
2432 281 2714 338 OPERUM
2756 282 2934 339 PARS
2972 284 3035 338 ll.

3569 288 3717 345 1140

438 396 587 451 sibus
614 390 990 449 tribulationes
1028 399 1083 445 et
1110 389 1298 445 exsilia
1318 404 1538 459 passus,
1574 397 1695 460 post
1719 390 1835 462 ejus
1864 406 2012 446 mor-
2041 399 2088 457 Λ
2118 393 2353 458 Callisti,
2400 395 2601 452 Cat-issi
2646 396 2976 471 [Charisii],
3016 398 3297 466 Leonidis,
3339 400 3715 469 Christianas,

442 497 549 542 tem
580 499 701 540 cum
728 496 920 555 magna
946 480 1114 552 gloria
1138 479 1207 534 ad
1231 478 1412 534 sedem
1451 494 1605 534 suam
1634 493 1883 535 reversus
1909 488 2013 535 est.

438 578 509 633 Et
533 576 723 631 eodem
747 573 855 637 die,
885 571 1100 626 civitate
1129 568 1355 633 Verona,
1386 569 1568 639 passio
1606 569 1781 625 sancti
1813 569 2015 625 Zenoni

441 666 717 739 martyris,
757 663 824 719 de
850 678 958 733 quo
998 662 1189 718 beatus
1225 660 1518 733 Gregorius
1551 660 1719 717 refert
1763 662 1820 717 in
1863 662 2016 718 libris

442 757 805 827 Dialogorum,
832 754 977 824 quod
1012 751 1186 808 Atisin
1229 750 1491 825 [Athesis]
1529 751 1725 807 ﬂuvius
1750 752 2018 809 inundans

442 850 497 905 in
517 847 743 904 ecclesia
770 847 859 902 ubi
902 860 1098 915 corpus
1136 843 1253 914 ejus
1278 845 1495 917 jacebat
1519 845 1819 911 humatum,
1847 859 2018 915 usque

440 942 509 997 ad
548 939 852 1010 superiores
898 938 1024 994 tecti
1066 937 1332 994 fenestras
1369 938 1703 1003 excreverit,
1748 938 1842 994 sed
1877 938 2017 993 intra

442 1034 726 1091 ecclesiam
761 1033 854 1090 ubi
888 1032 1065 1089 fuerat
1104 1040 1429 1103 congregata
1472 1030 1709 1086 fidelium
1741 1028 1895 1084 turba
1936 1029 2017 1084 in—

444 1137 589 1182 trare
621 1140 728 1181 non
754 1133 987 1195 poterat.
1017 1152 1020 1156 -

511 1217 586 1272 in.
610 1218 802 1272 Arms.
818 1217 875 1272 in
898 1217 1118 1273 civitate
1138 1215 1496 1273 Chalcedonia
1521 1216 1718 1271 natalis
1738 1214 2013 1277 Eufemize,

442 1320 497 1367 et
524 1310 709 1365 Romze
735 1309 787 1363 in
823 1309 1135 1376 cmmcterio
1166 1306 1447 1363 translatio
1471 1306 1712 1362 Januarii
1742 1303 2014 1375 martyris.

511 1401 675 1456 XVHI
701 1400 835 1455 ΚΜ..
869 1400 1019 1456 MAI].
1053 1401 1257 1465 Romae,
1286 1400 1550 1471 Tyburtii,
1580 1407 1636 1454 et
1656 1395 2021 1461 Valeriani,“

444 1493 684 1558 Maximi,
708 1491 809 1547 sub
828 1490 1106 1546 Almachio
1132 1489 1295 1547 Urbis
1316 1489 1591 1559 praefecto,
1608 1503 1836 1559 quorum
1858 1485 2019 1557 primi

443 1581 673 1637 fustibus
708 1581 830 1636 caesi
851 1587 906 1635 et
933 1580 1110 1652 gladio
1139 1588 1266 1635 sunt
1288 1579 1553 1649 percussi,
1580 1578 1801 1633 ultimus
1832 1575 2017 1631 tandiu

443 1673 733 1744 plumbatis
760 1673 1078 1728 verberatus
1111 1673 1281 1728 donec
1318 1672 1565 1743 spiritum
1597 1671 1864 1726 redderet.
1909 1668 2016 1723 Eu-

2118 483 2298 549 Calke,
2327 483 2622 541 Theodora:
2650 496 2706 542 et
2729 487 2957 543 aliorum
2983 487 3336 559 plurimorum
3363 501 3713 549 sanctorum.

2188 575 2284 631 XV
2309 576 2444 633 Κλι..
2472 577 2530 632 ltt
2559 578 2846 634 Antiochia
2869 579 3062 635 natalis
3080 581 3224 637 Petri
3249 582 3467 638 diaconi
3490 592 3551 638 et
3568 581 3712 640 ﬂer-

2119 668 2394 739 mogenis;
2425 677 2481 724 et
2505 669 2560 724 in
2582 668 2786 735 Africa,
2808 669 3091 726 Fortunati
3121 679 3176 725 et
3202 671 3484 728 Marciani.

2188 760 2305 815 XIV
2331 760 2465 815 ΚΑι..
2499 750 2705 817 Natalis
2739 761 3061 824 Eieutheriig
3078 764 3316 834 episcopi
3342 773 3399 818 et
3423 765 3709 835 martyris.

2118 860 2174 907 et
2214 851 2387 907 Antia:
2432 853 2624 907 matris
2651 852 2788 924 ejus.
2822 852 2922 909 llic
2963 853 3309 910 Eleutherius
3352 856 3406 910 in
3452 855 3713 926 Aquileia

2118 941 2404 1013 episcopus
2430 943 2738 1009 ordinatur,
2763 943 2864 999 sub
2886 942 3124 1000 Adriano
3150 945 3484 1015 imperatore
3507 958 3707 1016 passus

2118 1044 2222 1091 est.
2254 1035 2354 1090 ilic
2383 1035 2618 1106 primum
2647 1034 2885 1091 Felicem
2908 1076 2924 1101 ,
2958 1043 3011 1091 et
3040 1034 3336 1092 Correvum
3366 1035 3711 1112 [Corebum]

2119 1125 2343 1181 comites
2362 1126 2631 1181 convertit
2657 1125 2729 1181 ad
2757 1125 2915 1181 fidem
2939 1126 3162 1193 Christi,
3187 1142 3288 1197 pro
3307 1143 3418 1198 quo
3439 1127 3557 1199 ipse
3575 1127 3711 1183 Cor-

2118 1230 2282 1272 revus
2318 1216 2607 1289 [Corebus]
2647 1230 2836 1288 passus
2874 1228 2960 1275 est
2988 1233 3278 1288 percussus
3322 1218 3519 1290 gladio.
3569 1217 3707 1273 Nam

2120 1307 2464 1363 Eleutheritts
2492 1308 2670 1378 primo
2690 1309 2821 1364 vicit
2845 1309 3040 1365 lectum
3071 1309 3332 1376 ferreum,
3359 1309 3559 1365 deinde
3585 1324 3705 1365 cra-

2122 1398 2342 1455 ticulam
2360 1406 2416 1454 et
2440 1393 2628 1469 ignem"
2643 1399 3001 1470 suppositum,
3016 1407 3204 1469 postea
3227 1399 3557 1470 sartaginem
3580 1414 3709 1454 eum

2119 1492 2238 1560 pice
2260 1499 2315 1545 et
2342 1489 2498 1559 adipe
2541 1490 2801 1545 fervente.
2834 1490 3042 1545 Dehinc
3088 1489 3293 1545 bestias
3319 1490 3610 1561 mitigavit,
3637 1492 3707 1546 ad

2119 1591 2422 1637 extremum
2451 1590 2581 1636 Vero
2605 1580 2899 1637 decollatus
2921 1587 3007 1636 est
3031 1594 3153 1635 cum
3176 1580 3341 1635 Antia
3361 1590 3535 1636 matre
3564 1582 3703 1651 ejus,

2122 1680 2180 1727 et
2202 1672 2282 1727 sic
2308 1671 2631 1743 martyrium
2659 1670 2851 1727 ﬁnivit.

443 1767 563 1821 dem
599 1766 685 1822 die
722 1765 778 1820 in
815 1764 990 1821 Nitria
1029 1764 1318 1820 Frontonis
1358 1762 1605 1820 monachi
1626 1803 1659 1843 ,Δ
1682 1762 1773 1832 qui
1802 1768 2014 1832 scptua-
2042 1754 2090 1814 B
2190 1762 2307 1818 χιιι
2331 1762 2466 1819 ΚΑι..
2498 1763 2555 1819 1η
2583 1762 2764 1818 Africa
2804 1761 3086 1819 Calasrani
3125 1762 3361 1827 abbatis,
3388 1770 3445 1816 et
3478 1761 3703 1818 Hermo-

443 1857 589 1926 giuta
620 1856 913 1912 monachos
938 1857 992 1910 in
1013 1871 1253 1911 eremum
1274 1870 1456 1912 secum
1481 1854 1722 1918 adduxit,
1749 1861 1810 1908 ut
1831 1866 2021 1922 seque-

443 1948 598 2003 strati
629 1948 696 2003 ab
725 1948 1033 2003 hominibus
1057 1948 1251 2003 divinae
1270 1946 1705 2017 contemplationi
1729 1953 2018 2001 vacarent:

445 2040 543 2094 sed
578 2054 699 2094 cum
741 2047 884 2095 esset
908 2040 1014 2105 ibi,
1045 2038 1256 2095 diabolo
1300 2038 1609 2111 instigante,
1641 2040 1742 2109 ipsi
1771 2039 2019 2094 monachi

446 2141 634 2185 contra
675 2130 922 2185 abbatem
969 2141 1127 2186 sum
1172 2139 1680 2195 murmuraverunt,
1729 2128 1871 2201 quod
1915 2143 2021 2183 non

445 2225 667 2289 possent
695 2235 807 2291 pro:
830 2219 973 2277 fame
998 2221 1053 2275 in
1075 2233 1258 2276 eremo
1285 2221 1572 2286 habitare;
1613 2220 1706 2276 sed
1735 2220 2023 2276 consolans

447 2322 540 2364 eos
573 2309 741 2365 abbas
789 2325 941 2377 suus,
992 2326 1022 2366 ιι
1054 2310 1287 2365 Domino
1308 2311 1439 2382 ipsis
1469 2311 1718 2380 promisit
1747 2310 2019 2375 solatium,

447 2400 590 2470 quod
615 2409 671 2456 et
706 2402 780 2456 ita
825 2402 1022 2458 evenit.
1048 2399 1187 2457 Nam
1214 2402 1473 2459 Dominus
1507 2416 1607 2475 per
1632 2403 1893 2459 vhionem
1921 2418 2021 2457 an-

448 2492 670 2562 gelicam
701 2495 986 2565 quemdam
1023 2495 1244 2551 divitem
1290 2496 1582 2566 corripuit,
1627 2495 1769 2565 quod
1811 2496 1924 2565 ipse
1966 2496 2023 2550 in

449 2583 655 2639 deliciis
673 2584 879 2651 vivens,
908 2586 1082 2641 servis
1101 2588 1213 2641 suis
1241 2585 1295 2640 in
1326 2598 1510 2642 eremo
1534 2586 1904 2641 habitantibus
1925 2585 2024 2640 ali-

448 2684 687 2730 meatum
725 2691 829 2731 non
862 2675 1160 2746 praeberet:
1192 2677 1285 2746 qui
1323 2691 1445 2732 cum
1473 2689 1580 2732 non
1621 2676 1789 2732 sciret
1823 2676 1915 2731 ubi
1946 2674 2020 2731 illi

448 2769 771 2833 habitarent,
794 2769 1018 2825 consilio
1035 2780 1256 2840 accepto
1278 2769 1616 2841 septuaginta
1639 2768 1872 2825 camelos
1892 2784 2023 2825 one-

450 2862 605 2916 rabat
645 2860 945 2927 alimentis,
991 2869 1045 2916 et
1072 2861 1278 2916 dimisit
1318 2858 1439 2917 illos
1467 2874 1576 2932 quo
1624 2861 1887 2915 Dominus
1927 2875 2021 2916 eos

449 2951 611 3008 vellet
635 2952 948 3023 perducere.
979 2953 1049 3007 At
1090 2953 1163 3008 illi
1191 2969 1221 3007 a
1252 2954 1469 3009 domino
1499 2968 1598 3008 suo
1625 2953 1865 3018 dimissi,
1899 2968 2023 3023 per-

448 3043 645 3113 gebant
670 3042 723 3097 in
765 3042 1108 3098 solitudinem
1147 3043 1236 3097 ubi
1264 3042 1406 3097 servi
1447 3042 1542 3097 Dei
1590 3041 1937 3108 habitabant,
1966 3050 2024 3097 et

448 3134 526 3187 eis
555 3132 808 3188 alimenta
835 3133 964 3188 satis
991 3132 1296 3203 portabant.
1323 3130 1429 3187 Sed
1452 3139 1670 3187 sanctus
1695 3126 1899 3187 Fronto
1918 3133 2021 3189 hoc

448 3222 656 3287 videns,
684 3235 879 3278 cavens
911 3222 1213 3288 avaritiam,
1241 3222 1412 3279 noluit
1431 3223 1610 3278 omnia
1636 3222 1903 3295 accipere,
1925 3226 2028 3280 sed

451 3311 789 3367 medietatem
834 3312 993 3367 tulit:
1035 3312 1260 3372 alteram
1304 3326 1433 3369 vero
1477 3314 1821 3370 medietatem
1859 3329 2022 3386 super

449 3400 682 3457 camelos
707 3401 938 3473 positam
964 3402 1174 3458 remisit
1197 3402 1263 3457 ad
1291 3400 1567 3458 dominum
1589 3416 1765 3470 suum,
1789 3404 1880 3473 qui
1902 3406 2020 3460 sani

448 3492 515 3547 ad
550 3493 822 3563 proprium
863 3492 1137 3549 dominum
1181 3494 1384 3549 reversi
1427 3503 1572 3548 sunt.
1605 3490 1686 3549 Ex
1728 3495 1823 3551 illo
1858 3494 2023 3565 igitur

447 3596 589 3637 anno
615 3595 784 3652 usque
814 3582 882 3637 ad
909 3581 1075 3637 vitam
1105 3580 1396 3637 Frontonis
1425 3576 1573 3639 misit
1602 3582 1752 3638 dives
1786 3583 1901 3654 ipse
1925 3598 2021 3639 no-

448 3672 562 3721 tato
585 3675 848 3738 tempore,
880 3682 990 3739 quo
1015 3684 1158 3726 anno
1194 3669 1356 3743 [forte
1375 3673 1526 3746 ante]
1573 3673 1820 3742 miserat,
1861 3691 2021 3735 escas

444 3758 810 3827 necessarias,
830 3773 969 3829 quas
984 3759 1253 3819 fratribus
1272 3762 1575 3835 dirigebat:
1592 3765 1715 3821 aliis
1733 3766 1813 3823 sic
1833 3765 2017 3824 diviti-

444 3848 816 3907 busDominus
828 3852 1151 3924 imperabat,
1169 3865 1216 3909 et
1238 3869 1303 3911 ex
1318 3856 1814 3930 omnibusdapibus
1830 3859 2020 3933 irriga.

443 3941 509 4006 ti,
532 3940 668 3997 nihil
688 3941 782 3997 Dei
810 3945 954 3999 servi
974 3959 1101 4001 cum
1133 3955 1328 4003 sancto
1349 3946 1626 4006 Frontone
1650 3951 1831 4007 minus
1853 3953 2018 4010 babe-

444 4032 603 4098 bant,
627 4033 927 4103 vigilabant
942 4035 999 4090 bi
1017 4038 1272 4107 operibus
1290 4038 1405 4109 Dei,
1430 4040 1522 4096 lilii
1546 4057 1669 4098 cum
1689 4053 1843 4113 patre
1868 4062 1885 4113 ;
1909 4047 2019 4117 spi-

444 4123 727 4179 ritualibus
745 4138 841 4179 eos
854 4124 1149 4182 admovens
1164 4126 1416 4197 dapibus,
1430 4132 1761 4201 adimplebat
1775 4135 2019 4191 auotidie

447 4226 694 4268 sermone
717 4211 942 4276 caelesti,
970 4213 1248 4270 exsultans
1270 4214 1553 4271 laetabatur
1578 4217 1631 4271 in
1656 4216 1903 4286 Domino,
1926 4219 2022 4290 qui

447 4303 548 4358 sibi
594 4303 759 4359 talem
787 4304 1006 4360 dederat
1043 4302 1406 4373 intellectum,
1450 4314 1510 4363 ut
1548 4309 1681 4364 avim
1712 4309 2019 4366 solitudinis

446 4395 561 4450 loca
587 4396 941 4465 quaesivisset.

2047 3094 2092 3158 C

2122 1856 2294 1927 genis,
2325 1863 2382 1910 et
2414 1853 2661 1926 Expediti
2682 1894 2700 1920 ,
2742 1862 2797 1909 et
2831 1854 2884 1908 in
2922 1853 3229 1925 Hispaniis,
3263 1853 3321 1908 in
3359 1852 3705 1909 Calcoiiveris

2123 1947 2557 2021 [Caucoliberis],
2594 1946 2888 2003 Vincentii.

2192 2035 2283 2092 XII
2312 2036 2447 2093 KAL.
2478 2036 2664 2091 Roma:
2686 2036 2899 2091 Aniceti
2924 2050 3076 2106 papa:
3098 2045 3154 2092 et
3173 2037 3458 2108 martyris,
3471 2038 3563 2108 qui
3585 2051 3703 2091 con-

2121 2128 2298 2184 stituit
2326 2128 2379 2182 in
2413 2128 2659 2183 Ecclesia
2689 2135 2750 2183 ut
2779 2127 2958 2183 clerus
2981 2143 3193 2184 comam
3228 2144 3337 2185 non
3367 2129 3623 2193 nutriret,
3648 2136 3704 2183 et

2122 2217 2362 2288 sepultus
2383 2226 2467 2273 est
2492 2219 2547 2272 in
2570 2218 2891 2273 coemeterio
2906 2216 3136 2273 Callisti.

2192 2307 2262 2362 XI
2286 2306 2420 2363 Kac.
2445 2306 2504 2362 in
2529 2307 2657 2363 Asia
2680 2306 2946 2363 Nativitas
2975 2306 3252 2364 Maximini
3284 2309 3573 2379 martyris,
3611 2309 3696 2377 qui

2122 2407 2368 2469 tempore
2396 2397 2540 2453 Decii
2569 2397 2916 2468 imperatoris
2932 2398 3145 2453 oblatus
3162 2407 3249 2452 est
3270 2398 3587 2467 proconsuli
3606 2413 3699 2451 no-

2122 2490 2270 2545 mine
2292 2488 2531 2561 Optitno,
2556 2489 2794 2559 quicum
2818 2488 2888 2544 ab
2909 2503 2976 2544 eo
3006 2489 3291 2544 tormentis
3316 2497 3607 2561 cogeretur
3634 2488 3699 2541 ad

2123 2580 2533 2653 sacrificandum
2557 2570 2734 2646 idolis,
2764 2591 2818 2636 et
2843 2579 3026 2646 nollet,
3047 2580 3141 2635 diu
3167 2580 3221 2636 in
3245 2580 3483 2653 equuleo
3512 2588 3697 2644 tortus,

2124 2671 2192 2726 ad
2221 2680 2525 2727 extremum
2543 2669 2811 2741 lapidibus
2837 2684 3127 2741 oppressus
3150 2679 3254 2726 est.

2191 2761 2241 2816 Χ
2266 2761 2403 2817 ΚΑι.
2433 2761 2620 2816 Romae
2648 2762 2912 2831 depositio
2931 2762 3102 2817 sancti
3126 2761 3247 2817 Gali
3270 2775 3446 2834 papa,
3466 2763 3558 2834 qui
3579 2777 3701 2818 eum

2123 2854 2416 2911 Ecclesiam
2462 2854 2713 2910 undecim
2757 2869 2959 2920 annos,
3004 2868 3219 2909 menses
3266 2863 3536 2924 quatuor,
3588 2854 3702 2909 dies

2123 2945 2405 3000 duodecim
2436 2945 2686 3009 rexisset,
2716 2945 2975 3017 martyrio
3013 2954 3307 3000 coronatur
3347 2946 3451 3001 sub
3490 2945 3698 3000 Diocle.

2124 3038 2270 3091 tiano
2290 3036 2535 3108 [n-htcipe
2557 3052 2678 3092 cum
2707 3036 2939 3093 Gabinio
2970 3036 3224 3110 [Gabino]
3270 3036 3455 3091 fratre.
3490 3038 3697 3092 Eodem

2123 3128 2209 3184 die
2246 3128 2302 3183 in
2342 3126 2591 3183 Corduba
2618 3129 2837 3184 civitate
2866 3128 3119 3185 nativitas
3143 3129 3430 3193 Parmenii,
3462 3128 3705 3200 Helyma:

2123 3219 2459 3293 [Hebraeum]
2482 3229 2540 3275 et
2564 3219 2904 3292 Chrysotheli
2934 3221 3369 3294 presbyterorum
3385 3262 3401 3287 ,
3438 3231 3491 3276 et
3515 3221 3700 3287 Lucae,

2121 3321 2178 3367 et
2203 3312 2360 3367 Mucii
2392 3311 2739 3367 diaeonorum
2770 3313 2837 3368 de
2862 3311 3178 3385 Babylonia,
3208 3328 3439 3383 quorum
3464 3314 3697 3382 primus,

2122 3403 2353 3474 praecisa
2377 3404 2539 3458 etiam
2567 3403 2769 3475 lingua,
2802 3402 3149 3476 loquebatur:
3172 3418 3363 3459 omnes
3390 3405 3445 3459 in
3473 3404 3702 3474 equuleo

2120 3492 2388 3564 suspensi,
2417 3502 2471 3549 et
2504 3492 2730 3551 nexibus
2753 3496 2917 3551 artati
2947 3504 3102 3562 sunt;
3142 3494 3335 3550 deinde
3375 3495 3592 3550 laminis
3614 3511 3701 3549 ar-

2120 3585 2373 3642 dentibus
2400 3586 2604 3641 circum
2629 3587 2799 3642 latera
2827 3586 3108 3657 Oppositis,
3134 3586 3352 3642 ustulati
3369 3627 3386 3652 ,
3411 3595 3468 3641 et
3488 3585 3701 3656 ungulis

2119 3677 2362 3744 lacerati,
2387 3679 2454 3733 ad
2483 3678 2730 3734 ultimum
2767 3678 2948 3751 gladio
2978 3679 3227 3734 trucidati
3258 3686 3404 3743 sunt,
3434 3686 3699 3749 praesente

2118 3776 2468 3839 persecutore
2496 3768 2679 3824 Decio.
2703 3769 2762 3824 la
2793 3768 3049 3839 passione
3073 3767 3377 3824 Laurentii.

2187 3860 2258 3916 1X
2284 3861 2417 3917 KAL.
2450 3858 2595 3916 Man.
2637 3861 2901 3917 Nativitas
2920 3862 3091 3917 sancti
3116 3872 3144 3902 ι
3164 3858 3379 3930 Georgii
3406 3860 3695 3931 martyris,

2115 3952 2208 4023 qui
2236 3953 2334 4007 sub
2366 3952 2620 4017 Daciano,
2667 3966 2794 4021 rege
2834 3948 3124 4007 Persarum
3168 3951 3575 4022 potentissimo,
3604 3949 3694 4019 qui

2117 4046 2496 4102 dominabatur
2520 4060 2682 4115 super
2711 4044 3054 4115 septuaginta
3095 4059 3280 4116 reges,
3322 4043 3505 4099 multis
3535 4044 3697 4097 mita-

2117 4136 2252 4193 culis
2283 4136 2477 4190 ciaruit
2499 4136 2865 4206 plurimosque
2891 4135 3161 4191 convertit
3189 4136 3256 4189 ad
3281 4134 3445 4189 fidem
3468 4131 3691 4198 Christi,

2117 4227 2277 4283 simul
2305 4235 2360 4282 et
2380 4226 2762 4292 Alexandrum,
2792 4241 3017 4282 uxorem
3051 4226 3218 4296 ipsius
3244 4225 3463 4279 Daciani
3481 4267 3495 4289 ,
3524 4239 3694 4294 usque

2117 4320 2186 4375 ad
2209 4322 2527 4391 martyrium
2563 4318 2928 4376 confortavit:
2967 4318 3081 4387 ipse
3118 4332 3249 4373 vero
3286 4317 3575 4372 novissime
3603 4317 3693 4370 de-

2040 4440 2095 4500 D
2117 4409 2363 4475 collatus,
2390 4411 2709 4481 martyrium
2738 4409 2992 4481 explevit;
3022 4407 3176 4477 cujus
3207 4408 3387 4464 Vitam
3408 4417 3465 4463 et
3490 4407 3691 4478 passio-

514 4482 658 4539 XVll
674 4485 809 4541 ΚΑΙ..
847 4485 911 4567 in
948 4486 1166 4543 civitate
1190 4486 1436 4543 Corduba
1464 4488 1644 4544 natale
1688 4486 2018 4561 Olympiadis
2041 4482 2092 4500 "
2118 4516 2240 4557 nem
2264 4502 2520 4572 scriptam
2555 4501 2680 4572 legi.

444 4586 500 4629 et
526 4575 742 4632 Maximi
768 4563 1045 4644 nobilium,
1064 4580 1178 4650 qui,
1195 4578 1419 4649 jubente
1441 4580 1624 4647 Decio,
1639 4580 1870 4637 fustibus
1892 4583 2015 4638 caesi

2187 4590 2300 4646 Vill
2335 4591 2467 4647 ΚΜ..
2498 4592 2770 4662 Depositio
2803 4588 2986 4646 Melliti
3017 4590 3249 4661 episcopi
3299 4590 3351 4644 in
3380 4588 3677 4643 Britannia.

445 4678 499 4721 et
527 4669 717 4725 deinde
741 4668 1052 4740 plumbatis.
1083 4671 1151 4727 ad
1183 4671 1369 4727 ultima
1396 4672 1569 4744 capita
1592 4687 1779 4729 eorum
1808 4674 2014 4729 securi-
2116 4681 2229 4736 ilac
2254 4681 2341 4736 die
2362 4681 2622 4745 Ananias,
2658 4680 2902 4748 Azarias,
2950 4680 3174 4735 Misahel
3219 4680 3287 4734 de
3310 4679 3523 4734 camino
3551 4679 3685 4749 ignis

446 4758 544 4813 bus
570 4768 748 4824 tunsa,
778 4761 950 4817 donec
974 4762 1286 4818 emitterent
1310 4762 1583 4832 spiritum.

512 4848 630 4904 XVI
658 4851 789 4906 Kac.
820 4850 876 4906 in
904 4852 1129 4920 Achaia,
1149 4853 1410 4922 Corintho
1432 4854 1669 4918 civitate,
1701 4863 2010 4910 sanctorum

512 4978 541 5007 τι
568 4962 752 5043 varia-
774 4976 896 5020 sunt
927 4983 1044 5037 qum
1089 4971 1393 5043 referuntur
1418 4973 1484 5043 de
1506 4981 1708 5043 sancto
1738 4971 1969 5043 Georgio
1988 5012 2004 5037 ,

439 5050 611 5107 eaque
639 5035 711 5111 ita
740 5035 969 5111 incerta,
996 5040 1172 5111 ut__vix
1213 5041 1366 5111 iidem
1393 5041 1652 5095 adhibere
1676 5035 2008 5111 possiszu-L

380 5134 385 5137 ι
440 5104 613 5190 turbat
641 5104 1511 5190 [leaschenius‘i'llumplebeium,
1557 5111 1649 5190 qui
1676 5104 2005 5166 Diocletiani

438 5175 668 5230 edictum
696 5176 767 5231 de
791 5176 1165 5245 persecutione
1188 5175 1499 5235 dilaceravit
1518 5221 1532 5243 ,
1571 5175 1737 5236 fuisse
1761 5190 2005 5235 sanctum

437 5245 747 5320 ileorgiutn,
776 5246 866 5317 qui
894 5262 1035 5302 anno
1060 5245 1210 5320 50§_,_
1236 5262 1433 5320 mense
1461 5249 1659 5319 Aprili,
1690 5250 2003 5320 martyrium

437 5313 758 5370 Nicomediae
788 5313 978 5386 passus
1005 5324 1104 5372 est.
1136 5315 1213 5371 ibi
1243 5317 1395 5385 plura
1421 5313 1587 5374 babes
1610 5320 1674 5374 de
1700 5313 2000 5374 Alexandra

436 5386 504 5439 ab
547 5386 663 5457 ipso
692 5387 1023 5442 Diocletiano
1060 5387 1353 5457 damnata;
1391 5391 1457 5443 de
1486 5403 1589 5457 qua
1623 5390 1710 5444 hic
1753 5386 2005 5444 Rabanus

433 5469 539 5526 non
567 5455 788 5526 solum,
820 5458 914 5511 sed
943 5466 996 5513 et
1025 5455 1274 5512 Baluzius
1295 5510 1299 5515 .
1320 5455 1576 5526 loquitur.
1611 5459 1747 5513 Acta
1792 5459 1880 5513 illa
1926 5466 2004 5513 tot

434 5524 637 5610 fabulis.
671 5541 735 5581 ac
756 5527 1176 5610 narrationibus
1207 5524 1534 5608 porten‘tosis
1564 5529 1717 5610 plena
1750 5536 1903 5592 sunt,
1946 5536 2002 5610 ut

433 5594 590 5715 {illane
619 5605 844 5659 constet,
879 5597 1009 5651 nihil
1048 5598 1171 5651 boni
1207 5594 1441 5666 sanique
1472 5612 1534 5650 ex
1564 5594 1673 5651 illis
1708 5613 1864 5667 posse.
1893 5596 2001 5650 cui-

455 5664 545 5715 ':zi.
600 5666 712 5715 Una
760 5665 1076 5715 Alexandros
1122 5667 1343 5715 historia
1390 5668 1565 5715 omnia
1612 5677 1890 5715 molarum
1943 5666 1997 5715 ii-

455 5664 545 5731 igi.
600 5666 712 5720 Una
760 5665 1076 5722 Alexandra?
1122 5664 1567 5723 historia'omnia
1611 5664 1890 5737 poetarum
1943 5666 1997 5719 ii-

2114 4771 2353 4849 ardentis
2375 4781 2501 4826 sunt
2526 4772 2761 4827 liberati.

2188 4859 2274 4916 Vl!
2309 4860 2442 4915 ΚΑΙ..
2483 4860 2750 4917 Nativitas
2798 4862 2969 4917 sancti
3027 4861 3191 4917 Marci
3240 4860 3586 4932 evangelista:
3633 4861 3685 4915 in

2108 4978 2327 5053 gntenta
2353 4981 2601 5053 superat;
2624 4982 2693 5053 et_
2716 4987 2900 5053 revera
2922 4983 3151 5053 exeunte
3180 4973 3473 5053 Februario
3495 4989 3686 5043 passus

2107 5041 2192 5096 est
2237 5041 2329 5111 qui
2380 5041 2693 5097 Diocletiani
2739 5043 2970 5097 edictum
3016 5043 3372 5108 dilaceravit;
3412 5041 3517 5096 non
3556 5057 3687 5111 ergo

2108 5111 2161 5165 in
2191 5112 2392 5183 mensis
2432 5111 2632 5183 Aprilis
2662 5113 2802 5167 diem
2835 5112 2908 5183 23
2937 5112 3021 5183 vel
3047 5112 3121 5183 25
3148 5112 3297 5180 rejici
3334 5122 3516 5183 potest
3546 5112 3688 5167 iuius

2106 5181 2305 5253 passio.
2334 5179 2500 5253 Plura
2525 5182 2709 5253 itidem
2740 5183 2805 5236 de
2828 5181 3060 5253 Georgio
3079 5179 3499 5253 leguntur'apud
3518 5182 3686 5236 Baro-

2108 5250 2256 5321 nium
2284 5251 2350 5321 ad
2382 5249 2454 5321 25
2477 5251 2721 5321 Aprilis;
2756 5250 2849 5306 sed
2876 5253 2921 5307 si
2945 5249 3009 5321 ea
3036 5249 3286 5308 conferas
3314 5249 3436 5307 cuin
3463 5249 3684 5321 Georgii

2104 5319 2392 5391 Alexandri
2417 5319 2653 5391 episcopi
2682 5320 2823 5383 Vita,
2852 5336 2920 5375 ex
2958 5319 3278 5391 Arianorum
3319 5321 3536 5391 scriptis
3560 5319 3682 5375 esse

2106 5390 2385 5457 desumpta
2419 5388 2576 5444 facile
2598 5388 3015 5445 animadvertas.
3036 5390 3305 5447 .Rabanus
3335 5398 3389 5445 et
3418 5388 3683 5445 Notkerus

2105 5458 2171 5530 de
2200 5458 2460 5530 Datiano,
2488 5474 2603 5530 non,
2628 5461 2695 5515 de
2725 5460 3054 5530 Diocletiano
3081 5459 3412 5530 loquuntur:
3454 5468 3682 5528 uterque

2103 5527 2236 5581 Acta
2283 5529 2548 5600 passionis
2592 5529 2814 5600 legerat.
2861 5528 3057 5597 Adjicit
3109 5527 3377 5586 Notkerus
3428 5545 3492 5585 ea
3542 5527 3682 5600 inter

2105 5598 2436 5671 apocryphas
2470 5599 2549 5671 sui
2584 5598 2838 5671 temporis
2872 5602 3144 5656 numerari
3175 5600 3503 5671 scripturas,
3536 5598 3679 5669 quod

2106 5666 2358 5723 llabanus
2383 5669 2583 5723 omisit.
2612 5666 2767 5727 Briau.
