4028 6196
358 310 503 364 illi

1669 310 1859 366 MART
1871 312 2211 370 YROLOGIU
2221 313 2289 368 Ill.

3465 317 3520 370 Η
3533 315 3622 369 42;

354 422 710 487 Alexandria,
737 420 850 491 qui,
882 420 1184 475 constitutis
1212 427 1265 476 et
1288 419 1637 493 conformatis
1674 422 1935 480 Eccleslis
1960 430 2010 488 Α
2035 425 2159 497 post
2215 427 2381 481 nimia
2433 436 2700 483 tormenta
2748 428 3111 495 decollandus,
3143 444 3265 484 cum
3300 430 3507 485 veniret
3534 431 3602 486 ad

352 528 467 585 per
507 502 754 585 Libyam,
800 513 1160 576 Armaricam,
1202 512 1626 579 Ammoniacam,
1670 513 1936 584 Pentapo-

354 604 468 669 lin,
495 603 872 658 Alexandriam
903 609 1065 671 atque
1092 600 1382 672 Egyptum
1411 603 1742 668 universam,
1774 603 1840 658 ad
1861 602 1938 657 ul-

357 693 559 748 timum
589 700 766 747 tentus
791 699 873 746 est
898 707 927 744 a
951 692 1175 760 paganis
1196 692 1287 759 (ιυί
1312 699 1684 747 remanserant
1705 692 1937 747 Alexan-

357 784 519 848 drir,
544 783 634 853 qui
659 782 900 836 videntes
927 795 1051 836 eum
1079 781 1166 835 die
1194 789 1380 835 sancto
1408 781 1651 864 Paschat,
1676 796 1773 836 vm
1816 781 1933 835 Kal.

356 873 515 937 Maii,
574 872 765 926 missas
811 869 1117 933 facientem,
1149 872 1413 925 miserunt
1458 868 1638 924 funem
1687 870 1744 924 in
1794 869 1936 926 collo

358 965 511 1035 ejus,
537 972 592 1018 et
637 962 921 1017 trahebant
963 975 1087 1015 eum
1145 962 1212 1015 ad
1253 961 1368 1016 loca
1396 960 1599 1026 buculi,
1633 975 1751 1030 qua:
1785 969 1938 1015 erant

349 1055 519 1127 juxta
562 1068 711 1107 mare
766 1052 865 1107 sub
915 1050 1152 1121 rupibus,
1183 1052 1275 1106 ubi
1299 1059 1418 1105 erat
1441 1050 1667 1107 ecclesia
1692 1058 1939 1106 constru-

357 1153 482 1211 cta,
517 1152 573 1198 et
611 1141 912 1199 deﬂuebant
946 1156 1140 1196 carnes
1182 1141 1300 1211 ejus
1342 1141 1395 1195 in
1430 1151 1654 1207 terram,
1702 1155 1766 1196 ac
1805 1155 1937 1197 saxa

360 1235 745 1291 inliciebantur
773 1233 1033 1301 sanguine
1068 1247 1082 1286 :
1110 1246 1333 1302 vespere
1359 1240 1536 1288 autem
1580 1232 1742 1299 facto,
1778 1232 1938 1288 mise-

360 1333 497 1380 runt
516 1340 639 1380 eum
668 1324 722 1379 in
763 1337 1058 1387 carcerem,
1111 1322 1204 1377 ubi
1252 1322 1397 1376 circa
1442 1322 1675 1377 mediam
1724 1330 1936 1378 noctem

360 1419 546 1487 primo
587 1416 827 1488 angelica
877 1415 1181 1470 visitatione
1235 1413 1570 1469 confortatus
1597 1422 1701 1480 est,
1745 1411 1938 1468 deinde

362 1510 491 1578 ipso
516 1508 741 1562 Domino
763 1504 864 1562 sibi
913 1515 1204 1577 apparente
1224 1507 1291 1561 ad
1331 1506 1573 1562 coelestia
1594 1519 1756 1577 regna
1782 1520 1938 1561 voca-

364 1605 484 1662 tus,
525 1611 590 1650 ac
616 1611 773 1652 mane
795 1612 917 1651 cum
957 1596 1266 1652 traheretur
1306 1596 1373 1650 ad
1415 1595 1532 1651 loca
1560 1595 1763 1661 buculi,
1810 1600 1935 1666 gra-

367 1684 480 1740 tias
503 1697 685 1754 agens,
730 1693 786 1742 et
805 1684 1025 1740 dicens:
1065 1683 1306 1750 Domine,
1330 1683 1386 1737 in
1420 1700 1604 1738 manus
1647 1693 1763 1738 tuas
1790 1700 1930 1737 com-

2036 513 2298 581 Palmam,
2321 516 2553 585 expavit,
2598 524 2655 570 et
2699 517 2822 570 dum
2850 516 3009 571 vellet
3046 517 3187 572 malo
3214 519 3464 584 evadere,
3505 534 3602 574 ex-

2037 606 2287 663 clamavit
2322 621 2454 662 voce
2497 623 2684 678 magna
2718 607 2911 663 Vitalis
2951 608 3134 664 dicens
3156 630 3183 664 .;
3213 629 3232 661 ι
3262 608 3401 677 Noli,
3462 608 3601 670 Noli.

2038 699 2286 756 Ursicine
2330 700 2557 766 medice,
2588 701 2680 770 qui
2710 700 2846 756 alios
2890 716 3084 756 curare
3132 702 3479 767 censuevisti,
3529 709 3601 756 te

2036 791 2209 860 ipsum
2235 797 2449 844 aeternas
2492 789 2681 844 mortis
2704 787 2885 857 jaculo
2933 790 3218 844 vulnerare
3246 774 3374 849 vis?
3411 797 3466 843 et
3511 789 3613 859 qui-

2036 894 2133 949 per
2174 879 2451 947 paSsiones
2491 877 2689 933 nimias
2743 877 2937 932 venisti
2964 877 3031 935 ad
3050 892 3301 951 pugnam,
3345 891 3611 932 coronam-

2036 970 2264 1040 perdere
2301 970 2382 1025 vis
2404 984 2437 1024 a
2466 968 2695 1024 Domino
2739 967 2840 1024 tibi
2874 968 3267 1040 praeparatam?
3320 988 3341 1023 ι
3367 968 3609 1024 Audiens

2036 1054 2151 1113 haec
2194 1057 2473 1113 Ursicinus
2515 1073 2655 1128 genu
2686 1057 2881 1127 posuit,
2911 1066 2966 1114 et
3009 1059 3390 1129 spiculatorem
3429 1070 3490 1117 ut
3530 1060 3607 1114 fe-

2036 1149 2168 1204 riret
2219 1149 2555 1214 hortabatur,
2613 1163 2777 1220 agens
2822 1148 3194 1218 ptenitentiam
3241 1151 3383 1220 quod
3430 1167 3600 1222 expa-
3698 1216 3703 1220 ν

2036 1237 2220 1301 visset,
2252 1237 2451 1293 Christi
2479 1246 2773 1310 martyrem
2811 1252 2869 1292 se
2900 1236 3044 1292 fecit.
3078 1238 3276 1294 Eodem
3299 1241 3384 1295 die
3409 1240 3611 1296 natalis

2037 1324 2209 1380 sancti
2244 1323 2617 1394 Christophori
2645 1326 2917 1396 martyris.

2105 1415 2172 1470 lli
2206 1416 2341 1471 ΚΑι..
2412 1416 2596 1472 Romae
2650 1418 2828 1488 passio
2868 1418 2897 1457 δ
2949 1416 3082 1472 Cleti
3138 1432 3307 1488 papa},
3351 1419 3444 1489 qui
3491 1428 3602 1474 ter-

2038 1506 2144 1561 tius
2175 1514 2296 1577 post
2315 1506 2531 1562 Petrum
2553 1507 2806 1563 Romamn
2828 1508 2976 1563 urbis
3022 1508 3389 1578 episcopatum
3436 1525 3617 1563 annos

2037 1597 2315 1651 duodecim
2342 1596 2544 1660 habuit,
2578 1605 2631 1651 et
2659 1597 2854 1652 ibidem
2894 1598 3153 1669 martyrio
3184 1604 3475 1657 coronatus
3521 1608 3609 1654 cst

2038 1688 2136 1743 sub
2160 1686 2465 1744 Domitiano
2503 1690 2845 1760 imperatore.

362 1774 559 1829 mendo
586 1776 826 1845 spiritum
852 1789 1043 1841 meum,
1079 1773 1364 1830 defunctus
1399 1781 1505 1841 est,
1561 1784 1616 1829 et
1642 1788 1671 1827 a
1702 1773 1833 1828 viris
1855 1787 1939 1828 re-
1968 1765 2014 1825 Β
2108 1776 2152 1834 ll
2180 1778 2312 1835 Kac.
2336 1779 2392 1834 In
2421 1779 2745 1836 Alexandria
2772 1782 2969 1838 natalis
2994 1781 3249 1839 Afrodisii
3281 1783 3615 1854 presbyteri,

362 1863 577 1936 ligiosis
600 1863 933 1935 sepultus,in
961 1864 1079 1920 loco
1124 1863 1318 1934 lapidis
1345 1863 1536 1930 excisi,
1567 1878 1688 1919 cum
1742 1863 1933 1935 gloria.

362 1952 727 2012 Ordinaverat
766 1962 943 2011 autem
995 1970 1094 2025 pro
1133 1970 1190 2011 se
1236 1953 1577 2012 Alexandriae
1628 1953 1936 2025 episeOpum

364 2047 700 2115 Annianum,
730 2048 851 2103 aliis
880 2061 1094 2118 quoque
1118 2047 1275 2120 longe
1303 2049 1513 2118 lateque
1542 2048 1797 2104 Ecclesiis
1823 2049 1935 2119 epi-

366 2153 581 2208 scopos,
604 2137 949 2209 presbyteros
976 2146 1032 2193 et
1079 2138 1333 2193 diaconos
1360 2136 1598 2193 dederat.
1628 2130 1828 2193 Eodem
1852 2137 1941 2192 die

366 2229 555 2284 Romae
595 2230 791 2284 letania
833 2227 1006 2298 major
1048 2222 1115 2285 ad
1159 2228 1416 2284 Sanctum
1451 2229 1689 2285 Petrum.
1750 2228 1938 2283 Natale

367 2321 545 2376 sancti
571 2308 787 2376 Maximi
809 2322 1084 2392 martyris,
1127 2322 1222 2391 qui
1264 2322 1598 2391 temporibus
1620 2320 1767 2376 Decii
1793 2336 1939 2376 com-

363 2411 668 2481 prehensus
715 2419 798 2466 est
830 2410 886 2467 in
928 2410 1074 2476 Asia,
1131 2418 1186 2466 et
1228 2410 1440 2466 oblatus
1481 2419 1566 2467 est
1605 2411 1935 2480 proconsuli,

366 2502 463 2570 qui
493 2501 654 2571 jussit
682 2516 804 2556 eum
826 2502 880 2558 in
910 2501 1138 2572 equuleo
1163 2502 1437 2573 suspendi,
1466 2509 1522 2556 et
1552 2501 1779 2557 diversis
1808 2510 1935 2573 sup-

366 2590 547 2661 pliciis
583 2592 841 2659 torqueri,
886 2592 931 2647 si
971 2604 1175 2662 magna:
1209 2592 1390 2647 Dianai
1422 2607 1531 2647 non
1584 2592 1938 2659 sacrificaret,

365 2687 425 2735 et
449 2681 520 2736 ob
556 2681 657 2735 hoc
678 2681 803 2751 quia
844 2694 963 2736 eam
997 2695 1103 2736 non
1146 2680 1371 2749 coleret,
1402 2680 1566 2751 jussit
1588 2684 1710 2736 eum
1740 2684 1942 2753 capita-

362 2766 476 2828 lem
504 2770 684 2826 subire
713 2771 1053 2837 sententiam,
1078 2770 1181 2826 hoc
1204 2775 1286 2825 est
1314 2771 1367 2825 in
1388 2784 1462 2825 vn
1490 2770 1607 2824 Kal.
1638 2769 1781 2825 Maii.

440 2858 509 2914 Vl
544 2858 675 2915 ΚΜ..
736 2859 1005 2930 Depositio
1029 2860 1203 2915 sancti
1231 2872 1256 2901 ιι
1302 2858 1591 2915 Marcellini
1629 2870 1802 2930 papae,
1847 2863 1938 2930 qui

369 2964 495 3007 cum
542 2947 833 3005 Ecclesiam
882 2964 1074 3006 novem
1122 2962 1293 3005 annos
1338 2958 1393 3005 et
1437 2964 1652 3006 menses
1709 2950 1941 3020 quatuor

370 3041 622 3105 rexisset,
658 3048 715 3095 et
760 3041 1092 3111 temporibus
1137 3040 1456 3097 Diocletiani
1513 3047 1568 3097 et
1610 3039 1938 3106 Maximiani,

2037 1877 2091 1925 et
2112 1868 2339 1926 aliorum
2370 1870 2607 1938 triginta.
2644 1871 2711 1925 Et
2735 1870 2915 1928 Romae
2944 1872 3207 1943 depositio
3237 1872 3446 1940 Quirini
3483 1872 3603 1945 cpi-

2038 1972 2208 2029 scopi.

2656 2086 2996 2164 MAIUS.

2109 2237 2240 2292 ΚΜ..
2280 2237 2428 2295 Man.
2478 2239 2763 2296 Hieremiae
2801 2238 3095 2311 pr0phetm,
3126 2248 3181 2295 et
3232 2240 3283 2294 in
3340 2228 3627 2309 Hierapoli}

2042 2340 2063 2367 ε
2096 2327 2326 2399 Philippi
2367 2329 2591 2400 apostoli
2641 2331 2731 2400 qui
2761 2329 3129 2385 Ebionitarum
3151 2328 3378 2384 hzeresin
3401 2329 3606 2383 exstin-

2038 2420 2135 2485 Xit,
2171 2428 2225 2476 et
2274 2420 2478 2490 quievit
2506 2420 2558 2474 in
2584 2434 2735 2489 pace.
2788 2418 2975 2475 Passio
3025 2420 3198 2474 sancti
3250 2416 3435 2474 Jacobi
3477 2433 3609 2488 apo-

2039 2509 2161 2565 sloli
2187 2508 2241 2563 in
2268 2508 2659 2580 Hierosolyma,
2704 2524 2864 2578 quem
2893 2508 3099 2564 Scribas
3132 2517 3188 2563 et
3227 2498 3481 2563 Pharisaei
3511 2522 3607 2577 po-

2040 2608 2265 2657 suerunt
2293 2612 2454 2671 super
2475 2599 2694 2670 pinnam
2722 2599 2940 2670 templi;
2984 2598 3079 2654 sed
3122 2608 3241 2654 eum
3265 2598 3338 2653 ita
3366 2606 3613 2669 agerent,

2039 2701 2095 2748 et
2120 2692 2365 2748 riderent
2399 2700 2585 2748 omnes
2642 2690 2899 2763 gratulari
2955 2691 3008 2746 in
3053 2688 3432 2760 praedicatione
3463 2687 3605 2757 ejus,

2039 2785 2510 2856 praecipitaverunt
2546 2799 2665 2840 eum
2714 2800 2780 2840 ex
2830 2784 2958 2850 alto,
2990 2793 3045 2839 et
3078 2798 3334 2839 corruens
3358 2781 3493 2838 nihil
3519 2781 3610 2837 ιωι

2041 2892 2152 2942 sus,
2182 2877 2274 2931 sed
2318 2876 2489 2946 magis
2517 2862 2873 2947 praedicabat;
2932 2885 3061 2931 tunc
3088 2876 3261 2930 iratus
3282 2875 3509 2945 quidam
3541 2889 3616 2930 ex

2041 2965 2327 3022 Pharisaais
2354 2966 2557 3037 pertica
2607 2966 2823 3021 fullonis
2863 2966 3053 3021 cecidit
3107 2965 3318 3021 fortiter
3347 2964 3401 3020 in
3448 2972 3620 3034 caput

2041 3056 2181 3128 ejus,
2206 3065 2260 3112 et
2282 3056 2476 3112 evertit
2502 3056 2803 3112 cerebrum.
2828 3052 2898 3109 Et
2925 3055 2978 3109 in
3024 3053 3392 3124 Hierosolyma
3431 3052 3621 3124 passio

368 3134 441 3188 ab
460 3133 645 3190 eodem
676 3133 1006 3190 Diocletiano
1028 3149 1128 3205 pro
1160 3135 1269 3191 fide
1315 3135 1517 3192 Christi
1545 3150 1670 3191 cum
1711 3135 1935 3192 Claudio

2044 3148 2209 3203 sancti
2238 3145 2410 3212 Judte,
2464 3146 2578 3202 sive
2613 3145 2849 3212 Quiriaci
2880 3145 3141 3215 episcopi,
3195 3144 3282 3199 cui
3315 3142 3622 3199 revelatum

370 3242 428 3287 et
453 3231 670 3302 Cyrino,
707 3236 761 3285 et
788 3229 1081 3296 Antonino,
1109 3231 1284 3299 capite
1310 3237 1589 3285 truncatus
1610 3239 1714 3295 est,
1742 3240 1796 3285 et
1817 3238 1937 3300 post

2036 3245 2119 3289 est
2137 3235 2339 3305 lignum
2385 3234 2675 3287 Dominicae
2714 3233 2912 3286 erucis.
2963 3233 3163 3288 Eodem
3187 3234 3274 3288 die
3296 3233 3350 3288 in
3375 3232 3621 3288 Acaurio

368 3319 489 3374 dies
515 3319 731 3391 triginta
744 3317 979 3387 quinque
1000 3317 1241 3387 sepultus
1253 3317 1341 3370 via
1370 3316 1583 3370 Salaria
1610 3318 1664 3370 in
1691 3317 1937 3371 cubiculo
2034 3324 2215 3393 passio
2245 3322 2418 3378 sancti
2451 3320 2781 3391 Sigismundi
2814 3321 2971 3390 regis.

371 3425 403 3464 a
434 3408 680 3466 Marcello
706 3408 1038 3480 presbytero,
1074 3413 1129 3462 et
1157 3405 1496 3471 diaconibus,
1540 3412 1661 3461 cum
1699 3405 1932 3475 hymnis,
1973 3469 1989 3479 .

373 3520 427 3559 vi
459 3503 575 3558 Kal.
604 3502 747 3558 Maii.

442 3593 489 3649 ν
524 3592 656 3648 Kac.
694 3589 956 3647 Nativitas
1008 3589 1285 3647 Anastasii
1318 3605 1489 3660 papae,
1537 3589 1630 3659 qui
1658 3596 1779 3660 post
1813 3589 1940 3643 bca-

374 3692 491 3738 tum
550 3682 766 3736 Petrum
838 3681 1280 3751 quadragesimus
1340 3680 1548 3750 primus
1610 3679 1768 3735 sedit.
1842 3678 1941 3734 Hie

372 3772 697 3830 Manichzeos
746 3772 801 3826 in
828 3772 961 3827 urbe
1001 3771 1172 3827 Roma
1218 3766 1497 3825 inveniens
1548 3769 1843 3833 damnavit,
1885 3775 1942 3823 et

372 3865 726 3923 constitutum
741 3860 866 3918 fecit
887 3861 1132 3917 utnullus
1151 3856 1543 3917 transmarinus
1564 3860 1617 3915 in
1632 3858 1941 3921 clericatum

374 3957 760 4025 susciperetur,
817 3953 918 4009 nisi
960 3952 1197 4024 quinque
1218 3952 1592 4023 episcoporum
1635 3951 1942 4022 designaret

374 4046 812 4115 chirographum.
1306 4118 1310 4123 Δ

447 4137 514 4194 lV
536 4138 667 4194 Κλι.
715 4137 901 4193 Sancti
928 4134 1137 4201 Vitalis,
1169 4136 1261 4206 qui
1287 4136 1387 4191 fuit
1425 4145 1581 4207 pater
1623 4144 1936 4192 sanctorum

374 4242 674 4303 martyrum
710 4229 952 4286 Gervasii
985 4234 1041 4283 et
1067 4227 1320 4285 Protasii.
1350 4226 1450 4283 llic
1476 4242 1606 4297 ergo
1651 4241 1772 4283 eum
1814 4226 1937 4284 fuis

376 4334 461 4380 set
508 4322 745 4377 militans
765 4320 1085 4384 consularis,
1134 4324 1336 4375 etcum
1364 4318 1554 4374 fuisset
1582 4334 1703 4374 cum
1721 4318 1945 4374 Paulino

369 4414 553 4486 judice
598 4427 717 4477 suo,
748 4412 1058 4468 Ravennam
1090 4413 1362 4483 ingressus
1388 4420 1496 4477 est,
1539 4423 1742 4467 etcum
1797 4412 1943 4467 vide-

343 4509 460 4583 i‘ret
489 4505 541 4558 in
571 4510 856 4573 conspectu
874 4500 1069 4572 judicis
1095 4502 1175 4555 sui
1203 4499 1569 4556 Christianum
1592 4499 1808 4554 nomine
1838 4498 1941 4554 Ur-

375 4594 628 4658 sicinum,
667 4600 783 4646 n‘rte
834 4591 1120 4656 medicum,
1144 4593 1363 4644 natione
1391 4588 1692 4659 Ligurium,
1719 4590 1839 4658 post
1862 4589 1942 4643 ni-

375 4685 483 4739 mia
515 4690 779 4738 tormenta
802 4681 1083 4752 capitalem
1110 4679 1380 4750 accepisse
1404 4680 1755 4745 sententiam;
1794 4678 1941 4734 locus

376 4781 555 4828 autem
588 4773 677 4828 ubi
702 4771 1109 4827 decollabantur
1121 4767 1436 4834 Christiani,
1460 4769 1563 4823 hoc
1590 4768 1822 4823 habebat
1846 4783 1941 4822 vo-

374 4863 647 4928 cabulum,
672 4872 734 4917 ut
761 4862 1030 4917 diceretur
1052 4860 1120 4915 ad
1168 4859 1423 4930 palmam,
1453 4870 1518 4914 eo
1542 4857 1682 4928 quod
1720 4858 1941 4913 arbores

377 4954 612 5025 antiquae
636 4952 825 5022 palmae
845 4951 955 5007 illic
975 4957 1175 5006 essent.
1228 4948 1320 5005 Ille
1349 4948 1533 5019 igitur,
1589 4954 1649 5001 ut
1689 4947 1942 5012 diximus,

450 5077 478 5107 ι
528 5067 757 5121 Diversae
781 5064 998 5121 fuerunt
1040 5064 1105 5119 de
1134 5061 1440 5119 Marcellino
1473 5076 1606 5131 papa
1632 5058 1817 5131 eodem
1849 5074 1946 5131 sae-

379 5136 501 5193 culo
521 5137 795 5192 sententiae
825 5153 839 5189 :
878 5135 1023 5189 illum
1051 5134 1193 5188 inter
1237 5139 1452 5188 sanctos
1473 5127 1726 5185 recenset
1769 5127 1946 5182 Raba-

378 5222 505 5269 ntts,
527 5219 684 5274 quem
724 5205 997 5269 Nicolaus,
1028 5203 1303 5274 Romanus
1337 5200 1600 5274 pontifex,
1630 5198 1838 5274 lapsum
1890 5198 1944 5252 in

379 5269 735 5332 idololatriam
784 5275 885 5330 sub
910 5273 1239 5330 Diocletiano
1258 5269 1644 5333 confitebatur;
1696 5269 1946 5336 idemque

378 5345 576 5415 legitur
606 5347 661 5400 in
698 5343 973 5415 Breviario
1004 5344 1282 5415 Romano.
1332 5340 1550 5415 Falsum
1600 5348 1684 5394 est
1712 5337 1932 5391 Donati-

379 5410 492 5470 stas
532 5415 678 5469 illum
726 5413 1017 5468 Marcellini
1045 5413 1252 5482 lapsum
1288 5422 1393 5482 non
1417 5410 1721 5482 aliegas_se_;_
1777 5422 1934 5482 urge-

378 5486 509 5541 bant
535 5485 750 5555 quidem
792 5497 854 5537 ea
892 5476 1501 5555 ratione—Augustinum,
1526 5476 1622 5548 qui
1672 5476 1926 5555 hlarctgli-

379 5568 508 5609 nnm
540 5547 877 5609 innocentem
896 5547 1307 5623 pronuntiavit:
1337 5564 1462 5623 curn
1494 5547 1670 5623 tamen
1698 5547 1798 5617 ipsi
1831 5547 1934 5623 D9-

379 5624 590 5679 natis‘a:
611 5615 939 5692 Meleia‘deni,
969 5622 1059 5692 qui
1090 5636 1211 5676 cum
1234 5618 1539 5692 Marcellino
1574 5617 1686 5692 _diis
1719 5615 1931 5692 sacriﬁ-

380 5708 535 5749 casse
561 5695 838 5757 debuerat,
859 5683 1090 5761 judiéem
1133 5689 1463 5762 agnoverint.
1499 5686 1621 5741 Inde
1650 5683 1935 5742 concludas

2109 3412 2175 3468 VI
2203 3412 2336 3467 Non.
2399 3409 2585 3465 Sancti
2633 3407 2810 3465 Patris
2853 3410 3024 3463 nostri
3055 3409 3330 3465 Athanasii
3372 3411 3621 3480 episcopi;

2037 3501 2402 3557 Alexandrini.
2680 3580 2683 3585 Ι

2114 3593 2153 3647 V
2180 3590 2313 3648 Non.
2349 3592 2403 3646 in
2440 3590 2804 3662 Hierosolyma
2843 3590 3081 3644 inventio
3105 3597 3304 3645 sanctae
3333 3592 3510 3645 crucis
3537 3593 3619 3647 ab.

2040 3684 2242 3739 Helena
2286 3684 2473 3755 regina
2520 3692 2642 3754 post
2683 3682 2985 3752 passibnem
3014 3680 3244 3745 Domini,
3288 3695 3432 3737 anno
3479 3682 3625 3748 253,".

2041 3784 2298 3846 regnante
2318 3773 2672 3829 Constantino
2693 3772 3034 3842 imperatore,
3051 3772 3160 3827 fil-io
3180 3772 3355 3843 ipsius
3368 3771 3602 3829 Helena.

2042 3862 2246 3928 Romae,
2285 3860 2573 3918 Alexandri
2623 3876 2793 3931 papae.
2851 3869 2907 3914 et
2963 3861 3203 3927 Eventii,
3251 3870 3307 3917 et
3349 3862 3632 3919 Theodoli.

2040 3954 2497 4025 presbyterorum,
2527 3954 2754 4022 quorum
2805 3951 3012 4021 primus
3055 3959 3185 4021 post
3232 3952 3466 4019 vincula,
3498 3967 3631 4008 cata

2044 4060 2215 4109 ceres,
2242 4042 2551 4113 equuleum,
2580 4041 2814 4113 virgulas
2840 4051 2896 4098 et
2923 4043 3107 4115 ignes,
3150 4043 3363 4114 punctis
3389 4043 3608 4101 creber-

2044 4130 2196 4190 rimis
2241 4127 2338 4203 per
2372 4138 2484 4187 tota
2532 4132 2771 4187 membra
2820 4140 3137 4202 peremptus-
3170 4140 3255 4187 est
3284 4150 3295 4186 :
3326 4140 3609 4203 sequentes

2042 4234 2099 4280 et
2140 4224 2240 4295 ipsi
2284 4231 2405 4293 post
2447 4222 2658 4293 longam
2717 4223 2958 4278 careeris
3019 4223 3394 4278 sustinentiam
3468 4224 3606 4293 igni-

2044 4320 2144 4373 bus
2163 4316 2474 4381 examinati,
2510 4325 2565 4371 et
2608 4318 2675 4370 ad
2701 4316 2945 4370 ultimum
2979 4313 3222 4370 decollati
3245 4323 3370 4368 sunt
3399 4314 3468 4368 ab
3492 4315 3602 4367 Au.-

2046 4409 2249 4465 reliano
2287 4407 2468 4479 judice
2522 4414 2766 4476 tempore
2817 4402 3032 4472 Traiani
3075 4403 3350 4473 principis.
3407 4402 3607 4458 Eodem

2046 4490 2132 4557 die
2160 4501 2441 4581 depositio
2466 4499 2638 4557 sancti
2664 4498 2893 4566 Philippi
2919 4495 3261 4552 confessoris.

2115 4589 2182 4645 iV
2222 4590 2354 4645 Nos.
2395 4588 2580 4642 Passio
2604 4586 2775 4641 sancti
2806 4585 3037 4641 Floriani
3065 4587 3317 4658 martyris
3366 4595 3605 4655 tempore

2048 4680 2364 4736 Diocletiani
2389 4689 2442 4733 et
2462 4677 2765 4731 Maximiani
2802 4677 3207 4748 imperatorum,
3234 4677 3482 4733 saeviente
3502 4678 3627 4733 ini»

2047 4769 2305 4839 quissimo
2330 4766 2562 4836 praeside
2581 4764 2833 4833 Aquilino
2860 4764 2996 4837 apud
3025 4763 3300 4819 Nutricum
3320 4764 3631 4835 Ripensem-

2047 4858 2321 4931 [Noricum
2342 4854 2627 4927 Ripense];
2649 4854 2740 4924 qui
2772 4869 2892 4909 cum
2915 4846 2973 4909 ae
2998 4854 3204 4910 videret
3232 4862 3542 4925 superatum
3579 4870 3633 4912 a.

2050 4948 2319 5012 Floriano,
2338 4945 2497 5016 jussit
2524 4960 2645 5000 eum
2673 4944 2953 5013 capitalem
2979 4942 3159 4999 subire
3191 4943 3533 5008 sententiam,
3561 4950 3635 4995 et-

2048 5058 2240 5123 solum,
2277 5057 2391 5127 jam
2420 5053 2749 5125 temporibus
2770 5052 3051 5127 Augustini
3092 5053 3277 5127 varios
3293 5052 3361 5127 de
3389 5051 3632 5127 Πετεώ-ρ

2048 5128 2156 5183 lino
2190 5120 2576 5197 spa'rsosues‘s'e
2603 5120 2879 5197 rumores;
2912 5122 3178 5197 Quidquid
3221 5123 3293 5176 sit
3320 5122 3387 5179 de
3433 5120 3610 5190 lapsu,

2047 5197 2179 5253 Acta
2220 5192 2443 5251 concilii
2469 5192 2804 5254 Sinuessani,
2853 5192 2905 5245 in
2963 5192 3281 5260 quibusres
3331 5197 3609 5260 narratur,

2048 5266 2232 5337 spuria
2252 5271 2398 5320 sunt.
2433 5263 2507 5318 lbi
2540 5262 2601 5316 fit
2627 5262 2827 5316 mentio
2842 5257 3002 5337 _librai_
3033 5258 3329 5337 occidentis,
3361 5258 3447 5337 Aad
3474 5257 3623 5337 indi-7

2042 5326 2245 5391 candos
2273 5350 2420 5389 usu
2445 5341 2630 5400 testes,
2679 5346 2799 5400 quae
2841 5329 3042 5400 locutio
3068 5344 3174 5384 non
3219 5327 3333 5383 nisi
3356 5326 3611 5395 tempori-

2040 5405 2142 5461 bus
2166 5403 2499 5460 Constantiui
2527 5397 2713 5456 fuerat
2728 5400 2782 5454 in
2810 5415 2929 5455 usu.
2952 5397 3108 5453 Bisn.

2070 5525 2075 5528 .
2112 5475 2142 5515 δ
2167 5472 2312 5529 Obiit
2331 5471 2511 5527 Cletus
2532 5474 2620 5525 an.
2650 5469 2712 5525 9i
2739 5477 2830 5539 :_at
2850 5466 3151 5539 persecutio
3175 5463 3486 5539 Domitiani,
3509 5464 3625 5519 sub:

2043 5558 2149 5669 quo
2168 5541 2515 5624 pati_debuit,
2549 5536 2775 5595 nonnisi
2802 5532 2943 5591 anno
2969 5532 3039 5590 95
3072 5534 3259 5605 erepit,
3280 5533 3388 5602 vel,
3415 5546 3617 5590 secum-

2082 5628 2171 5667 um
2209 5610 2557 5669 Tomardum,
2584 5624 2672 5663 an.
2698 5608 2787 5663 98.
2814 5607 2969 5660 Bass.

2082 5607 2186 5667 um"
2209 5610 2557 5674 Toinardum,
2584 5624 2672 5663 an.
2698 5608 2787 5663 98.
2814 5607 2969 5660 Bass.

2116 5693 2138 5723 ε
2177 5680 2306 5738 Vide
2331 5672 2618 5736 Baronium
2644 5678 2721 5737 ,in
2751 5672 3149 5745 Martyrologio.
