4028 6196
488 262 620 315 11ιὸ

1115 264 1175 317 B.
1218 263 1466 318 RABANI
1504 263 1719 319 MAURI
1757 264 2070 321 ARCHIEP.
2114 264 2419 323 MOGUNT.
2461 269 2743 325 OPERUM
2780 269 2960 326 PARS
2998 271 3061 326 ll.

3584 276 3720 333 ili-6

483 373 606 427 duci
637 373 702 427 ad
727 371 944 428 fluvium
971 373 1149 429 Aneso
1175 373 1465 446 [.Anisum],
1518 384 1572 430 et
1596 377 1669 430 ibi
1722 377 2047 446 praecipitari
2078 381 2124 439 Α
2154 380 2375 434 nuarius
2421 379 2567 434 illum
2617 381 2790 452 magis
2829 381 3070 435 lucratus
3098 390 3182 436 est
3233 381 3473 446 Christo,
3521 393 3580 439 et
3625 385 3723 439 ba-

482 477 605 516 eum
637 463 704 518 de
738 474 918 534 ponte.

554 555 617 610 lll
665 555 799 611 Non.
839 554 896 609 In
942 553 1163 610 Arelate
1192 555 1456 626 depositio
1498 565 1670 611 sancti
1716 556 1904 610 Hilarii
1936 557 2046 626 epi-

483 646 670 714 scopi,
736 645 826 714 qui
896 643 1236 715 Pelagianam
1288 646 1512 700 haaresin
1581 647 1634 700 in
1702 647 2046 701 collatoribus

483 734 834 806 deprehendit
886 742 941 788 et
986 734 1258 805 corrigere
1296 735 1515 788 studuit.
1570 734 1914 788 Antisiodoro
1958 749 2046 788 eo-

483 825 602 878 dem
646 824 732 877 die
789 823 969 894 passio
1018 824 1186 878 sancti
1239 822 1476 887 Juviani,
1534 823 1754 878 lectoris
1793 832 1849 877 et
1903 839 2046 876 mar-

486 925 539 986 ty
550 915 641 970 ris.

551 1003 595 1057 ll
616 1001 746 1058 Nos.
775 1001 960 1058 Passio
990 1005 1266 1058 beatorum
1290 1011 1582 1074 martyrum
1612 1003 1835 1057 Mariani
1864 1011 1918 1058 et
1962 1001 2048 1056 Ja-

480 1093 624 1159 cobi,
669 1101 724 1148 et
764 1093 990 1147 aliorum
1026 1094 1120 1162 qui
1171 1108 1292 1147 cum
1333 1094 1397 1146 iis
1437 1108 1536 1162 pro
1587 1092 1802 1146 nomine
1847 1090 2046 1147 Christi

481 1183 622 1252 passi
651 1191 794 1236 sunt.
841 1181 972 1235 Nam
998 1198 1094 1252 per
1123 1182 1500 1236 revelationem
1529 1183 1608 1236 eis
1635 1181 1891 1236 Dominus
1913 1199 2048 1252 pra:-

482 1272 716 1342 signavit
749 1271 980 1341 qualiter
1000 1273 1164 1325 vitam
1192 1280 1508 1340 prasentem
1533 1288 1630 1341 per
1656 1272 1877 1343 gloriam
1907 1290 2048 1327 mar-

485 1361 606 1430 tyrii
635 1360 789 1415 finire
813 1362 1127 1426 debuerunt,
1155 1362 1293 1416 sicut
1317 1361 1371 1415 in
1411 1362 1669 1431 martyrio
1701 1377 1886 1416 eorum
1915 1363 2048 1417 scri-

482 1459 630 1520 ptum
671 1452 900 1506 contine'
914 1467 995 1506 ur.

553 1547 736 1601 Noxis.
775 1547 828 1600 ln
881 1546 1186 1602 Nicomedia
1223 1545 1417 1601 natalis
1453 1545 1620 1600 Flavii
1675 1547 1935 1616 episcopi,
1993 1557 2049 1602 et

482 1634 734 1701 FroJisii,
765 1636 1040 1700 Macrobii,
1091 1637 1374 1706 Augustini
1420 1636 1690 1706 episcopi;
1739 1644 1792 1690 et
1823 1637 1877 1690 in
1902 1637 2042 1692 Con-

2147 469 2371 537 ptizavit
2412 470 2568 524 simul
2614 485 2737 525 cum
2777 470 2983 524 Marina
3027 485 3193 526 uxore
3241 486 3338 526 sua
3365 474 3580 542 ;-quod
3629 490 3722 528 au.

2147 555 2299 613 diens
2329 557 2529 613 factum
2570 558 2813 613 Julianus
2842 560 3095 628 praecepit
3138 559 3514 616 Clementiano
3544 561 3719 629 iudici

2148 655 2207 700 ut
2230 662 2374 711 eum,
2403 647 2447 701 si
2468 647 2634 701 nollet
2649 647 2810 704 idolis
2837 648 3165 711 sacrificare,
3192 649 3422 718 puniret.
3451 650 3584 705 Nam
3618 653 3719 706 ira.

2150 751 2234 796 tus
2266 740 2429 809 jussit
2458 742 2896 811 inscriptionibus
2927 741 3168 795 damnari
3221 751 3466 797 sanctum
3517 744 3718 798 Janua-

2149 831 2287 886 rium
2335 833 2704 902 presbyterum
2753 842 2808 887 et
2838 833 3056 887 beatum
3100 832 3453 900 Gordianum,
3495 852 3720 891 uxorem

2149 933 2326 976 autem
2362 921 2478 990 ejus
2505 923 2764 976 Marinam
2814 923 2866 976 in
2894 924 3126 992 quadam
3165 924 3314 988 villa,
3342 941 3462 996 quae
3489 938 3716 982 vocatur

2148 1013 2328 1083 Aquas
2354 1013 2582 1078 Salvias,
2617 1015 2670 1068 in
2696 1015 2917 1070 servitio
2946 1016 3273 1070 rusticorum
3301 1018 3553 1086 opprimi.
3583 1019 3716 1073 Cum

2149 1113 2326 1157 autem
2368 1104 2590 1157 vidisset
2617 1103 3016 1158 Clementianus
3047 1106 3189 1174 quod
3241 1115 3460 1159 sanctus
3487 1105 3714 1160 Gordia-

2148 1209 2250 1249 nus
2271 1193 2416 1249 nullo
2444 1195 2600 1249 modo
2623 1210 2653 1248 a
2681 1204 2823 1249 statu
2857 1193 2978 1250 fidei
3009 1211 3118 1248 sua:
3139 1196 3308 1249 averti
3332 1206 3534 1264 posset,
3557 1195 3718 1263 jussit

2148 1299 2269 1338 eum
2325 1285 2556 1355 primum
2586 1284 2876 1353 plumbatis
2914 1285 3066 1348 cmdi,
3100 1284 3294 1338 deinde
3346 1286 3524 1353 capite
3568 1294 3719 1340 trun-

2150 1376 2300 1439 cari;
2353 1375 2494 1445 quod
2531 1389 2654 1428 cum
2700 1373 2900 1429 factum
2947 1375 3342 1442 comperissent
3389 1375 3709 1442 Christiani,

2151 1478 2413 1523 nocturno
2441 1466 2652 1521 silentio
2699 1475 2962 1520 venerunt
2995 1474 3049 1519 et
3075 1474 3369 1535 rapuerunt
3397 1481 3597 1535 corpus
3630 1483 3714 1520 ve-

2153 1559 2446 1613 nerandum
2499 1557 2668 1611 sancti
2718 1556 2969 1626 martyris
3014 1555 3292 1621 Gordiani,
3335 1564 3389 1608 et
3439 1557 3717 1612 venientes

2152 1649 2206 1702 in
2259 1649 2343 1701 via
2395 1662 2514 1716 qua:
2565 1646 2756 1700 Latina
2814 1653 3195 1713 nuncupatur,
3260 1660 3365 1698 non
3430 1644 3589 1715 longe
3651 1648 3718 1701 ab

485 1727 850 1796 stantinopoli,
895 1727 1149 1792 Achaici;
1182 1727 1569 1797 Augustoduno
1603 1727 1864 1795 depositio
1901 1728 2044 1784 beati
2078 1707 2120 1764 Β
2151 1736 2280 1790 urbe
2330 1735 2500 1789 Roma
2574 1734 2826 1788 milliaria
2893 1733 3013 1802 plus
3072 1733 3252 1787 minus
3319 1748 3456 1790 uno.
3520 1750 3714 1803 posuc-

484 1817 671 1872 Placiti
703 1819 1024 1888 presbyteri.

538 1906 649 1960 Vlll
677 1908 749 1961 In.
777 1907 979 1962 Natalis
1006 1908 1176 1962 sancti
1210 1907 1439 1964 Victoris
1468 1909 1722 1980 martyris
1751 1909 1803 1963 in
1831 1909 2048 1964 civitate

484 1995 862 2050 Mediolanensi
889 1998 988 2050 sub
1006 1997 1327 2052 Maximiano
1359 1999 1700 2068 imperatore.
1739 1997 1874 2052 Nam
1905 1997 2044 2052 idem

483 2085 777 2156 imperator
797 2085 959 2154 jussit
986 2087 1201 2142 beatum
1236 2087 1528 2153 Victorem,
1559 2089 1649 2159 qui
1683 2098 1802 2144 erat
1829 2087 2045 2143 Maurus

482 2190 703 2247 genere,
729 2176 914 2230 militis
937 2175 1110 2231 ofﬁcio
1138 2176 1375 2243 functus,
1404 2187 1622 2249 propter
1652 2179 1810 2233 fidem
1839 2179 2040 2234 Christi

482 2271 540 2319 et
560 2263 953 2320 confessionem
982 2266 1164 2322 multis
1193 2255 1366 2322 modis
1388 2269 1638 2333 cruciari,
1665 2269 1766 2324 hoc
1817 2278 1899 2324 est
1925 2284 2044 2324 car-

478 2367 603 2410 cere
631 2353 850 2419 includi,
884 2353 972 2408 ubi
1001 2355 1116 2410 dies
1139 2371 1231 2411 sex
1261 2357 1457 2411 mansit
1481 2358 1597 2412 sine
1637 2359 1758 2414 cibo
1795 2368 1850 2415 et
1891 2368 2046 2432 potu;

477 2451 663 2514 postea
690 2441 818 2498 fecit
867 2459 989 2499 eum
1026 2444 1253 2500 fustibus
1301 2454 1355 2500 et
1401 2445 1623 2518 flagellis
1667 2449 2042 2520 frequentibus

476 2530 609 2586 credi
633 2548 646 2585 :
674 2532 866 2587 deinde
893 2533 1110 2603 plumbo
1158 2533 1360 2603 liquato
1386 2550 1581 2604 corpus
1607 2535 1721 2604 ejus
1747 2537 1995 2606 perfundi
2020 2556 2035 2604 ;

477 2622 570 2677 sed
598 2623 782 2677 statim
813 2623 1033 2694 angelus
1068 2624 1277 2680 Domini
1323 2624 1513 2691 adfuit,
1546 2633 1600 2680 et
1646 2627 1918 2696 plumbum
1965 2628 2038 2682 ita

476 2711 727 2782 frigidum
752 2713 894 2776 fecit,
920 2715 1058 2769 sicut
1086 2730 1279 2785 aquam
1303 2715 1368 2770 de
1399 2715 1546 2769 fonte
1571 2715 1824 2783 levatam,
1852 2725 1907 2771 et
1930 2733 2035 2772 non

475 2810 559 2857 est
579 2802 915 2856 combustum
953 2817 1149 2873 corpus
1177 2802 1292 2872 ejus
1322 2805 1375 2858 in
1405 2805 1510 2858 ulla
1540 2815 1712 2875 parte.
1737 2805 2036 2862 Novissime

478 2905 627 2955 vero,
670 2905 792 2945 cum
822 2891 968 2947 nullo
997 2893 1153 2946 modo
1181 2894 1247 2946 ad
1286 2893 1546 2948 idolorum
1603 2895 1864 2949 culturam
1911 2911 2036 2951 con-

474 2987 685 3034 vertere
734 2979 926 3048 potuit,
958 2981 1051 3034 sed
1096 2980 1280 3035 Victor
1309 2982 1363 3034 in
1413 2982 1517 3036 fide
1549 2982 1749 3037 Christi
1784 3000 2034 3052 perseve-

477 3083 603 3123 rans
643 3047 838 3138 ubique
880 3069 1158 3124 victoriam
1183 3070 1386 3133 habuit,
1427 3071 1590 3140 jussit
1643 3047 1929 3142 primi-ictus
1956 3083 2036 3146 ty-
2063 3047 2106 3109 Ο

478 3176 680 3216 rannus
721 3170 881 3230 caput
950 3161 1067 3231 ejus
1122 3161 1400 3228 abscindi,
1453 3164 1592 3234 quod
1653 3175 1868 3222 sanctus
1924 3168 2036 3222 Ma-

496 3261 680 3306 ternus
731 3251 1012 3320 episcopus
1061 3252 1281 3307 audiens
1320 3253 1536 3318 factum,
1597 3253 1808 3325 collegit
1845 3271 2038 3327 corpus

480 3337 632 3410 ejus,
692 3349 746 3397 et
805 3342 858 3396 in
922 3343 1175 3413 praedicta
1245 3343 1460 3400 civitate
1519 3359 1640 3401 cum
1697 3346 1900 3403 honore
1951 3364 2035 3405 se-

470 3428 673 3500 pelivit.

539 3519 628 3574 VII
656 3520 730 3574 in.
758 3519 814 3574 In
835 3521 1080 3592 Axiopoli
1105 3522 1297 3578 natalis
1323 3523 1552 3591 Quirilli,
1574 3524 1763 3580 Gindei
1787 3535 1840 3581 et
1860 3527 2034 3584 Ceno-

471 3607 587 3673 nis;
612 3615 668 3663 et
690 3609 744 3663 in
757 3610 962 3666 Tharso
975 3611 1197 3677 Ciliciaz,
1215 3611 1548 3683 Aphrodisii;
1576 3623 1630 3671 et
1652 3616 1835 3672 Roma:
1857 3620 2031 3676 natale

471 3698 641 3751 sancti
683 3698 834 3752 Beati
871 3699 1212 3756 confessoris.

537 3787 603 3841 Vl
636 3788 710 3842 lo.
743 3787 1064 3844 Sanctorum
1094 3790 1330 3858 Faltoni,
1351 3792 1610 3850 Pilionict
1635 3795 1858 3850 aliorum
1883 3813 2026 3854 mar-

464 3886 663 3948 tyrum.
720 3878 926 3944 Romae,
991 3879 1286 3951 Calepodii,
1335 3881 1490 3938 Senis
1541 3887 1868 3956 presbyteri,
1926 3890 2026 3945 sub

466 3969 768 4024 Alexandro
794 3970 1133 4040 imperatore,
1165 3974 1254 4042 qui
1286 3990 1408 4028 eum
1453 3975 1578 4031 fecit
1621 3977 1793 4032 occidi
1825 3994 1855 4032 a
1891 3979 2027 4035 Lao-

463 4058 624 4123 dicio,
683 4066 737 4112 et
766 4073 960 4128 corpus
1000 4061 1138 4115 trahi
1167 4078 1264 4132 per
1299 4064 1594 4130 civitatem,
1630 4075 1794 4138 atque
1833 4069 1886 4123 in
1936 4069 2026 4124 Ti-

462 4147 632 4201 berim
649 4147 868 4218 jactari,
900 4149 1005 4202 die.
1040 4187 1053 4201 .
1085 4189 1097 4203 .
1135 4189 1148 4203 .
1179 4189 1194 4204 .
1239 4152 1522 4221 Maiarum,
1568 4158 1709 4226 qhod
1749 4159 2022 4216 inventum

461 4235 760 4303 piscatores
787 4234 1114 4301 levaverunt,
1142 4247 1198 4292 et
1238 4254 1593 4297 narraverunt
1641 4245 1863 4303 Callisto
1909 4250 2023 4319 epi—

2150 1834 2274 1879 runt
2302 1841 2423 1880 eum
2447 1826 2498 1879 in
2523 1832 2733 1894 crypta,
2764 1831 2917 1878 sexto
2950 1823 3069 1877 ldus
3123 1822 3308 1888 Maias,
3343 1823 3432 1878 ubi
3473 1824 3590 1892 jam
3613 1827 3718 1896 pri-

2147 1913 2266 1967 dem
2299 1923 2544 1968 sanctum
2573 1912 2926 1982 Epimachum
2958 1911 3299 1981 sepelierant.

2218 2003 2260 2058 V
2305 2003 2378 2057 lo.
2409 2002 2596 2058 Passio
2633 2002 2806 2056 sancti
2845 2001 3031 2056 Evellii
3061 2003 3333 2072 martyris,
3381 2004 3476 2072 qui
3533 2005 3716 2060 videns

2145 2095 2445 2164 passionem
2510 2092 2684 2148 sancti
2752 2092 2998 2162 Torpetis
3042 2093 3295 2163 martyris
3349 2103 3403 2148 et
3453 2095 3715 2149 mirabilia

2145 2199 2263 2254 qua:
2312 2183 2456 2247 fecit,
2514 2182 2743 2239 credidit
2771 2181 3006 2245 Christo,
3059 2182 3149 2251 qui
3175 2192 3334 2237 antea
3370 2185 3714 2240 consiliarius

2143 2269 2368 2324 Neronis
2401 2269 2742 2340 imperatoris
2771 2269 2894 2337 fuit,
2939 2268 3170 2340 qualiter
3198 2269 3496 2326 Christiani
3522 2284 3712 2342 marty-

2144 2360 2465 2414 rizarentur.
3419 2403 3431 2410 .

2211 2449 2278 2505 IV
2305 2451 2378 2504 In.
2415 2449 2598 2506 Sancti
2628 2450 2806 2506 Patris
2836 2451 3006 2508 nostri
3033 2451 3316 2522 Epiphanii
3345 2453 3583 2523 episcOpi
3614 2457 3710 2525 Cy-

2141 2541 2245 2610 pri,
2267 2549 2320 2593 et
2342 2540 2524 2595 Roma:
2552 2541 2724 2595 sancti
2766 2541 3058 2605 Pancratii,
3106 2541 3199 2611 qui
3225 2558 3347 2597 cum
3378 2552 3520 2598 esset
3550 2560 3712 2599 anno-

2141 2645 2256 2683 rum
2287 2631 2714 2700 quatuordecim,
2737 2632 2836 2685 sub
2858 2631 3192 2686 Diocletiano
3221 2635 3544 2702 martyrium
3571 2636 3712 2705 capi-

2141 2719 2208 2774 tis
2236 2720 2638 2776 dctruncatione
2668 2721 2974 2791 complevit.
3008 2723 3208 2777 Eodem
3258 2724 3343 2778 die
3375 2725 3558 2780 Roma:
3591 2743 3710 2797 pas-

2137 2808 2216 2862 sio
2247 2819 2553 2864 sanctorum
2578 2809 2736 2864 Nerei
2764 2819 2817 2865 et
2836 2809 3058 2866 Achillei
3085 2809 3336 2866 fratrum.

2208 2920 2272 2975 Ill
2286 2921 2359 2975 In.
2377 2920 2668 2979 Festivitas
2684 2923 2853 2978 sancti
2868 2922 3102 2978 Onesimi
3119 2923 3460 2980 confessoris.
3477 2925 3597 2994 Ipso
3623 2926 3706 2982 die

2139 3009 2318 3065 Maria:
2343 3013 2596 3082 martyris
2619 3011 2882 3068 festivitas
2916 3012 3216 3067 celebratur
3246 3031 3260 3066 :
3287 3029 3406 3083 quae
3426 3032 3546 3070 cum
3579 3017 3704 3072 fuis-

2141 3108 2222 3153 ενι
2235 3098 2458 3155 Tertulli
2487 3102 2768 3173 cujusdam
2783 3104 2881 3157 viri
2908 3103 3217 3174 principalis
3231 3106 3436 3168 ancilla,
3457 3107 3704 3162 nobilita-

2140 3199 2247 3245 tem
2276 3191 2476 3246 domini
2521 3193 2718 3248 mentis
2740 3193 3072 3264 benignitate
3101 3195 3365 3259 vincebat,
3404 3206 3460 3251 et
3486 3196 3704 3253 Christo

2138 3293 2196 3334 se
2221 3281 2466 3348 probavit
2506 3282 2814 3352 ingenuam.
2853 3281 2976 3338 Haac
3024 3299 3147 3338 cum
3173 3300 3204 3338 a
3232 3285 3444 3340 domina
3484 3303 3578 3341 sua
3609 3304 3704 3356 per

2139 3372 2402 3422 tormenta
2447 3384 2477 3423 a
2507 3369 2610 3424 fide
2651 3369 2849 3424 Christi
2903 3372 3156 3426 recedere
3196 3386 3500 3443 cogeretur,
3555 3375 3701 3429 nullo

2135 3457 2293 3511 modo
2335 3459 2626 3514 consensit.
2654 3458 2880 3528 Propter
2902 3460 3004 3515 hoc
3024 3462 3241 3530 praesidi
3289 3464 3488 3518 tradita
3527 3474 3610 3520 est
3635 3467 3699 3519 ad

2134 3545 2512 3612 cruciandum;
2543 3548 2636 3602 sed
2657 3562 2774 3601 eam
2805 3563 2902 3603 nec
2934 3549 3093 3604 minae
3120 3550 3286 3618 ipsius
3335 3566 3436 3606 nec
3468 3560 3700 3609 tormen-

2134 3645 2186 3691 ta
2239 3652 2270 3690 a
2315 3636 2530 3693 Christo
2563 3655 2815 3711 separare
2852 3650 3139 3711 poterant;
3192 3644 3485 3697 novissime
3540 3661 3699 3714 super

2129 3733 2335 3794 petram
2391 3727 2644 3796 grandem
2693 3728 2758 3781 ad
2804 3727 3174 3782 decollandum
3216 3730 3465 3796 adducta,
3533 3731 3696 3801 ipsius

2129 3822 2297 3882 petrae
2334 3815 2597 3871 divisione
2633 3817 2794 3882 facta,
2837 3818 3039 3872 Christi
3066 3819 3263 3874 famula
3293 3821 3420 3875 illuc
3451 3823 3690 3889 intravit,

2128 3905 2410 3974 subitoque
2461 3915 2610 3976 petra
2639 3908 2832 3962 iterum
2883 3911 3224 3979 semetipsam
3261 3913 3551 3978 concludit,
3592 3931 3693 3969 nec

2125 4008 2448 4062 quemquam
2497 4004 2898 4065 persccutorum
2947 3999 3192 4054 ancillam
3219 4001 3418 4056 Christi
3446 4005 3690 4074 persequi

2125 4084 2351 4150 sinebat,
2380 4087 2473 4141 sed
2524 4103 2693 4158 usque
2729 4089 2796 4143 ad
2831 4090 2970 4145 diem
3008 4091 3197 4160 judicii
3254 4093 3326 4147 ita
3375 4095 3681 4149 conclusam

2124 4186 2323 4232 servat.
2391 4180 2588 4234 Eodem
2638 4181 2724 4236 die
2773 4181 2828 4236 in
2875 4183 3070 4252 oppido
3125 4184 3468 4254 Trajectense
3515 4187 3689 4242 natale

2123 4269 2291 4322 sancti
2335 4257 2578 4324 ~Servatii
2635 4272 2869 4342 episcopi
2912 4284 2966 4328 et
3013 4275 3360 4343 confessoris,
3427 4280 3518 4347 qui
3564 4295 3684 4333 cum

460 4340 666 4396 scopo:
698 4335 753 4380 at
783 4326 872 4382 ille
908 4335 1185 4398 acceptum
1207 4331 1445 4385 condidit
1491 4348 1612 4386 cum
1668 4339 2018 4405 aromatibus,

460 4416 927 4438 -..=_.--_=_:L___
987 4425 1031 4438 _.
1576 4432 1611 4438 ν-
1685 4425 1696 4436 .
1791 4425 1802 4438 .
1892 4429 1906 4438 .

2668 4326 2684 4341 .
2764 4326 2831 4342 κ.
2921 4326 2962 4328 -κ
3022 4326 3360 4343 --η---π---ι
3431 4326 3518 4347 τη
3568 4326 3679 4333 --η-

2136 4355 2488 4427 l‘ungrensem
2548 4370 2755 4429 regeret
2789 4362 3078 4418 Ecclesiam
3110 4374 3349 4436 tempore
3395 4384 3502 4438 quo
3545 4369 3679 4422 Huni

456 4423 512 4469 et
531 4416 949 4482 linteaminibus,
980 4425 1034 4472 et
1067 4419 1311 4488 sepelivit
1342 4421 1396 4474 in
1423 4425 1735 4479 cmmcterio
1760 4425 2016 4494 ejusdem,

456 4505 541 4558 via
572 4505 807 4570 Aurelia,
835 4507 1084 4562 milliario
1118 4509 1184 4563 ab
1215 4509 1358 4564 Urbe
1393 4512 1572 4577 tertio,
1601 4513 1653 4567 in
1694 4523 1880 4584 crypta
1910 4518 2020 4573 Vil-

455 4593 660 4647 demari
703 4612 716 4648 :
747 4604 873 4650 tunc
905 4596 1196 4653 decollatus
1223 4606 1305 4653 est
1347 4600 1415 4655 ab
1450 4600 1757 4658 Alexandro
1808 4604 2016 4661 Palma-

454 4682 606 4738 cbius
633 4685 840 4750 consul,
867 4701 988 4740 cum
1014 4701 1200 4752 uxore,
1233 4697 1289 4742 et
1314 4689 1456 4755 filiis,
1485 4699 1541 4746 et
1575 4692 1695 4748 aliis
1723 4695 2013 4764 promiscui

453 4786 612 4828 sexus
655 4778 1040 4848 quinquaginta
1064 4780 1297 4846 duobus;
1349 4799 1468 4838 cum
1501 4786 1695 4855 quibus
1719 4797 1768 4841 et
1795 4788 2010 4860 Simpli-

451 4861 566 4953 eius
611 4875 845 4933 senator,
901 4871 992 4940 qui
1043 4888 1140 4941 per
1173 4875 1474 4931 doctrinam
1525 4879 1728 4936 Callisti
1783 4899 1933 4953 papa}
1959 4892 2015 4938 et

449 4950 718 5022 Calepodii
748 4959 1043 5027 presbyteri
1086 4977 1256 5034 nuper
1299 4963 1514 5022 fuerant
1561 4950 2010 5038 baptizatiNScri-

446 5051 596 5110 ptum
635 5042 688 5097 in
739 5042 997 5101 Passione
1034 5053 1203 5107 sancti
1254 5052 1458 5111 Callisti
1485 5072 1655 5126 papae.
1699 5061 1899 5117 Eodem
1923 5064 2010 5120 die

446 5132 624 5188 natale
667 5133 925 5190 Gordiani
964 5139 1234 5209 martyris,
1274 5143 1367 5212 qui
1415 5145 1514 5200 sub
1552 5145 1763 5204 Juliano
1805 5151 2008 5220 impiis-

2124 4445 2330 4498 venturi
2360 4455 2514 4500 erant
2548 4448 2599 4500 in
2651 4447 2897 4516 Galliam,
2948 4452 3140 4507 timens
3167 4456 3362 4524 populo
3400 4456 3502 4510 sibi
3537 4473 3682 4512 com-

2121 4532 2308 4597 misso,
2351 4549 2419 4588 nc
2475 4535 2541 4589 ab
2592 4534 2762 4591 Hunis
2803 4547 3127 4604 vastaretur,
3174 4544 3412 4611 perrexit
3457 4544 3679 4600 Romam

2119 4623 2520 4694 deprecaturus,
2577 4636 2841 4696 quatenus
2896 4646 2992 4701 per
3025 4633 3214 4688 merita
3242 4643 3297 4688 et
3345 4635 3683 4691 intercessio-

2116 4730 2239 4768 nem
2268 4725 2575 4773 sanctorum
2622 4720 2984 4788 apostolorum
3044 4725 3358 4794 impetraret
3413 4727 3682 4784 defensio-

2117 4818 2238 4857 nem
2290 4807 2468 4876 populi
2517 4809 2618 4863 sui.
2653 4809 2893 4881 Cumque
2923 4814 3122 4870 ibidem
3145 4814 3365 4884 jejuniis
3415 4827 3470 4874 et
3516 4819 3678 4874 obse~

2115 4895 2446 4952 crationibus
2487 4914 2582 4967 per
2616 4901 2903 4957 multorum
2934 4904 3141 4959 dierum
3178 4907 3348 4977 spatia
3374 4909 3428 4961 in
3476 4908 3563 4962 tali
3602 4911 3679 4962 af-

2113 4983 2346 5041 flictione
2399 4999 2722 5055 moraretur,
2766 4991 2938 5047 fertur
2982 4994 3087 5050 tale
3122 4997 3190 5050 ab
3231 4998 3475 5066 apostolo
3520 4997 3679 5052 Petro

2112 5073 2382 5144 accepisse
2411 5092 2728 5147 responsum
2761 5097 2774 5132 :
2821 5099 2840 5132 ι
2869 5082 3004 5148 Quid
3036 5099 3142 5147 me,
3188 5085 3272 5138 vir
3316 5085 3676 5150 sanctissime,

2110 5163 2417 5232 inquietas?
2441 5166 2580 5223 Ecce
2604 5170 2746 5224 enim
2774 5172 2914 5240 apud
2953 5173 3239 5227 Dominum
3288 5174 3676 5232 deliberatione

443 5222 580 5277 Simo
639 5224 970 5327 imperatore
991 5241 1183 5297 passus
1209 5240 1310 5286 est.
1344 5233 1477 5290 Nam
1508 5238 1793 5306 prazdictus
1821 5248 2004 5311 tyran-
2105 5265 2326 5318 prorsus
2369 5254 2633 5308 sancitum
2670 5264 2774 5323 est,
2809 5222 2998 5312 rHunos
3047 5259 3099 5313 in
3158 5259 3360 5314 Gallias
3399 5261 3672 5327 advenire,

440 5331 542 5371 nus
567 5333 689 5373 cum
743 5322 1088 5418 praecepisset
1127 5333 1424 5382 memorato
1468 5327 1746 5386 Gordiano
1793 5333 2000 5389 vicario
2103 5352 2304 5408 easque
2339 5343 2572 5396 maxima
2600 5354 2914 5414 tempestate
2944 5347 3141 5403 debere
3169 5349 3498 5418 depopulari.
3525 5322 3676 5408 Nunc

439 5419 560 5506 suo,
608 5419 730 5462 cum
760 5409 936 5464 adhuc
965 5426 1204 5481 paganus
1224 5424 1384 5478 esset,
1413 5426 1474 5471 ut
1502 5417 1817 5476 Ianuarium
1850 5439 2000 5493 pres-
2103 5426 2266 5497 igitur
2320 5444 2471 5485 sume
2512 5433 2795 5488 consilium
2852 5451 3053 5501 meum,
3103 5409 3345 5492 acceiera
3394 5440 3668 5506 velociter,

436 5495 681 5564 byterum
722 5499 1007 5571 diligenter
1045 5505 1372 5574 exquireret,
1405 5508 1447 5561 si
1495 5523 1600 5576 quo
1641 5511 1798 5566 modo
1848 5513 1996 5569 illum
2100 5495 2284 5571 ordina
2300 5519 2514 5574 domum
2541 5530 2723 5590 ‘uam,
2761 5495 3087 5594 sepulturam
3111 5542 3390 5596 compone,
3425 5495 3670 5599 relinque

435 5596 613 5651 posset
651 5598 896 5645 avertere
929 5607 958 5645 a
996 5592 1101 5649 fide
1142 5595 1342 5652 Christi
1377 5616 1387 5650 :
1420 5608 1641 5654 sanctus
1687 5611 1862 5658 autem
1902 5603 1993 5658 Ja-
2099 5605 2409 5663 linteamina
2443 5612 2657 5665 munda.
2691 5592 2834 5669 Ecce
2855 5616 2997 5671 enim
3023 5592 3394 5688 migraverisa
3423 5592 3664 5690 corpore.
