4028 6196
128 3341 224 3438 /

128 3535 264 3644 Χ

408 309 551 364 1H5

1718 318 1909 372 MART
1922 319 2342 376 YROLOGIUM.

3510 343 3649 401 1143

394 442 505 480 nec
531 424 785 478 videbunt
830 424 968 478 oculi
1003 425 1078 479 tui
1120 426 1258 480 mala
1291 443 1410 496 qua:
1439 430 1630 484 facturi
1675 440 1802 486 sunt
1832 431 1971 486 lluni
2003 437 2050 494 A
2080 433 2168 488 ubi
2202 434 2414 488 titulum
2459 451 2578 490 meo
2607 437 2810 493 nomini
2834 448 2989 508 pater
3018 458 3202 500 earum
3231 449 3383 506 bonae
3410 459 3654 511 recorda-

395 517 458 570 iu
489 516 696 580 Galliis,
726 516 862 571 sicut
902 517 1110 572 locutus
1151 527 1232 573 est
1284 520 1540 576 Dominus
1588 533 1788 576 noster.
1823 543 1841 574 ι
1873 525 1973 578 Ac-

392 617 558 677 cepto
607 621 736 677 ergo
784 608 886 662 hoc
943 623 1199 678 responso
1248 611 1508 664 remeavit
1545 612 1612 666 ad
1667 613 1965 668 Ecclesiam

396 699 506 752 sibi
563 699 925 763 commissam,
991 700 1243 755 nuntians
1290 701 1401 756 suis
1455 718 1770 773 responsum
1826 705 1968 759 beati

394 785 566 847 Petri,
608 797 663 842 et
697 796 817 858 post
871 803 978 842 non
1008 789 1203 844 multos
1259 791 1374 846 dies
1442 793 1607 847 vitam
1646 803 1967 863 prmsentem

393 877 614 942 ﬁniens,
672 877 920 948 migravit
963 879 1031 932 ad
1072 888 1329 934 aeternam
1379 882 1642 950 requiem.
1691 883 1788 938 Hic
1836 899 1967 954 quo—

390 982 504 1036 que
546 966 785 1036 sepultus
833 968 884 1020 in
921 967 1038 1022 loco
1085 968 1444 1036 Trajectensi,
1489 985 1609 1024 cum
1663 971 1965 1040 sepulcrum

391 1056 516 1126 ejus
530 1056 628 1110 sub
647 1057 770 1110 divo
799 1065 941 1111 esset
968 1057 1224 1126 positum,
1254 1073 1356 1113 nec
1381 1060 1495 1122 nix,
1527 1075 1628 1115 nec
1669 1061 1844 1130 pluvia
1873 1077 1964 1115 ce-

389 1145 524 1200 cidit
551 1160 710 1214 super
731 1160 873 1208 eum,
910 1144 1079 1200 donec
1107 1161 1136 1199 a
1159 1162 1468 1203 successore
1492 1148 1608 1217 ejus
1623 1159 1811 1204 sancto
1851 1151 1965 1204 Mu-

393 1233 544 1287 nulfo
563 1235 812 1303 episc0po
836 1233 1088 1303 templum
1119 1251 1368 1304 maguum
1400 1237 1451 1290 in
1475 1238 1591 1308 ejus
1617 1241 1819 1294 honore
1841 1255 1962 1295 con-

390 1330 662 1375 structum
714 1332 836 1388 est.»

468 1410 506 1464 ll
555 1411 626 1464 In.
675 1409 858 1466 Sancti
915 1412 1091 1467 Patris
1141 1414 1416 1471 Pachumii
1473 1415 1817 1490 [Pachumii].
1867 1421 1957 1490 qui

389 1512 517 1550 cum
565 1507 704 1553 esset
747 1499 901 1555 factis
951 1503 1252 1570 apostolica:
1295 1506 1482 1575 gratia:
1535 1507 1782 1577 insignis,
1842 1509 1960 1565 fun-

387 1590 652 1660 datorque
697 1591 909 1664 Egypti
945 1595 1331 1661 ctenobiorum,
1362 1598 1579 1666 scripsit
1602 1603 1958 1657 monasterio-

390 1692 513 1731 rum
541 1679 790 1751 Regulas,
823 1697 958 1751 quas
1008 1685 1195 1754 angelo
1221 1686 1458 1740 dictante
1485 1687 1743 1743 didicerat
1789 1691 1948 1744 simul

2075 524 2234 578 tionis
2265 522 2478 580 Pudens
2507 527 2795 594 dedicavit,
2836 539 2890 585 et
2921 533 3021 587 hoc
3051 537 3332 594 consilium
3383 543 3527 598 inter
3558 563 3642 601 me

2070 621 2124 667 et
2165 614 2391 669 famulas
2427 615 2624 671 Christi
2662 618 2958 676 Praxedem
3005 633 3060 678 et
3103 624 3474 688 Potentianam
3518 636 3646 709 [Pu-

2071 701 2404 776 dentianam]
2449 705 2588 761 ﬁlias
2612 719 2858 765 sacratas
2884 716 3153 782 convenit,
3207 727 3265 772 ut
3302 721 3354 774 in
3393 724 3477 779 die
3518 701 3644 782 san-

2069 800 2170 846 cla:
2191 793 2427 857 Paschae,
2462 796 2588 864 quia
2617 798 2882 855 desiderio
2910 817 3095 857 earum
3138 815 3192 860 et
3238 809 3403 865 nimio
3451 815 3645 872 ardore

2071 883 2191 936 ﬁdei
2257 885 2627 955 urgebantur,
2685 897 2903 959 propter
2969 891 3225 948 familiam
3276 914 3638 968 communem,

2065 986 2184 1040 qua:
2207 973 2418 1042 gentilis
2464 987 2602 1040 erat,
2653 977 2706 1030 in
2736 979 2924 1034 eodem
2956 982 3108 1038 titulo
3136 984 3335 1042 fontem
3388 990 3637 1059 baptismi

2065 1071 2376 1118 construere
2404 1066 2736 1121 studuissent
2761 1085 2775 1133 ;
2821 1085 2981 1138 quem
3026 1074 3238 1129 titulum
3269 1089 3488 1135 sanctus
3516 1083 3642 1138 Pius

2066 1166 2227 1204 manu
2268 1167 2364 1206 sua
2413 1157 2789 1222 consecravit;
2847 1158 2934 1213 ubi
2993 1161 3265 1231 baptizata
3329 1176 3412 1220 est
3463 1173 3642 1227 omnis

2064 1239 2267 1294 familia
2295 1256 2498 1305 eorum,
2545 1252 2600 1298 et
2637 1245 3016 1317 ingenuitatem
3056 1261 3238 1320 postea
3286 1263 3583 1324 promeruit
3620 1283 3632 1318 :

2063 1339 2250 1385 sancta
2277 1330 2610 1387 Pudentiana
2635 1344 2814 1390 autem
2857 1338 3172 1396 duodecimo
3199 1359 3338 1400 anno
3375 1348 3495 1402 vitae
3529 1367 3637 1407 sua:

2061 1423 2348 1493 emigravit
2380 1427 2446 1478 ad
2477 1426 2782 1480 Dominum.
2827 1427 3024 1484 Eodem
3066 1431 3150 1485 die
3198 1435 3372 1489 natale
3420 1449 3632 1495 sancto-

2062 1528 2179 1567 rum
2235 1512 2497 1568 Calocerii
2550 1514 2835 1588 [Caloceri]
2893 1528 2947 1572 et
2993 1518 3305 1589 Parthenii,
3363 1532 3635 1586 eunucho-

2059 1618 2178 1656 rum
2229 1604 2416 1660 uxoris
2461 1605 2605 1659 Decii
2647 1605 3003 1675 imperatoris,
3062 1626 3290 1680 quorum
3332 1632 3470 1672 unus
3507 1635 3631 1675 cum

2057 1701 2200 1747 esset
2219 1694 2533 1762 praepositus
2558 1696 2807 1760 cubiculi,
2835 1697 2968 1751 alter
3004 1715 3131 1754 vero
3157 1704 3513 1772 primicerius,
3537 1724 3632 1765 no-

385 1778 448 1822 et
475 1769 539 1822 de
563 1780 797 1841 tempore
824 1772 1088 1828 Paschali.
1117 1775 1235 1844 lpso
1268 1777 1353 1831 die
1379 1778 1430 1830 iu
1462 1776 1618 1848 Syria
1648 1781 1838 1836 natalis
1870 1782 1955 1837 Vi-
1988 1764 2029 1821 Β
2058 1782 2228 1838 lentes
2245 1785 2742 1852 sacriﬁcareidolis,
2766 1802 2796 1840 a
2817 1787 2980 1843 Decio
3001 1764 3173 1846 occisi
3189 1803 3330 1848 sunt.
3358 1796 3630 1866 Depositio

385 1858 557 1913 etoris
605 1869 659 1913 et
700 1859 944 1928 Coronae,
983 1864 1081 1918 sub
1133 1865 1402 1920 Antonino
1436 1869 1776 1939 imperatore,
1825 1874 1959 1928 duce

383 1948 724 2006 Alexandria:
751 1953 1086 2010 Sebastiano.
1130 1956 1262 2011 Erat
1306 1967 1484 2013 autem
1528 1959 1710 2016 Victor
1745 1964 1896 2019 miles
1924 1981 1955 2019 a

385 2029 595 2104 Cilicia,
639 2042 722 2096 cui
769 2043 1113 2101 Sebastianus
1177 2046 1228 2100 in
1282 2047 1616 2105 confessione
1665 2051 1786 2107 fidei
1829 2069 1957 2108 con-

384 2129 548 2200 fringi
589 2134 781 2204 digitos
812 2145 866 2192 et
890 2139 1043 2194 evelli
1071 2139 1230 2208 jussit
1252 2157 1281 2194 a
1306 2152 1464 2210 cute;
1495 2145 1687 2200 deinde
1728 2147 1872 2201 illum
1899 2149 1952 2202 in

383 2223 653 2277 caminum
685 2227 822 2296 ignis
850 2229 1008 2294 mitti,
1039 2231 1124 2285 ubi
1173 2232 1348 2287 triduo
1369 2249 1688 2304 permanens
1718 2253 1823 2292 non
1871 2251 1954 2293 est

381 2310 575 2378 lmsus;
608 2315 797 2370 deinde
821 2332 1084 2372 venenum
1129 2321 1312 2376 bibere
1343 2308 1544 2390 jussus,
1575 2341 1678 2378 non
1706 2337 1787 2381 est
1811 2343 1953 2380 mor-

386 2409 529 2465 tuus,
557 2403 649 2456 sed
677 2405 968 2460 veneﬁcum
995 2408 1172 2476 potius
1196 2411 1264 2464 ad
1285 2411 1442 2465 ﬁdem
1474 2417 1736 2468 convertit
1760 2433 1773 2480 ;
1804 2417 1952 2470 dein-

382 2489 450 2541 de
489 2488 697 2554 jussum
745 2502 827 2546 est
864 2509 1056 2549 nervos
1101 2499 1343 2566 corporis
1386 2501 1501 2570 ejus
1557 2503 1696 2566 tolli;
1757 2504 1949 2560 deinde

382 2577 558 2631 oleum
589 2579 816 2635 bulliens
853 2583 991 2636 mitti
1023 2585 1073 2638 in
1099 2587 1358 2654 pudendis
1378 2589 1511 2659 ejus.
1555 2590 1682 2645 Post
1711 2593 1822 2646 hazc
1837 2593 1950 2661 jus-

384 2669 454 2722 sit
483 2667 753 2741 lampades
775 2672 1026 2730 ardentes
1052 2689 1314 2746 suspenso
1360 2679 1428 2734 ad
1462 2679 1628 2737 latera
1660 2683 1947 2754 applicari;

387 2771 506 2826 post
556 2761 657 2817 hoc
709 2772 919 2818 aceturn
970 2774 1025 2820 et
1051 2766 1250 2821 calcem
1278 2770 1435 2824 simul
1472 2772 1707 2839 misceri,
1750 2785 1803 2830 et
1833 2777 1947 2832 dari

385 2853 432 2905 ei
481 2853 532 2906 in
575 2869 686 2908 ore.
719 2856 918 2912 Deinde
948 2859 1132 2914 oculos
1156 2862 1270 2915 erui
1296 2880 1310 2928 ;
1346 2864 1466 2919 dein
1495 2867 1670 2922 triduo
1699 2871 1946 2926 deorsum

386 2943 558 3011 capite
593 2947 939 3016 suspendi,et
987 2950 1113 3004 dum
1161 2953 1336 3006 adhuc
1364 2956 1614 3023 spiraret,
1636 2959 1800 3028 jussit
1825 2976 1946 3015 eum

384 3035 668 3089 excoriari.
701 3036 848 3091 Tunc
885 3037 1090 3095 Corona
1122 3057 1242 3096 cum
1273 3054 1416 3098 esset
1468 3063 1606 3101 uxor
1631 3050 1814 3106 militis
1857 3067 1949 3106 cu-

378 3124 612 3196 jusdam,
660 3128 822 3197 coepit
871 3131 1212 3212 beatiﬁcare_
1245 3143 1485 3189 sanctum
1532 3138 1802 3195 Victorem
1849 3158 1946 3212 pro

383 3216 550 3285 gloria
579 3221 842 3288 martyrii,
886 3229 939 3274 et
965 3223 1087 3275 dum
1124 3206 1227 3278 hoc
1264 3224 1483 3291 faceret,
1519 3229 1649 3284 vidit
1687 3231 1823 3286 duas
1849 3206 1946 3285 2m-

385 3325 544 3364 ronas
569 3311 708 3365 cmlo
739 3313 998 3382 delapsas,
1045 3332 1204 3369 unam
1252 3317 1476 3382 Victori,
1502 3328 1557 3374 et
1601 3321 1824 3375 alteram
1847 3323 1946 3376 sibi

385 3401 634 3467 missam;
693 3419 918 3473 cumque
940 3407 1116 3461 ethoc
1143 3411 1351 3464 cunctis
1380 3412 1722 3468 audientibus
1760 3424 1946 3484 prote-

382 3498 637 3556 staretur,
662 3500 807 3547 tenta
839 3504 921 3549 est
966 3511 996 3549 a
1021 3497 1174 3561 duce,
1208 3499 1525 3570 jussumque
1549 3503 1682 3558 duas
1727 3506 1946 3561 arbores

382 3579 572 3646 palma)
601 3583 812 3636 curvari
851 3585 917 3638 ad
963 3586 1214 3651 invicem,
1269 3596 1324 3642 et
1363 3591 1680 3646 cannabiuis
1733 3592 1947 3649 funibus

381 3670 536 3738 ligari
555 3674 818 3728 Coronam
865 3675 918 3729 in
944 3685 1193 3744 utraque,
1246 3681 1494 3736 manibus
1529 3691 1585 3736 et
1611 3685 1854 3758 pedibus,
1892 3697 1947 3742 et

379 3759 455 3814 sic
474 3760 694 3816 arbores
721 3763 942 3828 dimitti;
958 3768 1097 3834 quod
1117 3767 1244 3821 dum
1263 3768 1433 3833 ﬁeret,
1459 3771 1627 3825 divisa
1641 3781 1722 3827 est
1736 3774 1944 3830 Corona

379 3849 433 3902 in
473 3850 605 3904 duas
632 3861 828 3920 partes.
862 3854 990 3907 Erat
1029 3864 1206 3910 autem
1233 3871 1495 3911 annorum
1517 3859 1771 3916 sedecim.
1809 3861 1943 3917 Tum

376 3959 589 4014 quoque
628 3945 810 3999 Victor
838 3946 1154 4014 decollatus,
1180 3956 1235 4004 et
1277 3950 1391 4018 ipse
1414 3951 1656 4006 victoriae
1688 3957 1944 4022 perennis

378 4033 705 4101 triumphum
723 4037 940 4090 meruit.

446 4123 639 4178 lamus.
671 4125 726 4178 ln
764 4125 975 4196 Syrmio
999 4127 1191 4182 natalis
1230 4127 1496 4184 Timothei
1537 4138 1592 4185 et
1641 4145 1736 4186 sex
1781 4133 1946 4205 virgi—

377 4230 523 4268 num.
559 4216 625 4270 Et
647 4216 699 4270 in
722 4216 968 4272 Sardinia
1009 4220 1191 4275 natale
1223 4220 1482 4292 Simplicii
1510 4224 1852 4293 presbyteri;
1889 4235 1944 4282 et

375 4305 430 4358 in
452 4297 669 4360 civitate
711 4307 998 4374 Filasiana,
1030 4309 1263 4365 Rosulae.

449 4393 969 4454 XVIIKAL.JUN1AS.
1020 4399 1080 4454 In
1126 4401 1345 4456 civitate
1369 4400 1556 4458 Picino
1577 4401 1800 4458 Ausimo
1844 4420 1939 4459 na-

373 4485 480 4541 tale
528 4486 841 4544 Diocletiani
889 4498 946 4546 et
979 4490 1296 4546 Florentini.
1341 4492 1398 4546 ln
1447 4491 1788 4551 Antisiodoro
1815 4510 1940 4564 pas-

373 4576 455 4631 sio
501 4579 673 4633 sancti
711 4579 1028 4651 Peregrini,
1083 4581 1243 4650 primi
1305 4583 1539 4654 episcopi
1597 4585 1763 4654 ipsius
1809 4585 1942 4640 civi-

374 4665 519 4720 tatis.
563 4665 619 4720 In
672 4666 965 4724 Trecasine
1013 4669 1274 4738 depositio
1312 4670 1504 4736 Fidoli,
1548 4674 1846 4745 presbyteri
1887 4681 1942 4729 et

371 4753 717 4810 confessoris.

442 4843 557 4898 XVI
581 4846 714 4901 ΚΜ..
749 4847 806 4902 ln
831 4848 1150 4904 Alexandria
1175 4849 1353 4906 natale
1377 4850 1648 4914 Adrionis,
1706 4853 1938 4908 Victoris

369 4944 428 4989 et
467 4935 693 4992 Basillaa.

441 5025 555 5079 XV.
602 5027 736 5083 ΚΜ..
807 5029 1021 5085 Hortasi
1065 5039 1119 5086 et
1167 5030 1476 5102 Serapionis
1513 5030 1835 5102 presbyteri,
1881 5042 1937 5088 et

370 5115 535 5171 Marci
575 5134 743 5188 papae,
772 5128 828 5175 et
855 5120 1202 5176 Potamionis.

440 5206 556 5261 XIV
599 5209 968 5266 KAL.Sanct:e
1016 5211 1360 5266 Pudentianae
1407 5213 1650 5285 virginis,
1687 5228 1805 5280 qua:
1830 5211 1932 5266 fuit

368 5297 478 5352 ﬁlia
511 5298 766 5355 Pudentis
791 5309 846 5355 et
879 5316 1034 5356 soror
1058 5302 1314 5357 Praxedis
1335 5303 1577 5373 virginis.
1609 5303 1724 5372 lpsa
1752 5312 1932 5356 autem

365 5401 523 5443 soror
560 5388 816 5446 Praxedis
869 5402 924 5446 et
967 5391 1314 5458 Pudentiana,
1364 5409 1577 5450 omnem
1620 5393 1931 5449 facultatem

367 5480 666 5536 dividentes
695 5481 836 5536 inter
863 5478 962 5547 se,’
986 5491 1265 5552 coeperunt
1311 5485 1545 5539 vendere
1581 5499 1738 5540 omne
1765 5483 1929 5553 patri-

367 5571 609 5626 monium
651 5579 706 5626 et
726 5586 944 5641 erogare
967 5572 1307 5642 pauperibus.
1354 5573 1410 5627 lu
1442 5576 1629 5629 eodem
1661 5591 1786 5629 vero
1813 5575 1930 5629 loco

2056 1873 2257 1928 domini
2281 1874 2518 1930 Alcuini.

2121 1986 2237 2040 XIII
2288 1988 2418 2042 KAL.
2474 1988 2660 2044 Passio
2713 2000 3017 2046 sanctorum
3065 2002 3358 2066 martyrum
3400 2010 3426 2038 ι
3457 1998 3630 2057 Cono-

2054 2076 2154 2140 nis,
2183 2085 2236 2131 et
2261 2077 2352 2131 ﬁlii
2378 2077 2514 2146 ejus,
2540 2078 2594 2132 in
2618 2080 2832 2135 civitate
2860 2081 3035 2136 lconia
3076 2087 3362 2152 provinciae
3389 2089 3622 2156 Isauriae,

2055 2178 2307 2240 regnante
2343 2170 2634 2225 Aureliano
2671 2181 2921 2238 tyranno,
2959 2174 3057 2244 sub
3079 2177 3382 2233 Domitiano
3410 2182 3622 2235 comite.

2051 2262 2185 2317 Nam
2208 2263 2320 2332 ipse
2363 2270 2580 2317 sanctus
2619 2262 2802 2318 Conon
2837 2265 3022 2319 habuit
3049 2283 3291 2333 uxorem,
3323 2278 3376 2323 et
3427 2271 3625 2326 disces-

2049 2354 2142 2419 sit,
2177 2361 2463 2422 castusque
2485 2354 2802 2422 permansit,
2830 2354 3036 2408 habens
3063 2356 3247 2421 ﬁlium,
3279 2367 3333 2411 et
3354 2360 3623 2428 accipiens

2048 2459 2171 2498 eum
2213 2441 2411 2497 mansit
2444 2443 2497 2496 in
2541 2443 2846 2498 solitudine.
2879 2444 3185 2500 Ambulavit
3244 2449 3386 2501 enim
3418 2450 3470 2503 in
3527 2452 3622 2507 viis

2049 2535 2236 2606 Moysi,
2267 2535 2547 2604 increpans
2575 2533 2787 2596 ﬂuctus,
2822 2535 3022 2590 faciens
3048 2539 3299 2591 mandata
3338 2540 3452 2594 Dei.
3491 2535 3618 2596 Erat

2047 2624 2190 2678 enim
2245 2638 2409 2693 prope
2438 2623 2551 2691 ipso
2579 2623 2695 2677 loco
2736 2621 2929 2677 fluvius
2961 2633 3192 2688 torrens,
3237 2641 3396 2694 quem
3441 2628 3620 2683 nullus

2048 2723 2258 2788 poterat
2286 2716 2350 2774 de
2380 2716 2551 2772 vicino
2577 2716 2696 2773 loco
2717 2731 2746 2772 a
2772 2715 3115 2774 multitudine
3141 2731 3293 2789 aqua:
3342 2719 3572 2775 transire
3601 2737 3614 2775 :

2049 2810 2396 2879 appropiaute
2410 2823 2538 2864 vero
2567 2809 2759 2879 populo
2790 2811 3050 2880 rogabant
3071 2820 3315 2864 sanctum
3345 2811 3616 2865 Cononem

2047 2907 2110 2953 ut
2135 2913 2200 2953 eo
2225 2897 2630 2962 transfretaret;
2661 2897 2947 2967 increpans
2968 2908 3188 2952 sanctus
3207 2897 3391 2952 Conon
3419 2913 3615 2966 aquam

2047 2989 2236 3044 statuit
2281 3005 2416 3052 eam,
2468 2997 2523 3043 et
2561 2989 2767 3044 faciens
2803 2991 2943 3043 viam
2975 2990 3159 3045 eduxit
3189 3006 3328 3044 eam.
3385 2991 3620 3047 Descen-

1975 3109 2018 3169 C
2050 3077 2210 3132 dente
2257 3091 2388 3132 vero
2431 3085 2616 3131 sancto
2649 3075 2867 3131 Conone
2912 3078 2964 3131 in
3015 3079 3402 3133 monasterium
3439 3096 3616 3146 suum,

2043 3166 2241 3236 jubens
2270 3166 2427 3234 aquis
2475 3174 2536 3220 ut
2567 3181 2676 3220 non
2719 3176 3000 3222 currerent
3041 3184 3211 3238 usque
3245 3169 3311 3223 ad
3355 3179 3566 3240 tempus
3601 3185 3617 3223 :

2048 3257 2240 3311 deinde
2285 3255 2512 3324 implens
2558 3270 2615 3308 se
2661 3270 2800 3323 aqua
2845 3257 3125 3311 inundavit
3162 3258 3473 3326 plurimum.
3518 3259 3623 3315 Co-

2046 3359 2308 3415 gnoscens
2336 3351 2552 3398 sanctus
2594 3341 2776 3396 Conon
2836 3343 2976 3411 quod
3004 3343 3203 3398 factum
3251 3347 3461 3411 fuisset,
3494 3364 3619 3415 per-

2045 3448 2178 3503 gens
2208 3432 2350 3487 venit
2402 3432 2468 3486 ad
2510 3430 2936 3500 ﬂumeu,jubens
2967 3434 3016 3487 ei
3045 3442 3105 3487 ut
3134 3433 3204 3486 ita
3237 3444 3480 3489 curreret
3507 3439 3614 3490 sic-

2045 3531 2105 3576 ut
2145 3537 2335 3577 cursus
2386 3519 2502 3588 ejus
2541 3529 2658 3575 erat
2694 3522 2988 3576 secundum
3021 3524 3443 3578 misericordiam
3474 3524 3568 3580 Dei
3602 3544 3616 3580 :

2045 3613 2186 3667 unde
2235 3613 2497 3667 hactenus
2521 3627 2706 3666 omnes
2733 3613 3036 3668 habitantes
3064 3614 3311 3668 lzetantur
3332 3618 3400 3670 ab
3429 3633 3513 3681 eo,
3555 3628 3610 3672 et

2045 3703 2299 3773 subjectae
2329 3711 2452 3755 sunt
2479 3702 2527 3755 ei
2555 3718 2658 3757 non
2687 3704 2858 3758 solum
2887 3719 3062 3772 aquae,
3091 3706 3184 3759 sed
3206 3715 3259 3760 et
3285 3708 3460 3762 omnis
3494 3709 3610 3780 ipsa

2045 3804 2209 3849 terra.
2253 3793 2584 3863 Completum
2632 3803 2716 3849 est
2761 3795 2928 3858 enim,
2973 3797 3116 3864 quod
3180 3797 3440 3866 scriptum
3488 3807 3612 3853 est:

2046 3885 2198 3950 Quod
2236 3887 2280 3940 si
2310 3885 2592 3938 habueritis
2642 3885 2800 3952 ﬁdem
2839 3897 3086 3956 tanquam
3125 3904 3348 3956 granum
3388 3889 3608 3958 sinapis,

2043 3977 2195 4029 dicite
2219 3977 2339 4029 huic
2365 3976 2525 4029 monti
2553 3991 2570 4028 :
2605 3975 2791 4028 Transi
2825 3974 3038 4045 (Matth.
3068 3977 3235 4048 xvu);
3290 3986 3344 4032 et
3379 3994 3483 4032 non
3515 3995 3609 4033 so-

2043 4067 2152 4121 lum
2192 4067 2344 4135 aquis
2372 4067 2621 4135 imperat,
2645 4065 2735 4120 sed
2765 4075 2817 4121 et
2842 4067 3090 4123 fluctibus
3108 4069 3281 4139 jubet.
3312 4069 3446 4123 Nam
3478 4085 3610 4138 prae.

2043 4159 2218 4212 dictus
2259 4157 2615 4224 Domitianus,
2661 4173 2961 4226 agnoscens
2988 4161 3241 4216 virtutem
3270 4163 3442 4217 sancti
3490 4162 3609 4227 viri,

2042 4248 2232 4302 ascivit
2255 4263 2377 4302 eum
2404 4248 2470 4302 ad
2498 4263 2556 4303 se
2582 4255 2637 4302 et
2662 4249 2828 4304 tilium
2855 4250 2991 4320 ejus,
3021 4259 3076 4306 et
3100 4259 3352 4320 torquere
3371 4268 3466 4307 eos
3500 4251 3617 4319 jus-

2042 4338 2114 4392 sit
2159 4338 2212 4391 in
2254 4338 2512 4393 craticula
2559 4354 2720 4410 super
2772 4341 3035 4395 carbones
3101 4338 3350 4394 ardentes
3417 4343 3611 4411 posita,

1964 4428 2158 4498 Doleo
2200 4429 2254 4483 in
2304 4430 2479 4501 ignem
2533 4428 2676 4499 fuso;
2720 4430 2814 4485 sed
2862 4431 3076 4484 vincere
3125 4445 3218 4484 eos
3267 4445 3370 4484 non
3414 4430 3610 4499 potuit,

2043 4521 2167 4590 quia
2211 4521 2354 4576 Deus
2396 4523 2462 4576 de
2510 4521 2630 4590 igne
2679 4535 2774 4575 eos
2822 4519 3108 4585 liberavit;
3139 4527 3326 4588 postea
3359 4520 3608 4575 malleum

2043 4611 2276 4682 ligneum
2309 4608 2523 4673 afferre,
2579 4618 2631 4662 et
2679 4623 2877 4670 manus.
2915 4623 3100 4663 eorum
3152 4616 3430 4668 conterere
3475 4625 3614 4679 prm-

2040 4701 2220 4769 cepit;
2257 4699 2350 4753 sed
2375 4699 2471 4767 ipsi
2503 4698 2555 4752 in
2583 4698 2686 4752 ﬁde
2708 4706 2882 4766 erepta
2903 4707 3401 4767 perseveraverant,
3427 4699 3611 4769 sicque

2038 4789 2336 4844 orationem
2364 4787 2625 4843 facientes
2650 4789 2986 4844 tradiderunt
3015 4789 3284 4858 spiritum,
3314 4791 3608 4862 migrantes

2040 4880 2108 4933 ad
2134 4878 2368 4934 coelestia
2392 4893 2576 4949 regna.

2110 5000 2375 5064 Xll‘K'AL.
2449 5010 2505 5064 In
2575 5010 2894 5066 Mauritania
2959 5011 3138 5066 natale
3209 5011 3496 5075 Timothei,
3552 5020 3606 5066 et

2038 5102 2092 5156 in
2141 5101 2394 5156 Ravenna
2462 5101 2752 5170 Martyrize.
2804 5101 2860 5154 ln
2915 5102 3129 5156 civitate
3179 5101 3602 5156 Antisiodorensi

2034 5191 2295 5258 depositio
2340 5191 2482 5244 beati
2526 5188 2670 5244 Valis
2718 5189 3003 5261 [Valentis]
3035 5191 3335 5260 presbyteri
3377 5199 3433 5244 et
3476 5205 3603 5244 con-

2032 5281 2275 5337 fessoris.
3581 5293 3586 5296 '

2087 5389 2159 5444 Xl
2184 5391 2315 5444 ΚΑΙ..
2348 5389 2403 5444 lu
2432 5389 2627 5453 Africa,
2655 5389 2800 5446 Casti
2825 5400 2879 5445 et
2901 5389 3055 5444 Emili
3085 5387 3356 5460 [ASmilii],
3388 5389 3476 5458 qui
3505 5404 3600 5458 per

2029 5482 2207 5552 ignem
2239 5481 2541 5549 passionem
2570 5487 3074 5538 consummaverunt
3107 5499 3119 5534 :
3165 5481 3355 5536 scribit
3378 5480 3601 5552 Cypriae

2033 5586 2135 5625 nus
2154 5569 2294 5626 libro
2318 5571 2383 5624 de
2405 5570 2614 5639 Lapsis.

438 5695 462 5724 ι
495 5684 569 5739 De
597 5682 701 5738 illis
730 5683 1052 5753 martyribus
1080 5698 1175 5738 nos
1202 5681 1318 5738 fuse
1339 5684 1688 5740 disseruimus
1732 5685 1784 5740 iu
1815 5679 2050 5738 llistoria
2081 5680 2480 5738 Ecclesiastica.
2531 5682 2688 5740 BASN.
