4028 6196
507 318 639 373 1H7

1134 311 1194 366 Β.
1232 307 1484 365 RABANI
1523 305 1740 363 MAURI
1778 300 2097 358 ARCIIIEP.
2142 298 2445 357 MOGUNT.
2486 301 2768 359 OPERUM
2807 302 2985 358 PARS
3024 303 3086 358 11.

3606 309 3746 363 1168

575 432 618 485 Χ
642 429 774 485 ΚΑΙ..
821 427 1006 483 Passio
1033 424 1204 480 sancti
1239 421 1502 479 Desiderii
1553 418 1791 491 episcopi
1820 424 1877 473 et
1927 432 2073 471 mar—
2100 418 2147 476 Α
2176 414 2339 487 [Syci
2361 415 2380 486 1
2402 424 2456 470 et
2474 415 2699 470 Palatini
2718 456 2734 482 ,
2761 417 2850 485 qui
2893 418 3056 471 multa
3100 425 3367 473 tormenta
3398 430 3620 491 propter
3643 438 3738 480 uo-

505 524 657 578 tvris.

526 581 540 592 .
571 612 642 666 IX
673 611 801 664 KAL.
844 606 901 661 ln
923 604 1108 661 Gallia:
1134 603 1352 659 civitate
1376 599 1679 655 Mammetis
1748 598 2072 660 natale,san-

504 710 712 757 ctorum
739 697 1018 768 Rogatiani
1040 705 1096 751 et
1116 694 1420 759 Donatiani,
1446 706 1826 765 germanorum
1852 696 1906 744 et
1936 704 2070 743 mar-

503 800 679 864 tyrant
690 830 703 844 .

580 885 681 938 Vlll
712 882 843 937 KAL.
871 883 1054 937 Romae
1081 879 1251 936 sancti
1282 878 1514 933 Urbana
1547 892 1698 946 papae
1719 885 1773 929 et
1803 876 2075 931 confesso-

504 979 579 1030 ris
605 972 923 1046 [martyris],
953 972 1106 1042 cujus
1128 968 1371 1025 doctrina
1413 968 1566 1021 multi
1620 968 1882 1037 martyrio
1922 981 2075 1021 coro-

501 1067 613 1119 nati
643 1072 787 1119 sunt.

576 1154 815 1211 VlleL.
853 1155 911 1209 ln
948 1152 1225 1208 Britannia
1262 1149 1519 1221 depositio
1542 1148 1840 1218 Augustini,
1910 1146 2071 1217 primi

501 1246 794 1315 Anglorum
821 1242 1075 1312 episcopi.
1110 1240 1312 1294 Eodem
1357 1238 1444 1292 die
1472 1237 1657 1291 Romm
1706 1237 1883 1307 passio
1938 1234 2075 1289 Mar-

499 1334 675 1388 cellini
708 1348 878 1402 papae,
925 1331 1016 1400 qui
1044 1328 1375 1399 temporibus
1398 1325 1709 1381 Diocletiani
1747 1339 1938 1394 passus
1967 1333 2070 1389 est,

501 1436 609 1491 quo
656 1431 897 1492 tempore
929 1419 1029 1473 fuit
1061 1418 1365 1488 persecutio
1401 1432 1618 1487 magna,
1678 1420 1737 1470 ut
1786 1417 1926 1469 intra
1968 1416 2071 1469 tri-

499 1514 646 1584 ginta
692 1512 807 1565 dies
830 1509 1213 1579 septemdecim
1256 1506 1419 1561 millia
1464 1506 1742 1561 hominum
1779 1504 2070 1575 promiscui

498 1619 660 1659 sexus
705 1617 803 1673 per
847 1602 1089 1655 diversas
1112 1599 1416 1669 provincias
1448 1598 1708 1668 martyrio
1746 1610 2071 1652 coronaren-

502 1704 593 1747 tur
648 1691 957 1748 Christiani.
1006 1689 1083 1745 De
1130 1704 1234 1759 qua
1286 1703 1344 1743 re
1374 1696 1428 1743 et
1473 1689 1589 1757 ipse
1625 1686 1965 1741 Marcellinus
2002 1686 2070 1740 ad

499 1784 822 1839 sacriﬁcium
851 1783 1044 1836 ductus
1064 1788 1147 1835 est
1170 1789 1228 1834 ut
1261 1778 1618 1843 tburificaret,
1649 1778 1790 1848 quod
1816 1786 1872 1832 et
1896 1776 2023 1832 fecit
2052 1795 2066 1844 ;
2098 1765 2146 1825 B

498 1886 553 1929 et
590 1882 707 1944 post
762 1889 964 1943 paucos
1010 1874 1144 1937 dies,
1178 1872 1495 1941 poenitentia
1520 1872 1731 1934 ductus,
1778 1871 1847 1925 ab
1880 1870 2070 1923 eodem

499 1962 829 2017 Diocletiano
870 1977 967 2031 pro
1026 1962 1130 2015 ﬁde
1185 1960 1386 2016 Christi
1427 1974 1549 2013 cum
1580 1957 1833 2021 Claudio,
1886 1964 1940 2011 et
1973 1956 2077 2029 Cy-

500 2058 639 2122 rino,
688 2067 742 2111 et
775 2057 1028 2118 Antonio,
1057 2057 1231 2126 capite
1274 2062 1357 2110 est
1379 2062 1661 2108 truncatus
1693 2061 1749 2107 et
1781 2061 2072 2107 coronatus

500 2149 782 2218 martyrio.

573 2237 636 2291 Vl
658 2236 789 2290 KAL.
814 2235 871 2288 ιη
905 2234 1176 2288 Parisiaca
1200 2236 1417 2288 civitate
1454 2233 1708 2288 nativitas
1735 2232 1908 2286 sancti
1940 2230 2073 2286 Ger-

499 2329 645 2382 mani
666 2328 899 2396 episcopi
927 2336 982 2380 et
1026 2325 1374 2391 confessoris,
1424 2325 1516 2394 qui
1555 2340 1624 2380 ex
1668 2323 1941 2377 nobilibus
1970 2337 2067 2391 pa-

498 2419 743 2474 rentibus
808 2429 965 2474 natus
1005 2418 1133 2484 fuit;
1189 2420 1281 2473 sed
1330 2419 1459 2474 licet
1504 2433 1628 2473 eum
1681 2417 1913 2488 genitrix
1957 2416 2073 2487 ejus

500 2509 770 2565 malitiosa
809 2519 991 2564 mente
1022 2508 1326 2564 interﬁcere
1366 2508 1649 2573 voluisset,
1682 2516 1860 2562 tamen
1890 2506 2071 2561 divino

500 2607 701 2662 auxilio
745 2620 774 2659 a
814 2603 1054 2675 periculo
1083 2602 1271 2656 mortis
1322 2601 1601 2665 liberatus,
1630 2600 1685 2654 in
1723 2599 1953 2670 pueritia
1974 2612 2071 2652 sua

501 2698 708 2754 sanctis
742 2697 873 2751 viris
899 2696 964 2749 ad
991 2693 1083 2748 Dei
1107 2694 1385 2747 servitium
1419 2691 1763 2745 nutriendum
1797 2704 2072 2745 commen-

502 2791 662 2843 datus
698 2787 1016 2856 proﬁciebat
1056 2785 1108 2839 in
1161 2784 1332 2854 gratia
1364 2782 1479 2836 Dei.
1524 2782 1814 2852 Presbyter
1858 2779 2075 2835 ordina-

502 2890 589 2938 tus
636 2897 664 2935 a
717 2878 970 2949 pontiﬁce
1000 2877 1275 2937 Nectario,
1312 2874 1477 2930 abbas
1518 2874 1585 2928 ad
1637 2881 1882 2928 sanctum
1915 2871 2073 2941 Sym-

502 2973 819 3043 phorianum
858 2970 1052 3039 dignus
1077 2968 1349 3021 assistitur
1377 2984 1390 3018 :
1424 2966 1479 3018 in
1505 2978 1611 3032 quo
1634 2961 1809 3037 olﬁcio
1834 2978 1938 3016 non
1983 2976 2072 3016 so-

505 3065 615 3119 lum
657 3061 965 3121 virtutibus,
1015 3057 1107 3112 sed
1130 3056 1292 3109 etiam
1333 3054 1501 3122 signis
1551 3053 1662 3106 Deo
1701 3052 1927 3122 placitus
1951 3066 2071 3106 esse

507 3156 924 3209 demonstratur.
964 3147 1153 3201 Postea
1183 3159 1310 3198 vero
1342 3144 1628 3212 episcopus
1670 3142 1953 3197 ordinatus
1977 3152 2072 3195 no-

501 3241 685 3298 biliter
725 3239 1053 3296 Parisiacam
1088 3235 1227 3290 rexit
1254 3233 1572 3297 Ecclesiam,
1624 3232 1912 3301 multisque
1953 3244 2077 3301 pro-

509 3333 606 3387 mit
660 3345 765 3386 non
842 3329 1014 3384 solum
1067 3327 1120 3381 in
1194 3325 1481 3388 doctrina,
1538 3322 1638 3378 sed
1682 3324 1844 3377 etiam
1911 3330 1965 3376 et
2021 3321 2077 3374 in

506 3423 840 3476 inﬁrmorum
890 3418 1186 3473 curatione.
1229 3414 1311 3469 Ad
1351 3423 1655 3468 extremum
1690 3428 1820 3468 vero
1848 3413 1902 3467 in
1962 3427 2079 3466 om-

506 3515 561 3571 ni
626 3513 767 3566 bono
814 3507 1084 3580 perfectus
1127 3504 1503 3576 octogenarius
1549 3502 1800 3572 migravit
1848 3502 1918 3556 ad
1974 3500 2079 3555 Do-

513 3619 729 3659 mtuum.

579 3693 620 3747 η’
644 3692 775 3745 lin.
805 3686 1078 3758 Depositio
1108 3685 1280 3740 sancti
1307 3682 1533 3737 Joannis
1555 3695 1727 3751 papae,
1764 3695 1923 3751 quem
1951 3680 2078 3750 quia

507 3782 841 3836 orthodoxus
867 3787 1005 3842 erat,
1037 3784 1093 3831 et
1119 3791 1149 3829 a
1178 3773 1391 3829 Justino
1420 3773 1746 3842 imperatore
1781 3770 2080 3826 orthodch

514 3868 1025 3939 Constantinopolim
1075 3866 1300 3920 veniens
1343 3862 1575 3933 gloriose
1604 3868 1888 3929 susceptus
1940 3867 2078 3924 erat,

410 3948 413 3953 ’
510 3960 876 4017 Theodericus
914 3971 1007 4011 rex
1065 3956 1297 4008 Arianus
1344 3958 1700 4007 revertentem
1742 3949 1795 4003 in
1827 3948 2082 4003 Ravenna

512 4053 565 4107 in
613 4048 856 4105 custodia
930 4052 1136 4099 te‘ntum
1182 4042 1251 4096 ad
1292 4049 1520 4096 mortem
1573 4052 1743 4108 usque
1790 4054 1913 4094 cum
1965 4037 2083 4093 aliis

509 4154 664 4209 aeque
683 4135 961 4192 catholicis
1005 4133 1135 4187 viris
1160 4132 1407 4202 perduxit
1435 4148 1502 4185 xv
1529 4130 1645 4185 Kal.
1677 4129 1884 4185 Junias.
1912 4127 2083 4196 Hujus

515 4227 759 4284 iueminit
796 4232 1014 4280 sanctus
1073 4222 1366 4293 Gregorius
1423 4222 1479 4276 in
1528 4222 1666 4277 libro
1716 4221 2080 4292 Dialogorum,

520 4318 672 4388 cujus
720 4332 938 4387 corpus,
968 4315 1287 4370 translatum
1312 4314 1378 4368 de
1401 4312 1677 4379 Ravenna,
1707 4313 1973 4382 sepultum
2000 4321 2086 4368 est

520 4428 570 4466 In
598 4410 819 4467 basilica
839 4409 1009 4464 sancti
1026 4408 1171 4463 Petri
1197 4405 1422 4476 apostoli
1442 4420 1476 4459 v
1500 4404 1617 4459 Kal.
1642 4405 1847 4469 lunias,
1865 4404 2084 4476 Olybrio

521 4501 775 4557 consule,

590 4593 656 4648 IV
688 4591 821 4646 Itan.
862 4590 920 4644 In
949 4588 1186 4644 Treviris
1235 4586 1500 4657 depositio
1539 4586 1814 4643 Maximini
1849 4586 2085 4655 episcopi

523 4692 578 4739 et
602 4682 939 4738 confessoris.
966 4680 1164 4735 Eodem
1187 4680 1272 4733 die
1302 4679 1355 4732 in
1382 4678 1600 4747 regione
1622 4678 1860 4749 Anagnia
1886 4676 2090 4748 [Anau-

527 4774 639 4844 nia]
685 4772 839 4841 juxta
901 4769 1270 4826 Tridentinam
1318 4769 1505 4824 urbem
1560 4770 1738 4838 passio
1778 4777 2086 4823 sanctorum

529 4871 825 4931 martyrum
873 4860 1094 4915 Sisinnii
1152 4859 1384 4923 diaconi,
1453 4866 1507 4912 et
1565 4857 1806 4928 Martyrii
1845 4857 2086 4922 lectoris,

531 4960 694 5021 atque
737 4949 1021 5007 Alexandri
1045 4949 1273 5013 ostiarii,
1301 4948 1392 5017 qui
1439 4948 1539 5002 sub
1596 4946 1851 5001 Stilicone
1872 4946 2090 5001 consule

528 5041 692 5111 passi,
738 5053 989 5094 coronam
1032 5047 1460 5108 promeruerunt.
1503 5034 1636 5091 Nam
1660 5046 1878 5091 sanctus
1918 5037 2091 5092 Sisin-

530 5135 651 5189 nius
684 5132 856 5203 capite
904 5129 1027 5184 tuba
1073 5144 1371 5196 percussus,
1424 5138 1584 5199 atque
1624 5128 1904 5197 securibus
1963 5144 2092 5182 con-

532 5227 708 5282 fossus
771 5231 871 5278 est.
932 5219 1217 5289 Martyrius
1272 5218 1500 5274 fustibus
1550 5234 1736 5284 czesus,
1789 5219 2091 5274 Alexander

531 5317 684 5371 vivus
738 5312 931 5369 vinctis
1001 5308 1225 5380 pedibus
1292 5307 1582 5362 trahendus
1638 5308 1957 5377 apponitur,
2032 5314 2093 5362 ut

531 5422 628 5479 per
674 5403 1012 5475 scopulorum
1063 5398 1257 5454 itinera
1298 5398 1671 5468 palpitantium
1726 5399 2089 5453 membrorum

530 5504 713 5569 partes
756 5496 1067 5557 amitteret,
1121 5491 1289 5546 donec
1339 5490 1406 5545 ad
1450 5492 1575 5544 vita:
1621 5489 1917 5544 terminum
1964 5504 2092 5559 per-

536 5584 762 5640 veniret.

606 5672 672 5725 ill
704 5673 833 5725 lixa.
871 5672 929 5727 lu
959 5671 1240 5728 Antiochia
1269 5678 1578 5726 sanctorum
1618 5676 1913 5740 martyrum
1962 5666 2091 5724 Sicii

2171 519 2293 560 men
2320 506 2521 561 Christi
2557 507 2696 577 passi
2721 517 2863 562 sunt.

2239 595 2280 651 ll
2308 597 2439 651 KAL.
2474 598 2656 652 Romae
2698 598 2949 653 nativitas
2989 598 3305 654 Petronellre
3333 600 3581 670 virginis,
3621 602 3752 662 tiliae

2170 687 2344 741 sancti
2369 686 2510 740 Petri
2541 687 2790 755 apostoli,
2818 704 2977 757 quam
3007 690 3196 743 beatus
3219 692 3516 759 apostolus,
3545 710 3747 766 rogan-

2171 778 2315 832 tibus
2339 777 2606 841 ﬁdelibus,
2637 793 2667 831 a
2690 776 2921 849 paralysi
2949 781 3188 846 sanavit;
3218 782 3312 835 sed
3338 784 3520 836 statim
3546 792 3605 837 ut
3626 801 3747 840 sur-

2170 870 2310 922 rexit
2347 883 2496 930 sana,
2552 875 2604 922 et
2654 869 3013 923 ministerium
3058 871 3315 940 explevit,
3366 872 3562 926 iterum
3586 874 3748 944 jussit

2170 974 2293 1014 eam
2318 961 2384 1013 ad
2418 961 2697 1030 grabatum
2730 961 2926 1015 redire.
2956 961 3025 1014 At
3060 962 3148 1015 ubi
3190 963 3242 1015 in
3281 962 3375 1018 Dei
3416 965 3607 1020 timore
3637 981 3747 1021 etn-

2171 1053 2248 1120 pit
2288 1067 2408 1107 esse
2441 1050 2711 1122 perfecta,
2752 1067 2857 1106 non
2891 1052 3060 1107 solum
3106 1054 3219 1123 ipsa
3262 1056 3466 1109 salvata
3500 1067 3605 1122 est,
3653 1062 3746 1114 sed

2172 1141 2335 1197 etiam
2382 1142 2627 1211 plurimis
2658 1144 2993 1212 recuperavit
3038 1143 3089 1196 in
3122 1145 3314 1199 melius
3349 1146 3460 1201 suis
3488 1149 3748 1203 orationi-

2172 1233 2271 1288 bus
2307 1234 2612 1287 sanitatem.
2656 1233 2721 1287 Et
2744 1235 2995 1303 quoniam
3023 1235 3183 1290 nimis
3206 1238 3446 1306 speciosa
3481 1248 3621 1303 erat,
3650 1256 3743 1295 ve-

2173 1323 2252 1377 nit
2286 1324 2354 1378 ad
2397 1339 2515 1378 eam
2567 1323 2788 1379 Flaccus
2826 1340 3011 1379 comes
3055 1341 3176 1379 cum
3221 1327 3474 1383 militibus
3522 1338 3581 1382 ut
3622 1345 3746 1385 eam

2171 1416 2272 1470 sibi
2315 1431 2539 1470 uxorem
2587 1417 2888 1486 acciperet;
2940 1418 3023 1470 cui
3064 1417 3362 1472 Petrouella
3412 1420 3535 1473 ait:
3587 1438 3608 1471 ι
3662 1420 3746 1475 Ad

2171 1509 2401 1579 puellam
2441 1507 2701 1561 inermem
2728 1522 2849 1562 cum
2890 1508 3151 1563 militibus
3180 1510 3403 1563 armatis
3437 1511 3664 1576 venisti;
3699 1513 3745 1568 si

2171 1612 2394 1651 uxorem
2425 1611 2509 1650 me
2541 1596 2739 1652 habere
2781 1597 2895 1663 vis,
2946 1597 3031 1653 fac
3060 1608 3334 1653 matronas
3376 1600 3613 1669 virgines
3642 1602 3743 1655 bo-

2173 1697 2358 1743 nestas
2384 1688 2451 1742 ad
2478 1704 2561 1743 me
2594 1696 2713 1757 post
2748 1695 2857 1743 tres
2885 1688 3001 1743 dies
3026 1691 3228 1753 venire,
3253 1700 3313 1743 ut
3340 1705 3463 1744 cum
3487 1691 3620 1760 ipsis
3650 1707 3744 1746 ve-

2175 1782 2317 1836 niam
2341 1781 2407 1835 ad
2433 1781 2647 1836 domum
2674 1789 2835 1835 tuam.
2873 1802 2891 1832 ι
2923 1780 3146 1835 Factum
3171 1789 3253 1835 est
3282 1792 3461 1836 autem
3495 1791 3553 1835 ut
3582 1784 3743 1836 trium

2175 1873 2383 1927 dierum
2430 1881 2709 1942 acceptum
2754 1872 2984 1941 spatium
3032 1871 3182 1942 virgo
3226 1880 3410 1926 sancta
3446 1871 3668 1941 jejuniis
3694 1885 3745 1928 α

2174 1962 2507 2018 orationibus
2536 1971 2844 2033 occuparet,
2895 1963 3097 2017 habens
3140 1977 3320 2018 secum
3362 1974 3606 2018 sanctam
3634 1966 3744 2018 vir-

2175 2052 2353 2122 ginem
2397 2051 2707 2117 Feliculam,
2732 2052 3117 2107 collactaneam
3145 2068 3317 2119 suam,
3348 2055 3399 2107 in
3425 2054 3521 2109 Dei
3551 2056 3746 2110 timore

2172 2141 2490 2210 perfectam.
2515 2140 2697 2195 Tertio
2716 2142 2896 2211 itaque
2927 2143 3012 2205 die
3040 2143 3262 2197 veniens
3282 2145 3348 2197 ad
3374 2159 3493 2197 eam
3525 2154 3744 2200 sanctus

2174 2233 2488 2288 Nicomedes
2530 2234 2831 2305 presbyter,
2881 2235 3168 2289 celebravit
3206 2237 3461 2307 mysteria
3512 2239 3743 2302 Christi;

2172 2325 2325 2394 virgo
2350 2326 2528 2379 autem
2559 2325 2921 2379 sacratissima
2955 2341 3076 2379 mox
3106 2336 3165 2379 ut
3200 2324 3401 2381 Christi
3443 2343 3747 2382 sacramen-

2177 2423 2289 2467 tum
2334 2416 2559 2483 accepit,
2610 2415 2879 2469 reclinans
2907 2430 2965 2469 se
2994 2416 3046 2469 in
3073 2415 3345 2480 lectulum,
3390 2418 3568 2471 emisit
3587 2419 3745 2486 spiri-

2174 2513 2310 2560 tum.
2336 2505 2538 2559 Eodem
2564 2504 2650 2558 die
2677 2506 3009 2567 martyrizati
3041 2514 3166 2560 sunt
3201 2506 3498 2561 beatissimi
3542 2518 3747 2578 marty-

2175 2613 2265 2653 res
2314 2597 2558 2662 Cautius,
2607 2597 2900 2651 Cautlanus
2949 2605 3003 2651 et
3055 2596 3393 2661 Cantianilla,
3446 2600 3748 2668 imperante

2174 2687 2529 2752 Diocletiano,
2577 2696 2631 2742 et
2661 2698 2915 2759 regnante
2952 2687 3180 2745 Domino
3210 2699 3392 2745 nostro
3431 2689 3558 2745 Iesu
3583 2689 3743 2744 Chri-

2172 2785 2275 2834 sto.

2748 2905 3147 2981 JUNIUS.

2243 3037 2376 3093 ΚΑΙ..
2404 3037 2521 3092 Jun.
2554 3040 2740 3094 Sancti
2771 3039 3075 3095 Nicomedis
3105 3043 3361 3112 martyris
3387 3043 3627 3098 ecclesiae
3655 3045 3749 3098 dc-

2173 3127 2391 3192 dicatio,
2424 3136 2478 3181 ct
2501 3128 2555 3181 in
2581 3128 2961 3204 Thessalonica
2996 3131 3175 3185 natale
3209 3130 3430 3196 Octavi,
3469 3141 3521 3186 et
3553 3133 3606 3186 in
3634 3133 3748 3187 An-

2182 3218 2400 3281 tiochia,
2432 3216 2652 3271 Zosimi.

2243 3307 2312 3362 IV
2346 3306 2476 3361 Nos.
2526 3307 2712 3363 Romzc
2766 3308 3057 3364 Marcellini
3115 3312 3436 3381 presbyteri,
3491 3322 3547 3366 et
3600 3311 3753 3371 Petri

2175 3402 2475 3464 cxorcistar,
2526 3401 2616 3471 qui
2646 3401 2842 3458 multos
2870 3402 2921 3456 in
2956 3417 3174 3457 carcere
3202 3404 3271 3457 ad
3304 3403 3460 3458 ﬁdem
3496 3405 3749 3460 erudien-

2177 3502 2277 3555 tes,
2306 3500 2425 3560 post
2456 3491 2588 3545 dura
2616 3491 2826 3546 vincula
2865 3500 2919 3546 et
2954 3492 3471 3561 plurima‘tormenta
3503 3494 3755 3550 decollati

2176 3591 2303 3637 sunt
2322 3584 2421 3637 sub
2450 3583 2631 3652 judice
2662 3584 2901 3648 Sereno;
2957 3593 3011 3638 et
3040 3585 3129 3654 qui
3162 3600 3254 3639 eos
3284 3584 3587 3648 deeollavit,
3618 3587 3752 3639 vidit

2178 3674 2386 3727 animas
2413 3684 2597 3727 eorum
2629 3672 2905 3743 splendide
2933 3683 3152 3730 ornatas
3178 3677 3245 3729 ab
3286 3675 3493 3745 angelis
3524 3675 3651 3730 ferri
3681 3677 3746 3729 ad

2178 3762 2366 3827 cmlos,
2395 3771 2446 3817 et
2478 3763 2847 3832 paenitentiam
2870 3778 3030 3833 agens
3058 3765 3157 3819 sub
3183 3764 3322 3821 Julio
3350 3782 3486 3835 papa
3512 3766 3751 3836 baptiza-

2181 3857 2267 3906 tus
2290 3859 2374 3906 est
2401 3851 2455 3905 in
2478 3858 2753 3906 senectute
2785 3866 2878 3906 sua
2913 3853 3131 3907 nomine
3171 3851 3483 3907 Dorotheus.
3518 3854 3638 3923 Ipso
3661 3855 3750 3909 die

2180 3939 2235 3994 in
2278 3939 2536 4010 Lugduno
2575 3948 2776 3995 sanctae
2816 3940 3091 3995 Blandina:
3134 3956 3255 3995 cum
3300 3943 3578 4012 sexaginta
3628 3953 3752 3998 octo

2182 4030 2529 4099 martyribus,
2581 4030 2665 4084 cui
2706 4044 2736 4083 a
2763 4030 2934 4099 prima
2981 4030 3099 4084 luce
3138 4044 3308 4100 usque
3351 4032 3418 4085 ad
3466 4046 3749 4102 vesperam

2182 4126 2446 4173 tormenta
2479 4134 2689 4189 semper
2724 4119 3062 4185 innovautes,
3104 4122 3173 4175 ad
3211 4123 3457 4177 ultimum
3484 4125 3657 4179 vietos
3691 4142 3750 4181 se

2183 4218 2416 4264 tortores
2458 4209 2785 4265 conﬁtentur
2821 4229 2833 4263 :
2864 4226 2983 4280 quze
3021 4220 3076 4265 et
3117 4213 3349 4266 secundo
3383 4213 3593 4282 pulsata
3628 4230 3753 4269 cru-

2185 4299 2414 4354 ciatibus
2440 4316 2546 4354 non
2582 4310 2882 4370 superatur.
2934 4301 3118 4356 Tertio
3146 4316 3358 4372 quoque
3388 4304 3496 4369 die,
3524 4305 3749 4376 religata

2187 4392 2254 4446 ad
2283 4393 2518 4462 stipitem
2550 4401 2712 4462 atque
2738 4394 2790 4447 in
2816 4385 2992 4448 crucis
3030 4394 3245 4448 modum
3277 4395 3532 4461 distenta,
3563 4397 3754 4452 bestiis

2188 4481 2441 4552 pabulum
2490 4486 2844 4552 praeparatur.
2896 4482 3066 4549 Quam
3114 4488 3234 4538 cum
3266 4485 3408 4538 nulla
3449 4494 3517 4540 ex
3565 4487 3754 4541 bestiis

2190 4575 2408 4628 auderet
2434 4573 2719 4642 attingere,
2770 4584 2981 4627 rursum
3019 4582 3303 4629 revocatur
3338 4575 3402 4628 ad
3428 4589 3749 4631 carcerem:

2191 4671 2383 4734 quarto
2417 4662 2580 4717 etiam
2609 4662 2922 4717 verberibus
2957 4669 3100 4727 acta,
3134 4663 3409 4717 eraticnlis
3444 4674 3660 4730 exusta,
3699 4675 3756 4719 et

2192 4751 2358 4805 multa
2408 4750 2511 4805 alia
2559 4766 2832 4821 perpessa,
2878 4750 2943 4804 ad
2971 4750 3215 4805 ultimum
3247 4752 3419 4821 gladio
3452 4752 3753 4823 jugulatur.

2193 4840 2343 4895 Tunc
2372 4849 2428 4895 et
2459 4841 2710 4895 Ponticus
2737 4856 2869 4911 puer
2896 4856 3156 4896 annorum
3184 4840 3486 4911 quindecim
3511 4859 3611 4913 per
3637 4860 3753 4899 om-

2194 4933 2281 4986 nia
2326 4940 2713 4987 tormentorum
2759 4947 2954 5001 genera
2982 4947 3104 4987 cum
3147 4934 3261 5003 ipsa
3289 4934 3671 5002 circumactus,
3704 4944 3756 4991 et

2194 5031 2433 5077 materna
2455 5021 2571 5091 ejtis
2595 5022 2962 5077 cohortatione
2983 5024 3266 5078 roboratus
3287 5033 3411 5079 ante
3437 5025 3586 5080 illam
3608 5042 3755 5082 mar-

2195 5116 2394 5186 tyrium
2449 5115 2864 5170 consummavit.
2916 5114 3030 5171 Sub
3080 5115 3349 5172 Antonino
3402 5119 3750 5187 imperatore,

2195 5206 2451 5275 scriptum
2481 5206 2535 5259 in
2559 5204 2793 5260 Historia
2818 5205 3213 5271 Ecclesiastica,
3244 5207 3335 5261 lib.
3367 5223 3419 5260 v.
3441 5208 3653 5263 Eodem
3672 5210 3756 5264 die

2194 5295 2387 5350 natalis
2429 5303 2513 5350 est
2551 5295 2758 5349 Erasmi
2804 5296 3074 5366 martyris,
3112 5296 3202 5364 qui
3239 5295 3292 5349 in
3331 5295 3537 5351 Libano
3577 5306 3755 5352 mente

2193 5402 2432 5444 eremum
2455 5387 2665 5456 petivit,
2701 5386 2882 5456 ibique
2908 5386 3110 5440 mansit
3128 5386 3284 5440 annis
3321 5394 3547 5456 septem,
3580 5388 3674 5442 ubi
3704 5396 3752 5441 et

2194 5480 2360 5536 multa
2391 5478 2650 5533 miracula
2691 5477 2848 5543 fecit;
2871 5478 2961 5532 hic
3000 5493 3030 5531 a
3070 5477 3400 5532 Diocletiano
3435 5478 3752 5547 imperatore

2195 5572 2613 5641 comprehensus
2660 5578 2880 5640 propter
2923 5570 3082 5624 tidem
3122 5568 3321 5625 Christi
3361 5568 3530 5624 multa
3569 5580 3750 5639 passus

2195 5671 2314 5721 est:
2338 5663 2462 5732 quia
2492 5661 2639 5716 illum
2662 5660 2814 5729 jussu
2842 5659 3178 5729 imperatoris
3207 5658 3517 5729 nequissimi
3540 5657 3727 5714 carniti
