4028 6196
307 330 439 384 Ηὲῦ

1607 320 2238 378 MARTYROLOGIUM.

3436 326 3573 383 “30

296 456 391 496 ccs
412 438 643 494 fustibus
661 445 717 491 et
746 434 1039 506 plumbatis
1058 433 1370 499 caedebant;
1403 432 1645 503 plumbo,
1667 440 1721 486 et
1746 432 1882 502 pice,
1914 431 1962 491 Α
1992 432 2279 488 habentem
2322 432 2487 503 jussit
2529 433 2824 502 plumbatis
2849 436 2979 492 caedi
3011 454 3024 488 :
3060 445 3245 507 postea
3265 453 3397 493 vero
3426 440 3571 495 misit

293 540 353 590 et
378 529 635 602 sulphure
662 542 787 583 cum
816 541 941 581 cera
970 534 1027 581 et
1052 524 1169 579 oleo
1196 523 1423 580 ferventi
1454 523 1879 593 perfundebant;

296 630 487 692 postea
516 620 571 674 in
592 632 871 674 carcerem
894 617 1121 672 missum
1144 616 1382 687 pondere
1404 614 1536 670 ferri
1558 617 1881 687 gravabant,

296 711 443 782 quod
470 709 683 765 Domini
712 708 913 763 virtute
941 707 996 761 in
1026 707 1266 761 cinerem
1292 722 1508 762 versum
1529 715 1642 772 est,
1666 715 1724 762 et
1752 707 1881 761 nihil

295 819 424 858 eum
453 802 623 867 lzesit;
669 801 784 870 ipse
814 815 946 855 vero
977 807 1217 854 mortuos
1257 799 1558 865 suscitavit,
1599 808 1654 854 et
1685 800 1884 856 multos

296 894 504 949 debiles
541 894 778 949 sanavit.
814 891 1017 947 Deinde
1046 905 1176 945 vero
1212 890 1282 944 ab
1311 890 1503 961 angelo
1533 891 1746 945 Domini
1788 892 1884 945 ad-

296 985 567 1047 monitus,
614 983 669 1036 in
707 979 915 1035 Italiam
950 979 1219 1049 perrexit,
1261 980 1352 1035 ubi
1392 988 1447 1035 et
1478 995 1510 1034 a
1554 979 1884 1035 Maximiano

295 1076 626 1145 imperatore
677 1074 846 1129 multa
896 1082 1164 1128 tormenta
1202 1088 1413 1143 passus,
1462 1074 1530 1130 ad
1580 1082 1881 1130 extremum

293 1182 420 1222 cum
447 1166 623 1236 palma
647 1163 893 1235 martyrii
922 1165 988 1217 ad
1009 1171 1266 1219 mternam
1298 1164 1463 1218 vitam
1493 1164 1761 1235 migravit.
1797 1164 1880 1220 Si-

294 1257 500 1311 militer
538 1256 652 1325 ipsa
680 1254 812 1309 feria
840 1252 988 1309 Junii
1020 1253 1221 1307 mensis
1250 1251 1519 1308 festivitas
1543 1263 1631 1308 est
1658 1252 1880 1309 Bonifa-

293 1350 367 1403 cii
415 1348 704 1420 martyris,
754 1348 846 1418 qui
896 1348 1231 1417 temporibus
1265 1344 1582 1403 Diocletiani
1622 1358 1677 1404 et
1712 1348 1884 1403 Maxi-

294 1440 463 1494 miani
504 1440 893 1510 imperatorum
925 1452 1026 1509 pro
1056 1438 1276 1511 nomine
1301 1438 1504 1495 Christi
1544 1453 1738 1510 passus
1773 1449 1878 1495 est.

293 1529 451 1586 llunc
489 1545 617 1585 vero
654 1530 1018 1601 sua_domina,
1062 1530 1284 1586 nomine
1322 1530 1537 1600 Aglaes,
1582 1547 1610 1585 a
1638 1532 1880 1587 Romana

290 1623 449 1686 urbe,
485 1621 609 1677 licet
636 1636 758 1676 cum
790 1636 855 1677 ea
882 1621 1207 1677 adulterium
1236 1631 1663 1692 perpetraverat,
1697 1635 1880 1678 trans-

291 1714 447 1768 misit
483 1714 537 1767 in
579 1714 696 1769 loca
733 1714 822 1768 ubi
855 1713 1290 1769 Christianorum
1321 1715 1555 1769 maxima
1579 1716 1880 1785 persecutio

1983 536 2106 576 eum
2147 523 2202 577 in
2231 538 2527 590 carcerem,
2571 532 2626 578 et
2664 540 2837 595 neque
2867 526 3046 582 cibum
3091 542 3264 596 neque
3294 543 3488 598 aquam
3513 530 3566 586 el

1984 613 2197 669 sinebat
2248 615 2512 683 prmbere.
2571 614 2774 670 Deinde
2823 614 3063 671 Primum
3115 618 3368 673 similiter
3408 620 3572 689 jussit

1983 704 2215 761 fustibus
2258 705 2412 760 caedi.
2460 704 2593 761 Dein
2627 720 2756 761 vero
2800 705 2852 760 in
2899 707 3301 777 amphitheatro
3350 717 3570 765 sanctos

1983 806 2251 869 martyres
2274 797 2519 853 leonibus
2549 799 2686 853 tradi
2710 798 2984 868 praecepit,
3016 798 3108 853 sed
3140 799 3288 853 nullo
3314 801 3473 854 mode
3500 801 3569 855 ab

1982 891 2063 946 eis
2102 890 2214 947 hesi
2254 901 2400 957 sunt,
2438 892 2583 962 quod
2619 891 2865 947 videntes
2906 893 3079 947 turbae
3122 893 3466 946 crediderunt
3513 892 3568 946 in

1982 981 2258 1038 Christum
2279 983 2399 1053 plus
2417 998 2579 1054 quam
2604 983 2748 1038 mille
2776 984 3074 1054 quingenti.
3106 982 3407 1037 Novissime
3438 998 3567 1040 vero

1984 1075 2157 1129 sancti
2193 1081 2460 1144 martyres
2488 1090 2519 1128 a
2547 1074 2805 1144 praedicto
2831 1075 3029 1129 comite
3053 1073 3299 1129 decollati
3341 1082 3486 1138 sunt,
3512 1081 3565 1132 et

1984 1181 2014 1220 a
2039 1164 2339 1220 cultoribus
2374 1163 2573 1219 Christi
2607 1164 2659 1218 in
2692 1173 2815 1234 apto
2844 1164 2963 1218 loco
3003 1164 3218 1234 sepulti.
3254 1163 3453 1218 Eodem
3481 1164 3568 1219 die

1984 1254 2241 1308 nativitas
2264 1252 2463 1308 Getulii
2495 1253 2767 1324 martyris,
2808 1253 2899 1322 qui
2928 1252 3031 1308 sub
3062 1252 3298 1307 Adriano
3330 1253 3560 1323 impera-

1983 1355 2102 1400 tore
2124 1338 2314 1416 passus
2342 1352 2445 1400 est.
2479 1344 2612 1401 Nam
2644 1360 2766 1400 cum
2788 1354 2933 1400 esset
2967 1345 3484 1409 Christianissimus,
3512 1352 3569 1401 et

1984 1437 2181 1491 multas
2210 1436 2581 1507 eleemosynas
2607 1443 2662 1489 et
2693 1435 2832 1489 bona
2876 1451 3036 1505 opera
3068 1434 3303 1499 fecisset,
3338 1435 3569 1490 traditus

1982 1533 2065 1580 est
2101 1526 2168 1579 ah
2218 1525 2543 1594 imperatore
2591 1524 2797 1579 Cereali
2844 1526 3047 1579 vicario
3094 1541 3191 1579 suo
3236 1522 3306 1579 ad
3342 1525 3569 1593 punien-

1981 1616 2130 1671 dum.
2168 1616 2277 1670 Sed
2310 1620 2532 1669 sanctus
2576 1614 2821 1669 Getulius
2857 1630 2987 1669 sana
3029 1615 3410 1685 praedicatione
3438 1629 3567 1669 cou-

1981 1706 2149 1761 vertit
2189 1722 2314 1760 eum
2357 1706 2426 1760 ad
2473 1704 2635 1759 fidem
2662 1704 2877 1758 Christi.
2921 1703 3073 1758 Sicut
3107 1712 3160 1758 et
3200 1702 3329 1758 fecit
3364 1703 3567 1756 Aman—

291 1804 420 1869 fuit,
451 1815 509 1860 ut
534 1803 761 1873 alicujus
786 1805 964 1860 sancti
998 1819 1197 1875 corpus
1219 1805 1395 1876 pretio
1423 1782 1746 1876 acquisitum
1776 1806 1878 1860 sibi
1911 1782 1956 1840 Β
1985 1798 2120 1852 tium
2138 1797 2435 1851 tribunum.
2484 1794 2705 1850 fratrem
2746 1796 2935 1865 ipsius.
2974 1794 3205 1850 Sanctus
3233 1809 3358 1848 vero
3384 1792 3569 1849 Sixtus

287 1896 512 1951 afferret
542 1916 558 1953 :
588 1898 704 1967 ipse
749 1907 929 1954 autem
982 1899 1244 1954 obedieus
1291 1899 1455 1959 dictis
1493 1898 1724 1954 dominae
1768 1913 1881 1954 suae

287 1987 534 2053 perrexit
578 1987 725 2051 illuc,
777 1992 834 2043 et
882 1988 1025 2043 inter
1066 1988 1403 2043 Christianos
1451 1988 1882 2057 comprehensus

281 2076 449 2142 jussu
470 2078 731 2148 principis
756 2080 993 2148 primum
1033 2079 1137 2134 olla
1169 2076 1398 2133 ferventi
1445 2093 1573 2134 cum
1611 2080 1730 2148 pice
1755 2094 1883 2149 per-

283 2165 450 2224 fusus
467 2176 573 2230 est,
600 2169 695 2223 sed
722 2169 778 2223 in
807 2169 952 2223 nullo
984 2169 1163 2234 laesus,
1197 2170 1265 2224 ab
1296 2169 1624 2238 spiculatore
1650 2185 1878 2241 percus-

285 2269 405 2319 sus,
449 2264 482 2311 ε
520 2260 808 2315 comitibus
847 2263 982 2326 suis,
1026 2262 1117 2332 qui
1162 2274 1348 2318 secum
1385 2264 1705 2333 pergebant,
1759 2273 1884 2335 post

287 2353 538 2431 martyrii
577 2352 812 2420 palmam
851 2352 919 2406 ad
960 2350 1235 2407 dominam
1276 2368 1429 2407 suam
1469 2356 1726 2409 reductus
1772 2362 1876 2421 est,

286 2457 415 2512 quae
463 2445 635 2512 ipsum
693 2444 965 2513 accipiens
1005 2444 1190 2500 Roma:
1233 2446 1317 2499 via
1370 2444 1564 2499 Latina
1612 2445 1877 2515 sepelivit,

287 2535 475 2603 ibique
503 2534 789 2589 ecclesiam
816 2543 1154 2601 construens,
1193 2534 1421 2591 Domino
1457 2536 1729 2592 instanter
1760 2552 1879 2591 ser-

283 2625 447 2681 vivit.

364 2714 428 2769 lll
474 2714 610 2769 Non.
664 2715 720 2769 lu
763 2714 947 2773 Africa
998 2716 1177 2772 natale
1219 2716 1451 2784 Quirini,
1485 2726 1541 2773 et
1580 2718 1632 2772 in
1684 2719 1879 2775 Tuscia

285 2807 593 2872 Laurentii,
635 2815 693 2862 et
721 2806 951 2863 aliorum
981 2808 1359 2879 quadraginta.
1393 2808 1701 2865 Aurelianis
1743 2811 1881 2867 civi-

289 2907 407 2951 tate
450 2897 721 2968 depositio
767 2898 939 2955 sancti
984 2898 1234 2955 Leofardi
1283 2898 1611 2973 [Lipbardi]
1660 2903 1883 2973 presby-

291 2990 431 3043 teri;

366 3076 407 3130 I-l
437 3077 571 3132 Non.
599 3077 659 3133 In
684 3078 883 3134 Ninive‘
920 3081 1121 3136 natalis
1162 3082 1372 3148 Dinoei,
1416 3082 1606 3151 Attali,
1638 3084 1875 3153 Camari,

230 3228 235 3231 _
291 3170 523 3241 Fyriuaz,
550 3170 705 3227 Julize
734 3178 788 3227 ct
814 3171 1070 3239 Saraciae,
1097 3173 1336 3247 Cyprini.

366 3260 498 3315 Non.
532 3260 652 3317 Jun.
685 3262 947 3318 Bonifaeii
979 3265 1394 3335 archiepiscopi,
1421 3266 1575 3336 cujus
1606 3266 1659 3320 in
1685 3264 1883 3320 Freso-

294 3353 380 3408 nis
408 3352 661 3426 [Frisia]
698 3355 943 3426 martyrii
984 3357 1165 3424 passio
1206 3366 1425 3425 peracta
1452 3365 1555 3422 est,
1587 3365 1641 3412 et
1676 3356 1885 3411 Eobani

289 3446 599 3517 coepiscopi
642 3447 759 3517 ejus
788 3462 910 3502 cum
941 3447 1113 3502 servis
1144 3445 1239 3502 Dei
1269 3447 1611 3519 Wintrunge,
1648 3456 1703 3503 et
1734 3449 1883 3504 Wal-

292 3538 470 3604 there,
501 3537 800 3604 Scirbalde,
830 3547 884 3594 et
904 3537 1099 3604 Bosan,
1128 3536 1429 3603 Hamunde,
1460 3547 1515 3593 et
1546 3539 1882 3607 IEthclhere,

296 3629 589 3696 Wancare,
614 3639 669 3685 et
692 3628 1033 3694 Gundacare,
1062 3628 1375 3695 Willeherc,
1402 3636 1457 3684 et
1480 3626 1792 3684 lladavolfe.

368 3721 480 3778 VIII
512 3723 667 3778 lu.In
690 3722 872 3780 Africa
896 3724 1068 3780 sancti
1093 3722 1353 3789 Amantii,
1377 3722 1550 3778 Lucii.
1576 3722 1631 3776 In
1658 3721 1885 3777 Alexan-

292 3815 435 3879 dria,
480 3814 733 3882 Andrem,
780 3815 975 3871 Donati
1007 3824 1061 3871 et
1094 3815 1392 3886 Peregrini.
1437 3814 1712 3886 Depositio
1739 3813 1885 3868 beati

293 3907 509 3963 Claudii
534 3907 795 3977 episcopi.

371 3998 462 4053 Ἧι
515 3998 591 4054 In.
647 3997 706 4053 ln
769 3997 944 4054 Gallia
994 3998 1303 4057 Suessionis
1354 3999 1576 4057 civitate
1621 3999 1887 4070 depositio

296 4090 475 4146 sancti
527 4088 765 4144 Hedardi
810 4089 1046 4160 episcOpi
1098 4097 1153 4145 et
1197 4089 1542 4154 confessoris,
1585 4087 1737 4157 cujus
1777 4090 1896 4155 vita,

299 4180 458 4250 plena
487 4178 778 4235 virtutibus
814 4181 1120 4251 conscripta
1150 4189 1253 4236 est.
1291 4180 1425 4235 Nam
1470 4179 1655 4251 largus
1698 4180 1802 4235 fuit
1833 4164 1947 4234 in"

298 4272 678 4342 eleemosyuis,
728 4271 1017 4327 virtutibus
1054 4273 1232 4328 clarus
1261 4290 1274 4326 :
1304 4273 1600 4344 prophetiae
1634 4273 1886 4342 spiritum

303 4359 514 4427 habuit,
556 4368 640 4416 ter
658 4362 838 4432 quinis
863 4362 1019 4418 anuis
1042 4361 1558 4418 Veromaudensium
1590 4364 1740 4417 urbis
1769 4363 1887 4434 epi—

1978 1904 2118 1959 papa
2173 1887 2470 1958 baptizavit
2505 1886 2803 1952 Cerealem,
2846 1896 2903 1940 et
2946 1886 3286 1941 conﬁrmavit
3331 1886 3385 1939 in
3440 1884 3565 1939 fide.

1979 1978 2173 2035 Postea
2214 1994 2346 2035 vero
2394 1993 2519 2033 cum
2566 1978 2806 2034 audisset
2849 1978 2955 2032 hoc
3004 1976 3229 2040 factum,
3275 1977 3571 2046 imperator

1979 2070 2272 2141 praedictus
2317 2067 2541 2124 tradidit
2583 2076 2828 2149 sanctum
2875 2066 3145 2123 Getulium
3174 2066 3383 2121 Licinio
3424 2080 3566 2135 prte-

1980 2167 2122 2219 le‘cto
2151 2176 2270 2227 suo,
2306 2170 2366 2217 ut
2394 2175 2521 2215 eum
2559 2175 2681 2214 cum
2710 2159 2873 2213 sociis
2901 2159 3045 2223 suis,
3081 2159 3126 2212 si
3156 2157 3324 2212 nollet
3361 2154 3570 2210 sacriﬁ-

1980 2269 2108 2310 care
2147 2253 2324 2319 idolis,
2377 2253 2618 2308 mitteret
2661 2251 2715 2305 in
2760 2249 3033 2306 caminum
3079 2249 3220 2321 ignis
3264 2248 3575 2317 ardentem;

1978 2345 2123 2415 quod
2164 2360 2289 2400 cum
2335 2343 2536 2399 factum
2579 2353 2743 2409 esset,
2790 2342 2934 2398 nullo
2972 2340 3133 2395 modo
3175 2338 3244 2392 ab
3289 2338 3412 2407 igne
3459 2336 3568 2389 ιιιαεί

1982 2444 2131 2490 sunt.

2054 2525 2119 2580 IV
2150 2526 2225 2579 lu.
2274 2525 2331 2579 ln
2372 2525 2559 2580 Africa
2581 2524 2736 2579 Aresi
2764 2521 3035 2596 [Aresii],
3083 2520 3298 2590 Rogati,
3330 2526 3385 2571 et
3432 2517 3565 2570 alio-

1982 2632 2104 2672 rum
2150 2617 2453 2673 duodecim.
2492 2615 2550 2671 ln
2587 2616 2877 2686 lliSpaniis,
2919 2613 3187 2682 Chrispoli
3242 2606 3566 2683 [Crispuli],

1982 2710 2262 2765 Restituti.
2315 2709 2368 2763 ln
2397 2708 2708 2763 Nicomedia
2749 2707 2925 2761 natale
2966 2706 3139 2761 sancti
3173 2703 3467 2757 Zachariae.
3509 2700 3569 2755 In

1981 2802 2330 2857 Antisiodoro
2353 2800 2618 2870 depositio
2647 2800 2873 2854 Censuri
2903 2795 3220 2871 [Censurii]
3247 2791 3506 2863 episcopi.

2053 2911 2117 2969 lll
2153 2913 2230 2969 In.
2264 2912 2450 2967 Romae
2479 2924 2505 2952 ιι
2543 2911 2783 2965 Anacleti
2807 2922 2977 2980 papae,
3028 2908 3119 2979 qui
3165 2908 3373 2982 primus
3416 2902 3563 2958 beati

1983 3000 2132 3063 Petri
2171 3006 2487 3061 memoriam
2520 3003 2825 3060 construxit
2846 3010 2900 3055 et
2919 3000 3238 3071 composuit,
3266 3014 3386 3053 cum
3410 3011 3566 3065 pres-

1910 3131 1956 3192 Ο
1984 3097 2142 3168 byter
2182 3104 2332 3152 esSet
2380 3092 2555 3151 factus
2594 3113 2626 3149 a
2659 3097 2821 3150 beato
2872 3093 3059 3156 Petro,
3112 3100 3169 3146 et
3209 3089 3449 3160 sepultus
3489 3095 3571 3144 est

1978 3185 2133 3255 jtixta
2173 3202 2371 3257 corpus
2413 3187 2557 3242 beati
2599 3184 2745 3240 Petri
2787 3183 3014 3254 apostoli
3054 3192 3109 3238 et
3144 3181 3406 3236 Barnabas
3442 3195 3571 3252 apo-

1985 3276 2127 3331 stoli.

2055 3365 2099 3421 il
2136 3364 2212 3419 in.
2248 3365 2432 3420 Romze
2465 3365 2551 3419 via
2587 3363 2824 3427 Aurelia,
2864 3361 3116 3416 milliario
3148 3362 3357 3429 quinto,
3393 3360 3574 3428 passio

1985 3457 2242 3528 martyris
2266 3455 2542 3521 Basilidis,
2570 3454 2776 3526 Cyrini,
2824 3452 3055 3508 Naboris
3084 3462 3140 3507 et
3170 3450 3410 3515 Nazarii,
3442 3465 3575 3519 quo-

1986 3560 2109 3602 rum
2163 3545 2432 3601 Naborem
2483 3553 2541 3600 et
2583 3544 2873 3599 Nazarium
2922 3543 3084 3599 simul
3152 3558 3274 3597 cum
3325 3542 3576 3610 Gorgone

1988 3637 2335 3711 [Gorgonio]
2376 3648 2617 3709 martyre
2642 3636 2919 3692 transtulit
2949 3651 2979 3691 a
3015 3636 3188 3690 Roma
3233 3636 3286 3689 in
3322 3633 3574 3698 Galliam,

1987 3731 2377 3803 Hruocgangus
2406 3730 2663 3785 Metensis
2691 3729 2997 3799 episcopus,
3032 3726 3382 3799 permittente
3403 3723 3572 3778 Paulo

1986 3836 2125 3892 papa
2171 3820 2437 3887 Romano,
2497 3835 2637 3875 anno
2680 3819 2972 3874 Dominicze
3014 3816 3403 3873 incarnationis
3448 3814 3572 3877 765,

1987 3920 2044 3966 et
2088 3912 2371 3967 collocavit
2418 3910 2709 3981 praedictus
2754 3909 3039 3980 episcopus
3080 3914 3325 3963 sanctum
3370 3905 3577 3973 Gorgo-

1989 4018 2111 4058 nem
2148 3999 2557 4074 [Gargonium]
2597 3999 2651 4055 in
2682 4000 3016 4055 monasterio
3040 3997 3183 4067 quod
3211 3995 3409 4050 dicitur
3436 3994 3575 4049 Gor-

1990 4093 2093 4158 zia,
2126 4100 2371 4146 sanctum
2404 4106 2532 4147 vero
2574 4089 2843 4145 Naborem
2874 4089 2927 4142 in
2961 4084 3289 4141 monasterio
3323 4084 3466 4153 quod
3495 4082 3578 4136 di-

1952 4200 1955 4201 ν
1989 4184 2132 4238 citur
2159 4180 2463 4237 Novacella.
2498 4178 2759 4237 Sanctum
2791 4193 3005 4249 quoque
3045 4174 3335 4231 Nazarium
3369 4172 3422 4225 in
3463 4185 3576 4224 mo-

1992 4275 2228 4330 nasterio
2246 4273 2389 4344 quod
2415 4274 2614 4329 dicitur
2640 4272 2995 4337 Lauresham,
3028 4269 3117 4324 ubi
3146 4269 3296 4336 signa
3327 4272 3382 4320 et
3412 4265 3573 4319 mirao

1991 4365 2114 4420 cula
2169 4365 2223 4419 in
2277 4364 2511 4420 sanitate
2571 4364 2906 4420 infirmorum
2962 4370 3018 4417 et
3073 4358 3328 4415 debilium
3376 4357 3574 4425 saepius

302 4461 587 4523 scopulum
617 4453 823 4520 tenuit;
851 4454 919 4509 ad
939 4462 1241 4509 extremum
1262 4456 1329 4509 ad
1356 4454 1599 4510 cmlestia
1623 4455 1884 4527 migrans,
1914 4476 1969 4536 ι)
1993 4454 2147 4509 ﬁunt.

305 4540 778 4599 Suessionensium
821 4544 891 4599 ad
939 4546 1128 4599 urbem
1174 4560 1373 4615 corpus
1411 4544 1528 4615 ejus
1571 4545 1888 4601 translatum

305 4644 411 4701 est,
436 4635 616 4713 ibique
642 4636 946 4707 sepulcrum
974 4636 1156 4691 multis
1177 4637 1437 4691 virtutum
1467 4636 1638 4693 titulis
1667 4637 1883 4691 claruit.

304 4726 509 4781 Eodem
528 4726 613 4780 die
636 4724 899 4781 festivitas
926 4726 1097 4782 sancti
1124 4725 1353 4781 Naboris
1384 4724 1732 4782 confessoris.

383 4817 424 4869 ν
461 4817 536 4872 ln.
579 4816 787 4884 Roma),
838 4819 1002 4873 l’rimi
1051 4826 1104 4874 et
1140 4817 1400 4874 Feliciaui
1445 4827 1764 4890 martyrum,
1796 4821 1887 4890 qui

307 4909 410 4965 sub
440 4907 769 4964 Diocletiano
817 4918 871 4964 et
912 4908 1294 4964 Maximiniano
1340 4909 1502 4979 impp.
1546 4925 1644 4979 pro
1688 4910 1892 4967 Christi

311 5001 531 5056 nomine
579 4999 745 5055 multa
788 4992 1055 5055 tormenta
1094 5000 1239 5070 passi
1287 5008 1432 5054 sunt.
1465 4999 1602 5055 Nam
1637 4999 1891 5057 Premoto

310 5091 527 5162 prmsidi
570 5092 672 5162 ipsi
707 5091 1020 5161 nequissimi
1062 5091 1417 5160 imperatores
1460 5091 1526 5145 ad
1565 5093 1893 5161 puniendum

312 5196 407 5237 eos
442 5182 815 5249 tradiderunt;
862 5182 954 5253 qui
998 5196 1120 5237 cum
1161 5182 1365 5237 videret
1412 5197 1506 5237 eos
1542 5181 1686 5237 nullo
1735 5184 1895 5238 modo

314 5286 474 5343 posse
502 5289 532 5329 a
558 5273 759 5329 Christi
792 5273 1130 5330 confessione
1172 5273 1363 5338 averti,
1408 5273 1679 5343 separavit
1705 5289 1800 5329 eos
1827 5275 1895 5331 ab

317 5363 571 5431 invicem,
623 5375 679 5422 et
729 5368 981 5438 primitus
1027 5368 1359 5424 Felicianum
1407 5369 1679 5441 octoginta
1724 5386 1896 5426 annos

390 5486 414 5513 σι
442 5475 796 5548 Distinguitur
835 5480 923 5536 hic
958 5479 1131 5534 Cletus
1168 5479 1237 5534 ab
1280 5479 1575 5548 Auacfcto;
1604 5481 1683 5536 sic
1728 5481 1891 5536 etiam

317 5536 833 5619 Duroniusftamen
862 5551 905 5604 si
933 5549 1205 5605 veteribus
1236 5547 1445 5612 credas,
1476 5536 1615 5605 unus
1648 5550 1892 5619 idemque

317 5614 419 5690 fuit
450 5618 707 5685 pontifex.
747 5620 998 5684 lrenaeus‘,
1030 5620 1119 5690 qui
1149 5619 1349 5675 certius
1378 5621 1670 5690 neotericis
1707 5614 1888 5676 vetera

318 5686 407 5741 ilia
432 5699 671 5752 noverat,
716 5686 1340 5754 Anacletum'receuset,
1371 5689 1583 5745 Cletum
1614 5691 1885 5744 ornittens.

318 5759 569 5822 Qainimo
609 5759 770 5813 Caius
818 5761 930 5830 ipse
980 5760 1250 5815 “Olllalllls
1298 5761 1581 5831 presbyter
1634 5760 1888 5814 tredecim

2063 4548 2138 4603 In.
2190 4546 2247 4603 In
2296 4546 2500 4613 Africa,
2545 4546 2766 4601 Luciani
2794 4553 2847 4600 et
2885 4542 3190 4599 Fortunati.
3240 4528 3440 4596 Eadem
3485 4540 3576 4596 die

1993 4640 2247 4694 nativitas
2293 4645 2494 4694 sanctre
2535 4635 2782 4691 Feliculae
2812 4634 3067 4705 virginis,
3098 4642 3154 4688 et
3193 4648 3223 4687 a
3254 4632 3447 4686 Flacco
3478 4647 3573 4687 co-

1994 4732 2145 4791 mite,
2185 4729 2276 4800 qui
2324 4728 2493 4783 voluit
2537 4729 2753 4783 beatam
2802 4726 3159 4782 Petronellam
3204 4739 3430 4779 uxorem
3477 4724 3575 4778 du-

1994 4835 2139 4886 cere,
2192 4828 2312 4889 post
2354 4819 2560 4874 obitum
2610 4827 2809 4873 sancta:
2856 4815 3189 4880 Petronellai,
3237 4814 3405 4870 voluit
3452 4830 3573 4869 eam

1996 4912 2243 4983 accipere
2280 4928 2526 4977 uxorem,
2574 4913 2666 4966 sed
2709 4911 2822 4983 ipsa
2859 4911 2962 4966 hoc
3008 4919 3302 4976 renuente,
3352 4908 3576 4964 tradidit

2000 5020 2119 5061 eam
2154 5004 2356 5058 vicario
2385 5018 2482 5058 suo
2516 5003 2569 5057 in
2609 5002 2905 5057 custodiam
2939 5002 3301 5067 tenebrosam,
3334 5001 3423 5055 ubi
3459 4999 3578 5054 sine

2001 5093 2122 5149 cibo
2152 5102 2206 5148 et
2246 5102 2371 5163 potu
2408 5108 2509 5162 per
2537 5099 2744 5161 septem
2794 5092 2910 5147 dies
2959 5092 3194 5147 mansit:
3224 5099 3408 5161 postea
3446 5102 3579 5142 vero

2001 5185 2199 5242 levavit
2237 5200 2358 5239 eam
2408 5185 2460 5238 in
2502 5183 2821 5253 equuleum,
2876 5194 2930 5239 et
2970 5184 3044 5240 ibi
3092 5192 3339 5250 torquere
3390 5178 3575 5249 jussit,

2002 5278 2173 5332 donec
2198 5278 2471 5331 emitteret
2500 5274 2769 5344 spiritum,
2805 5282 2862 5328 et
2893 5276 2972 5329 sic
2999 5271 3349 5344 pmcipitavit
3373 5283 3491 5323 eam
3518 5268 3577 5321 in

2002 5365 2260 5431 cloacam,
2292 5380 2453 5434 quam
2501 5371 2718 5420 sanctus
2764 5363 3082 5418 Nicomedes
3126 5362 3405 5432 presbyter
3434 5358 3577 5424 tulit,

1996 5492 2346 5534 successores
2366 5494 2396 5532 a
2422 5478 2583 5535 Petro
2621 5479 2688 5534 ad
2719 5479 2989 5535 Victorem
3016 5491 3325 5534 recensens.
3353 5475 3437 5529 vel
3462 5474 3585 5529 Cle-

1996 5559 2110 5604 tum
2149 5548 2232 5602 vel
2272 5548 2594 5603 Anacletum
2636 5549 2824 5604 debuit
2864 5550 3133 5603 omittere.
3184 5547 3261 5601 De
3313 5545 3585 5600 Anacleto

1992 5618 2136 5673 nulla
2160 5619 2362 5673 mentio
2392 5619 2444 5672 in
2484 5619 2702 5674 Canone
2738 5620 2935 5674 missm.
2981 5617 3107 5672 Sive
3153 5616 3513 5686 distinguatur
3540 5630 3581 5668 δ

1988 5690 2162 5751 Cleto,
2192 5689 2305 5742 sive
2330 5704 2492 5743 unum
2515 5691 2868 5757 eumdemque
2899 5687 3065 5743 facias
3086 5703 3210 5742 cum
3238 5685 3349 5752 illo,
3378 5693 3575 5741 neuter

1991 5759 2165 5830 attigit
2195 5759 2621 5829 persecutionem
2651 5758 2955 5814 Domitiani.
2982 5758 3145 5814 Basn.
