4028 6196
500 298 624 355 llz'il

1161 296 1221 348 Β.
1261 292 1513 348 RABANI
1555 292 1770 348 MAURI
1806 286 2120 344 ARCHIEP.
2159 286 2462 342 MOGUNT.
2501 285 2781 342 OPERUM
2818 283 2998 339 PARS
3035 283 3098 338 Il.

3605 286 3742 341 “52

498 421 551 466 et
589 409 831 480 sepelivit
868 425 986 464 eam
1028 408 1255 478 septimo
1300 404 1550 460 milliario
1579 404 1647 458 ab
1691 403 1822 456 urbe
1866 401 2054 454 Roma.
2085 414 2136 470 Α
2161 396 2372 460 sistitis,
2426 411 2534 450 non
2563 393 2914 450 dissimulabo
2953 393 3347 448 fabricandum.
3380 394 3516 448 Nam
3543 411 3744 468 corpus

499 501 651 568 Quod
681 500 902 554 audiens
935 498 1226 568 praedictus
1264 509 1466 561 comes,
1507 495 1670 565 jussit
1713 492 2066 561 comprehen-

498 591 625 647 dere
668 592 843 661 ipsum
898 589 1236 644 Nicomedem
1287 588 1678 658 presbyterum,
1739 594 1794 640 et
1829 585 1953 639 duci
1998 582 2066 636 ad

497 681 942 745 sacriﬁcandum;
973 681 1114 749 quod
1143 695 1264 734 cum
1304 678 1483 732 facere
1531 677 1718 742 nollet,
1757 675 1920 744 jussit
1943 690 2067 729 eum

499 771 787 842 plumbatis
831 771 984 834 czedi,
1030 771 1199 824 donec
1243 769 1512 823 emitteret
1552 767 1820 837 spiritum.
1859 764 2068 833 Corpus

499 877 626 916 vero
677 861 794 930 ejus
850 863 904 915 in
954 861 1192 917 Tiberim
1245 861 1634 930 przecipitatum
1679 866 1791 923 est,
1839 856 2069 912 clericus

498 967 630 1006 vero
681 950 920 1020 ejusdem
963 953 1287 1023 presbyteri,
1325 952 1540 1006 nomine
1580 958 1635 1005 et
1670 963 1831 1019 opere
1865 947 2064 1011 Justus,

499 1042 713 1114 collegit
755 1058 949 1112 corpus
970 1043 1104 1112 ejus,
1147 1054 1201 1098 et
1235 1043 1479 1114 sepelivit
1523 1057 1645 1098 eum
1681 1042 1833 1110 juxta
1863 1056 2068 1107 muros,

499 1134 584 1186 via
619 1132 972 1188 Nomentana.

573 1221 734 1276 XVIII
767 1223 898 1277 KAL.
927 1223 1071 1278 Julii.
1127 1213 1287 1279 Elisei
1337 1225 1640 1294 prophetae,
1672 1230 1726 1276 et
1766 1222 2074 1277 Suessionis

503 1309 719 1365 civitate
767 1313 949 1380 passio
995 1323 1303 1368 sanctorum
1329 1313 1526 1367 Valerii
1557 1322 1610 1367 et
1644 1313 1820 1366 Ruﬁni
1864 1320 2070 1381 marty-

505 1416 646 1454 rum.
1779 1463 1799 1478 .

577 1490 715 1544 XVII
744 1489 876 1545 KAL.
921 1490 1182 1547 Nativitas
1220 1493 1390 1547 sancti
1418 1493 1522 1547 Viti
1549 1492 1820 1561 martyris,
1848 1491 1940 1560 qui
1974 1493 2074 1547 sub

506 1581 838 1635 Diocletiano
867 1591 920 1636 et
952 1581 1058 1654 (F.
1087 1583 1386 1654 redundat)
1417 1582 1687 1636 Antonino
1731 1583 2073 1651 imperatori-

506 1669 607 1723 bus
645 1670 840 1723 multas
881 1671 1104 1725 virtutes
1147 1681 1398 1740 operatus
1431 1680 1531 1726 est.
1579 1671 1702 1726 Fuit
1738 1673 1878 1726 enim
1921 1681 2076 1742 pater

2166 499 2342 537 meum
2363 481 2517 549 juxta
2548 482 2987 536 Aurelianensem
3019 482 3204 537 urbem
3235 498 3266 536 a
3298 482 3528 539 Domino
3554 486 3745 543 decre-

2166 582 2280 628 tum
2322 583 2408 629 est
2428 573 2818 628 collocandum.
2850 594 2868 624 ›
2896 573 2994 628 Hic
3023 583 3206 628 autem
3233 584 3455 630 sanctus
3491 577 3586 630 Dei
3616 578 3744 633 dum

2168 664 2518 734 temporalem
2551 665 2714 718 vitam
2751 662 2946 728 ﬁnivit,
2984 663 3111 718 licet
3141 664 3321 734 populi
3350 665 3492 719 inter
3527 682 3586 721 se
3617 683 3746 722 con-

2167 752 2411 824 ﬂigerent
2439 755 2506 808 de
2547 753 2792 823 corporis
2827 752 2943 821 ejus
2984 754 3284 824 sepultura,
3327 755 3748 813 Aurelianenses

2169 853 2348 898 tamen
2395 844 2626 898 victores
2667 843 2720 897 id
2768 855 2949 897 secum
3001 852 3330 912 rapuerunt;
3381 859 3545 914 super
3592 846 3748 914 cujus

2171 931 2432 986 tumulum
2480 930 2776 985 Hiltiberus
2806 945 2900 984 rex
2925 930 3260 984 Francorum
3287 931 3572 986 ecclesiam
3617 936 3747 990 aedi-

2169 1021 2368 1086 ﬁcavit,
2403 1030 2458 1076 et
2493 1020 2798 1091 sepulcrum
2838 1021 3008 1090 ipsius
3039 1023 3292 1090 pretiosis
3319 1023 3553 1080 metallis
3593 1025 3746 1080 ador-

2171 1115 2340 1168 navit.

2244 1205 2360 1260 XIV
2386 1206 2519 1260 KAL.
2549 1205 2754 1270 Romae,
2787 1205 2952 1261 Marci
2979 1214 3034 1261 et
3059 1205 3388 1276 Marcelliani
3419 1217 3742 1279 martyrum,

2173 1299 2282 1367 qui,
2325 1299 2656 1367 temporibus
2699 1298 3014 1352 Diocletiani
3052 1307 3109 1352 et
3155 1298 3484 1363 Maximiani,
3521 1316 3620 1369 per
3653 1302 3746 1357 Se-

2173 1393 2477 1447 bastianum
2505 1393 2730 1446 militem
2755 1391 2953 1446 Christi
2985 1408 3014 1446 a
3045 1391 3410 1447 blandimento
3440 1408 3581 1446 vano
3625 1409 3749 1447 mu-

2175 1485 2365 1538 lierum
2404 1484 2660 1548 revocati,
2715 1499 2778 1538 ac
2821 1499 2953 1538 sano
2992 1485 3238 1555 dogmate
3282 1485 3601 1551 confortati,
3653 1501 3752 1557 pro

2176 1582 2391 1636 nomine
2417 1580 2617 1636 Christi
2661 1581 2804 1649 passi
2844 1588 2988 1633 sunt.
3028 1579 3224 1634 Eodem
3253 1579 3341 1634 die
3379 1581 3433 1632 in
3464 1581 3750 1635 Antiochia

2178 1673 2480 1727 celebratur
2525 1671 2704 1740 passio
2754 1670 2973 1724 Marium
3019 1670 3262 1741 virginis,
3307 1686 3428 1740 qua:
3475 1687 3576 1741 per
3627 1670 3753 1742 Oly-

507 1757 622 1825 ejns
646 1756 808 1828 Hylas
848 1761 1082 1826 nomine,
1124 1761 1418 1830 sacrilegus
1446 1769 1501 1814 et
1545 1761 1759 1831 impius,
1793 1762 1884 1830 qui
1921 1761 2074 1829 jussu
2110 1758 2152 1815 Β
2180 1767 2354 1820 brium
2383 1763 2692 1834 praefectum
2730 1761 2894 1815 multa
2927 1769 3189 1816 tormenta
3233 1777 3391 1831 passa
3421 1772 3506 1817 est
3530 1779 3629 1832 pro
3658 1779 3753 1817 no-

509 1849 808 1919 principum
840 1851 1006 1904 voluit
1035 1867 1157 1905 eum
1189 1861 1432 1906 avertere
1458 1868 1490 1905 a
1520 1852 1728 1907 cultura
1758 1868 1899 1907 verae
1942 1853 2078 1906 divi-

510 1938 711 2002 nitatis,
763 1940 856 1994 sed
905 1957 1038 2010 puer
1082 1950 1301 1996 sanctus
1329 1943 1622 2011 permansit
1660 1944 1712 1996 in
1744 1941 2080 1998 confessione

513 2039 653 2079 vera:
675 2025 815 2092 ﬁdei,
839 2039 955 2081 erat
977 2030 1117 2082 enim
1145 2045 1406 2084 annorum
1431 2031 1732 2085 duodecim.
1757 2030 1891 2085 Nam
1915 2031 2079 2085 multa

513 2121 781 2168 tormenta
807 2131 903 2184 pro
924 2116 1142 2172 Christo
1170 2135 1360 2188 passus
1385 2129 1469 2174 est
1495 2136 1615 2174 cum
1648 2119 1885 2175 Modesto
1906 2122 2082 2189 pteda-

513 2220 650 2275 gogo
695 2220 810 2267 suo,
859 2216 912 2261 et
939 2206 1250 2262 Crescentia
1290 2211 1558 2280 papatissa
1594 2226 1710 2264 sua.
1759 2209 1893 2264 Nam
1937 2212 2083 2266 misit

513 2312 608 2351 eos
654 2307 967 2366 persecutor
1001 2301 1054 2354 in
1084 2316 1378 2368 carcerem,
1411 2313 1466 2357 et
1505 2301 1558 2356 in
1590 2303 1860 2357 clibanum
1892 2304 2082 2359 arden-

517 2397 625 2443 tem
658 2405 781 2444 cum
825 2390 1064 2460 plumbo,
1103 2393 1283 2448 resina
1327 2402 1382 2447 et
1424 2394 1564 2463 pice,
1615 2396 1710 2449 sed
1749 2410 1854 2449 non
1902 2396 2086 2450 nocuit

515 2495 610 2537 eos
647 2482 802 2551 ignis,
851 2498 950 2538 nec
985 2483 1169 2538 leones
1199 2484 1252 2538 in
1282 2485 1390 2539 ullo
1414 2500 1509 2540 eos
1539 2501 1735 2541 nocere
1773 2494 2080 2555 potuerunt.

517 2569 815 2626 Novissime
852 2587 978 2627 vero
1000 2571 1153 2641 juxta
1183 2572 1400 2628 ﬂuvium
1428 2575 1520 2644 qui
1550 2576 1744 2630 dicitur
1774 2575 1913 2631 Siler
1937 2578 2087 2645 quie-

519 2672 731 2717 sccntes
770 2663 870 2718 sub
905 2664 1104 2720 arbore
1151 2666 1358 2722 animas
1404 2682 1530 2721 suas
1575 2667 1799 2723 Domino
1838 2667 2084 2724 reddide-

519 2762 663 2806 runt.

589 2843 705 2899 XVI
743 2843 876 2898 ΚΑΙ..
911 2845 1150 2902 Ferreoli
1188 2848 1485 2919 presbyteri
1515 2856 1570 2903 et
1606 2848 1940 2904 Ferrutionis
1969 2849 2087 2903 dia-

2179 1857 2322 1911 mine
2349 1856 2566 1919 Christi,
2601 1853 2833 1918 vincula,
2870 1868 3137 1917 carceres,
3164 1853 3391 1922 ﬂagella,
3421 1855 3748 1922 equuleum:

2179 1963 2340 2016 quam
2378 1957 2433 1999 et
2462 1944 2705 2000 diabolus
2745 1944 2798 1998 in
2837 1942 3084 1998 draconis
3115 1943 3294 2011 specie
3325 1943 3577 1998 similiter
3615 1951 3669 1998 et
3699 1945 3749 1998 in

2180 2036 2452 2106 EthiOpis
2495 2034 2720 2089 tentavit
2757 2022 2812 2087 et
2854 2033 3170 2088 subvertere
3195 2032 3381 2096 voluit,
3431 2033 3526 2087 sed
3557 2048 3654 2102 per
3679 2035 3754 2086 si-

2181 2142 2343 2197 gnum
2377 2133 2575 2179 sanctae
2604 2124 2781 2178 crucis
2821 2122 3086 2193 eﬂ‘ugatus
3111 2131 3164 2177 et
3191 2131 3477 2193 superatus
3512 2134 3615 2178 est.
3642 2124 3750 2178 No-

2183 2216 2399 2270 vissime
2452 2229 2582 2267 vero
2621 2229 2717 2282 per
2760 2213 3077 2282 praedictum
3120 2211 3432 2282 praefectum
3469 2213 3755 2282 decollata,

2183 2321 2302 2361 cum
2334 2320 2489 2359 sacro
2525 2304 2785 2374 martyrio
2811 2303 2976 2356 vitam
3006 2302 3198 2356 ﬁnivit.

2255 2395 2368 2450 XIII
2416 2395 2550 2450 ΚΑΙ..
2591 2393 2912 2449 Sanctorum
2942 2393 3182 2449 Gervasii
3220 2405 3272 2449 et
3303 2394 3529 2450 Protasii
3561 2395 3618 2451 in
3647 2395 3759 2454 Me-

2185 2487 2415 2554 diolano,
2465 2501 2692 2554 quorum
2739 2483 2987 2554 sepulcra
3031 2483 3367 2548 Ambrosius,
3416 2485 3645 2544 Domino
3674 2502 3761 2542 re-

2183 2553 2416 2640 velanth
2452 2553 2677 2643 reperit,
2735 2553 2805 2628 ac
2839 2574 2911 2627 ita
2947 2573 3258 2643 incorrupta
3295 2590 3482 2628 eorum
3527 2591 3759 2645 corpora

2185 2682 2251 2721 ac
2291 2667 2337 2720 si
2378 2667 2567 2720 eodem
2602 2665 2688 2718 die
2729 2664 2952 2720 fuissent
2998 2665 3302 2734 interempti
3331 2680 3487 2733 :qua:
3533 2682 3655 2720 cum
3702 2669 3755 2721 in

2185 2758 2372 2812 urbem
2427 2758 2914 2822 introducerentur,
2960 2757 3179 2826 quidam
3220 2758 3308 2811 diu
3352 2773 3525 2814 caecus
3571 2757 3758 2815 feretri

2187 2853 2332 2900 tactu
2369 2845 2546 2900 lumen
2578 2845 2808 2914 recepit;
2853 2845 2996 2914 passi
3035 2853 3163 2900 sunt
3191 2856 3369 2901 autem
3397 2849 3570 2901 sancti
3608 2864 3754 2902 mar-

520 2934 643 2988 cuni
695 2935 748 2988 in
797 2934 1016 2988 civitate
1061 2936 1378 2991 Visoncensi
1425 2936 1940 3009 [Vesontionensi],
1995 2937 2090 3006 qui
2188 2940 2334 3005 tyres
2355 2933 2664 2998 Cervasius,
2697 2943 2752 2988 et
2774 2933 3050 2988 Protasius
3072 2936 3172 2989 sub
3208 2935 3465 2989 Astachio
3493 2935 3758 3009 [Astasioj

520 3024 619 3077 sub
649 3022 870 3078 Claudio
899 3021 1080 3090 judice
1115 3026 1181 3077 ad
1215 3025 1440 3080 trocleas
1484 3027 1689 3080 extenti
1728 3034 1783 3080 et
1817 3025 2083 3096 ﬁagellati,

2188 3025 2401 3088 cernite,
2428 3026 2517 3094 qui
2543 3024 2855 3078 Gervasium
2877 3025 3038 3094 jussit
3060 3025 3243 3079 tandiu
3265 3025 3555 3095 plumbatis
3581 3029 3753 3093 tundi,

519 3118 709 3172 deinde
738 3119 789 3171 in
820 3133 1097 3174 carcerem
1139 3118 1354 3184 seclusi,
1381 3127 1436 3175 et
1464 3135 1622 3175 mane
1666 3121 1958 3192 amputatis
1987 3121 2087 3174 lin—
2113 3093 2157 3156 Ο
2189 3129 2466 3183 quousque
2513 3114 2760 3183 spiritum
2788 3113 3098 3178 exhalaret.
3145 3123 3200 3168 el
3233 3114 3536 3170 Pl‘0lasium
3578 3119 3758 3188 capite

519 3211 636 3277 guis
663 3209 1026 3278 praedicabant
1046 3211 1268 3264 verbum
1303 3211 1396 3265 Dei
1425 3229 1438 3265 :
1467 3220 1587 3282 post
1621 3213 1736 3267 haec
1761 3211 1962 3266 subulae
1992 3213 2087 3265 tri-

519 3282 666 3368 ginta
709 3301 920 3370 utrique
967 3300 1144 3355 inﬁxm
1185 3301 1237 3355 in
1282 3303 1530 3357 manibus
1567 3310 1620 3358 et
1661 3303 1885 3372 pedibus
1913 3311 1968 3357 et
1993 3319 2084 3374 pe-

518 3397 664 3441 ctore
693 3403 706 3440 :
738 3389 805 3442 ad
842 3387 1086 3442 ultimum
1119 3389 1293 3460 gladio
1331 3390 1618 3444 feriuntur.
1661 3389 1726 3443 Et
1775 3391 1827 3444 in
1867 3391 2086 3446 civitate

521 3476 856 3548 Moguntiaco
906 3479 1084 3547 passio
1131 3487 1442 3534 sanctorum
1499 3479 1661 3533 Aurei
1713 3480 1988 3550 episcOpi,
2033 3488 2087 3534 ct

517 3567 741 3624 Justina:
762 3571 963 3624 sororis
994 3570 1130 3640 ejus,
1159 3571 1249 3639 qui
1276 3572 1343 3625 ab
1366 3570 1574 3626 llunnis
1596 3571 1931 3625 vastantibus
1950 3585 2088 3641 pra:-

519 3660 717 3716 dictam
745 3661 1017 3716 civitatem
1045 3663 1098 3716 in
1128 3661 1352 3716 ecclesia
1372 3662 1534 3716 occisi
1567 3671 1713 3717 sunt.

592 3751 684 3805 XV
707 3750 839 3805 ΚΜ..
873 3751 928 3805 In
954 3750 1255 3806 Aurelianis
1277 3752 1491 3807 civitate
1511 3753 1682 3806 sancti
1710 3751 1851 3806 Aviti
1875 3753 2091 3824 presby-

524 3839 640 3902 teri,
674 3839 826 3908 cujus
848 3841 954 3895 vita
983 3841 1256 3896 miraculis
1280 3843 1618 3897 coruscabat.
1649 3841 1782 3897 Nam
1804 3843 1924 3898 ideo
1950 3843 2085 3898 scri-

518 3937 668 3998 ptum
714 3937 798 3985 est
844 3929 986 4000 quod
1036 3931 1086 3984 in
1128 3932 1404 3986 nativitate
1447 3933 1563 4002 ejus
1610 3932 1786 3987 lumen
1839 3934 1905 3988 de
1951 3933 2088 3987 caalo

520 4021 774 4074 emissum
804 4029 968 4084 esset,
998 4030 1055 4074 ut
1084 4031 1326 4076 sanctum
1369 4037 1490 4075 enm
1521 4022 1934 4076 demonstraret.
1965 4021 2085 4087 llic,

521 4110 816 4164 monachus
855 4109 1044 4173 factus,
1097 4111 1435 4165 solitudinem
1468 4113 1756 4181 expetivit;
1799 4112 1870 4166 ibi
1921 4113 2087 4165 mira-

521 4199 658 4254 culis
709 4197 867 4254 factis
919 4199 1128 4271 populis
1181 4215 1339 4255 verus
1389 4201 1479 4256 Dei
1537 4201 1768 4256 famulus
1821 4201 2085 4271 innotuit,

521 4301 706 4364 postea
754 4305 879 4345 vero
916 4267 1298 4346 monasterium
1326 4291 1395 4346 ibi
1432 4292 1730 4345 construxit
1763 4310 1776 4345 :
1808 4267 1909 4346 iste
1949 4307 2086 4362 quo-

2190 3204 2352 3270 caadi;
2385 3218 2611 3272 quorum
2659 3212 2811 3273 pater
2840 3204 3030 3258 Vitalis
3073 3205 3190 3269 fuit,
3220 3214 3274 3260 et
3318 3216 3491 3261 mater
3519 3207 3753 3264 Valeria.

2186 3293 2462 3357 Paulinus,
2512 3293 2810 3348 consularis
2835 3294 2939 3359 vir,
2962 3293 3125 3363 jussit
3167 3305 3412 3350 sanctum
3445 3297 3671 3353 Vitalem
3705 3303 3759 3354 in

2187 3387 2416 3456 equuleo
2439 3387 2689 3456 suspendi
2713 3397 2766 3442 et
2803 3388 2856 3441 in
2889 3396 3110 3458 puteum
3137 3389 3348 3459 projici,
3398 3400 3454 3446 et
3498 3393 3582 3446 sic
3620 3393 3758 3447 Deus

2188 3475 2416 3531 Vitalem
2445 3485 2734 3546 martyrem
2762 3481 3117 3534 consecravit.
3165 3479 3373 3535 Valeria
3396 3492 3577 3536 autem
3614 3492 3759 3538 tenta

2187 3575 2271 3622 est
2298 3583 2326 3621 a
2353 3568 2599 3637 paganis,
2627 3575 2680 3622 et
2725 3569 2905 3623 tandiu
2942 3569 3010 3623 ab
3052 3570 3156 3624 illis
3193 3586 3329 3626 czesa
3359 3581 3473 3638 est,
3517 3575 3591 3625 ita
3620 3582 3677 3626 ut
3705 3574 3757 3627 in

2189 3657 2367 3711 triduo
2394 3659 2653 3728 migraret
2677 3659 2744 3713 ad
2770 3656 3063 3714 Christum.
3097 3659 3281 3716 Roma:
3312 3663 3566 3716 nativitas
3612 3663 3759 3718 Ursi-

2187 3748 2294 3803 cini
2322 3749 2596 3818 martyris.

2257 3837 2348 3890 Xll
2377 3837 2510 3892 KAL.
2543 3839 2849 3894 Translatio
2877 3841 3052 3895 sancti
3080 3841 3311 3897 Zenonis
3341 3843 3617 3913 martyris.

2259 3929 2324 3982 XI
2353 3929 2483 3984 ΚΜ..
2533 3930 2588 3984 In
2613 3931 2883 4001 Moguntia
2918 3935 3115 3989 natalis
3146 3935 3333 3989 Albani
3367 3936 3641 4006 martyris,
3668 3937 3762 4006 qui

2188 4019 2288 4074 sub
2315 4019 2616 4075 Theodosio
2644 4023 2969 4091 imperatore
2996 4023 3060 4078 de
3086 4025 3255 4079 insula
3283 4023 3496 4079 Namsia
3526 4040 3764 4095 pergens

2187 4124 2310 4163 cum
2351 4118 2534 4164 sancto
2561 4109 2862 4166 Theonesto
2908 4121 2962 4166 et
3015 4111 3154 4168 Urso
3195 4112 3549 4168 Mediolanum
3590 4114 3762 4180 venit,

2187 4199 2420 4269 indeque
2445 4199 2651 4265 exiens,
2674 4202 2968 4256 auxiliante
2994 4203 3245 4268 Domino,
3269 4205 3515 4273 pervenit
3543 4204 3609 4258 ad
3633 4203 3764 4258 Gal-

2148 4279 2306 4356 'lias,
2337 4298 2392 4345 et
2425 4289 2478 4344 in
2514 4291 2736 4345 servitio
2779 4293 2872 4346 Dei
2923 4308 3145 4348 manens
3187 4294 3255 4348 ad
3301 4295 3620 4364 martyrium
3664 4309 3766 4363 pro

521 4399 625 4453 que
671 4383 955 4453 quemdam
1009 4383 1327 4438 monachum
1374 4383 1685 4438 defunctum
1726 4383 1777 4437 in
1824 4383 2086 4448 ecclesia,
2113 4381 2406 4483 Dnomine
2451 4379 2747 4436 Salvatoris
2791 4392 3092 4453 promptus.
3142 4383 3432 4454 Postquam
3484 4393 3666 4438 autem
3707 4386 3765 4439 in

522 4472 730 4526 cmteris
766 4470 1021 4525 fratribus
1061 4485 1248 4525 somno
1294 4471 1549 4539 gravatis,
1596 4470 1836 4524 oratione
1874 4469 1990 4524 fusa
2018 4471 2086 4526 ad
2113 4469 2161 4483 ν
2189 4471 2427 4542 Augusta
2466 4472 2686 4526 civitate
2732 4475 2924 4528 beatus
2960 4474 3130 4529 Ursus
3174 4475 3490 4546 martyrium
3531 4477 3763 4546 accepit,

523 4562 806 4617 Dominum
853 4577 883 4616 a
931 4571 1104 4616 morte
1150 4562 1446 4617 suscitavit.
1496 4561 1708 4616 Interea
1753 4561 1971 4631 quidam
2019 4575 2087 4616 ex

522 4652 769 4708 Turiensi
811 4663 1011 4718 castro,
1057 4669 1154 4724 pro
1181 4652 1295 4721 ejus
1337 4652 1614 4724 plebiculae
1642 4651 1832 4716 salute,
1875 4667 2089 4707 corum-

522 4755 625 4812 que
651 4743 913 4814 legatione
954 4741 1179 4813 fungens
1216 4744 1282 4797 ad
1321 4753 1565 4798 sanctum
1605 4742 1820 4796 Avitum
1866 4742 2088 4798 devotus

523 4833 769 4896 accessit,
805 4833 1094 4888 obsecrans
1123 4849 1245 4888 eum
1271 4843 1329 4888 ut
1355 4849 1548 4902 corpus
1582 4849 1735 4888 suum
1762 4834 1831 4888 ob
1865 4833 2086 4887 tutelam

522 4921 626 4976 loci
658 4921 823 4990 ipsius
863 4924 1024 4976 castri
1057 4923 1164 4978 illic
1209 4924 1525 4978 concederet
1555 4925 1923 4978 tumulandum
1959 4924 2086 4978 :cui

522 5014 736 5084 dignam
763 5011 1020 5068 fabricam
1058 5017 1227 5070 modis
1252 5017 1499 5070 onmibus
1528 5017 1728 5070 nomini
1759 5030 1857 5070 suo
1885 5015 2087 5085 promi-

521 5104 593 5160 sit
633 5103 1066 5160 construendam.
1108 5104 1177 5158 At
1205 5106 1291 5158 ille
1318 5107 1591 5175 indignum
1618 5120 1738 5161 esse
1767 5105 1964 5161 fatetur
1991 5107 2088 5160 ho-

521 5197 720 5250 minem
775 5204 1137 5265 peccatorem,
1191 5211 1254 5250 ac
1299 5197 1480 5252 multis
1521 5197 1839 5252 criminibus
1881 5197 2088 5252 involu-

524 5291 658 5350 tum,
711 5287 810 5341 sub
853 5285 1168 5356 templorum
1220 5287 1451 5358 tegmine
1495 5287 1910 5351 recondendum,
1959 5287 2088 5356 quin

520 5376 698 5446 potius
727 5376 928 5445 campis
951 5376 1255 5445 patentibus
1286 5378 1351 5430 ad
1381 5375 1612 5430 futuram
1638 5377 2088 5430 examinationem

521 5481 642 5521 ossa
676 5466 952 5520 bumiliata
985 5466 1173 5520 tellure
1209 5465 1309 5520 sub
1339 5465 1478 5520 fossa
1522 5467 1709 5520 deceat
1744 5465 2084 5535 reponenda;

523 5556 761 5624 dixitque
805 5556 876 5610 illi
908 5575 920 5611 :
954 5575 972 5607 ι
1003 5558 1203 5612 Tamen
1245 5566 1303 5612 ut
1342 5557 1522 5612 cordis
1550 5557 1716 5610 vestri
1761 5556 1903 5627 quod
1941 5564 2093 5626 optat

525 5644 769 5700 voluntas
797 5647 1058 5711 obtineat,
1106 5648 1358 5717 templum
1396 5646 1448 5700 in
1485 5645 1578 5700 Dei
1623 5645 1860 5712 nomine,
1894 5646 1937 5700 si
1969 5661 2088 5715 pcr-

2189 4559 2525 4617 Tbeonestus
2586 4577 2709 4617 cum
2758 4563 2966 4619 Albano
3019 4565 3415 4636 Mogontiacum
3474 4569 3764 4636 pervenit,

2188 4649 2421 4720 dumque
2460 4651 2532 4706 ibi
2559 4652 2876 4721 praedicaret
2903 4656 3128 4709 verbum
3157 4655 3269 4719 Dei,
3302 4656 3563 4721 Albanus,
3605 4657 3768 4710 disci-

2187 4738 2345 4807 pulus
2390 4737 2527 4808 ejus,
2567 4740 2888 4811 martyrium
2908 4742 3163 4813 explevit,
3214 4753 3270 4799 et
3294 4743 3535 4813 sepultus
3567 4753 3654 4799 est
3691 4745 3767 4799 ibi

2183 4825 2338 4896 juxta
2369 4827 2664 4882 civitatem.

2263 4916 2309 4970 X
2340 4917 2472 4972 KAL.
2519 4915 2705 4972 Jacobi
2752 4918 2956 4987 Alphaai
2999 4921 3245 4990 apostoli,
3289 4934 3344 4977 et
3394 4925 3447 4977 in
3488 4923 3765 4977 Britannia

2191 5008 2362 5063 sancti
2414 5008 2606 5063 Albani
2659 5009 2947 5080 martyris,
3009 5012 3102 5080 qui
3152 5021 3390 5082 tempore
3446 5011 3765 5066 Diocletiani

2191 5101 2244 5155 in
2294 5099 2598 5156 Verolamio
2645 5101 2893 5166 civitate,
2951 5111 3071 5172 post
3120 5104 3346 5157 verbera
3394 5112 3449 5158 et
3493 5111 3765 5157 tormenta

2191 5189 2405 5256 acerba,
2452 5190 2627 5260 capite
2676 5190 2865 5260 plexus
2910 5201 3026 5248 est:
3058 5193 3152 5247 sed
3201 5193 3291 5247 illo
3334 5194 3386 5247 in
3439 5203 3642 5247 terram
3679 5209 3768 5248 ca-

2192 5282 2371 5347 dente,
2399 5281 2537 5338 oculi
2577 5280 2690 5349 ejus
2721 5283 2813 5353 qui
2845 5299 2966 5340 eum
2992 5285 3279 5353 percussit,
3322 5287 3524 5354 pariter
3559 5286 3769 5340 cecide-

2192 5383 2318 5428 runt
2347 5392 2358 5427 :
2393 5389 2584 5444 passus
2607 5381 2692 5429 est
2721 5390 2843 5430 cum
2897 5375 2986 5430 illo
3012 5376 3174 5431 etiam
3219 5392 3357 5431 unus
3384 5377 3450 5431 de
3478 5376 3763 5434 militibus,

2191 5478 2257 5518 eo
2277 5464 2419 5533 quod
2458 5478 2580 5517 eum
2631 5462 2794 5519 ferire
2839 5465 3073 5520 noluerit
3113 5466 3314 5536 jussus,
3357 5465 3544 5520 divino
3582 5465 3764 5533 utique

2190 5552 2511 5623 perterritus
2532 5541 2812 5618 miraculo,
2841 5555 2965 5625 quia
2995 5556 3200 5610 viderat
3223 5558 3438 5612 beatum
3469 5564 3764 5625 martyrem

2194 5643 2317 5708 sibi,
2346 5646 2471 5698 dum
2511 5643 2577 5698 ad
2605 5657 2862 5699 coronam
2908 5645 3150 5714 martyrii
3191 5651 3526 5715 properaret,
3558 5643 3771 5698 alveum
