4028 6196
274 363 423 422 “53

1599 347 2229 408 MARTYROIDGIUM.

3407 339 3542 412 1154
3615 333 3618 335 ’

270 477 458 538 amnis
501 470 805 542 interpositi
831 471 1044 529 orando
1083 467 1517 525 transmeabilem
1549 465 1864 520 reddidisse.
1896 465 1943 523 Α
1973 468 2213 530 tempore
2243 456 2587 527 pontificatus
2630 456 2713 511 sui
2749 455 2913 510 multa
2943 456 3194 525 dogmata
3221 453 3369 510 utilia
3400 453 3550 520 fecit,

276 579 335 632 in
369 568 588 625 civitate
607 579 736 619 vero
762 561 898 618 Nola
928 562 1124 617 natalis
1148 559 1356 616 Paulini
1375 557 1609 628 episcopi
1641 563 1698 609 et
1733 568 1864 607 con-

277 660 545 724 fessoris,
597 657 662 712 de
715 669 820 725 que
878 654 1172 726 Gregorius
1220 653 1274 708 in
1326 651 1467 706 libro
1523 647 1868 717 Dialogorum

279 761 492 808 narrat.

357 839 426 895 IX
462 839 596 896 KAL.
623 837 841 894 Sanctze
888 839 1190 910 Edildryda:
1240 833 1613 908 [Edildrudis]
1645 831 1872 899 virginis

279 941 337 986 et
366 929 566 1001 reginae
612 928 666 981 in
699 926 1005 992 Britannia,
1052 925 1206 996 cujus
1235 940 1455 993 corpus,
1485 937 1607 978 cum
1637 919 1871 976 sedecim

283 1023 442 1083 annis
487 1029 630 1076 esset
687 1021 978 1091 sepultum,
1029 1019 1400 1088 incorruptum
1444 1025 1529 1071 est
1575 1014 1870 1068 inventura.

288 1116 482 1188 Vigilia
511 1116 690 1170 sancti
723 1112 946 1168 Joannis
972 1111 1250 1181 Baptistae.

359 1223 493 1278 Vill.
546 1225 680 1280 KAL.
732 1221 996 1276 Nativitas
1041 1219 1393 1291 praecursoris
1442 1216 1776 1279 Domini,-,et
1817 1207 1880 1274 in

288 1313 517 1384 Epheso
555 1313 866 1370 dormitatio
905 1310 1081 1366 sancti
1123 1307 1344 1364 Joannis
1374 1305 1600 1377 apostoli
1623 1313 1679 1359 et
1707 1306 1877 1359 evan-

288 1407 522 1479 gelistze.
557 1406 763 1470 Romae,
796 1403 979 1468 Fusci,
1007 1399 1200 1456 Luceae
1229 1415 1354 1456 cum
1384 1398 1505 1452 aliis
1530 1395 1720 1466 viginti
1747 1393 1874 1449 duo.

290 1501 352 1553 in
393 1497 613 1553 civitate
656 1494 1045 1563 Augustoduno
1069 1487 1332 1558 depositio
1355 1485 1528 1542 sancti
1556 1482 1839 1554 Simplicii.

367 1587 458 1642 Vll
504 1585 640 1641 KAL.
689 1582 1111 1646 Thessaloniezn,
1147 1578 1339 1650 Bigati,
1378 1576 1628 1632 Cantani.
1671 1575 1874 1639 Romae,

291 1677 477 1733 aniaa
502 1675 730 1746 virginis
757 1681 813 1728 et
833 1673 1012 1729 Aceize
1036 1671 1197 1740 regis.

1969 562 2025 610 et
2048 567 2264 608 errores
2291 551 2480 606 noxios
2516 551 2584 605 ab
2609 550 2846 604 Ecclesia
2871 549 2965 603 Dei
2993 547 3216 617 expulit.

2035 643 2100 698 lll
2130 642 2268 697 KAL.
2299 641 2482 695 Romae
2517 641 2698 710 passio
2728 633 3038 694 sanctOrum
3063 636 3424 706 apostolorum
3447 634 3552 695 Pe-

1883 739 1898 757 ‘
1970 734 2037 789 tri
2068 743 2122 788 et
2153 732 2328 797 Pauli,
2357 731 2470 800 qui,
2521 731 2620 786 sub
2656 729 2867 784 Nerone
2911 729 3235 796 imperatore
3276 725 3554 782 Simonem

1971 824 2182 895 Magum
2223 823 2520 886 vincentes,
2561 836 2668 875 uno
2710 820 3006 887 eodemque
3045 819 3131 873 die
3176 832 3274 888 pro
3333 816 3553 872 nomine

1970 916 2170 972 Christi
2193 916 2336 986 passi
2366 923 2509 968 sunt.
2538 913 2651 966 Hoc
2680 921 2764 966 est
2800 911 2954 980 jussu
2993 910 3232 980 prmdicti
3269 909 3554 979 imperato-

1973 1010 2049 1064 ris
2090 1007 2438 1079 nequissimi,
2479 1005 2674 1060 Petrus
2713 1004 2858 1059 cruci
2895 1002 3085 1057 affixus
3121 1011 3237 1067 est,
3267 1008 3323 1056 et
3357 999 3556 1055 Paulus

1974 1102 2149 1171 capite
2181 1101 2391 1170 plexus.

2044 1194 2085 1247 ll
2117 1192 2247 1246 KAL.
2279 1191 2338 1245 lu
2365 1188 2682 1260 Agrippina,
2725 1187 2980 1257 Asclepii,
3018 1185 3324 1257 Pamphili;
3374 1196 3429 1242 et
3455 1187 3559 1241 Le-

1975 1283 2219 1340 modicas
2251 1276 2626 1354 [Lemovicis]
2654 1278 2918 1348 depositio
2961 1279 3134 1332 sancti
3159 1277 3418 1332 Martialis
3445 1279 3562 1346 epi-

1978 1373 2126 1445 scopi
2153 1381 2208 1428 et
2230 1370 2576 1428 confessoris.

2559 1503 2956 1580 JULIUS.

2050 1638 2186 1694 Kan.
2217 1638 2380 1696 Juur.
2415 1639 2472 1694 In
2498 1646 2685 1694 monte
2727 1637 2839 1691 Hor
2863 1637 3134 1708 depositio
3163 1635 3342 1690 Aaron
3381 1651 3564 1691 sacer-

1983 1728 2144 1783 dotis.
2193 1728 2396 1783 Eodem
2441 1729 2526 1783 die
2577 1728 2760 1781 Roma:
2809 1733 3001 1782 octava
3057 1725 3271 1781 Luccia:
3317 1724 3559 1793 virginis,

372 1790 440 1846 Ἦ
489 1789 620 1887 “fu”
659 1787 888 1887 Joannis.
905 1794 960 1840 et
987 1784 1140 1887 5):?“
1171 1783 1643 1887 WW’FWT‘“
1667 1793 1880 1887 Pr'f‘f‘“
1912 1803 1958 1863 Β
1987 1818 2436 1883 sanctimonialis,
2479 1833 2602 1873 cum
2627 1817 2825 1872 Auceia
2857 1830 2982 1887 rege
3017 1831 3215 1886 sponso
3243 1831 3361 1880 suo,
3389 1783 3444 1868 et
3469 1829 3562 1868 na-

291 1882 642 1956 przepositus,
690 1879 960 1935 secundus
987 1876 1090 1931 fuit
1126 1874 1490 1946 primicerius,
1519 1872 1885 1927 Constantina:

293 1973 527 2045 virginis
584 1971 708 2026 tiliae
756 1967 1117 2031 Constantini,
1166 1964 1254 2034 qui
1293 1972 1481 2035 postea
1527 1962 1628 2017 sub
1673 1960 1886 2016 Juliano

296 2065 624 2135 martyrium
662 2061 856 2130 capitis
903 2057 1234 2114 abscissione
1283 2062 1617 2118 meruerunt,
1661 2067 1759 2122 per
1787 2051 1888 2106 Te-

295 2153 609 2211 rentianum
657 2149 1140 2221 campiductorem,
1188 2145 1281 2216 qui
1318 2144 1512 2200 deinde
1545 2141 1888 2197 Christianus

297 2243 485 2298 factus
514 2249 616 2298 est.

381 2351 421 2403 ν
453 2352 585 2406 Kac.
620 2350 862 2404 inventio
892 2363 1178 2416 corporum
1208 2353 1522 2402 sanctorum
1555 2342 1806 2398 Fusciani
1833 2349 1890 2396 et

305 2438 587 2502 Victorlci,
633 2446 796 2507 atque
832 2436 1082 2491 Gentiani
1124 2445 1447 2504 martyrum,
1488 2447 1608 2502 quae
1652 2432 1891 2486 revelata

301 2538 434 2584 sunt
474 2527 735 2597 Lupicino
779 2526 1222 2581 Ambianensium
1270 2525 1605 2594 presbytero,
1633 2522 1724 2592 qui
1767 2537 1890 2576 cum

302 2631 501 2676 sancto
548 2619 862 2682 llonoratio,
905 2617 1146 2686 ejusdem
1175 2616 1410 2671 civitatis
1437 2614 1710 2685 episcopo,
1747 2613 1893 2681 ipsas

305 2710 571 2779 reliquias
601 2708 814 2778 collegit
841 2715 896 2762 et
939 2709 990 2762 in
1029 2707 1148 2762 loco
1182 2715 1308 2777 apto
1337 2705 1515 2776 posuit
1553 2719 1726 2773 :quas
1767 2704 1894 2758 licet

310 2804 498 2859 Hilder
519 2803 542 2876 [
563 2801 923 2874 llildericus],
946 2817 1044 2856 rex
1067 2801 1400 2855 Francorum
1425 2799 1489 2853 ad
1513 2813 1572 2853 se
1597 2795 1895 2852 transferre

311 2895 498 2959 vellet,
543 2903 722 2949 tamen
764 2895 888 2964 quia
919 2909 1025 2948 non
1052 2892 1245 2963 potuit,
1293 2897 1575 2960 propterea
1620 2890 1673 2944 in
1704 2889 1895 2944 eodem

310 2986 438 3041 loco
465 2983 727 3040 aedificata
752 2984 997 3046 basilica,
1022 2983 1138 3051 ipsa
1165 2980 1464 3036 honorifice
1488 2978 1754 3048 sepelivit.
1786 2977 1894 3033 Eo-

311 3077 443 3131 dcm
471 3076 554 3130 die
581 3076 636 3129 in
668 3075 899 3146 Ephesio
931 3070 1224 3145 [Epheso]
1264 3072 1480 3126 civitate
1509 3069 1778 3124 festivitas
1803 3081 1893 3122 ce-

1990 1908 2096 1962 tale
2121 1906 2319 1962 Arelefi
2358 1906 2711 1972 confessoris,
2752 1907 2876 1976 qui,
2923 1905 2991 1959 ab
3017 1906 3241 1960 infantia
3273 1905 3384 1959 Deo
3414 1903 3566 1958 dedi-

1989 2004 2096 2062 tus,
2133 1997 2487 2052 monasticam
2527 1998 2697 2051 vitam
2727 1997 3005 2065 expetivit,
3045 2004 3100 2050 et
3128 2010 3158 2049 a
3180 2003 3368 2050 sancto
3397 1992 3567 2047 Maxi-

1989 2085 2136 2139 mino
2171 2084 2547 2140 Aurelianensi
2590 2087 2844 2155 episcopo
2883 2084 3041 2139 simul
3085 2100 3206 2139 cum
3237 2083 3393 2138 Avito
3421 2082 3568 2140 socio

1990 2175 2274 2244 presbyter
2315 2175 2596 2230 ordinatus
2641 2179 2807 2230 vitam
2862 2175 3160 2229 solitariam
3215 2174 3567 2239 desiderans,

1990 2266 2320 2321 monasteria
2351 2266 2405 2320 in
2435 2267 2663 2322 diversis
2688 2266 2820 2321 locis
2863 2266 3159 2330 aedificans,
3189 2264 3370 2318 multis
3397 2265 3562 2319 virtu-

1994 2355 2138 2410 tibus
2181 2350 2542 2409 ante'obitum
2569 2362 2624 2409 et
2651 2363 2773 2425 post
2811 2355 3039 2414 obitum.
3066 2370 3221 2409 suum
3260 2353 3474 2418 claruit,
3517 2361 3574 2408 et

1993 2447 2256 2500 sanctitas
2279 2443 2394 2512 ejus
2412 2445 2661 2514 plurimis
2686 2445 2908 2514 profuit.

2065 2535 2130 2590 IV
2154 2535 2287 2589 Nox.
2314 2535 2521 2599 Romae,
2545 2535 2796 2589 Processi
2821 2544 2875 2590 et
2897 2535 3224 2597 Martiniani,
3244 2534 3335 2604 qui
3363 2543 3568 2605 tempo-

1994 2625 2148 2680 ribus
2173 2623 2404 2679 Neronis
2439 2624 2780 2694 imperatoris
2810 2627 2954 2694 passi
2999 2634 3142 2680 sunt.
3191 2624 3323 2678 Nam
3362 2625 3488 2679 dum
3521 2625 3574 2678 in

1995 2716 2239 2771 custodia
2277 2715 2423 2770 beati
2468 2716 2662 2772 Petrus
2699 2725 2754 2771 et
2787 2716 2984 2770 Paulus
3023 2715 3254 2785 apostoli
3287 2730 3318 2768 a
3346 2713 3574 2768 Paulino

1994 2805 2251 2877 praefecto
2287 2807 2664 2870 servabantur,
2707 2806 2891 2861 biduo
2931 2805 3034 2859 viri
3073 2807 3315 2862 videntes
3347 2805 3606 2860 mirabi-'

1997 2897 2066 2950 lia
2093 2913 2214 2967 quae
2251 2896 2476 2966 apostoli
2516 2896 2718 2951 Christi
2766 2895 3030 2960 fecerunt,
3063 2896 3314 2950 conversi
3350 2903 3478 2950 sunt
3507 2894 3577 2950 ad

1999 2990 2156 3044 fidem
2185 2989 2405 3053 Christi,
2435 2998 2490 3045 et
2515 3005 2546 3044 a
2571 2990 2730 3045 beato
2757 2990 2920 3044 Petro
2959 2975 3204 3060 apostolo
3241 2999 3368 3046 sunt
3402 2991 3580 3061 bapti-

2001 3079 2127 3133 zati.
2180 3077 2291 3133 Hos
2334 3094 2547 3150 quoque
2582 3079 2710 3134 dum
2749 3080 3036 3150 prtedictus
3083 3079 3341 3136 Paulinus
3388 3097 3421 3136 a
3473 3082 3581 3137 fide

311 3167 558 3222 lebl‘awl‘
610 3173 815 3234 Septem
866 3164 1096 3219 frale
1147 3163 1529 3218 dormientium
1552 3201 1566 3226 ν
1618 3160 1722 3214 hoc
1772 3167 1856 3213 est
1879 3198 1894 3222 ν
1923 3143 1968 3206 C
1999 3186 2129 3224 vera
2172 3143 2418 3224 avertere
2446 3143 2722 3233 voluisset,
2750 3143 2824 3224 -et
2863 3186 2969 3224 non
3008 3178 3216 3239 posset,
3257 3171 3384 3225 licet
3414 3170 3581 3226 multa

312 3256 630 3312 Maximiani
661 3263 715 3309 et
741 3253 932 3308 Malchi
953 3294 967 3318 ,
1019 3251 1269 3306 Martiani
1313 3249 1334 3322 [
1362 3247 1708 3319 Martiniani]
1727 3287 1742 3312 ,
1773 3247 1898 3300 Dio-

316 3349 481 3420 nysii,
513 3347 756 3412 Joannis,
809 3344 1141 3414 Serapionis,
1190 3339 1552 3402 Constantini,
1592 3337 1683 3406 qui
1713 3335 1899 3389 Decia-

314 3454 447 3494 nam
484 3437 916 3510 persecutionem
957 3433 1221 3505 fugientes
1254 3438 1376 3501 post
1419 3427 1588 3483 multa
1632 3431 1899 3480 tormenta

315 3528 572 3600 fugerunt
614 3529 667 3583 in
697 3528 1009 3597 speluncam
1049 3524 1306 3597 grandem
1334 3521 1388 3576 in
1425 3529 1608 3575 monte
1633 3517 1814 3582 Celeo,
1846 3523 1902 3569 et

314 3620 393 3674 ibi
431 3619 485 3674 in
535 3619 778 3675 oratione
822 3617 1038 3673 assidua
1089 3623 1433 3680 manserunt;
1485 3611 1631 3682 quod
1679 3609 1902 3665 audiens

317 3710 517 3766 Decius
543 3710 850 3779 imperator,
892 3707 1054 3779 jussit
1077 3706 1284 3763 obstrui
1309 3720 1370 3761 os
1406 3704 1698 3774 speluncae,
1739 3709 1800 3756 ut
1829 3702 1901 3757 ibi

315 3801 622 3855 interirent.
665 3799 906 3854 Mortuus
951 3807 1036 3853 est
1073 3798 1267 3853 Decius
1311 3797 1602 3866 imperator
1637 3800 1692 3849 et
1725 3791 1904 3847 omnis

315 3892 596 3962 generatio
623 3890 738 3956 illa,
769 3897 824 3944 et
852 3896 1213 3959 regnaverunt
1251 3887 1341 3941 alii
1368 3885 1742 3956 imperatores.
1774 3883 1904 3938 Post

319 3989 596 4036 trecentos
623 3997 750 4052 ergo
781 3978 1121 4050 septuaginta
1147 3986 1202 4032 et
1242 3979 1376 4032 duos
1421 3991 1612 4042 annos,
1647 3975 1752 4029 hoc
1795 3981 1900 4039 est,

319 4073 600 4128 tricesimo
645 4079 836 4126 octavo
880 4084 1020 4124 anno
1057 4067 1268 4138 imperii
1306 4065 1617 4128 Theodosii,
1668 4063 1762 4118 filii
1802 4062 1906 4116 Ar-

318 4165 465 4220 cadii
494 4162 858 4234 imperatoris,
901 4161 1114 4230 quando
1143 4158 1423 4229 pullulavit
1449 4157 1691 4221 haeresis,
1719 4155 1904 4211 volens

319 4270 589 4314 evacuare
635 4269 783 4324 spem
824 4252 947 4307 ﬁdei
983 4260 1038 4306 et
1079 4249 1492 4306 resurrectionis
1535 4257 1901 4310 mortuorum,

323 4350 427 4421 ipsi
455 4356 660 4418 septem
690 4346 900 4407 fratres,
943 4343 1034 4413 qui
1067 4343 1120 4396 in
1155 4341 1412 4411 praedicta
1443 4337 1696 4409 spelunca
1733 4350 1904 4406 usque

324 4441 397 4496 ad
452 4440 579 4493 illud
643 4447 852 4507 tempus
909 4434 1296 4504 quiescebant,
1350 4430 1598 4485 suscitati
1655 4436 1781 4482 sunt
1837 4427 1904 4482 de

2000 3268 2266 3315 tormenta
2285 3261 2365 3314 eis
2387 3260 2628 3323 fecisset,
2651 3259 2719 3313 ad
2742 3268 3045 3314 extremum
3071 3261 3250 3330 gladio
3275 3271 3450 3332 capita
3471 3262 3577 3331 jus-

2000 3348 2392 3419 sitamputari.
2427 3349 2494 3402 Et
2535 3349 2589 3402 in
2617 3346 2854 3402 Turonis
2882 3349 3148 3418 depositio
3177 3359 3380 3406 sancta:
3408 3349 3587 3405 Mone-

2000 3441 2192 3513 gundae
2222 3441 2464 3511 virginis.

2074 3530 2118 3586 V
2145 3529 2278 3586 Non.
2327 3529 2631 3586 Translatio
2669 3530 2889 3598 Thomze
2931 3529 3158 3600 apostoli
3203 3531 3256 3585 in
3302 3530 3561 3587 Edessam

2001 3621 2202 3678 Passus
2219 3636 2349 3678 vero
2382 3623 2436 3676 in
2467 3621 2614 3676 lndia
2642 3629 2744 3676 est.

2072 3709 2140 3766 IV
2170 3709 2304 3766 Non.
2329 3711 2384 3764 in
2415 3709 2607 3773 Gallia,
2633 3708 2863 3764 Turonis
2887 3709 3126 3775 civitate,
3168 3709 3438 3764 ordinatio
3471 3711 3582 3781 epi-

2004 3811 2258 3875 scopatus
2291 3812 2348 3858 et
2387 3802 2668 3865 translatio
2709 3801 2952 3870 corporis
2998 3802 3171 3856 sancti
3212 3801 3428 3855 Martini
3468 3803 3584 3872 epi-

2003 3895 2150 3964 scopi
2176 3902 2232 3948 et
2250 3891 2599 3956 confessoris,
2631 3899 2684 3946 et
2709 3891 2977 3945 dedicatio
2999 3891 3236 3945 basilicae
3265 3890 3454 3959 ipsius.

2073 3983 2139 4038 lll
2167 3983 2304 4038 Non.
2351 3982 2409 4036 In
2435 3980 2619 4036 Sicilia
2646 3980 2841 4034 natalis
2875 3980 3175 4048 Agathonis
3208 3988 3265 4034 et
3305 3977 3589 4050 Triphena:

2006 4071 2382 4150 [Triphinaa];
2406 4081 2460 4127 et
2501 4075 2554 4126 in
2595 4065 2801 4136 Tomis,
2855 4070 3067 4137 Marini,
3115 4069 3379 4126 Theodoti
3404 4077 3461 4127 et
3489 4070 3591 4127 So-

2004 4167 2193 4236 depha:
2221 4164 2518 4237 [Sedophze
2539 4161 2579 4234 ].

2074 4255 2115 4310 ll
2156 4255 2291 4309 Non.
2331 4254 2481 4308 Isaia:
2525 4253 2828 4323 prophetae,
2873 4259 2928 4307 et
2968 4259 3157 4305 octava
3194 4250 3581 4319 apostolorum.

2004 4347 2206 4401 Eodem
2232 4345 2320 4400 die
2346 4345 2610 4415 depositio
2630 4351 2715 4400 est
2738 4343 2880 4398 beati
2903 4342 3094 4396 Goaris
3115 4330 3460 4405 confessoris,
3485 4342 3577 4412 qui

2011 4439 2063 4491 in
2093 4437 2369 4507 provincia
2399 4436 2704 4505 Aquitaniae
2731 4442 2883 4490 ortus
2923 4431 3254 4502 temporibus
3292 4431 3588 4486 Hildeberti

325 4545 521 4586 somno
544 4526 880 4597 longissimo,
926 4533 982 4579 et
1017 4538 1138 4578 cum
1172 4522 1225 4576 in
1259 4519 1600 4590 praesentiant
1627 4517 1892 4572 hominuni

2012 4500 2152 4598 regis
2177 4500 2530 4588 Francorum,
2559 4524 2742 4579 statim
2769 4522 2838 4576 ab
2865 4500 3088 4575 infantia
3109 4535 3270 4574 verus
3291 4519 3385 4574 Dei
3415 4518 3590 4574 cultor

328 4622 476 4677 illius
498 4620 596 4674 aevi
637 4616 854 4672 adducti
899 4623 1057 4679 sunt,
1089 4611 1406 4682 apprehensi
1435 4625 1466 4664 a
1497 4610 1814 4679 quibusdam
1843 4622 1909 4662 eo

329 4712 473 4780 quod
496 4708 778 4780 pecuniam
817 4705 1244 4774 antiquissimam
1273 4702 1326 4756 in
1355 4708 1654 4755 mercatum
1676 4699 1910 4754 adduxe-

334 4811 461 4855 runt
486 4802 552 4856 ad
590 4797 1011 4868 comparandum
1043 4796 1241 4851 victum
1271 4793 1403 4858 sibi,
1452 4793 1601 4862 quasi
1629 4804 1908 4862 possesso-

336 4908 423 4947 res
481 4892 769 4946 multorum
829 4890 1202 4944 thesaurorum
1229 4927 1245 4951 ,
1295 4885 1626 4956 cogebantur
1685 4883 1909 4937 reddere

333 4982 478 5052 quod
506 4980 916 5050 suspicabantur
945 4987 1149 5032 tenere.
1180 4975 1288 5031 Sed
1316 4975 1544 5030 veritate
1583 4973 1784 5044 agnita,
1814 4973 1909 5026 ad—

332 5070 584 5128 veniente
613 5070 818 5124 Marino
842 5069 1093 5138 episcopo
1125 5066 1502 5136 Ephesiorum,
1545 5063 1756 5118 liberati
1782 5070 1909 5116 sunt

339 5167 404 5220 de
438 5162 686 5218 manibus
729 5161 1087 5216 violentorum
1112 5200 1126 5225 ,
1166 5169 1220 5213 et
1259 5156 1560 5212 Theodosio
1597 5154 1908 5225 imperatori

342 5253 681 5325 pnesentati,
727 5252 796 5306 ob
833 5249 1198 5305 testimonium
1238 5245 1649 5302 resurrectionis
1692 5243 1909 5308 futurze,

344 5344 536 5397 iterum
587 5341 835 5395 redibant
881 5339 935 5393 in
980 5338 1157 5393 locum
1194 5337 1501 5406 pristinum,
1542 5333 1634 5389 ubi
1677 5334 1914 5404 requies-

343 5440 467 5488 cent
487 5447 657 5500 usque
687 5429 753 5485 ad
783 5430 923 5485 diem
949 5425 1489 5496 universalisjudicii.

412 5545 477 5600 ιγ
498 5544 632 5600 ΚΑΙ..
661 5542 858 5598 Leonis
882 5555 1055 5611 papm,
1099 5539 1190 5609 qui
1219 5546 1340 5608 post
1364 5536 1582 5591 Petrum
1613 5533 1914 5605 apostolum

346 5633 788 5705 quadragesimus
827 5632 1088 5702 septimus
1115 5629 1170 5684 in
1215 5626 1347 5684 urbe
1374 5626 1614 5680 Romana
1657 5625 1796 5680 sedit
1823 5639 1918 5677 an-

354 5741 454 5783 nos
479 5724 666 5798 viginti
694 5739 860 5779 unum
895 5737 1133 5778 mensem
1169 5734 1333 5776 unum
1363 5718 1479 5774 dies
1508 5717 1783 5772 tredecim.
1821 5713 1920 5768 Hic

2012 4619 2132 4674 fuit.
2166 4618 2264 4673 Hic
2289 4617 2630 4688 postmodum
2660 4615 2732 4669 ibi
2762 4613 3045 4684 presbyter
3085 4618 3461 4674 consecratus,
3491 4626 3589 4680 pa-

2012 4711 2168 4764 triam
2199 4715 2555 4777 parentesque
2579 4704 2836 4769 deseruit,
2865 4711 2918 4758 et
2939 4702 2992 4756 in
3019 4702 3236 4756 ultimos
3257 4699 3442 4755 Gallia:
3459 4699 3594 4756 ﬁnes

2011 4799 2329 4870 peregrinus
2357 4795 2554 4850 saeculo
2593 4802 2650 4850 et
2686 4791 2922 4852 caelestis
2951 4790 3140 4859 patriae
3163 4788 3298 4844 civis
3327 4789 3586 4843 excessit.

2011 4889 2248 4944 Veniens
2264 4901 2391 4954 ergo
2419 4886 2473 4939 in
2505 4882 2838 4954 provinciam
2853 4895 2971 4949 quae
2992 4879 3123 4948 ripis
3151 4878 3324 4932 Rheni
3357 4877 3592 4932 fluminis

2015 4980 2268 5050 contigua
2302 4977 2549 5048 Trigoria
2589 4980 2960 5043 nuncupatur,
3008 4978 3171 5040 atque
3222 4970 3290 5024 ad
3332 4969 3590 5023 ditecesin

2015 5073 2249 5144 pertinet
2277 5070 2656 5140 Treverorum,
2688 5064 2828 5120 infra
2865 5063 3124 5118 terminos
3141 5059 3588 5122 Wasaliacenses,

2017 5165 2072 5219 in
2102 5179 2164 5218 ea
2196 5163 2306 5217 Deo
2329 5161 2497 5215 libere
2527 5157 2732 5212 servire
2759 5155 2974 5225 delegit.
3005 5153 3104 5208 Hic
3130 5153 3276 5207 enim
3313 5148 3593 5219 hospitalis

2019 5257 2246 5314 multum
2278 5255 2396 5320 fuit,
2427 5262 2482 5309 et
2514 5253 2694 5322 largus
2721 5247 3049 5320 pauperibus
3068 5286 3083 5311 ,
3115 5253 3169 5300 et
3194 5243 3304 5297 Deo
3334 5242 3387 5296 in
3423 5240 3592 5295 sacris

2018 5350 2201 5405 missis
2246 5353 2302 5402 et
2342 5343 2658 5416 psalmodiis
2704 5341 2969 5396 instanter
3013 5334 3251 5406 quotidie
3293 5332 3590 5387 serviebat.

2019 5437 2174 5494 Fecit
2221 5436 2366 5491 enim
2408 5431 2674 5492 mirabilia
2713 5431 2883 5485 multa
2931 5429 2986 5484 in
3031 5427 3142 5481 vita
3182 5439 3312 5488 sua,
3342 5424 3447 5478 hoc
3477 5429 3592 5488 est,

2022 5543 2238 5586 cervam
2262 5525 2486 5594 imperio
2500 5537 2597 5578 suo
2619 5528 2764 5576 stare
2779 5519 2930 5583 fecit,
2952 5523 3012 5571 ut
3029 5514 3242 5570 cuidam
3272 5513 3418 5567 lasso
3439 5512 3506 5566 ab
3529 5525 3596 5565 eo

2024 5617 2179 5674 lactis
2202 5625 2389 5686 potum
2420 5611 2708 5682 acciperet.
2737 5608 2941 5663 Dehinc
2977 5605 3047 5659 ad
3078 5602 3356 5657 Rusticum
3391 5599 3599 5668 episcoo

2029 5725 2158 5781 pum
2173 5707 2549 5764 Trevirensem
2579 5703 2871 5758 advocatus
2893 5697 3062 5761 venit,
3085 5695 3264 5764 ibique
3289 5705 3448 5760 super
3471 5691 3597 5748 solis
