  <div class='ocr_page' id='page_1' title='image "/cluster/home/n/w/nwhite01/storage/ocr_20150623/110/hvd.32044054759758/583.png"; bbox 0 0 4028 6196; ppageno 0'>
   <div class='ocr_carea' id='block_1_1' title="bbox 528 340 667 398">
    <p class='ocr_par' dir='ltr' id='par_1_1' title="bbox 528 340 667 398">
     <span class='ocr_line' id='line_1_1' title="bbox 528 340 667 398; baseline -0.007 -1"><span class='ocrx_word' id='word_1_1' title='bbox 528 340 667 398; x_wconf 73' lang='lat' dir='ltr'><strong>MSS</strong></span> 
     </span>
    </p>
   </div>
   <div class='ocr_carea' id='block_1_2' title="bbox 1168 329 3130 391">
    <p class='ocr_par' dir='ltr' id='par_1_2' title="bbox 1168 329 3130 391">
     <span class='ocr_line' id='line_1_2' title="bbox 1168 329 3130 391; baseline 0.001 -2"><span class='ocrx_word' id='word_1_2' title='bbox 1168 335 1228 390; x_wconf 86' lang='grc' dir='ltr'><strong>Β.</strong></span> <span class='ocrx_word' id='word_1_3' title='bbox 1270 332 1519 389; x_wconf 73' lang='lat' dir='ltr'><strong>RABANI</strong></span> <span class='ocrx_word' id='word_1_4' title='bbox 1555 329 1772 387; x_wconf 83' lang='lat' dir='ltr'><strong>MAURI</strong></span> <span class='ocrx_word' id='word_1_5' title='bbox 1810 329 2129 386; x_wconf 78' lang='lat' dir='ltr'><strong>ARCHIEP.</strong></span> <span class='ocrx_word' id='word_1_6' title='bbox 2172 331 2483 389; x_wconf 76' lang='lat' dir='ltr'><strong>MOGUNT.</strong></span> <span class='ocrx_word' id='word_1_7' title='bbox 2526 332 2810 390; x_wconf 79' lang='lat' dir='ltr'><strong>OPERUM</strong></span> <span class='ocrx_word' id='word_1_8' title='bbox 2848 334 3028 391; x_wconf 85' lang='lat' dir='ltr'><strong>PARS</strong></span> <span class='ocrx_word' id='word_1_9' title='bbox 3066 335 3130 391; x_wconf 88' lang='lat' dir='ltr'><strong>Il.</strong></span> 
     </span>
    </p>
   </div>
   <div class='ocr_carea' id='block_1_3' title="bbox 3655 341 3797 399">
    <p class='ocr_par' dir='ltr' id='par_1_3' title="bbox 3655 341 3797 399">
     <span class='ocr_line' id='line_1_3' title="bbox 3655 341 3797 399; baseline 0.014 -2"><span class='ocrx_word' id='word_1_10' title='bbox 3655 341 3797 399; x_wconf 67' lang='lat'><strong>{£56</strong></span> 
     </span>
    </p>
   </div>
   <div class='ocr_carea' id='block_1_4' title="bbox 525 439 3873 523">
    <p class='ocr_par' dir='ltr' id='par_1_4' title="bbox 525 439 3873 523">
     <span class='ocr_line' id='line_1_4' title="bbox 525 439 3873 523; baseline 0 -13"><span class='ocrx_word' id='word_1_11' title='bbox 525 453 736 510; x_wconf 79' lang='lat' dir='ltr'><strong>radium</strong></span> <span class='ocrx_word' id='word_1_12' title='bbox 756 466 852 523; x_wconf 90' lang='lat' dir='ltr'><strong>per</strong></span> <span class='ocrx_word' id='word_1_13' title='bbox 882 449 1173 506; x_wconf 88' lang='lat' dir='ltr'><strong>fenestram</strong></span> <span class='ocrx_word' id='word_1_14' title='bbox 1200 446 1486 503; x_wconf 82' lang='lat' dir='ltr'><strong>micantem</strong></span> <span class='ocrx_word' id='word_1_15' title='bbox 1514 443 1770 514; x_wconf 74' lang='lat' dir='ltr'><strong>ignorans</strong></span> <span class='ocrx_word' id='word_1_16' title='bbox 1789 441 1934 512; x_wconf 86' lang='lat' dir='ltr'><strong>quod</strong></span> <span class='ocrx_word' id='word_1_17' title='bbox 1980 439 2108 503; x_wconf 85' lang='lat' dir='ltr'><strong>solis</strong></span> <span class='ocrx_word' id='word_1_18' title='bbox 2138 447 2184 513; x_wconf 71' lang='grc' dir='ltr'><strong>Α</strong></span> <span class='ocrx_word' id='word_1_19' title='bbox 2211 443 2407 512; x_wconf 84' lang='lat' dir='ltr'><strong>quibus</strong></span> <span class='ocrx_word' id='word_1_20' title='bbox 2429 442 2740 510; x_wconf 86' lang='lat' dir='ltr'><strong>Januarius,</strong></span> <span class='ocrx_word' id='word_1_21' title='bbox 2763 454 2884 516; x_wconf 88' lang='lat' dir='ltr'><strong>post</strong></span> <span class='ocrx_word' id='word_1_22' title='bbox 2910 446 3133 501; x_wconf 82' lang='lat' dir='ltr'><strong>verbera</strong></span> <span class='ocrx_word' id='word_1_23' title='bbox 3163 448 3437 519; x_wconf 75' lang='lat' dir='ltr'><strong>virgarum</strong></span> <span class='ocrx_word' id='word_1_24' title='bbox 3471 462 3528 505; x_wconf 89' lang='lat' dir='ltr'><strong>et</strong></span> <span class='ocrx_word' id='word_1_25' title='bbox 3556 452 3799 510; x_wconf 78' lang='lat' dir='ltr'><strong>careeris</strong></span> <span class='ocrx_word' id='word_1_26' title='bbox 3865 472 3873 476; x_wconf 71' lang='lat'><em>‘</em></span> 
     </span>
    </p>
   </div>
   <div class='ocr_carea' id='block_1_5' title="bbox 530 535 2101 614">
    <p class='ocr_par' dir='ltr' id='par_1_5' title="bbox 530 535 2101 614">
     <span class='ocr_line' id='line_1_5' title="bbox 530 535 2101 614; baseline -0.008 -13"><span class='ocrx_word' id='word_1_27' title='bbox 530 546 712 601; x_wconf 80' lang='lat' dir='ltr'><strong>radius</strong></span> <span class='ocrx_word' id='word_1_28' title='bbox 736 552 880 599; x_wconf 90' lang='lat' dir='ltr'><strong>esset</strong></span> <span class='ocrx_word' id='word_1_29' title='bbox 899 557 1122 614; x_wconf 88' lang='lat' dir='ltr'><strong>cappam</strong></span> <span class='ocrx_word' id='word_1_30' title='bbox 1153 555 1306 595; x_wconf 90' lang='lat' dir='ltr'><strong>suam</strong></span> <span class='ocrx_word' id='word_1_31' title='bbox 1330 537 1559 609; x_wconf 85' lang='lat' dir='ltr'><strong>projecit</strong></span> <span class='ocrx_word' id='word_1_32' title='bbox 1584 553 1600 591; x_wconf 90' lang='lat'><strong>:</strong></span> <span class='ocrx_word' id='word_1_33' title='bbox 1631 535 1774 606; x_wconf 91' lang='lat' dir='ltr'><strong>quod</strong></span> <span class='ocrx_word' id='word_1_34' title='bbox 1798 551 1920 590; x_wconf 89' lang='lat' dir='ltr'><strong>cum</strong></span> <span class='ocrx_word' id='word_1_35' title='bbox 1951 536 2101 590; x_wconf 91' lang='lat' dir='ltr'><strong>multi</strong></span> 
     </span>
    </p>
   </div>
   <div class='ocr_carea' id='block_1_6' title="bbox 528 629 2104 708">
    <p class='ocr_par' dir='ltr' id='par_1_6' title="bbox 528 629 2104 708">
     <span class='ocr_line' id='line_1_6' title="bbox 528 629 2104 708; baseline -0.004 -16"><span class='ocrx_word' id='word_1_36' title='bbox 528 638 751 708; x_wconf 67' lang='lat' dir='ltr'><strong>magica:</strong></span> <span class='ocrx_word' id='word_1_37' title='bbox 802 636 905 691; x_wconf 86' lang='lat' dir='ltr'><strong>arti</strong></span> <span class='ocrx_word' id='word_1_38' title='bbox 941 634 1324 702; x_wconf 87' lang='lat' dir='ltr'><strong>deputassent,</strong></span> <span class='ocrx_word' id='word_1_39' title='bbox 1375 645 1559 686; x_wconf 90' lang='lat' dir='ltr'><strong>coram</strong></span> <span class='ocrx_word' id='word_1_40' title='bbox 1605 629 1860 699; x_wconf 90' lang='lat' dir='ltr'><strong>episcopo</strong></span> <span class='ocrx_word' id='word_1_41' title='bbox 1898 631 2104 699; x_wconf 90' lang='lat' dir='ltr'><strong>positus</strong></span> 
     </span>
    </p>
   </div>
   <div class='ocr_carea' id='block_1_7' title="bbox 521 719 2101 797">
    <p class='ocr_par' dir='ltr' id='par_1_7' title="bbox 521 719 2101 797">
     <span class='ocr_line' id='line_1_7' title="bbox 521 719 2101 797; baseline -0.006 -15"><span class='ocrx_word' id='word_1_42' title='bbox 521 727 676 797; x_wconf 74' lang='lat' dir='ltr'><strong>juxta</strong></span> <span class='ocrx_word' id='word_1_43' title='bbox 696 726 993 797; x_wconf 75' lang='lat' dir='ltr'><strong>iussionem</strong></span> <span class='ocrx_word' id='word_1_44' title='bbox 1019 724 1135 795; x_wconf 85' lang='lat' dir='ltr'><strong>ejus</strong></span> <span class='ocrx_word' id='word_1_45' title='bbox 1155 736 1379 792; x_wconf 86' lang='lat' dir='ltr'><strong>parvum</strong></span> <span class='ocrx_word' id='word_1_46' title='bbox 1407 735 1633 791; x_wconf 89' lang='lat' dir='ltr'><strong>puerum</strong></span> <span class='ocrx_word' id='word_1_47' title='bbox 1654 758 1669 782; x_wconf 91' lang='lat'><strong>,</strong></span> <span class='ocrx_word' id='word_1_48' title='bbox 1695 719 1798 773; x_wconf 91' lang='lat' dir='ltr'><strong>hoc</strong></span> <span class='ocrx_word' id='word_1_49' title='bbox 1824 727 1910 773; x_wconf 92' lang='lat' dir='ltr'><strong>est</strong></span> <span class='ocrx_word' id='word_1_50' title='bbox 1941 719 2101 773; x_wconf 89' lang='lat' dir='ltr'><strong>trium</strong></span> 
     </span>
    </p>
   </div>
   <div class='ocr_carea' id='block_1_8' title="bbox 526 808 2104 883">
    <p class='ocr_par' dir='ltr' id='par_1_8' title="bbox 526 808 2104 883">
     <span class='ocr_line' id='line_1_8' title="bbox 526 808 2104 883; baseline -0.006 -10"><span class='ocrx_word' id='word_1_51' title='bbox 526 820 734 874; x_wconf 89' lang='lat' dir='ltr'><strong>dierum</strong></span> <span class='ocrx_word' id='word_1_52' title='bbox 762 825 937 879; x_wconf 61' lang='lat' dir='ltr'><strong>relate,</strong></span> <span class='ocrx_word' id='word_1_53' title='bbox 966 815 1114 883; x_wconf 89' lang='lat' dir='ltr'><strong>loqui</strong></span> <span class='ocrx_word' id='word_1_54' title='bbox 1145 813 1290 877; x_wconf 89' lang='lat' dir='ltr'><strong>fecit,</strong></span> <span class='ocrx_word' id='word_1_55' title='bbox 1323 820 1375 867; x_wconf 91' lang='lat' dir='ltr'><strong>et</strong></span> <span class='ocrx_word' id='word_1_56' title='bbox 1407 819 1617 880; x_wconf 90' lang='lat' dir='ltr'><strong>patrem</strong></span> <span class='ocrx_word' id='word_1_57' title='bbox 1648 808 1808 867; x_wconf 84' lang='lat' dir='ltr'><strong>simul</strong></span> <span class='ocrx_word' id='word_1_58' title='bbox 1839 824 1959 864; x_wconf 89' lang='lat' dir='ltr'><strong>cum</strong></span> <span class='ocrx_word' id='word_1_59' title='bbox 1990 825 2104 864; x_wconf 85' lang='lat' dir='ltr'><strong>ma-</strong></span> 
     </span>
    </p>
   </div>
   <div class='ocr_carea' id='block_1_9' title="bbox 529 898 2104 978">
    <p class='ocr_par' dir='ltr' id='par_1_9' title="bbox 529 898 2104 978">
     <span class='ocr_line' id='line_1_9' title="bbox 529 898 2104 978; baseline -0.006 -16"><span class='ocrx_word' id='word_1_60' title='bbox 529 919 612 965; x_wconf 91' lang='lat' dir='ltr'><strong>tre</strong></span> <span class='ocrx_word' id='word_1_61' title='bbox 636 908 759 978; x_wconf 85' lang='lat' dir='ltr'><strong>quis</strong></span> <span class='ocrx_word' id='word_1_62' title='bbox 788 914 963 968; x_wconf 90' lang='lat' dir='ltr'><strong>esset,</strong></span> <span class='ocrx_word' id='word_1_63' title='bbox 1010 901 1281 974; x_wconf 74' lang='lat' dir='ltr'><strong>patefecit.</strong></span> <span class='ocrx_word' id='word_1_64' title='bbox 1314 900 1510 969; x_wconf 84' lang='lat' dir='ltr'><strong>Sicque</strong></span> <span class='ocrx_word' id='word_1_65' title='bbox 1537 911 1870 954; x_wconf 84' lang='lat' dir='ltr'><strong>memoratus</strong></span> <span class='ocrx_word' id='word_1_66' title='bbox 1896 898 2104 968; x_wconf 90' lang='lat' dir='ltr'><strong>episco-</strong></span> 
     </span>
    </p>
   </div>
   <div class='ocr_carea' id='block_1_10' title="bbox 523 989 2099 1071">
    <p class='ocr_par' dir='ltr' id='par_1_10' title="bbox 523 989 2099 1071">
     <span class='ocr_line' id='line_1_10' title="bbox 523 989 2099 1071; baseline -0.009 -16"><span class='ocrx_word' id='word_1_67' title='bbox 523 1017 625 1071; x_wconf 92' lang='lat' dir='ltr'><strong>pus</strong></span> <span class='ocrx_word' id='word_1_68' title='bbox 652 1002 705 1055; x_wconf 93' lang='lat' dir='ltr'><strong>in</strong></span> <span class='ocrx_word' id='word_1_69' title='bbox 737 998 939 1057; x_wconf 88' lang='lat' dir='ltr'><strong>scelere</strong></span> <span class='ocrx_word' id='word_1_70' title='bbox 984 1012 1084 1052; x_wconf 89' lang='lat' dir='ltr'><strong>suo</strong></span> <span class='ocrx_word' id='word_1_71' title='bbox 1115 993 1418 1053; x_wconf 86' lang='lat' dir='ltr'><strong>denudatus</strong></span> <span class='ocrx_word' id='word_1_72' title='bbox 1451 991 1822 1061; x_wconf 75' lang='lat' dir='ltr'><strong>pmnitentiam</strong></span> <span class='ocrx_word' id='word_1_73' title='bbox 1859 989 2099 1057; x_wconf 87' lang='lat' dir='ltr'><strong>accepit,</strong></span> 
     </span>
    </p>
   </div>
   <div class='ocr_carea' id='block_1_11' title="bbox 523 1078 2101 1162">
    <p class='ocr_par' dir='ltr' id='par_1_11' title="bbox 523 1078 2101 1162">
     <span class='ocr_line' id='line_1_11' title="bbox 523 1078 2101 1162; baseline -0.01 -15"><span class='ocrx_word' id='word_1_74' title='bbox 523 1102 579 1147; x_wconf 91' lang='lat' dir='ltr'><strong>et</strong></span> <span class='ocrx_word' id='word_1_75' title='bbox 603 1090 891 1162; x_wconf 78' lang='lat' dir='ltr'><strong>praedictus</strong></span> <span class='ocrx_word' id='word_1_76' title='bbox 923 1087 1004 1141; x_wconf 86' lang='lat' dir='ltr'><strong>vir</strong></span> <span class='ocrx_word' id='word_1_77' title='bbox 1032 1094 1251 1140; x_wconf 90' lang='lat' dir='ltr'><strong>sanctus</strong></span> <span class='ocrx_word' id='word_1_78' title='bbox 1282 1084 1349 1137; x_wconf 89' lang='lat' dir='ltr'><strong>ad</strong></span> <span class='ocrx_word' id='word_1_79' title='bbox 1388 1082 1565 1137; x_wconf 91' lang='lat' dir='ltr'><strong>locum</strong></span> <span class='ocrx_word' id='word_1_80' title='bbox 1604 1095 1761 1135; x_wconf 89' lang='lat' dir='ltr'><strong>suum</strong></span> <span class='ocrx_word' id='word_1_81' title='bbox 1793 1078 2012 1135; x_wconf 84' lang='lat' dir='ltr'><strong>rediens</strong></span> <span class='ocrx_word' id='word_1_82' title='bbox 2047 1078 2101 1133; x_wconf 93' lang='lat' dir='ltr'><strong>in</strong></span> 
     </span>
    </p>
   </div>
   <div class='ocr_carea' id='block_1_12' title="bbox 522 1177 1075 1252">
    <p class='ocr_par' dir='ltr' id='par_1_12' title="bbox 522 1177 1075 1252">
     <span class='ocr_line' id='line_1_12' title="bbox 522 1177 1075 1252; baseline -0.013 -16"><span class='ocrx_word' id='word_1_83' title='bbox 522 1196 655 1252; x_wconf 84' lang='lat' dir='ltr'><strong>pace</strong></span> <span class='ocrx_word' id='word_1_84' title='bbox 684 1181 850 1233; x_wconf 88' lang='lat' dir='ltr'><strong>vitam</strong></span> <span class='ocrx_word' id='word_1_85' title='bbox 881 1177 1075 1232; x_wconf 88' lang='lat' dir='ltr'><strong>ﬁnivit.</strong></span> 
     </span>
    </p>
   </div>
   <div class='ocr_carea' id='block_1_13' title="bbox 593 1261 2102 1328">
    <p class='ocr_par' dir='ltr' id='par_1_13' title="bbox 593 1261 2102 1328">
     <span class='ocr_line' id='line_1_13' title="bbox 593 1261 2102 1328; baseline -0.007 -1"><span class='ocrx_word' id='word_1_86' title='bbox 593 1274 726 1327; x_wconf 70' lang='lat' dir='ltr'><strong>Nos.</strong></span> <span class='ocrx_word' id='word_1_87' title='bbox 757 1271 920 1328; x_wconf 79' lang='lat' dir='ltr'><strong>Juut.</strong></span> <span class='ocrx_word' id='word_1_88' title='bbox 948 1269 1005 1323; x_wconf 91' lang='lat' dir='ltr'><strong>In</strong></span> <span class='ocrx_word' id='word_1_89' title='bbox 1034 1265 1358 1322; x_wconf 84' lang='lat' dir='ltr'><strong>Alexandria</strong></span> <span class='ocrx_word' id='word_1_90' title='bbox 1386 1263 1565 1318; x_wconf 85' lang='lat' dir='ltr'><strong>natale</strong></span> <span class='ocrx_word' id='word_1_91' title='bbox 1596 1262 1872 1328; x_wconf 90' lang='lat' dir='ltr'><strong>Parmeni,</strong></span> <span class='ocrx_word' id='word_1_92' title='bbox 1904 1261 2102 1317; x_wconf 87' lang='lat' dir='ltr'><strong>Eraclii</strong></span> 
     </span>
    </p>
   </div>
   <div class='ocr_carea' id='block_1_14' title="bbox 526 1353 2105 1435">
    <p class='ocr_par' dir='ltr' id='par_1_14' title="bbox 526 1353 2105 1435">
     <span class='ocr_line' id='line_1_14' title="bbox 526 1353 2105 1435; baseline -0.005 -19"><span class='ocrx_word' id='word_1_93' title='bbox 526 1360 829 1435; x_wconf 75' lang='lat' dir='ltr'><strong>[Heraclii],</strong></span> <span class='ocrx_word' id='word_1_94' title='bbox 853 1359 1042 1423; x_wconf 71' lang='lat' dir='ltr'><strong>Ilelim,</strong></span> <span class='ocrx_word' id='word_1_95' title='bbox 1066 1356 1355 1427; x_wconf 86' lang='lat' dir='ltr'><strong>Apollonii,</strong></span> <span class='ocrx_word' id='word_1_96' title='bbox 1372 1354 1566 1421; x_wconf 87' lang='lat' dir='ltr'><strong>Anovi,</strong></span> <span class='ocrx_word' id='word_1_97' title='bbox 1591 1362 1647 1408; x_wconf 87' lang='lat' dir='ltr'><strong>et</strong></span> <span class='ocrx_word' id='word_1_98' title='bbox 1666 1353 1894 1408; x_wconf 89' lang='lat' dir='ltr'><strong>aliorum</strong></span> <span class='ocrx_word' id='word_1_99' title='bbox 1916 1353 2105 1408; x_wconf 87' lang='lat' dir='ltr'><strong>decem</strong></span> 
     </span>
    </p>
   </div>
   <div class='ocr_carea' id='block_1_15' title="bbox 522 1461 1171 1521">
    <p class='ocr_par' dir='ltr' id='par_1_15' title="bbox 522 1461 1171 1521">
     <span class='ocr_line' id='line_1_15' title="bbox 522 1461 1171 1521; baseline -0.009 -15"><span class='ocrx_word' id='word_1_100' title='bbox 522 1462 583 1506; x_wconf 79' lang='lat' dir='ltr'><strong>et</strong></span> <span class='ocrx_word' id='word_1_101' title='bbox 604 1461 746 1506; x_wconf 86' lang='lat' dir='ltr'><strong>octo.</strong></span> <span class='ocrx_word' id='word_1_102' title='bbox 1154 1498 1171 1521; x_wconf 47' lang='grc' dir='ltr'><strong>τ</strong></span> 
     </span>
    </p>
   </div>
   <div class='ocr_carea' id='block_1_16' title="bbox 594 1532 2104 1605">
    <p class='ocr_par' dir='ltr' id='par_1_16' title="bbox 594 1532 2104 1605">
     <span class='ocr_line' id='line_1_16' title="bbox 594 1532 2104 1605; baseline -0.005 -11"><span class='ocrx_word' id='word_1_103' title='bbox 594 1540 706 1594; x_wconf 80' lang='lat' dir='ltr'><strong>Vili</strong></span> <span class='ocrx_word' id='word_1_104' title='bbox 730 1540 804 1593; x_wconf 84' lang='lat' dir='ltr'><strong>in.</strong></span> <span class='ocrx_word' id='word_1_105' title='bbox 844 1537 1033 1592; x_wconf 88' lang='lat' dir='ltr'><strong>Natale</strong></span> <span class='ocrx_word' id='word_1_106' title='bbox 1058 1536 1305 1605; x_wconf 84' lang='lat' dir='ltr'><strong>Procopii</strong></span> <span class='ocrx_word' id='word_1_107' title='bbox 1330 1534 1382 1588; x_wconf 92' lang='lat' dir='ltr'><strong>in</strong></span> <span class='ocrx_word' id='word_1_108' title='bbox 1409 1534 1691 1589; x_wconf 62' lang='lat' dir='ltr'><strong>Palaestina</strong></span> <span class='ocrx_word' id='word_1_109' title='bbox 1709 1574 1723 1598; x_wconf 97' lang='lat'><strong>,</strong></span> <span class='ocrx_word' id='word_1_110' title='bbox 1748 1534 1840 1603; x_wconf 91' lang='lat' dir='ltr'><strong>qui</strong></span> <span class='ocrx_word' id='word_1_111' title='bbox 1868 1533 1936 1587; x_wconf 89' lang='lat' dir='ltr'><strong>ab</strong></span> <span class='ocrx_word' id='word_1_112' title='bbox 1967 1532 2104 1604; x_wconf 88' lang='lat' dir='ltr'><strong>Scy-</strong></span> 
     </span>
    </p>
   </div>
   <div class='ocr_carea' id='block_1_17' title="bbox 522 1626 2104 1701">
    <p class='ocr_par' dir='ltr' id='par_1_17' title="bbox 522 1626 2104 1701">
     <span class='ocr_line' id='line_1_17' title="bbox 522 1626 2104 1701; baseline -0.004 -15"><span class='ocrx_word' id='word_1_113' title='bbox 522 1632 725 1701; x_wconf 86' lang='lat' dir='ltr'><strong>thopoli</strong></span> <span class='ocrx_word' id='word_1_114' title='bbox 757 1631 953 1693; x_wconf 82' lang='lat' dir='ltr'><strong>ductus</strong></span> <span class='ocrx_word' id='word_1_115' title='bbox 987 1628 1324 1692; x_wconf 64' lang='lat' dir='ltr'><strong>Cmsaream,</strong></span> <span class='ocrx_word' id='word_1_116' title='bbox 1367 1627 1433 1681; x_wconf 88' lang='lat' dir='ltr'><strong>ad</strong></span> <span class='ocrx_word' id='word_1_117' title='bbox 1474 1627 1703 1696; x_wconf 83' lang='lat' dir='ltr'><strong>primam</strong></span> <span class='ocrx_word' id='word_1_118' title='bbox 1738 1626 2104 1696; x_wconf 81' lang='lat' dir='ltr'><strong>responsionis</strong></span> 
     </span>
    </p>
   </div>
   <div class='ocr_carea' id='block_1_18' title="bbox 521 1716 2103 1787">
    <p class='ocr_par' dir='ltr' id='par_1_18' title="bbox 521 1716 2103 1787">
     <span class='ocr_line' id='line_1_18' title="bbox 521 1716 2103 1787; baseline -0.002 -12"><span class='ocrx_word' id='word_1_119' title='bbox 521 1736 632 1776; x_wconf 82' lang='lat' dir='ltr'><strong>suae</strong></span> <span class='ocrx_word' id='word_1_120' title='bbox 657 1719 1040 1776; x_wconf 86' lang='lat' dir='ltr'><strong>conﬁdentiam</strong></span> <span class='ocrx_word' id='word_1_121' title='bbox 1068 1719 1211 1773; x_wconf 87' lang='lat' dir='ltr'><strong>irato</strong></span> <span class='ocrx_word' id='word_1_122' title='bbox 1230 1717 1413 1787; x_wconf 86' lang='lat' dir='ltr'><strong>judice</strong></span> <span class='ocrx_word' id='word_1_123' title='bbox 1444 1716 1701 1771; x_wconf 80' lang='lat' dir='ltr'><strong>Flaviano</strong></span> <span class='ocrx_word' id='word_1_124' title='bbox 1735 1717 1909 1786; x_wconf 85' lang='lat' dir='ltr'><strong>capite</strong></span> <span class='ocrx_word' id='word_1_125' title='bbox 1926 1732 2103 1773; x_wconf 78' lang='lat' dir='ltr'><strong>caesus</strong></span> 
     </span>
    </p>
   </div>
   <div class='ocr_carea' id='block_1_19' title="bbox 2206 536 3795 609">
    <p class='ocr_par' dir='ltr' id='par_1_19' title="bbox 2206 536 3795 609">
     <span class='ocr_line' id='line_1_19' title="bbox 2206 536 3795 609; baseline 0.008 -20"><span class='ocrx_word' id='word_1_126' title='bbox 2206 537 2630 592; x_wconf 84' lang='lat' dir='ltr'><strong>maecrationem</strong></span> <span class='ocrx_word' id='word_1_127' title='bbox 2660 536 2954 609; x_wconf 82' lang='lat' dir='ltr'><strong>plumbatis</strong></span> <span class='ocrx_word' id='word_1_128' title='bbox 2983 538 3198 597; x_wconf 88' lang='lat' dir='ltr'><strong>occisus</strong></span> <span class='ocrx_word' id='word_1_129' title='bbox 3239 550 3343 594; x_wconf 89' lang='lat' dir='ltr'><strong>est.</strong></span> <span class='ocrx_word' id='word_1_130' title='bbox 3373 538 3526 596; x_wconf 81' lang='lat' dir='ltr'><strong>Felix</strong></span> <span class='ocrx_word' id='word_1_131' title='bbox 3561 558 3631 599; x_wconf 87' lang='lat' dir='ltr'><strong>ac</strong></span> <span class='ocrx_word' id='word_1_132' title='bbox 3668 543 3795 600; x_wconf 87' lang='lat' dir='ltr'><strong>Phi-</strong></span> 
     </span>
    </p>
   </div>
   <div class='ocr_carea' id='block_1_20' title="bbox 2204 621 3797 704">
    <p class='ocr_par' dir='ltr' id='par_1_20' title="bbox 2204 621 3797 704">
     <span class='ocr_line' id='line_1_20' title="bbox 2204 621 3797 704; baseline 0.003 -27"><span class='ocrx_word' id='word_1_133' title='bbox 2204 621 2381 694; x_wconf 83' lang='lat' dir='ltr'><strong>lippus</strong></span> <span class='ocrx_word' id='word_1_134' title='bbox 2406 623 2639 681; x_wconf 89' lang='lat' dir='ltr'><strong>fustibus</strong></span> <span class='ocrx_word' id='word_1_135' title='bbox 2674 628 2918 683; x_wconf 84' lang='lat' dir='ltr'><strong>mactati.</strong></span> <span class='ocrx_word' id='word_1_136' title='bbox 2954 626 3175 682; x_wconf 87' lang='lat' dir='ltr'><strong>Silanus</strong></span> <span class='ocrx_word' id='word_1_137' title='bbox 3215 625 3515 700; x_wconf 67' lang='lat' dir='ltr'><strong>[Silvanus]</strong></span> <span class='ocrx_word' id='word_1_138' title='bbox 3546 630 3797 704; x_wconf 70' lang='grc' dir='ltr'><strong>ρι’πεὶρί-</strong></span> 
     </span>
    </p>
   </div>
   <div class='ocr_carea' id='block_1_21' title="bbox 2190 711 3797 783">
    <p class='ocr_par' dir='ltr' id='par_1_21' title="bbox 2190 711 3797 783">
     <span class='ocr_line' id='line_1_21' title="bbox 2190 711 3797 783; baseline 0.006 -17"><span class='ocrx_word' id='word_1_139' title='bbox 2190 711 2279 766; x_wconf 53' lang='lat' dir='ltr'><strong>vtio</strong></span> <span class='ocrx_word' id='word_1_140' title='bbox 2310 712 2686 783; x_wconf 88' lang='lat' dir='ltr'><strong>interemptus.</strong></span> <span class='ocrx_word' id='word_1_141' title='bbox 2714 714 3042 780; x_wconf 80' lang='lat' dir='ltr'><strong>Alexander,</strong></span> <span class='ocrx_word' id='word_1_142' title='bbox 3071 714 3265 771; x_wconf 80' lang='lat' dir='ltr'><strong>Vitalis</strong></span> <span class='ocrx_word' id='word_1_143' title='bbox 3305 725 3359 771; x_wconf 89' lang='lat' dir='ltr'><strong>et</strong></span> <span class='ocrx_word' id='word_1_144' title='bbox 3402 716 3670 777; x_wconf 78' lang='lat' dir='ltr'><strong>Martialis</strong></span> <span class='ocrx_word' id='word_1_145' title='bbox 3703 736 3797 775; x_wconf 86' lang='lat' dir='ltr'><strong>ea-</strong></span> 
     </span>
    </p>
   </div>
   <div class='ocr_carea' id='block_1_22' title="bbox 2204 805 3796 876">
    <p class='ocr_par' dir='ltr' id='par_1_22' title="bbox 2204 805 3796 876">
     <span class='ocr_line' id='line_1_22' title="bbox 2204 805 3796 876; baseline 0.005 -17"><span class='ocrx_word' id='word_1_146' title='bbox 2204 805 2355 874; x_wconf 88' lang='lat' dir='ltr'><strong>pitali</strong></span> <span class='ocrx_word' id='word_1_147' title='bbox 2386 807 2653 861; x_wconf 83' lang='lat' dir='ltr'><strong>sententia</strong></span> <span class='ocrx_word' id='word_1_148' title='bbox 2681 807 2874 876; x_wconf 89' lang='lat' dir='ltr'><strong>puniti.</strong></span> <span class='ocrx_word' id='word_1_149' title='bbox 2905 806 3108 865; x_wconf 87' lang='lat' dir='ltr'><strong>Eodem</strong></span> <span class='ocrx_word' id='word_1_150' title='bbox 3135 809 3222 864; x_wconf 91' lang='lat' dir='ltr'><strong>die</strong></span> <span class='ocrx_word' id='word_1_151' title='bbox 3249 810 3428 865; x_wconf 87' lang='lat' dir='ltr'><strong>natale</strong></span> <span class='ocrx_word' id='word_1_152' title='bbox 3453 820 3540 871; x_wconf 80' lang='lat' dir='ltr'><strong>est</strong></span> <span class='ocrx_word' id='word_1_153' title='bbox 3585 811 3796 871; x_wconf 56' lang='lat' dir='ltr'><strong>Ruﬁna</strong></span> 
     </span>
    </p>
   </div>
   <div class='ocr_carea' id='block_1_23' title="bbox 2203 895 3797 969">
    <p class='ocr_par' dir='ltr' id='par_1_23' title="bbox 2203 895 3797 969">
     <span class='ocr_line' id='line_1_23' title="bbox 2203 895 3797 969; baseline 0.006 -20"><span class='ocrx_word' id='word_1_154' title='bbox 2203 905 2258 949; x_wconf 90' lang='lat' dir='ltr'><strong>et</strong></span> <span class='ocrx_word' id='word_1_155' title='bbox 2280 895 2563 962; x_wconf 74' lang='lat' dir='ltr'><strong>Secundae,</strong></span> <span class='ocrx_word' id='word_1_156' title='bbox 2594 898 2822 952; x_wconf 87' lang='lat' dir='ltr'><strong>duarum</strong></span> <span class='ocrx_word' id='word_1_157' title='bbox 2852 913 3124 963; x_wconf 86' lang='lat' dir='ltr'><strong>sororum,</strong></span> <span class='ocrx_word' id='word_1_158' title='bbox 3153 913 3274 968; x_wconf 64' lang='lat' dir='ltr'><strong>qua:</strong></span> <span class='ocrx_word' id='word_1_159' title='bbox 3294 901 3398 956; x_wconf 90' lang='lat' dir='ltr'><strong>sub</strong></span> <span class='ocrx_word' id='word_1_160' title='bbox 3416 902 3797 969; x_wconf 77' lang='lat' dir='ltr'><strong>persecutione</strong></span> 
     </span>
    </p>
   </div>
   <div class='ocr_carea' id='block_1_24' title="bbox 2209 986 3795 1060">
    <p class='ocr_par' dir='ltr' id='par_1_24' title="bbox 2209 986 3795 1060">
     <span class='ocr_line' id='line_1_24' title="bbox 2209 986 3795 1060; baseline 0.006 -22"><span class='ocrx_word' id='word_1_161' title='bbox 2209 986 2476 1040; x_wconf 75' lang='lat' dir='ltr'><strong>Valeriani</strong></span> <span class='ocrx_word' id='word_1_162' title='bbox 2525 996 2580 1043; x_wconf 90' lang='lat' dir='ltr'><strong>et</strong></span> <span class='ocrx_word' id='word_1_163' title='bbox 2619 987 2846 1049; x_wconf 82' lang='lat' dir='ltr'><strong>Gallieni</strong></span> <span class='ocrx_word' id='word_1_164' title='bbox 2890 989 3254 1060; x_wconf 83' lang='lat' dir='ltr'><strong>Augustorum</strong></span> <span class='ocrx_word' id='word_1_165' title='bbox 3303 1006 3401 1060; x_wconf 87' lang='lat' dir='ltr'><strong>per</strong></span> <span class='ocrx_word' id='word_1_166' title='bbox 3446 992 3795 1053; x_wconf 72' lang='lat' dir='ltr'><strong>sceleratissi-</strong></span> 
     </span>
    </p>
   </div>
   <div class='ocr_carea' id='block_1_25' title="bbox 2205 1076 3791 1150">
    <p class='ocr_par' dir='ltr' id='par_1_25' title="bbox 2205 1076 3791 1150">
     <span class='ocr_line' id='line_1_25' title="bbox 2205 1076 3791 1150; baseline 0.006 -21"><span class='ocrx_word' id='word_1_167' title='bbox 2205 1093 2351 1130; x_wconf 90' lang='lat' dir='ltr'><strong>mum</strong></span> <span class='ocrx_word' id='word_1_168' title='bbox 2382 1076 2703 1148; x_wconf 47' lang='lat' dir='ltr'><strong>praefectum</strong></span> <span class='ocrx_word' id='word_1_169' title='bbox 2726 1078 3116 1147; x_wconf 84' lang='lat' dir='ltr'><strong>Arebisilaum,</strong></span> <span class='ocrx_word' id='word_1_170' title='bbox 3139 1095 3206 1136; x_wconf 91' lang='lat' dir='ltr'><strong>eo</strong></span> <span class='ocrx_word' id='word_1_171' title='bbox 3232 1083 3377 1150; x_wconf 86' lang='lat' dir='ltr'><strong>quod</strong></span> <span class='ocrx_word' id='word_1_172' title='bbox 3403 1081 3565 1140; x_wconf 83' lang='lat' dir='ltr'><strong>ﬁdem</strong></span> <span class='ocrx_word' id='word_1_173' title='bbox 3586 1082 3791 1142; x_wconf 78' lang='lat' dir='ltr'><strong>Christi</strong></span> 
     </span>
    </p>
   </div>
   <div class='ocr_carea' id='block_1_26' title="bbox 2205 1171 3792 1246">
    <p class='ocr_par' dir='ltr' id='par_1_26' title="bbox 2205 1171 3792 1246">
     <span class='ocr_line' id='line_1_26' title="bbox 2205 1171 3792 1246; baseline 0.004 -22"><span class='ocrx_word' id='word_1_174' title='bbox 2205 1184 2404 1239; x_wconf 87' lang='lat' dir='ltr'><strong>negare</strong></span> <span class='ocrx_word' id='word_1_175' title='bbox 2451 1178 2508 1224; x_wconf 90' lang='lat' dir='ltr'><strong>et</strong></span> <span class='ocrx_word' id='word_1_176' title='bbox 2559 1171 2927 1241; x_wconf 77' lang='lat' dir='ltr'><strong>virginitatem</strong></span> <span class='ocrx_word' id='word_1_177' title='bbox 2991 1172 3219 1242; x_wconf 85' lang='lat' dir='ltr'><strong>perdere</strong></span> <span class='ocrx_word' id='word_1_178' title='bbox 3280 1173 3608 1240; x_wconf 86' lang='lat' dir='ltr'><strong>noluerunt,</strong></span> <span class='ocrx_word' id='word_1_179' title='bbox 3671 1184 3792 1246; x_wconf 88' lang='lat' dir='ltr'><strong>post</strong></span> 
     </span>
    </p>
   </div>
   <div class='ocr_carea' id='block_1_27' title="bbox 2204 1263 3791 1336">
    <p class='ocr_par' dir='ltr' id='par_1_27' title="bbox 2204 1263 3791 1336">
     <span class='ocr_line' id='line_1_27' title="bbox 2204 1263 3791 1336; baseline 0.004 -23"><span class='ocrx_word' id='word_1_180' title='bbox 2204 1264 2353 1319; x_wconf 87' lang='lat' dir='ltr'><strong>varia</strong></span> <span class='ocrx_word' id='word_1_181' title='bbox 2395 1271 2664 1319; x_wconf 88' lang='lat' dir='ltr'><strong>tormenta</strong></span> <span class='ocrx_word' id='word_1_182' title='bbox 2700 1280 2820 1334; x_wconf 60' lang='lat' dir='ltr'><strong>quae</strong></span> <span class='ocrx_word' id='word_1_183' title='bbox 2867 1265 2950 1321; x_wconf 92' lang='lat' dir='ltr'><strong>eis</strong></span> <span class='ocrx_word' id='word_1_184' title='bbox 2983 1263 3206 1330; x_wconf 81' lang='lat' dir='ltr'><strong>inﬂixit,</strong></span> <span class='ocrx_word' id='word_1_185' title='bbox 3261 1266 3328 1320; x_wconf 89' lang='lat' dir='ltr'><strong>ab</strong></span> <span class='ocrx_word' id='word_1_186' title='bbox 3369 1266 3487 1336; x_wconf 90' lang='lat' dir='ltr'><strong>ipso</strong></span> <span class='ocrx_word' id='word_1_187' title='bbox 3536 1267 3791 1324; x_wconf 86' lang='lat' dir='ltr'><strong>decollati</strong></span> 
     </span>
    </p>
   </div>
   <div class='ocr_carea' id='block_1_28' title="bbox 2205 1364 2348 1410">
    <p class='ocr_par' dir='ltr' id='par_1_28' title="bbox 2205 1364 2348 1410">
     <span class='ocr_line' id='line_1_28' title="bbox 2205 1364 2348 1410; baseline -0.014 0"><span class='ocrx_word' id='word_1_188' title='bbox 2205 1364 2348 1410; x_wconf 85' lang='lat' dir='ltr'><strong>sunt.</strong></span> 
     </span>
    </p>
   </div>
   <div class='ocr_carea' id='block_1_29' title="bbox 2277 1446 3788 1519">
    <p class='ocr_par' dir='ltr' id='par_1_29' title="bbox 2277 1446 3788 1519">
     <span class='ocr_line' id='line_1_29' title="bbox 2277 1446 3788 1519; baseline 0.002 -18"><span class='ocrx_word' id='word_1_189' title='bbox 2277 1447 2320 1502; x_wconf 84' lang='lat' dir='ltr'><strong>V</strong></span> <span class='ocrx_word' id='word_1_190' title='bbox 2354 1447 2429 1501; x_wconf 90' lang='lat' dir='ltr'><strong>in.</strong></span> <span class='ocrx_word' id='word_1_191' title='bbox 2465 1446 2524 1501; x_wconf 92' lang='lat' dir='ltr'><strong>In</strong></span> <span class='ocrx_word' id='word_1_192' title='bbox 2552 1446 2760 1513; x_wconf 87' lang='lat' dir='ltr'><strong>Africa,</strong></span> <span class='ocrx_word' id='word_1_193' title='bbox 2796 1447 3053 1514; x_wconf 86' lang='lat' dir='ltr'><strong>Mariani,</strong></span> <span class='ocrx_word' id='word_1_194' title='bbox 3095 1456 3154 1505; x_wconf 90' lang='lat' dir='ltr'><strong>et</strong></span> <span class='ocrx_word' id='word_1_195' title='bbox 3198 1449 3464 1519; x_wconf 88' lang='lat' dir='ltr'><strong>depositio</strong></span> <span class='ocrx_word' id='word_1_196' title='bbox 3509 1450 3788 1505; x_wconf 85' lang='lat' dir='ltr'><strong>Benedicti</strong></span> 
     </span>
    </p>
   </div>
   <div class='ocr_carea' id='block_1_30' title="bbox 2205 1538 3785 1617">
    <p class='ocr_par' dir='ltr' id='par_1_30' title="bbox 2205 1538 3785 1617">
     <span class='ocr_line' id='line_1_30' title="bbox 2205 1538 3785 1617; baseline 0.002 -23"><span class='ocrx_word' id='word_1_197' title='bbox 2205 1540 2415 1595; x_wconf 86' lang='lat' dir='ltr'><strong>abbatis</strong></span> <span class='ocrx_word' id='word_1_198' title='bbox 2445 1548 2499 1594; x_wconf 88' lang='lat' dir='ltr'><strong>et</strong></span> <span class='ocrx_word' id='word_1_199' title='bbox 2525 1538 2792 1595; x_wconf 82' lang='lat' dir='ltr'><strong>Januarii.</strong></span> <span class='ocrx_word' id='word_1_200' title='bbox 2838 1541 2896 1596; x_wconf 91' lang='lat' dir='ltr'><strong>in</strong></span> <span class='ocrx_word' id='word_1_201' title='bbox 2944 1540 3201 1598; x_wconf 83' lang='lat' dir='ltr'><strong>Armenia</strong></span> <span class='ocrx_word' id='word_1_202' title='bbox 3243 1543 3467 1599; x_wconf 79' lang='lat' dir='ltr'><strong>civitate</strong></span> <span class='ocrx_word' id='word_1_203' title='bbox 3507 1544 3785 1617; x_wconf 72' lang='lat' dir='ltr'><strong>Nicopoli,</strong></span> 
     </span>
    </p>
   </div>
   <div class='ocr_carea' id='block_1_31' title="bbox 2205 1629 3789 1707">
    <p class='ocr_par' dir='ltr' id='par_1_31' title="bbox 2205 1629 3789 1707">
     <span class='ocr_line' id='line_1_31' title="bbox 2205 1629 3789 1707; baseline 0.003 -22"><span class='ocrx_word' id='word_1_204' title='bbox 2205 1631 2335 1685; x_wconf 89' lang='lat' dir='ltr'><strong>item</strong></span> <span class='ocrx_word' id='word_1_205' title='bbox 2371 1629 2612 1685; x_wconf 87' lang='lat' dir='ltr'><strong>Januarii</strong></span> <span class='ocrx_word' id='word_1_206' title='bbox 2665 1639 2719 1686; x_wconf 88' lang='lat' dir='ltr'><strong>et</strong></span> <span class='ocrx_word' id='word_1_207' title='bbox 2759 1631 3024 1707; x_wconf 58' lang='lat' dir='ltr'><strong>Pelagia},</strong></span> <span class='ocrx_word' id='word_1_208' title='bbox 3076 1633 3168 1704; x_wconf 91' lang='lat' dir='ltr'><strong>qui</strong></span> <span class='ocrx_word' id='word_1_209' title='bbox 3209 1636 3496 1691; x_wconf 82' lang='lat' dir='ltr'><strong>tormentis</strong></span> <span class='ocrx_word' id='word_1_210' title='bbox 3549 1636 3789 1701; x_wconf 87' lang='lat' dir='ltr'><strong>subditi,</strong></span> 
     </span>
    </p>
   </div>
   <div class='ocr_carea' id='block_1_32' title="bbox 2206 1720 3783 1796">
    <p class='ocr_par' dir='ltr' id='par_1_32' title="bbox 2206 1720 3783 1796">
     <span class='ocr_line' id='line_1_32' title="bbox 2206 1720 3783 1796; baseline 0.003 -21"><span class='ocrx_word' id='word_1_211' title='bbox 2206 1736 2311 1775; x_wconf 92' lang='lat' dir='ltr'><strong>non</strong></span> <span class='ocrx_word' id='word_1_212' title='bbox 2350 1720 2522 1775; x_wconf 75' lang='lat' dir='ltr'><strong>Solum</strong></span> <span class='ocrx_word' id='word_1_213' title='bbox 2562 1720 2802 1793; x_wconf 91' lang='lat' dir='ltr'><strong>ungulis,</strong></span> <span class='ocrx_word' id='word_1_214' title='bbox 2853 1725 2947 1778; x_wconf 90' lang='lat' dir='ltr'><strong>sed</strong></span> <span class='ocrx_word' id='word_1_215' title='bbox 2991 1731 3046 1778; x_wconf 92' lang='lat' dir='ltr'><strong>et</strong></span> <span class='ocrx_word' id='word_1_216' title='bbox 3094 1732 3270 1790; x_wconf 82' lang='lat' dir='ltr'><strong>testa,</strong></span> <span class='ocrx_word' id='word_1_217' title='bbox 3317 1740 3551 1796; x_wconf 88' lang='lat' dir='ltr'><strong>corpora</strong></span> <span class='ocrx_word' id='word_1_218' title='bbox 3596 1740 3783 1780; x_wconf 88' lang='lat' dir='ltr'><strong>eorum</strong></span> 
     </span>
    </p>
   </div>
   <div class='ocr_carea' id='block_1_33' title="bbox 520 1803 3787 1888">
    <p class='ocr_par' dir='ltr' id='par_1_33' title="bbox 520 1803 3787 1888">
     <span class='ocr_line' id='line_1_33' title="bbox 520 1803 3787 1888; baseline -0.002 -20"><span class='ocrx_word' id='word_1_219' title='bbox 520 1822 622 1868; x_wconf 89' lang='lat' dir='ltr'><strong>est.</strong></span> <span class='ocrx_word' id='word_1_220' title='bbox 654 1813 710 1868; x_wconf 87' lang='lat' dir='ltr'><strong>In</strong></span> <span class='ocrx_word' id='word_1_221' title='bbox 753 1827 890 1882; x_wconf 82' lang='lat' dir='ltr'><strong>pago</strong></span> <span class='ocrx_word' id='word_1_222' title='bbox 931 1810 1200 1875; x_wconf 68' lang='lat' dir='ltr'><strong>Austrize,</strong></span> <span class='ocrx_word' id='word_1_223' title='bbox 1235 1817 1290 1863; x_wconf 91' lang='lat' dir='ltr'><strong>et</strong></span> <span class='ocrx_word' id='word_1_224' title='bbox 1325 1816 1506 1864; x_wconf 80' lang='lat' dir='ltr'><strong>castro</strong></span> <span class='ocrx_word' id='word_1_225' title='bbox 1548 1807 1763 1865; x_wconf 78' lang='lat' dir='ltr'><strong>nomine</strong></span> <span class='ocrx_word' id='word_1_226' title='bbox 1789 1807 2099 1877; x_wconf 79' lang='lat' dir='ltr'><strong>Wirziburg</strong></span> <span class='ocrx_word' id='word_1_227' title='bbox 2130 1803 2175 1860; x_wconf 80' lang='grc' dir='ltr'>Β</span> <span class='ocrx_word' id='word_1_228' title='bbox 2203 1829 2375 1885; x_wconf 55' lang='lat' dir='ltr'><strong>usque</strong></span> <span class='ocrx_word' id='word_1_229' title='bbox 2425 1816 2480 1870; x_wconf 81' lang='lat' dir='ltr'><strong>in</strong></span> <span class='ocrx_word' id='word_1_230' title='bbox 2529 1817 2675 1875; x_wconf 79' lang='lat' dir='ltr'><strong>diem</strong></span> <span class='ocrx_word' id='word_1_231' title='bbox 2713 1824 2967 1887; x_wconf 70' lang='lat' dir='ltr'><strong>quartum</strong></span> <span class='ocrx_word' id='word_1_232' title='bbox 3019 1817 3144 1873; x_wconf 82' lang='lat' dir='ltr'><strong>ldus</strong></span> <span class='ocrx_word' id='word_1_233' title='bbox 3196 1818 3443 1873; x_wconf 79' lang='lat' dir='ltr'><strong>eamdem</strong></span> <span class='ocrx_word' id='word_1_234' title='bbox 3480 1818 3787 1888; x_wconf 77' lang='lat' dir='ltr'><strong>passionem</strong></span> 
     </span>
    </p>
   </div>
   <div class='ocr_carea' id='block_1_34' title="bbox 520 1896 2103 1973">
    <p class='ocr_par' dir='ltr' id='par_1_34' title="bbox 520 1896 2103 1973">
     <span class='ocr_line' id='line_1_34' title="bbox 520 1896 2103 1973; baseline -0.003 -16"><span class='ocrx_word' id='word_1_235' title='bbox 520 1903 673 1973; x_wconf 82' lang='lat' dir='ltr'><strong>juxta</strong></span> <span class='ocrx_word' id='word_1_236' title='bbox 701 1902 843 1963; x_wconf 86' lang='lat' dir='ltr'><strong>Moin</strong></span> <span class='ocrx_word' id='word_1_237' title='bbox 878 1900 1097 1957; x_wconf 83' lang='lat' dir='ltr'><strong>ﬂuvium</strong></span> <span class='ocrx_word' id='word_1_238' title='bbox 1136 1907 1449 1955; x_wconf 86' lang='lat' dir='ltr'><strong>sanctorum</strong></span> <span class='ocrx_word' id='word_1_239' title='bbox 1482 1897 1663 1957; x_wconf 81' lang='lat' dir='ltr'><strong>natale</strong></span> <span class='ocrx_word' id='word_1_240' title='bbox 1691 1896 1923 1955; x_wconf 76' lang='lat' dir='ltr'><strong>Cliiliani</strong></span> <span class='ocrx_word' id='word_1_241' title='bbox 1957 1912 2103 1953; x_wconf 87' lang='lat' dir='ltr'><strong>mar-</strong></span> 
     </span>
    </p>
   </div>
   <div class='ocr_carea' id='block_1_35' title="bbox 523 1986 2103 2064">
    <p class='ocr_par' dir='ltr' id='par_1_35' title="bbox 523 1986 2103 2064">
     <span class='ocr_line' id='line_1_35' title="bbox 523 1986 2103 2064; baseline -0.004 -15"><span class='ocrx_word' id='word_1_242' title='bbox 523 1994 687 2064; x_wconf 86' lang='lat' dir='ltr'><strong>tyris,</strong></span> <span class='ocrx_word' id='word_1_243' title='bbox 729 2000 785 2047; x_wconf 90' lang='lat' dir='ltr'><strong>et</strong></span> <span class='ocrx_word' id='word_1_244' title='bbox 831 1992 1059 2049; x_wconf 84' lang='lat' dir='ltr'><strong>duorum</strong></span> <span class='ocrx_word' id='word_1_245' title='bbox 1107 1989 1379 2047; x_wconf 87' lang='lat' dir='ltr'><strong>sociorum</strong></span> <span class='ocrx_word' id='word_1_246' title='bbox 1423 1987 1571 2058; x_wconf 82' lang='lat' dir='ltr'><strong>ejus,</strong></span> <span class='ocrx_word' id='word_1_247' title='bbox 1604 1987 1697 2057; x_wconf 87' lang='lat' dir='ltr'><strong>qui</strong></span> <span class='ocrx_word' id='word_1_248' title='bbox 1742 1988 1813 2043; x_wconf 87' lang='lat' dir='ltr'><strong>ab</strong></span> <span class='ocrx_word' id='word_1_249' title='bbox 1846 1986 2103 2043; x_wconf 85' lang='lat' dir='ltr'><strong>Hibernia</strong></span> 
     </span>
    </p>
   </div>
   <div class='ocr_carea' id='block_1_36' title="bbox 522 2076 2105 2146">
    <p class='ocr_par' dir='ltr' id='par_1_36' title="bbox 522 2076 2105 2146">
     <span class='ocr_line' id='line_1_36' title="bbox 522 2076 2105 2146; baseline -0.007 -6"><span class='ocrx_word' id='word_1_250' title='bbox 522 2083 804 2140; x_wconf 86' lang='lat' dir='ltr'><strong>Scotorum</strong></span> <span class='ocrx_word' id='word_1_251' title='bbox 834 2080 1006 2136; x_wconf 88' lang='lat' dir='ltr'><strong>insula</strong></span> <span class='ocrx_word' id='word_1_252' title='bbox 1035 2080 1338 2143; x_wconf 83' lang='lat' dir='ltr'><strong>venientes,</strong></span> <span class='ocrx_word' id='word_1_253' title='bbox 1365 2093 1563 2133; x_wconf 86' lang='lat' dir='ltr'><strong>nomen</strong></span> <span class='ocrx_word' id='word_1_254' title='bbox 1590 2076 1790 2135; x_wconf 87' lang='lat' dir='ltr'><strong>Christi</strong></span> <span class='ocrx_word' id='word_1_255' title='bbox 1823 2076 1876 2134; x_wconf 89' lang='lat' dir='ltr'><strong>in</strong></span> <span class='ocrx_word' id='word_1_256' title='bbox 1908 2076 2105 2146; x_wconf 81' lang='lat' dir='ltr'><strong>praedi-</strong></span> 
     </span>
    </p>
   </div>
   <div class='ocr_carea' id='block_1_37' title="bbox 525 2166 2100 2243">
    <p class='ocr_par' dir='ltr' id='par_1_37' title="bbox 525 2166 2100 2243">
     <span class='ocr_line' id='line_1_37' title="bbox 525 2166 2100 2243; baseline -0.007 -10"><span class='ocrx_word' id='word_1_257' title='bbox 525 2176 629 2233; x_wconf 90' lang='lat' dir='ltr'><strong>ctis</strong></span> <span class='ocrx_word' id='word_1_258' title='bbox 660 2174 792 2233; x_wconf 88' lang='lat' dir='ltr'><strong>locis</strong></span> <span class='ocrx_word' id='word_1_259' title='bbox 822 2172 1280 2243; x_wconf 66' lang='lat' dir='ltr'><strong>praedicaverunt;</strong></span> <span class='ocrx_word' id='word_1_260' title='bbox 1311 2169 1492 2238; x_wconf 86' lang='lat' dir='ltr'><strong>ibique</strong></span> <span class='ocrx_word' id='word_1_261' title='bbox 1520 2169 1589 2226; x_wconf 88' lang='lat' dir='ltr'><strong>ob</strong></span> <span class='ocrx_word' id='word_1_262' title='bbox 1614 2168 1858 2224; x_wconf 80' lang='lat' dir='ltr'><strong>veritatis</strong></span> <span class='ocrx_word' id='word_1_263' title='bbox 1887 2166 2100 2222; x_wconf 89' lang='lat' dir='ltr'><strong>confes—</strong></span> 
     </span>
    </p>
   </div>
   <div class='ocr_carea' id='block_1_38' title="bbox 522 2256 2103 2333">
    <p class='ocr_par' dir='ltr' id='par_1_38' title="bbox 522 2256 2103 2333">
     <span class='ocr_line' id='line_1_38' title="bbox 522 2256 2103 2333; baseline -0.005 -12"><span class='ocrx_word' id='word_1_264' title='bbox 522 2267 728 2322; x_wconf 89' lang='lat' dir='ltr'><strong>sionem</strong></span> <span class='ocrx_word' id='word_1_265' title='bbox 773 2279 803 2318; x_wconf 91' lang='lat' dir='ltr'><strong>a</strong></span> <span class='ocrx_word' id='word_1_266' title='bbox 844 2262 1077 2333; x_wconf 85' lang='lat' dir='ltr'><strong>quodam</strong></span> <span class='ocrx_word' id='word_1_267' title='bbox 1115 2260 1297 2331; x_wconf 87' lang='lat' dir='ltr'><strong>judice</strong></span> <span class='ocrx_word' id='word_1_268' title='bbox 1347 2259 1535 2328; x_wconf 89' lang='lat' dir='ltr'><strong>iniquo</strong></span> <span class='ocrx_word' id='word_1_269' title='bbox 1571 2257 1790 2315; x_wconf 86' lang='lat' dir='ltr'><strong>nomine</strong></span> <span class='ocrx_word' id='word_1_270' title='bbox 1834 2256 2103 2314; x_wconf 76' lang='lat' dir='ltr'><strong>Gozberto</strong></span> 
     </span>
    </p>
   </div>
   <div class='ocr_carea' id='block_1_39' title="bbox 525 2347 2103 2421">
    <p class='ocr_par' dir='ltr' id='par_1_39' title="bbox 525 2347 2103 2421">
     <span class='ocr_line' id='line_1_39' title="bbox 525 2347 2103 2421; baseline -0.006 -8"><span class='ocrx_word' id='word_1_271' title='bbox 525 2354 783 2414; x_wconf 88' lang='lat' dir='ltr'><strong>trucidati</strong></span> <span class='ocrx_word' id='word_1_272' title='bbox 824 2360 980 2417; x_wconf 87' lang='lat' dir='ltr'><strong>sunt,</strong></span> <span class='ocrx_word' id='word_1_273' title='bbox 1022 2360 1078 2409; x_wconf 89' lang='lat' dir='ltr'><strong>et</strong></span> <span class='ocrx_word' id='word_1_274' title='bbox 1117 2359 1305 2421; x_wconf 88' lang='lat' dir='ltr'><strong>postea</strong></span> <span class='ocrx_word' id='word_1_275' title='bbox 1333 2349 1521 2407; x_wconf 90' lang='lat' dir='ltr'><strong>multis</strong></span> <span class='ocrx_word' id='word_1_276' title='bbox 1559 2348 1730 2419; x_wconf 83' lang='lat' dir='ltr'><strong>signis</strong></span> <span class='ocrx_word' id='word_1_277' title='bbox 1766 2348 1881 2415; x_wconf 84' lang='lat' dir='ltr'><strong>veri</strong></span> <span class='ocrx_word' id='word_1_278' title='bbox 1900 2347 2103 2404; x_wconf 89' lang='lat' dir='ltr'><strong>Christi</strong></span> 
     </span>
    </p>
   </div>
   <div class='ocr_carea' id='block_1_40' title="bbox 525 2443 1300 2517">
    <p class='ocr_par' dir='ltr' id='par_1_40' title="bbox 525 2443 1300 2517">
     <span class='ocr_line' id='line_1_40' title="bbox 525 2443 1300 2517; baseline -0.008 -15"><span class='ocrx_word' id='word_1_279' title='bbox 525 2456 796 2517; x_wconf 87' lang='lat' dir='ltr'><strong>martyres</strong></span> <span class='ocrx_word' id='word_1_280' title='bbox 821 2459 940 2500; x_wconf 89' lang='lat' dir='ltr'><strong>esse</strong></span> <span class='ocrx_word' id='word_1_281' title='bbox 967 2443 1300 2499; x_wconf 87' lang='lat' dir='ltr'><strong>claruerunt.</strong></span> 
     </span>
    </p>
   </div>
   <div class='ocr_carea' id='block_1_41' title="bbox 592 2530 2104 2603">
    <p class='ocr_par' dir='ltr' id='par_1_41' title="bbox 592 2530 2104 2603">
     <span class='ocr_line' id='line_1_41' title="bbox 592 2530 2104 2603; baseline -0.003 -12"><span class='ocrx_word' id='word_1_282' title='bbox 592 2536 681 2592; x_wconf 76' lang='lat' dir='ltr'><strong>Vli</strong></span> <span class='ocrx_word' id='word_1_283' title='bbox 706 2536 779 2591; x_wconf 81' lang='lat' dir='ltr'><strong>in.</strong></span> <span class='ocrx_word' id='word_1_284' title='bbox 811 2535 865 2589; x_wconf 91' lang='lat' dir='ltr'><strong>in</strong></span> <span class='ocrx_word' id='word_1_285' title='bbox 897 2533 1118 2589; x_wconf 84' lang='lat' dir='ltr'><strong>civitate</strong></span> <span class='ocrx_word' id='word_1_286' title='bbox 1142 2532 1286 2603; x_wconf 84' lang='lat' dir='ltr'><strong>Tyro</strong></span> <span class='ocrx_word' id='word_1_287' title='bbox 1308 2531 1490 2589; x_wconf 89' lang='lat' dir='ltr'><strong>natale</strong></span> <span class='ocrx_word' id='word_1_288' title='bbox 1512 2538 1823 2587; x_wconf 89' lang='lat' dir='ltr'><strong>sanctorum</strong></span> <span class='ocrx_word' id='word_1_289' title='bbox 1840 2530 2104 2587; x_wconf 80' lang='lat' dir='ltr'><strong>Anatoliae</strong></span> 
     </span>
    </p>
   </div>
   <div class='ocr_carea' id='block_1_42' title="bbox 519 2622 2102 2697">
    <p class='ocr_par' dir='ltr' id='par_1_42' title="bbox 519 2622 2102 2697">
     <span class='ocr_line' id='line_1_42' title="bbox 519 2622 2102 2697; baseline -0.004 -13"><span class='ocrx_word' id='word_1_290' title='bbox 519 2637 576 2685; x_wconf 92' lang='lat' dir='ltr'><strong>et</strong></span> <span class='ocrx_word' id='word_1_291' title='bbox 594 2627 829 2683; x_wconf 83' lang='lat' dir='ltr'><strong>Audacis</strong></span> <span class='ocrx_word' id='word_1_292' title='bbox 864 2626 964 2681; x_wconf 91' lang='lat' dir='ltr'><strong>sub</strong></span> <span class='ocrx_word' id='word_1_293' title='bbox 1002 2625 1167 2680; x_wconf 88' lang='lat' dir='ltr'><strong>Decio</strong></span> <span class='ocrx_word' id='word_1_294' title='bbox 1202 2624 1564 2697; x_wconf 87' lang='lat' dir='ltr'><strong>imperatore,</strong></span> <span class='ocrx_word' id='word_1_295' title='bbox 1590 2626 1820 2693; x_wconf 74' lang='lat' dir='ltr'><strong>quorum</strong></span> <span class='ocrx_word' id='word_1_296' title='bbox 1851 2622 2102 2684; x_wconf 81' lang='lat' dir='ltr'><strong>Anatolia</strong></span> 
     </span>
    </p>
   </div>
   <div class='ocr_carea' id='block_1_43' title="bbox 519 2715 2106 2780">
    <p class='ocr_par' dir='ltr' id='par_1_43' title="bbox 519 2715 2106 2780">
     <span class='ocr_line' id='line_1_43' title="bbox 519 2715 2106 2780; baseline -0.003 -5"><span class='ocrx_word' id='word_1_297' title='bbox 519 2736 642 2776; x_wconf 90' lang='lat' dir='ltr'><strong>cum</strong></span> <span class='ocrx_word' id='word_1_298' title='bbox 674 2718 871 2774; x_wconf 89' lang='lat' dir='ltr'><strong>multos</strong></span> <span class='ocrx_word' id='word_1_299' title='bbox 898 2718 954 2774; x_wconf 90' lang='lat' dir='ltr'><strong>in</strong></span> <span class='ocrx_word' id='word_1_300' title='bbox 981 2716 1181 2772; x_wconf 89' lang='lat' dir='ltr'><strong>Piceno</strong></span> <span class='ocrx_word' id='word_1_301' title='bbox 1206 2716 1452 2772; x_wconf 89' lang='lat' dir='ltr'><strong>inﬁrmos</strong></span> <span class='ocrx_word' id='word_1_302' title='bbox 1469 2755 1484 2780; x_wconf 96' lang='lat'><strong>,</strong></span> <span class='ocrx_word' id='word_1_303' title='bbox 1519 2715 1786 2771; x_wconf 86' lang='lat' dir='ltr'><strong>lunaticos</strong></span> <span class='ocrx_word' id='word_1_304' title='bbox 1814 2731 1878 2770; x_wconf 88' lang='lat' dir='ltr'><strong>ac</strong></span> <span class='ocrx_word' id='word_1_305' title='bbox 1905 2716 2106 2771; x_wconf 50' lang='lat' dir='ltr'><strong>daemo-</strong></span> 
     </span>
    </p>
   </div>
   <div class='ocr_carea' id='block_1_44' title="bbox 520 2805 2107 2881">
    <p class='ocr_par' dir='ltr' id='par_1_44' title="bbox 520 2805 2107 2881">
     <span class='ocr_line' id='line_1_44' title="bbox 520 2805 2107 2881; baseline -0.003 -16"><span class='ocrx_word' id='word_1_306' title='bbox 520 2811 706 2867; x_wconf 89' lang='lat' dir='ltr'><strong>niacos</strong></span> <span class='ocrx_word' id='word_1_307' title='bbox 733 2818 1000 2874; x_wconf 87' lang='lat' dir='ltr'><strong>curasset,</strong></span> <span class='ocrx_word' id='word_1_308' title='bbox 1032 2810 1191 2863; x_wconf 85' lang='lat' dir='ltr'><strong>ducta</strong></span> <span class='ocrx_word' id='word_1_309' title='bbox 1217 2815 1320 2872; x_wconf 87' lang='lat' dir='ltr'><strong>est,</strong></span> <span class='ocrx_word' id='word_1_310' title='bbox 1340 2805 1566 2875; x_wconf 90' lang='lat' dir='ltr'><strong>jubente</strong></span> <span class='ocrx_word' id='word_1_311' title='bbox 1594 2805 1849 2861; x_wconf 88' lang='lat' dir='ltr'><strong>Festiano</strong></span> <span class='ocrx_word' id='word_1_312' title='bbox 1870 2805 2107 2881; x_wconf 84' lang='lat' dir='ltr'><strong>[Fausti-</strong></span> 
     </span>
    </p>
   </div>
   <div class='ocr_carea' id='block_1_45' title="bbox 519 2897 2105 2973">
    <p class='ocr_par' dir='ltr' id='par_1_45' title="bbox 519 2897 2105 2973">
     <span class='ocr_line' id='line_1_45' title="bbox 519 2897 2105 2973; baseline -0.004 -16"><span class='ocrx_word' id='word_1_313' title='bbox 519 2900 729 2973; x_wconf 86' lang='lat' dir='ltr'><strong>niano],</strong></span> <span class='ocrx_word' id='word_1_314' title='bbox 764 2900 832 2956; x_wconf 92' lang='lat' dir='ltr'><strong>ad</strong></span> <span class='ocrx_word' id='word_1_315' title='bbox 855 2900 1130 2955; x_wconf 90' lang='lat' dir='ltr'><strong>civitatem</strong></span> <span class='ocrx_word' id='word_1_316' title='bbox 1159 2897 1309 2971; x_wconf 84' lang='lat' dir='ltr'><strong>Tyri,</strong></span> <span class='ocrx_word' id='word_1_317' title='bbox 1340 2905 1398 2953; x_wconf 91' lang='lat' dir='ltr'><strong>et</strong></span> <span class='ocrx_word' id='word_1_318' title='bbox 1424 2897 1654 2953; x_wconf 75' lang='lat' dir='ltr'><strong>diversis</strong></span> <span class='ocrx_word' id='word_1_319' title='bbox 1690 2897 1973 2968; x_wconf 81' lang='lat' dir='ltr'><strong>plagarum</strong></span> <span class='ocrx_word' id='word_1_320' title='bbox 2008 2912 2105 2968; x_wconf 76' lang='lat' dir='ltr'><strong>ge-</strong></span> 
     </span>
    </p>
   </div>
   <div class='ocr_carea' id='block_1_46' title="bbox 520 2981 2107 3057">
    <p class='ocr_par' dir='ltr' id='par_1_46' title="bbox 520 2981 2107 3057">
     <span class='ocr_line' id='line_1_46' title="bbox 520 2981 2107 3057; baseline -0.004 -8"><span class='ocrx_word' id='word_1_321' title='bbox 520 2993 742 3051; x_wconf 87' lang='lat' dir='ltr'><strong>neribus</strong></span> <span class='ocrx_word' id='word_1_322' title='bbox 787 2998 1014 3054; x_wconf 76' lang='lat' dir='ltr'><strong>vexata;</strong></span> <span class='ocrx_word' id='word_1_323' title='bbox 1065 2981 1261 3044; x_wconf 89' lang='lat' dir='ltr'><strong>deinde</strong></span> <span class='ocrx_word' id='word_1_324' title='bbox 1308 3002 1430 3044; x_wconf 88' lang='lat' dir='ltr'><strong>cum</strong></span> <span class='ocrx_word' id='word_1_325' title='bbox 1478 2996 1732 3057; x_wconf 81' lang='lat' dir='ltr'><strong>serpente</strong></span> <span class='ocrx_word' id='word_1_326' title='bbox 1780 2995 1896 3042; x_wconf 91' lang='lat' dir='ltr'><strong>tota</strong></span> <span class='ocrx_word' id='word_1_327' title='bbox 1948 2996 2107 3042; x_wconf 90' lang='lat' dir='ltr'><strong>nocte</strong></span> 
     </span>
    </p>
   </div>
   <div class='ocr_carea' id='block_1_47' title="bbox 521 3076 2102 3148">
    <p class='ocr_par' dir='ltr' id='par_1_47' title="bbox 521 3076 2102 3148">
     <span class='ocr_line' id='line_1_47' title="bbox 521 3076 2102 3148; baseline -0.008 -5"><span class='ocrx_word' id='word_1_328' title='bbox 521 3084 728 3143; x_wconf 80' lang='lat' dir='ltr'><strong>inclusa</strong></span> <span class='ocrx_word' id='word_1_329' title='bbox 750 3123 765 3148; x_wconf 92' lang='lat'><strong>,</strong></span> <span class='ocrx_word' id='word_1_330' title='bbox 792 3080 926 3140; x_wconf 85' lang='lat' dir='ltr'><strong>nihil</strong></span> <span class='ocrx_word' id='word_1_331' title='bbox 954 3080 1083 3135; x_wconf 70' lang='lat' dir='ltr'><strong>lzesa</strong></span> <span class='ocrx_word' id='word_1_332' title='bbox 1109 3086 1215 3133; x_wconf 92' lang='lat' dir='ltr'><strong>est.</strong></span> <span class='ocrx_word' id='word_1_333' title='bbox 1249 3077 1391 3145; x_wconf 84' lang='lat' dir='ltr'><strong>Quin</strong></span> <span class='ocrx_word' id='word_1_334' title='bbox 1415 3085 1471 3132; x_wconf 89' lang='lat' dir='ltr'><strong>et</strong></span> <span class='ocrx_word' id='word_1_335' title='bbox 1504 3076 1682 3146; x_wconf 90' lang='lat' dir='ltr'><strong>ipsum</strong></span> <span class='ocrx_word' id='word_1_336' title='bbox 1713 3076 1978 3143; x_wconf 80' lang='lat' dir='ltr'><strong>Marsum,</strong></span> <span class='ocrx_word' id='word_1_337' title='bbox 2009 3077 2102 3148; x_wconf 88' lang='lat' dir='ltr'><strong>qui</strong></span> 
     </span>
    </p>
   </div>
   <div class='ocr_carea' id='block_1_48' title="bbox 521 3147 2178 3243">
    <p class='ocr_par' dir='ltr' id='par_1_48' title="bbox 521 3147 2178 3243">
     <span class='ocr_line' id='line_1_48' title="bbox 521 3147 2178 3243; baseline -0.008 -12"><span class='ocrx_word' id='word_1_338' title='bbox 521 3180 829 3243; x_wconf 85' lang='lat' dir='ltr'><strong>serpentem</strong></span> <span class='ocrx_word' id='word_1_339' title='bbox 857 3171 1159 3236; x_wconf 83' lang='lat' dir='ltr'><strong>dimiserat,</strong></span> <span class='ocrx_word' id='word_1_340' title='bbox 1190 3167 1409 3224; x_wconf 89' lang='lat' dir='ltr'><strong>nomine</strong></span> <span class='ocrx_word' id='word_1_341' title='bbox 1437 3166 1730 3231; x_wconf 78' lang='lat' dir='ltr'><strong>Audacem,</strong></span> <span class='ocrx_word' id='word_1_342' title='bbox 1757 3180 1915 3221; x_wconf 89' lang='lat' dir='ltr'><strong>mane</strong></span> <span class='ocrx_word' id='word_1_343' title='bbox 1950 3182 1981 3220; x_wconf 89' lang='lat' dir='ltr'><strong>a</strong></span> <span class='ocrx_word' id='word_1_344' title='bbox 2006 3147 2104 3224; x_wconf 71' lang='lat' dir='ltr'><strong>suo</strong></span> <span class='ocrx_word' id='word_1_345' title='bbox 2132 3147 2178 3209; x_wconf 64' lang='grc' dir='ltr'><strong>(ἶ</strong></span> 
     </span>
    </p>
   </div>
   <div class='ocr_carea' id='block_1_49' title="bbox 521 3254 2103 3333">
    <p class='ocr_par' dir='ltr' id='par_1_49' title="bbox 521 3254 2103 3333">
     <span class='ocr_line' id='line_1_49' title="bbox 521 3254 2103 3333; baseline -0.005 -14"><span class='ocrx_word' id='word_1_346' title='bbox 521 3269 773 3333; x_wconf 83' lang='lat' dir='ltr'><strong>serpente</strong></span> <span class='ocrx_word' id='word_1_347' title='bbox 800 3259 1164 3319; x_wconf 85' lang='lat' dir='ltr'><strong>devorandum</strong></span> <span class='ocrx_word' id='word_1_348' title='bbox 1191 3257 1429 3328; x_wconf 89' lang='lat' dir='ltr'><strong>eripuit,</strong></span> <span class='ocrx_word' id='word_1_349' title='bbox 1458 3264 1516 3312; x_wconf 90' lang='lat' dir='ltr'><strong>et</strong></span> <span class='ocrx_word' id='word_1_350' title='bbox 1542 3255 1610 3313; x_wconf 87' lang='lat' dir='ltr'><strong>ad</strong></span> <span class='ocrx_word' id='word_1_351' title='bbox 1635 3254 1916 3313; x_wconf 83' lang='lat' dir='ltr'><strong>Christum</strong></span> <span class='ocrx_word' id='word_1_352' title='bbox 1947 3271 2103 3312; x_wconf 77' lang='lat' dir='ltr'><strong>mar-</strong></span> 
     </span>
    </p>
   </div>
   <div class='ocr_carea' id='block_1_50' title="bbox 522 3348 2108 3428">
    <p class='ocr_par' dir='ltr' id='par_1_50' title="bbox 522 3348 2108 3428">
     <span class='ocr_line' id='line_1_50' title="bbox 522 3348 2108 3428; baseline -0.004 -17"><span class='ocrx_word' id='word_1_353' title='bbox 522 3357 833 3428; x_wconf 82' lang='lat' dir='ltr'><strong>tyriumque</strong></span> <span class='ocrx_word' id='word_1_354' title='bbox 856 3353 1147 3409; x_wconf 81' lang='lat' dir='ltr'><strong>convertit.</strong></span> <span class='ocrx_word' id='word_1_355' title='bbox 1183 3351 1320 3406; x_wconf 84' lang='lat' dir='ltr'><strong>Nam</strong></span> <span class='ocrx_word' id='word_1_356' title='bbox 1348 3350 1463 3420; x_wconf 91' lang='lat' dir='ltr'><strong>ipse</strong></span> <span class='ocrx_word' id='word_1_357' title='bbox 1489 3357 1613 3421; x_wconf 90' lang='lat' dir='ltr'><strong>post</strong></span> <span class='ocrx_word' id='word_1_358' title='bbox 1653 3348 1772 3405; x_wconf 71' lang='lat' dir='ltr'><strong>haec</strong></span> <span class='ocrx_word' id='word_1_359' title='bbox 1798 3348 1870 3404; x_wconf 90' lang='lat' dir='ltr'><strong>ob</strong></span> <span class='ocrx_word' id='word_1_360' title='bbox 1898 3348 2108 3405; x_wconf 84' lang='lat' dir='ltr'><strong>confes-</strong></span> 
     </span>
    </p>
   </div>
   <div class='ocr_carea' id='block_1_51' title="bbox 521 3439 2104 3509">
    <p class='ocr_par' dir='ltr' id='par_1_51' title="bbox 521 3439 2104 3509">
     <span class='ocr_line' id='line_1_51' title="bbox 521 3439 2104 3509; baseline -0.004 -8"><span class='ocrx_word' id='word_1_361' title='bbox 521 3446 729 3501; x_wconf 87' lang='lat' dir='ltr'><strong>sionem</strong></span> <span class='ocrx_word' id='word_1_362' title='bbox 776 3443 1024 3498; x_wconf 87' lang='lat' dir='ltr'><strong>veritatis</strong></span> <span class='ocrx_word' id='word_1_363' title='bbox 1072 3442 1126 3496; x_wconf 90' lang='lat' dir='ltr'><strong>in</strong></span> <span class='ocrx_word' id='word_1_364' title='bbox 1174 3440 1477 3497; x_wconf 89' lang='lat' dir='ltr'><strong>custodiam</strong></span> <span class='ocrx_word' id='word_1_365' title='bbox 1531 3439 1720 3505; x_wconf 83' lang='lat' dir='ltr'><strong>datus,</strong></span> <span class='ocrx_word' id='word_1_366' title='bbox 1771 3454 1875 3494; x_wconf 89' lang='lat' dir='ltr'><strong>nec</strong></span> <span class='ocrx_word' id='word_1_367' title='bbox 1920 3454 2104 3509; x_wconf 86' lang='lat' dir='ltr'><strong>mora,</strong></span> 
     </span>
    </p>
   </div>
   <div class='ocr_carea' id='block_1_52' title="bbox 522 3531 2106 3607">
    <p class='ocr_par' dir='ltr' id='par_1_52' title="bbox 522 3531 2106 3607">
     <span class='ocr_line' id='line_1_52' title="bbox 522 3531 2106 3607; baseline -0.003 -16"><span class='ocrx_word' id='word_1_368' title='bbox 522 3536 740 3607; x_wconf 87' lang='lat' dir='ltr'><strong>capitali</strong></span> <span class='ocrx_word' id='word_1_369' title='bbox 767 3535 1041 3592; x_wconf 88' lang='lat' dir='ltr'><strong>sententia</strong></span> <span class='ocrx_word' id='word_1_370' title='bbox 1079 3539 1373 3589; x_wconf 88' lang='lat' dir='ltr'><strong>coronatus</strong></span> <span class='ocrx_word' id='word_1_371' title='bbox 1410 3540 1516 3589; x_wconf 87' lang='lat' dir='ltr'><strong>est.</strong></span> <span class='ocrx_word' id='word_1_372' title='bbox 1558 3531 1679 3603; x_wconf 89' lang='lat' dir='ltr'><strong>ipsa</strong></span> <span class='ocrx_word' id='word_1_373' title='bbox 1715 3545 1929 3602; x_wconf 87' lang='lat' dir='ltr'><strong>quoque</strong></span> <span class='ocrx_word' id='word_1_374' title='bbox 1953 3531 2106 3603; x_wconf 91' lang='lat' dir='ltr'><strong>virgo</strong></span> 
     </span>
    </p>
   </div>
   <div class='ocr_carea' id='block_1_53' title="bbox 520 3623 2108 3697">
    <p class='ocr_par' dir='ltr' id='par_1_53' title="bbox 520 3623 2108 3697">
     <span class='ocr_line' id='line_1_53' title="bbox 520 3623 2108 3697; baseline -0.004 -12"><span class='ocrx_word' id='word_1_375' title='bbox 520 3628 723 3685; x_wconf 88' lang='lat' dir='ltr'><strong>Christi</strong></span> <span class='ocrx_word' id='word_1_376' title='bbox 763 3626 938 3697; x_wconf 88' lang='lat' dir='ltr'><strong>gladio</strong></span> <span class='ocrx_word' id='word_1_377' title='bbox 981 3624 1451 3688; x_wconf 85' lang='lat' dir='ltr'><strong>transverberata,</strong></span> <span class='ocrx_word' id='word_1_378' title='bbox 1493 3637 1619 3679; x_wconf 88' lang='lat' dir='ltr'><strong>cum</strong></span> <span class='ocrx_word' id='word_1_379' title='bbox 1659 3631 1831 3678; x_wconf 81' lang='lat' dir='ltr'><strong>staret</strong></span> <span class='ocrx_word' id='word_1_380' title='bbox 1866 3623 2108 3679; x_wconf 78' lang='lat' dir='ltr'><strong>extensis</strong></span> 
     </span>
    </p>
   </div>
   <div class='ocr_carea' id='block_1_54' title="bbox 522 3710 2107 3782">
    <p class='ocr_par' dir='ltr' id='par_1_54' title="bbox 522 3710 2107 3782">
     <span class='ocr_line' id='line_1_54' title="bbox 522 3710 2107 3782; baseline -0.004 -9"><span class='ocrx_word' id='word_1_381' title='bbox 522 3716 775 3773; x_wconf 88' lang='lat' dir='ltr'><strong>manibus</strong></span> <span class='ocrx_word' id='word_1_382' title='bbox 795 3714 850 3770; x_wconf 93' lang='lat' dir='ltr'><strong>in</strong></span> <span class='ocrx_word' id='word_1_383' title='bbox 876 3713 1145 3777; x_wconf 86' lang='lat' dir='ltr'><strong>oratione,</strong></span> <span class='ocrx_word' id='word_1_384' title='bbox 1168 3711 1243 3767; x_wconf 86' lang='lat' dir='ltr'><strong>ita</strong></span> <span class='ocrx_word' id='word_1_385' title='bbox 1266 3719 1325 3767; x_wconf 90' lang='lat' dir='ltr'><strong>ut</strong></span> <span class='ocrx_word' id='word_1_386' title='bbox 1348 3726 1447 3782; x_wconf 89' lang='lat' dir='ltr'><strong>per</strong></span> <span class='ocrx_word' id='word_1_387' title='bbox 1471 3711 1719 3767; x_wconf 83' lang='lat' dir='ltr'><strong>dextrum</strong></span> <span class='ocrx_word' id='word_1_388' title='bbox 1740 3710 1886 3767; x_wconf 85' lang='lat' dir='ltr'><strong>latus</strong></span> <span class='ocrx_word' id='word_1_389' title='bbox 1898 3710 2107 3782; x_wconf 76' lang='lat' dir='ltr'><strong>gladius</strong></span> 
     </span>
    </p>
   </div>
   <div class='ocr_carea' id='block_1_55' title="bbox 522 3803 2109 3878">
    <p class='ocr_par' dir='ltr' id='par_1_55' title="bbox 522 3803 2109 3878">
     <span class='ocr_line' id='line_1_55' title="bbox 522 3803 2109 3878; baseline -0.003 -13"><span class='ocrx_word' id='word_1_390' title='bbox 522 3809 721 3865; x_wconf 85' lang='lat' dir='ltr'><strong>missus</strong></span> <span class='ocrx_word' id='word_1_391' title='bbox 746 3822 845 3878; x_wconf 87' lang='lat' dir='ltr'><strong>per</strong></span> <span class='ocrx_word' id='word_1_392' title='bbox 870 3805 1149 3861; x_wconf 86' lang='lat' dir='ltr'><strong>sinistram</strong></span> <span class='ocrx_word' id='word_1_393' title='bbox 1186 3804 1397 3870; x_wconf 80' lang='lat' dir='ltr'><strong>exiret,</strong></span> <span class='ocrx_word' id='word_1_394' title='bbox 1426 3818 1547 3873; x_wconf 66' lang='lat' dir='ltr'><strong>qua:</strong></span> <span class='ocrx_word' id='word_1_395' title='bbox 1574 3817 1736 3875; x_wconf 88' lang='lat' dir='ltr'><strong>passa</strong></span> <span class='ocrx_word' id='word_1_396' title='bbox 1763 3811 1848 3860; x_wconf 87' lang='lat' dir='ltr'><strong>est</strong></span> <span class='ocrx_word' id='word_1_397' title='bbox 1877 3819 1955 3859; x_wconf 82' lang='lat' dir='ltr'><strong>vn</strong></span> <span class='ocrx_word' id='word_1_398' title='bbox 1982 3803 2109 3860; x_wconf 85' lang='lat' dir='ltr'><strong>Idus</strong></span> 
     </span>
    </p>
   </div>
   <div class='ocr_carea' id='block_1_56' title="bbox 522 3894 2103 3969">
    <p class='ocr_par' dir='ltr' id='par_1_56' title="bbox 522 3894 2103 3969">
     <span class='ocr_line' id='line_1_56' title="bbox 522 3894 2103 3969; baseline -0.004 -13"><span class='ocrx_word' id='word_1_399' title='bbox 522 3898 685 3965; x_wconf 84' lang='lat' dir='ltr'><strong>Julii,</strong></span> <span class='ocrx_word' id='word_1_400' title='bbox 732 3897 940 3969; x_wconf 72' lang='lat' dir='ltr'><strong>sepulta</strong></span> <span class='ocrx_word' id='word_1_401' title='bbox 981 3904 1161 3952; x_wconf 89' lang='lat' dir='ltr'><strong>autem</strong></span> <span class='ocrx_word' id='word_1_402' title='bbox 1208 3910 1368 3951; x_wconf 88' lang='lat' dir='ltr'><strong>mane</strong></span> <span class='ocrx_word' id='word_1_403' title='bbox 1420 3910 1452 3949; x_wconf 91' lang='lat' dir='ltr'><strong>a</strong></span> <span class='ocrx_word' id='word_1_404' title='bbox 1498 3894 1706 3950; x_wconf 86' lang='lat' dir='ltr'><strong>civibus</strong></span> <span class='ocrx_word' id='word_1_405' title='bbox 1747 3894 2103 3967; x_wconf 85' lang='lat' dir='ltr'><strong>Tyrensihus.</strong></span> 
     </span>
    </p>
   </div>
   <div class='ocr_carea' id='block_1_57' title="bbox 526 3985 2108 4058">
    <p class='ocr_par' dir='ltr' id='par_1_57' title="bbox 526 3985 2108 4058">
     <span class='ocr_line' id='line_1_57' title="bbox 526 3985 2108 4058; baseline -0.003 -11"><span class='ocrx_word' id='word_1_406' title='bbox 526 3992 712 4047; x_wconf 82' lang='lat' dir='ltr'><strong>Audax</strong></span> <span class='ocrx_word' id='word_1_407' title='bbox 742 4003 872 4044; x_wconf 87' lang='lat' dir='ltr'><strong>vero</strong></span> <span class='ocrx_word' id='word_1_408' title='bbox 897 3988 1025 4058; x_wconf 88' lang='lat' dir='ltr'><strong>quia</strong></span> <span class='ocrx_word' id='word_1_409' title='bbox 1055 3988 1121 4043; x_wconf 91' lang='lat' dir='ltr'><strong>de</strong></span> <span class='ocrx_word' id='word_1_410' title='bbox 1145 3986 1368 4043; x_wconf 86' lang='lat' dir='ltr'><strong>Oriente</strong></span> <span class='ocrx_word' id='word_1_411' title='bbox 1415 3993 1564 4053; x_wconf 87' lang='lat' dir='ltr'><strong>erat,</strong></span> <span class='ocrx_word' id='word_1_412' title='bbox 1597 3985 1666 4041; x_wconf 86' lang='lat' dir='ltr'><strong>ab</strong></span> <span class='ocrx_word' id='word_1_413' title='bbox 1700 4000 1875 4041; x_wconf 79' lang='lat' dir='ltr'><strong>uxore</strong></span> <span class='ocrx_word' id='word_1_414' title='bbox 1915 4000 2013 4042; x_wconf 89' lang='lat' dir='ltr'><strong>sua</strong></span> <span class='ocrx_word' id='word_1_415' title='bbox 2052 3995 2108 4042; x_wconf 90' lang='lat' dir='ltr'><strong>et</strong></span> 
     </span>
    </p>
   </div>
   <div class='ocr_carea' id='block_1_58' title="bbox 526 4075 2104 4143">
    <p class='ocr_par' dir='ltr' id='par_1_58' title="bbox 526 4075 2104 4143">
     <span class='ocr_line' id='line_1_58' title="bbox 526 4075 2104 4143; baseline -0.003 -6"><span class='ocrx_word' id='word_1_416' title='bbox 526 4082 651 4137; x_wconf 89' lang='lat' dir='ltr'><strong>ﬁliis</strong></span> <span class='ocrx_word' id='word_1_417' title='bbox 677 4081 766 4137; x_wconf 87' lang='lat' dir='ltr'><strong>illo</strong></span> <span class='ocrx_word' id='word_1_418' title='bbox 790 4078 1082 4135; x_wconf 87' lang='lat' dir='ltr'><strong>translatus</strong></span> <span class='ocrx_word' id='word_1_419' title='bbox 1110 4086 1213 4133; x_wconf 90' lang='lat' dir='ltr'><strong>est.</strong></span> <span class='ocrx_word' id='word_1_420' title='bbox 1244 4078 1450 4133; x_wconf 87' lang='lat' dir='ltr'><strong>Eodem</strong></span> <span class='ocrx_word' id='word_1_421' title='bbox 1472 4077 1559 4134; x_wconf 92' lang='lat' dir='ltr'><strong>die</strong></span> <span class='ocrx_word' id='word_1_422' title='bbox 1577 4117 1593 4143; x_wconf 96' lang='lat'><strong>,</strong></span> <span class='ocrx_word' id='word_1_423' title='bbox 1623 4093 1699 4132; x_wconf 85' lang='lat' dir='ltr'><strong>vn</strong></span> <span class='ocrx_word' id='word_1_424' title='bbox 1721 4077 1909 4134; x_wconf 89' lang='lat' dir='ltr'><strong>iduum</strong></span> <span class='ocrx_word' id='word_1_425' title='bbox 1933 4075 2104 4137; x_wconf 88' lang='lat' dir='ltr'><strong>Julia-</strong></span> 
     </span>
    </p>
   </div>
   <div class='ocr_carea' id='block_1_59' title="bbox 526 4166 2105 4240">
    <p class='ocr_par' dir='ltr' id='par_1_59' title="bbox 526 4166 2105 4240">
     <span class='ocr_line' id='line_1_59' title="bbox 526 4166 2105 4240; baseline -0.004 -13"><span class='ocrx_word' id='word_1_426' title='bbox 526 4188 680 4236; x_wconf 86' lang='lat' dir='ltr'><strong>rum,</strong></span> <span class='ocrx_word' id='word_1_427' title='bbox 725 4169 988 4240; x_wconf 86' lang='lat' dir='ltr'><strong>depositio</strong></span> <span class='ocrx_word' id='word_1_428' title='bbox 1037 4167 1208 4222; x_wconf 90' lang='lat' dir='ltr'><strong>sancti</strong></span> <span class='ocrx_word' id='word_1_429' title='bbox 1256 4167 1435 4221; x_wconf 86' lang='lat' dir='ltr'><strong>Patris</strong></span> <span class='ocrx_word' id='word_1_430' title='bbox 1479 4167 1654 4227; x_wconf 81' lang='lat' dir='ltr'><strong>nostri</strong></span> <span class='ocrx_word' id='word_1_431' title='bbox 1692 4167 1963 4237; x_wconf 86' lang='lat' dir='ltr'><strong>Ephrem,</strong></span> <span class='ocrx_word' id='word_1_432' title='bbox 2000 4166 2105 4222; x_wconf 87' lang='lat' dir='ltr'><strong>viri</strong></span> 
     </span>
    </p>
   </div>
   <div class='ocr_carea' id='block_1_60' title="bbox 524 4256 2106 4329">
    <p class='ocr_par' dir='ltr' id='par_1_60' title="bbox 524 4256 2106 4329">
     <span class='ocr_line' id='line_1_60' title="bbox 524 4256 2106 4329; baseline -0.005 -9"><span class='ocrx_word' id='word_1_433' title='bbox 524 4261 824 4320; x_wconf 86' lang='lat' dir='ltr'><strong>doctissimi</strong></span> <span class='ocrx_word' id='word_1_434' title='bbox 853 4268 912 4319; x_wconf 86' lang='lat' dir='ltr'><strong>et</strong></span> <span class='ocrx_word' id='word_1_435' title='bbox 942 4257 1354 4329; x_wconf 77' lang='lat' dir='ltr'><strong>religiosissimi.</strong></span> <span class='ocrx_word' id='word_1_436' title='bbox 1388 4257 1592 4322; x_wconf 81' lang='lat' dir='ltr'><strong>Eodem</strong></span> <span class='ocrx_word' id='word_1_437' title='bbox 1640 4257 1730 4313; x_wconf 92' lang='lat' dir='ltr'><strong>die</strong></span> <span class='ocrx_word' id='word_1_438' title='bbox 1771 4260 1827 4312; x_wconf 91' lang='lat' dir='ltr'><strong>in</strong></span> <span class='ocrx_word' id='word_1_439' title='bbox 1871 4256 2106 4328; x_wconf 64' lang='lat' dir='ltr'><strong>Egypto</strong></span> 
     </span>
    </p>
   </div>
   <div class='ocr_carea' id='block_1_61' title="bbox 529 4348 2108 4422">
    <p class='ocr_par' dir='ltr' id='par_1_61' title="bbox 529 4348 2108 4422">
     <span class='ocr_line' id='line_1_61' title="bbox 529 4348 2108 4422; baseline -0.006 -10"><span class='ocrx_word' id='word_1_440' title='bbox 529 4356 708 4421; x_wconf 83' lang='lat' dir='ltr'><strong>natale</strong></span> <span class='ocrx_word' id='word_1_441' title='bbox 755 4361 839 4409; x_wconf 90' lang='lat' dir='ltr'><strong>est</strong></span> <span class='ocrx_word' id='word_1_442' title='bbox 867 4350 1054 4422; x_wconf 82' lang='lat' dir='ltr'><strong>Cyrilli</strong></span> <span class='ocrx_word' id='word_1_443' title='bbox 1093 4348 1365 4419; x_wconf 88' lang='lat' dir='ltr'><strong>episcopi,</strong></span> <span class='ocrx_word' id='word_1_444' title='bbox 1409 4348 1500 4418; x_wconf 86' lang='lat' dir='ltr'><strong>qui</strong></span> <span class='ocrx_word' id='word_1_445' title='bbox 1531 4363 1655 4401; x_wconf 90' lang='lat' dir='ltr'><strong>cum</strong></span> <span class='ocrx_word' id='word_1_446' title='bbox 1695 4362 1727 4402; x_wconf 89' lang='lat' dir='ltr'><strong>a</strong></span> <span class='ocrx_word' id='word_1_447' title='bbox 1758 4348 1924 4402; x_wconf 85' lang='lat' dir='ltr'><strong>Lucio</strong></span> <span class='ocrx_word' id='word_1_448' title='bbox 1970 4348 2108 4402; x_wconf 83' lang='lat' dir='ltr'><strong>duce</strong></span> 
     </span>
    </p>
   </div>
   <div class='ocr_carea' id='block_1_62' title="bbox 526 4438 2103 4513">
    <p class='ocr_par' dir='ltr' id='par_1_62' title="bbox 526 4438 2103 4513">
     <span class='ocr_line' id='line_1_62' title="bbox 526 4438 2103 4513; baseline -0.009 -7"><span class='ocrx_word' id='word_1_449' title='bbox 526 4447 835 4506; x_wconf 87' lang='lat' dir='ltr'><strong>sacriﬁcare</strong></span> <span class='ocrx_word' id='word_1_450' title='bbox 871 4444 1031 4500; x_wconf 90' lang='lat' dir='ltr'><strong>idolis</strong></span> <span class='ocrx_word' id='word_1_451' title='bbox 1070 4451 1384 4513; x_wconf 77' lang='lat' dir='ltr'><strong>cogeretur,</strong></span> <span class='ocrx_word' id='word_1_452' title='bbox 1422 4448 1478 4497; x_wconf 87' lang='lat' dir='ltr'><strong>et</strong></span> <span class='ocrx_word' id='word_1_453' title='bbox 1508 4438 1674 4495; x_wconf 89' lang='lat' dir='ltr'><strong>nollet</strong></span> <span class='ocrx_word' id='word_1_454' title='bbox 1722 4441 1825 4495; x_wconf 89' lang='lat' dir='ltr'><strong>hoc</strong></span> <span class='ocrx_word' id='word_1_455' title='bbox 1874 4453 2103 4495; x_wconf 89' lang='lat' dir='ltr'><strong>consen-</strong></span> 
     </span>
    </p>
   </div>
   <div class='ocr_carea' id='block_1_63' title="bbox 529 4498 2182 4611">
    <p class='ocr_par' dir='ltr' id='par_1_63' title="bbox 529 4498 2182 4611">
     <span class='ocr_line' id='line_1_63' title="bbox 529 4498 2182 4611; baseline -0.008 -15"><span class='ocrx_word' id='word_1_456' title='bbox 529 4543 650 4604; x_wconf 87' lang='lat' dir='ltr'><strong>tire,</strong></span> <span class='ocrx_word' id='word_1_457' title='bbox 673 4538 836 4611; x_wconf 88' lang='lat' dir='ltr'><strong>jussit</strong></span> <span class='ocrx_word' id='word_1_458' title='bbox 860 4551 985 4591; x_wconf 89' lang='lat' dir='ltr'><strong>eum</strong></span> <span class='ocrx_word' id='word_1_459' title='bbox 1015 4536 1124 4590; x_wconf 82' lang='lat' dir='ltr'><strong>dux</strong></span> <span class='ocrx_word' id='word_1_460' title='bbox 1150 4546 1413 4588; x_wconf 89' lang='lat' dir='ltr'><strong>succenso</strong></span> <span class='ocrx_word' id='word_1_461' title='bbox 1438 4530 1563 4602; x_wconf 87' lang='lat' dir='ltr'><strong>igne</strong></span> <span class='ocrx_word' id='word_1_462' title='bbox 1594 4531 1648 4588; x_wconf 90' lang='lat' dir='ltr'><strong>in</strong></span> <span class='ocrx_word' id='word_1_463' title='bbox 1679 4529 1857 4585; x_wconf 89' lang='lat' dir='ltr'><strong>medio</strong></span> <span class='ocrx_word' id='word_1_464' title='bbox 1879 4529 2035 4608; x_wconf 79' lang='lat' dir='ltr'><strong>poni,</strong></span> <span class='ocrx_word' id='word_1_465' title='bbox 2050 4538 2106 4583; x_wconf 93' lang='lat' dir='ltr'><strong>et</strong></span> <span class='ocrx_word' id='word_1_466' title='bbox 2132 4498 2182 4561; x_wconf 75' lang='lat' dir='ltr'><strong>D</strong></span> 
     </span>
    </p>
   </div>
   <div class='ocr_carea' id='block_1_64' title="bbox 525 4620 2107 4696">
    <p class='ocr_par' dir='ltr' id='par_1_64' title="bbox 525 4620 2107 4696">
     <span class='ocr_line' id='line_1_64' title="bbox 525 4620 2107 4696; baseline -0.009 -9"><span class='ocrx_word' id='word_1_467' title='bbox 525 4647 649 4687; x_wconf 89' lang='lat' dir='ltr'><strong>cum</strong></span> <span class='ocrx_word' id='word_1_468' title='bbox 680 4630 945 4685; x_wconf 78' lang='lat' dir='ltr'><strong>arsissent</strong></span> <span class='ocrx_word' id='word_1_469' title='bbox 970 4627 1152 4682; x_wconf 88' lang='lat' dir='ltr'><strong>omnia</strong></span> <span class='ocrx_word' id='word_1_470' title='bbox 1181 4624 1346 4696; x_wconf 90' lang='lat' dir='ltr'><strong>ligna,</strong></span> <span class='ocrx_word' id='word_1_471' title='bbox 1372 4632 1430 4679; x_wconf 89' lang='lat' dir='ltr'><strong>et</strong></span> <span class='ocrx_word' id='word_1_472' title='bbox 1455 4630 1601 4679; x_wconf 85' lang='lat' dir='ltr'><strong>esset</strong></span> <span class='ocrx_word' id='word_1_473' title='bbox 1621 4621 1779 4687; x_wconf 90' lang='lat' dir='ltr'><strong>cinis,</strong></span> <span class='ocrx_word' id='word_1_474' title='bbox 1813 4620 2107 4691; x_wconf 81' lang='lat' dir='ltr'><strong>spectanti-</strong></span> 
     </span>
    </p>
   </div>
   <div class='ocr_carea' id='block_1_65' title="bbox 526 4710 2109 4791">
    <p class='ocr_par' dir='ltr' id='par_1_65' title="bbox 526 4710 2109 4791">
     <span class='ocr_line' id='line_1_65' title="bbox 526 4710 2109 4791; baseline -0.009 -14"><span class='ocrx_word' id='word_1_475' title='bbox 526 4724 626 4777; x_wconf 85' lang='lat' dir='ltr'><strong>bus</strong></span> <span class='ocrx_word' id='word_1_476' title='bbox 652 4720 914 4791; x_wconf 76' lang='lat' dir='ltr'><strong>religiosis</strong></span> <span class='ocrx_word' id='word_1_477' title='bbox 943 4720 1104 4785; x_wconf 89' lang='lat' dir='ltr'><strong>viris,</strong></span> <span class='ocrx_word' id='word_1_478' title='bbox 1138 4726 1198 4772; x_wconf 89' lang='lat' dir='ltr'><strong>ut</strong></span> <span class='ocrx_word' id='word_1_479' title='bbox 1224 4731 1351 4772; x_wconf 86' lang='lat' dir='ltr'><strong>ossa</strong></span> <span class='ocrx_word' id='word_1_480' title='bbox 1390 4714 1507 4784; x_wconf 84' lang='lat' dir='ltr'><strong>ejus</strong></span> <span class='ocrx_word' id='word_1_481' title='bbox 1535 4714 1870 4791; x_wconf 74' lang='lat' dir='ltr'><strong>colligerent,</strong></span> <span class='ocrx_word' id='word_1_482' title='bbox 1898 4710 2109 4766; x_wconf 87' lang='lat' dir='ltr'><strong>inveni-</strong></span> 
     </span>
    </p>
   </div>
   <div class='ocr_carea' id='block_1_66' title="bbox 530 4806 2107 4885">
    <p class='ocr_par' dir='ltr' id='par_1_66' title="bbox 530 4806 2107 4885">
     <span class='ocr_line' id='line_1_66' title="bbox 530 4806 2107 4885; baseline -0.004 -16"><span class='ocrx_word' id='word_1_483' title='bbox 530 4824 615 4869; x_wconf 85' lang='lat' dir='ltr'><strong>tur</strong></span> <span class='ocrx_word' id='word_1_484' title='bbox 642 4831 803 4885; x_wconf 83' lang='lat' dir='ltr'><strong>super</strong></span> <span class='ocrx_word' id='word_1_485' title='bbox 831 4815 1197 4885; x_wconf 87' lang='lat' dir='ltr'><strong>pavimentum</strong></span> <span class='ocrx_word' id='word_1_486' title='bbox 1240 4813 1438 4868; x_wconf 85' lang='lat' dir='ltr'><strong>sedens</strong></span> <span class='ocrx_word' id='word_1_487' title='bbox 1477 4811 1715 4867; x_wconf 79' lang='lat' dir='ltr'><strong>extensis</strong></span> <span class='ocrx_word' id='word_1_488' title='bbox 1747 4808 2000 4863; x_wconf 87' lang='lat' dir='ltr'><strong>manibus</strong></span> <span class='ocrx_word' id='word_1_489' title='bbox 2037 4806 2107 4863; x_wconf 89' lang='lat' dir='ltr'><strong>ad</strong></span> 
     </span>
    </p>
   </div>
   <div class='ocr_carea' id='block_1_67' title="bbox 528 4899 2106 4975">
    <p class='ocr_par' dir='ltr' id='par_1_67' title="bbox 528 4899 2106 4975">
     <span class='ocr_line' id='line_1_67' title="bbox 528 4899 2106 4975; baseline -0.004 -16"><span class='ocrx_word' id='word_1_490' title='bbox 528 4904 724 4959; x_wconf 69' lang='lat' dir='ltr'><strong>omium</strong></span> <span class='ocrx_word' id='word_1_491' title='bbox 752 4921 764 4957; x_wconf 90' lang='lat'><strong>:</strong></span> <span class='ocrx_word' id='word_1_492' title='bbox 796 4915 851 4957; x_wconf 90' lang='lat' dir='ltr'><strong>at</strong></span> <span class='ocrx_word' id='word_1_493' title='bbox 877 4919 1008 4961; x_wconf 83' lang='lat' dir='ltr'><strong>vero</strong></span> <span class='ocrx_word' id='word_1_494' title='bbox 1036 4905 1284 4960; x_wconf 87' lang='lat' dir='ltr'><strong>videntes</strong></span> <span class='ocrx_word' id='word_1_495' title='bbox 1311 4903 1522 4975; x_wconf 86' lang='lat' dir='ltr'><strong>signum</strong></span> <span class='ocrx_word' id='word_1_496' title='bbox 1540 4942 1554 4967; x_wconf 92' lang='lat'><strong>,</strong></span> <span class='ocrx_word' id='word_1_497' title='bbox 1590 4902 1733 4972; x_wconf 89' lang='lat' dir='ltr'><strong>quod</strong></span> <span class='ocrx_word' id='word_1_498' title='bbox 1761 4901 2022 4956; x_wconf 89' lang='lat' dir='ltr'><strong>Dominus</strong></span> <span class='ocrx_word' id='word_1_499' title='bbox 2051 4899 2106 4953; x_wconf 84' lang='lat' dir='ltr'><strong>in</strong></span> 
     </span>
    </p>
   </div>
   <div class='ocr_carea' id='block_1_68' title="bbox 526 4987 2110 5062">
    <p class='ocr_par' dir='ltr' id='par_1_68' title="bbox 526 4987 2110 5062">
     <span class='ocr_line' id='line_1_68' title="bbox 526 4987 2110 5062; baseline -0.005 -13"><span class='ocrx_word' id='word_1_500' title='bbox 526 5008 650 5049; x_wconf 87' lang='lat' dir='ltr'><strong>eum</strong></span> <span class='ocrx_word' id='word_1_501' title='bbox 684 4993 1017 5057; x_wconf 86' lang='lat' dir='ltr'><strong>ostenderat,</strong></span> <span class='ocrx_word' id='word_1_502' title='bbox 1048 4993 1408 5059; x_wconf 84' lang='lat' dir='ltr'><strong>mirabantur,</strong></span> <span class='ocrx_word' id='word_1_503' title='bbox 1439 4999 1737 5062; x_wconf 81' lang='lat' dir='ltr'><strong>stupentes,</strong></span> <span class='ocrx_word' id='word_1_504' title='bbox 1763 4990 1904 5059; x_wconf 84' lang='lat' dir='ltr'><strong>quod</strong></span> <span class='ocrx_word' id='word_1_505' title='bbox 1929 4988 2009 5045; x_wconf 90' lang='lat' dir='ltr'><strong>sic</strong></span> <span class='ocrx_word' id='word_1_506' title='bbox 2028 4987 2110 5041; x_wconf 85' lang='lat' dir='ltr'><strong>in-</strong></span> 
     </span>
    </p>
   </div>
   <div class='ocr_carea' id='block_1_69' title="bbox 529 5081 2107 5152">
    <p class='ocr_par' dir='ltr' id='par_1_69' title="bbox 529 5081 2107 5152">
     <span class='ocr_line' id='line_1_69' title="bbox 529 5081 2107 5152; baseline -0.001 -12"><span class='ocrx_word' id='word_1_507' title='bbox 529 5093 707 5140; x_wconf 85' lang='lat' dir='ltr'><strong>tactus</strong></span> <span class='ocrx_word' id='word_1_508' title='bbox 733 5090 876 5138; x_wconf 88' lang='lat' dir='ltr'><strong>esset</strong></span> <span class='ocrx_word' id='word_1_509' title='bbox 902 5082 969 5135; x_wconf 84' lang='lat' dir='ltr'><strong>ab</strong></span> <span class='ocrx_word' id='word_1_510' title='bbox 997 5081 1119 5152; x_wconf 88' lang='lat' dir='ltr'><strong>igne</strong></span> <span class='ocrx_word' id='word_1_511' title='bbox 1137 5123 1151 5149; x_wconf 93' lang='lat'><strong>,</strong></span> <span class='ocrx_word' id='word_1_512' title='bbox 1173 5092 1229 5136; x_wconf 84' lang='lat' dir='ltr'><strong>et</strong></span> <span class='ocrx_word' id='word_1_513' title='bbox 1260 5083 1330 5138; x_wconf 88' lang='lat' dir='ltr'><strong>ob</strong></span> <span class='ocrx_word' id='word_1_514' title='bbox 1364 5083 1468 5138; x_wconf 90' lang='lat' dir='ltr'><strong>hoc</strong></span> <span class='ocrx_word' id='word_1_515' title='bbox 1498 5082 1649 5137; x_wconf 89' lang='lat' dir='ltr'><strong>multi</strong></span> <span class='ocrx_word' id='word_1_516' title='bbox 1678 5081 2025 5137; x_wconf 83' lang='lat' dir='ltr'><strong>credideth</strong></span> <span class='ocrx_word' id='word_1_517' title='bbox 2053 5081 2107 5139; x_wconf 88' lang='lat' dir='ltr'><strong>in</strong></span> 
     </span>
    </p>
   </div>
   <div class='ocr_carea' id='block_1_70' title="bbox 526 5171 2105 5244">
    <p class='ocr_par' dir='ltr' id='par_1_70' title="bbox 526 5171 2105 5244">
     <span class='ocr_line' id='line_1_70' title="bbox 526 5171 2105 5244; baseline -0.004 -12"><span class='ocrx_word' id='word_1_518' title='bbox 526 5174 837 5238; x_wconf 86' lang='lat' dir='ltr'><strong>Christum;</strong></span> <span class='ocrx_word' id='word_1_519' title='bbox 885 5181 1071 5243; x_wconf 88' lang='lat' dir='ltr'><strong>postea</strong></span> <span class='ocrx_word' id='word_1_520' title='bbox 1114 5189 1247 5230; x_wconf 82' lang='lat' dir='ltr'><strong>vero</strong></span> <span class='ocrx_word' id='word_1_521' title='bbox 1293 5175 1581 5244; x_wconf 79' lang='lat' dir='ltr'><strong>prtedictus</strong></span> <span class='ocrx_word' id='word_1_522' title='bbox 1627 5175 1734 5229; x_wconf 80' lang='lat' dir='ltr'><strong>dux</strong></span> <span class='ocrx_word' id='word_1_523' title='bbox 1775 5171 1939 5241; x_wconf 86' lang='lat' dir='ltr'><strong>jussit</strong></span> <span class='ocrx_word' id='word_1_524' title='bbox 1982 5186 2105 5227; x_wconf 89' lang='lat' dir='ltr'><strong>eum</strong></span> 
     </span>
    </p>
   </div>
   <div class='ocr_carea' id='block_1_71' title="bbox 528 5263 2108 5337">
    <p class='ocr_par' dir='ltr' id='par_1_71' title="bbox 528 5263 2108 5337">
     <span class='ocr_line' id='line_1_71' title="bbox 528 5263 2108 5337; baseline 0 -18"><span class='ocrx_word' id='word_1_525' title='bbox 528 5265 706 5337; x_wconf 84' lang='lat' dir='ltr'><strong>gladio</strong></span> <span class='ocrx_word' id='word_1_526' title='bbox 755 5265 965 5336; x_wconf 88' lang='lat' dir='ltr'><strong>percuti</strong></span> <span class='ocrx_word' id='word_1_527' title='bbox 987 5305 1003 5332; x_wconf 93' lang='lat'><strong>,</strong></span> <span class='ocrx_word' id='word_1_528' title='bbox 1052 5272 1108 5319; x_wconf 92' lang='lat' dir='ltr'><strong>et</strong></span> <span class='ocrx_word' id='word_1_529' title='bbox 1153 5263 1243 5320; x_wconf 81' lang='lat' dir='ltr'><strong>ille</strong></span> <span class='ocrx_word' id='word_1_530' title='bbox 1279 5266 1519 5336; x_wconf 86' lang='lat' dir='ltr'><strong>gaudens</strong></span> <span class='ocrx_word' id='word_1_531' title='bbox 1549 5280 1838 5335; x_wconf 87' lang='lat' dir='ltr'><strong>percussus</strong></span> <span class='ocrx_word' id='word_1_532' title='bbox 1873 5264 2108 5321; x_wconf 86' lang='lat' dir='ltr'><strong>reddidit</strong></span> 
     </span>
    </p>
   </div>
   <div class='ocr_carea' id='block_1_72' title="bbox 528 5357 1599 5413">
    <p class='ocr_par' dir='ltr' id='par_1_72' title="bbox 528 5357 1599 5413">
     <span class='ocr_line' id='line_1_72' title="bbox 528 5357 1599 5413; baseline 0 0"><span class='ocrx_word' id='word_1_533' title='bbox 528 5357 799 5413; x_wconf 70' lang='lat' dir='ltr'><strong>spiritum.</strong></span> <span class='ocrx_word' id='word_1_534' title='bbox 1595 5369 1599 5374; x_wconf 83' lang='lat'><strong><em>‘</em></strong></span> 
     </span>
    </p>
   </div>
   <div class='ocr_carea' id='block_1_73' title="bbox 602 5447 2107 5519">
    <p class='ocr_par' dir='ltr' id='par_1_73' title="bbox 602 5447 2107 5519">
     <span class='ocr_line' id='line_1_73' title="bbox 602 5447 2107 5519; baseline 0.003 -17"><span class='ocrx_word' id='word_1_535' title='bbox 602 5447 667 5502; x_wconf 82' lang='lat' dir='ltr'><strong>Vl</strong></span> <span class='ocrx_word' id='word_1_536' title='bbox 705 5447 779 5501; x_wconf 83' lang='lat' dir='ltr'><strong>lo.</strong></span> <span class='ocrx_word' id='word_1_537' title='bbox 819 5448 1034 5517; x_wconf 69' lang='lat' dir='ltr'><strong>Romze,</strong></span> <span class='ocrx_word' id='word_1_538' title='bbox 1083 5455 1288 5519; x_wconf 79' lang='lat' dir='ltr'><strong>septem</strong></span> <span class='ocrx_word' id='word_1_539' title='bbox 1337 5448 1565 5505; x_wconf 78' lang='lat' dir='ltr'><strong>fratrum</strong></span> <span class='ocrx_word' id='word_1_540' title='bbox 1620 5450 1856 5506; x_wconf 84' lang='lat' dir='ltr'><strong>ﬁliorum</strong></span> <span class='ocrx_word' id='word_1_541' title='bbox 1902 5459 2107 5506; x_wconf 81' lang='lat' dir='ltr'><strong>sanctae</strong></span> 
     </span>
    </p>
   </div>
   <div class='ocr_carea' id='block_1_74' title="bbox 531 5534 2109 5612">
    <p class='ocr_par' dir='ltr' id='par_1_74' title="bbox 531 5534 2109 5612">
     <span class='ocr_line' id='line_1_74' title="bbox 531 5534 2109 5612; baseline 0.005 -22"><span class='ocrx_word' id='word_1_542' title='bbox 531 5534 845 5604; x_wconf 71' lang='lat' dir='ltr'><strong>Felicitatis,</strong></span> <span class='ocrx_word' id='word_1_543' title='bbox 877 5540 931 5595; x_wconf 92' lang='lat' dir='ltr'><strong>id</strong></span> <span class='ocrx_word' id='word_1_544' title='bbox 954 5549 1059 5606; x_wconf 90' lang='lat' dir='ltr'><strong>est,</strong></span> <span class='ocrx_word' id='word_1_545' title='bbox 1088 5540 1306 5607; x_wconf 83' lang='lat' dir='ltr'><strong>Felicis,</strong></span> <span class='ocrx_word' id='word_1_546' title='bbox 1343 5539 1606 5612; x_wconf 85' lang='lat' dir='ltr'><strong>Philippi,</strong></span> <span class='ocrx_word' id='word_1_547' title='bbox 1640 5542 1863 5608; x_wconf 81' lang='lat' dir='ltr'><strong>Vitalis,</strong></span> <span class='ocrx_word' id='word_1_548' title='bbox 1891 5543 2109 5599; x_wconf 77' lang='lat' dir='ltr'><strong>Martia-</strong></span> 
     </span>
    </p>
   </div>
   <div class='ocr_carea' id='block_1_75' title="bbox 529 5624 2108 5706">
    <p class='ocr_par' dir='ltr' id='par_1_75' title="bbox 529 5624 2108 5706">
     <span class='ocr_line' id='line_1_75' title="bbox 529 5624 2108 5706; baseline 0.007 -27"><span class='ocrx_word' id='word_1_549' title='bbox 529 5624 620 5691; x_wconf 90' lang='lat' dir='ltr'><strong>lis,</strong></span> <span class='ocrx_word' id='word_1_550' title='bbox 646 5627 1150 5692; x_wconf 81' lang='lat' dir='ltr'><strong>Alexandri,-Silani</strong></span> <span class='ocrx_word' id='word_1_551' title='bbox 1183 5630 1438 5704; x_wconf 74' lang='lat' dir='ltr'><strong>[Silvani]</strong></span> <span class='ocrx_word' id='word_1_552' title='bbox 1469 5642 1526 5688; x_wconf 91' lang='lat' dir='ltr'><strong>et</strong></span> <span class='ocrx_word' id='word_1_553' title='bbox 1547 5631 1813 5699; x_wconf 81' lang='lat' dir='ltr'><strong>Januarii,</strong></span> <span class='ocrx_word' id='word_1_554' title='bbox 1843 5635 1943 5690; x_wconf 89' lang='lat' dir='ltr'><strong>sub</strong></span> <span class='ocrx_word' id='word_1_555' title='bbox 1969 5650 2108 5706; x_wconf 68' lang='lat' dir='ltr'><strong>pra:—</strong></span> 
     </span>
    </p>
   </div>
   <div class='ocr_carea' id='block_1_76' title="bbox 533 5713 2108 5798">
    <p class='ocr_par' dir='ltr' id='par_1_76' title="bbox 533 5713 2108 5798">
     <span class='ocr_line' id='line_1_76' title="bbox 533 5713 2108 5798; baseline 0.012 -31"><span class='ocrx_word' id='word_1_556' title='bbox 533 5713 675 5770; x_wconf 82' lang='lat' dir='ltr'><strong>fecto</strong></span> <span class='ocrx_word' id='word_1_557' title='bbox 718 5717 879 5774; x_wconf 80' lang='lat' dir='ltr'><strong>Urbis</strong></span> <span class='ocrx_word' id='word_1_558' title='bbox 914 5719 1136 5787; x_wconf 84' lang='lat' dir='ltr'><strong>Publio,</strong></span> <span class='ocrx_word' id='word_1_559' title='bbox 1178 5731 1416 5794; x_wconf 85' lang='lat' dir='ltr'><strong>tempore</strong></span> <span class='ocrx_word' id='word_1_560' title='bbox 1454 5724 1706 5781; x_wconf 84' lang='lat' dir='ltr'><strong>Antonini</strong></span> <span class='ocrx_word' id='word_1_561' title='bbox 1744 5728 2044 5798; x_wconf 87' lang='lat' dir='ltr'><strong>principis:</strong></span> <span class='ocrx_word' id='word_1_562' title='bbox 2078 5745 2108 5786; x_wconf 83' lang='lat' dir='ltr'><strong>e</strong></span> 
     </span>
    </p>
   </div>
   <div class='ocr_carea' id='block_1_77' title="bbox 2205 1906 2528 1961">
    <p class='ocr_par' dir='ltr' id='par_1_77' title="bbox 2205 1906 2528 1961">
     <span class='ocr_line' id='line_1_77' title="bbox 2205 1906 2528 1961; baseline 0.003 -1"><span class='ocrx_word' id='word_1_563' title='bbox 2205 1906 2528 1961; x_wconf 88' lang='lat' dir='ltr'><strong>habuerunt.</strong></span> 
     </span>
    </p>
   </div>
   <div class='ocr_carea' id='block_1_78' title="bbox 2273 1996 3789 2069">
    <p class='ocr_par' dir='ltr' id='par_1_78' title="bbox 2273 1996 3789 2069">
     <span class='ocr_line' id='line_1_78' title="bbox 2273 1996 3789 2069; baseline -0.001 -16"><span class='ocrx_word' id='word_1_564' title='bbox 2273 1997 2343 2053; x_wconf 80' lang='lat' dir='ltr'><strong>IV</strong></span> <span class='ocrx_word' id='word_1_565' title='bbox 2378 1998 2456 2053; x_wconf 84' lang='lat' dir='ltr'><strong>in.</strong></span> <span class='ocrx_word' id='word_1_566' title='bbox 2492 1998 2549 2053; x_wconf 94' lang='lat' dir='ltr'><strong>in</strong></span> <span class='ocrx_word' id='word_1_567' title='bbox 2580 1998 2826 2069; x_wconf 87' lang='lat' dir='ltr'><strong>Aquileia</strong></span> <span class='ocrx_word' id='word_1_568' title='bbox 2858 1996 3040 2054; x_wconf 87' lang='lat' dir='ltr'><strong>natale</strong></span> <span class='ocrx_word' id='word_1_569' title='bbox 3070 2005 3381 2054; x_wconf 86' lang='lat' dir='ltr'><strong>sanctorum</strong></span> <span class='ocrx_word' id='word_1_570' title='bbox 3418 1997 3706 2054; x_wconf 81' lang='lat' dir='ltr'><strong>Fortunati</strong></span> <span class='ocrx_word' id='word_1_571' title='bbox 3732 2005 3789 2052; x_wconf 87' lang='lat' dir='ltr'><strong>et</strong></span> 
     </span>
    </p>
   </div>
   <div class='ocr_carea' id='block_1_79' title="bbox 2201 2087 3787 2166">
    <p class='ocr_par' dir='ltr' id='par_1_79' title="bbox 2201 2087 3787 2166">
     <span class='ocr_line' id='line_1_79' title="bbox 2201 2087 3787 2166; baseline 0 -23"><span class='ocrx_word' id='word_1_572' title='bbox 2201 2089 2493 2160; x_wconf 84' lang='lat' dir='ltr'><strong>Armigeri.</strong></span> <span class='ocrx_word' id='word_1_573' title='bbox 2524 2089 2786 2161; x_wconf 88' lang='lat' dir='ltr'><strong>Lugduno</strong></span> <span class='ocrx_word' id='word_1_574' title='bbox 2818 2088 3003 2145; x_wconf 69' lang='lat' dir='ltr'><strong>Gallia:</strong></span> <span class='ocrx_word' id='word_1_575' title='bbox 3025 2088 3308 2166; x_wconf 81' lang='lat' dir='ltr'><strong>depositio</strong></span> <span class='ocrx_word' id='word_1_576' title='bbox 3336 2087 3632 2144; x_wconf 76' lang='lat' dir='ltr'><strong>Viventioli</strong></span> <span class='ocrx_word' id='word_1_577' title='bbox 3671 2088 3787 2160; x_wconf 84' lang='lat' dir='ltr'><strong>epi-</strong></span> 
     </span>
    </p>
   </div>
   <div class='ocr_carea' id='block_1_80' title="bbox 2204 2180 2374 2251">
    <p class='ocr_par' dir='ltr' id='par_1_80' title="bbox 2204 2180 2374 2251">
     <span class='ocr_line' id='line_1_80' title="bbox 2204 2180 2374 2251; baseline -0.012 -14"><span class='ocrx_word' id='word_1_578' title='bbox 2204 2180 2374 2251; x_wconf 90' lang='lat' dir='ltr'><strong>scopi.</strong></span> 
     </span>
    </p>
   </div>
   <div class='ocr_carea' id='block_1_81' title="bbox 2277 2273 3785 2346">
    <p class='ocr_par' dir='ltr' id='par_1_81' title="bbox 2277 2273 3785 2346">
     <span class='ocr_line' id='line_1_81' title="bbox 2277 2273 3785 2346; baseline 0.001 -17"><span class='ocrx_word' id='word_1_579' title='bbox 2277 2274 2342 2329; x_wconf 90' lang='lat' dir='ltr'><strong>lii</strong></span> <span class='ocrx_word' id='word_1_580' title='bbox 2371 2274 2447 2328; x_wconf 84' lang='lat' dir='ltr'><strong>lo.</strong></span> <span class='ocrx_word' id='word_1_581' title='bbox 2492 2274 2550 2328; x_wconf 94' lang='lat' dir='ltr'><strong>In</strong></span> <span class='ocrx_word' id='word_1_582' title='bbox 2589 2274 2877 2329; x_wconf 88' lang='lat' dir='ltr'><strong>Antiochia</strong></span> <span class='ocrx_word' id='word_1_583' title='bbox 2923 2274 3104 2345; x_wconf 89' lang='lat' dir='ltr'><strong>passio</strong></span> <span class='ocrx_word' id='word_1_584' title='bbox 3145 2273 3501 2346; x_wconf 71' lang='lat' dir='ltr'><strong>Margarethaa</strong></span> <span class='ocrx_word' id='word_1_585' title='bbox 3528 2274 3785 2346; x_wconf 82' lang='lat' dir='ltr'><strong>virginis,</strong></span> 
     </span>
    </p>
   </div>
   <div class='ocr_carea' id='block_1_82' title="bbox 2204 2362 3789 2433">
    <p class='ocr_par' dir='ltr' id='par_1_82' title="bbox 2204 2362 3789 2433">
     <span class='ocr_line' id='line_1_82' title="bbox 2204 2362 3789 2433; baseline 0.001 -17"><span class='ocrx_word' id='word_1_586' title='bbox 2204 2376 2366 2433; x_wconf 88' lang='lat' dir='ltr'><strong>quam</strong></span> <span class='ocrx_word' id='word_1_587' title='bbox 2394 2362 2649 2433; x_wconf 84' lang='lat' dir='ltr'><strong>Olybrius</strong></span> <span class='ocrx_word' id='word_1_588' title='bbox 2675 2362 2863 2417; x_wconf 89' lang='lat' dir='ltr'><strong>consul</strong></span> <span class='ocrx_word' id='word_1_589' title='bbox 2892 2370 3140 2433; x_wconf 76' lang='lat' dir='ltr'><strong>stuprare</strong></span> <span class='ocrx_word' id='word_1_590' title='bbox 3164 2362 3351 2420; x_wconf 90' lang='lat' dir='ltr'><strong>volens</strong></span> <span class='ocrx_word' id='word_1_591' title='bbox 3376 2373 3432 2419; x_wconf 91' lang='lat' dir='ltr'><strong>et</strong></span> <span class='ocrx_word' id='word_1_592' title='bbox 3454 2380 3485 2418; x_wconf 91' lang='lat' dir='ltr'><strong>a</strong></span> <span class='ocrx_word' id='word_1_593' title='bbox 3513 2363 3618 2419; x_wconf 86' lang='lat' dir='ltr'><strong>ﬁde</strong></span> <span class='ocrx_word' id='word_1_594' title='bbox 3636 2364 3789 2419; x_wconf 85' lang='lat' dir='ltr'><strong>Chri-</strong></span> 
     </span>
    </p>
   </div>
   <div class='ocr_carea' id='block_1_83' title="bbox 2204 2451 3789 2520">
    <p class='ocr_par' dir='ltr' id='par_1_83' title="bbox 2204 2451 3789 2520">
     <span class='ocr_line' id='line_1_83' title="bbox 2204 2451 3789 2520; baseline 0.001 -14"><span class='ocrx_word' id='word_1_595' title='bbox 2204 2452 2273 2506; x_wconf 90' lang='lat' dir='ltr'><strong>sti</strong></span> <span class='ocrx_word' id='word_1_596' title='bbox 2297 2460 2564 2518; x_wconf 85' lang='lat' dir='ltr'><strong>avertere,</strong></span> <span class='ocrx_word' id='word_1_597' title='bbox 2596 2451 2781 2507; x_wconf 90' lang='lat' dir='ltr'><strong>multis</strong></span> <span class='ocrx_word' id='word_1_598' title='bbox 2808 2453 3094 2508; x_wconf 90' lang='lat' dir='ltr'><strong>tormentis</strong></span> <span class='ocrx_word' id='word_1_599' title='bbox 3115 2467 3235 2508; x_wconf 90' lang='lat' dir='ltr'><strong>eam</strong></span> <span class='ocrx_word' id='word_1_600' title='bbox 3265 2452 3475 2520; x_wconf 70' lang='lat' dir='ltr'><strong>amisit,</strong></span> <span class='ocrx_word' id='word_1_601' title='bbox 3503 2454 3606 2509; x_wconf 88' lang='lat' dir='ltr'><strong>hoc</strong></span> <span class='ocrx_word' id='word_1_602' title='bbox 3626 2463 3712 2509; x_wconf 87' lang='lat' dir='ltr'><strong>est</strong></span> <span class='ocrx_word' id='word_1_603' title='bbox 3737 2454 3789 2508; x_wconf 89' lang='lat' dir='ltr'><strong>in</strong></span> 
     </span>
    </p>
   </div>
   <div class='ocr_carea' id='block_1_84' title="bbox 2203 2542 3787 2615">
    <p class='ocr_par' dir='ltr' id='par_1_84' title="bbox 2203 2542 3787 2615">
     <span class='ocr_line' id='line_1_84' title="bbox 2203 2542 3787 2615; baseline 0.003 -18"><span class='ocrx_word' id='word_1_604' title='bbox 2203 2542 2430 2612; x_wconf 90' lang='lat' dir='ltr'><strong>equuleo</strong></span> <span class='ocrx_word' id='word_1_605' title='bbox 2456 2558 2769 2613; x_wconf 88' lang='lat' dir='ltr'><strong>suspensam</strong></span> <span class='ocrx_word' id='word_1_606' title='bbox 2790 2543 3005 2615; x_wconf 87' lang='lat' dir='ltr'><strong>ungulis</strong></span> <span class='ocrx_word' id='word_1_607' title='bbox 3026 2545 3393 2600; x_wconf 87' lang='lat' dir='ltr'><strong>acerbissimis</strong></span> <span class='ocrx_word' id='word_1_608' title='bbox 3407 2546 3571 2615; x_wconf 88' lang='lat' dir='ltr'><strong>jussit</strong></span> <span class='ocrx_word' id='word_1_609' title='bbox 3591 2562 3787 2602; x_wconf 85' lang='lat' dir='ltr'><strong>carnes</strong></span> 
     </span>
    </p>
   </div>
   <div class='ocr_carea' id='block_1_85' title="bbox 2204 2634 3791 2708">
    <p class='ocr_par' dir='ltr' id='par_1_85' title="bbox 2204 2634 3791 2708">
     <span class='ocr_line' id='line_1_85' title="bbox 2204 2634 3791 2708; baseline 0.005 -17"><span class='ocrx_word' id='word_1_610' title='bbox 2204 2634 2322 2705; x_wconf 85' lang='lat' dir='ltr'><strong>ejus</strong></span> <span class='ocrx_word' id='word_1_611' title='bbox 2358 2636 2624 2703; x_wconf 89' lang='lat' dir='ltr'><strong>lacerare,</strong></span> <span class='ocrx_word' id='word_1_612' title='bbox 2663 2646 2852 2708; x_wconf 89' lang='lat' dir='ltr'><strong>postea</strong></span> <span class='ocrx_word' id='word_1_613' title='bbox 2887 2638 2942 2693; x_wconf 91' lang='lat' dir='ltr'><strong>in</strong></span> <span class='ocrx_word' id='word_1_614' title='bbox 2987 2653 3261 2695; x_wconf 89' lang='lat' dir='ltr'><strong>carcerem</strong></span> <span class='ocrx_word' id='word_1_615' title='bbox 3288 2643 3633 2701; x_wconf 90' lang='lat' dir='ltr'><strong>tenebrosum</strong></span> <span class='ocrx_word' id='word_1_616' title='bbox 3670 2658 3791 2699; x_wconf 86' lang='lat' dir='ltr'><strong>eam</strong></span> 
     </span>
    </p>
   </div>
   <div class='ocr_carea' id='block_1_86' title="bbox 2206 2727 3793 2805">
    <p class='ocr_par' dir='ltr' id='par_1_86' title="bbox 2206 2727 3793 2805">
     <span class='ocr_line' id='line_1_86' title="bbox 2206 2727 3793 2805; baseline 0.006 -23"><span class='ocrx_word' id='word_1_617' title='bbox 2206 2727 2385 2793; x_wconf 90' lang='lat' dir='ltr'><strong>misit,</strong></span> <span class='ocrx_word' id='word_1_618' title='bbox 2420 2728 2511 2783; x_wconf 90' lang='lat' dir='ltr'><strong>ubi</strong></span> <span class='ocrx_word' id='word_1_619' title='bbox 2543 2728 2739 2784; x_wconf 84' lang='lat' dir='ltr'><strong>diaboli</strong></span> <span class='ocrx_word' id='word_1_620' title='bbox 2779 2731 3121 2787; x_wconf 90' lang='lat' dir='ltr'><strong>seductiones</strong></span> <span class='ocrx_word' id='word_1_621' title='bbox 3145 2773 3159 2798; x_wconf 91' lang='lat'><strong>,</strong></span> <span class='ocrx_word' id='word_1_622' title='bbox 3187 2734 3278 2805; x_wconf 91' lang='lat' dir='ltr'><strong>qui</strong></span> <span class='ocrx_word' id='word_1_623' title='bbox 3303 2734 3355 2788; x_wconf 93' lang='lat' dir='ltr'><strong>in</strong></span> <span class='ocrx_word' id='word_1_624' title='bbox 3390 2736 3572 2805; x_wconf 89' lang='lat' dir='ltr'><strong>specie</strong></span> <span class='ocrx_word' id='word_1_625' title='bbox 3601 2736 3793 2791; x_wconf 49' lang='lat' dir='ltr'><strong>draco.</strong></span> 
     </span>
    </p>
   </div>
   <div class='ocr_carea' id='block_1_87' title="bbox 2206 2821 3794 2897">
    <p class='ocr_par' dir='ltr' id='par_1_87' title="bbox 2206 2821 3794 2897">
     <span class='ocr_line' id='line_1_87' title="bbox 2206 2821 3794 2897; baseline 0.006 -21"><span class='ocrx_word' id='word_1_626' title='bbox 2206 2821 2293 2877; x_wconf 89' lang='lat' dir='ltr'><strong>nis</strong></span> <span class='ocrx_word' id='word_1_627' title='bbox 2320 2830 2375 2877; x_wconf 92' lang='lat' dir='ltr'><strong>et</strong></span> <span class='ocrx_word' id='word_1_628' title='bbox 2408 2821 2683 2893; x_wconf 63' lang='lat' dir='ltr'><strong>Ethiopis</strong></span> <span class='ocrx_word' id='word_1_629' title='bbox 2722 2823 2795 2877; x_wconf 91' lang='lat' dir='ltr'><strong>illi</strong></span> <span class='ocrx_word' id='word_1_630' title='bbox 2828 2825 3108 2893; x_wconf 83' lang='lat' dir='ltr'><strong>apparuit,</strong></span> <span class='ocrx_word' id='word_1_631' title='bbox 3139 2827 3443 2897; x_wconf 89' lang='lat' dir='ltr'><strong>superavit,</strong></span> <span class='ocrx_word' id='word_1_632' title='bbox 3486 2837 3540 2883; x_wconf 89' lang='lat' dir='ltr'><strong>et</strong></span> <span class='ocrx_word' id='word_1_633' title='bbox 3578 2828 3715 2883; x_wconf 90' lang='lat' dir='ltr'><strong>nihil</strong></span> <span class='ocrx_word' id='word_1_634' title='bbox 3742 2830 3794 2885; x_wconf 90' lang='lat' dir='ltr'><strong>ei</strong></span> 
     </span>
    </p>
   </div>
   <div class='ocr_carea' id='block_1_88' title="bbox 2206 2910 3791 2987">
    <p class='ocr_par' dir='ltr' id='par_1_88' title="bbox 2206 2910 3791 2987">
     <span class='ocr_line' id='line_1_88' title="bbox 2206 2910 3791 2987; baseline 0.005 -21"><span class='ocrx_word' id='word_1_635' title='bbox 2206 2910 2349 2966; x_wconf 90' lang='lat' dir='ltr'><strong>illius</strong></span> <span class='ocrx_word' id='word_1_636' title='bbox 2397 2911 2544 2967; x_wconf 87' lang='lat' dir='ltr'><strong>fraus</strong></span> <span class='ocrx_word' id='word_1_637' title='bbox 2586 2926 2782 2967; x_wconf 89' lang='lat' dir='ltr'><strong>nocere</strong></span> <span class='ocrx_word' id='word_1_638' title='bbox 2828 2913 3041 2982; x_wconf 90' lang='lat' dir='ltr'><strong>potuit;</strong></span> <span class='ocrx_word' id='word_1_639' title='bbox 3094 2915 3384 2971; x_wconf 88' lang='lat' dir='ltr'><strong>novissime</strong></span> <span class='ocrx_word' id='word_1_640' title='bbox 3428 2930 3559 2975; x_wconf 83' lang='lat' dir='ltr'><strong>vero</strong></span> <span class='ocrx_word' id='word_1_641' title='bbox 3611 2917 3791 2987; x_wconf 85' lang='lat' dir='ltr'><strong>gladio</strong></span> 
     </span>
    </p>
   </div>
   <div class='ocr_carea' id='block_1_89' title="bbox 2206 3005 3790 3084">
    <p class='ocr_par' dir='ltr' id='par_1_89' title="bbox 2206 3005 3790 3084">
     <span class='ocr_line' id='line_1_89' title="bbox 2206 3005 3790 3084; baseline 0.006 -26"><span class='ocrx_word' id='word_1_642' title='bbox 2206 3005 2571 3074; x_wconf 88' lang='lat' dir='ltr'><strong>persecutoris</strong></span> <span class='ocrx_word' id='word_1_643' title='bbox 2627 3005 2889 3063; x_wconf 88' lang='lat' dir='ltr'><strong>decollata</strong></span> <span class='ocrx_word' id='word_1_644' title='bbox 2945 3014 3064 3074; x_wconf 92' lang='lat' dir='ltr'><strong>est,</strong></span> <span class='ocrx_word' id='word_1_645' title='bbox 3111 3014 3167 3063; x_wconf 89' lang='lat' dir='ltr'><strong>et</strong></span> <span class='ocrx_word' id='word_1_646' title='bbox 3219 3008 3289 3064; x_wconf 92' lang='lat' dir='ltr'><strong>ad</strong></span> <span class='ocrx_word' id='word_1_647' title='bbox 3326 3009 3493 3067; x_wconf 88' lang='lat' dir='ltr'><strong>vitam</strong></span> <span class='ocrx_word' id='word_1_648' title='bbox 3534 3011 3790 3084; x_wconf 74' lang='lat' dir='ltr'><strong>migravit</strong></span> 
     </span>
    </p>
   </div>
   <div class='ocr_carea' id='block_1_90' title="bbox 2208 3104 2488 3151">
    <p class='ocr_par' dir='ltr' id='par_1_90' title="bbox 2208 3104 2488 3151">
     <span class='ocr_line' id='line_1_90' title="bbox 2208 3104 2488 3151; baseline 0 0"><span class='ocrx_word' id='word_1_649' title='bbox 2208 3104 2488 3151; x_wconf 70' lang='lat' dir='ltr'><strong>aaternam.</strong></span> 
     </span>
    </p>
   </div>
   <div class='ocr_carea' id='block_1_91' title="bbox 2278 3185 3788 3263">
    <p class='ocr_par' dir='ltr' id='par_1_91' title="bbox 2278 3185 3788 3263">
     <span class='ocr_line' id='line_1_91' title="bbox 2278 3185 3788 3263; baseline 0.008 -23"><span class='ocrx_word' id='word_1_650' title='bbox 2278 3186 2321 3240; x_wconf 93' lang='lat' dir='ltr'><strong>Il</strong></span> <span class='ocrx_word' id='word_1_651' title='bbox 2338 3185 2415 3241; x_wconf 82' lang='lat' dir='ltr'><strong>In.</strong></span> <span class='ocrx_word' id='word_1_652' title='bbox 2433 3186 2622 3242; x_wconf 90' lang='lat' dir='ltr'><strong>Sancti</strong></span> <span class='ocrx_word' id='word_1_653' title='bbox 2636 3186 2854 3251; x_wconf 80' lang='lat' dir='ltr'><strong>Focatis</strong></span> <span class='ocrx_word' id='word_1_654' title='bbox 2869 3187 3106 3262; x_wconf 60' lang='lat' dir='ltr'><strong>[Phocea]</strong></span> <span class='ocrx_word' id='word_1_655' title='bbox 3133 3189 3369 3262; x_wconf 87' lang='lat' dir='ltr'><strong>epise0pi</strong></span> <span class='ocrx_word' id='word_1_656' title='bbox 3389 3190 3569 3258; x_wconf 86' lang='lat' dir='ltr'><strong>Ponti,</strong></span> <span class='ocrx_word' id='word_1_657' title='bbox 3584 3195 3675 3263; x_wconf 90' lang='lat' dir='ltr'><strong>qui</strong></span> <span class='ocrx_word' id='word_1_658' title='bbox 3692 3194 3788 3252; x_wconf 85' lang='lat' dir='ltr'><strong>sub</strong></span> 
     </span>
    </p>
   </div>
   <div class='ocr_carea' id='block_1_92' title="bbox 2205 3272 3784 3353">
    <p class='ocr_par' dir='ltr' id='par_1_92' title="bbox 2205 3272 3784 3353">
     <span class='ocr_line' id='line_1_92' title="bbox 2205 3272 3784 3353; baseline 0.005 -21"><span class='ocrx_word' id='word_1_659' title='bbox 2205 3277 2440 3347; x_wconf 87' lang='lat' dir='ltr'><strong>Trajano</strong></span> <span class='ocrx_word' id='word_1_660' title='bbox 2477 3278 2836 3347; x_wconf 88' lang='lat' dir='ltr'><strong>imperatore,</strong></span> <span class='ocrx_word' id='word_1_661' title='bbox 2872 3279 3130 3350; x_wconf 68' lang='lat' dir='ltr'><strong>praefecto</strong></span> <span class='ocrx_word' id='word_1_662' title='bbox 3159 3272 3450 3348; x_wconf 84' lang='lat' dir='ltr'><strong>Africano,</strong></span> <span class='ocrx_word' id='word_1_663' title='bbox 3477 3298 3784 3353; x_wconf 86' lang='lat' dir='ltr'><strong>carcerem,</strong></span> 
     </span>
    </p>
   </div>
   <div class='ocr_carea' id='block_1_93' title="bbox 2203 3368 3785 3445">
    <p class='ocr_par' dir='ltr' id='par_1_93' title="bbox 2203 3368 3785 3445">
     <span class='ocr_line' id='line_1_93' title="bbox 2203 3368 3785 3445; baseline 0.004 -23"><span class='ocrx_word' id='word_1_664' title='bbox 2203 3368 2438 3434; x_wconf 83' lang='lat' dir='ltr'><strong>vincula,</strong></span> <span class='ocrx_word' id='word_1_665' title='bbox 2471 3369 2697 3436; x_wconf 87' lang='lat' dir='ltr'><strong>ferrum,</strong></span> <span class='ocrx_word' id='word_1_666' title='bbox 2727 3371 2905 3445; x_wconf 82' lang='lat' dir='ltr'><strong>ignem</strong></span> <span class='ocrx_word' id='word_1_667' title='bbox 2927 3372 3088 3431; x_wconf 88' lang='lat' dir='ltr'><strong>etiam</strong></span> <span class='ocrx_word' id='word_1_668' title='bbox 3114 3386 3212 3442; x_wconf 90' lang='lat' dir='ltr'><strong>pro</strong></span> <span class='ocrx_word' id='word_1_669' title='bbox 3236 3371 3455 3429; x_wconf 86' lang='lat' dir='ltr'><strong>Christo</strong></span> <span class='ocrx_word' id='word_1_670' title='bbox 3481 3376 3785 3444; x_wconf 84' lang='lat' dir='ltr'><strong>superavit;</strong></span> 
     </span>
    </p>
   </div>
   <div class='ocr_carea' id='block_1_94' title="bbox 2204 3458 3789 3537">
    <p class='ocr_par' dir='ltr' id='par_1_94' title="bbox 2204 3458 3789 3537">
     <span class='ocr_line' id='line_1_94' title="bbox 2204 3458 3789 3537; baseline 0.006 -22"><span class='ocrx_word' id='word_1_671' title='bbox 2204 3458 2359 3528; x_wconf 88' lang='lat' dir='ltr'><strong>cujus</strong></span> <span class='ocrx_word' id='word_1_672' title='bbox 2390 3460 2629 3529; x_wconf 72' lang='lat' dir='ltr'><strong>reliquize</strong></span> <span class='ocrx_word' id='word_1_673' title='bbox 2657 3461 2712 3516; x_wconf 92' lang='lat' dir='ltr'><strong>in</strong></span> <span class='ocrx_word' id='word_1_674' title='bbox 2742 3460 2966 3537; x_wconf 82' lang='lat' dir='ltr'><strong>basilica</strong></span> <span class='ocrx_word' id='word_1_675' title='bbox 2995 3462 3397 3535; x_wconf 87' lang='lat' dir='ltr'><strong>Apostolorum,</strong></span> <span class='ocrx_word' id='word_1_676' title='bbox 3421 3467 3474 3520; x_wconf 89' lang='lat' dir='ltr'><strong>in</strong></span> <span class='ocrx_word' id='word_1_677' title='bbox 3504 3465 3692 3523; x_wconf 77' lang='lat' dir='ltr'><strong>Gallia:</strong></span> <span class='ocrx_word' id='word_1_678' title='bbox 3716 3469 3789 3523; x_wconf 84' lang='lat' dir='ltr'><strong>ei-</strong></span> 
     </span>
    </p>
   </div>
   <div class='ocr_carea' id='block_1_95' title="bbox 2204 3551 3787 3625">
    <p class='ocr_par' dir='ltr' id='par_1_95' title="bbox 2204 3551 3787 3625">
     <span class='ocr_line' id='line_1_95' title="bbox 2204 3551 3787 3625; baseline 0.007 -21"><span class='ocrx_word' id='word_1_679' title='bbox 2204 3551 2373 3605; x_wconf 91' lang='lat' dir='ltr'><strong>vitate</strong></span> <span class='ocrx_word' id='word_1_680' title='bbox 2401 3551 2602 3607; x_wconf 78' lang='lat' dir='ltr'><strong>Vienna</strong></span> <span class='ocrx_word' id='word_1_681' title='bbox 2633 3551 2920 3608; x_wconf 81' lang='lat' dir='ltr'><strong>habentur.</strong></span> <span class='ocrx_word' id='word_1_682' title='bbox 2952 3553 3212 3625; x_wconf 82' lang='lat' dir='ltr'><strong>Lugdune</strong></span> <span class='ocrx_word' id='word_1_683' title='bbox 3240 3555 3424 3612; x_wconf 72' lang='lat' dir='ltr'><strong>Gallia:</strong></span> <span class='ocrx_word' id='word_1_684' title='bbox 3448 3557 3629 3613; x_wconf 91' lang='lat' dir='ltr'><strong>natale</strong></span> <span class='ocrx_word' id='word_1_685' title='bbox 3653 3557 3787 3615; x_wconf 75' lang='lat' dir='ltr'><strong>iusti</strong></span> 
     </span>
    </p>
   </div>
   <div class='ocr_carea' id='block_1_96' title="bbox 2205 3644 2903 3715">
    <p class='ocr_par' dir='ltr' id='par_1_96' title="bbox 2205 3644 2903 3715">
     <span class='ocr_line' id='line_1_96' title="bbox 2205 3644 2903 3715; baseline 0.001 -14"><span class='ocrx_word' id='word_1_686' title='bbox 2205 3644 2442 3715; x_wconf 89' lang='lat' dir='ltr'><strong>episcopi</strong></span> <span class='ocrx_word' id='word_1_687' title='bbox 2473 3652 2527 3700; x_wconf 90' lang='lat' dir='ltr'><strong>et</strong></span> <span class='ocrx_word' id='word_1_688' title='bbox 2556 3646 2903 3702; x_wconf 76' lang='lat' dir='ltr'><strong>confessoris.</strong></span> 
     </span>
    </p>
   </div>
   <div class='ocr_carea' id='block_1_97' title="bbox 2276 3734 3784 3813">
    <p class='ocr_par' dir='ltr' id='par_1_97' title="bbox 2276 3734 3784 3813">
     <span class='ocr_line' id='line_1_97' title="bbox 2276 3734 3784 3813; baseline 0.004 -22"><span class='ocrx_word' id='word_1_689' title='bbox 2276 3737 2354 3792; x_wconf 85' lang='lat' dir='ltr'><strong>in.</strong></span> <span class='ocrx_word' id='word_1_690' title='bbox 2395 3734 2585 3792; x_wconf 87' lang='lat' dir='ltr'><strong>Sancti</strong></span> <span class='ocrx_word' id='word_1_691' title='bbox 2612 3736 2791 3808; x_wconf 84' lang='lat' dir='ltr'><strong>Cyrici</strong></span> <span class='ocrx_word' id='word_1_692' title='bbox 2818 3747 2873 3794; x_wconf 91' lang='lat' dir='ltr'><strong>et</strong></span> <span class='ocrx_word' id='word_1_693' title='bbox 2899 3739 3087 3796; x_wconf 87' lang='lat' dir='ltr'><strong>matris</strong></span> <span class='ocrx_word' id='word_1_694' title='bbox 3108 3738 3224 3813; x_wconf 82' lang='lat' dir='ltr'><strong>ejus</strong></span> <span class='ocrx_word' id='word_1_695' title='bbox 3250 3742 3302 3796; x_wconf 92' lang='lat' dir='ltr'><strong>in</strong></span> <span class='ocrx_word' id='word_1_696' title='bbox 3325 3748 3483 3813; x_wconf 88' lang='lat' dir='ltr'><strong>portu</strong></span> <span class='ocrx_word' id='word_1_697' title='bbox 3506 3741 3751 3801; x_wconf 81' lang='lat' dir='ltr'><strong>Romano</strong></span> <span class='ocrx_word' id='word_1_698' title='bbox 3768 3783 3784 3807; x_wconf 95' lang='lat'><strong>,</strong></span> 
     </span>
    </p>
   </div>
   <div class='ocr_carea' id='block_1_98' title="bbox 2205 3828 3783 3900">
    <p class='ocr_par' dir='ltr' id='par_1_98' title="bbox 2205 3828 3783 3900">
     <span class='ocr_line' id='line_1_98' title="bbox 2205 3828 3783 3900; baseline 0.004 -17"><span class='ocrx_word' id='word_1_699' title='bbox 2205 3828 2476 3900; x_wconf 82' lang='lat' dir='ltr'><strong>Eutropii,</strong></span> <span class='ocrx_word' id='word_1_700' title='bbox 2508 3828 2758 3896; x_wconf 82' lang='lat' dir='ltr'><strong>Zosimae,</strong></span> <span class='ocrx_word' id='word_1_701' title='bbox 2788 3838 2843 3888; x_wconf 89' lang='lat' dir='ltr'><strong>et</strong></span> <span class='ocrx_word' id='word_1_702' title='bbox 2867 3830 3094 3887; x_wconf 79' lang='lat' dir='ltr'><strong>Bonosae</strong></span> <span class='ocrx_word' id='word_1_703' title='bbox 3115 3848 3391 3899; x_wconf 89' lang='lat' dir='ltr'><strong>sororum,</strong></span> <span class='ocrx_word' id='word_1_704' title='bbox 3432 3842 3490 3891; x_wconf 92' lang='lat' dir='ltr'><strong>et</strong></span> <span class='ocrx_word' id='word_1_705' title='bbox 3518 3833 3783 3890; x_wconf 88' lang='lat' dir='ltr'><strong>infantum</strong></span> 
     </span>
    </p>
   </div>
   <div class='ocr_carea' id='block_1_99' title="bbox 2205 3917 3783 3993">
    <p class='ocr_par' dir='ltr' id='par_1_99' title="bbox 2205 3917 3783 3993">
     <span class='ocr_line' id='line_1_99' title="bbox 2205 3917 3783 3993; baseline 0.004 -19"><span class='ocrx_word' id='word_1_706' title='bbox 2205 3918 2423 3985; x_wconf 90' lang='lat' dir='ltr'><strong>decem;</strong></span> <span class='ocrx_word' id='word_1_707' title='bbox 2452 3927 2508 3977; x_wconf 91' lang='lat' dir='ltr'><strong>et</strong></span> <span class='ocrx_word' id='word_1_708' title='bbox 2534 3918 2589 3973; x_wconf 90' lang='lat' dir='ltr'><strong>in</strong></span> <span class='ocrx_word' id='word_1_709' title='bbox 2619 3917 2819 3975; x_wconf 90' lang='lat' dir='ltr'><strong>Sirmio</strong></span> <span class='ocrx_word' id='word_1_710' title='bbox 2843 3920 3145 3993; x_wconf 83' lang='lat' dir='ltr'><strong>Agrippini,</strong></span> <span class='ocrx_word' id='word_1_711' title='bbox 3189 3923 3441 3991; x_wconf 87' lang='lat' dir='ltr'><strong>Secundi,</strong></span> <span class='ocrx_word' id='word_1_712' title='bbox 3484 3924 3783 3993; x_wconf 74' lang='lat' dir='ltr'><strong>Maximini,</strong></span> 
     </span>
    </p>
   </div>
   <div class='ocr_carea' id='block_1_100' title="bbox 2206 4009 3059 4085">
    <p class='ocr_par' dir='ltr' id='par_1_100' title="bbox 2206 4009 3059 4085">
     <span class='ocr_line' id='line_1_100' title="bbox 2206 4009 3059 4085; baseline 0.005 -20"><span class='ocrx_word' id='word_1_713' title='bbox 2206 4009 2469 4066; x_wconf 83' lang='lat' dir='ltr'><strong>Martialis</strong></span> <span class='ocrx_word' id='word_1_714' title='bbox 2499 4019 2555 4066; x_wconf 91' lang='lat' dir='ltr'><strong>et</strong></span> <span class='ocrx_word' id='word_1_715' title='bbox 2581 4009 2769 4068; x_wconf 83' lang='lat' dir='ltr'><strong>Jacobi</strong></span> <span class='ocrx_word' id='word_1_716' title='bbox 2798 4013 3059 4085; x_wconf 80' lang='lat' dir='ltr'><strong>episcOpi.</strong></span> 
     </span>
    </p>
   </div>
   <div class='ocr_carea' id='block_1_101' title="bbox 2275 4099 3785 4180">
    <p class='ocr_par' dir='ltr' id='par_1_101' title="bbox 2275 4099 3785 4180">
     <span class='ocr_line' id='line_1_101' title="bbox 2275 4099 3785 4180; baseline 0.007 -26"><span class='ocrx_word' id='word_1_717' title='bbox 2275 4099 2416 4156; x_wconf 83' lang='lat' dir='ltr'><strong>XVII</strong></span> <span class='ocrx_word' id='word_1_718' title='bbox 2442 4101 2575 4156; x_wconf 70' lang='grc' dir='ltr'><strong>ΚΜ..</strong></span> <span class='ocrx_word' id='word_1_719' title='bbox 2612 4101 2860 4175; x_wconf 86' lang='lat' dir='ltr'><strong>Augusti.</strong></span> <span class='ocrx_word' id='word_1_720' title='bbox 2899 4103 2959 4159; x_wconf 92' lang='lat' dir='ltr'><strong>In</strong></span> <span class='ocrx_word' id='word_1_721' title='bbox 3005 4104 3156 4161; x_wconf 89' lang='lat' dir='ltr'><strong>Ostia</strong></span> <span class='ocrx_word' id='word_1_722' title='bbox 3196 4105 3375 4163; x_wconf 86' lang='lat' dir='ltr'><strong>natale</strong></span> <span class='ocrx_word' id='word_1_723' title='bbox 3402 4105 3666 4176; x_wconf 83' lang='lat' dir='ltr'><strong>Hilarini,</strong></span> <span class='ocrx_word' id='word_1_724' title='bbox 3693 4111 3785 4180; x_wconf 91' lang='lat' dir='ltr'><strong>qui</strong></span> 
     </span>
    </p>
   </div>
   <div class='ocr_carea' id='block_1_102' title="bbox 2205 4192 3785 4267">
    <p class='ocr_par' dir='ltr' id='par_1_102' title="bbox 2205 4192 3785 4267">
     <span class='ocr_line' id='line_1_102' title="bbox 2205 4192 3785 4267; baseline 0.005 -19"><span class='ocrx_word' id='word_1_725' title='bbox 2205 4192 2305 4248; x_wconf 90' lang='lat' dir='ltr'><strong>sub</strong></span> <span class='ocrx_word' id='word_1_726' title='bbox 2325 4193 2703 4265; x_wconf 87' lang='lat' dir='ltr'><strong>persecutione</strong></span> <span class='ocrx_word' id='word_1_727' title='bbox 2732 4192 2927 4250; x_wconf 79' lang='lat' dir='ltr'><strong>Juliani</strong></span> <span class='ocrx_word' id='word_1_728' title='bbox 2952 4210 3075 4251; x_wconf 90' lang='lat' dir='ltr'><strong>cum</strong></span> <span class='ocrx_word' id='word_1_729' title='bbox 3113 4196 3279 4253; x_wconf 88' lang='lat' dir='ltr'><strong>nollet</strong></span> <span class='ocrx_word' id='word_1_730' title='bbox 3319 4197 3663 4267; x_wconf 78' lang='lat' dir='ltr'><strong>sacriﬁcare,</strong></span> <span class='ocrx_word' id='word_1_731' title='bbox 3703 4199 3785 4256; x_wconf 88' lang='lat' dir='ltr'><strong>fu-</strong></span> 
     </span>
    </p>
   </div>
   <div class='ocr_carea' id='block_1_103' title="bbox 2205 4281 3214 4359">
    <p class='ocr_par' dir='ltr' id='par_1_103' title="bbox 2205 4281 3214 4359">
     <span class='ocr_line' id='line_1_103' title="bbox 2205 4281 3214 4359; baseline 0.003 -21"><span class='ocrx_word' id='word_1_732' title='bbox 2205 4281 2377 4338; x_wconf 89' lang='lat' dir='ltr'><strong>stibus</strong></span> <span class='ocrx_word' id='word_1_733' title='bbox 2402 4299 2593 4349; x_wconf 53' lang='lat' dir='ltr'><strong>caesus,</strong></span> <span class='ocrx_word' id='word_1_734' title='bbox 2622 4285 2937 4356; x_wconf 89' lang='lat' dir='ltr'><strong>martyrium</strong></span> <span class='ocrx_word' id='word_1_735' title='bbox 2964 4288 3214 4359; x_wconf 91' lang='lat' dir='ltr'><strong>sumpsit.</strong></span> 
     </span>
    </p>
   </div>
   <div class='ocr_carea' id='block_1_104' title="bbox 2275 4374 3789 4452">
    <p class='ocr_par' dir='ltr' id='par_1_104' title="bbox 2275 4374 3789 4452">
     <span class='ocr_line' id='line_1_104' title="bbox 2275 4374 3789 4452; baseline 0.009 -24"><span class='ocrx_word' id='word_1_736' title='bbox 2275 4374 2394 4430; x_wconf 78' lang='lat' dir='ltr'><strong>XVI</strong></span> <span class='ocrx_word' id='word_1_737' title='bbox 2424 4374 2559 4430; x_wconf 77' lang='lat' dir='ltr'><strong>KAL.</strong></span> <span class='ocrx_word' id='word_1_738' title='bbox 2601 4376 2659 4430; x_wconf 91' lang='lat' dir='ltr'><strong>in</strong></span> <span class='ocrx_word' id='word_1_739' title='bbox 2703 4374 3035 4448; x_wconf 85' lang='lat' dir='ltr'><strong>Carthagine</strong></span> <span class='ocrx_word' id='word_1_740' title='bbox 3087 4377 3525 4449; x_wconf 87' lang='lat' dir='ltr'><strong>Scillitanorum,</strong></span> <span class='ocrx_word' id='word_1_741' title='bbox 3572 4384 3629 4439; x_wconf 91' lang='lat' dir='ltr'><strong>id</strong></span> <span class='ocrx_word' id='word_1_742' title='bbox 3672 4395 3789 4452; x_wconf 88' lang='lat' dir='ltr'><strong>est,</strong></span> 
     </span>
    </p>
   </div>
   <div class='ocr_carea' id='block_1_105' title="bbox 2208 4464 3791 4545">
    <p class='ocr_par' dir='ltr' id='par_1_105' title="bbox 2208 4464 3791 4545">
     <span class='ocr_line' id='line_1_105' title="bbox 2208 4464 3791 4545; baseline 0.007 -25"><span class='ocrx_word' id='word_1_743' title='bbox 2208 4464 2442 4535; x_wconf 86' lang='lat' dir='ltr'><strong>Sperati,</strong></span> <span class='ocrx_word' id='word_1_744' title='bbox 2475 4465 2759 4533; x_wconf 86' lang='lat' dir='ltr'><strong>Martialis,</strong></span> <span class='ocrx_word' id='word_1_745' title='bbox 2791 4464 2979 4533; x_wconf 87' lang='lat' dir='ltr'><strong>Cithii,</strong></span> <span class='ocrx_word' id='word_1_746' title='bbox 3011 4465 3247 4525; x_wconf 76' lang='lat' dir='ltr'><strong>Vesturii</strong></span> <span class='ocrx_word' id='word_1_747' title='bbox 3277 4469 3791 4545; x_wconf 80' lang='lat' dir='ltr'><strong>[Nartali,Cythini,</strong></span> 
     </span>
    </p>
   </div>
   <div class='ocr_carea' id='block_1_106' title="bbox 2208 4556 3795 4630">
    <p class='ocr_par' dir='ltr' id='par_1_106' title="bbox 2208 4556 3795 4630">
     <span class='ocr_line' id='line_1_106' title="bbox 2208 4556 3795 4630; baseline 0.008 -19"><span class='ocrx_word' id='word_1_748' title='bbox 2208 4556 2459 4630; x_wconf 83' lang='lat' dir='ltr'><strong>Beturii],</strong></span> <span class='ocrx_word' id='word_1_749' title='bbox 2484 4557 2699 4626; x_wconf 90' lang='lat' dir='ltr'><strong>Felicis,</strong></span> <span class='ocrx_word' id='word_1_750' title='bbox 2724 4558 2980 4629; x_wconf 84' lang='lat' dir='ltr'><strong>Aquilini,</strong></span> <span class='ocrx_word' id='word_1_751' title='bbox 3008 4559 3298 4627; x_wconf 89' lang='lat' dir='ltr'><strong>Lactantii,</strong></span> <span class='ocrx_word' id='word_1_752' title='bbox 3324 4560 3587 4630; x_wconf 85' lang='lat' dir='ltr'><strong>Januarii,</strong></span> <span class='ocrx_word' id='word_1_753' title='bbox 3611 4565 3795 4623; x_wconf 84' lang='lat' dir='ltr'><strong>Gene-</strong></span> 
     </span>
    </p>
   </div>
   <div class='ocr_carea' id='block_1_107' title="bbox 2212 4647 3790 4723">
    <p class='ocr_par' dir='ltr' id='par_1_107' title="bbox 2212 4647 3790 4723">
     <span class='ocr_line' id='line_1_107' title="bbox 2212 4647 3790 4723; baseline 0.008 -22"><span class='ocrx_word' id='word_1_754' title='bbox 2212 4647 2341 4713; x_wconf 90' lang='lat' dir='ltr'><strong>rosi,</strong></span> <span class='ocrx_word' id='word_1_755' title='bbox 2375 4647 2552 4702; x_wconf 82' lang='lat' dir='ltr'><strong>Vestae</strong></span> <span class='ocrx_word' id='word_1_756' title='bbox 2592 4647 2824 4720; x_wconf 87' lang='lat' dir='ltr'><strong>[Aquili,</strong></span> <span class='ocrx_word' id='word_1_757' title='bbox 2863 4648 3097 4716; x_wconf 91' lang='lat' dir='ltr'><strong>Letarii,</strong></span> <span class='ocrx_word' id='word_1_758' title='bbox 3122 4648 3428 4719; x_wconf 77' lang='lat' dir='ltr'><strong>Ianuariae,</strong></span> <span class='ocrx_word' id='word_1_759' title='bbox 3457 4652 3790 4723; x_wconf 67' lang='lat' dir='ltr'><strong>Cenerosm,</strong></span> 
     </span>
    </p>
   </div>
   <div class='ocr_carea' id='block_1_108' title="bbox 2210 4736 3791 4820">
    <p class='ocr_par' dir='ltr' id='par_1_108' title="bbox 2210 4736 3791 4820">
     <span class='ocr_line' id='line_1_108' title="bbox 2210 4736 3791 4820; baseline 0.008 -29"><span class='ocrx_word' id='word_1_760' title='bbox 2210 4736 2450 4810; x_wconf 67' lang='lat' dir='ltr'><strong>Bessite],</strong></span> <span class='ocrx_word' id='word_1_761' title='bbox 2470 4737 2691 4795; x_wconf 65' lang='lat' dir='ltr'><strong>Donata:</strong></span> <span class='ocrx_word' id='word_1_762' title='bbox 2713 4748 2767 4797; x_wconf 94' lang='lat' dir='ltr'><strong>et</strong></span> <span class='ocrx_word' id='word_1_763' title='bbox 2782 4738 3044 4795; x_wconf 81' lang='lat' dir='ltr'><strong>Secundae</strong></span> <span class='ocrx_word' id='word_1_764' title='bbox 3066 4743 3165 4797; x_wconf 82' lang='lat' dir='ltr'><strong>sub</strong></span> <span class='ocrx_word' id='word_1_765' title='bbox 3179 4740 3431 4797; x_wconf 86' lang='lat' dir='ltr'><strong>Saturnio</strong></span> <span class='ocrx_word' id='word_1_766' title='bbox 3447 4742 3791 4820; x_wconf 80' lang='lat' dir='ltr'><strong>[Saturnino]</strong></span> 
     </span>
    </p>
   </div>
   <div class='ocr_carea' id='block_1_109' title="bbox 2212 4829 3789 4904">
    <p class='ocr_par' dir='ltr' id='par_1_109' title="bbox 2212 4829 3789 4904">
     <span class='ocr_line' id='line_1_109' title="bbox 2212 4829 3789 4904; baseline 0.01 -22"><span class='ocrx_word' id='word_1_767' title='bbox 2212 4829 2490 4902; x_wconf 83' lang='lat' dir='ltr'><strong>praefecto,</strong></span> <span class='ocrx_word' id='word_1_768' title='bbox 2513 4832 2604 4902; x_wconf 91' lang='lat' dir='ltr'><strong>qui</strong></span> <span class='ocrx_word' id='word_1_769' title='bbox 2636 4839 2757 4903; x_wconf 91' lang='lat' dir='ltr'><strong>post</strong></span> <span class='ocrx_word' id='word_1_770' title='bbox 2791 4833 3023 4904; x_wconf 89' lang='lat' dir='ltr'><strong>primam</strong></span> <span class='ocrx_word' id='word_1_771' title='bbox 3063 4834 3267 4891; x_wconf 84' lang='lat' dir='ltr'><strong>Christi</strong></span> <span class='ocrx_word' id='word_1_772' title='bbox 3293 4837 3695 4901; x_wconf 84' lang='lat' dir='ltr'><strong>confessionem</strong></span> <span class='ocrx_word' id='word_1_773' title='bbox 3735 4842 3789 4897; x_wconf 92' lang='lat' dir='ltr'><strong>in</strong></span> 
     </span>
    </p>
   </div>
   <div class='ocr_carea' id='block_1_110' title="bbox 2213 4923 3793 5004">
    <p class='ocr_par' dir='ltr' id='par_1_110' title="bbox 2213 4923 3793 5004">
     <span class='ocr_line' id='line_1_110' title="bbox 2213 4923 3793 5004; baseline 0.008 -28"><span class='ocrx_word' id='word_1_774' title='bbox 2213 4937 2486 4978; x_wconf 89' lang='lat' dir='ltr'><strong>carcerem</strong></span> <span class='ocrx_word' id='word_1_775' title='bbox 2516 4924 2688 4990; x_wconf 90' lang='lat' dir='ltr'><strong>missi,</strong></span> <span class='ocrx_word' id='word_1_776' title='bbox 2723 4933 2778 4979; x_wconf 92' lang='lat' dir='ltr'><strong>et</strong></span> <span class='ocrx_word' id='word_1_777' title='bbox 2806 4925 2860 4979; x_wconf 91' lang='lat' dir='ltr'><strong>in</strong></span> <span class='ocrx_word' id='word_1_778' title='bbox 2888 4923 3034 4996; x_wconf 90' lang='lat' dir='ltr'><strong>ligno</strong></span> <span class='ocrx_word' id='word_1_779' title='bbox 3059 4928 3291 4996; x_wconf 78' lang='lat' dir='ltr'><strong>conﬁxi,</strong></span> <span class='ocrx_word' id='word_1_780' title='bbox 3325 4938 3381 4985; x_wconf 92' lang='lat' dir='ltr'><strong>et</strong></span> <span class='ocrx_word' id='word_1_781' title='bbox 3419 4947 3577 4988; x_wconf 84' lang='lat' dir='ltr'><strong>mane</strong></span> <span class='ocrx_word' id='word_1_782' title='bbox 3613 4933 3793 5004; x_wconf 87' lang='lat' dir='ltr'><strong>gladio</strong></span> 
     </span>
    </p>
   </div>
   <div class='ocr_carea' id='block_1_111' title="bbox 2209 5012 2632 5070">
    <p class='ocr_par' dir='ltr' id='par_1_111' title="bbox 2209 5012 2632 5070">
     <span class='ocr_line' id='line_1_111' title="bbox 2209 5012 2632 5070; baseline 0.007 -3"><span class='ocrx_word' id='word_1_783' title='bbox 2209 5012 2459 5067; x_wconf 87' lang='lat' dir='ltr'><strong>decollali</strong></span> <span class='ocrx_word' id='word_1_784' title='bbox 2490 5022 2632 5070; x_wconf 91' lang='lat' dir='ltr'><strong>sunt.</strong></span> 
     </span>
    </p>
   </div>
   <div class='ocr_carea' id='block_1_112' title="bbox 2277 5103 3792 5176">
    <p class='ocr_par' dir='ltr' id='par_1_112' title="bbox 2277 5103 3792 5176">
     <span class='ocr_line' id='line_1_112' title="bbox 2277 5103 3792 5176; baseline 0.006 -18"><span class='ocrx_word' id='word_1_785' title='bbox 2277 5103 2375 5159; x_wconf 79' lang='lat' dir='ltr'><strong>XV</strong></span> <span class='ocrx_word' id='word_1_786' title='bbox 2402 5103 2536 5159; x_wconf 78' lang='lat' dir='ltr'><strong>KAL.</strong></span> <span class='ocrx_word' id='word_1_787' title='bbox 2577 5106 2851 5176; x_wconf 87' lang='lat' dir='ltr'><strong>Depositio</strong></span> <span class='ocrx_word' id='word_1_788' title='bbox 2872 5107 2925 5171; x_wconf 84' lang='lat' dir='ltr'><strong>in</strong></span> <span class='ocrx_word' id='word_1_789' title='bbox 2952 5107 3131 5164; x_wconf 88' lang='lat' dir='ltr'><strong>Mettis</strong></span> <span class='ocrx_word' id='word_1_790' title='bbox 3155 5109 3377 5166; x_wconf 87' lang='lat' dir='ltr'><strong>civitate</strong></span> <span class='ocrx_word' id='word_1_791' title='bbox 3401 5112 3575 5172; x_wconf 86' lang='lat' dir='ltr'><strong>sancti</strong></span> <span class='ocrx_word' id='word_1_792' title='bbox 3592 5111 3792 5167; x_wconf 84' lang='lat' dir='ltr'><strong>Amul-</strong></span> 
     </span>
    </p>
   </div>
   <div class='ocr_carea' id='block_1_113' title="bbox 2206 5190 3789 5268">
    <p class='ocr_par' dir='ltr' id='par_1_113' title="bbox 2206 5190 3789 5268">
     <span class='ocr_line' id='line_1_113' title="bbox 2206 5190 3789 5268; baseline 0.006 -23"><span class='ocrx_word' id='word_1_793' title='bbox 2206 5191 2299 5261; x_wconf 87' lang='lat' dir='ltr'><strong>phi</strong></span> <span class='ocrx_word' id='word_1_794' title='bbox 2349 5190 2673 5249; x_wconf 87' lang='lat' dir='ltr'><strong>confessoris</strong></span> <span class='ocrx_word' id='word_1_795' title='bbox 2714 5196 3054 5261; x_wconf 85' lang='lat' dir='ltr'><strong>celebratur,</strong></span> <span class='ocrx_word' id='word_1_796' title='bbox 3084 5197 3175 5268; x_wconf 88' lang='lat' dir='ltr'><strong>qui</strong></span> <span class='ocrx_word' id='word_1_797' title='bbox 3212 5197 3282 5254; x_wconf 89' lang='lat' dir='ltr'><strong>ab</strong></span> <span class='ocrx_word' id='word_1_798' title='bbox 3326 5198 3553 5253; x_wconf 87' lang='lat' dir='ltr'><strong>infantia</strong></span> <span class='ocrx_word' id='word_1_799' title='bbox 3592 5201 3663 5256; x_wconf 89' lang='lat' dir='ltr'><strong>ad</strong></span> <span class='ocrx_word' id='word_1_800' title='bbox 3696 5201 3789 5255; x_wconf 86' lang='lat' dir='ltr'><strong>Dei</strong></span> 
     </span>
    </p>
   </div>
   <div class='ocr_carea' id='block_1_114' title="bbox 2207 5283 3789 5358">
    <p class='ocr_par' dir='ltr' id='par_1_114' title="bbox 2207 5283 3789 5358">
     <span class='ocr_line' id='line_1_114' title="bbox 2207 5283 3789 5358; baseline 0.006 -21"><span class='ocrx_word' id='word_1_801' title='bbox 2207 5283 2487 5337; x_wconf 88' lang='lat' dir='ltr'><strong>servitium</strong></span> <span class='ocrx_word' id='word_1_802' title='bbox 2515 5296 2673 5355; x_wconf 88' lang='lat' dir='ltr'><strong>aptus</strong></span> <span class='ocrx_word' id='word_1_803' title='bbox 2700 5284 2817 5340; x_wconf 91' lang='lat' dir='ltr'><strong>fuit.</strong></span> <span class='ocrx_word' id='word_1_804' title='bbox 2842 5285 2976 5341; x_wconf 86' lang='lat' dir='ltr'><strong>Nam</strong></span> <span class='ocrx_word' id='word_1_805' title='bbox 3004 5287 3239 5357; x_wconf 89' lang='lat' dir='ltr'><strong>primum</strong></span> <span class='ocrx_word' id='word_1_806' title='bbox 3279 5289 3420 5358; x_wconf 89' lang='lat' dir='ltr'><strong>apud</strong></span> <span class='ocrx_word' id='word_1_807' title='bbox 3457 5290 3669 5347; x_wconf 79' lang='lat' dir='ltr'><strong>aulicos</strong></span> <span class='ocrx_word' id='word_1_808' title='bbox 3708 5306 3789 5346; x_wconf 84' lang='lat' dir='ltr'><strong>re-</strong></span> 
     </span>
    </p>
   </div>
   <div class='ocr_carea' id='block_1_115' title="bbox 2209 5372 3784 5449">
    <p class='ocr_par' dir='ltr' id='par_1_115' title="bbox 2209 5372 3784 5449">
     <span class='ocr_line' id='line_1_115' title="bbox 2209 5372 3784 5449; baseline 0.006 -23"><span class='ocrx_word' id='word_1_809' title='bbox 2209 5372 2324 5444; x_wconf 89' lang='lat' dir='ltr'><strong>gis,</strong></span> <span class='ocrx_word' id='word_1_810' title='bbox 2362 5375 2464 5429; x_wconf 90' lang='lat' dir='ltr'><strong>hoc</strong></span> <span class='ocrx_word' id='word_1_811' title='bbox 2488 5383 2606 5440; x_wconf 87' lang='lat' dir='ltr'><strong>est,</strong></span> <span class='ocrx_word' id='word_1_812' title='bbox 2635 5374 2963 5435; x_wconf 87' lang='lat' dir='ltr'><strong>Gundolfum</strong></span> <span class='ocrx_word' id='word_1_813' title='bbox 3011 5376 3355 5449; x_wconf 85' lang='lat' dir='ltr'><strong>subregulum</strong></span> <span class='ocrx_word' id='word_1_814' title='bbox 3405 5394 3471 5434; x_wconf 91' lang='lat' dir='ltr'><strong>ac</strong></span> <span class='ocrx_word' id='word_1_815' title='bbox 3518 5388 3784 5436; x_wconf 86' lang='lat' dir='ltr'><strong>rectorem</strong></span> 
     </span>
    </p>
   </div>
   <div class='ocr_carea' id='block_1_116' title="bbox 2209 5465 3784 5542">
    <p class='ocr_par' dir='ltr' id='par_1_116' title="bbox 2209 5465 3784 5542">
     <span class='ocr_line' id='line_1_116' title="bbox 2209 5465 3784 5542; baseline 0.004 -24"><span class='ocrx_word' id='word_1_816' title='bbox 2209 5465 2392 5534; x_wconf 87' lang='lat' dir='ltr'><strong>palatii</strong></span> <span class='ocrx_word' id='word_1_817' title='bbox 2424 5467 2658 5523; x_wconf 89' lang='lat' dir='ltr'><strong>nutritus</strong></span> <span class='ocrx_word' id='word_1_818' title='bbox 2680 5466 2813 5535; x_wconf 90' lang='lat' dir='ltr'><strong>fuit;</strong></span> <span class='ocrx_word' id='word_1_819' title='bbox 2849 5469 2944 5525; x_wconf 90' lang='lat' dir='ltr'><strong>sed</strong></span> <span class='ocrx_word' id='word_1_820' title='bbox 2979 5468 3123 5542; x_wconf 87' lang='lat' dir='ltr'><strong>jugis</strong></span> <span class='ocrx_word' id='word_1_821' title='bbox 3155 5470 3299 5526; x_wconf 91' lang='lat' dir='ltr'><strong>illius</strong></span> <span class='ocrx_word' id='word_1_822' title='bbox 3333 5470 3617 5526; x_wconf 89' lang='lat' dir='ltr'><strong>meditatio</strong></span> <span class='ocrx_word' id='word_1_823' title='bbox 3646 5471 3784 5525; x_wconf 73' lang='lat' dir='ltr'><strong>circa</strong></span> 
     </span>
    </p>
   </div>
   <div class='ocr_carea' id='block_1_117' title="bbox 2210 5554 3783 5630">
    <p class='ocr_par' dir='ltr' id='par_1_117' title="bbox 2210 5554 3783 5630">
     <span class='ocr_line' id='line_1_117' title="bbox 2210 5554 3783 5630; baseline 0.001 -21"><span class='ocrx_word' id='word_1_824' title='bbox 2210 5554 2535 5610; x_wconf 84' lang='lat' dir='ltr'><strong>monasteria</strong></span> <span class='ocrx_word' id='word_1_825' title='bbox 2567 5557 2651 5612; x_wconf 89' lang='lat' dir='ltr'><strong>vel</strong></span> <span class='ocrx_word' id='word_1_826' title='bbox 2678 5557 2799 5614; x_wconf 89' lang='lat' dir='ltr'><strong>loca</strong></span> <span class='ocrx_word' id='word_1_827' title='bbox 2840 5568 3028 5614; x_wconf 84' lang='lat' dir='ltr'><strong>sancta</strong></span> <span class='ocrx_word' id='word_1_828' title='bbox 3054 5559 3342 5630; x_wconf 81' lang='lat' dir='ltr'><strong>vigilabat,</strong></span> <span class='ocrx_word' id='word_1_829' title='bbox 3371 5559 3552 5630; x_wconf 86' lang='lat' dir='ltr'><strong>largus</strong></span> <span class='ocrx_word' id='word_1_830' title='bbox 3585 5569 3706 5614; x_wconf 88' lang='lat' dir='ltr'><strong>erat</strong></span> <span class='ocrx_word' id='word_1_831' title='bbox 3732 5559 3783 5611; x_wconf 90' lang='lat' dir='ltr'><strong>in</strong></span> 
     </span>
    </p>
   </div>
   <div class='ocr_carea' id='block_1_118' title="bbox 2210 5643 3785 5723">
    <p class='ocr_par' dir='ltr' id='par_1_118' title="bbox 2210 5643 3785 5723">
     <span class='ocr_line' id='line_1_118' title="bbox 2210 5643 3785 5723; baseline 0.002 -25"><span class='ocrx_word' id='word_1_832' title='bbox 2210 5643 2589 5717; x_wconf 82' lang='lat' dir='ltr'><strong>elcemosynis,</strong></span> <span class='ocrx_word' id='word_1_833' title='bbox 2621 5656 2676 5703; x_wconf 90' lang='lat' dir='ltr'><strong>et</strong></span> <span class='ocrx_word' id='word_1_834' title='bbox 2701 5664 2832 5705; x_wconf 91' lang='lat' dir='ltr'><strong>cura</strong></span> <span class='ocrx_word' id='word_1_835' title='bbox 2860 5649 2935 5704; x_wconf 90' lang='lat' dir='ltr'><strong>illi</strong></span> <span class='ocrx_word' id='word_1_836' title='bbox 2963 5650 3199 5706; x_wconf 81' lang='lat' dir='ltr'><strong>maxima</strong></span> <span class='ocrx_word' id='word_1_837' title='bbox 3223 5665 3349 5720; x_wconf 85' lang='lat' dir='ltr'><strong>erga</strong></span> <span class='ocrx_word' id='word_1_838' title='bbox 3377 5665 3644 5723; x_wconf 84' lang='lat' dir='ltr'><strong>pauperes</strong></span> <span class='ocrx_word' id='word_1_839' title='bbox 3668 5648 3785 5703; x_wconf 74' lang='lat' dir='ltr'><strong>fluit.</strong></span> 
     </span>
    </p>
   </div>
   <div class='ocr_carea' id='block_1_119' title="bbox 2213 5732 3783 5810">
    <p class='ocr_par' dir='ltr' id='par_1_119' title="bbox 2213 5732 3783 5810">
     <span class='ocr_line' id='line_1_119' title="bbox 2213 5732 3783 5810; baseline 0.006 -23"><span class='ocrx_word' id='word_1_840' title='bbox 2213 5732 2401 5789; x_wconf 87' lang='lat' dir='ltr'><strong>Postea</strong></span> <span class='ocrx_word' id='word_1_841' title='bbox 2433 5751 2561 5792; x_wconf 88' lang='lat' dir='ltr'><strong>vero</strong></span> <span class='ocrx_word' id='word_1_842' title='bbox 2582 5740 2862 5810; x_wconf 87' lang='lat' dir='ltr'><strong>cpiscopus</strong></span> <span class='ocrx_word' id='word_1_843' title='bbox 2901 5739 3241 5797; x_wconf 73' lang='lat' dir='ltr'><strong>Mcttensium</strong></span> <span class='ocrx_word' id='word_1_844' title='bbox 3270 5750 3353 5797; x_wconf 80' lang='lat' dir='ltr'><strong>est</strong></span> <span class='ocrx_word' id='word_1_845' title='bbox 3382 5743 3699 5809; x_wconf 83' lang='lat' dir='ltr'><strong>ordinatus;</strong></span> <span class='ocrx_word' id='word_1_846' title='bbox 3730 5738 3783 5791; x_wconf 86' lang='lat' dir='ltr'><strong>in</strong></span> 
     </span>
    </p>
   </div>
  </div>
