4028 6196
373 360 518 413 1157

1693 358 1881 421 MART
1894 358 2289 416 YROLOGIUM
2299 399 2312 412 .

3483 363 3617 419 H38

362 489 482 544 quo
527 471 695 542 gradu
724 472 932 541 positus
969 470 1135 526 multa
1175 469 1429 529 miracula
1466 469 1593 527 fecit
1626 470 1679 527 in
1714 471 1947 529 sanitate
1974 473 2020 533 Λ
2048 468 2329 540 praesidem
2357 469 2653 525 trucidatus
2688 476 2769 525 est
2802 469 2960 524 simul
2999 483 3122 527 cum
3162 468 3423 526 militibus
3463 472 3621 529 Eleu-

367 563 744 627 infirmorum;
781 577 903 617 cum
933 570 1114 617 autem
1140 560 1215 617 illi
1249 560 1529 630 inspiratio
1555 560 1733 617 divina
1762 560 1947 616 solita-

371 653 514 709 riam
540 653 708 708 vitam
737 652 790 707 in
815 659 1052 708 mentem
1076 651 1257 714 dedit,
1280 651 1370 706 ubi
1397 650 1833 719 contemplationi
1867 650 1950 704 di-

371 743 516 797 vinae
536 741 738 812 jugiter
766 750 1002 804 vacaret,
1032 740 1269 816 perrexit
1293 740 1346 795 in
1377 748 1644 799 secretum
1674 740 1872 805 locum,
1896 750 1950 794 et

372 833 561 889 sedulo
584 832 637 889 in
667 833 761 887 Dei
791 831 1013 889 servitio
1038 830 1330 892 laborabat,
1358 830 1527 885 donec
1551 830 1765 884 vocatio
1788 829 1950 885 caele—

372 923 479 976 stis
506 922 572 975 ad
593 930 850 976 :eternam
876 920 1115 988 requiem
1139 918 1286 974 illum
1308 919 1578 987 perduxit.

447 1010 563 1067 XlV
589 1008 722 1065 Kac.
752 1007 933 1065 Sancti
964 1008 1138 1067 Patris
1167 1008 1335 1064 nostri
1365 1006 1610 1072 Arsenii,
1651 1008 1718 1063 de
1755 1022 1861 1076 quo
1894 1008 1947 1063 in

364 1105 556 1161 verbis
579 1104 854 1159 seniorum
883 1102 1116 1157 refertur
1142 1103 1266 1170 quia
1295 1110 1515 1170 propter
1539 1101 1946 1165 redundantiam

365 1192 734 1265 lacrymarum
776 1193 1082 1264 tergendam
1116 1193 1392 1247 sudarium
1433 1208 1647 1264 semper
1690 1193 1745 1247 in
1786 1210 1947 1249 manu

368 1302 475 1342 sua
503 1288 586 1342 vel
615 1287 736 1349 sinu
764 1286 1031 1340 habuerit.

445 1377 562 1435 Xlll
587 1377 718 1431 KAL.
747 1377 803 1430 In
829 1376 1006 1430 Africa
1038 1377 1214 1431 natale
1247 1375 1465 1431 aniani
1482 1417 1496 1440 ,
1523 1376 1700 1440 Petri,
1724 1376 1946 1432 Amabi-

367 1465 445 1522 lis
471 1477 527 1521 et
551 1467 842 1531 Nunninm;
867 1476 922 1521 et
949 1467 1263 1530 Thebaides,
1290 1468 1523 1522 Victuris
1546 1466 1862 1539 [Victoris],
1893 1477 1949 1523 et

368 1557 432 1612 in
460 1558 742 1623 Damasco,
768 1556 947 1611 Savini
980 1556 1237 1628 [Sabini].

445 1647 537 1702 ΧΠ
566 1647 699 1702 Κλι..
740 1645 920 1701 Sancti
953 1646 1185 1701 Danielis
1205 1646 1497 1716 prophetae.
1515 1645 1720 1712 Romae,
1745 1645 1944 1701 Prave—

367 1740 459 1795 dis
486 1740 726 1810 virginis,
757 1755 876 1810 quae
911 1739 1009 1793 fuit
1032 1754 1187 1794 soror
1211 1739 1542 1797 Potentianze
1559 1779 1574 1805 ,
1602 1748 1658 1794 et
1686 1739 1942 1809 tempori-

2053 558 2247 624 thcrio,
2281 557 2551 612 Feliciano
2576 566 2631 613 et
2655 558 2982 615 Alexandro.
3019 558 3155 613 Nam
3183 574 3307 614 cum
3346 575 3616 617 memora-

2052 660 2137 713 tus
2158 652 2441 722 episcopus
2461 651 2729 723 praedictis
2748 651 3007 706 militibus
3033 652 3100 706 ad
3129 652 3539 709 custodiendum
3565 653 3620 709 in

2050 742 2324 797 carcerem
2358 742 2587 796 traditus
2607 730 2783 806 esset,
2812 741 2886 797 ibi
2924 742 3163 813 angelica
3200 744 3408 800 visione
3432 746 3622 801 visita-

2050 840 2138 887 tus
2162 841 2266 887 est.
2290 832 2444 887 Unde
2473 833 2572 902 ipsi
2603 833 2853 888 custodes
2879 834 3121 888 videntes
3149 833 3221 888 ibi
3244 834 3423 890 lumen
3446 838 3625 907 splen-

2049 925 2256 992 didum,
2289 926 2542 981 cadentes
2573 928 2640 981 ad
2667 926 2809 982 beati
2842 928 3073 984 ViCtoris
3093 945 3296 1000 genua,
3325 933 3620 987 remedium

2048 1014 2117 1067 ab
2144 1030 2208 1069 eo
2229 1014 2516 1084 implorant
2542 1032 2556 1068 :
2579 1030 2714 1084 quos
2741 1031 2863 1070 cum
2887 1026 3111 1073 sanctus
3134 1019 3417 1090 episcopus
3442 1021 3622 1091 bapti-

2050 1109 2245 1166 zasset,
2275 1110 2329 1157 et
2352 1104 2451 1172 ipsi
2481 1104 2534 1159 in
2564 1103 2906 1161 confessione
2948 1107 3182 1163 nominis
3216 1107 3419 1164 Christi
3452 1125 3621 1179 usque

2050 1193 2103 1246 in
2140 1192 2300 1247 finem
2340 1203 2811 1263 perseverassent,
2854 1197 3114 1268 martyrio
3171 1200 3415 1253 coronati
3473 1210 3618 1256 sunt.

2050 1280 2313 1338 Similiter
2351 1291 2408 1337 et
2454 1284 2736 1356 episcopus
2772 1284 2924 1352 jussu
2962 1287 3301 1355 imperatoris
3325 1291 3620 1346 decollatus

2048 1381 2151 1427 est.
2188 1373 2344 1429 Unde
2367 1382 2423 1437 et
2461 1382 2584 1443 post
2623 1376 2941 1445 martyrium
2972 1387 3280 1433 sanctorum
3310 1382 3580 1451 expletum
3604 1424 3618 1447 ,

2047 1463 2406 1527 Maximianus
2436 1464 2729 1533 imperator
2759 1466 3060 1521 dzemonum
3091 1468 3434 1524 infestatione
3468 1471 3621 1529 valde

2045 1551 2417 1620 torquebatur,
2443 1552 2532 1620 qui
2560 1552 2702 1607 inter
2729 1568 2917 1622 ptenas
2942 1554 3008 1608 ad
3041 1555 3311 1611 Arterium
3337 1560 3620 1626 przesidem

2047 1641 2283 1697 clamare
2326 1645 2492 1713 erepit
2535 1660 2599 1700 ac
2642 1645 2861 1701 dicere:
2898 1667 2916 1698 ‹
2956 1646 3069 1701 lleu
3120 1649 3330 1704 incidor
3380 1650 3545 1706 miser
3589 1666 3620 1704 a

2047 1736 2250 1791 sanctis
2278 1736 2409 1790 viris
2437 1751 2501 1791 ac
2533 1745 2789 1806 torqueor
2815 1755 2828 1790 :
2860 1737 2949 1808 qui
2998 1746 3058 1793 ut
3101 1739 3256 1795 video
3283 1737 3395 1811 jam
3433 1749 3487 1795 et
3521 1754 3623 1795 nos

364 1829 478 1883 bus
496 1827 751 1883 Antonini
781 1828 1120 1899 imperatoris
1156 1828 1352 1883 multos
1370 1828 1710 1884 Christianos
1746 1827 1813 1882 de
1846 1844 1944 1882 sua
1973 1822 2018 1881 B
2046 1824 2381 1883 excludimus
2420 1841 2450 1879 a
2488 1826 2639 1891 luce,
2666 1842 2827 1896 quam
2859 1828 3102 1893 tulimus,
3133 1836 3348 1899 torquet
3373 1838 3428 1886 et
3459 1845 3621 1902 perna

367 1920 671 1977 substantia
695 1920 925 1979 fovebat.
957 1919 1090 1975 Cum
1116 1928 1294 1976 autem
1318 1920 1648 1992 divulgatum
1672 1927 1815 1975 esset
1835 1920 1944 1974 An-

367 2009 560 2063 tonino
602 2009 915 2079 imperatori
968 2009 1109 2078 quod
1162 2016 1457 2064 conventus
1500 2007 1654 2062 ﬁeret
1695 2007 1750 2062 in
1790 2007 1945 2062 titulo

365 2094 654 2162 Praxedis,
683 2098 829 2152 misit
854 2105 907 2151 et
935 2098 1107 2154 tenuit
1131 2096 1518 2167 Symmetrium
1537 2098 1906 2168 presbyterum
1925 2137 1941 2164 ,

364 2201 496 2242 cum
519 2188 639 2242 aliis
679 2188 866 2259 viginti
904 2187 1144 2253 duobus,
1189 2202 1325 2256 quos
1366 2187 1483 2245 sine
1523 2186 1945 2258 interrogatione

367 2277 554 2347 gladio
583 2278 762 2347 puniri
790 2279 1043 2347 praecepit
1066 2279 1117 2331 in
1150 2278 1337 2332 eodem
1370 2277 1548 2343 titulo,
1570 2292 1798 2347 quorum
1824 2293 1945 2333 cor—

365 2384 505 2439 pora
532 2369 691 2424 beata
719 2367 980 2422 Praxedis
1014 2368 1229 2438 collegit
1262 2376 1317 2423 et
1345 2367 1588 2438 sepelivit
1610 2369 1664 2427 in
1693 2376 1945 2429 cmmem-

366 2459 456 2514 rio
485 2457 744 2513 Priscillre
772 2457 873 2512 sub
909 2458 994 2521 die
1020 2473 1091 2512 vn
1129 2457 1248 2515 Kal.
1290 2456 1436 2514 Julii.
1472 2458 1624 2516 Tunc
1659 2457 1945 2519 alllictione

368 2548 668 2604 constricta
694 2548 851 2602 beata
874 2548 1129 2604 Praxedis
1156 2549 1433 2619 ingemuit,
1462 2557 1518 2613 et
1544 2549 1721 2604 oravit
1744 2550 1810 2604 ad
1842 2548 1947 2604 Do-

370 2638 579 2693 minum
608 2645 666 2691 ut
699 2637 952 2692 transiret
978 2651 1045 2691 ex
1075 2639 1181 2701 hoc
1218 2639 1451 2703 mundo,
1478 2639 1634 2708 cujus
1670 2639 1945 2693 orationes

371 2737 430 2783 et
458 2728 707 2798 lacrymze
736 2729 803 2783 ad
835 2729 1121 2784 Dominum
1159 2727 1342 2783 Jesum
1376 2728 1651 2786 Christum
1687 2744 1947 2798 pervene-

372 2826 523 2879 runt.
547 2818 676 2873 Post
705 2820 1022 2889 martyrium
1050 2828 1357 2875 sanctorum
1397 2835 1561 2890 supra
1598 2820 1865 2881 dictorum
1892 2829 1944 2875 et

374 2925 662 2973 coronam,
695 2911 947 2979 migravit
984 2911 1052 2966 ad
1097 2912 1382 2969 Dominum
1422 2912 1575 2983 virgo
1609 2920 1822 2971 sacrata
1847 2911 1949 2967 sub

375 3003 464 3058 die
484 3018 559 3057 xu
587 3002 700 3057 Kal.
726 3003 972 3072 Augusti.
998 3004 1064 3057 Et
1089 3004 1227 3073 apud
1254 3002 1592 3059 Tiburtinam
1619 3004 1804 3061 urbem
1834 3003 1946 3059 lta-

375 3092 463 3148 lia:
480 3092 657 3147 natale
688 3093 1063 3166 Symphorosa:
1088 3107 1210 3145 cum
1232 3091 1356 3147 ﬁliis
1378 3100 1604 3163 septem,
1633 3089 1944 3157 Crescente,

373 3184 605 3250 Juliano,
632 3151 911 3251 Nerines-io,
940 3182 1254 3251 Primitive,
1279 3151 1521 3249 Iustino,
1554 3182 1810 3247 Stacteo,
1840 3182 1948 3235 Eu--
1972 3151 2016 3213 Ο

373 3275 563 3343 genio;
590 3290 711 3329 cum
739 3276 933 3343 quibus
958 3274 1116 3329 simul
1152 3290 1310 3345 passa
1336 3284 1421 3330 est
1440 3276 1508 3330 ab
1527 3273 1764 3329 Adriano
1797 3273 1946 3343 prin-

374 3368 528 3435 cipe,
554 3368 644 3435 qui
673 3367 840 3435 ipsam
881 3366 1301 3437 Symphorosam
1338 3364 1501 3436 jussit
1546 3363 1739 3433 palmis
1776 3360 1944 3429 eazdi,

373 3457 570 3511 deinde
599 3456 853 3525 suspendi
884 3456 1158 3521 crinibus;
1187 3457 1282 3511 sed
1303 3471 1427 3510 cum
1450 3456 1696 3524 superari
1726 3453 1951 3510 nullate-

373 3566 477 3605 nus
496 3559 700 3620 posset,
718 3551 882 3620 jussit
907 3564 1028 3605 eam
1055 3549 1271 3620 alligato
1293 3564 1425 3605 saxo
1450 3548 1504 3604 in
1528 3547 1687 3603 fluvio
1707 3546 1923 3619 prtecipi

374 3642 477 3695 tari
510 3660 523 3695 :
554 3641 709 3709 cujus
729 3640 898 3695 frater
924 3641 1213 3712 Eugenius,
1236 3640 1401 3695 curia:
1423 3638 1739 3709 principalis
1755 3636 1944 3692 Tibur-

374 3732 530 3796 time,
571 3732 829 3801 colligens
852 3745 1048 3802 corpus
1075 3733 1193 3802 ejus
1219 3731 1483 3801 sepelivit,
1509 3738 1563 3785 et
1588 3745 1745 3784 mane
1775 3729 1947 3798 impe-

375 3829 525 3876 rator
548 3820 712 3889 jussit
737 3829 941 3890 septem
965 3821 1054 3889 figi
1077 3822 1310 3892 stipites,
1342 3821 1523 3891 ibique
1561 3818 1702 3874 filios
1728 3816 1844 3886 ejus
1874 3816 1944 3872 ad

374 3908 610 3964 trocleas
629 3909 868 3974 extendi,
899 3917 955 3964 et
979 3908 1326 3965 Crescentem
1356 3909 1409 3962 in
1440 3917 1655 3978 gutture
1679 3904 1940 3975 transfigi,

372 3999 671 4054 Lucianum
697 3999 750 4052 in
773 4008 1012 4068 pectore,
1043 3999 1348 4055 Nemesium
1390 4000 1446 4054 in
1481 3998 1643 4054 corde
1663 4038 1678 4064 ,
1702 3996 1943 4053 Primiti-

372 4105 498 4143 vum
528 4104 626 4160 per
650 4090 985 4155 umbilicum,
1020 4088 1289 4144 Justinum
1329 4104 1427 4157 per
1466 4089 1708 4143 membra
1735 4087 1941 4143 disten-

374 4196 490 4234 sum
531 4181 703 4235 scindi
730 4196 827 4250 per
861 4180 1107 4251 singulos
1143 4180 1386 4249 corporis
1425 4179 1596 4233 nodos
1625 4186 1787 4246 atque
1810 4174 1942 4245 jun-

370 4277 590 4332 cturas,
636 4268 907 4326 Staeteum
961 4270 1164 4325 lanceis
1226 4268 1707 4324 innumerabilibus
1768 4268 1944 4323 donec

372 4367 695 4424 moreretur,
748 4360 803 4413 in
851 4368 1053 4414 terram
1094 4358 1322 4429 conligi,
1371 4358 1669 4429 Eugenium
1719 4356 1849 4413 ﬁndi
1908 4372 1941 4412 a

370 4458 590 4519 pectore
614 4466 786 4520 usque
809 4451 877 4505 ad
908 4449 1191 4507 inferiores
1215 4456 1414 4519 partes.
1441 4448 1624 4504 Altera
1651 4455 1833 4503 autem
1851 4448 1939 4502 die

374 4539 594 4593 veniens
643 4539 914 4595 Adrianus
971 4541 1265 4611 imperator
1311 4541 1380 4595 ad
1428 4539 1611 4594 fanum
1659 4539 1937 4603 Herculis,

366 4629 530 4699 jussit
566 4644 795 4698 corpora
841 4646 1028 4685 eorum
1071 4630 1232 4686 simul
1272 4628 1514 4694 auferri,
1560 4638 1616 4683 et
1656 4629 1845 4700 projici
1888 4629 1941 4682 in

373 4721 583 4776 foveam
610 4721 794 4779 altam.
814 4721 947 4779 Post
970 4730 1173 4793 septem
1203 4738 1332 4778 vero
1356 4722 1493 4787 dies,
1538 4722 1592 4775 in
1634 4721 1719 4776 die
1752 4729 1943 4776 octavo

371 4813 618 4883 martyrii
643 4827 854 4878 eorum,
886 4813 1050 4869 filiam
1088 4813 1311 4870 Adriani
1341 4813 1684 4883 imperatoris
1717 4812 1944 4884 arripuit

372 4902 639 4968 diabolus,
660 4914 717 4959 et
728 4905 946 4961 veniens
968 4905 1035 4959 ad
1055 4905 1229 4960 locum
1250 4905 1342 4959 ubi
1363 4905 1541 4960 obruti
1568 4912 1723 4958 erant
1743 4903 1938 4963 sancti.

370 4995 641 5051 clamabat
670 5010 767 5064 per
794 5011 856 5050 os
883 4996 999 5065 ejus
1028 4996 1269 5053 diabolus
1295 4997 1515 5050 dicens:
1549 5013 1567 5045 ι
1604 4994 1814 5048 Domini
1837 4993 1944 5057 mei

374 5095 576 5155 septem
601 5087 839 5156 germani
870 5096 1136 5157 martyres
1156 5086 1378 5152 Christi,
1412 5086 1699 5142 incenditis
1727 5101 1814 5141 me
1843 5086 1944 5140 mi»

371 5191 568 5231 seram.
604 5198 623 5230 ι
656 5177 775 5247 Ipse
805 5186 984 5232 autem
1024 5178 1295 5234 Adrianus
1337 5181 1590 5235 similiter
1636 5187 1884 5250 arreptus
1912 5194 1943 5233 a

370 5267 634 5321 daemonio
672 5266 1052 5321 miserabiliter
1079 5268 1243 5321 vitam
1263 5267 1596 5337 corporalem
1625 5266 1817 5321 finivit.
1841 5267 1948 5321 Eo—

370 5359 493 5412 dem
519 5359 606 5412 die
635 5358 689 5412 in
711 5358 931 5413 civitate
960 5357 1174 5413 Verona
1200 5359 1481 5413 translatio
1509 5358 1680 5413 sancti
1708 5356 1940 5411 Zenonis

368 5450 657 5519 martyris,
693 5449 849 5518 cujus
875 5451 1066 5505 beatus
1089 5450 1380 5520 Gregorius
1414 5452 1467 5505 in
1508 5450 1659 5509 libris
1697 5449 1943 5519 Dialogo~

370 5552 489 5592 rum
520 5540 783 5595 meminit.
810 5540 1010 5596 Eodem
1036 5541 1122 5596 die
1150 5542 1328 5610 passio
1350 5549 1436 5595 est
1460 5539 1722 5601 Victoris,
1747 5538 1941 5594 Massi-

368 5628 558 5684 liensis
589 5631 824 5702 episcopi
846 5673 860 5696 ,
888 5632 979 5701 qui
1006 5632 1105 5687 sub
1129 5632 1462 5688 Diocletiano
1528 5639 1584 5684 et
1616 5628 1940 5685 Maximiano

369 5720 784 5790 imperatoribus
823 5732 1043 5794 propter
1082 5723 1240 5778 ﬁdem
1283 5723 1483 5777 Christi
1528 5737 1624 5791 per
1668 5721 1939 5775 Arterium

1965 4508 2019 4565 D

2045 1930 2207 1986 quam
2260 1917 2537 1985 dedimus;
2575 1917 2748 1987 majus
2772 1930 2885 1986 est,
2910 1923 3052 1990 quod
3090 1922 3423 1992 recepimus,
3457 1938 3621 1993 quam

2044 2009 2187 2078 quod
2235 2008 2480 2067 intulisse
2517 2011 2840 2077 probamur;
2880 2030 2899 2062 ι
2941 2012 3030 2080 qui
3062 2026 3231 2079 usque
3259 2011 3326 2065 ad
3368 2021 3621 2082 quartum

2044 2099 2189 2154 diem
2220 2106 2414 2165 tortus,
2444 2100 2531 2155 die
2550 2101 2741 2170 quinto
2762 2117 2789 2154 a
2815 2102 3103 2170 semetipso
3125 2100 3408 2170 laqueatus
3435 2109 3490 2155 et
3507 2100 3619 2171 jam

2044 2192 2191 2247 omni
2234 2193 2537 2261 putredinis
2575 2194 2827 2262 squalore
2876 2194 3149 2259 decoctus,
3192 2195 3467 2252 vermibus
3498 2197 3621 2251 hul¢

2044 2283 2224 2348 liens,
2273 2282 2327 2337 in
2377 2282 2629 2339 tirocinio
2671 2284 2796 2341 vitae
2847 2299 2958 2339 sute
2994 2284 3194 2343 malum
3251 2285 3412 2355 digna
3449 2295 3623 2341 morte

2047 2372 2242 2428 ﬁnivit.

2114 2460 2186 2516 Xl
2220 2461 2353 2517 ΚΑι.
2384 2461 2645 2520 Nativitas
2671 2462 2853 2523 Maria!
2882 2462 3224 2533 Magdalenae.
3254 2464 3312 2519 In
3333 2464 3621 2522 Antiochia

2046 2551 2230 2605 natale
2264 2556 2585 2606 sanctorum'
2604 2550 2790 2622 Cyrilli
2829 2552 3111 2623 episcopi,
3152 2552 3412 2619 Andreae;
3460 2564 3515 2610 et
3564 2557 3617 2611 in

2046 2640 2287 2711 Anquira
2330 2639 2589 2712 [Ancyra]
2631 2640 2863 2702 Galatiae
2902 2642 3097 2698 natalis
3138 2644 3310 2703 sancti
3350 2644 3623 2712 Platonis,

2048 2732 2202 2803 cujus
2242 2741 2390 2803 gesta
2417 2733 2703 2792 habentur.

2117 2823 2166 2878 Χ
2200 2820 2333 2879 ΚΑι..
2378 2824 2652 2893 Depositio
2694 2823 2864 2885 sancti
2912 2824 3237 2895 Apollinaris
3287 2826 3523 2897 episc0pi
3566 2829 3619 2883 in

2050 2913 2325 2980 Ravenna,
2354 2915 2443 2984 qui
2476 2914 2660 2975 Romae
2687 2916 2968 2977 ordinatus
2996 2916 3064 2971 ab
3087 2916 3330 2985 apostolo
3357 2915 3540 2982 Petro,
3567 2928 3623 2973 et

2049 3005 2175 3061 illuc
2204 3007 2401 3063 missus
2420 3016 2531 3072 est;
2559 3006 2649 3076 qui
2678 3008 2842 3071 etiam
2884 3008 2937 3063 in
2967 3007 3185 3064 Emilia
3225 3011 3534 3078 praedicavit
3567 3020 3623 3067 et

2050 3098 2103 3152 in
2130 3097 2373 3166 partibus
2401 3096 2823 3162 Corinthiorum,
2854 3106 2909 3161 et
2940 3099 2993 3154 in
3023 3098 3187 3170 Mysia
3210 3109 3262 3156 et
3292 3102 3344 3155 in
3371 3102 3486 3172 ripa
3514 3103 3622 3158 Da-

2047 3188 2219 3251 nubii,
2241 3195 2297 3243 et
2321 3189 2374 3243 in
2400 3187 2644 3256 partibus
2666 3188 2936 3255 Thraciae.
2962 3189 3016 3245 in
3046 3190 3240 3259 quibus
3270 3190 3400 3273 locis
3433 3192 3621 3259 exsilio

2048 3276 2316 3347 relegatus
2342 3284 2448 3341 est,
2474 3286 2528 3330 et
2553 3277 2860 3346 ubicunque
2881 3281 3151 3345 pervenit,
3178 3281 3490 3338 innumeras
3509 3284 3618 3338 vir-

2048 3373 2192 3420 tutes
2230 3363 2360 3420 fecit
2399 3371 2454 3419 et
2496 3364 2775 3433 passiones
2804 3364 3097 3419 sustinuit:
3131 3382 3255 3419 nam
3302 3368 3465 3423 nimia
3497 3384 3622 3425 cum

2046 3458 2192 3513 crede
2216 3464 2485 3511 mactatus
2511 3463 2629 3520 est,
2658 3464 2714 3515 et
2753 3470 2969 3513 rursum
3016 3456 3218 3513 diutius
3254 3456 3486 3514 fustibus
3518 3476 3620 3516 cte-

2047 3564 2160 3611 sus,
2186 3563 2250 3602 ac
2279 3548 2439 3603 nudis
2471 3546 2694 3617 pedibus
2726 3560 2892 3615 super
2913 3560 3118 3615 prunas
3156 3548 3473 3618 impositus,
3508 3566 3621 3606 rur-

2045 3654 2137 3695 sus
2166 3654 2339 3693 c:esus
2366 3647 2421 3693 et
2447 3638 2643 3707 equulo
2669 3652 2939 3707 appensus
2976 3646 3150 3695 tortus
3176 3636 3289 3705 est,
3322 3647 3376 3695 et
3401 3656 3532 3697 saxo
3556 3657 3620 3697 os

2044 3727 2160 3795 ejus
2192 3734 2477 3785 contusum
2504 3734 2604 3790 est,
2632 3735 2686 3781 et
2712 3741 2834 3781 eum
2863 3727 3183 3798 gravissimo
3224 3727 3352 3784 ferri
3384 3732 3621 3800 pondere

2043 3817 2281 3873 inclusus
2305 3817 2359 3870 in
2389 3828 2606 3872 carcere
2630 3814 2888 3872 horriﬁco
2907 3856 2921 3881 ,
2952 3823 3116 3886 atque
3145 3818 3198 3871 in
3230 3817 3377 3889 ligno
3417 3829 3610 3875 exten-

2043 3923 2137 3963 sus
2165 3915 2268 3967 est.
2298 3906 2389 3961 ubi
2417 3905 2485 3961 ab
2513 3905 2822 3963 hominibus
2851 3907 3066 3975 quidem
3102 3907 3395 3978 neglectus,
3429 3912 3524 3966 sed
3549 3913 3619 3968 ab

2044 3998 2235 4068 angelo
2268 3996 2481 4066 publice
2501 4005 2686 4066 pastus
2715 4005 2816 4053 est.
2847 3996 3049 4056 Deinde
3074 4006 3357 4055 catenatus
3382 4000 3434 4055 in
3469 4002 3620 4057 exsi-

2045 4088 2173 4143 lium
2218 4088 2455 4144 directus
2484 4095 2596 4152 est,
2642 4087 2695 4143 in
2745 4104 2856 4157 quo
2894 4104 3109 4144 rursum
3151 4089 3353 4147 diutius
3384 4089 3619 4147 fustibus

2043 4193 2232 4243 caesus,
2262 4185 2316 4233 et
2337 4192 2526 4232 rursus
2550 4177 2604 4232 in
2630 4176 2885 4232 Ravenna
2908 4176 3124 4247 ligatus,
3149 4193 3180 4232 a
3206 4179 3429 4248 paganis
3447 4194 3620 4235 caesus

2044 4278 2097 4324 et
2115 4268 2428 4323 vulneratus
2455 4274 2572 4333 est,
2600 4275 2655 4323 et
2690 4283 2905 4323 rursum
2932 4268 2987 4321 in
3022 4282 3297 4325 carcerem
3339 4269 3536 4327 missus
3564 4278 3619 4324 et

2041 4376 2232 4416 ctesus.
2266 4358 2356 4415 Sic
2382 4360 2699 4427 martyrium
2734 4357 3128 4417 consummavit
3162 4358 3263 4413 sub
3289 4358 3618 4427 Vespasiano

2043 4454 2278 4518 Caesare,
2304 4452 2662 4508 Demosthene
2694 4451 2948 4521 patricio;
2979 4450 3117 4505 rexit
3141 4449 3438 4511 Eeclesiam
3460 4450 3618 4506 annis

2041 4544 2230 4613 viginti
2260 4553 2402 4609 octo,
2435 4543 2622 4597 diclms
2646 4550 2897 4610 quatuor.

2113 4635 2184 4689 1X
2216 4634 2349 4688 ΚΑι..
2379 4634 2437 4688 1η
2456 4632 2596 4703 Tyro
2616 4632 2836 4686 civitate
2866 4630 3044 4689 natale
3090 4638 3288 4685 sancta:
3333 4631 3617 4687 Cbristinze

2042 4726 2289 4798 virginis,
2319 4739 2438 4793 qua:
2467 4723 2521 4777 in
2554 4722 2745 4776 Filium
2777 4722 2869 4777 Dei
2898 4720 3159 4785 credens,
3195 4730 3250 4775 et
3288 4720 3454 4795 cultui
3499 4722 3618 4792 ejus

2043 4817 2354 4873 deserviens
2380 4854 2394 4878 ,
2444 4828 2551 4869 non
2601 4814 2771 4883 potuit
2803 4813 2872 4867 ab
2921 4811 3139 4871 Urbano
3178 4822 3331 4882 patre
3376 4829 3476 4868 suo
3512 4815 3618 4871 ullo

2044 4908 2204 4963 modo
2235 4906 2359 4960 inde
2386 4903 2585 4967 divelli,
2618 4904 2711 4958 sed
2743 4902 2881 4957 idola
2902 4900 3015 4970 ejus
3034 4911 3320 4959 conterens
3341 4903 3616 4975 dispersit,

2044 5007 2101 5052 et
2127 4997 2276 5051 dedit
2301 5011 2365 5049 ea
2395 4993 2755 5064 pauperibus;
2788 4992 2858 5047 ob
2891 4992 3031 5061 quod
3077 4992 3277 5048 factum
3321 5001 3473 5063 pater
3501 4992 3618 5063 ejus

2044 5086 2228 5142 multis
2258 5083 2544 5139 tormentis
2572 5097 2691 5137 eam
2721 5080 3018 5146 alliciebat,
3048 5081 3151 5136 ltoc
3179 5090 3283 5148 est,
3326 5082 3617 5151 plumbatis

2045 5190 2164 5233 eam
2195 5174 2453 5238 credebat,
2491 5170 2741 5228 similiter
2767 5178 2823 5225 et
2847 5170 3013 5238 virgis
3039 5171 3236 5225 nudam
3274 5168 3611 5239 ﬂagellabat,

2044 5275 2101 5322 et
2116 5265 2395 5328 duodecim
2413 5262 2658 5317 homines
2673 5260 2901 5317 fustibus
2912 5262 3208 5324 caedebant,
3222 5269 3277 5314 et
3291 5275 3486 5315 carnes
3496 5260 3614 5330 ejus

2045 5359 2117 5413 ah
2139 5357 2352 5412 ossibus
2389 5352 2689 5409 solvebant.
2718 5351 2909 5407 Postea
2936 5365 3056 5407 eam
3097 5350 3308 5420 ignibus
3346 5349 3429 5402 uri
3471 5364 3614 5418 prae-

2046 5449 2209 5517 cepit,
2234 5448 2328 5502 sed
2352 5460 2457 5500 non
2482 5442 2783 5515 praevaluit.
2802 5443 3002 5499 Deinde
3022 5456 3153 5499 saxo
3173 5441 3240 5497 ad
3267 5440 3465 5497 collum
3496 5439 3615 5508 ejus

2043 5539 2210 5609 ligato
2251 5538 2304 5591 in
2354 5550 2502 5597 mare
2550 5534 2806 5603 przecepit
2834 5548 2952 5588 eam
2977 5545 3244 5601 mergere,
3270 5530 3366 5587 sed
3398 5530 3612 5589 Domini

2045 5630 2246 5685 auxilio
2274 5627 2399 5682 inde
2425 5626 2648 5681 liberata
2675 5635 2779 5680 est.
2801 5624 2934 5680 Cum
2964 5632 3141 5678 autem
3169 5630 3386 5692 propter
3405 5621 3611 5700 scelera

2046 5735 2141 5775 sua
2174 5728 2329 5789 pater
2355 5715 2472 5783 ejus
2497 5715 2794 5771 exstinctus
2821 5721 2924 5776 est.
2956 5714 3025 5769 ab
3055 5712 3175 5768 aliis
3197 5710 3487 5780 judicibus,
3512 5711 3612 5767 hoc
