4028 6196
465 358 602 412 11⁸59

1101 351 1161 404 Β.
1200 348 1450 404 RABANI
1493 345 1706 402 MAURI
1748 343 2042 400 ARCllIEf’

2142 341 2419 399 IOGUNT.
2445 324 2744 398 ‘OPERUM
2780 339 2960 395 rans
2996 340 3058 396 ιι.

3583 345 3717 399 “(30

459 477 545 524 est
571 467 739 522 Dione
771 474 826 519 et
847 463 1057 519 Iuliano
1081 503 1094 528 ,
1123 461 1288 514 multa
1321 467 1587 514 tormenta
1617 472 1775 527 passa
1797 465 1914 521 est,
1940 455 2033 512 sed
2061 461 2108 520 Α
2136 455 2505 524 baptizaretur
2528 452 2596 506 ab
2623 451 2875 516 Eusebio,
2918 451 3311 507 Nicomediensi
3336 453 3589 526 episcopo
3609 497 3627 522 ,
3662 469 3720 511 et

461 558 558 613 Dei
586 556 790 624 judicio
815 553 1095 607 exstinctis
1140 550 1401 614 hostibus,
1445 563 1542 617 per
1582 548 1903 619 martyrium
1935 546 2036 600 mi—
2129 545 2281 614 juxta
2313 553 2576 614 praecepta
2609 544 2848 614 ejusdem
2876 544 3177 598 Constantii
3205 546 3429 616 Augusti
3454 550 3718 619 martyrio

385 699 388 702 .
466 648 642 718 gravit
680 645 744 698 ad
786 644 1080 698 Christum.
1133 641 1334 694 Eodem
1391 639 1477 694 die
1527 638 1704 694 natale
1745 648 1826 692 est
1863 637 2034 692 sancti

465 737 756 799 Victorini,
782 734 874 804 qui
908 749 1028 787 cum
1073 732 1240 786 fratre
1286 731 1544 785 Severino
1585 730 1808 784 audiens
1849 744 2038 784 vocem

462 829 562 883 Dei
613 829 662 880 in
708 824 994 894 Evangelia
1023 823 1254 877 dicentis
1287 822 1353 876 ad
1383 821 1600 874 divitem
1627 835 1642 873 :
1669 819 1728 875 Si
1758 821 1831 873 vis
1863 820 2035 889 perfe-

465 927 574 969 ctus
604 931 732 978 esse,
767 914 914 978 vade,
947 914 1102 967 vende
1132 913 1305 965 onuzia
1330 927 1446 980 qua:
1475 910 1653 975 habes,
1677 919 1724 963 et
1750 910 1819 962 da
1846 925 2038 979 paupe-

465 1008 626 1071 ribus,
659 1015 714 1060 et
745 1005 947 1074 reliqua
977 1003 1189 1076 (Matth.
1222 1002 1311 1074 x);
1348 1001 1680 1070 reliquerunt
1727 1001 1886 1054 ambo
1932 999 2039 1052 fra-

465 1107 574 1152 tres
602 1098 786 1152 mundi
818 1097 1055 1160 divitias,
1079 1104 1133 1149 et
1159 1095 1340 1147 omnia
1371 1109 1466 1148 sua
1501 1092 1875 1162 dispensantes
1899 1103 2035 1158 pau-

463 1189 702 1258 peribus,
739 1187 1070 1242 eremiticam
1098 1185 1262 1238 vitam
1289 1184 1596 1253 elegerunt,
1637 1181 1819 1250 ibique
1850 1179 2040 1233 nobili-

466 1291 547 1334 ter
587 1281 868 1343 vixerunt,
919 1271 1044 1333 licet
1090 1276 1401 1332 Victorinus
1454 1275 1520 1329 ad
1574 1283 1784 1342 tempus
1824 1272 2040 1326 delusus

464 1368 652 1421 fuisset
682 1382 711 1420 a
742 1365 978 1429 diabolo,
1010 1364 1105 1418 sed
1143 1372 1319 1416 tamen
1361 1362 1572 1416 Domini
1617 1361 1789 1430 gratia
1835 1360 1900 1414 de
1941 1360 2042 1414 ini-

465 1459 606 1511 mico
647 1457 815 1511 victor
849 1456 1088 1510 existens
1125 1454 1375 1508 nobiliter
1405 1452 1772 1522 triumphavit,
1809 1451 1948 1506 sicut
1985 1451 2040 1505 in

471 1549 588 1602 Vita
625 1549 836 1600 illorum
867 1545 1101 1614 pleniter
1123 1552 1396 1598 narratur.

537 1635 646 1689 Vill
687 1635 819 1688 Kac.
858 1633 1123 1686 Nativitas
1174 1632 1348 1686 sancti
1397 1629 1581 1684 Jacobi
1625 1627 1864 1683 Zebedini
1909 1642 2042 1698 apo-

465 1727 605 1781 stoli.
631 1726 830 1780 Eodem
856 1724 942 1777 die
969 1723 1152 1776 Roma:
1172 1721 1349 1774 natale
1377 1719 1657 1789 Eutyciani
1675 1715 2039 1790 [Eutychiani]

2135 645 2426 690 coronatur
2454 644 2508 688 et
2534 635 2711 703 capite
2738 634 3107 688 detruncatur.
3144 635 3453 692 Aurelianis
3493 640 3715 697 civitate

2136 726 2400 796 depositio
2444 725 2586 779 beati
2619 724 2866 794 Prosperi
2896 727 3164 797 episcopi,
3202 729 3500 785 doctissimi
3533 733 3634 786 viri
3664 747 3717 787 et

2137 815 2483 872 sanctissimi.
2524 815 2724 869 Eodem
2756 816 2845 869 die
2881 816 3062 885 passio
3103 817 3411 872 celebratur
3444 819 3716 890 Simplicis

2139 903 2447 977 [Simplicii]
2479 911 2536 958 et
2564 903 2806 958 Faustini
2833 919 3234 973 germanorum,
3257 908 3350 976 qui
3381 908 3482 962 sub
3511 910 3714 966 Diocle-

2139 995 2284 1048 tiano
2311 1002 2365 1048 et
2395 992 2718 1047 Maximiano
2754 994 3166 1063 imperatoribus
3203 996 3256 1048 in
3296 997 3430 1052 urbe
3471 997 3710 1054 Romana

2136 1094 2356 1154 propter
2404 1083 2565 1137 fidem
2613 1082 2817 1138 Christi
2859 1084 3106 1140 derollati
3157 1095 3302 1141 sunt.
3353 1086 3616 1145 Similiter
3659 1101 3713 1145 et

2139 1186 2391 1240 germana
2414 1186 2624 1236 eorum,
2656 1172 2869 1226 Beatrix
2901 1175 3150 1240 nomine,
3187 1190 3254 1230 eo
3299 1178 3440 1244 quod
3481 1194 3712 1249 corpora

2139 1274 2326 1314 eorum
2354 1275 2476 1314 cum
2505 1259 2697 1330 Crispo
2718 1270 2773 1315 et
2793 1261 2998 1317 Joanne
3024 1265 3354 1335 presbyteris
3375 1269 3658 1336 sepelivit,
3684 1287 3714 1322 a

2141 1351 2392 1405 Lucretio
2437 1351 2692 1420 praefecto
2737 1352 3025 1422 prazfocata
3077 1355 3309 1409 reddidit
3347 1357 3630 1426 spiritum,
3663 1369 3718 1414 et

2140 1455 2310 1510 usque
2340 1443 2393 1496 in
2419 1441 2580 1496 finem
2621 1443 2744 1497 vita:
2779 1443 2833 1498 in
2870 1444 3071 1499 Christi
3101 1433 3441 1502 confessione
3468 1465 3719 1518 perseve-

2142 1533 2300 1586 ravit.
2327 1532 2609 1587 Lucretius
2631 1548 2757 1587 vero
2785 1535 2852 1588 ab
2881 1533 3154 1588 immundo
3174 1535 3363 1604 spiritu
3385 1548 3639 1607 arreptus
3663 1541 3716 1595 in

2142 1624 2390 1678 convivio
2421 1639 2518 1677 suo
2542 1624 2862 1693 exspiravit.
3099 1695 3104 1698 .

2212 1713 2277 1767 ιιι
2308 1712 2441 1767 ΚΑι..
2471 1713 2684 1778 Bonae,
2724 1714 2876 1769 Abdo
2919 1722 2973 1769 et
3020 1713 3216 1770 Sennis
3250 1716 3459 1788 [Abdon
3492 1728 3549 1774 et
3576 1720 3714 1775 Sen-

465 1833 614 1886 papze
643 1825 697 1870 et
721 1815 994 1884 martyris.
1025 1812 1121 1866 llic
1147 1810 1424 1866 constituit
1461 1807 1643 1879 fruges
1680 1822 1844 1877 super
1872 1807 2041 1860 altare
2072 1807 2115 1865 B
2144 1803 2271 1877 nen]
2302 1804 2708 1876 subregulorum
2729 1846 2742 1869 ,
2779 1807 2870 1875 qui
2899 1821 3026 1860 cum
3061 1806 3295 1862 Curnula
3339 1810 3558 1866 civitate
3590 1812 3717 1866 Per-

468 1914 674 1958 tantum
706 1905 857 1958 fabas
881 1912 936 1957 et
977 1918 1107 1955 uvas
1135 1900 1402 1956 benedici.
1436 1898 1532 1954 llic
1567 1898 1898 1966 temporibus
1931 1897 2043 1951 suis

467 2013 560 2065 per
591 1997 799 2050 diversa
825 1995 941 2049 loca
970 2001 1237 2047 trecentos
1266 1989 1621 2060 quadraginta
1653 2001 1816 2041 unum
1843 1994 2045 2055 marty-

466 2103 554 2143 res
584 2105 741 2142 manu
785 2102 880 2140 sua
925 2083 1187 2153 sepelivit.
1219 2082 1318 2148 Qui
1370 2082 1470 2134 hoc
1511 2077 1789 2133 constituit
1823 2083 1884 2129 ut
1921 2075 2042 2143 qui-

465 2194 675 2247 cunque
707 2175 940 2230 liilelium
973 2182 1265 2242 martyrem
1296 2169 1578 2239 sepeliret,
1610 2168 1726 2221 sine
1755 2165 2043 2219 dalmatica

471 2275 528 2319 et
568 2267 778 2320 colobio
810 2269 1104 2331 purpurato
1146 2259 1290 2312 nulla
1329 2258 1538 2312 ratione
1582 2254 1870 2324 sepeliret:
1902 2253 2045 2322 quod

469 2371 592 2414 tunc
615 2375 784 2427 usque
812 2358 876 2410 ad
906 2355 1152 2410 notitiam
1181 2353 1282 2406 sibi
1315 2350 1701 2420 divulgaretur.
1734 2347 1934 2401 Eodem
1956 2344 2045 2400 die

464 2451 643 2520 passio
673 2457 754 2502 est
779 2446 950 2500 sancti
978 2441 1353 2512 ChristOphori
1383 2440 1654 2510 martyris,
1682 2437 1773 2506 qui
1797 2437 1850 2490 in
1881 2436 2044 2491 Samo

465 2543 682 2596 civitate
709 2556 739 2594 a
765 2540 947 2607 Dagno
979 2553 1102 2607 rege
1128 2534 1510 2606 martyrizatus
1544 2541 1646 2586 est.
1670 2531 1801 2585 Nam
1826 2546 1924 2601 per
1946 2545 2042 2583 va-

467 2632 545 2686 ria
579 2638 843 2684 tormenta
889 2643 984 2682 rex
1021 2626 1166 2680 illum
1198 2625 1442 2680 cruciare
1479 2621 1654 2692 jussit.
1691 2621 1796 2676 Sed
1822 2622 1904 2676 vir
1925 2636 2046 2675 san-

465 2728 584 2776 ctus
616 2719 922 2789 impetravit
963 2734 993 2772 a
1035 2717 1261 2772 Domino
1311 2723 1371 2768 ut
1414 2714 1569 2768 multi
1620 2711 1906 2768 crederent
1948 2725 2044 2781 per

468 2809 647 2880 ipsum
695 2810 748 2862 in
786 2807 1028 2871 Christo,
1074 2821 1175 2860 nec
1215 2820 1321 2860 non
1373 2812 1430 2858 et
1471 2803 1644 2872 ipsum
1692 2815 1901 2872 regem,
1949 2800 2041 2869 qui

469 2901 676 2970 sagittae
723 2899 834 2953 ictu
876 2899 1089 2954 oculum
1133 2897 1399 2968 perdidit,
1448 2894 1726 2965 sanguinis
1769 2893 1850 2947 sui
1892 2900 2042 2964 gutta

465 3000 587 3060 post
612 2989 914 3060 passionem
941 3003 1093 3041 suam
1122 2986 1351 3049 sanavit,
1382 2986 1523 3039 sicut
1545 2985 1594 3038 ei
1623 2985 1734 3052 ipse
1757 2993 1880 3036 ante
1905 2995 2044 3053 praeb

466 3082 625 3147 dixit,
654 3089 707 3135 et
737 3081 805 3134 ad
832 3079 990 3134 fidem
1018 3076 1217 3131 Christi
1250 3074 1534 3130 convertit.

539 3170 628 3225 V11
672 3170 804 3223 Kan.
845 3168 903 3222 ln
938 3166 1188 3221 Laodicia
1231 3164 1476 3236 Phrygia:
1519 3162 1698 3218 natale
1732 3169 2041 3218 sanctorum
2068 3154 2114 3218 C

466 3265 675 3320 Joviani
701 3271 756 3318 et
783 3261 1009 3316 Juliani.

540 3353 605 3408 Vl
636 3353 769 3407 Κλι..
803 3351 858 3405 in
891 3350 1048 3421 Syria
1072 3347 1342 3404 Simeonis
1372 3343 1716 3401 monachi.ln
1739 3341 2044 3411 Campaniae

439 3443 690 3497 'civitate
719 3440 849 3495 Nola
880 3439 1056 3493 natale
1086 3437 1311 3500 Felicis,
1349 3442 1404 3489 et
1442 3434 1496 3488 in
1527 3432 1633 3486 alio
1665 3431 1782 3486 loco
1809 3428 1961 3484 Julia:
1987 3437 2044 3483 et

469 3531 740 3586 iucundae.
773 3528 830 3582 ιη
859 3529 1078 3582 civitate
1103 3524 1446 3580 Antisiodoro
1465 3521 1645 3576 natale
1665 3519 1836 3575 sancti
1857 3518 2042 3574 Etheri

472 3618 720 3691 [Etherii]
753 3617 1007 3688 episcopi.

541 3710 581 3765 V
613 3709 746 3763 Kac.
781 3708 1002 3772 Romae,
1033 3705 1265 3760 Victoris
1315 3718 1465 3774 papa:
1515 3710 1570 3757 et
1617 3700 1900 3772 martyris,
1948 3700 2041 3770 qui

469 3798 742 3852 constituit
774 3797 829 3850 in
857 3795 1098 3851 Ecclesia
1123 3803 1181 3847 ut
1219 3793 1456 3848 faciente
1488 3791 1810 3846 necessitate
1841 3790 1929 3844 ubi
1961 3790 2043 3844 in-

470 3897 689 3942 ventum
716 3894 880 3950 esset,
916 3885 1030 3938 sive
1059 3885 1111 3938 in
1149 3871 1387 3947 ﬂumine,
1416 3883 1529 3936 sive
1558 3881 1614 3936 in
1643 3880 1818 3944 fonte,
1847 3881 1960 3936 sive
1986 3880 2040 3934 in

473 3975 644 4040 mari,
697 3983 906 4030 tantum
950 3972 1273 4028 Christianae
1319 3971 1656 4028 credulitatis
1705 3970 2043 4027 confessione

469 4064 739 4120 declarata
763 4103 778 4126 ,
811 4063 1114 4132 quicunque
1159 4063 1434 4116 hominum
1483 4063 1705 4117 veniens
1749 4077 1816 4116 ex
1856 4060 2042 4132 gentili

470 4156 838 4226 baptizaretur
864 4171 876 4206 :
909 4161 958 4206 et
975 4152 1221 4222 sepultus
1244 4161 1327 4207 est
1341 4151 1494 4220 juxta
1525 4168 1720 4222 corpus
1743 4151 1883 4206 beati
1897 4151 2040 4205 Petri

471 4244 696 4316 apostoli
739 4244 790 4297 in
833 4242 1112 4296 Vaticano.
1159 4241 1358 4295 Eodem
1410 4242 1495 4296 die
1545 4241 1732 4296 Romae
1776 4241 2040 4310 depositio

473 4337 643 4392 sancti
671 4335 961 4391 innocentii
991 4350 1160 4404 papze.
1179 4332 1277 4387 Hic
1297 4333 1643 4387 constitutum
1671 4332 1798 4386 fecit
1813 4334 1878 4388 de
1893 4333 2038 4387 omni

472 4429 731 4492 Ecclesia,
757 4437 812 4482 ct
838 4427 902 4482 de
931 4427 1130 4498 regulis
1152 4425 1621 4487 monasteriorum,
1647 4432 1701 4479 et
1725 4425 1789 4478 de
1819 4423 2038 4489 Judieis,

2151 1911 2334 1950 sarum
2361 1895 2572 1950 vincula
2608 1904 2919 1966 paterentur
2945 1913 2974 1950 a
3000 1897 3181 1964 Decio,
3204 1900 3270 1953 ad
3293 1899 3542 1958 ultimum
3565 1903 3719 1957 duxit

2157 2003 2254 2042 eos
2294 1985 2520 2041 Romam
2570 1987 2777 2041 catenis
2823 1986 3117 2058 obligatos,
3169 1997 3225 2043 et
3269 1990 3500 2044 diversis
3543 1993 3719 2060 poenis

2147 2087 2484 2144 maceratos,
2534 2077 2624 2131 ubi
2695 2077 2868 2147 primo
2933 2061 3224 2146 plumbatis
3286 2079 3448 2142 caesi,
3498 2088 3555 2134 et
3593 2080 3718 2154 inde

2145 2171 2322 2242 gladio
2386 2169 2653 2226 interfecti
2705 2178 2849 2225 sunt.
2900 2170 3242 2227 Antisiodoro
3289 2172 3554 2242 depositio

2144 2261 2432 2332 episcopi."
2739 2245 2743 2250 ’

2211 2352 2253 2406 ιι
2286 2352 2420 2405 ΚΑι.
2449 2351 2505 2404 ln
2538 2347 2721 2406 Africa
2755 2352 2974 2406 civitate
3009 2350 3246 2407 Sinnada
3283 2354 3466 2409 natale
3502 2366 3715 2410 sancto-

2143 2459 2262 2497 rum
2293 2442 2618 2507 Democriti,“
2634 2429 2888 2508 Secundi,
2916 2443 3189 2513 Dionysii,
3219 2443 3413 2513 Thyrsi
3443 2463 3455 2497 ε
3481 2444 3716 2499 Antisio—

2144 2535 2276 2589 doro
2311 2533 2578 2603 depositio
2601 2534 2774 2588 sancti
2797 2533 3054 2588 Germani
3084 2533 3320 2604 episcopi
3352 2543 3409 2588 et
3441 2533 3715 2590 confesso-

2144 2625 2239 2689 ris,
2283 2624 2375 2694 qui
2405 2609 2588 2676 multis
2636 2624 2956 2687 virtutibus,
2999 2623 3242 2678 doctrina
3289 2632 3344 2676 et
3381 2623 3712 2678 continentia

2143 2715 2344 2780 clarus,
2385 2715 2548 2768 etiam
2574 2712 2862 2767 Bretonum
2907 2712 3231 2785 [Britonum]
3265 2713 3422 2768 fidem
3457 2730 3554 2784 per
3579 2715 3713 2768 duas

2142 2807 2289 2860 vices
2330 2820 2360 2859 a
2401 2804 2687 2872 Pelagiana
2714 2805 2905 2859 haeresi
2944 2804 3202 2859 defendit.
3235 2805 3301 2858 Et
3333 2806 3384 2859 in
3425 2803 3711 2869 Vercellis,

2144 2897 2360 2953 Eusebii
2414 2895 2695 2966 episcopi,
2747 2895 2840 2965 qui
2897 2897 3236 2952 moventibus
3282 2897 3713 2966 persecutionem

2142 2989 2360 3044 Arianis
2408 2988 2508 3042 sub
2547 2986 2859 3042 Constantio
2895 2987 3140 3064 principe
3173 2988 3494 3061 martyrium
3522 3002 3711 3058 passus

2143 3090 2246 3138 εει.

2645 3184 3214 3266 AUGUSTUS.

2211 3340 2347 3397 ΚΜ..
2371 3340 2632 3399 Aecus".
2673 3341 2997 3398 Sanctorum
3039 3343 3468 3399 Machabteorum
3499 3353 3714 3415 septem

2143 3432 2372 3490 fratrum
2399 3431 2521 3490 cum
2549 3443 2724 3490 matre
2743 3451 2860 3500 sua,
2891 3436 2982 3506 qui
3012 3435 3158 3506 passi
3185 3437 3424 3492 suntsub
3445 3436 3716 3492 Antiocho

2147 3540 2296 3598 rege.
2316 3515 2326 3526 ’
2344 3526 2530 3584 Roma:
2550 3527 2815 3582 dedicatio
2838 3527 3024 3596 prima:
3056 3527 3296 3582 ecclesiae
3317 3543 3348 3582 a
3372 3528 3529 3582 beato
3551 3527 3717 3583 Petro

2142 3625 2466 3672 constructa:
2491 3627 2547 3674 et
2573 3627 2925 3675 consecrata).

2212 3708 2279 3763 lV
2306 3709 2440 3763 Non.
2472 3709 2656 3764 Roma:
2677 3708 2931 3779 Stephani
2962 3724 3130 3780 papae,
3155 3709 3248 3779 qui
3271 3709 3530 3780 martyrio
3553 3724 3718 3764 coro-

2143 3805 2303 3852 natus
2327 3805 2411 3852 est
2439 3798 2492 3852 in
2522 3798 2893 3866 persecutione
2921 3797 3190 3853 Valeriani
3212 3799 3489 3870 principis.
3513 3800 3715 3855 Eodem

2142 3885 2229 3939 die
2257 3885 2432 3940 natale
2457 3895 2655 3940 sanctae
2683 3886 2978 3941 Theodora:
2998 3902 3118 3940 cum
3150 3887 3322 3942 tribus
3349 3886 3472 3942 filiis
3493 3889 3632 3952 suis,
3657 3888 3715 3942 in

2140 3977 2418 4048 provincia
2439 3978 2723 4050 Bithyniae,
2747 3979 2880 4034 urbe
2902 3977 3108 4044 Nicaeae,
3131 3986 3372 4048 tempore
3398 3979 3716 4034 Diocletiani

2142 4069 2242 4124 sub
2265 4071 2460 4124 comite
2487 4069 2788 4135 Leucadio,
2831 4070 2921 4139 qui
2967 4071 3104 4124 hanc
3141 4069 3285 4123 ferro
3319 4071 3551 4124 vinctam
3589 4085 3718 4123 cum

2143 4158 2268 4213 filiis
2315 4159 2582 4214 consulari
2626 4159 2887 4229 Bithyniae
2934 4157 3141 4214 Nicetio
3179 4158 3483 4212 destinavit.
3512 4158 3584 4212 At
3625 4158 3718 4212 ille

2141 4248 2316 4317 primo
2340 4247 2456 4316 ejus
2485 4247 2651 4302 tilium
2687 4248 3100 4318 primogenitum
3146 4248 3405 4303 Evodium
3436 4249 3716 4304 Christum

2145 4337 2460 4393 tiducialiter
2502 4337 2844 4392 confitentem
2873 4336 3001 4391 fecit
3041 4336 3271 4392 qutibus
3312 4337 3466 4393 caedi.
3511 4338 3717 4392 Deinde

2145 4427 2287 4482 illam
2319 4443 2441 4484 cum
2470 4429 2718 4483 omnibus
2750 4427 2874 4481 filiis
2904 4433 3024 4498 igne
3055 4429 3316 4484 consumi.
3347 4427 3623 4499 Scriptum
3655 4429 3713 4483 in

472 4533 526 4576 ct
554 4523 620 4575 de
650 4520 873 4592 paganis
893 4560 908 4585 ,
935 4496 1219 4574 et'multos
1243 4516 1612 4586 Cataphrygas
1642 4515 1844 4569 invenit
1861 4555 1877 4578 ,
1907 4530 2041 4584 quos
2067 4496 2120 4555 D
2144 4521 2393 4590 passione
2414 4529 2614 4575 sanctae
2640 4496 2958 4574 Anastasiie.

473 4611 661 4665 exsilio
681 4609 1007 4664 monasterio
1036 4607 1319 4679 relegavit;
1340 4615 1394 4661 et
1414 4607 1500 4660 hic
1526 4605 1728 4659 invenit
1748 4603 2040 4676 Pelagium,

473 4710 525 4754 et
555 4701 900 4756 Caelestinum
930 4702 1239 4763 hinrcticos,
1279 4707 1334 4752 et
1363 4697 1634 4752 damnavit
1671 4711 1796 4761 eos,
1847 4704 1904 4750 et
1941 4697 2044 4751 hoc

473 4794 753 4846 constituit
792 4801 850 4846 ut
893 4793 983 4862 qui
1030 4793 1140 4847 nati
1187 4790 1388 4845 fuerint
1427 4791 1493 4844 de
1517 4787 1823 4843 Christiano
1859 4786 2044 4858 [Forte

474 4880 599 4934 add.
631 4879 882 4950 debeant]
933 4881 1106 4934 denuo
1133 4879 1279 4933 nasci
1318 4893 1415 4947 per
1444 4875 1766 4947 baptismum
1786 4915 1802 4941 ,
1831 4875 1933 4929 hoc
1959 4884 2045 4930 est

476 4969 761 5040 baptizari,
798 4970 939 5036 quod
965 4969 1210 5039 Pelagius
1239 4968 1532 5024 damnavit.

545 5059 609 5114 lV
640 5059 771 5112 KAL.
801 5057 1072 5126 Depositio
1103 5060 1271 5113 sancti
1299 5059 1430 5128 Lupi
1462 5057 1699 5128 episcopi
1727 5056 1792 5112 de
1813 5056 2036 5122 Trecas,

475 5151 564 5222 qui
587 5165 709 5205 cum
727 5148 998 5204 Germano
1022 5148 1167 5202 venit
1194 5147 1544 5209 Britanniam,
1570 5157 1626 5202 et
1651 5147 2037 5216 quinquaginta

474 5243 608 5296 duos
637 5255 807 5294 annos
832 5237 903 5292 ibi
933 5237 1233 5292 Sacerdotio
1265 5237 1477 5291 functus
1515 5244 1634 5290 est:
1665 5235 1755 5304 qui
1797 5244 2037 5306 tempore

475 5329 616 5400 regis
641 5328 816 5382 Attila:
839 5367 853 5393 ,
895 5327 987 5397 qui
1016 5325 1241 5380 Galliam
1272 5327 1556 5389 vastabat,
1589 5323 1727 5378 sicut
1752 5325 1805 5377 in
1835 5323 2034 5394 hymno

470 5420 589 5488 ejus
615 5427 884 5484 cantatur,
907 5418 1043 5472 .dum
1079 5416 1217 5472 bella
1253 5425 1444 5470 cuncta
1474 5414 1794 5485 perderent,
1835 5415 2040 5470 orando

472 5511 676 5566 Trecas
717 5508 964 5564 munivit.
1017 5505 1200 5561 Romae
1245 5505 1430 5559 eodem
1486 5503 1571 5558 die
1621 5503 1798 5572 passio
1848 5503 2039 5558 Felicis

473 5619 622 5673 papa:
651 5612 705 5658 et
741 5604 1009 5672 martyris.
1043 5603 1142 5656 llic
1172 5600 1317 5655 Felix
1347 5599 1641 5654 declaravit
1668 5598 2038 5653 Constantium

477 5691 642 5743 illium
666 5692 1001 5746 Constantini
1031 5707 1150 5747 esse
1180 5689 1489 5745 harrcticum
1507 5728 1521 5752 ,
1551 5703 1672 5742 cum
1699 5688 1932 5741 secundo
1956 5703 2038 5741 re-

2213 4612 2277 4666 ιιι
2303 4611 2438 4666 Non.
2469 4612 2525 4666 ln
2549 4611 2834 4666 Antiochia
2859 4610 3034 4665 sancti
3065 4607 3324 4679 Stephani
3352 4616 3718 4680 protomarty-

2144 4700 2239 4766 ris,
2266 4700 2355 4754 ubi
2400 4700 2585 4755 haberi
2614 4701 2812 4755 dicitur
2848 4715 2986 4754 unus
3027 4699 3094 4754 de
3126 4699 3390 4769 lapidibus
3428 4701 3625 4769 quibus
3659 4702 3718 4756 in

2142 4789 2365 4844 brachio
2398 4804 2684 4859 percussus
2711 4797 2816 4854 est,
2843 4797 2899 4842 et
2923 4789 3120 4844 multas
3145 4805 3211 4844 ex
3231 4803 3297 4844 eo
3316 4791 3542 4844 virtutes
3565 4791 3717 4845 sani-

2145 4886 2312 4932 tatum
2340 4878 2477 4932 fieri.
2503 4878 2700 4932 Eodem
2727 4878 2813 4932 die
2840 4879 2892 4932 in
2921 4877 3310 4949 Hierosolymis
3333 4879 3570 4934 inventio
3595 4895 3718 4934 eor-

2145 4968 2291 5036 poris
2316 4967 2554 5036 ejusdem
2583 4968 2724 5022 beati
2752 4967 3011 5037 Stephani
3042 4968 3296 5038 martyris
3317 4975 3372 5021 et
3400 4976 3714 5022 sanctorum

2146 5057 2457 5113 Camalielis
2482 5067 2537 5113 et
2564 5057 2860 5112 Nico-demi.

2212 5149 2255 5204 ll
2293 5148 2426 5202 Non.
2472 5147 2654 5202 Sancti
2678 5146 2874 5202 Justini
2903 5146 3226 5202 confessoris
3251 5147 3449 5202 Christi
3476 5166 3488 5201 :
3516 5149 3583 5202 de
3607 5163 3716 5218 quo

2144 5249 2397 5295 narratur
2445 5240 2499 5293 in
2541 5239 2794 5308 passione
2830 5238 2967 5292 Xisti
3015 5247 3177 5308 atque
3220 5237 3527 5302 Laurentii,
3567 5238 3714 5307 quod

2145 5330 2342 5385 multos
2367 5331 2435 5384 ad
2466 5329 2624 5383 fidem
2647 5328 2846 5383 Christi
2874 5335 3232 5394 converteret,
3254 5342 3355 5383 nec
3381 5342 3489 5383 non
3508 5336 3563 5383 et
3588 5343 3712 5384 san-

2141 5429 2353 5477 ctorum
2384 5428 2681 5490 martyrum
2713 5419 2987 5488 sepeliret.

2212 5510 2346 5566 Non.
2384 5509 2441 5563 ιη
2471 5510 2687 5564 civitate
2707 5509 2942 5579 Augusta
2971 5510 3151 5580 passio
3178 5509 3535 5565 sanctaaMrte
3561 5526 3708 5566 mar-

2140 5602 2295 5672 tyris,
2326 5600 2478 5668 cujus
2524 5599 2806 5655 conversio
2834 5607 2888 5652 et
2913 5601 3021 5653 vita
3042 5637 3058 5663 ,
3092 5614 3189 5654 nec
3235 5615 3343 5654 non
3392 5608 3447 5653 et
3496 5601 3696 5668 passio,

2142 5693 2446 5760 conscripta
2481 5690 2726 5745 habetur.
2755 5691 2819 5744 Et
2847 5689 2970 5745 alibi
3005 5691 3183 5745 natale
3226 5701 3538 5746 sanctorum
3584 5689 3704 5743 Flo-
