4028 6196
358 266 497 325 1161

1659 258 2287 317 MARTYROLOGIUM.

3462 263 3604 319 “62

348 373 490 427 riani
519 380 574 426 et
599 369 910 424 Pliilistinm.
937 368 997 422 In
1023 368 1240 422 civitate
1264 366 1616 443 Catalaunice
1652 368 1918 436 depositio
1948 371 1993 430 Α
2023 379 2107 423 est
2139 370 2194 425 in
2218 370 2464 441 passione
2495 374 2668 428 sancti
2690 371 2992 431 Sebastiani
3023 374 3297 447 martyris,
3314 378 3455 445 quod
3475 391 3603 434 con-

346 461 598 515 alennnei
643 457 924 532 [Memmii]
958 460 1193 529 episcopi
1240 466 1296 513 et
1340 457 1694 522 confessoris,
1724 458 1791 512 de
1817 472 1924 526 quo

347 551 549 622 legitur
573 551 716 620 quod
741 568 772 603 a
800 550 959 605 beato
983 550 1143 604 Petro
1171 548 1416 618 apostolo
1442 547 1497 601 in
1522 546 1764 602 Romana
1791 547 1926 601 urbe

346 644 634 713 cpiscopus
661 642 943 697 ordinatus
974 641 1170 695 missus
1198 640 1389 694 fuisset
1420 639 1473 693 in
1494 638 1723 693 Galliam
1762 639 1925 694 simul

348 750 476 790 cum
499 742 686 789 sancto
712 733 965 805 Dionysio
990 742 1044 789 et
1073 741 1264 789 sancto
1292 731 1459 786 Sexto
1479 772 1493 796 ,
1537 740 1699 801 atque
1737 739 1927 788 sancto

348 830 621 885 Euchario
653 830 721 883 ad
764 828 1162 899 praedicandum
1186 825 1413 881 verbum
1457 825 1588 890 Dei,
1630 825 1723 895 qui
1761 825 1927 881 etiam

351 920 583 974 virtutes
609 917 807 973 multas
838 917 996 982 fecit,
1044 925 1099 973 et
1140 916 1432 971 novissime
1476 915 1726 971 nobiliter
1758 915 1928 970 vitam

346 1018 673 1080 praesentem
698 1008 908 1073 finiens,
940 1008 1009 1062 ad
1033 1008 1272 1077 requiem
1300 1006 1551 1076 migravit
1578 1013 1853 1060 aeternam.

425 1100 533 1155 Vlll
561 1100 636 1153 lu.
664 1099 849 1153 Romae
871 1098 1043 1153 sancti
1081 1096 1225 1152 Sixti
1273 1095 1884 1166 episcopi,.Felicissimi
1910 1134 1926 1161 ,

346 1199 408 1243 ct
438 1191 657 1262 Agapeti
683 1188 942 1263 [Agapiti]
975 1188 1213 1251 diaconi,
1248 1187 1340 1257 qui
1368 1186 1619 1242 decollati
1665 1194 1790 1240 sunt
1825 1186 1928 1242 sub

348 1281 537 1335 Decio.
569 1281 824 1341 Decollati
854 1288 979 1336 sunt
1007 1295 1127 1336 cum
1154 1292 1219 1334 eo
1242 1288 1296 1334 et
1323 1278 1413 1332 alii
1442 1286 1675 1348 quatuor
1691 1276 1929 1339 diaconi,

345 1369 660 1435 .lanuarius,
687 1369 930 1439 Magnus,
960 1367 1273 1424 Vincentius
1299 1366 1690 1440 [Innocentius]
1718 1377 1773 1423 et
1808 1366 1931 1423 Ste-

348 1461 585 1531 phanus,
612 1469 671 1515 ut
706 1461 759 1514 in
778 1460 958 1515 Gestis
985 1459 1384 1530 pontificalibus
1413 1459 1629 1528 legitur.

433 1548 517 1604 Vll
546 1550 618 1603 lo.
650 1549 706 1603 ln
729 1549 933 1613 Aricio,
950 1548 1141 1603 Donati
1168 1548 1407 1618 episc0pi
1428 1555 1483 1602 et
1510 1545 1787 1618 martyris,
1812 1546 1926 1615 qui,

2031 476 2245 515 versum
2275 463 2340 516 ad
2375 462 2532 517 fidem
2558 463 2758 519 Christi
2782 473 2834 520 et
2871 465 3204 536 baptizatum
3235 481 3265 520 a
3303 464 3603 538 Polycarpo

2027 557 2365 628 presbytero,
2387 566 2604 614 sanctus
2629 558 2979 617 Sebastianus
3004 578 3129 618 eum
3163 578 3195 618 a
3228 562 3378 619 fonte
3423 566 3602 636 bapti-

2027 645 2216 701 smatis
2245 647 2589 716 suscepisset,
2619 649 2832 704 fortiter
2858 652 3081 721 paganis
3103 660 3156 707 et
3180 652 3484 710 inﬁdelibus
3509 671 3600 711 re-

2028 737 2264 792 sisteret.
2298 735 2433 791 Nam
2463 731 2615 808 jussu
2656 738 2877 795 Fabiani
2926 742 3169 812 praesidis
3198 758 3359 813 super
3402 760 3606 815 prunas

2027 826 2279 881 ardentes
2298 825 2457 883 nudis
2475 830 2699 899 pedibus
2729 830 3000 897 incedens,
3037 832 3090 886 in
3120 833 3266 888 nullo
3290 834 3446 891 lit-sus
3475 846 3559 892 est
3587 857 3600 892 :

2027 925 2214 988 postea
2228 931 2357 972 vero
2379 932 2407 971 a
2427 919 2684 990 praedicto
2698 919 2957 987 Fabiano,
2973 922 3316 979 machinante
3329 925 3604 995 Torquato

2030 1014 2297 1076 apostata,
2315 1005 2491 1077 gladio
2515 1009 2981 1067 transverberatus
3003 1015 3321 1083 martyrium
3341 1016 3605 1085 explevit;

2031 1094 2270 1164 posthaec
2291 1103 2473 1150 autem
2496 1096 2799 1166 Torquatus
2829 1100 2939 1170 egit
2980 1109 3037 1155 ut
3077 1100 3344 1167 Castulus,
3373 1105 3610 1160 cetarius

2031 1184 2234 1254 palatii,
2252 1184 2445 1255 hospes
2459 1194 2790 1254 sanctorum,
2809 1188 2996 1245 fuisset
3012 1200 3329 1259 arctatus,ct
3346 1194 3432 1250 hic
3451 1197 3610 1251 tertio

2033 1290 2318 1347 appensus,
2336 1277 2495 1333 tertio
2509 1280 2741 1347 auditus,
2759 1282 2811 1336 in
2835 1282 3171 1340 confessione
3185 1286 3395 1341 Domini
3423 1303 3609 1357 perse-

2030 1379 2244 1432 verans,
2264 1367 2458 1422 missus
2476 1378 2557 1423 est
2581 1370 2635 1423 in
2654 1369 2885 1438 foveam,
2903 1381 2957 1428 et
2973 1374 3192 1430 dimissa
3213 1384 3294 1431 est
3310 1392 3471 1447 super
3484 1393 3608 1433 eum

2034 1470 2212 1510 massa
2242 1457 2499 1523 arenarii,
2527 1467 2583 1514 et
2608 1460 2722 1530 ipse
2756 1476 2879 1516 cum
2926 1463 3102 1532 palma
3134 1467 3376 1536 martyrii
3408 1468 3609 1538 migra-

2033 1544 2112 1599 vit
2134 1544 2202 1599 ad
2230 1544 2545 1603 Christum:
2568 1548 2720 1617 Quod
2749 1568 2871 1607 cum
2900 1552 3114 1609 fortiter
3156 1558 3522 1625 pertulissent,
3553 1570 3608 1615 ct

354 1648 421 1693 ut
445 1639 737 1711 Gregorius
762 1640 815 1694 in
852 1639 989 1694 libro
1018 1638 1362 1710 Dialogorum
1393 1637 1670 1703 meminit,
1701 1638 1929 1692 fractum
1964 1713 2002 1723 __
2033 1632 2242 1691 laudem
2274 1636 2485 1693 Domini
2510 1650 2840 1707 cantassent,
2863 1642 3031 1712 jussit"
3067 1661 3161 1703 eos
3193 1648 3408 1718 iniquus
3444 1650 3611 1723 judcx

348 1745 385 1782 a
417 1731 637 1801 paganis
662 1729 885 1786 calicem
910 1737 1157 1785 sanctum
1183 1730 1250 1784 ad
1282 1730 1477 1787 missas
1492 1728 1696 1784 orando
1722 1737 1930 1783 restau-
1959 1713 2007 1772 Β
2034 1723 2222 1780 ambos
2261 1726 2336 1781 ibi
2365 1727 2457 1782 ubi
2486 1730 2703 1785 stabant
2746 1730 2949 1788 lanceis
2982 1750 3079 1804 per
3112 1713 3301 1792 latera-
3314 1713 3609 1805 verberari,

348 1820 515 1873 ravit.
545 1819 845 1874 Mediolano
875 1819 1130 1873 nativitas
1158 1819 1331 1873 sancti
1355 1818 1623 1874 Faustini.

429 1908 496 1963 Vl
521 1909 595 1963 lo.
624 1907 812 1964 Sancti
840 1907 1057 1981 Cyriaci
1088 1907 1376 1979 martyris,
1409 1907 1500 1977 qui
1531 1923 1560 1961 a
1588 1906 1748 1961 beato
1786 1904 1930 1960 Μωυ-

348 1999 493 2054 cello
538 2014 677 2071 papa
716 2001 974 2055 diaconus
1014 1999 1294 2054 ordinatus
1335 1998 1497 2054 simul
1528 2013 1651 2053 eum
1691 1996 1931 2053 Sisinnio

352 2090 511 2144 socio
536 2090 703 2144 multa
731 2089 988 2145 miracula
1020 2089 1169 2154 fecit,
1199 2090 1299 2145 sub
1330 2089 1653 2144 Maximiano
1694 2088 1928 2158 impera-

350 2188 508 2243 tore,
537 2186 590 2233 ct
634 2180 901 2234 daemones
943 2180 1011 2235 ab
1051 2179 1288 2236 obsessis
1328 2178 1639 2235 hominibus
1680 2176 1927 2253 expulit:

347 2272 653 2326 novissime
675 2286 800 2326 vero
828 2287 927 2342 per
954 2272 1272 2344 Carpasium
1298 2272 1560 2328 vicarium
1582 2271 1737 2342 jussu
1763 2271 1933 2326 Maxi-

348 2361 525 2414 miani
558 2359 853 2414 decollatus
875 2368 959 2415 est
992 2376 1115 2415 cum
1146 2361 1269 2417 aliis
1304 2375 1530 2416 numero
1564 2361 1755 2432 viginti
1799 2377 1928 2418 uno.

433 2451 472 2501 γ
500 2449 576 2502 lo.
608 2448 814 2515 Romae,
842 2450 1015 2505 sancti
1056 2449 1286 2505 Romani
1322 2450 1533 2516 militis,
1568 2452 1682 2520 qui,
1716 2450 1933 2507 confes-

351 2540 512 2593 sione
558 2539 731 2594 sancti
777 2538 1054 2594 Laurentii
1116 2549 1507 2610 compunctus,
1552 2542 1707 2610 petiit
1749 2540 1822 2597 ab
1867 2557 1934 2599 eo

351 2626 650 2696 baptizari,
680 2635 734 2682 et
764 2643 911 2694 mox,
934 2627 1159 2696 jubcnte
1190 2629 1386 2696 Decio,
1420 2645 1544 2685 cum
1575 2630 1808 2688 fustibus
1840 2647 1935 2688 ex-

358 2716 564 2770 liihitus
583 2723 639 2771 et
658 2716 953 2773 decollatus
979 2726 1078 2773 est.
1109 2718 1177 2773 Et
1197 2719 1251 2772 in
1276 2717 1487 2775 Verona
1511 2720 1729 2777 civitate
1753 2722 1935 2791 passio

355 2816 673 2860 sanctorum
710 2816 1006 2880 martyrum
1036 2808 1204 2863 Firmi
1226 2818 1280 2865 et
1301 2809 1541 2877 Rustici,
1574 2811 1668 2882 qui
1692 2820 1935 2883 tempore

357 2894 639 2950 Maximini
667 2894 1022 2970 [Maximiani]
1056 2898 1400 2969 imperatoris
1430 2909 1485 2956 et
1519 2900 1772 2969 Anulini,
1807 2916 1936 2959 con—

361 2986 549 3041 siliarii
573 2985 710 3055 ejus,
739 2988 887 3058 passi
924 2997 1069 3043 sunt.

2016 1821 2088 1895 et
2111 1814 2211 1885 ipsi
2241 1830 2341 1885 per
2359 1818 2609 1889 martyrii
2630 1819 2857 1889 gloriam
2888 1826 2955 1879 ad
2981 1826 3192 1882 siderea
3224 1822 3613 1902 regna’niigra-

2033 1913 2179 1960 mat.
2203 1905 2404 1961 Eodem
2427 1907 2515 1964 die
2542 1909 2806 1980 depositio
2841 1914 2984 1971 beati
3025 1914 3312 1988 Gaugerici
3353 1921 3611 1992 episcopi,

2031 1994 2123 2065 qui
2142 1995 2196 2049 in
2218 1994 2415 2066 Eposio
2442 2006 2620 2054 castro
2639 2011 2794 2056 ortus
2816 2002 2934 2057 fuit.
2952 2003 3050 2060 llic
3065 2007 3248 2062 statim
3270 2008 3321 2062 in
3331 2007 3614 2078 juventutc

2033 2086 2368 2143 meditationi
2420 2088 2556 2161 legis
2601 2092 2698 2148 Dei
2742 2103 2798 2151 et
2840 2097 3154 2165 psalruodize
3201 2100 3442 2157 intentus
3488 2101 3608 2158 fuit.

2032 2174 2161 2232 Post
2181 2192 2311 2233 vero
2338 2192 2369 2232 a
2388 2178 2548 2235 beato
2573 2182 2826 2254 episcopo
2852 2185 3234 2243 Rbemensium
3279 2190 3535 2259 civitatis,
3560 2194 3613 2249 in

2029 2267 2469 2325 Cameracorensi
2501 2271 2925 2348 [Cameracensi]
2977 2277 3194 2333 civitate
3223 2281 3505 2352 episcopus
3532 2294 3615 2339 est

2032 2358 2341 2426 ordinatus;
2392 2361 2484 2432 qui
2513 2363 2699 2420 multis
2725 2365 3018 2423 virtutibus
3051 2368 3264 2435 claruit,
3295 2372 3530 2430 maxime
3558 2374 3615 2430 in

2034 2449 2372 2506 absolutione
2407 2452 2712 2508 vinctorum
2743 2455 2835 2524 qui
2881 2456 2935 2512 in
2988 2459 3299 2515 carceribus
3345 2462 3618 2521 custodie-

2033 2538 2249 2594 bantur.
2277 2540 2410 2597 Cum
2439 2557 2568 2615 ergo
2590 2559 2684 2600 eos
2711 2561 2741 2599 a
2763 2546 3086 2615 praesidibus
3129 2549 3220 2618 qui
3252 2550 3372 2607 illos
3400 2536 3454 2606 in
3491 2568 3618 2609 car—

2034 2642 2185 2684 ceres
2235 2629 2512 2698 miserant,
2543 2633 2747 2689 absolvi
2798 2650 2931 2690 non
2960 2646 3145 2707 posset
3184 2639 3500 2711 impetrare,
3547 2644 3615 2698 ad

2035 2719 2319 2776 Dominum
2349 2737 2510 2792 prece
2536 2722 2654 2780 fusa
2682 2726 2961 2785 absolvere
2981 2730 3305 2799 promeruit,
3336 2731 3428 2802 qui
3450 2732 3617 2789 etiam

2035 2824 2207 2866 czecos
2232 2811 2555 2869 illuminavit
2580 2824 2635 2870 et
2663 2816 2910 2874 infirmos
2933 2819 3164 2877 curavit.
3191 2819 3324 2876 Cum
3356 2830 3537 2880 autem
3558 2825 3616 2881 in

2034 2900 2344 2970 episcopatu
2389 2918 2489 2959 suo
2533 2904 2758 2975 triginta
2796 2914 2908 2961 tres
2948 2913 3122 2963 annos
3168 2907 3398 2966 feliciter
3435 2912 3620 2982 exple-

2036 2990 2135 3056 vit,
2166 2992 2234 3046 ad
2258 2992 2543 3047 Dominum
2572 2996 2852 3066 migravit;
2891 2998 3033 3066 quod
3064 2998 3247 3055 multis
3276 3000 3486 3057 indiciis
3510 3003 3617 3058 mi~

433 3076 500 3131 IV
531 3077 608 3132 lo.
653 3055 837 3135 Sancti
865 3079 1141 3136 Laurentii
1175 3080 1275 3136 sub
1307 3080 1491 3149 Decio,
1521 3083 1615 3154 qui
1662 3092 1788 3154 post
1815 3085 1935 3154 plu—
1954 3055 2006 3119 »δ
2036 3055 2345 3137 raculorum
2368 3080 2524 3150 juxta
2557 3055 2862 3156 sepulcrum
2892 3055 3011 3157 ejus
3063 3090 3134 3145 ita
3165 3088 3366 3147 factum

359 3168 499 3223 rima
538 3180 803 3226 tormenta
844 3173 1096 3237 carceris,
1129 3175 1417 3230 verberum
1464 3174 1824 3241 diversorum,
1851 3176 1933 3230 la-

367 3259 633 3313 minarum
663 3259 986 3325 ardentium,
1018 3260 1086 3314 ad
1111 3260 1357 3316 ultimum
1383 3263 1439 3316 in
1460 3270 1610 3318 crate
1638 3263 1820 3318 ferrea
1847 3277 1936 3317 as-

364 3357 514 3407 satus
542 3352 858 3422 martyrium
883 3351 1191 3422 complevit.

434 3439 500 3494 Ill
538 3440 613 3494 lu.
663 3440 849 3495 Roma:
895 3439 1074 3495 natale
1119 3448 1318 3496 sancte
1363 3440 1626 3498 Susanna:
1670 3443 1934 3514 virginis,

363 3543 484 3600 qua:
512 3527 611 3584 fuit
654 3529 767 3585 ﬁlia
796 3528 991 3586 Gabini
1029 3530 1355 3602 presbyteri,
1410 3532 1583 3602 patris
1629 3530 1749 3590 Gaii
1775 3532 1937 3607 [Caii]

365 3636 533 3695 pap;e.
562 3621 686 3678 Haec
727 3638 856 3693 ergo
889 3625 1042 3694 virgo
1093 3625 1194 3679 sub
1238 3624 1573 3682 Diocletiano
1606 3627 1735 3698 imp.
1780 3644 1937 3699 passa

365 3722 467 3777 est,
491 3727 557 3768 eo
592 3714 732 3784 quod
759 3714 925 3770 nollet
947 3715 1182 3770 Maximo
1217 3715 1327 3770 filio
1352 3731 1451 3772 suo
1493 3717 1547 3772 in
1577 3719 1826 3790 conjugio
1854 3734 1941 3775 so-

365 3802 521 3865 ciari,
560 3803 654 3858 sed
702 3803 755 3857 in
801 3804 1108 3874 virginitate
1152 3820 1487 3876 permanere.
1513 3806 1776 3863 Hortante
1819 3824 1940 3864 eam

365 3893 497 3950 Gaio
525 3894 697 3967 [Caio]
724 3896 993 3967 episcopo,
1025 3913 1124 3953 nec
1148 3913 1253 3953 non
1275 3908 1331 3953 et
1358 3898 1567 3955 Serena
1593 3900 1855 3972 Augusta,
1880 3910 1942 3956 ut

366 3982 574 4040 stabilis
616 3996 959 4056 permaneret
988 3989 1043 4043 in
1071 3987 1174 4044 fide
1203 3989 1408 4044 Christi
1453 3998 1507 4044 ct
1543 3992 1794 4048 castitate
1823 4008 1943 4062 pcr-

366 4083 547 4148 petua.
569 4076 793 4149 Propter
820 4078 924 4134 hoc
944 4079 1108 4148 jussit
1135 4096 1256 4135 eam
1289 4080 1652 4138 Diocletianus
1689 4091 1811 4154 post
1837 4084 1941 4139 alia

368 4176 634 4223 tormenta
672 4170 724 4224 in
758 4170 916 4226 domo
948 4171 1164 4240 prepria
1190 4173 1421 4241 percuti,
1445 4180 1499 4227 et
1527 4173 1605 4228 sic
1625 4174 1942 4246 martyrium

368 4259 782 4314 consummavit.
812 4259 1070 4315 Praedicta
1092 4275 1222 4316 vero
1252 4261 1459 4316 Serena
1505 4261 1747 4334 Augusta
1784 4262 1945 4318 colle-

368 4350 448 4421 git
474 4365 668 4419 corpus
703 4359 906 4406 sancta:
930 4351 1176 4423 virginis,
1222 4361 1278 4408 et
1309 4352 1625 4423 sanguinem
1651 4368 1810 4423 quem
1860 4354 1943 4408 fu-
1969 4387 2020 4449 Ι)

367 4444 521 4497 derat
550 4444 601 4497 in
626 4443 813 4499 eodem
838 4443 954 4500 loco
975 4460 1094 4499 cum
1125 4460 1224 4501 suo
1260 4447 1527 4502 velamine
1558 4448 1729 4510 tersit,
1762 4454 1816 4502 et
1843 4462 1939 4517 po-

370 4535 479 4589 suit
518 4533 571 4588 in
609 4550 823 4604 capsam
860 4544 1163 4606 argenteam
1197 4536 1249 4590 in
1302 4536 1503 4606 palatio
1547 4551 1664 4592 suo.
1700 4536 1800 4593 Ubi
1848 4537 1938 4591 diu

369 4633 639 4694 noctuque
659 4625 869 4681 furtivis
897 4626 1102 4682 vicibus
1123 4642 1283 4682 orare
1310 4642 1418 4681 non
1447 4628 1718 4694 cessabat,
1745 4643 1941 4698 corpus

371 4727 551 4772 autem
594 4728 792 4774 sanctae
822 4718 1084 4774 Susant
1130 4719 1242 4790 ipsa
1288 4719 1539 4774 manibus
1592 4718 1704 4775 suis
1729 4721 1943 4775 ornavit

372 4826 493 4864 cam
527 4809 927 4864 linteaminibus
975 4818 1031 4865 ct
1075 4810 1428 4875 aromatibus,
1459 4818 1515 4866 et
1563 4811 1744 4880 posuit
1784 4809 1939 4880 juxta

372 4917 596 4969 corpora
628 4911 932 4956 sanctorum
959 4901 1013 4955 in
1033 4902 1345 4956 cmineterio
1364 4901 1652 4957 Alexandri
1676 4914 1722 4955 α.
1742 4903 1941 4958 Eodem

373 4993 460 5047 die
478 4992 655 5063 passio
673 4992 842 5046 sancti
880 4992 1109 5047 Tiburtii
1153 4994 1430 5063 martyris,
1455 4992 1521 5048 de
1544 5007 1652 5062 quo
1677 4993 1940 5064 scriptum

446 5173 471 5202 η
502 5160 701 5215 Eadem
721 5161 879 5214 habet
906 5159 1046 5230 Beda
1080 5176 1093 5212 :
1119 5167 1355 5230 attamen
1386 5161 1526 5215 hanc
1550 5159 1830 5215 historiam
1852 5175 1944 5230 pe-

374 5231 520 5285 nitus
554 5246 708 5285 ruere
734 5240 917 5284 monet
937 5229 1186 5284 Baluaius
1207 5231 1275 5283 ad
1294 5229 1635 5284 Laetantium
1666 5247 1679 5283 :
1712 5230 1764 5282 1.
1797 5229 1939 5284 enim

375 5300 569 5356 falsum
614 5310 698 5355 est
732 5300 989 5355 Sercnam
1020 5298 1184 5355 fuisse
1218 5300 1533 5369 Augustam,
1566 5314 1688 5353 eum
1732 5299 1945 5369 unicam

375 5384 597 5424 uxorem
623 5369 839 5424 duxerit
859 5370 1219 5424 Diocletianus
1239 5367 1455 5425 nomine
1479 5368 1739 5423 Priscam.
1756 5368 1810 5429 2.
1827 5367 1950 5423 Fal-

375 5440 507 5493 litur
549 5437 824 5504 Rabanus,
853 5440 943 5507 qui
968 5440 1153 5494 credat
1198 5437 1524 5493 Diocletiano
1547 5437 1712 5494 fuisse
1752 5438 1946 5502 ﬁlium,

376 5509 462 5579 cui
490 5507 790 5579 Susannam
817 5509 1067 5579 conjugio
1100 5507 1327 5579 jungere
1353 5509 1738 5579 propriamque
1764 5510 1948 5579 dicare

377 5577 611 5660 imiter“
628 5594 660 5660 ς.
683 5581 879 5660 quippe
905 5577 1084 5660 pullos
1105 5577 1318 5660 habuit
1352 5577 1813 5660 filio-snAugustus,
1836 5578 1948 5660 sed

385 5648 593 5704 Valeria
615 5647 729 5719 ejus
758 5647 865 5702 tilia
901 5648 1117 5703 Galerio
1147 5648 1341 5715 nupsit.
1371 5647 1425 5700 ὅ.
1455 5647 1548 5701 llla
1579 5647 1809 5719 denique
1836 5648 1944 5702 Va-

783 5744 1062 5802 l’arnor.
1098 5738 1234 5800 CX.

2105 3169 2148 3225 ll
2177 3169 2253 3223 In.
2283 3169 2340 3223 ln
2367 3168 2553 3226 Sicilia
2577 3172 2797 3228 civitate
2836 3173 3205 3233 Catinensium
3244 3181 3425 3237 natale
3460 3181 3617 3251 Eupli

2037 3256 2263 3331 [Euplii]
2302 3257 2539 3326 diaconi,
2589 3261 2683 3330 qui
2729 3276 2851 3315 cum
2902 3265 3204 3322 diutissime
3251 3277 3614 3338 torqueretur,

2037 3347 2338 3406 decollatus
2375 3358 2460 3405 est
2486 3364 2518 3403 a
2548 3348 2854 3407 Calvisiano
2879 3353 3187 3420 consulari,
3222 3363 3464 3424 tempore
3490 3357 3618 3413 Dio—

2037 3439 2253 3495 cletiani
2282 3448 2339 3495 et
2359 3440 2690 3495 Maximiani.

2106 3533 2236 3589 Ima.
2266 3533 2474 3600 Romm,
2502 3534 2675 3589 sancti
2706 3533 2972 3606 Hippolyti
2997 3577 3010 3600 ,
3039 3536 3130 3606 qui
3178 3545 3419 3608 tempore
3468 3539 3614 3595 Decii

2038 3623 2236 3695 ligatus
2272 3623 2499 3696 pedibus
2527 3624 2597 3680 ad
2621 3623 2758 3680 colla
2794 3625 3175 3681 indomitorum
3213 3642 3495 3698 equorum,
3536 3629 3616 3684 sic

2038 3729 2139 3787 per
2165 3714 2395 3770 earduos
2423 3730 2487 3770 ac
2517 3713 2744 3770 tribulos
2773 3723 2980 3771 tractus
3025 3717 3207 3772 emisit
3250 3717 3521 3788 spiritum,
3561 3728 3619 3774 et

2041 3806 2355 3863 Concordiae
2388 3807 2615 3862 nutricis
2640 3806 2779 3875 ejus,
2818 3823 2938 3877 quae
2962 3817 3087 3885 ante
3116 3809 3291 3883 ipsum
3334 3809 3626 3879 plumbatis

2041 3910 2181 3953 caesa
2207 3896 2601 3967 martyrizavit,
2634 3904 2689 3950 et
2713 3896 2941 3950 aliorum
2972 3898 3341 3953 novemdecim
3374 3898 3441 3953 de
3464 3899 3626 3956 domo

2042 3984 2180 4054 ejus,
2200 3984 2294 4055 qui
2316 3985 2476 4040 simul
2497 3984 2741 4041 decollati
2776 3995 2922 4041 sunt.
2952 3987 3151 4042 Eodem
3179 3988 3265 4042 die
3291 3988 3474 4043 natale
3500 4004 3620 4044 san-

2043 4078 2116 4132 cti
2141 4076 2384 4132 Cassiani
2408 4074 2615 4141 Romae,
2646 4076 2880 4146 quicum
2914 4078 3143 4132 adorare
3173 4077 3314 4132 idola
3332 4068 3625 4143 noluisset,

2044 4169 2403 4237 interrogatus
2442 4182 2474 4221 a
2522 4175 2866 4238 persecutore
2921 4168 3049 4238 quid
3092 4169 3224 4224 artis
3265 4168 3509 4234 haberet,
3535 4184 3626 4225 re-

2044 4258 2261 4330 spondit
2284 4257 2409 4328 quia
2456 4272 2652 4329 pueros
2688 4266 2845 4314 notas
2866 4258 3114 4323 doceret;
3140 4266 3193 4312 et
3218 4272 3341 4312 mox
3364 4257 3627 4327 spoliatus

2044 4351 2304 4417 vestibus,
2332 4365 2394 4406 ac
2432 4350 2684 4406 manibus
2718 4360 2841 4421 post
2881 4358 3031 4421 terga
3061 4348 3335 4414 revinctis,
3368 4350 3629 4404 statuitur

2046 4444 2100 4498 in
2128 4442 2325 4508 medio,
2355 4443 2668 4510 vocatisque
2701 4442 2904 4511 pueris,
2930 4441 3125 4510 quibus
3159 4440 3402 4495 docendo
3428 4455 3628 4496 exosus

2047 4530 2223 4588 factus
2242 4541 2382 4598 erat,
2407 4532 2529 4585 data
2572 4539 2655 4586 est
2686 4529 2913 4584 facultas
2939 4544 3063 4584 eum
3104 4529 3431 4597 perimendi;
3457 4540 3515 4584 at
3546 4530 3626 4586 illi

2047 4630 2310 4692 quantum
2344 4620 2625 4675 doluerant
2654 4619 2948 4683 discentes,
2970 4626 3177 4672 tantum
3201 4634 3258 4674 se
3277 4618 3463 4674 ulcisci
3487 4636 3624 4691 gau-

2048 4714 2258 4777 dentes,
2289 4710 2377 4764 alii
2405 4725 2528 4764 eum
2576 4708 2771 4764 tabulis
2800 4724 2866 4763 ac
2907 4709 3140 4763 buxibus
3181 4707 3277 4780 (sic
3316 4709 3439 4769 ms.)
3468 4710 3629 4768 ferie-

2049 4805 2197 4867 bant,
2223 4802 2325 4856 alii-
2344 4801 2498 4874 stylis
2526 4801 2882 4856 vulnerabant
2915 4818 2927 4854 :
2972 4815 3200 4869 quorum
3237 4810 3442 4870 quanto
3472 4800 3624 4857 infir-

2051 4893 2188 4948 mior
2215 4902 2333 4947 erat
2371 4906 2593 4955 manus,
2623 4898 2771 4944 tanto
2806 4890 3107 4959 graviorem
3137 4892 3379 4960 martyrit
3404 4906 3621 4962 pinnam

2049 4983 2212 5038 dilata
2267 4989 2441 5037 morte
2479 4979 2730 5036 faciebat.
2776 4979 2852 5035 De
2893 4995 2998 5050 quo
3039 4981 3255 5050 scripsit
3296 4980 3623 5035 Prudentius

2047 5156 2178 5210 leria
2201 5155 2413 5225 coniugi
2440 5154 2740 5225 supervixit
2760 5160 2815 5225 et
2849 5153 3150 5225 miserabili
3170 5162 3339 5225 morte
3369 5151 3501 5225 obﬁt
3525 5150 3625 5205 sub

2049 5225 2277 5302 lfieinio.
2299 5220 2521 5302 Videas
2543 5223 2870 5302 tamennbac
2910 5223 2991 5302 de
3020 5238 3078 5277 re
3123 5220 3418 5302 Aringltum
3441 5220 3626 5302 Romae

2052 5295 2441 5349 Subterraneat
2465 5293 2501 5347 l.
2534 5309 2609 5358 tv,
2636 5308 2684 5346 c.
2717 5293 2805 5357 79,
2856 5294 2946 5360 qui
2979 5294 3091 5348 huic
3138 5290 3353 5361 subjicit
3389 5306 3454 5344 ex
3501 5290 3623 5361 cod.

2052 5379 2154 5418 ms.
2190 5379 2204 5417 :
2241 5382 2260 5414 ι
2297 5363 2482 5418 Posuit
2501 5363 2655 5432 juxta
2680 5377 2905 5432 corpora
2936 5360 3246 5432 sanctorum
3280 5360 3624 5415 Chrisantlne

2051 5442 2106 5488 ct
2152 5433 2327 5487 Daria:
2372 5434 2457 5486 via
2504 5431 2723 5487 Salaria
2778 5431 2831 5487 in
2886 5432 3134 5487 arenario
3175 5431 3329 5500 juxta
3374 5437 3621 5500 sanctum

2049 5502 2448 5573 Alexandrum
2470 5502 2547 5571 in,
2583 5502 2803 5573 civitate
2836 5501 3088 5573 ,Teiguna
3153 5498 3213 5555 rit
3238 5498 3341 5573 _ld_.
3392 5498 3621 5573 ῥυείη»

2051 5572 2311 5627 Susanna:
2340 5566 2621 5627 ecclesiam
2656 5587 2686 5625 a
2719 5564 3077 5627 fundamc'ntis
3123 5569 3359 5625 restituit
3391 5564 3515 5623 Leo'
3535 5564 3622 5621 Ill.

2050 5643 2210 5698 Basa.
2344 5641 2349 5647 ’

3118 5730 3194 5789 37

3602 5792 3662 5826 Α
