4028 6196
490 325 640 384 ’1385

1154 324 1193 376 Β
1255 320 1509 377 RABANI
1548 320 1765 377 ΜΑυηί
1807 318 2127 375 ARClliEP.
2170 317 2483 376 MDGUNT.
2528 318 2810 376 OPERUM
2852 317 3031 374 PARS
3064 317 3127 373 ll.

3633 316 3774 375 ςςω

484 446 677 515 Γρυθω.
698 443 833 497 Item
859 454 1046 495 cenem
1072 438 1158 491 die
1172 427 1414 492 Pictavrs
1428 436 1647 492 civitate
1670 433 1937 505 oeposrtio
1963 448 2082 487 san-
2112 442 2159 495 Α
2187 450 2286 509 pro
2318 437 2422 491 title
2453 434 2658 492 Christi
2699 450 2893 505 passus
2911 443 3024 498 est;
3054 433 3144 489 hic
3175 432 3354 488 nervis
3383 431 3695 487 caedebatur
3720 442 3780 487 et

499 544 599 589 rue
612 531 956 601 Radcgundis
970 530 1167 600 regina:
1180 536 1235 583 et
1255 528 1308 583 in
1319 526 1606 582 Germania
1620 525 1895 597 provincia
1909 524 2082 579 sancti

504 623 870 696 Vigebereehti
902 617 1224 692 [Vuigberti]
1266 616 1566 689 presbyteri
1594 625 1647 672 et
1675 614 2019 671 confessoris.

571 711 693 770 XIX
713 712 844 767 ΚΑι..
862 710 1131 765 Sen-sun.
1150 708 1339 763 Natale
1352 708 1524 762 sancti
1548 705 1763 762 Eusebii
1782 704 2083 776 presbyteri

499 813 558 860 et
599 802 945 867 confessoris,
970 800 1060 870 qui
1092 800 1192 855 sub
1212 797 1532 854 Constantio
1560 797 1887 866 imperatore
1932 792 2087 847 Aria-

504 911 608 960 no,
651 895 999 949 machinante
1031 890 1248 945 Liberio
1277 903 1301 930 ει
1334 888 1562 959 prmsule
1608 886 1859 943 similiter
1909 885 2085 940 lucre-

505 990 634 1053 tico,
664 986 1064 1043 confessionem
1105 999 1256 1039 suam
1288 982 1596 1052 complevit.
1629 980 1761 1034 Nam
1798 979 2088 1050 praedictus

502 1076 855 1134 Constantius
912 1077 1204 1145 subrogatu
1267 1072 1468 1127 Liberii
1526 1069 1750 1125 includit
1797 1067 2088 1123 Eusebium

429 1154 433 1165 ’
508 1172 881 1242 presbyterum
934 1168 985 1221 in
1031 1166 1298 1235 quoddam
1347 1162 1651 1218 cubiculum
1704 1161 1894 1214 domus
1938 1172 2086 1222 sum,

502 1260 650 1330 quod
680 1257 882 1313 humile
923 1265 1040 1312 erat
1070 1256 1122 1310 in
1154 1254 1438 1308 latitudine
1481 1252 1708 1321 pedibus
1739 1257 1994 1319 quatuor,
2036 1253 2092 1301 et

507 1348 584 1404 ibi
612 1347 798 1403 multis
826 1345 1100 1401 mensibus
1138 1345 1193 1398 in
1224 1344 1471 1397 oratione
1500 1349 1810 1396 constanter
1836 1352 2093 1409 perseve—

509 1458 657 1508 rans,
689 1440 929 1496 inclusus
961 1448 1138 1492 tamen
1169 1445 1294 1507 post
1331 1450 1546 1489 menses
1590 1441 1793 1503 septem
1819 1429 2092 1485 dormitio-

509 1546 632 1586 nem
662 1529 897 1598 accepit,
938 1527 1088 1580 Nona
1128 1526 1335 1580 decima
1384 1523 1501 1578 Kal.
1551 1521 1907 1591 Septembris,
1937 1520 2092 1589 cujus

496 1634 705 1689 corpus
725 1614 1357 1685 collegeruntGregorius
1375 1621 1429 1667 et
1450 1612 1674 1666 Orosius
1695 1608 2021 1680 presbyteri,
2038 1617 2094 1663 et

510 1716 764 1778 parentes
782 1706 919 1777 ejus,
960 1713 1015 1759 et
1045 1703 1372 1772 sepelierunt
1401 1702 1452 1755 in
1483 1707 1670 1772 crypta
1707 1699 1864 1770 juxta
1896 1710 2093 1765 corpus

2185 526 2411 598 ﬂagellis
2455 525 2835 589 atrocissimis,
2866 524 3075 577 fumum
3128 522 3271 593 ignis
3300 521 3685 585 adhihucnmt,
3718 530 3778 576 et

2184 618 2397 674 caldam
2438 617 2752 673 bullientem
2799 613 3054 670 fuderunt
3108 628 3272 682 super
3318 621 3563 667 ventrem
3616 612 3773 683 ejus,

2186 709 2284 766 sed
2310 708 2443 764 nihil
2472 707 2545 763 illi
2569 715 2900 771 nocuerunt;
2931 707 2997 761 ad
3020 714 3323 761 extremum
3348 703 3646 759 decollatus
3666 711 3778 769 est,

2187 808 2242 856 et
2270 799 2350 854 sic
2370 798 2686 869 martyrium
2714 812 2869 852 suum
2896 795 3204 865 complevit.
3350 861 3357 868 _

2258 889 2376 946 XIV
2402 889 2539 945 Kac.
2576 887 2765 943 Natale
2815 887 2989 942 sancti
3043 886 3243 957 Magni,
3296 900 3390 939 seu
3440 884 3556 956 [pro
3618 883 3777 953 item]

2189 983 2363 1038 sancti
2387 982 2617 1037 Andrea:
2644 979 2902 1050 martyris
2936 993 3059 1033 cum
3090 978 3255 1032 sociis
3283 977 3398 1031 suis
3419 978 3631 1032 duobus
3656 978 3776 1031 mil-

2189 1074 2329 1130 libus
2359 1073 2669 1146 quingentis
2694 1070 2993 1142 nonaginta
3027 1078 3254 1139 septem.

2260 1164 2376 1220 Xlll
2406 1164 2539 1220 KAL.
2575 1162 2847 1218 Samuelis
2882 1162 3181 1232 prophetae.
3228 1160 3281 1213 In
3313 1159 3639 1213 Alexandria
3680 1175 3779 1212 na—

2193 1259 2298 1314 tale
2330 1256 2591 1323 Dioscuri,
2633 1266 2687 1311 et
2714 1255 2840 1310 alibi
2888 1253 3152 1324 depositio
3180 1251 3425 1306 Filiberti
3455 1250 3690 1304 abbatis.
3724 1251 3780 1303 in

2191 1349 2451 1413 Lucania,
2473 1356 2782 1402 sanctorum
2806 1343 3194 1403 Valentiniani,
3213 1340 3514 1396 Leontii.ln
3539 1340 3781 1393 Sinnada

2191 1441 2412 1496 civitate
2449 1436 2632 1492 natale
2657 1443 2973 1492 sanctorum
3000 1433 3207 1495 Piricii,
3234 1431 3385 1497 Arci,
3409 1430 3631 1485 Maximi
3662 1445 3787 1485 con-

2193 1532 2441 1596 fessoris,
2462 1528 2752 1599 Pamphili,
2777 1527 2965 1582 Coloni
2996 1524 3346 1580 confessoris.

2266 1622 2353 1678 XII
2405 1621 2538 1676 ΚΑι..
2571 1619 2628 1673 ln
2668 1617 2943 1688 Hispaniis
2980 1616 3239 1670 nativitas
3288 1622 3603 1668 sanctorum
3653 1608 3787 1663 Vin-

2197 1713 2361 1770 ceutii
2414 1720 2470 1767 ct
2527 1708 2758 1764 Iuliani.
2819 1706 2875 1760 In
2931 1705 3182 1760 Sardinia
3246 1702 3424 1758 natale
3470 1709 3786 1755 sanctorum

496 1798 654 1855 'beati
683 1796 821 1851 Sixti
844 1794 1094 1865 martyris
1116 1790 1443 1862 etcpisc0pi,
1462 1791 1546 1843 via
1571 1788 1737 1858 Appia
1761 1787 1813 1841 in
1837 1792 2095 1841 cmmete-
2126 1786 2168 1846 Β
2198 1801 2402 1859 [υκαι-ί
2444 1797 2713 1874 [Luem]
2732 1838 2747 1864 ν
2780 1796 3018 1868 Traiani.
3050 1795 3107 1849 ιη
3136 1794 3326 1850 Gaul;
3356 1793 3477 1848 νίοο
3500 1791 3787 1845 mnam“;

512 1887 844 1952 rioCallisti,
886 1885 974 1940 ubi
1019 1896 1076 1938 et
1121 1882 1334 1938 titulum
1366 1881 1533 1952 ipsius
1568 1880 1867 1934 scribentes
1905 1891 2095 1946 posue-

510 1985 640 2033 runt
661 1992 758 2047 pro
786 1972 1294 2031 commemoratione
1315 1968 1431 2039 ejus
1456 1986 1468 2024 :
1505 1968 1728 2023 Eusebio
1755 1966 1953 2020 homini
1976 1964 2091 2019 Dei.

518 2070 720 2125 Eodem
744 2077 985 2136 tempore
1007 2064 1248 2119 auditum
1269 2072 1351 2117 est
1378 2077 1407 2115 a
1433 2060 1751 2116 Constantio
1773 2059 2096 2127 imperatore

515 2176 581 2217 eo
605 2160 747 2230 quod
770 2156 1063 2227 Gregorius
1102 2163 1157 2208 et
1186 2153 1410 2209 Orosius
1441 2150 1743 2222 presbyteri
1778 2148 2097 2217 colligerent

497 2266 713 2322 'corpus
737 2247 952 2304 Eusebii
976 2244 1300 2317 presbyteri,
1324 2252 1377 2298 et
1406 2243 1458 2296 in
1484 2243 1672 2296 eadem
1704 2247 1891 2310 crypta
1914 2238 2095 2292 vivum

498 2341 717 2398 *includi
746 2338 1003 2412 prmcepit
1049 2335 1393 2407 Gregorium.
1442 2333 1594 2388 Tunc
1621 2332 1846 2389 Orosius
1876 2328 2097 2399 presby-

515 2447 601 2492 ter
648 2432 861 2502 collegit
909 2428 1228 2485 scmivivum
1276 2427 1494 2481 beatum
1549 2418 1871 2494 Gregorium
1936 2428 2096 2475 noctu

506 2523 723 2580 occulte
766 2531 985 2592 propter
1032 2517 1405 2573 Constantium
1434 2515 1756 2585 Augustum,
1798 2520 1854 2566 et
1901 2511 2100 2565 emisso

517 2614 707 2684 spiritu
754 2609 1002 2681 sepelivit
1048 2622 1170 2662 eum
1210 2607 1363 2677 juxta
1410 2619 1608 2676 corpus
1657 2603 1832 2658 sancti
1879 2600 2097 2657 Eusebii

501 2701 847 2775 presbyteri.

588 2790 752 2845 XVIII
788 2789 921 2843 Kac.
962 2786 1270 2857 Assumptio
1301 2794 1503 2842 sancta:
1530 2783 1748 2849 Mariae,
1775 2792 1831 2839 et
1859 2783 1911 2836 in
1941 2780 2101 2837 Nico-

520 2887 695 2942 media
726 2885 905 2940 natale
925 2892 1237 2938 sanctorum
1265 2880 1579 2948 Strationis,
1603 2877 1836 2949 Philippi
1857 2885 1911 2933 et
1935 2877 2102 2947 Euty-

527 2979 730 3045 cbiani,
759 2992 884 3032 cum
914 2976 1077 3031 sociis
1102 2988 1309 3029 eorum.

592 3066 885 3125 XVllKAL.
930 3065 987 3119 In
1028 3061 1353 3118 Alexandria
1382 3061 1559 3115 natale
1599 3067 1908 3115 sanctorum
1944 3056 2101 3112 Orio-

522 3160 629 3225 nis,
657 3156 886 3220 Emilii,
905 3153 1121 3225 Agnati.
1145 3152 1202 3207 In
1231 3150 1453 3207 Perside
1482 3149 1658 3204 natale
1680 3149 1853 3204 sancti
1884 3147 2100 3219 Thyrsii
2128 3127 2172 3191 Ο

524 3264 646 3304 cum
674 3246 835 3303 sociis
867 3244 997 3299 suis.

594 3338 712 3398 ωτι
742 3336 871 3394 Κιι..
899 3336 954 3393 lu
987 3335 1227 3393 Caesarea
1257 3331 1628 3406 Cappadociae,
1660 3329 1983 3394 Mammetis,
2010 3329 2099 3398 qui

525 3432 855 3504 temporibus
908 3427 1185 3485 Aureliani
1240 3425 1490 3499 tyranni,
1541 3423 1758 3495 quando
1796 3420 2101 3494 persecutio

522 3524 754 3579 maxima
782 3518 884 3575 fuit
912 3517 1377 3582 Christianorum,
1407 3528 1531 3570 cum
1557 3527 1693 3585 puer
1726 3520 1875 3567 esset
1915 3510 2101 3567 decem

521 3628 809 3678 annorum,
838 3608 1042 3665 relictis
1062 3606 1314 3663 omnibus
1337 3603 1470 3675 fugit
1499 3603 1553 3657 in
1597 3613 1832 3657 montem
1857 3616 1978 3656 cum
2004 3614 2100 3670 pc-

521 3708 740 3766 coribus
775 3706 888 3762 suis
922 3718 1042 3775 qua:
1093 3700 1291 3757 ibidem
1332 3698 1611 3769 pascebat,
1640 3704 1696 3751 et
1734 3695 1874 3750 lacte
1912 3710 2101 3750 eorum

521 3798 879 3856 vescebatur:
907 3795 994 3854 ubi
1035 3792 1274 3848 visitatio
1311 3775 1496 3845 divina
1550 3802 1713 3857 super
1739 3786 1887 3841 illum
1931 3786 2099 3851 venit,

523 3893 680 3960 eique
708 3884 1056 3959 przesignavit
1079 3881 1309 3953 qualiter
1351 3896 1448 3950 pro
1487 3877 1693 3933 Christi
1742 3877 1958 3932 nomine
1987 3874 2097 3945 pati

524 3987 765 4041 deberet.
796 3980 936 4050 Ergo
975 3993 1096 4034 eum
1142 3974 1271 4030 ferte
1316 3973 1604 4044 sylvestres
1644 3970 1711 4025 ad
1753 3986 1876 4025 eum
1927 3968 2101 4024 venis-

525 4082 666 4133 sent,
697 4070 917 4139 ipseque
946 4065 1141 4121 sedens
1188 4062 1426 4133 quotidie
1475 4059 1820 4131 Evangeliqu
1874 4058 2096 4125 legeret,

527 4158 958 4216 mansuetissime
1007 4155 1151 4210 circa
1201 4169 1324 4207 eum
1377 4154 1747 4216 versabantur,
1801 4165 2100 4220 eorumque

526 4252 662 4307 lacte
688 4263 874 4304 servus
905 4244 999 4300 Dei
1023 4253 1077 4299 et
1100 4259 1156 4298 se
1180 4252 1235 4297 et
1261 4241 1394 4295 alios
1436 4256 1698 4311 pauperes
1727 4241 1781 4294 in
1828 4239 2101 4295 alimoniis

518 4341 761 4414 juvabat.
806 4336 939 4393 Cum
965 4335 1205 4389 audisset
1245 4332 1346 4385 hoc
1372 4331 1678 4385 Alexander
1721 4344 1939 4399 praeses,
1973 4345 2097 4384 eum

525 4436 667 4487 inter
703 4429 845 4483 feras
888 4424 1241 4482 communiter
1263 4422 1462 4482 vivere,
1495 4418 1717 4490 magicae
1747 4420 1849 4473 arti
1875 4419 1978 4473 hoc
2003 4418 2096 4473 de-

524 4523 769 4596 putavit:
804 4527 1159 4587 vocatumque
1189 4515 1255 4570 ad
1289 4529 1347 4570 se
1375 4512 1557 4567 multis
1578 4510 1860 4595 tormentis
1886 4509 2095 4577 afflixit,

526 4621 628 4675 hoc
666 4626 750 4673 est
778 4614 1003 4686 equuleo
1032 4623 1347 4680 suSpensmn
1384 4607 1700 4676 torqueLat,
1742 4588 1796 4658 in
1826 4603 2094 4659 caminum

527 4709 665 4780 ignis
712 4705 950 4762 ardentis
995 4702 1163 4766 misit,
1198 4708 1254 4754 et
1298 4699 1350 4753 in
1380 4697 1528 4752 nullo
1569 4712 1693 4751 eum
1740 4695 1879 4766 ignis
1903 4693 2097 4748 laedere

526 4798 699 4870 potuit
732 4815 744 4849 :
770 4804 953 4865 postea
974 4808 1097 4846 eum
1124 4786 1559 4859 lapidarejussit,
1594 4786 1647 4840 in
1677 4793 1882 4840 tantum
1902 4791 1960 4837 ut
1987 4782 2095 4838 cul-

530 4889 602 4941 let
614 4888 681 4941 tis
711 4883 972 4955 lapidibus
997 4891 1049 4935 et
1073 4881 1124 4935 in
1151 4879 1350 4935 Christi
1374 4885 1664 4948 martyrem
1688 4874 1939 4946 projectis
1961 4887 2097 4943 pene

529 4984 839 5046 (‘OOPCNUIII
872 4988 1065 5040 corpus
1092 4980 1252 5034 CSSCl,
1282 4984 1440 5040 quem
1480 4978 1799 5039 persecutor
1825 4973 2096 5020 mortuum

530 5066 761 5124 credens
784 5060 1026 5127 secessit,
1054 5060 1148 5115 sed
1176 5060 1432 5116 Dominus
1458 5069 1749 5131 martyrem
1789 5072 1943 5112 suum
1971 5055 2098 5110 illae-

529 5175 647 5216 smn
676 5169 921 5217 servans,
966 5160 1149 5222 postea
1204 5151 1380 5206 divina
1426 5150 1704 5205 vocatione
1741 5149 1810 5203 ad
1856 5147 2094 5202 cmlestia

524 5266 693 5323 regna
721 5262 844 5303 eum
871 5243 1184 5308 arcessivit,
1227 5243 1409 5312 sicque
1438 5243 1490 5296 in
1534 5257 1667 5311 pace
1709 5241 1944 5295 animant
1975 5242 2094 5295 red-

527 5344 658 5397 dens
682 5341 750 5393 ad
775 5348 1033 5394 a'ternam
1070 5333 1308 5402 requiem
1341 5332 1607 5402 migravit.

598 5430 689 5486 XV
716 5430 848 5484 Κλι..
881 5426 1070 5481 Natale
1106 5423 1277 5478 sancti
1305 5422 1526 5493 Agapeti
1568 5431 1842 5492 martyris,
1870 5422 1961 5491 qui
1997 5421 2096 5475 sub

517 5519 791 5574 Antiocho
818 5530 944 5585 rege
968 5530 1091 5570 cum
1141 5524 1284 5569 esset
1326 5526 1457 5581 puer
1497 5526 1758 5566 annorum
1788 5512 2095 5580 quindecim

599 5644 623 5670 ι
649 5631 781 5697 Quis
821 5629 908 5684 ille
937 5627 1180 5682 Liberius
1221 5625 1456 5697 praesul?
1498 5641 1563 5679 an
1592 5624 1849 5697 pontifex
1892 5625 2093 5681 Roma-

532 5696 786 5767 nus,’qm
819 5700 917 5752 sub
946 5698 1261 5751 Constantio
1297 5696 1455 5749 tidem
1500 5696 1852 5752 orthodoxam
1893 5697 2094 5765 dcjera-

2197 1893 2377 1950 natale
2407 1891 2581 1948 sancti
2612 1888 2812 1944 Privati
2840 1885 3119 1957 martyris.

2267 1983 2336 2040 Xl
2366 1983 2500 2038 KAL.
2538 1979 2725 2036 Sancti
2753 1976 3062 2041 Timothei,
3112 1973 3203 2045 qui
3253 1973 3321 2029 ab
3371 1972 3664 2028 Antiochia
3699 1986 3788 2026 ve-

2198 2077 2354 2132 niens
2404 2073 2629 2128 Romam
2670 2071 2773 2127 sub
2814 2069 3051 2124 Miltiade
3097 2083 3237 2138 papa
3289 2074 3575 2136 susceptus
3606 2073 3695 2119 est
3734 2064 3787 2118 in

2198 2165 2545 2236 bospitiuma
2590 2159 2892 2231 Sylvestro,
2919 2158 3011 2229 qui
3050 2166 3234 2227 postea
3281 2156 3569 2227 cpiscopus
3618 2154 3791 2208 factus

2197 2267 2316 2313 est:
2352 2255 2596 2326 quicum
2651 2266 2853 2306 annum
2896 2259 3066 2304 totum
3105 2257 3159 2304 et
3197 2248 3404 2317 aliquot
3446 2262 3667 2302 menses
3718 2246 3789 2299 ibi

2198 2346 2497 2418 praedicans
2522 2343 2721 2399 multos
2749 2343 2815 2397 ad
2836 2341 3114 2396 Christum
3139 2338 3525 2402 convertisset,
3551 2345 3738 2391 tentus
3758 2351 3788 2388 a

2198 2435 2494 2508 Tarquinio
2524 2434 2685 2491 Urbis
2723 2432 2999 2503 praefecto,
3039 2438 3095 2485 et
3134 2429 3292 2500 longa
3332 2429 3576 2483 carceris
3600 2436 3784 2481 cosm-

2199 2529 2284 2583 dia
2315 2532 2615 2580 maceratus
2643 2539 2766 2579 cum
2805 2521 3116 2577 sacriﬁcare
3143 2518 3298 2574 idolis
3321 2518 3607 2582 noluisset,
3631 2517 3792 2572 tertio

2198 2632 2395 2683 cassus,
2419 2630 2483 2670 ac
2508 2613 2845 2685 gravissimis
2870 2611 3147 2683 suppliciis
3180 2618 3519 2673 attrectatus,
3549 2608 3619 2662 ad
3664 2607 3791 2660 ulti-

2200 2727 2347 2766 mum
2395 2708 2695 2765 decollatus
2732 2714 2788 2762 et
2838 2706 2993 2776 juxta
3046 2704 3261 2758 beatum
3293 2700 3520 2756 Paulum
3566 2701 3796 2770 Aposto—

2201 2804 2311 2858 lum
2347 2800 2591 2872 sepultus
2617 2807 2721 2855 est.
2774 2797 3050 2867 Scriptum
3098 2796 3152 2849 in
3205 2794 3432 2850 historia
3463 2793 3637 2848 sancti
3669 2792 3795 2863 Syl—

2202 2893 2387 2948 vestri.
2420 2892 2619 2946 Eodem
2667 2889 2754 2944 die
2781 2887 3172 2960 Augustoduno
3219 2886 3398 2956 passio
3434 2884 3609 2940 sancti
3638 2883 3795 2954 Syuv

2200 2981 2451 3053 phoriani
2482 2979 2758 3050 martyris.

2276 3071 2322 3126 Χ
2351 3071 2485 3126 ΚΑΙ..
2519 3069 2710 3126 Passio
2745 3068 2913 3123 trium
2946 3067 3177 3122 fratrum
3224 3067 3323 3123 sub
3350 3065 3509 3137 Lysia
3556 3063 3791 3133 prmside

2205 3162 2262 3218 in
2289 3161 2570 3234 provincia
2597 3160 2783 3231 Lycia,
2813 3158 3034 3214 civitate
3057 3155 3230 3229 IEgea
3248 3198 3262 3222 ,
3289 3158 3392 3212 hoc
3428 3164 3532 3221 est,
3554 3154 3787 3218 Claudii,

2203 3251 2424 3317 Asterii,
2486 3250 2705 3315 Neonis,
2754 3264 2892 3320 quos
2937 3247 3252 3319 singillatim
3300 3262 3501 3318 przeses
3548 3245 3788 3315 torqueri

2203 3343 2481 3412 praecepit,
2510 3342 2742 3412 primum
2772 3338 3053 3394 Claudium
3078 3337 3309 3413 equuleo
3335 3336 3607 3407 suspendi,
3630 3336 3789 3390 ﬂam-

2202 3446 2321 3489 mas
2347 3430 2575 3503 pedibus
2611 3445 2673 3486 ea
2699 3436 2855 3501 parte
2881 3427 3100 3483 laniatis
3129 3426 3397 3492 adhiberi,
3434 3434 3572 3480 testa
3594 3425 3791 3480 acutis-

2202 3523 2340 3578 sima
2394 3531 2451 3579 et
2487 3520 2711 3577 candela
2754 3518 2979 3574 ardente
3027 3517 3196 3572 latera
3244 3514 3362 3584 ejus
3402 3515 3594 3580 aduri;
3634 3514 3793 3570 Aste-

2154 3626 2163 3631 ‘
2204 3613 2344 3668 rium
2374 3628 2504 3667 vero
2532 3611 2753 3666 fratrem
2806 3609 2924 3680 ejus
2959 3607 3212 3663 similiter
3253 3605 3418 3676 jussit
3453 3606 3507 3660 in
3556 3606 3787 3676 equuleo

2203 3702 2480 3774 suspendi,
2507 3701 2772 3757 carbones
2814 3700 3070 3754 ardentes
3112 3697 3216 3753 sub
3260 3696 3486 3766 pedibus
3511 3696 3629 3765 ejus
3664 3696 3790 3751 sub-

2202 3794 2406 3859 sterni;
2453 3794 2672 3848 tertimn
2726 3791 2953 3846 fratrem
3002 3787 3156 3858 ejus,
3215 3786 3319 3842 hoc
3375 3796 3462 3842 est
3510 3786 3785 3852 Neonem,

2196 3885 2360 3956 jussit
2399 3884 2454 3938 in
2496 3883 2708 3939 cervice
2759 3880 3020 3951 torqueri,
3068 3879 3335 3934 carbones
3388 3892 3555 3946 super
3608 3878 3784 3937 mitti,

2202 3989 2258 4033 ct
2300 3977 2479 4033 nervis
2505 3976 2722 4031 dorsum
2750 3972 2869 4044 ejus
2893 3973 3119 4028 exedere.
3148 3970 3397 4025 Mulieres
3429 3978 3650 4035 autem,
3687 3970 3794 4025 hoc

2204 4077 2310 4134 est,
2338 4068 2659 4124 Domninam
2687 4064 3035 4137 lDonuinam]
3053 4104 3069 4129 ,
3095 4062 3499 4119 etTheonillam
3523 4060 3796 4133 projicere

2214 4161 2267 4214 in
2298 4169 2520 4224 terram,
2564 4165 2619 4211 ct
2649 4157 2821 4226 alapis
2848 4170 2943 4211 eas
2965 4154 3121 4220 aedi,
3150 4163 3207 4210 ct
3231 4155 3406 4223 capita
3458 4154 3607 4209 tondi
3639 4152 3793 4226 [ton-

2211 4250 2375 4323 deri],
2395 4259 2448 4305 ct
2472 4252 2549 4305 sic
2578 4249 2903 4305 carbonibus
2931 4248 3182 4303 succendi
3209 4263 3222 4301 :
3248 4247 3314 4302 ad
3334 4255 3638 4301 extremum
3658 4260 3795 4301 vero

2208 4354 2439 4410 corpora
2457 4354 2645 4394 eorum
2676 4353 2832 4394 sacco
2858 4336 3065 4392 inclusa
3090 4337 3144 4391 in
3174 4351 3320 4391 mare
3338 4334 3503 4405 jussit
3520 4335 3789 4406 demergi.

2276 4428 2347 4483 lx
2377 4428 2511 4483 Kac.
2576 4427 2763 4484 Natale
2799 4426 3184 4482 Bartholoma-i
3227 4424 3494 4496 apostoli,
3546 4426 3643 4496 qui
3690 4442 3793 4481 no-

2203 4536 2325 4575 men
2352 4526 2418 4574 ‘ex
2448 4516 2586 4589 Syra
2625 4517 2808 4588 lingua
2852 4518 3114 4587 suscepit,
3137 4525 3192 4571 et
3219 4516 3614 4587 interpretatur
3643 4516 3793 4575 ﬁlius

2200 4607 2557 4680 suspendenda
2586 4624 2771 4679 aquas.
2798 4607 3119 4679 Lycaoniam
3144 4606 3224 4678 [in
3261 4604 3556 4679 Lycaonia]
3586 4607 3791 4676 ιιι-αξὰί-

2202 4700 2340 4754 cavit
2377 4714 2391 4753 :
2416 4699 2481 4754 ad
2508 4698 2755 4752 ultimum
2784 4697 2838 4751 in
2865 4696 3074 4751 Albano
3095 4693 3317 4763 majoris
3337 4695 3615 4750 Armenia:
3651 4695 3790 4749 urbe

2202 4792 2388 4845 vivens
2415 4804 2445 4843 a
2468 4789 2713 4844 barbaris
2739 4789 3060 4853 decoriatus,
3082 4800 3244 4858 atque
3281 4802 3381 4857 per
3405 4784 3618 4854 jussum
3642 4788 3790 4858 regis

2203 4880 2457 4952 Astyagis
2486 4880 2800 4945 decollatus,
2836 4879 3023 4949 sicque
3080 4888 3238 4934 terra:
3270 4879 3536 4943 conditus,
3582 4895 3641 4933 ix
3662 4879 3783 4934 Kal.

2205 4974 2507 5045 Septembr.

2278 5063 2385 5121 Vlll
2421 5064 2556 5120 Kac.
2585 5064 2771 5120 Passio
2812 5063 3029 5120 Genesii
3050 5064 3305 5137 martyris
3332 5065 3431 5121 sub
3456 5066 3783 5137 imperatore

2203 5155 2554 5221 Diocletiano,
2578 5154 2670 5224 qui
2695 5154 2797 5208 fuit
2820 5154 3052 5224 primum
3078 5155 3178 5210 sub
3206 5154 3506 5225 gentilitate
3531 5164 3653 5212 arte
3678 5157 3779 5211 mi-

2205 5262 2344 5312 mus,
2365 5246 2459 5302 sed
2498 5253 2684 5302 postea
2715 5243 2919 5299 Christi
2942 5244 3221 5299 confessor
3242 5244 3436 5310 factus,
3451 5246 3641 5301 multis
3670 5263 3780 5301 mo-

2200 5336 2284 5390 dis
2310 5350 2338 5388 a
2366 5334 2805 5404 persecutoribus
2842 5341 2925 5387 est
2955 5333 3249 5398 cruciatus,
3301 5334 3401 5389 hoc
3427 5345 3511 5389 cst
3549 5334 3778 5389 fustibus

2194 5442 2385 5491 cursus,
2434 5424 2661 5495 equuleo
2704 5438 3017 5492 suspensus,
3047 5421 3277 5479 ﬂammis
3314 5425 3568 5491 adustus,
3601 5428 3778 5481 novis-

2195 5517 2329 5571 sime
2356 5515 2671 5571 decollatus.

2194 5632 2305 5685 vit?
2343 5629 2560 5684 Eusebii
2585 5629 2720 5685 Acta
2749 5646 2881 5687 mss.
2910 5629 3098 5686 habuit
3116 5629 3410 5687 Baroniusr
3444 5647 3560 5687 rem
3596 5644 3772 5688 tamen

2195 5717 2302 5755 non
2333 5700 2559 5769 aperuit.
2586 5699 2711 5755 Bas.
