4028 6196
436 237 578 293 “£5

1748 229 1938 284 MART
1951 228 2379 288 VllOLOGlUM.

3570 226 3709 281 1166

509 348 599 404 Vll
625 347 760 403 Kac.
808 344 998 400 Natale
1024 343 1266 399 ilerentei
1300 342 1536 415 [lrenzci]
1559 351 1614 398 et
1639 342 1874 399 Abundii
1906 342 2016 398 Ite-
2042 346 2091 406 Α
2118 343 2263 398 omni
2291 340 2511 413 praeiret
2537 340 2710 412 gratia
2751 339 3032 405 virtutum,
3064 338 3160 396 sed
3198 338 3270 394 ita
3307 338 3511 409 ingenti
3537 340 3709 412 gloria

435 456 562 506 tum,
605 455 739 510 quos
763 437 1000 494 Deciana
1028 435 1403 507 persecutione
1428 435 1592 505 jussit
1616 435 1938 493 Valerianus
1968 436 2024 490 in

435 533 620 588 cloaca
656 530 871 586 necari:
902 544 968 584 eo
992 529 1138 600 quod
1174 542 1373 598 corpus
1396 527 1572 582 beatae
1611 526 1928 582 Concordiae
1968 525 2024 580 in

440 622 679 680 cloacam
708 620 933 675 missum
965 616 1283 682 levaverint,
1306 625 1362 671 et
1388 616 1630 687 ipsorum
1660 631 1877 686 quoque
1905 631 2025 671 cer-

439 729 543 786 pus
570 710 770 768 levavit
795 709 1042 765 Justinus
1062 708 1368 779 presbyter,
1402 715 1457 762 et
1486 707 1735 778 sepelivit
1756 707 1810 761 in
1837 715 2024 777 crypta

434 805 591 876 juxta
628 802 845 856 beatum
878 799 1255 854 Laurentium.

490 882 580 949 ’γι
607 892 741 948 ΚΑι..
770 891 828 946 In
855 890 1027 946 Gallia
1050 890 1269 946 Arelate
1293 891 1514 947 civitate
1541 889 1809 962 depositio
1856 891 2028 948 sancti

439 985 662 1041 Ctesarii
684 983 942 1054 episcepi.
970 981 1359 1053 Augustedune
1386 983 1652 1053 depositio
1681 983 1854 1039 sancti
1886 981 2031 1054 Sya-

442 1076 548 1148 grii
579 1072 842 1145 episcopi.

514 1165 561 1217 V
623 1163 757 1219 KAL.
832 1162 891 1217 In
942 1162 1126 1218 Africa
1187 1163 1452 1234 depositio
1512 1164 1685 1220 sancti
1745 1162 2030 1233 Augustini

443 1254 703 1326 episcopi,
734 1254 825 1323 qui
856 1253 1029 1323 primo
1057 1252 1124 1308 de
1151 1268 1247 1308 sua
1274 1253 1493 1309 civitate
1523 1262 1744 1325 propter
1771 1254 2033 1310 barbaros

446 1345 753 1401 Sardiniam
791 1343 1106 1409 translatus,
1137 1360 1306 1415 nuper
1331 1360 1361 1399 a
1388 1345 1722 1401 Luitbrande
1746 1360 1871 1416 rege
1894 1344 2035 1401 Lon-

444 1438 807 1509 gobarderum
837 1436 1040 1491 Ticiuis
1086 1434 1379 1508 [Ticinum]
1408 1435 1611 1492 relatus
1634 1443 1689 1490 et
1735 1431 2036 1493 honorifice

445 1529 696 1584 conditus
746 1536 847 1583 est.
909 1527 1111 1582 Eodem
1173 1526 1261 1582 die
1309 1526 1490 1583 natale
1539 1529 1716 1583 sancti
1762 1527 2036 1582 Hermetis

447 1620 719 1690 martyris.

2127 451 2239 490 suae
2259 433 2450 505 plebis,
2472 432 2652 504 pepuli
2675 432 2888 491 Domini
2912 432 3165 488 Ecclesia:
3185 431 3519 502 prtcsidcret,
3539 447 3712 503 usque

2128 526 2195 582 ad
2222 526 2592 597 expulsieuem
2608 523 2725 592 ejus
2747 522 3025 579 frementis
3046 524 3245 579 diaboli
3266 523 3473 579 exarsit
3493 523 3712 580 invidia.

2128 613 2284 670 Hune
2313 629 2444 685 ergo
2486 630 2610 669 eum
2641 614 2837 668 seditio
2879 613 3057 683 populi
3102 613 3550 683 persequebatur,
3594 623 3717 684 post

2129 704 2325 761 multas
2353 705 2730 761 tribulationes
2754 705 2805 759 in
2830 705 3320 775 peregrinationem
3360 706 3603 776 perrexit
3639 714 3717 760 at-

2130 814 2236 870 que
2250 798 2366 854 sole
2381 813 2565 853 secum
2583 797 2875 853 comitante
2888 811 3056 866 puero
3070 798 3124 850 in
3137 796 3372 868 IEgyptu
3380 813 3430 850 m
3449 798 3714 866 pervenit,

2130 894 2316 964 ibique
2352 893 2495 947 inter
2534 894 2900 947 anachoretas
2930 891 3327 946 strictissiinam
3359 892 3525 947 vitam
3565 890 3720 946 duxit

2130 996 2188 1039 et
2207 984 2462 1039 nobiliter
2475 989 2832 1037 conversatus
2848 990 2934 1038 est
2955 999 2968 1035 :
2992 996 3151 1052 quem
3165 981 3715 1046 sanctusAntiechus,

2130 1076 2416 1144 presbyter
2455 1072 2867 1144 Lugdunensis,
2906 1073 2997 1142 pie
3042 1073 3300 1128 incitatus
3332 1070 3510 1129 efﬁcio
3549 1087 3719 1143 usque

2132 1165 2200 1220 ad
2220 1163 2551 1220 visitandum
2572 1178 2728 1219 suum
2752 1164 3062 1234 episcopum
3081 1179 3309 1235 pergere
3334 1165 3511 1218 animo
3542 1168 3730 1232 inten:

2134 1255 2246 1321 dit,
2302 1270 2461 1324 quem
2505 1254 2670 1309 etiam
2718 1254 2787 1308 ad
2838 1269 2898 1310 se
2934 1262 3223 1310 venturum
3269 1262 3488 1310 sanctus
3533 1252 3719 1309 Justus

2134 1344 2417 1415 episcopus
2435 1345 2685 1414 praedixit
2710 1345 2796 1400 his
2825 1344 2916 1415 qui
2942 1360 3126 1401 secum
3156 1353 3332 1400 erant.
3359 1344 3489 1399 Post
3516 1343 3721 1413 aliquot

2134 1450 2266 1490 vero
2301 1436 2418 1490 dies
2446 1443 2665 1490 sanctus
2688 1434 2784 1490 Dei
2825 1435 3067 1506 migrans
3108 1435 3175 1490 de
3200 1436 3303 1490 hec
3331 1434 3560 1500 saeculo,
3595 1448 3721 1490 ossa

2136 1543 2234 1583 sua
2280 1527 2348 1582 ad
2383 1527 2569 1583 sedem
2610 1541 2765 1582 suam
2795 1527 2977 1582 divino
3004 1534 3137 1581 nutu
3167 1524 3451 1582 transferri
3478 1538 3717 1596 [prome-

2135 1618 2264 1683 ruit,
2295 1617 2476 1688 ibique
2505 1616 2803 1672 honoriﬁce
2837 1616 3073 1687 sepeliri.

519 1706 587 1762 IV
609 1707 743 1762 KAL.
770 1706 827 1761 In
851 1707 1106 1774 Venusto,
1130 1708 1347 1764 civitate
1374 1707 1600 1778 Apulia,
1630 1706 1808 1763 natale
1835 1707 2032 1763 Felicis
2060 1700 2108 1760 B
2203 1705 2269 1760 Ill
2306 1704 2442 1761 Non.
2495 1704 2553 1760 In
2581 1705 2930 1772 Alexandria,
2974 1706 3233 1777 Aristippi
3262 1707 3531 1777 episcopi;
3577 1714 3631 1761 et
3664 1704 3717 1759 in

445 1799 685 1868 episcopi
705 1799 941 1854 civitatis
964 1799 1348 1866 Tubrezensis,
1371 1808 1426 1855 et
1439 1799 1682 1855 Januarii
1704 1799 2032 1872 presbyteri,

446 1896 505 1942 et
530 1887 901 1942 Fertunatiani
931 1897 988 1943 et
1030 1887 1338 1958 Septimini,
1376 1889 1639 1945 lectorum
1660 1930 1675 1955 ,
1705 1891 1798 1960 qui
1829 1899 2035 1961 tempe-

448 1976 597 2032 ribus
622 1978 940 2033 Diocletiani
977 1979 1031 2033 in
1061 1994 1160 2034 sua
1200 1980 1422 2036 civitate
1448 1981 1583 2036 tenti
1621 1997 1653 2035 a
1679 1981 2035 2053 Magnelliane

446 2077 799 2138 procuratore
844 2085 975 2123 xvm
1013 2068 1131 2123 Kal.
1156 2067 1304 2135 Julii,
1330 2070 1454 2127 inde
1476 2071 1659 2127 multis
1685 2073 1775 2128 diu
1802 2072 2036 2128 vinculis

447 2169 503 2213 et
516 2160 826 2215 carceribus
838 2161 1117 2227 macerati,
1132 2162 1252 2216 etin
1272 2161 1418 2229 Asia,
1441 2164 1569 2218 etin
1595 2162 1800 2231 Sicilia,
1817 2164 2038 2221 tandem

449 2251 504 2305 in
536 2252 806 2307 occisione
835 2252 999 2321 gladii
1026 2255 1381 2308 consummati
1410 2264 1556 2310 sunt.
1595 2255 1786 2311 Natale
1835 2265 2038 2312 sancta:

449 2339 670 2395 Sabinae
712 2340 990 2411 martyris.
1042 2342 1246 2397 Eadem
1293 2344 1380 2399 die
1423 2341 1730 2399 celebratur
1755 2345 2038 2401 decollatio

454 2427 631 2482 sancti
659 2425 882 2481 Joannis
908 2427 1191 2499 Baptistae,
1222 2432 1314 2500 qui
1340 2426 1516 2501 primo
1544 2432 1598 2486 in
1631 2431 1878 2488 Samaria
1904 2448 2036 2489 cen-

452 2506 783 2585 ditus,'nunc
807 2519 858 2573 in
896 2518 1224 2576 Alexandria
1258 2540 1271 2576 :
1302 2538 1469 2594 perre
1496 2533 1660 2593 caput
1702 2525 1772 2580 de
1821 2523 2038 2581 Jerese-

454 2608 614 2678 lytuis
649 2609 717 2664 ad
748 2607 1023 2665 thnicis
1048 2613 1238 2667 urbem
1268 2613 1532 2670 Emissam
1564 2613 1867 2688 [Edessam]
1893 2616 2040 2672 dela-

456 2707 572 2755 tum
594 2708 697 2756 est.

527 2790 593 2845 ΠΙ
611 2790 745 2846 ΚΑΙ..
795 2784 982 2847 Remis
1000 2793 1180 2849 natale
1199 2802 1512 2850 sanctorum
1533 2803 1834 2868 martme
1847 2795 2042 2853 Felicis

458 2889 517 2935 et
539 2879 796 2947 Audacti,
832 2879 1149 2938 Gaudentite
1169 2883 1396 2955 virginis
1424 2898 1548 2940 cum
1579 2883 1806 2955 reliquis
1842 2883 2037 2948 tribus,

459 2979 513 3026 et
546 2971 810 3042 depositio
834 2972 974 3043 Agili
1015 2973 1252 3028 abbatis.

2137 1795 2315 1868 Syria,
2342 1794 2597 1852 Antonini
2626 1796 2780 1866 pueri
2809 1812 3075 1851 annorum
3119 1798 3327 1868 viginti,
3353 1806 3408 1853 et
3446 1797 3720 1852 Aristonis

2134 1889 2370 1960 episcopi
2387 1929 2404 1953 ,
2436 1897 2493 1944 et
2513 1889 2569 1944 in
2595 1889 2813 1954 Caudis,
2841 1889 3112 1945 Vitaliani.

2203 1981 2249 2037 ll
2273 1981 2409 2038 Non.
2437 1982 2497 2037 In
2524 1982 2659 2038 urbe
2682 1981 3026 2039 Cabilonensi
3053 1980 3232 2037 natale
3280 1981 3454 2035 sancti
3480 1979 3719 2035 Marcelli

2136 2072 2391 2143 martyris
2411 2113 2426 2137 ,
2451 2072 2544 2143 qui
2572 2073 2675 2127 sub
2699 2072 2975 2128 Antonino
3003 2072 3332 2143 imperatore
3350 2085 3450 2141 per
3473 2070 3720 2127 Priscum

2135 2162 2421 2232 praesidem
2443 2176 2636 2231 passus
2656 2168 2759 2218 est.
2787 2158 2924 2216 Nam
2946 2175 3070 2217 cum
3098 2159 3263 2217 nollet
3293 2161 3433 2216 idola
3468 2161 3718 2226 adorare,

2137 2251 2509 2322 multipliciter
2551 2250 2924 2321 torquebatur.
2959 2248 3192 2306 Sanctus
3236 2264 3369 2320 ergo
3416 2256 3623 2320 martyr
3665 2248 3723 2303 in

2138 2346 2322 2398 animo
2346 2342 2554 2398 caelesti
2583 2342 2781 2397 virtute
2808 2341 3116 2407 roboratus,
3148 2340 3445 2396 secundum
3467 2340 3585 2396 loca
3607 2340 3724 2397 ide-

2136 2430 2335 2496 lorum,
2358 2430 2433 2485 ita
2451 2438 2509 2486 et
2534 2430 2794 2509 supplicia
2818 2429 3206 2496 commutabat,
3228 2430 3474 2500 equuleis
3499 2438 3728 2487 extensa

2139 2520 2382 2577 membra
2418 2530 2732 2576 catenarum
2766 2521 3001 2576 stridere
3025 2519 3212 2586 laniat,
3247 2520 3450 2592 ignium
3478 2518 3726 2591 glebibus

2141 2609 2253 2682 (Ita
2280 2609 2404 2681 ms.)
2435 2611 2566 2675 urit,
2587 2618 2645 2665 et
2665 2609 2941 2666 dissolutis
2975 2609 3171 2665 ictibus
3196 2617 3349 2665 artus
3383 2616 3575 2665 exusta
3599 2623 3726 2665 cer-

2139 2699 2289 2770 poris
2315 2699 2584 2755 elementa
2608 2698 2911 2770 jungebant
2939 2717 2953 2755 :
3000 2699 3097 2756 sed
3124 2688 3327 2756 athleta
3363 2699 3724 2766 fortissimus,

2141 2790 2381 2848 auctoris
2409 2791 2492 2846 sui
2518 2789 2646 2847 Jesu
2671 2790 2874 2847 Christi
2899 2790 3043 2847 intra
3076 2792 3285 2848 viscera
3323 2792 3565 2848 retinens
3595 2806 3727 2862 pas-

2142 2883 2370 2950 sionem,
2400 2883 2717 2955 gleriosiere
2743 2883 3040 2940 certamine
3072 2884 3471 2953 triumphabat,
3501 2891 3558 2940 et
3585 2884 3728 2940 anti-

2143 2993 2304 3047 quam
2320 2976 2480 3032 fidem
2500 2985 2889 3033 tormentorum
2901 2977 3115 3033 novitas
3135 2985 3345 3032 mutare
3367 2994 3475 3033 non
3488 2986 3726 3049 poterat.

529 3063 574 3117 ιι
600 3063 737 3118 ΚΜ..
776 3063 1017 3119 Treviris
1041 3064 1306 3134 depositio
1357 3064 1534 3119 sancti
1558 3063 1770 3119 Paulini
1800 3063 2042 3135 episcopi
2069 3046 2114 3109 (ἶ
2146 3046 2262 3123 Hoc
2288 3080 2504 3137 semper
2542 3066 2715 3137 iniqui
2764 3067 3129 3137 persecutoris
3176 3046 3588 3139 interrogati—oni
3637 3082 3729 3124 re-

461 3165 517 3213 et
541 3156 887 3222 confessoris,
914 3158 1150 3227 quicum
1175 3171 1275 3227 pro
1300 3156 1406 3213 fide
1431 3156 1697 3213 catholica
1723 3172 1756 3211 a
1784 3156 2047 3213 Constan-

462 3248 539 3303 tie
564 3246 888 3319 imperatore
911 3247 1020 3303 filio
1045 3247 1383 3304 Constantini
1406 3248 1690 3304 exsiliatus
1710 3246 1922 3315 fuisset,
1940 3248 2044 3304 ibi-

462 3340 588 3395 dem
615 3338 899 3410 requievit.

941 3473 1562 3554 SEPTEMBEB.

538 3606 673 3663 ΚΑΙ..
702 3606 975 3665 Serrana.
1001 3606 1406 3666 Cennemannis
1425 3609 1644 3665 civitate
1659 3607 1848 3664 Galliae
1867 3607 2048 3663 natale

469 3698 704 3756 Victoris
736 3698 1007 3773 [Victorii]
1038 3701 1295 3771 episcopi.
1326 3700 1462 3756 Nam
1492 3702 1620 3757 dum
1657 3710 1879 3756 sanctus
1908 3699 2049 3754 Mar-

415 3836 421 3842 .
470 3790 618 3845 tinus
648 3790 978 3845 Turonensis
1006 3791 1290 3861 episcopus
1318 3791 1560 3862 perrexit
1582 3791 1651 3846 ad
1680 3791 2048 3862 sepeliendum

470 3879 781 3952 Leporium,
808 3882 1119 3952 pontificem
1144 3883 1469 3954 supradicta:
1514 3883 1684 3950 urbis,
1714 3892 1768 3939 et
1807 3883 2049 3941 venisset

473 3972 543 4027 ad
562 3971 815 4042 oppidum
830 4011 846 4039 ,
875 3973 1169 4043 respiciens
1190 3974 1327 4030 vidit
1350 3975 1623 4031 hominem
1652 3984 1966 4047 operantem
1994 3976 2049 4031 in

472 4062 651 4128 vinea,
676 4070 903 4133 eratque
921 4061 1172 4129 clericus,
1196 4063 1509 4120 subdiaconi
1527 4062 1757 4120 ellicium
1779 4066 2009 4136 adeptus
2032 4084 2046 4119 :

472 4153 877 4223 revelatumque
899 4161 983 4209 est
1008 4162 1195 4210 sancte
1226 4156 1319 4209 Dei
1342 4171 1408 4211 eo
1442 4157 1586 4227 quod
1612 4157 1728 4227 ipse
1751 4166 1896 4214 esset
1924 4173 2049 4214 suc-

474 4261 726 4301 cessurus
770 4246 823 4301 in
869 4246 1227 4317 episcepalem
1269 4246 1443 4304 locum
1489 4251 1856 4319 :voeavitqne
1900 4248 2051 4304 illum

475 4347 696 4393 sanctus
725 4336 987 4392 Martinus
1015 4338 1083 4391 ad
1118 4353 1178 4394 se
1221 4338 1407 4395 dicens
1450 4339 1523 4394 illi
1570 4358 1584 4394 :
1617 4359 1636 4391 ‹
1667 4340 1901 4396 Benedic
1929 4355 2050 4406 me,

474 4426 689 4481 domine
720 4425 923 4482 Victor.
966 4445 985 4479 ι
1020 4426 1117 4482 Cui
1148 4426 1280 4483 ille:
1317 4445 1336 4479 ι
1373 4427 1612 4484 Benedic
1639 4435 1697 4482 tu
1744 4428 1909 4493 mihi,
1954 4429 2052 4484 do-

407 4498 423 4516 ’
476 4517 622 4571 mine
648 4516 744 4581 mi,
786 4526 840 4571 et
880 4517 1194 4573 benedictus
1217 4532 1399 4574 sermo
1426 4526 1568 4574 tuus.
1600 4539 1618 4572 ι
1664 4518 1862 4590 Sicque
1897 4516 2055 4587 jussu

476 4605 649 4661 sancti
675 4604 780 4660 viri
807 4613 1026 4660 secutus
1067 4613 1150 4661 est
1175 4621 1324 4672 eum,
1353 4622 1537 4676 quem,
1562 4616 1856 4664 convocata
1898 4607 2057 4678 plebe

476 4705 639 4764 atque
696 4696 999 4751 coadunata
1028 4736 1044 4761 ,
1099 4696 1373 4752 ordinavit
1422 4698 1732 4769 episcopum
1763 4740 1779 4766 ,
1831 4699 2057 4770 ejusque

477 4781 667 4849 filium,
704 4784 1036 4840 Victorinum
1072 4787 1310 4855 nomine,
1338 4788 1650 4858 baptizavit,
1682 4799 1739 4847 et
1780 4805 1963 4848 secum
1988 4793 2057 4848 ad

479 4873 821 4928 nutriendum
853 4874 921 4930 ad
948 4874 1043 4930 Dei
1065 4876 1345 4931 servitium
1373 4878 1494 4933 tulit
1521 4892 1536 4931 :
1566 4894 1724 4949 quem
1747 4881 1910 4936 etiam
1935 4889 2057 4951 pest

479 4962 684 5018 obitum
709 4965 877 5034 patris
914 4964 1149 5022 defuncti
1177 4968 1355 5024 eidem
1398 4969 1609 5039 civitati
1643 4972 1910 5027 ordinavit
1940 4973 2040 5041 epi-

480 5066 722 5124 scopum.

550 5144 618 5200 lV
647 5145 780 5202 Non.
816 5147 1075 5218 Lugdune
1105 5148 1290 5206 Galliae
1321 5151 1584 5223 depositio
1639 5153 1773 5210 Justi
1822 5156 2059 5226 episcopi

478 5243 535 5289 et
561 5235 885 5292 confessoris
919 5255 935 5305 ;
972 5255 1094 5293 cum
1125 5249 1245 5310 post
1290 5242 1632 5298 diaconatum
1663 5246 1890 5301 antistes
1915 5245 2063 5301 erdi-

480 5335 638 5382 natus
659 5338 764 5394 est,
781 5338 929 5384 tanta
948 5332 1198 5401 puritate,
1219 5334 1504 5400 modestia,
1531 5336 1752 5406 pietate,
1780 5336 2060 5407 patientia,

479 5432 577 5488 per
602 5421 802 5478 multos
839 5423 979 5478 rexit
1019 5439 1208 5488 annos,
1243 5434 1388 5481 tanta
1414 5427 1561 5482 circa
1604 5443 1870 5499 pauperes
1896 5444 2060 5495 cura,

481 5517 631 5565 tanta
659 5513 960 5570 divinorum
994 5518 1367 5573 mandatorum
1396 5519 1760 5586 observantia,
1797 5530 1855 5576 ut
1896 5522 2062 5576 etiam

481 5604 797 5674 magnificos
825 5615 986 5676 atque
1022 5616 1341 5677 praestantes
1366 5610 1487 5666 illos
1517 5612 1727 5668 Domini
1753 5613 2064 5671 sacerdotes

2147 3157 2437 3226 spondens,
2465 3155 2582 3211 ﬁeri
2605 3170 2947 3225 nequaquam
2966 3171 3127 3226 posse
3149 3166 3208 3212 ut
3234 3158 3326 3228 qui
3350 3158 3521 3214 Deum
3551 3158 3731 3213 vivum

2145 3245 2721 3313 sensihuerecepisset,
2747 3258 2878 3300 saxa
2896 3260 3058 3301 sensu
3076 3248 3317 3302 carentia
3335 3256 3430 3301 aut
3443 3247 3732 3303 simulacra

2148 3335 2452 3391 daemonum
2477 3333 2761 3401 aderaret;
2792 3349 2954 3405 quem
2978 3335 3344 3404 nequissimus
3367 3351 3585 3406 praeses,
3609 3352 3733 3392 cum

2146 3425 2202 3481 in
2223 3425 2501 3496 suppliciis
2521 3424 2907 3482 divinifavoris
2918 3426 3092 3498 gratia
3102 3427 3410 3485 adverteret
3431 3427 3732 3486 fortiorem.

2148 3517 2390 3573 inaudito
2456 3517 2792 3574 crudelitatis
2835 3519 3124 3590 exemplo,
3172 3519 3292 3591 plus
3342 3536 3505 3590 quam
3552 3521 3735 3577 furere

2148 3609 2516 3679 persecutoris
2561 3609 2837 3666 insaniens
2861 3649 2878 3676 ,
2935 3609 3114 3666 defodi
3165 3625 3292 3666 eum
3333 3611 3551 3682 cingulo
3580 3619 3738 3670 tenus

2141 3698 2344 3770 jussit,
2372 3700 2468 3755 sed
2513 3699 2693 3757 triduo
2735 3700 2789 3755 in
2829 3700 3081 3757 laudibus
3107 3700 3310 3757 Christi
3351 3704 3740 3774 omnipotentis

2149 3790 2362 3849 Domini
2391 3806 2457 3847 ac
2484 3792 2579 3848 Dei
2606 3792 2690 3848 sui
2715 3807 2812 3849 ore
2838 3802 2895 3848 et
2933 3808 3119 3849 amere
3148 3795 3446 3864 perdurans
3465 3835 3481 3861 ,
3517 3795 3739 3851 interim

2149 3885 2313 3941 terris
2351 3885 2594 3941 membra
2625 3892 2841 3942 terrena
2886 3890 3295 3955 commendans,
3321 3889 3571 3959 spiritum
3608 3904 3736 3946 san-

2150 3983 2298 4030 ctum
2325 3975 2508 4031 emisit
2530 3976 2597 4030 ad
2623 3975 2811 4032 caelos.

2223 4066 2408 4123 NONIS.
2440 4067 2499 4123 ln
2538 4076 2695 4138 portu
2721 4067 2909 4124 Roma:
2940 4068 3120 4126 natale
3151 4070 3407 4136 Taurini,
3447 4071 3739 4127 Eraculani

2153 4157 2516 4232 [Herculani],
2546 4167 2603 4214 et
2624 4159 2678 4213 in
2712 4158 3038 4216 Alexandria
3055 4200 3072 4225 ,
3096 4159 3325 4232 Nymphi
3353 4168 3410 4216 et
3438 4162 3741 4226 Saturnini,

2151 4262 2207 4310 et
2232 4253 2498 4324 depositio
2522 4252 2664 4309 beati
2688 4253 2908 4326 ingenui
2935 4254 3173 4323 episcopi
3197 4294 3214 4319 ,
3253 4261 3308 4308 et
3332 4253 3384 4307 in
3409 4252 3705 4324 Campania
3725 4294 3741 4318 ,

2157 4346 2361 4415 Quinti.
2390 4345 2449 4400 In
2475 4344 2683 4411 Galliis,
2714 4346 2933 4401 civitate
2952 4344 3301 4409 Vesontione,
3324 4343 3506 4399 natale
3526 4352 3746 4399 sancte-

2157 4452 2279 4492 rum
2306 4435 2545 4492 Ferreoli
2574 4443 2630 4491 et
2654 4434 3006 4490 Ferrutienis.

2231 4528 2345 4585 Vill
2394 4529 2472 4583 In.
2506 4527 2782 4582 Zachariae
2809 4527 3104 4597 prophetae.
3153 4526 3340 4582 Remte
3368 4527 3452 4582 via
3499 4525 3743 4590 Salaria,

2160 4618 2410 4676 milliario
2462 4618 2533 4673 ab
2591 4615 2739 4673 Urbe
2788 4617 3274 4687 quinquagesimo,
3337 4617 3518 4672 natale
3570 4619 3745 4673 sancti

2162 4709 2459 4766 Eleutherii
2480 4708 2739 4779 episcopi.
2763 4708 2820 4763 In
2838 4708 3109 4763 territorio
3127 4708 3502 4780 Cappadociae,
3524 4710 3748 4766 civitate

2163 4799 2453 4862 Ructensi,
2504 4797 2684 4852 natale
2731 4797 2902 4852 sancti
2933 4796 3135 4852 Cuttidi
3194 4796 3458 4871 [Cottidi],
3519 4800 3745 4871 Eugenii

2162 4891 2397 4961 episcopi
2421 4898 2478 4945 et
2505 4890 2775 4944 sociorum
2810 4888 2944 4956 ejus.

2241 4982 2327 5036 νη
2370 4981 2446 5036 In.
2477 4979 2667 5035 Natale
2711 4980 2885 5035 sancti
2928 4979 3240 5036 Cliledoaldi
3287 4981 3631 5037 confessoris.
3687 4981 3746 5036 In

2164 5070 2457 5141 Campania
2474 5069 2650 5125 natale
2670 5069 2988 5133 Innocentii,
3011 5080 3067 5125 et
3085 5071 3138 5125 in
3159 5070 3465 5127 Benevento
3482 5069 3748 5135 Januarii,

2169 5160 2335 5225 Festi,
2361 5160 2549 5223 Acuti,
2573 5169 2628 5213 et
2656 5160 2828 5214 sancti
2861 5158 3048 5230 Syneti
3101 5170 3155 5215 e't
3191 5160 3472 5215 Desiderii.
3502 5158 3745 5227 Arelate,

2168 5248 2355 5306 Gallire
2404 5250 2657 5313 civitate,
2710 5250 2889 5305 natale
2917 5250 3087 5312 sancti
3128 5248 3436 5318 Augustalis
3482 5250 3744 5322 episcopi.

2166 5341 2473 5396 Aurelianis
2499 5339 2722 5421 civitate
2743 5341 2915 5395 sancti
2945 5340 3151 5393 Evertii
3173 5339 3413 5409 episcopi
3448 5349 3504 5395 et
3531 5341 3743 5396 confes-

2168 5433 2327 5500 soris,
2358 5433 2448 5502 qui
2499 5441 2621 5502 post
2649 5433 2993 5487 Desinianum
3028 5430 3197 5501 ipsius
3236 5430 3492 5486 Ecclesia:
3539 5433 3749 5502 episce-

2167 5533 2350 5596 patutn
2380 5525 2610 5589 meruit;
2644 5526 2735 5595 qui
2779 5524 2941 5579 etiam
2965 5523 3150 5578 divine
3183 5530 3316 5577 nutu
3353 5538 3452 5593 per
3487 5523 3753 5580 columbae

2167 5615 2403 5686 speciem
2450 5614 2686 5686 Spiritus
2731 5614 2904 5672 sancti
2957 5614 3221 5671 electione
3270 5616 3339 5673 ad
3382 5624 3749 5690 episcopatum
