4028 6196
416 289 452 340 τᾶ
473 289 563 343 ίὸἹ

1095 291 1154 344 Β.
1199 289 1446 345 RABANI
1482 289 1699 345 MAURI
1739 289 2052 346 ARCHIEP.
2094 291 2401 350 MOGUNT.
2439 293 2723 352 OPERUM
2760 297 2942 355 PARS
2979 298 3044 355 Π.

3549 307 3682 366 1168

421 404 826 476 percipiendum
851 405 1042 475 dignus
1069 411 1318 459 ostensus
1341 412 1442 467 est,
1474 404 1610 459 sicut
1639 404 1691 457 in
1727 401 1846 456 Vita
1887 401 2003 471 ejus
2029 408 2075 467 Α
2104 401 2362 470 Januarii,
2419 420 2518 478 pro
2553 407 2752 462 Christi
2799 413 3018 468 nomine
3053 428 3212 484 passa
3232 455 3250 481 ,
3281 431 3404 472 cum
3436 424 3683 496 martyrii

429 495 793 564 conscriptum
821 494 1034 565 legitur.
1065 493 1163 548 llic
1195 493 1356 547 nubiii
1402 501 1456 548 et
1483 501 1670 569 saneta
1711 506 1998 548 conversa-

431 588 577 641 tione
598 587 712 641 dies
738 601 862 640 suos
885 584 1191 655 complevit,
1221 593 1274 640 et
1303 584 1581 638 miraculis
1608 585 1830 649 claruit,
1857 584 1999 653 ipse-

428 691 533 747 que
581 679 722 734 diem
765 678 943 734 obitus
987 677 1070 733 sui
1116 692 1213 746 per
1243 677 1625 734 revcialiormm
1662 693 1998 748 agnoscens,

427 774 676 823 sanctum
703 767 1008 822 Annianum
1054 767 1362 838 episeniaim
1391 770 1655 830 intutum,
1689 783 1756 821 ne.
1805 767 2000 822 seditio

429 863 483 915 in
539 857 733 927 populo
759 857 1013 922 oriretur,
1065 858 1346 928 pmelegit,
1395 859 1584 929 sicque
1629 857 1698 912 ad
1724 860 1998 912 caelestem

425 949 652 1018 gloriam
674 947 940 1002 transivit.
974 946 1164 1001 ιῈιὶαςιι
1189 948 1478 1003 civitatein
1505 949 1711 1008 Galliis,
1743 947 1863 1002 loco
1888 948 2002 1002 Ali-

428 1039 604 1103 siam,
654 1036 834 1093 natale
857 1050 1059 1092 sanettn
1093 1035 1313 1107 Regium
1336 1039 1595 1111 martyris
1618 1081 1633 1105 ,
1661 1037 1814 1106 cujus
1853 1046 2000 1110 gesta

421 1127 718 1182 habentur.

499 1218 564 1272 Vl
593 1217 666 1273 lo.
703 1217 892 1272 Natale
918 1227 1120 1274 sanctae
1148 1218 1242 1274 Dei
1627 1218 1696 1274 Et
1743 1217 1800 1272 in
1838 1216 1998 1271 Nico-

414 1312 627 1375 media,
653 1311 827 1365 sancti
850 1309 1068 1365 Adriani
1096 1311 1352 1381 martyris
1377 1325 1501 1366 cum
1541 1309 1662 1364 aliis
1687 1309 1876 1380 viginti
1900 1307 2000 1361 tri-
2053 1341 2068 1349 -

429 1402 556 1465 bus;
582 1411 635 1455 et
660 1401 710 1454 in
736 1399 1058 1454 suburbanis
1079 1400 1529 1471 alogimtiaeensis
1543 1400 1797 1455 Ecclesiae
1817 1398 2000 1454 natale

403 1494 599 1547 sancti
626 1493 887 1546 Disihothi
909 1491 1260 1547 confessoris.

496 1585 540 1635 V
565 1585 641 1639 in.
668 1585 869 1648 lterum,
888 1582 1144 1653 Gorgonii
1166 1581 1427 1651 martyris
1447 1588 1501 1634 et
1521 1579 1764 1645 Candidi,
1790 1579 1995 1652 Cyrini,

429 1677 744 1739 Domiciani,
796 1675 1037 1736 Eunoici,
1072 1673 1316 1737 Sisinnii,
1344 1673 1601 1728 Erachilii
1625 1713 1640 1738 ,
1685 1671 1996 1735 Alexandri,

2101 508 2299 550 corona
2331 497 2582 567 migravit
2609 499 2674 551 ad
2701 499 3004 556 Dominum.

2172 581 2213 637 η
2237 582 2315 638 in.
2351 585 2405 638 In
2434 584 2718 640 Antiochia
2750 590 2928 644 natale
2956 589 3246 659 Timothei,
3272 598 3402 651 etin
3453 600 3683 672 Pampa-

2095 671 2171 729 lia
2200 672 2408 746 (Forte,
2439 675 2773 749 Pamphylia)
2805 681 2984 734 natale
3015 680 3157 752 Syri,
3187 695 3240 738 et
3287 686 3339 740 in
3389 689 3568 745 Sicilia
3588 671 3679 748 ici-

2097 764 2268 821 vitate
2332 765 2576 822 Catinena
2639 766 2890 841 [Catana]
2947 771 3123 825 natale
3188 773 3361 844 Eupli.
3424 777 3682 848 Lugdune

2098 854 2321 913 civitate
2343 857 2608 928 depositio
2649 860 2792 915 beati
2836 859 3146 918 Sacerdotis
3176 867 3432 938 episcopi.
3462 869 3520 922 ιιι
3550 870 3680 924 Gal-

2097 943 2218 1012 liis,
2261 946 2482 1004 civitate
2527 947 2934 1020 Augustoduno,
2972 951 3236 1023 depositio
3280 957 3424 1012 beati
3465 959 3680 1018 Evantii

2098 1034 2356 1107 episcopi.

2169 1123 2244 1179 lo.
2295 1123 2357 1180 In
2398 1123 2592 1195 Gallia,
2632 1127 2852 1185 civitate
2876 1129 3140 1200 Turonis,
3169 1135 3433 1205 depositio
3475 1138 3678 1197 Lidorii

2099 1212 2357 1286 episcopi.

2170 1305 2332 1362 XVIII
2355 1306 2490 1363 ΚΑι.
2513 1307 2719 1365 Ocrea.
2755 1310 2948 1367 Sancti
2992 1311 3225 1370 Cornelii
3269 1319 3542 1387 episcopi,
3589 1322 3678 1375 cui

2095 1397 2272 1467 primo
2295 1412 2360 1453 os
2381 1414 2501 1454 cuni
2525 1400 2814 1471 plumbatis
2837 1419 3057 1470 cmsum,
3082 1415 3136 1460 et
3158 1388 3236 1461 sic
3279 1409 3572 1465 decollatus
3595 1420 3680 1465 est

2095 1503 2222 1543 cum
2247 1488 2370 1544 aliis
2397 1491 2585 1562 viginti
2629 1508 2738 1547 uno
2784 1494 3080 1563 promiscui
3109 1511 3299 1560 sexus,
3347 1507 3401 1552 et
3443 1498 3681 1553 Cerealis

2101 1579 2256 1636 miles
2283 1595 2404 1635 cum
2455 1597 2622 1637 uxore
2651 1598 2747 1637 sua
2777 1583 3029 1638 Sallustia
3051 1627 3065 1649 ,
3097 1602 3257 1655 quam
3297 1586 3579 1643 Cornelius
3609 1592 3679 1641 ab

2103 1670 2419 1726 inﬁrmitate
2441 1681 2746 1727 sanavcrat.
2779 1674 2976 1729 Passus
2998 1677 3096 1730 sub
3125 1677 3289 1732 Decio
3329 1697 3342 1730 :
3376 1679 3462 1732 hic
3485 1678 3681 1734 Come-

411 1767 663 1831 ‘Joannis,
691 1766 918 1830 Claudii,
947 1765 1246 1829 Athanasii,
1279 1763 1541 1829 Valentis,
1564 1763 1759 1829 Eliani,
1782 1762 1996 1828 Melicii,
2029 1741 2073 1801 Β
2103 1761 2206 1816 lius
2253 1763 2584 1833 temporibus
2641 1765 2751 1820 suis
2799 1776 3016 1836 rogatus
3057 1784 3086 1822 a
3136 1771 3366 1837 quadam
3433 1779 3680 1824 matrona

422 1857 660 1923 'Ecdicii,
711 1856 926 1921 Acacii,
969 1854 1213 1916 Jubiani,
1240 1854 1436 1918 Eiiani,
1465 1853 1746 1918 Theoduli,
1782 1851 1998 1923 Cyrilli,

424 1949 615 2015 Flavii,
667 1947 967 2012 Severiani,
999 1945 1217 2010 Valerii,
1257 1945 1560 2001 'Chudionis
1585 1986 1598 2011 ,
1652 1943 1997 2010 Sacerdonis,

429 2043 622 2108 Prisci,
647 2043 852 2108 Evacii,
876 2040 1606 2106 Juvenalisfbiloctimonis,
1626 2038 1758 2104 Etii,
1777 2037 1998 2102 Micalli,

425 2134 755 2207 Lysimachi,
781 2133 1081 2204 Theophili,
1108 2131 1330 2195 Euticii,
1359 2130 1610 2195 Xanthii,
1634 2128 1999 2201 Aggii,~'Leon-

427 2227 509 2290 tii,
533 2225 723 2288 lnsitii,
747 2222 892 2288 Gaii,
936 2221 1198 2276 Basilidis.
1238 2219 1305 2274 Hi
1327 2234 1523 2275 omnes
1559 2218 1723 2274 simul
1763 2217 1997 2288 quadra-

424 2314 575 2385 ginta
603 2312 750 2382 passi
792 2319 916 2366 sunt
945 2309 1282 2382 temporibus
1327 2308 1516 2363 Licinii
1560 2308 1904 2376 imperatoris
1945 2317 2001 2362 et

424 2405 694 2476 Agricolai
751 2403 991 2474 praesidis
1015 2442 1031 2466 ,
1080 2410 1135 2456 et
1158 2401 1334 2472 Lysiae
1375 2399 1546 2454 ducis.
1575 2397 1779 2452 'Eodeni
1811 2397 1897 2452 die
1939 2398 1998 2452 in

401 2497 644 2552 iSabinis
676 2495 856 2566 passio
889 2493 1192 2549 celebratur
1215 2490 1448 2548 Jacinthi
1473 2488 1685 2543 diaconi
1717 2497 1771 2540 et
1792 2495 1998 2558 marty-

423 2589 519 2654 ris,
548 2588 639 2659 qui
669 2601 699 2642 a
733 2586 967 2642 Luxurio
987 2593 1335 2656 persecutore
1353 2581 1590 2637 traditus
1619 2587 1701 2635 est
1731 2578 1996 2635 consulari

425 2683 664 2738 Leontio.
714 2680 816 2736 liic
861 2696 982 2735 cum
1034 2695 1139 2734 non
1186 2686 1371 2750 posset
1416 2691 1538 2730 eum
1573 2673 1895 2743 compellere
1940 2680 2000 2726 ut

404 2774 758 2829 sacriﬁcaret
785 2773 957 2836 idolis,
976 2771 1127 2826 misit
1150 2771 1202 2825 in
1221 2768 1534 2840 ignem,qui
1577 2767 1757 2822 statim
1797 2765 1999 2819 exstin-

423 2873 512 2918 tus
540 2871 654 2928 est;
695 2871 884 2932 postea
911 2863 1063 2916 misit
1105 2875 1228 2914 cum
1257 2860 1313 2913 in
1346 2872 1541 2927 aquam
1559 2897 1575 2922 ,
1611 2856 1706 2910 sed
1735 2869 1900 2908 sanus
1929 2853 1997 2907 ad

425 2955 572 3009 littus
619 2953 879 3007 reductus
919 2963 1022 3006 est.
1069 2949 1339 3004 Luxurias
1363 2962 1491 3001 vero
1514 2962 1641 3000 cum
1688 2960 1718 2997 a
1749 2951 1998 3013 serpente

423 3059 729 3115 percussus,
753 3042 905 3111 juxta
927 3040 1069 3109 quod
1097 3046 1315 3092 sanctos
1339 3037 1420 3090 vir
1443 3036 1494 3088 ei
1524 3034 1874 3102 praedixerat,
1893 3040 1992 3084 tu-

425 3137 598 3190 midus
622 3135 680 3188 in
709 3134 792 3186 via
819 3132 1024 3201 iaceret
1049 3140 1075 3180 ':
1105 3141 1232 3180 nam
1261 3139 1486 3194 serpens
1513 3137 1632 3176 cum
1659 3120 1809 3190 juxta
1838 3120 1993 3174 arbo-

423 3241 536 3279 rem
562 3223 884 3293 praeteriret,
913 3218 1108 3275 cecidit
1149 3230 1249 3285 pcr
1278 3224 1440 3284 caput
1467 3213 1584 3284 eius
1611 3213 1754 3266 inter
1791 3209 1990 3265 collum

423 3324 476 3370 et
498 3315 750 3384 capitium
769 3312 989 3376 tunicae,
1004 3309 1149 3364 etsic
1163 3308 1216 3362 in
1229 3315 1474 3361 ventrem
1499 3304 1714 3373 irrupit.
1740 3303 1989 3356 Attamen

423 3406 511 3460 ille
541 3403 734 3473 impius
751 3401 911 3473 iussit
935 3398 1204 3455 consulari
1233 3395 1461 3451 Leontio
1490 3403 1549 3448 ut
1569 3391 1847 3462 capitalem
1871 3406 1992 3444 scn-

421 3494 644 3549 tentiam
667 3499 852 3547 sancte
877 3487 1102 3560 martyri
1127 3485 1373 3541 interret.
1406 3481 1604 3553 Sicque
1628 3494 1825 3537 corona
1849 3493 1993 3533 mar-

422 3584 543 3654 tyrii
581 3591 807 3636 sanctus
835 3580 920 3634 vir
950 3577 1208 3649 migravit
1235 3575 1302 3628 ad
1333 3575 1634 3628 Dominum.

491 3674 558 3728 IV
587 3673 660 3727 In.
718 3672 902 3725 Romae
944 3669 1207 3739 depositio
1257 3665 1423 3720 Hilari
1465 3680 1659 3734 papze,
1690 3677 1788 3732 per
1827 3676 1990 3731 quem

420 3763 690 3818 Victorius
713 3761 967 3818 Ordinem
997 3757 1305 3828 paschalem
1325 3753 1659 3823 conscripsit.
1675 3753 1878 3808 Eodem
1903 3751 1991 3806 die

420 3853 682 3922 depositio
723 3851 894 3906 sancti
927 3848 1090 3903 Salvii
1120 3847 1390 3916 episcopi,
1421 3845 1484 3899 de
1507 3842 1664 3911 cujus
1700 3842 1991 3898 sanctitate

417 3943 710 4012 Gregorius
758 3938 1088 3995 Turonensis
1133 3938 1418 4006 episcopus
1468 3935 1710 4004 scripsit,
1761 3945 1990 3988 narrans

420 4032 558 4100 quod
594 4046 690 4100 per
725 4028 1105 4084 revelationem
1138 4026 1394 4088 vidisset,
1421 4024 1613 4079 divinae
1637 4023 1991 4092 vocis'evagi-

422 4127 604 4176 natum
653 4118 887 4188 gladium
916 4115 1198 4171 imminere
1226 4131 1388 4186 super
1417 4113 1656 4184 regulum
1687 4113 1800 4184 (Sic
1837 4114 1985 4185 ιη),

419 4213 559 4283 quod
589 4209 890 4282 Hilpericus
911 4221 1008 4262 rex
1033 4207 1194 4277 jussit
1221 4208 1481 4262 construi.
1503 4205 1618 4260 Cur
1637 4205 1828 4258 visioni
1854 4206 1986 4259 veri-

420 4315 501 4358 tas
553 4301 734 4357 statim
775 4308 962 4354 secuta
1005 4306 1112 4352 est.
1144 4295 1274 4351 Nam
1323 4305 1447 4366 post
1472 4297 1588 4351 dies
1622 4295 1808 4366 viginti
1856 4296 1990 4362 duos

360 4415 367 4427 -
419 4392 512 4446 lilii
543 4391 682 4461 regis
711 4391 763 4445 in
795 4390 982 4445 eadem
1013 4389 1176 4443 domo
1201 4387 1452 4442 obierunt

2095 1849 2305 1906 Lucina
2331 1867 2557 1923 corpora
2597 1856 2962 1924 apostolorum
2991 1857 3132 1912 beati
3173 1858 3322 1914 Petri
3355 1868 3408 1913 et
3436 1859 3589 1914 Pauli
3615 1862 3681 1914 de

2100 1943 2449 1997 catacumbas
2479 1941 2681 1997 levavit
2721 1953 2884 1999 noctu
2921 1963 2933 1998 :
2967 1947 3197 2014 primum
3237 1947 3457 2016 quidem
3485 1963 3681 2016 corpus

2099 2030 2242 2086 beati
2265 2031 2421 2086 Pauli
2447 2033 2600 2087 beata
2626 2033 2829 2088 Lucina
2880 2038 3089 2106 accepit
3111 2045 3164 2091 et
3189 2038 3371 2107 posuit
3395 2039 3447 2092 in
3478 2039 3680 2109 pnedio

2101 2136 2201 2178 suo
2227 2123 2314 2178 via
2346 2122 2583 2179 Ostiensi
2609 2124 2675 2178 ad
2707 2125 2866 2189 latus,
2901 2128 2992 2181 ubi
3034 2128 3328 2182 decollatus
3357 2128 3459 2183 fuit
3490 2149 3502 2183 :
3539 2131 3680 2185 beati

2100 2213 2390 2270 ‘eroPetri
2411 2229 2607 2286 corpus
2634 2215 2826 2272 beatus
2840 2218 3128 2274 Cornelius
3145 2221 3351 2290 accepit
3370 2221 3677 2291 episcopus,

2096 2316 2155 2358 et
2173 2305 2359 2374 posuit
2393 2303 2549 2372 juxta
2581 2305 2756 2360 locum
2787 2307 2876 2361 ubi
2910 2309 3196 2364 cruciﬁxus
3235 2319 3349 2374 est,
3394 2311 3539 2365 inter
3563 2328 3681 2366 cor-

2105 2410 2236 2464 pora
2271 2405 2580 2450 sanctorum
2607 2397 2659 2450 in
2689 2398 2886 2467 templo
2911 2398 3166 2468 Apollinis
3196 2400 3249 2453 in
3273 2411 3456 2456 monte
3480 2403 3676 2457 Aureo.

2093 2485 2154 2538 in
2186 2484 2443 2541 Vaticano
2475 2486 2659 2556 palatii
2691 2487 3016 2551 Neroniani,
3062 2506 3117 2542 ιιι
3145 2491 3261 2544 Kal.
3289 2491 3436 2546 Julii.
3479 2493 3678 2548 Eodem

2103 2569 2192 2624 die
2205 2569 2389 2624 natale
2412 2572 2587 2625 sancti
2608 2572 2861 2643 Cypriani
2878 2575 3130 2644 episcopi,
3159 2579 3247 2645 qui
3275 2580 3374 2632 sub
3397 2580 3679 2635 Valeriano

2093 2659 2346 2731 principe
2360 2670 2489 2731 post
2519 2660 2734 2732 longum
2766 2665 3013 2719 exsilium
3047 2668 3460 2722 detruncatione
3487 2670 3677 2738 capitis

2097 2750 2421 2820 martyrium
2452 2754 2882 2818 consummavit,
2916 2766 3070 2808 sexto
3099 2757 3350 2828 milliaria
3379 2774 3407 2810 a
3451 2758 3675 2812 Cartha-

2090 2837 2221 2907 gine
2238 2835 2394 2904 juxta
2426 2854 2597 2893 mare.
2627 2841 2693 2894 Et
2720 2843 2982 2910 depositio
3015 2845 3183 2898 sancti
3215 2844 3442 2900 Materni
3469 2848 3677 2916 episco-

2101 2927 2178 2995 pi.
2211 2927 2412 2982 Eodem
2437 2928 2528 2984 die
2558 2931 2811 2985 exaltatio
2835 2942 2920 2986 est
2947 2942 3146 2987 sancta:
3178 2935 3374 2988 crucis.

2165 3017 2302 3070 XVII
2329 3017 2462 3072 ΚΑΙ..
2485 3018 2671 3074 Passio
2702 3020 3005 3077 Nicomedis
3046 3023 3339 3093 martyris:
3366 3024 3549 3078 eodem
3585 3025 3672 3078 die

2093 3105 2270 3159 nata-le
2299 3107 2472 3162 sancti
2499 3107 2626 3179 Apri
2670 3110 2926 3178 episcopi,
2969 3119 3025 3166 et
3063 3111 3282 3165 Leobini
3320 3110 3666 3166 confessoris.

2089 3194 2152 3249 In
2179 3196 2500 3252 Alexandria
2535 3200 2714 3254 natale
2757 3201 2927 3255 sancti
2973 3201 3300 3272 Serapionis,
3331 3203 3539 3256 Leontii
3568 3221 3580 3254 :
3618 3211 3672 3256 et

2093 3288 2303 3358 Ancyra
2331 3286 2556 3344 Galatia
2581 3291 2756 3346 natale
2784 3293 2955 3346 sancti
2987 3292 3216 3357 Seleuci,
3249 3292 3450 3347 Valerii
3481 3302 3532 3346 et
3568 3291 3672 3362 Cy-

2095 3377 2296 3433 rioni8°
2326 3389 2381 3433 et
2408 3378 2460 3433 in
2498 3378 2680 3434 Tomis
2712 3379 2978 3435 Stratonis
3004 3389 3056 3436 et
3084 3381 3370 3446 Macrobii;
3399 3390 3447 3437 et
3478 3381 3529 3436 in
3561 3380 3671 3435 Nn-

2093 3467 2236 3522 ceria
2263 3468 2315 3521 in
2340 3466 2630 3538 Campania
2670 3469 2850 3523 natale
2877 3470 3206 3534 Constantis,
3235 3480 3290 3524 et
3333 3471 3388 3524 in
3429 3469 3670 3538 Anquira

2095 3555 2350 3629 [Ancyra]
2383 3558 2561 3613 natale
2603 3558 2758 3614 Pauli
2794 3563 3065 3631 episcopi;
3091 3571 3149 3617 et
3177 3563 3230 3616 in
3260 3563 3534 3616 territorio
3563 3562 3669 3616 Ca-

2091 3647 2399 3712 bilonense,
2455 3659 2636 3704 castro
2679 3650 2897 3716 Nonio,
2951 3653 3128 3706 natale
3169 3653 3342 3707 sancti
3400 3651 3667 3706 Valeriani

2085 3740 2366 3809 martyris.
2395 3739 2652 3811 Lugduno
2674 3740 2858 3796 Gallia:
2881 3743 3145 3812 depositio
3180 3742 3359 3796 Albini
3406 3741 3664 3812 episcopi.

2160 3847 2276 3903 XVI
2309 3850 2443 3905 Kac.
2472 3851 2657 3906 Natale
2700 3862 2899 3907 sancta:
2929 3853 3237 3923 Euphemia:
3267 3853 3514 3923 virginis,
3547 3868 3667 3921 quae

2085 3942 2459 4012 martyrizavit
2481 3945 2581 3998 sub
2607 3943 2934 3997 Diocletiano
2974 3945 3319 4014 imperatore,
3350 3943 3666 4020 proconsule

2091 4039 2266 4085 autem
2295 4031 2501 4096 Prisco,
2534 4033 2584 4086 in
2615 4034 2832 4087 civitate
2861 4031 3218 4097 Chalcedone,
3251 4047 3371 4103 qua:
3396 4041 3665 4087 tormenta

2089 4128 2144 4176 et
2177 4136 2444 4186 carceres,
2472 4122 2694 4182 verbera
2728 4131 2782 4178 et
2805 4132 3117 4193 argumenta
3145 4132 3403 4190 rotarum,
3437 4125 3586 4194 ignes
3614 4133 3666 4178 et

2087 4209 2325 4280 pondera
2354 4210 2589 4279 lapidum
2627 4212 2982 4281 angularium,
3009 4213 3207 4268 bestias
3246 4224 3302 4268 et
3346 4214 3529 4284 plagas
3555 4213 3665 4266 vir—

2087 4315 2297 4371 garum,
2330 4315 2508 4355 serras
2538 4311 2722 4356 acutas
2762 4313 2814 4357 et
2856 4305 3157 4373 sartagines
3200 4305 3419 4375 ignitas,
3450 4321 3663 4360 rursum

2091 4405 2326 4446 morsum
2371 4391 2557 4445 bestim
2591 4405 2690 4460 pro
2735 4391 2952 4446 Christo
2989 4394 3286 4462 superavit,
3322 4403 3377 4448 et
3419 4395 3487 4448 ad
3518 4394 3665 4448 mille

487 4480 551 4534 ιιι
581 4452 655 4534 13.
700 4479 906 4544 Rerum,
933 4477 1082 4534 Proti
1125 4485 1180 4532 et
1217 4474 1447 4531 Jacinthi
1495 4473 1847 4546 [Hyacinthi].
1895 4476 1986 4544 qui
2010 4452 2065 4512 Ῑ)
2088 4497 2281 4552 passus
2309 4481 2544 4536 civitatis
2568 4452 2942 4547 Chalcedonis,
2969 4452 3175 4551 sepulta
3203 4452 3286 4537 est
3316 4499 3346 4536 a
3389 4492 3540 4553 patre
3566 4498 3666 4536 suo

417 4577 570 4625 erant
598 4569 828 4624 eunuchi
851 4575 1050 4623 sanctae
1077 4565 1328 4636 Eugeniae
1349 4564 1590 4633 virginis,
1632 4572 1687 4617 ct
1711 4577 1837 4617 cum
1864 4578 1926 4616 ea
1955 4578 1983 4616 a

420 4657 658 4712 Romana
711 4659 846 4712 urbe
891 4655 1270 4712 Alexandriam
1325 4655 1605 4709 venientes
1660 4654 1726 4707 ab
1784 4653 1986 4708 Heleno

416 4749 688 4818 episcOpo,
713 4750 802 4802 cui
844 4763 1029 4802 eorum
1056 4746 1317 4801 adventus
1345 4759 1446 4814 per
1470 4743 1730 4798 visionem
1776 4742 1984 4798 revela-

421 4847 506 4891 tus
533 4846 646 4901 est,
694 4837 894 4904 recepti
952 4836 1004 4889 in
1045 4834 1369 4890 monasterio
1415 4833 1644 4901 quodam
1703 4833 1802 4887 sub
1843 4831 1983 4898 virili

419 4929 603 4986 habitu
635 4930 774 4982 inter
804 4928 1090 4982 monachos
1119 4926 1606 4989 conversabantur;
1639 4934 1822 4994 postea
1854 4939 1980 4979 vero

415 5037 539 5077 cum
565 5018 849 5074 Melanthio
877 5017 1117 5086 quadam
1155 5019 1352 5072 femina
1388 5015 1653 5071 malitiosa
1689 5014 1980 5083 Eugenium

416 5111 516 5168 sub
543 5109 688 5166 virili
715 5109 898 5164 habitu
927 5105 1204 5177 degentem
1227 5106 1524 5163 masculum
1550 5105 1826 5176 suspicans
1843 5143 1857 5166 ,
1884 5117 1982 5171 per

415 5219 536 5261 cam
571 5202 803 5274 stuprari
851 5199 1212 5256 desiderasset
1262 5219 1274 5253 :
1315 5199 1406 5254 sed
1458 5198 1726 5268 patefacto
1781 5211 1980 5250 arcano

415 5294 652 5365 Eugenia
697 5307 800 5348 non
846 5293 950 5356 vir,
999 5291 1092 5347 sed
1137 5290 1332 5344 femina
1372 5305 1493 5344 esse
1533 5296 1807 5357 comperta
1851 5297 1979 5342 est:

414 5395 598 5441 coacta
617 5385 876 5455 imperiali
894 5391 1177 5455 praecepto,
1203 5397 1322 5435 cum
1346 5381 1604 5464 eunpchis
1619 5382 1732 5435 suis
1755 5381 1978 5433 Romam

415 5478 572 5532 rediit
605 5495 618 5530 :
667 5478 738 5530 ihi
792 5475 951 5530 simul
979 5489 1100 5530 cum
1133 5472 1322 5526 Basilla
1360 5473 1565 5539 virgine
1604 5471 1841 5540 praedicti
1873 5471 1978 5523 duo

412 5567 641 5620 eunuchi
665 5565 814 5633 jussu
841 5565 1064 5619 Gallieni
1087 5563 1309 5631 Augusti
1335 5561 1510 5630 gladio
1540 5562 1803 5616 interfecti
1830 5571 1972 5614 sunt.

414 5653 575 5707 Beata
598 5672 722 5710 vero
751 5655 981 5727 Engenia
1009 5654 1372 5720 postmodum,
1406 5652 1506 5706 hoc
1525 5661 1606 5706 est
1636 5653 1686 5704 in
1714 5667 1805 5704 vin
1855 5651 1971 5704 Kal.

2087 4572 2509 4642 Philosopbrone
2525 4581 2798 4626 senatore.
2816 4570 3018 4626 Eodem
3046 4572 3130 4626 die
3155 4574 3337 4640 passio
3367 4581 3663 4643 martyrum

2087 4660 2265 4716 Lucina
2309 4669 2366 4715 et
2408 4659 2709 4715 Geminiani
2749 4659 3073 4724 celebratur,
3096 4661 3186 4729 qui
3210 4660 3311 4714 sub
3331 4660 3664 4715 Diocletiano

2085 4759 2140 4805 et
2167 4750 2490 4805 Maximiano
2515 4749 2926 4820 imperatoribus
2949 4750 3092 4817 passi
3118 4757 3261 4803 sunt.
3294 4747 3459 4820 Igitur
3495 4749 3663 4804 Lucia

2086 4849 2202 4894 erat
2229 4854 2549 4910 permanens
2592 4841 2643 4894 in
2680 4839 2941 4893 viduitate
2987 4853 3084 4908 per
3131 4853 3299 4893 annos
3343 4839 3560 4908 triginta
3607 4847 3664 4892 et

2087 4945 2198 4983 sex.
2233 4929 2399 4984 Erant
2438 4937 2614 4983 autem
2641 4946 2830 4984 omnes
2861 4929 2988 4983 anni
3025 4931 3148 4984 vitae
3175 4930 3292 5000 ejus
3323 4929 3662 5000 septuaginta

2087 5020 2343 5088 quinque,
2374 5031 2435 5073 ut
2476 5020 2528 5073 in
2575 5020 2752 5075 libello
2782 5020 3048 5090 passionis
3073 5019 3188 5087 ejus
3214 5021 3473 5090 scriptum
3501 5035 3661 5090 repe-

2089 5110 2242 5162 ritur.
2272 5108 2395 5163 Hazc
2425 5126 2520 5167 per
2546 5110 2868 5179 Euprcpium
2914 5110 3079 5164 lilium
3118 5126 3274 5164 suum
3304 5111 3446 5181 apud
3489 5112 3663 5180 impe-

2087 5208 2294 5254 ratores
2320 5200 2551 5268 prodita,
2581 5214 2649 5252 eo
2679 5201 2824 5268 quod
2859 5198 3166 5254 Christiana
3197 5209 3362 5265 esset,
3393 5208 3541 5254 tenta
3577 5210 3661 5255 est

2084 5299 2140 5345 et
2165 5291 2216 5344 in
2246 5290 2472 5344 vinculis
2499 5291 2692 5359 posita,
2719 5291 2788 5344 de
2817 5290 3092 5360 suppliciis
3121 5291 3284 5344 variis
3310 5305 3432 5360 qua:
3457 5291 3506 5344 ei
3540 5304 3662 5359 pen-

2083 5388 2298 5434 secutor
2315 5380 2555 5449 ingessit,
2579 5389 2762 5447 erepta
2786 5388 2886 5434 est.
2916 5379 3046 5433 Nam
3069 5396 3342 5435 carcerem
3366 5381 3420 5434 in
3441 5379 3660 5433 ﬂuvium

2083 5471 2366 5534 convertit,
2394 5471 2612 5539 ipsaque
2639 5470 2953 5525 verberibus
2981 5471 3264 5540 applicata,
3286 5471 3420 5525 nihil
3441 5471 3610 5525 sensit
3640 5490 3653 5523 :

2083 5561 2191 5615 imo
2221 5560 2514 5614 credentem
2544 5576 2601 5614 se
2639 5561 2903 5629 lapideum
2947 5561 3094 5625 fecit,
3140 5560 3398 5630 templum
3434 5561 3657 5615 deorum

2079 5665 2142 5705 ex
2172 5651 2396 5720 geminis
2425 5659 2478 5704 et
2503 5665 2635 5706 auro
2672 5652 2987 5706 fabricatum
3019 5667 3175 5707 ruere
3220 5667 3252 5706 a
3291 5650 3653 5706 fundamentis
