4028 6196
404 336 546 405 Ηϐθ

1710 312 2336 404 marvuonocluu;

3532 351 3681 408 11το

401 462 529 522 fecit
552 500 568 526 ,
611 458 790 531 ignem
832 464 1177 529 exsuperavtt
1196 497 1213 521 ,
1262 455 1439 529 picem
1484 463 1541 511 et
1597 448 1893 526 plumbum
1926 457 1982 511 in
2008 461 2059 521 Α
2087 458 2180 514 sed
2203 458 2319 515 ha‘c
2343 457 2431 515 illa
2457 457 2720 530 psallente
2740 456 3005 532 refriguit.
3031 458 3159 515 Haec
3186 460 3548 521 interveniens
3568 481 3675 523 vos

399 568 594 625 aquam
623 550 909 606 convertit.
941 549 1053 606 Nec
1079 551 1134 605 in
1165 548 1251 604 bis
1279 548 1457 619 pmnis
1482 547 1601 604 laedi
1631 548 1805 616 potuit
1830 566 1843 601 :
1875 547 1987 602 imo

399 642 775 699 Geminianum
819 640 1025 697 socium
1068 640 1336 712 passionis
1378 655 1489 695 suae
1525 638 1831 709 acquisivit,
1861 653 1986 694 cum

397 750 506 805 quo
533 733 976 804 persecutoribus
1023 731 1239 787 fortiter
1281 731 1568 786 veritatem
1590 728 1895 800 praedicans
1918 728 1988 785 ad

399 832 707 879 extremum
730 838 827 893 per
849 821 1244 893 Apophrasium
1272 820 1554 890 przesidem
1575 818 1830 874 decollari
1850 819 1989 891 jussi

400 925 543 975 sunt.
574 925 627 969 et
655 915 732 970 sic
760 916 828 970 ad
853 929 1074 986 regnum
1101 913 1319 969 cmleste
1353 912 1674 981 migrarunt.

471 1005 565 1061 XV
595 1006 729 1061 KAL.
762 1005 819 1060 lu
845 1005 1145 1071 Britannia,
1177 1003 1421 1060 Socratis
1442 1011 1498 1059 ct
1527 1001 1819 1075 Stephani.
1842 1002 1909 1058 Et
1931 1002 1985 1056 in

395 1095 566 1151 Gallia
589 1111 756 1166 prope
784 1095 1061 1151 civitatem
1083 1093 1387 1162 Traiectum
1417 1091 1846 1167 [Maestrichtlin
1863 1092 1989 1148 villa

394 1188 712 1254 Liudovico,
737 1189 922 1259 passio
964 1187 1287 1243 Landeberti
1313 1186 1570 1257 episcopi,
1596 1185 1688 1256 qui
1719 1186 1789 1240 ab
1814 1184 1990 1240 infan-

396 1281 472 1334 tia
502 1280 593 1335 Dei
635 1280 860 1335 servitio
902 1279 1241 1350 mancipatus
1280 1277 1401 1334 fuit.
1433 1278 1533 1334 Hic
1566 1286 1775 1349 septem
1816 1292 1988 1334 annos

396 1371 562 1425 vitam
612 1379 856 1426 sanctam
910 1385 1075 1440 agens
1138 1370 1283 1424 inter
1353 1370 1657 1425 monachos
1703 1367 1985 1425 habitavit.

394 1460 691 1532 Postquam
715 1472 895 1517 autem
928 1460 1300 1516 Faramundus
1328 1461 1393 1515 de
1417 1461 1540 1515 sede
1570 1458 1864 1529 pontificali
1894 1459 1989 1514 de-

392 1551 606 1620 positus
633 1559 736 1615 est,
760 1559 814 1604 et
835 1550 1042 1619 cjectus
1068 1550 1135 1605 de
1160 1549 1437 1620 provincia
1466 1547 1831 1618 Trajectense,
1857 1557 1990 1604 tunc

394 1642 607 1712 agmina
636 1641 979 1705 clericorum,
1010 1648 1067 1696 et
1090 1640 1281 1711 vulgus
1308 1640 1629 1711 populorum
1648 1656 1753 1695 una
1782 1640 1987 1711 pariter

394 1745 525 1785 voce
558 1732 761 1803 ingenti
792 1732 1138 1802 postulabant
1177 1732 1466 1787 Dominum
1492 1740 1551 1787 ut
1575 1742 1852 1803 pastorem
1892 1747 1985 1788 eo-

2090 551 2158 607 de
2193 550 2332 607 caelo
2366 551 2582 606 vocavit
2619 565 2734 618 eos,
2779 558 2831 606 et
2897 550 2976 607 sic
3020 552 3358 607 tradiderunt
3400 554 3667 624 spiritum.

2089 642 2224 700 Erat
2249 652 2427 700 autem
2456 643 2658 700 Fausta
2699 659 2962 705 annorum
3012 645 3290 713 tredecim,
3326 653 3381 701 et
3407 646 3675 705 Evilasius

2089 733 2383 804 octoginta.

2158 824 2231 880 XI
2282 823 2417 880 KAL.
2468 822 2657 879 Natale
2707 824 2880 880 sancti
2936 823 3171 880 Mattbmi
3227 827 3567 898 evangelista!
3619 823 3676 887 in

2088 912 2391 985 Ethiopia,
2438 914 2531 984 qui
2578 930 2700 969 cum
2735 914 2807 969 ibi
2855 914 3175 985 praedicaret
3209 916 3433 973 verbum
3470 917 3591 985 Dei,
3616 925 3678 977 et

2089 1007 2288 1065 multos
2320 1008 2389 1062 ad
2427 1004 2591 1060 fidem
2618 1005 2817 1060 Christi
2858 1014 3215 1072 converteret,
3250 1006 3540 1062 novissime
3562 1006 3675 1075 spi-

2089 1099 2297 1156 culator
2319 1098 2514 1154 missus
2535 1099 2603 1153 ab
2625 1097 2843 1153 Hirtaco
2874 1113 3017 1167 rege,
3042 1097 3133 1168 qui
3162 1113 3285 1153 eum
3314 1098 3492 1170 gladio
3514 1098 3673 1160 fer-ie.

2087 1188 2202 1255 bat,
2223 1186 2461 1245 edieiens
2489 1197 2782 1259 martyrem
2809 1186 3029 1243 Christi.

2157 1279 2209 1335 Χ
2247 1279 2382 1335 Κλι..
2425 1278 2747 1339 Sanctorum
2794 1276 3093 1350 martyrum
3126 1277 3480 1335 Thebanorum
3524 1278 3697 1341 Hau-7

2087 1371 2230 1438 ricii,
2252 1370 2499 1437 Candidi,
2519 1369 2825 1446 Exsuperii,
2845 1380 2901 1426 et
2928 1369 3100 1426 sancti
3125 1370 3509 1431 Emmerammi
3531 1387 3675 1431 mar-
3701 1405 3706 1409 ~

2088 1462 2244 1535 tyris.

2159 1554 2232 1609 IX
2280 1554 2398 1611 Kal.
2450 1554 2638 1611 Natale
2694 1555 2868 1612 sancti
2917 1555 3061 1614 Sosii
3114 1556 3326 1613 diaconi
3382 1556 3677 1618 Mesenatis

2090 1646 2410 1720 [Misenatis]
2436 1648 2671 1705 civitatis
2696 1649 2750 1704 in
2778 1648 3094 1720 Campania,
3126 1650 3218 1720 qui
3247 1665 3370 1707 cum
3396 1659 3540 1709 esset
3575 1666 3685 1708 an—

2088 1752 2283 1793 norum
2326 1736 2567 1810 triginta,
2597 1748 2807 1810 martyr
2833 1754 2958 1795 cum
3002 1739 3164 1795 beato
3205 1737 3466 1797 Januario
3500 1740 3673 1797 Bene-
3750 1764 3763 1778 -

392 1838 511 1876 rum
542 1822 817 1878 dominum
845 1821 1243 1878 Landebertum
1271 1822 1539 1891 recepturi
1566 1831 1771 1887 essent,
1800 1838 1985 1894 quem,
2014 1819 2061 1880 B
2086 1828 2234 1884 venti
2279 1828 2531 1899 episeopo
2573 1828 2766 1900 capitis
2804 1827 3214 1887 decollationem
3250 1831 3505 1901 suscepit,
3526 1838 3674 1887 tem-

390 1914 760 1969 conseutiente
798 1912 992 1983 Pipino
1048 1920 1175 1967 tunc
1208 1912 1472 1982 principe,
1501 1911 1569 1967 ad
1595 1914 1814 1984 propria
1840 1913 1980 1969 reci-

387 2026 518 2080 pere
544 2019 860 2066 meruerunt
891 2028 905 2062 :
939 2010 1121 2079 ibique
1140 2023 1238 2080 per
1254 2008 1436 2080 plures
1461 2023 1634 2067 annos
1659 2008 1714 2069 in
1738 2007 1979 2067 Ecclesia

388 2101 485 2156 Dei
517 2100 767 2156 nobiliter
797 2101 954 2156 vixit.
982 2100 1137 2156 Hunc
1165 2115 1296 2157 vero
1325 2100 1474 2155 Dodo
1509 2099 1842 2156 domesticus
1864 2096 1979 2169 jam

387 2195 686 2264 supradicti
703 2194 963 2265 principis
995 2193 1170 2265 Pipini
1214 2193 1616 2249 machinatione
1632 2193 1865 2263 pessima
1884 2208 1978 2249 oe-

387 2284 495 2339 cidi
524 2284 671 2339 fecit.
702 2285 820 2353 ipse
845 2299 976 2338 vero
1008 2298 1109 2352 per
1133 2284 1479 2339 innocentem
1507 2291 1738 2339 mortem
1768 2282 1836 2339 ad
1875 2280 1983 2338 Do-

386 2374 596 2427 minum
620 2372 898 2443 migravit.

461 2462 577 2519 XIV
604 2464 740 2519 ΚΜ..
788 2462 1090 2519 Mediolano
1135 2462 1401 2533 depositio
1432 2462 1705 2534 Eustorgii
1739 2461 1979 2533 episcopi

387 2564 445 2612 et
472 2554 673 2628 Satyri.
723 2555 781 2611 In
827 2555 1190 2612 Chalcedonia
1236 2556 1417 2611 natale
1468 2555 1746 2626 Trophimi
1822 2562 1878 2611 et
1920 2554 1980 2610 in

389 2648 700 2705 Nicomedia
726 2648 906 2704 natale
930 2648 1161 2704 Jociani.

462 2742 573 2798 Xlll
599 2743 734 2816 liae.
766 2742 825 2798 In
848 2742 1069 2813 Neapoli
1113 2744 1422 2814 Campania:
1460 2743 1642 2799 natale
1669 2752 1976 2799 sanctorum

390 2833 654 2901 Januarii,
687 2834 1075 2891 Beneventanae
1101 2836 1336 2891 civitatis
1357 2836 1618 2906 episcopi,
1647 2850 1769 2891 cum
1791 2834 1978 2892 Fossio

394 2922 592 2996 [Sosio]
638 2924 865 2979 diacono
907 2923 1199 2980 Mesenatis
1244 2924 1571 2997 [Misenatis]
1619 2925 1874 2988 civitatis,
1922 2933 1980 2981 et

391 3014 616 3069 diacono
642 3031 741 3070 suo
755 3014 928 3075 Festo.
966 3024 1022 3069 et
1045 3014 1247 3070 lectore
1273 3030 1373 3069 suo
1401 3015 1700 3082 Desiderio,
1737 3016 1828 3085 qui
1853 3024 1978 3085 post

390 3103 601 3160 vincula
623 3111 678 3157 et
702 3117 950 3158 carceres
968 3103 1145 3174 capite
1169 3111 1298 3158 sunt
1315 3103 1441 3158 caesi
1466 3104 1518 3158 in
1541 3104 1761 3160 civitate
1781 3104 1977 3161 Puteoo

2083 1933 2217 1991 pore
2256 1919 2570 1975 Diocletiani
2602 1919 2964 1990 imperatoris.
3004 1919 3056 1976 Is
3099 1936 3222 1975 cum
3258 1929 3502 1991 tempore
3532 1937 3672 1991 quo-

2084 2010 2207 2066 dam
2232 2009 2438 2081 legeret
2463 2010 2518 2065 in
2545 2010 2772 2066 ecclesia
2812 2010 3084 2067 Mesenate
3123 2010 3448 2085 [Misenatis]
3476 2012 3673 2068 civita-

2082 2100 2177 2166 tis,
2219 2108 2487 2169 praesente
2530 2100 2784 2171 episcopo
2829 2098 3089 2156 Januario
3111 2140 3127 2167 ,
3176 2100 3488 2172 frequenter
3524 2102 3672 2160 enim

2082 2205 2211 2249 eum
2227 2205 2326 2261 pro
2360 2189 2647 2247 sanctitate
2665 2199 2719 2246 et
2741 2190 3024 2262 prudentia
3055 2188 3173 2260 ejus
3193 2190 3416 2247 visitare
3443 2206 3676 2249 conme-

2081 2287 2257 2347 verat,
2304 2281 2442 2337 vidit
2485 2280 2665 2337 subito
2710 2282 2852 2337 idem
2892 2281 3178 2352 episcopus
3221 2281 3287 2337 de
3328 2283 3506 2352 capite
3553 2281 3674 2352 ejus

2079 2369 2352 2426 ﬂammam
2378 2386 2687 2443 exsurgere,
2725 2385 2886 2442 quam
2931 2385 3092 2427 nemo
3114 2370 3253 2427 alius
3276 2372 3430 2438 vidit,
3466 2380 3521 2428 et
3545 2388 3673 2443 pru-

2080 2460 2349 2516 nuntiavit
2383 2474 2509 2516 eum
2537 2468 2832 2537 martyrem
2861 2460 3124 2527 futurum,
3157 2470 3214 2516 et
3240 2470 3360 2532 post
3391 2478 3498 2519 non
3528 2462 3671 2518 mul~

2080 2561 2168 2608 tos
2197 2551 2313 2609 dies
2338 2552 2468 2608 item
2502 2551 2763 2609 diaconus
2796 2560 2973 2609 tentus
3000 2559 3056 2608 et
3082 2552 3134 2607 iu
3165 2568 3437 2609 carcerem
3470 2554 3671 2610 missus

2080 2651 2164 2699 est
2204 2659 2218 2696 :
2270 2642 2340 2698 ad
2384 2657 2546 2713 quem
2591 2643 2916 2699 visitandum
2961 2660 3086 2700 cum
3124 2643 3670 2716 venissetepiscopns

2079 2747 2202 2789 cum
2231 2734 2458 2790 diacono
2496 2748 2597 2790 suo
2640 2732 2799 2790 Festo
2838 2743 2894 2790 et
2922 2734 3124 2790 lectore
3149 2750 3247 2790 suo
3283 2733 3585 2800 Desiderio,
3616 2743 3673 2790 et

2080 2823 2195 2895 ipse
2220 2839 2344 2879 eum
2365 2824 2445 2880 eis
2469 2824 2630 2883 simul
2654 2832 2833 2881 tentus
2859 2840 2923 2880 ac
2954 2824 3162 2896 pariter
3191 2839 3381 2881 omnes
3402 2839 3528 2879 cum
3552 2823 3673 2877 ali.s

2080 2915 2253 2972 tribus
2294 2916 2461 2973 occisi
2514 2923 2660 2973 sunt.
2713 2916 2917 2972 Eodem
2964 2915 3052 2971 die
3107 2915 3289 2972 natale
3349 2914 3561 2973 Thecla:
3616 2916 3671 2974 iu

2078 3005 2298 3062 Oriente
2316 3006 2497 3065 Iconio
2519 3007 2757 3072 civitate,
2784 3023 2904 3077 quae
2932 3022 2963 3062 a
2993 3005 3160 3062 Paulo
3195 3007 3440 3078 apostolo
3466 3007 3673 3065 instru-

2078 3104 2165 3151 cta
2189 3097 2244 3152 in
2270 3096 2610 3155 confessione
2648 3096 2846 3154 Christi
2875 3097 3023 3169 ignes
3045 3115 3109 3154 ac
3140 3099 3339 3154 bestias
3367 3099 3584 3165 devicit,
3615 3107 3673 3155 ct

392 3193 512 3248 lana
541 3193 642 3247 sub
667 3193 1003 3249 Diocletiano
1027 3193 1293 3263 principe,
1316 3193 1499 3264 judice
1524 3193 1852 3250 Dmcomio:
1881 3195 1973 3265 qui
2002 3200 2048 3262 ο
2077 3194 2202 3256 post
2224 3186 2391 3241 multa
2425 3187 2722 3243 certamina
2758 3202 2824 3242 ac
2865 3187 3169 3244 doctrinam
3209 3189 3534 3257 multorum,
3578 3206 3667 3247 γοα

389 3298 512 3337 cum
556 3283 886 3339 ducerentur
920 3284 988 3337 ad
1035 3291 1263 3338 mortem
1292 3323 1309 3348 ,
1364 3283 1618 3337 viderunt
1662 3284 1803 3338 inter
1844 3283 1980 3339 alios

388 3371 650 3428 Proculus
683 3371 993 3428 Puteolanas
1022 3372 1259 3428 civitatis
1296 3372 1576 3439 diaconus,
1614 3382 1670 3429 et
1698 3374 1804 3429 duo
1832 3374 1977 3441 laici,

390 3459 661 3531 Eutychus
700 3469 758 3515 ct
794 3460 1041 3526 Acutius,
1076 3468 1131 3517 et
1166 3461 1635 3531 interrogaverunt
1657 3477 1827 3531 quare
1846 3462 1978 3531 justi

389 3550 561 3606 occidi
594 3551 919 3622 juberentur
943 3568 957 3605 :
985 3566 1123 3621 quos
1160 3550 1328 3621 judex
1357 3560 1418 3606 ut
1448 3552 1584 3607 vidit
1618 3551 1979 3617 Christianos,

385 3638 549 3709 jussit
589 3640 844 3696 decollari
883 3656 1007 3696 cum
1042 3640 1169 3697 illis.
1203 3639 1297 3697 Sic
1328 3656 1520 3697 omnes
1547 3650 1753 3712 septem
1780 3643 1983 3713 pariter

390 3739 521 3784 sunt
563 3728 832 3795 decollati,
862 3738 920 3786 et
948 3729 1186 3786 tulerunt
1225 3738 1386 3786 noctu
1408 3746 1636 3802 corpora
1663 3730 1979 3799 Christiani,

390 3826 448 3874 et
482 3817 816 3889 Neapolitani
860 3818 1180 3875 Ianuarium
1204 3831 1502 3892 posuerunt
1526 3823 1680 3894 juxta
1708 3823 1981 3879 civitatem

391 3909 448 3964 iu
491 3909 715 3964 basilica
760 3909 1033 3967 Mesenate
1079 3909 1421 3985 {Misenum},
1452 3912 1698 3968 Sossium
1744 3927 1898 3983 aeque
1926 3913 1982 3968 iu

389 4003 616 4059 basilica
645 4003 959 4072 Puteolani;
994 4004 1309 4071 Proculum,
1335 4006 1615 4077 Eutychen
1645 4015 1704 4062 et
1728 4006 1983 4063 Acutiam

385 4103 541 4162 juxta
581 4095 861 4150 basilicam
897 4096 1068 4152 sancti
1100 4095 1394 4167 Stephani;
1431 4097 1648 4155 Festum
1679 4106 1736 4154 ct
1763 4097 1984 4155 Deside-

392 4186 533 4239 rium
563 4184 924 4242 Beneventani
951 4187 1289 4259 collegerunt
1314 4200 1366 4241 δ.

461 4275 555 4331 XII
584 4277 716 4332 ΚΑι..
753 4277 812 4332 In
838 4277 1024 4350 Cyzim
1058 4279 1237 4336 natale
1282 4288 1595 4337 sanctorum
1633 4280 1848 4338 Fausta:
1875 4281 1984 4336 vir—

391 4368 535 4439 ginis
572 4376 630 4423 et
671 4368 896 4424 Evilasii
934 4371 1037 4426 sub
1065 4369 1392 4426 Maximiano
1418 4372 1741 4442 imperatore
1773 4390 1787 4425 :
1819 4387 1983 4442 quam

392 4459 537 4513 idem
561 4457 830 4514 Evilasius
856 4474 980 4514 cum
1007 4469 1154 4516 esset
1181 4462 1390 4532 primus
1415 4462 1599 4531 palatii
1616 4461 1782 4532 jussit
1806 4463 1984 4519 dccal-

2082 3275 2237 3330 niens
2268 3275 2571 3331 Seleuciam
2597 3276 2859 3346 requievit
2894 3276 2948 3331 in
2993 3292 3146 3347 pace.
3193 3279 3326 3335 Item
3364 3281 3554 3339 eodem
3584 3281 3672 3338 die

2081 3366 2267 3422 Romae
2305 3366 2490 3438 passio
2528 3367 2645 3423 Lini
2674 3381 2847 3439 papre,
2876 3369 2966 3438 qui
3005 3380 3124 3439 post
3164 3372 3435 3440 apostolos
3459 3373 3670 3443 primus

2081 3456 2395 3512 cathedram
2438 3455 2797 3528 episcopalem
2836 3456 2908 3512 ibi
2956 3458 3126 3514 tenuit
3168 3473 3339 3515 annos
3395 3460 3669 3528 undecim,

2082 3561 2294 3603 menses
2319 3554 2543 3621 septem,
2576 3547 2692 3605 dies
2718 3546 2996 3604 tredecim.

2152 3656 2264 3713 VIII
2290 3658 2424 3715 ΚΑι..
2472 3657 2762 3729 Conceptio
2794 3658 3018 3715 Joannis
3062 3658 3337 3730 Baptistte,
3386 3670 3438 3716 et
3472 3660 3527 3716 in
3550 3660 3670 3717 Au-

2081 3752 2383 3822 gustoduno
2430 3751 2610 3807 natale
2653 3753 2916 3809 Andochii
2957 3754 3281 3826 presbyteri,
3308 3755 3506 3827 Thyrsi
3543 3757 3668 3812 dia-

2080 3844 2229 3909 coni,
2252 3852 2306 3898 et
2334 3842 2555 3910 Felicis,
2592 3843 2685 3914 qui
2714 3859 2746 3899 a
2773 3852 2962 3901 sancto
2990 3844 3293 3916 Polycarpo
3315 3846 3570 3917 episeopo
3594 3847 3675 3903 ab.

2080 3934 2302 3992 Oriente
2324 3934 2516 3991 directi
2562 3936 2630 3989 ad
2675 3935 2972 3992 docendam
2998 3935 3227 3992 Galliam
3248 3938 3350 3993 sub
3373 3937 3666 3995 Aureliano

2080 4026 2326 4097 principe
2351 4034 2480 4082 sunt
2519 4026 2907 4097 gloriosissime
2951 4028 3235 4085 coronati:
3267 4028 3534 4099 siquidem
3572 4029 3671 4088 lla-

2039 4118 2236 4189 ,gellis
2280 4119 2427 4185 caesi,
2482 4118 2537 4174 in
2589 4119 2781 4175 ultimo
2833 4128 2945 4175 tota
3001 4121 3088 4177 die
3137 4121 3367 4180 inversis
3418 4122 3666 4179 manibus

2081 4208 2350 4278 suspensi,
2372 4208 2428 4262 in
2449 4207 2629 4279 ignem
2651 4209 2827 4275 missi,
2854 4211 2947 4267 sed
2979 4225 3084 4265 non
3111 4213 3395 4269 combusti.
3426 4212 3679 4273 Tandem.

2081 4299 2326 4355 vectibus
2350 4297 2487 4355 colla
2514 4298 2805 4368 feriuntur,
2839 4301 2930 4357 ubi
2957 4301 3386 4373 Sympborianus
3425 4312 3558 4375 tunc;
3581 4304 3664 4359 vi-

2080 4390 2215 4461 ginti
2242 4405 2529 4457 annorum,
2554 4391 2644 4461 qui
2664 4400 2852 4462 postea
2880 4406 3073 4462 passus
3092 4400 3194 4459 est,
3222 4408 3437 4463 semper
3457 4394 3670 4465 vigilias

2082 4490 2132 4538 et
2162 4484 2439 4538 orationes
2475 4483 2689 4553 agebat.
2722 4481 2922 4537 Eodem
2954 4480 3043 4538 die
3091 4482 3358 4554 depositio
3398 4484 3687 4542 Solemnis.

392 4550 586 4642 vari-et
613 4550 753 4604 tradi
776 4550 842 4603 ad
862 4552 1268 4621 turpitudinem,
1298 4554 1496 4610 deinde
1523 4556 1763 4625 torqueri
1785 4571 1849 4612 ac
1862 4571 1983 4612 sus-
2008 4556 2062 4617 D
2085 4571 2345 4642 episcopi,
2377 4571 2468 4641 qni
2513 4550 2582 4625 ab
2628 4570 2855 4626 infantia
2902 4571 2994 4628 Dei
3043 4550 3266 4630 servitio
3294 4575 3523 4631 devotus
3545 4574 3663 4640 fuit,

392 4637 554 4706 pendi
585 4655 599 4691 :
639 4654 747 4708 quo
771 4647 1013 4709 tempore
1030 4642 1336 4697 coruscatio
1361 4644 1428 4698 de
1442 4643 1597 4699 oculis
1619 4644 1759 4701 facta
1782 4645 1981 4702 multos

394 4729 764 4784 ministrorum
792 4732 1063 4801 percussit
1089 4749 1103 4785 :
1141 4733 1336 4789 deinde
1352 4733 1516 4817 jussit
1540 4736 1745 4794 loculos
1773 4737 1977 4805 atl’erri,

393 4830 450 4876 ct
467 4835 588 4876 eam
616 4821 913 4877 immissam
949 4838 1015 4878 ac
1041 4822 1220 4888 fixam,
1247 4826 1402 4894 quasi
1432 4827 1637 4898 lignum
1666 4830 1840 4886 secari
1862 4846 1978 4887 me-

391 4912 574 4976 diam;
598 4911 693 4966 sed
712 4927 818 4966 non
842 4928 964 4967 eam
987 4914 1271 4971 carniﬁces
1288 4917 1453 4973 serris
1474 4917 1668 4975 laedere
1693 4920 1979 4977 valebant:

391 5017 515 5072 quae
543 5000 690 5057 inter
724 5009 948 5072 stupens
982 5002 1245 5061 Evilasius
1281 5004 1497 5061 Christo
1525 5009 1748 5064 credere
1776 5012 1976 5080 erupit;

397 5103 451 5147 et
481 5093 584 5148 hoc
607 5091 699 5147 ubi
733 5092 1047 5163 imperatori
1090 5095 1397 5150 nuntiatum
1448 5105 1549 5161 est,
1602 5100 1751 5155 misit
1792 5100 1984 5171 praefe-

336 5182 360 5258 ί
394 5189 563 5248 ctum,
617 5182 711 5252 qui
755 5198 879 5238 eum
923 5200 1244 5255 suspensum
1289 5188 1504 5244 fortiter
1532 5199 1854 5262 torqueret:
1888 5196 1981 5265 qui

398 5272 558 5327 ctiam
604 5272 767 5342 jussit
818 5272 1075 5330 Faustam
1123 5277 1324 5333 nudam
1359 5289 1415 5335 et
1443 5282 1561 5337 sine
1600 5283 1832 5340 maforte
1872 5285 1988 5358 [Sic

396 5360 521 5433 νει]
546 5364 704 5419 educi
733 5364 801 5419 de
825 5380 1065 5433 carcere,
1090 5376 1148 5423 et
1170 5369 1219 5424 ei
1241 5380 1402 5441 caput
1430 5373 1691 5430 terebrari
1713 5390 1779 5431 ac
1801 5377 1985 5433 clavos

400 5452 571 5524 infigi,
618 5455 709 5510 cui
754 5461 1095 5526 postmodum
1145 5477 1250 5517 non
1291 5464 1463 5521 solum
1502 5477 1663 5538 caput
1698 5476 1754 5524 et
1795 5469 1984 5538 facies,

399 5542 493 5595 sed
521 5552 576 5597 et
602 5553 789 5614 pectus
818 5557 873 5602 et
900 5558 1070 5606 totum
1100 5568 1295 5623 corpus
1324 5570 1496 5625 usque
1523 5559 1591 5614 ad
1631 5560 1782 5627 tibia,
1817 5562 1984 5619 clavis

401 5632 678 5705 impletum
711 5646 816 5694 est.
858 5640 985 5697 Post
1016 5644 1131 5699 hac
1156 5654 1215 5701 et
1239 5648 1567 5717 sartaginem
1613 5651 1771 5723 igniri
1796 5652 1982 5724 jussit,

2086 4662 2370 4731 quietiam
2398 4659 2674 4715 miraculis
2715 4660 2929 4717 claruit.
2972 4661 3108 4719 Nam
3147 4681 3269 4721 cum
3307 4668 3539 4736 quadam
3581 4667 3669 4723 die

2087 4750 2297 4806 itineris
2336 4750 2422 4805 sui
2464 4750 2900 4819 proficisceretur
2948 4751 3175 4819 callem,
3219 4756 3440 4812 obvium
3481 4756 3684 4813 habuit.

2082 4840 2354 4897 hominem
2402 4855 2432 4894 a
2474 4840 2758 4897 nativitate
2804 4856 3030 4910 aecum,
3076 4846 3297 4902 surdum
3343 4856 3397 4903 et
3435 4857 3665 4917 mutum,

2083 4946 2244 5001 quem
2274 4931 2589 5002 complexus
2612 4932 2753 4987 collo
2773 4933 3060 5001 oscularit,
3086 4944 3143 4991 et
3177 4937 3286 4995 cito
3324 4954 3514 4994 sanum
3542 4942 3665 4995 red-

2084 5020 2237 5074 didit.
2298 5019 2395 5075 Hic
2449 5020 2615 5076 etiam
2651 5035 2776 5077 cum
2822 5022 3076 5081 defuncto
3132 5025 3450 5085 Camotensi
3518 5031 3669 5086 urbis

2082 5112 2337 5182 episcopo
2364 5113 2568 5169 electus
2601 5121 2686 5169 est
2711 5115 2778 5168 ad
2803 5115 3196 5188 episcopatum,
3228 5134 3391 5189 quem
3424 5134 3556 5191 ergo
3580 5121 3666 5175 in—

2086 5204 2229 5259 vitus
2269 5205 2499 5275 accepit.
2542 5203 2871 5261 Ludovicum
2910 5221 3043 5263 vero
3086 5223 3266 5279 regem
3302 5209 3479 5263 adhuc
3504 5223 3671 5281 paga-

2086 5310 2234 5356 num,
2273 5296 2364 5365 qui
2394 5297 2583 5352 eodem
2617 5304 2861 5368 tempore
2903 5296 3128 5352 Francis
3178 5298 3499 5367 imperabat,
3542 5314 3667 5354 crtin

2085 5383 2246 5440 vellet
2272 5393 2461 5440 contra
2488 5384 2693 5441 Gothos
2720 5387 2777 5442 in
2806 5387 3003 5443 bellum
3032 5403 3275 5458 pergere,
3303 5388 3460 5459 signo
3487 5390 3667 5445 crucis

2084 5475 2140 5531 in
2180 5476 2342 5532 corde
2377 5485 2432 5532 et
2470 5477 2524 5531 in
2560 5487 2780 5548 pectore
2804 5478 3061 5544 armavit,
3104 5487 3159 5534 et
3202 5480 3281 5535 sic
3330 5479 3557 5535 victoria
3600 5480 3667 5535 de

2084 5565 2329 5621 hostibus
2357 5566 2604 5636 potitum,
2632 5581 2697 5623 ac
2723 5566 2866 5622 domi
2896 5581 3173 5622 reversum
3204 5567 3364 5624 simu!
3392 5583 3517 5624 cum
3542 5583 3666 5623 san-

2082 5664 2172 5710 cto
2211 5656 2494 5727 Rbctuigio
2540 5656 2927 5733 Ithemensium
2967 5657 3119 5713 urbis
3155 5659 3437 5730 episcopo,
3488 5659 3666 5716 divina

472 5758 501 5789 ι
532 5745 631 5805 llic
673 5751 856 5808 omisit
899 5752 1150 5812 Rabanus
1188 5757 1461 5814 Eustachii
1496 5770 1862 5830 portentosam
1890 5763 2195 5833 historiam,
2222 5774 2278 5822 et
2319 5766 2513 5825 merito
2538 5768 2753 5839 quidem
2782 5788 2796 5825 :
2835 5770 2914 5827 sic
2958 5779 3013 5828 et
3048 5771 3337 5829 Notkerus.
3364 5771 3521 5830 Basu.
