4028 6196
407 375 536 428 ll7l

1037 372 1097 428 Β.
1140 371 1391 427 RABANI
1425 370 1643 428 MAURI
1675 368 1991 427 ARCIIiEP.
2033 372 2341 432 MOGUNT.
2380 371 2665 430 OPERUM
2704 370 2883 428 PARS
2921 373 2983 428 ll.

3519 381 3661 437 H72

399 489 611 546 favente
644 488 859 553 virtute,
886 502 1008 543 cum
1036 485 1219 558 gratia:
1247 484 1526 541 alacritate
1558 484 1882 554 baptizavit;
1919 492 1973 540 et
1999 493 2045 551 Α
2075 487 2303 557 sumpsit
2338 487 2639 543 exordium.
2679 486 2877 556 Sicque
2917 487 3143 544 devotus
3166 490 3223 545 in
3261 492 3485 549 servitio
3514 497 3659 553 inter

397 595 519 636 cum
546 579 732 635 eodem
783 586 1050 632 trecentos
1097 576 1432 646 septuaginta
1479 575 1686 631 nobiles
1724 585 1968 646 satrapas

398 684 555 725 sacro
579 666 726 723 fonte
753 674 1098 736 regeneratos
1126 666 1179 720 in
1209 665 1410 736 Spiritu
1454 674 1641 722 sancto
1668 665 1970 736 adoptionis

397 760 685 832 parturivit
712 760 886 815 filios:
917 759 1101 829 sicque
1126 767 1455 814 memoratus
1484 768 1704 813 sanctus
1737 758 1831 813 Dei
1860 766 1970 814 tres

395 853 726 924 olympiadas
754 865 944 922 gerens
974 850 1026 904 in
1055 851 1363 920 episcopatu
1391 849 1456 905 de
1483 850 1585 904 hac
1626 849 1743 904 luce
1775 849 1970 918 migra-

396 946 474 1000 vit
511 945 578 999 ad
609 943 904 999 Christum.
961 940 1145 996 Romae
1192 940 1369 994 natale
1416 939 1673 994 Priscilla
1699 948 1752 993 et
1787 938 1968 993 Liberi

392 1033 628 1105 episcopi
677 1041 732 1087 et
775 1029 1120 1087 confessoris.
1166 1029 1424 1100 Lugduno
1477 1026 1661 1083 Gallia:
1707 1028 1969 1097 depositio

392 1126 562 1180 sancti
594 1124 726 1195 Lupi
758 1122 1012 1193 episc0pi.

464 1216 553 1273 VII
579 1215 712 1270 KAL.
750 1213 937 1268 Natale
966 1210 1139 1267 sancti
1173 1209 1402 1273 Firmini
1436 1208 1706 1279 martyris.
1744 1208 1800 1262 In
1840 1207 1966 1263 Asia

392 1306 573 1363 natale
613 1301 986 1367 Bardomiani,
1018 1299 1248 1369 Eucarpi
1287 1307 1342 1354 et
1387 1298 1608 1353 aliorum
1639 1297 1824 1368 viginti
1849 1311 1964 1350 sex.

462 1397 528 1453 Vl
554 1395 689 1451 ΚΑι..
733 1394 1053 1450 Sanctorum
1095 1398 1390 1463 martyrum
1418 1391 1671 1462 Cypriani
1706 1390 1965 1460 episcopi,

391 1498 447 1544 et
479 1486 723 1550 Iustinae,
769 1499 998 1554 quorum
1038 1481 1245 1538 Justina
1288 1482 1388 1537 sub
1428 1481 1758 1536 Diocletiano
1801 1482 1969 1536 multa

390 1583 611 1646 propter
656 1572 926 1628 Christum
978 1584 1252 1641 perpessa,
1296 1570 1469 1640 ipsum
1496 1585 1709 1640 quoque
1749 1569 1969 1640 Cypria-

391 1681 544 1732 num,
571 1679 694 1720 cum
729 1670 869 1720 esset
906 1677 1113 1733 magus,
1144 1670 1197 1716 et
1218 1662 1438 1732 magicis
1469 1661 1580 1715 suis
1607 1676 1724 1715 eam
1752 1662 1970 1716 demen-

304 1743 313 1750 ’
392 1763 510 1811 tare
535 1762 841 1819 conaretur,
866 1752 1133 1808 convertit
1159 1753 1224 1807 ad
1251 1750 1522 1808 Christum
1544 1793 1558 1819 ,
1583 1767 1703 1807 cum
1725 1768 1832 1823 quo
1853 1751 1967 1823 jam

2072 578 2367 631 monachos
2390 576 2639 632 habitans
2662 577 2849 632 multis
2875 578 3167 635 virtutibus
3192 580 3407 648 claruit,
3432 593 3489 640 et
3514 587 3656 643 mul-

2070 675 2157 722 tos
2193 668 2259 721 ad
2289 666 2445 723 fidem
2477 666 2677 722 Christi
2721 670 3026 723 convertit:
3070 671 3138 724 ad
3177 680 3482 729 extremum
3523 690 3658 733 vero

2070 764 2193 827 post
2235 772 2417 813 sacros
2461 758 2692 823 labores,
2719 760 2812 828 qui
2850 773 2945 827 per
2984 759 3211 831 insignia
3237 762 3496 818 virtutum
3538 765 3655 837 ejus

2070 847 2399 912 claruerunt,
2433 864 2464 903 a
2506 850 2758 919 praesenti
2801 849 3144 921 tribulatione
3176 852 3243 906 ad
3270 862 3530 911 aeternam
3553 857 3654 911 mi-

2070 936 2248 1007 gravit
2281 938 2544 1006 requiem.

2144 1025 2209 1081 Vl
2247 1026 2382 1082 Non.
2410 1026 2697 1083 Oc'ronnts.
2727 1027 2784 1082 In
2820 1026 3005 1084 Galliis
3042 1030 3219 1086 natale
3246 1033 3417 1088 sancti
3444 1032 3649 1091 Leude-

2070 1116 2205 1185 garii
2248 1117 2485 1186 episcopi
2526 1125 2582 1173 et
2619 1117 2966 1174 confessoris.
3003 1119 3061 1174 ln
3092 1118 3434 1190 Nicomedia,
3477 1129 3650 1184 sancti

2069 1204 2386 1259 Eleutherii.

2139 1294 2345 1351 VNou.
2387 1294 2541 1365 Apud
2585 1297 2837 1367 antiquos
2882 1298 3126 1355 Saxones
3186 1303 3364 1358 natale
3417 1305 3646 1362 duorum

2069 1382 2444 1439 Hewaldornm
2500 1386 2963 1456 presbyterorum,
3013 1390 3106 1459 qui
3158 1406 3279 1445 cuni
3326 1393 3647 1450 Wilihrordo

2068 1473 2320 1543 episcopo
2361 1475 2640 1530 venientes
2688 1475 2741 1529 in
2790 1474 3134 1533 Germaniam
3191 1482 3519 1537 transierunt
3578 1486 3646 1539 ad

2071 1563 2331 1631 Saxones,
2359 1573 2557 1621 etcum
2584 1567 2881 1635 praedicare
2905 1568 3179 1624 Christum
3216 1573 3289 1627 ibi
3335 1575 3641 1643 cepissent,

2070 1656 2444 1727 comprehensi
2483 1667 2611 1711 sunt
2652 1672 2683 1710 a
2731 1658 2955 1728 paganis
2992 1668 3045 1713 et
3084 1660 3165 1715 sic
3189 1662 3354 1716 occisi
3384 1672 3550 1719 sunt:
3578 1665 3645 1719 ad

2068 1762 2294 1818 quorum
2322 1763 2549 1819 corpora
2595 1757 2752 1803 noctu
2793 1748 2883 1803 diu
2923 1750 3087 1804 multa
3127 1751 3216 1805 lux
3260 1768 3544 1823 apparens,
3593 1762 3648 1810 et

392 1843 646 1914 episeopo
676 1851 730 1898 et
774 1842 935 1897 nobili
984 1843 1202 1897 doctore
1247 1842 1388 1897 facto
1410 1882 1424 1906 ,
1467 1843 1836 1913 martyrizavit
1870 1844 1968 1899 sub
1998 1844 2044 1903 Β
2072 1839 2160 1895 tibi
2192 1847 2375 1894 essent
2415 1847 2471 1893 et
2507 1838 2662 1908 cujus
2686 1846 2869 1893 essent
2900 1840 3077 1894 meriti
3105 1840 3419 1896 declaravit.
3445 1843 3646 1900 Eu'lexa

392 1933 614 1989 Claudio
639 1932 896 2002 principe.

463 2020 506 2075 γ
530 2021 662 2076 Κλι..
695 2022 901 2076 ϐοειηερ
929 2031 982 2074 et
1024 2021 1265 2076 Damiani
1298 2023 1396 2077 sub
1434 2025 1805 2091 persecutione
1840 2023 1962 2079 Dio-

394 2109 608 2165 clctiani
642 2116 699 2164 et
720 2108 1047 2174 Maximiani,
1091 2110 1314 2178 praeside
1344 2110 1460 2180 ejus
1485 2110 1644 2181 Lysia
1666 2111 1721 2165 in
1748 2111 1965 2166 civitate

304 2238 309 2243 ρ
393 2199 594 2269 Ᾱῖὶεθεις
621 2199 710 2270 qui
740 2207 862 2269 post
890 2199 1054 2253 multa
1091 2207 1382 2267 tormenta,
1411 2201 1625 2256 vincula
1648 2209 1704 2257 et
1720 2217 1966 2258 carceres

391 2278 664 2357 toleratos,
708 2300 829 2362 post
861 2307 1008 2348 mare
1030 2301 1085 2348 ct
1106 2293 1279 2364 ignes,
1314 2309 1554 2360 crucem,
1583 2295 1959 2367 lapidationem

391 2394 447 2439 et
471 2384 692 2455 sagittas
725 2383 982 2440 divinitus
1015 2393 1316 2454 superatas,
1347 2385 1523 2454 capite
1544 2385 1868 2456 plectuntur.

461 2473 528 2528 ιγ
553 2472 685 2527 ΚΑι..
718 2472 901 2528 Romae
935 2474 1109 2529 natale
1151 2473 1373 2539 Stactei,
1414 2475 1545 2530 etin
1591 2475 1789 2541 Africa,
1820 2476 1963 2531 Mar-

368 2565 554 2631 .tialis,
598 2564 870 2620 Laurentii
896 2574 950 2621 et
976 2565 1203 2621 aliorum
1235 2567 1444 2638 viginti.
1474 2568 1849 2624 Antissiodoro
1873 2570 1968 2625 de-

389 2656 586 2728 positio
620 2655 791 2712 sancti
837 2656 989 2712 Alodi
1034 2657 1286 2729 episropi.
1326 2658 1385 2713 In
1423 2658 1594 2714 Gallia
1621 2661 1839 2716 civitate
1865 2661 1970 2716 Gc-

392 2763 497 2802 nua
541 2747 799 2817 depositio
845 2747 1024 2805 Saloni
1070 2749 1418 2823 [Salomonis]
1465 2752 1720 2822 episcopi.
1768 2752 1967 2808 Eodem

393 2838 481 2894 die
522 2839 575 2894 in
625 2838 911 2896 Germania
968 2841 1230 2912 depositio
1298 2841 1491 2898 Leobaa
1542 2843 1804 2915 virginis,
1849 2858 1970 2912 quae

395 2932 451 2987 in
477 2932 752 2987 Britannia
786 2933 959 2988 insula
985 2949 1047 2988 ex
1082 2934 1353 2989 Saxonum
1391 2945 1547 3005 gente
1577 2946 1719 3000 nata,
1746 2935 1968 3006 virgini-

396 3023 524 3078 tatis
545 3022 876 3093 propositutn
926 3023 977 3077 in
1019 3025 1341 3078 monasterio
1362 3025 1535 3094 posita
1570 3024 1822 3079 nobiliter
1849 3039 1965 3078 ser-

397 3114 559 3179 vavit,
601 3122 784 3184 postea
814 3130 940 3169 vero
969 3118 1019 3167 a'
1044 3121 1229 3168 sancto
1261 3113 1532 3170 Bonifaeio
1563 3114 1965 3183 archiepiscopo

2066 1930 2152 1984 die
2172 1929 2352 1999 passio
2384 1929 2558 1985 sancti
2588 1929 2857 1999 Leutgarii
2887 1929 3387 2000 Augustodunensis
3413 1933 3648 2003 episcopi

2064 2017 2391 2084 celebratur,
2426 2017 2519 2086 qui
2584 2016 3011 2072 Christianorum
3078 2034 3264 2089 regum
3318 2023 3647 2092 temporibus

2064 2107 2286 2166 effectus
2308 2119 2395 2163 est
2420 2116 2648 2180 martyr,
2675 2109 2775 2161 hoc
2799 2115 2900 2172 est,
2927 2107 3183 2162 Ludharii
3210 2110 3371 2180 regis,
3397 2122 3453 2165 et
3480 2111 3650 2165 Theo-

2067 2200 2233 2256 derici
2263 2199 2446 2255 fratris
2463 2198 2601 2267 ejus,
2629 2213 2728 2253 nec
2758 2214 2861 2253 non
2889 2207 2942 2253 et
2974 2198 3207 2263 liiltrici,
3230 2214 3328 2268 per
3356 2199 3645 2259 factionem

2071 2289 2390 2345 malitiosum
2419 2288 2717 2353 Eburwini,
2751 2288 2842 2358 qui
2888 2288 3251 2359 majordomus
3292 2289 3416 2354 fuit,
3458 2290 3647 2346 crude-

2073 2379 2295 2436 lissimis
2337 2380 2622 2435 tormentis
2660 2378 2886 2434 afﬂictus
2929 2379 3318 2449 oculorumque
3363 2380 3646 2437 effossione

2073 2470 2343 2525 cruciatus
2370 2488 2384 2524 :
2416 2470 2482 2524 ad
2511 2478 2813 2524 extremum
2843 2468 3021 2540 gladio
3046 2480 3355 2540 peremptus
3386 2480 3492 2536 est,
3527 2483 3648 2542 post

2071 2560 2224 2631 cujus
2248 2562 2561 2631 martyrium
2584 2561 2767 2616 multis
2788 2561 3169 2617 miraculorum
3192 2562 3361 2634 signis
3388 2562 3646 2619 Dominus

2072 2651 2325 2722 reliquias
2350 2652 2516 2722 ipsius
2541 2652 2881 2720 glorificavit.

2140 2740 2204 2796 IV
2238 2741 2371 2798 Non.
2403 2743 2458 2796 In
2489 2741 2744 2814 Egypto,
2796 2743 2950 2798 Marti
2977 2750 3033 2798 et
3065 2742 3401 2799 Mauriciani.
3434 2742 3640 2806 Rome,

2071 2832 2306 2889 Marcelli
2331 2836 2566 2906 episcopi
2584 2853 2600 2901 ;
2617 2846 2672 2892 et
2695 2838 2746 2891 in
2775 2836 2974 2904 Africa,
2996 2838 3244 2893 Audaeti.
3270 2837 3642 2894 Autissiodoro

2069 2922 2330 2993 depositio
2356 2924 2513 2979 Marsi
2536 2926 2854 2996 presbyteri.

2137 3013 2203 3068 ΙΙΙ
2228 3013 2362 3070 Non.
2387 3015 2447 3068 ln
2470 3015 2652 3071 Sicilia
2682 3016 2860 3073 natale
2886 3016 3058 3074 Eutiei
3096 3016 3392 3091 [Eutychii]
3420 3026 3474 3073 ct
3500 3017 3632 3071 alio-

2068 3115 2189 3155 rum
2232 3101 2469 3171 triginta.
2507 3102 2564 3157 ln
2598 3102 2804 3170 Galliis,
2847 3106 3063 3161 civitate
3088 3106 3351 3173 Valentia,
3381 3106 3638 3176 depositio

400 3203 847 3276 Moguntiacensis
907 3203 1159 3259 Ecclesiae
1206 3205 1258 3259 in
1305 3203 1649 3261 Germaniam
1692 3206 1968 3268 advocata,

2073 3189 2214 3245 beati
2243 3189 2565 3260 Apollinaris
2594 3194 2847 3265 episcopi.
2879 3196 2945 3250 Et
2968 3196 3021 3250 in
3056 3196 3264 3261 Galliis,
3293 3197 3509 3251 civitate
3530 3195 3641 3252 An-

405 3301 462 3347 ut
510 3291 738 3347 famulas
784 3292 875 3347 Dei
935 3293 987 3347 in
1046 3295 1384 3351 monasteriis
1432 3293 1733 3350 Germaniae
1777 3289 2017 3351 divinis'

404 3387 697 3457 Scripturis
724 3387 1011 3441 instrueret
1035 3406 1048 3441 :
1079 3387 1167 3441 ubi
1198 3403 1303 3443 non
1330 3388 1497 3443 solum
1526 3388 1689 3443 multa
1711 3387 1971 3442 miracula

402 3478 590 3533 vivens
636 3476 783 3543 fecit,
829 3477 938 3531 imo
978 3484 1098 3546 post
1136 3477 1339 3531 obitum
1389 3478 1441 3531 in
1489 3476 1757 3532 Bochonia
1794 3476 1967 3541 silva,

405 3568 507 3623 hoc
533 3567 695 3623 estin
727 3567 1052 3626 monasterio
1080 3566 1267 3629 Fulda.
1298 3566 1451 3634 juxta
1488 3566 1760 3621 decretum
1800 3568 1969 3621 sancti

398 3658 658 3714 Bunifacii
697 3660 923 3729 sepulta,
968 3675 1075 3715 non
1111 3659 1295 3731 paucis
1335 3659 1607 3713 miraculis
1631 3659 1969 3714 sanctitatem

403 3766 554 3806 suam
581 3751 894 3806 declaravit.

468 3840 534 3895 ΙΙΙ
570 3840 688 3895 Kal.
720 3841 992 3896 Dedicatio
1015 3840 1256 3895 ecclesia:
1280 3840 1449 3895 sancti
1481 3840 1666 3911 Angeli
1700 3839 1971 3894 Michaelis

398 3931 453 3983 iu
484 3938 665 3985 monte
690 3929 955 3999 Gargano.
978 3929 1034 3983 lu
1058 3929 1286 3984 Thracia
1307 3929 1525 3984 civitate
1550 3929 1774 3984 Eraelca
1793 3928 1972 3984 natale

399 4018 595 4075 Euticii
622 4019 902 4091 [Eutichii]
938 4019 1111 4073 Plauti
1137 4020 1539 4075 :Antissiodoro
1563 4021 1824 4090 depositio
1846 4020 1973 4074 Fra-

403 4110 541 4164 terni
573 4108 828 4178 episcopi.

471 4200 519 4256 ll
559 4199 676 4255 Kal.
726 4199 782 4253 lu
824 4197 1130 4253 Bethlehcm
1156 4196 1325 4263 Iudae,
1365 4199 1626 4268 depositio
1660 4198 1970 4270 Hieronymi

400 4290 720 4363 presbyteri,
748 4289 899 4360 cujus
922 4288 1031 4343 vita
1060 4300 1112 4343 et
1139 4288 1380 4343 doctrina
1413 4289 1610 4358 ubique
1634 4290 1689 4343 in
1718 4289 1973 4346 Ecclesiis

401 4383 603 4439 Christi
629 4380 912 4437 laudabilis
934 4388 1144 4446 exstat;
1180 4380 1449 4450 quomodo
1476 4380 1683 4435 divinos
1709 4380 1877 4436 libros
1904 4396 1969 4436 ex

2025 3280 2032 3287 '
2076 3278 2396 3345 tissiodoro,
2424 3281 2603 3336 natale
2645 3292 2952 3339 sanctorum
3002 3301 3379 3357 germanorum
3416 3285 3638 3343 Finnati

2072 3370 2303 3435 diaconi,
2325 3378 2382 3425 et
2405 3370 2691 3437 Flavianze,
2723 3374 2948 3442 virginis
2973 3375 3082 3430 Deo
3101 3384 3346 3431 sacrata.

2140 3460 2183 3515 ll
2222 3460 2356 3517 Non.
2404 3462 2672 3532 Depositio
2726 3465 2898 3519 sancti
2951 3464 3116 3519 Marci
3163 3465 3429 3535 episcopi;
3479 3474 3533 3519 et
3582 3464 3640 3520 in

2070 3550 2281 3619 Apulia,
2302 3549 2446 3605 Casti
2471 3558 2525 3606 et
2550 3549 2736 3606 ,λΕωίἰί
2769 3552 3040 3625 [ιιΕιιιίΙίἰ].
3083 3553 3141 3608 In
3183 3553 3394 3619 Galliis,
3425 3554 3643 3609 civitate

2069 3643 2311 3713 Agenno,
2339 3644 2515 3698 natale
2536 3646 2708 3700 sancti
2739 3647 2885 3701 Fidei
2909 3649 3180 3720 martyris.
3209 3648 3269 3704 In
3295 3650 3514 3705 civitate
3531 3650 3641 3703 An-

2072 3735 2355 3790 tissiodoro
2385 3737 2646 3805 depositio
2674 3738 2899 3793 Romani
2927 3741 3182 3810 episcopi.

2141 3826 2273 3882 Nos.
2303 3826 2435 3883 Ocr.
2479 3828 2665 3884 Passio
2692 3841 3001 3885 sanctorum
3044 3839 3338 3901 martyrum
3379 3829 3552 3901 Sergii
3589 3839 3644 3886 et

2071 3916 2258 3980 Baebi,
2300 3917 2389 3986 qui
2433 3919 2533 3972 sub
2568 3918 2890 3974 Maximiano
2936 3919 3259 3990 imperatore
3304 3936 3402 3989 pro
3440 3920 3647 3975 Christi

2071 4007 2287 4063 nomine
2310 4007 2453 4076 passi
2480 4017 2621 4062 sunt.
2657 4007 2790 4061 Nam
2817 4007 3039 4079 Sergius
3059 4010 3400 4079 primicerius
3420 4019 3476 4065 et
3494 4009 3645 4079 priu-

2072 4118 2199 4173 ccps
2222 4112 2338 4157 erat
2360 4104 2660 4173 gentilium,
2687 4106 2893 4161 amicus
2912 4105 3270 4177 imperatoris.
3300 4106 3493 4160 Beatus
3513 4122 3645 4163 vero

2071 4194 2282 4250 Bachus
2308 4196 2706 4251 secundicerius
2726 4205 2844 4252 erat
2862 4195 3099 4265 ejusdem
3125 4198 3322 4252 schola:
3342 4197 3639 4267 gentilium.

2072 4284 2136 4339 lli
2169 4300 2299 4356 ergo
2330 4285 2400 4340 ab
2422 4286 2688 4343 Antiocho
2711 4290 2844 4341 duce
2868 4303 2965 4357 pro
3002 4288 3202 4343 Christi
3230 4290 3466 4352 nomine,
3487 4288 3642 4359 jussu

2074 4370 2380 4431 Maximiani
2422 4378 2783 4448 imperatoris,
2818 4379 2964 4448 passi
2991 4387 3117 4434 sunt
3151 4397 3165 4433 :
3216 4380 3287 4433 ita
3337 4388 3395 4434 ut
3433 4379 3646 4435 Bachus

400 4474 576 4542 lingua
600 4472 822 4528 Hebrtea
856 4471 908 4525 in
937 4471 1179 4525 Latinam
1207 4471 1498 4536 transtulit,
1525 4472 1972 4542 propheticosque
2002 4534 2041 4542 _
2073 4468 2199 4521 dum
2247 4477 2501 4525 extensus
2550 4470 2732 4525 crudis
2775 4468 2998 4540 ﬂagellis
3038 4470 3333 4524 caederetur
3376 4469 3648 4524 emitteret

401 4534 567 4619 libros
605 4578 762 4618 sensu
806 4560 1093 4631 allegorice
1132 4561 1399 4630 exposuit.
1595 4534 1772 4617 autem
1815 4534 1968 4617 octo-
1998 4534 2049 4592 D
2075 4557 2339 4625 Spiritum.
2376 4555 2595 4627 Sergius
2632 4573 2758 4613 vero
2802 4534 2923 4627 post
2953 4558 3121 4613 multa
3164 4566 3427 4613 tormenta
3468 4558 3645 4629 gladio

401 4656 545 4722 ginta
575 4661 629 4708 et
650 4662 772 4707 octo
798 4667 1058 4706 annorum
1093 4652 1209 4707 dies
1226 4652 1477 4722 explevit,
1521 4653 1686 4707 vitam
1731 4668 1970 4723 praesen-

403 4754 509 4797 tem
537 4743 811 4807 deserens,
841 4743 905 4797 ad
933 4751 1189 4797 aeternam
1225 4743 1464 4812 requiem
1493 4744 1793 4812 emigravit.

1004 4871 1413 4948 CTOBER.

473 5001 608 5056 Kac.
650 4997 852 5057 Ocres.
897 4999 955 5053 In
997 4998 1202 5065 Galliis,
1239 5002 1457 5058 civitate
1473 5001 1969 5069 Antissiodorense,

400 5090 665 5162 depositio
708 5088 880 5145 sancti
917 5085 1170 5144 Germani
1210 5090 1442 5161 episcopi
1475 5090 1696 5148 Bhemis
1734 5092 1967 5159 civitate,

402 5180 646 5237 Remedii
691 5176 947 5250 episcopi.
973 5176 1191 5233 Adratis
1216 5177 1556 5252 [Attrehatis]
1586 5180 1802 5236 civitate
1830 5180 1972 5235 beati

400 5267 624 5326 Vedasti
650 5269 906 5339 episcopi.
931 5265 1115 5323 Gauda
1140 5268 1487 5334 monasterio,
1524 5268 1695 5324 sancti
1740 5267 1972 5325 Babonis

400 5360 657 5432 episcopi.
686 5360 921 5427 Quorum
964 5358 1203 5414 omnium
1241 5361 1674 5416 conversationes
1721 5368 1776 5414 et
1822 5369 1971 5429 gesta

405 5452 683 5508 miraculis
706 5452 862 5523 plena
886 5451 1189 5520 conscripta
1224 5451 1506 5507 habentur.
1541 5452 1741 5508 Eodem
1768 5454 1855 5509 die
1878 5469 1974 5510 na-

404 5539 513 5594 tale
536 5539 718 5595 Fronti
759 5539 1089 5613 [Frontonis]
1130 5540 1363 5611 episcopi
1401 5549 1456 5595 et
1489 5541 1835 5609 confessoris,
1866 5555 1975 5600 ter-

403 5631 640 5686 minibus
665 5630 952 5704 [terminis]
980 5633 1129 5688 urbis
1174 5633 1530 5691 Petrocoricze
1572 5633 1971 5710 [Petragoricaa]

406 5730 475 5770 ex
509 5717 626 5778 loco
650 5719 739 5788 qui
773 5720 970 5775 dicitur
992 5721 1264 5780 Linicasio
1303 5721 1513 5783 felicem
1558 5723 1729 5797 [felix]
1760 5728 1975 5783 luminis

2075 4659 2245 4699 caasus
2272 4653 2374 4706 est,
2397 4653 2453 4699 et
2477 4645 2555 4700 sic
2585 4646 2834 4715 migravit
2857 4645 2925 4699 ad
2948 4644 3242 4700 Christum.

2147 4730 2257 4786 Vlll
2280 4732 2356 4786 In.
2380 4732 2513 4789 Oc'r.
2539 4732 2724 4788 Natale
2741 4733 3025 4803 Beparataa
3044 4733 3268 4801 virginis
3292 4742 3348 4787 et
3370 4733 3643 4803 martyris,

2076 4837 2194 4891 quae
2220 4836 2375 4890 passa
2404 4831 2487 4878 est
2526 4823 2579 4877 in
2610 4808 2872 4887 Caesarea,
2904 4823 3036 4878 urbe
3061 4822 3378 4888 Palaestinae,
3407 4823 3507 4877 sub
3545 4822 3648 4877 De-

2075 4912 2163 4965 cio
2217 4911 2462 4979 praeside.
2516 4910 2643 4968 Haec
2699 4928 2820 4968 cum
2873 4912 3040 4968 nollet
3092 4913 3246 4968 idolis
3296 4914 3642 4978 sacrificare,

2077 4999 2251 5070 primo
2280 4999 2516 5055 adhibita
2541 5009 2625 5057 est
2645 5000 2717 5055 illi
2742 5001 2844 5056 olla
2870 5001 3087 5073 plumbo
3127 5001 3369 5057 fervente
3392 5002 3641 5072 impleta:

2076 5100 2262 5160 postea
2301 5089 2553 5147 abscissa:
2592 5101 2717 5147 sunt
2749 5093 2821 5147 illi
2864 5095 3130 5161 mamilhe,
3158 5103 3213 5151 et
3254 5094 3526 5164 lampades
3563 5109 3647 5148 ar.

2078 5177 2266 5234 dentes
2295 5180 2580 5245 adbibiue;
2609 5180 2800 5237 deinde
2837 5181 2891 5236 in
2932 5182 3203 5236 caminum
3231 5183 3371 5254 ignis
3403 5184 3644 5239 ardentis

2078 5266 2243 5322 inissa
2268 5278 2350 5323 est
2376 5287 2387 5321 :
2417 5284 2535 5338 qua:
2559 5284 2680 5325 cum
2710 5270 2761 5325 in
2791 5270 2935 5325 nullo
2965 5271 3037 5325 ibi
3064 5269 3252 5326 fuisset
3278 5271 3428 5338 lazsa,
3455 5274 3521 5327 ad
3548 5291 3644 5328 ex-

2080 5369 2309 5416 tremum
2337 5362 2593 5417 decollata
2623 5372 2725 5428 est,
2770 5372 2824 5418 et
2870 5363 3124 5420 continuo
3151 5363 3217 5419 de
3242 5364 3381 5418 collo
3405 5362 3521 5432 ejus
3552 5381 3643 5419 es.-

2078 5455 2174 5510 ivit
2228 5454 2474 5511 columba
2529 5455 2679 5522 alba;
2735 5457 2887 5527 cujus
2934 5470 3129 5525 corpus
3164 5464 3455 5525 rapuerunt
3486 5456 3642 5511 Chri-

2077 5544 2259 5612 stiani,
2291 5554 2348 5601 et
2370 5547 2642 5601 conditum
2673 5547 3005 5601 aromatibus
3031 5547 3375 5616 sepelierunt.

2152 5639 2239 5695 Vll
2266 5638 2343 5693 In.
2371 5639 2426 5693 lu
2449 5638 2656 5693 Parisio
2682 5638 2859 5707 passio
2890 5640 3123 5709 Dionysii
3164 5638 3400 5708 episcopi
3427 5647 3481 5693 et
3503 5651 3639 5690 tuar-

2079 5728 2231 5800 tyris,
2255 5727 2544 5782 Eleutherii
2575 5725 2874 5797 presbyteri
2915 5726 3186 5783 etRustici
3232 5726 3441 5782 diaconi
3468 5744 3482 5780 :
3510 5739 3637 5796 quos
