4028 6196
372 325 515 380 “73

1687 318 1878 374 MART
1894 317 2313 376 \‘ROLOGlUM.

3499 319 3633 374 ΗΠ

369 446 403 475 ι
438 432 676 488 referunt
696 448 727 487 a
753 431 1029 488 Clemente
1055 447 1190 503 papa
1220 432 1272 487 in
1302 431 1535 487 Galliam
1562 431 1627 486 ad
1652 432 1949 502 prurdican-
1976 432 2024 492 Α
2054 431 2342 487 mundanis
2372 428 2640 486 illecebris
2665 427 2843 485 dedita
2874 446 2888 484 :
2919 437 3106 500 postea
3137 444 3265 486 vero
3286 447 3386 502 per
3406 435 3632 503 gratiam

368 526 501 579 dum
529 525 750 579 verbum
784 525 875 579 Dei
907 526 1099 581 missos
1128 535 1183 580 et
1207 526 1404 580 ibidem
1429 526 1826 596 martyrizatos.
1850 525 1955 580 Ea-

369 613 498 671 dem
528 614 615 668 die
642 613 818 668 natale
846 622 930 670 est
959 615 1207 669 Domnini
1233 615 1505 686 martyris,
1536 616 1626 683 qui
1657 615 1759 669 sub
1782 614 1955 670 Maxi-

370 704 558 759 miano
597 703 922 773 imperatore
951 713 1173 775 propter
1222 704 1381 759 fidem
1421 703 1621 759 Christi
1662 703 1955 760 decollatus

368 803 458 850 est
494 793 649 863 jussu
708 794 874 864 ipsius
918 794 1256 865 imperatoris
1291 812 1306 848 :
1342 795 1429 848 hic
1467 802 1592 864 post
1632 794 1954 867 martyrium

366 903 534 943 suum
568 887 734 942 multa
757 886 1020 943 miracula
1043 884 1176 943 fecit
1198 886 1256 943 in
1283 888 1518 944 sanitate
1540 888 1879 944 infirmorum
1900 895 1955 945 et

369 979 655 1035 debilium.

448 1067 513 1122 Vl
543 1068 617 1122 lo.
646 1067 702 1121 In
730 1067 1023 1133 Britannia,
1051 1067 1255 1122 Paulini
1296 1068 1522 1123 Eburaci
1552 1067 1807 1138 episcopi.

446 1156 489 1210 ν
516 1157 593 1211 in.
646 1157 703 1210 In
749 1155 942 1221 Gallia,
981 1156 1198 1212 civitate
1242 1158 1502 1224 Turonis,
1550 1159 1814 1230 depositio
1851 1156 1952 1215 Ye-

370 1247 550 1301 uautii
568 1247 782 1301 abbatis
814 1256 869 1300 et
892 1244 1237 1303 confessoris.

448 1339 512 1391 μ’
545 1339 619 1392 In.
653 1338 837 1393 Romae
873 1338 1048 1392 natale
1079 1338 1283 1392 lledisti
1333 1336 1594 1410 [Edistii],
1629 1338 1764 1393 etin
1794 1337 1951 1409 Syria

369 1429 585 1484 Eustati
606 1429 924 1503 [Eustachii]
950 1431 1251 1503 presbyteri
1276 1473 1292 1495 ,
1322 1442 1379 1487 et
1418 1432 1738 1494 Eucharisti,
1775 1432 1950 1497 Burri,

368 1519 597 1583 Bonati;
625 1530 680 1574 et
708 1520 760 1574 in
789 1519 1101 1591 Campania,
1120 1520 1316 1577 Patria:
1335 1521 1645 1578 Fortunate
1666 1520 1781 1582 (Sic
1802 1521 1948 1593 mm).

443 1607 510 1661 lll
538 1608 613 1662 lo.
643 1608 698 1662 ln
727 1609 977 1678 Hispanis
1005 1610 1183 1665 natale
1217 1611 1422 1678 Fatis-ti,
1448 1612 1611 1668 Marci
1650 1620 1705 1668 et
1744 1611 1946 1673 altrim;

366 1706 427 1752 et
476 1698 529 1752 in
576 1698 970 1765 Chalcedonia,
1022 1700 1299 1768 Marcelli;
1360 1711 1415 1758 et
1484 1702 1539 1757 in
1594 1700 1945 1763 Alexandria,

365 1788 545 1842 sancti
571 1787 841 1845 Anastasii
866 1790 1124 1860 episcopi.

444 1877 486 1931 ll
512 1877 588 1932 lo.
619 1878 806 1933 Natale
836 1880 1008 1935 sancti
1043 1880 1248 1936 Callisti
1288 1896 1459 1951 papat,
1486 1881 1580 1951 qui
1616 1882 1668 1937 lu
1703 1895 1951 1952 persecu-

366 1966 520 2021 tione
545 1966 834 2023 Alexandri
866 1969 1206 2038 imperatoris
1234 1971 1435 2026 diutius
1464 1972 1514 2025 in
1550 1985 1769 2027 carcere
1813 1971 1951 2027 fame

362 2056 665 2122 cruciatus,
694 2066 750 2114 et
767 2060 1004 2128 quotidie
1042 2059 1273 2117 fustibus
1295 2077 1487 2129 caesus,
1513 2078 1610 2132 per
1632 2064 1889 2119 visionem
1918 2079 1950 2117 a

360 2147 686 2217 presbytero
722 2166 819 2205 suo
846 2148 1155 2221 Calcpodio,
1180 2153 1271 2222 qui
1296 2161 1452 2208 antea
1483 2153 1795 2225 manyrium
1823 2169 1952 2209 con-

361 2247 755 2302 summaverat,
795 2240 1124 2296 confortatus
1167 2250 1222 2296 ct
1266 2243 1569 2298 consolatus
1610 2255 1713 2297 est.
1753 2242 1856 2310 Qui
1893 2241 1951 2298 iu

360 2340 595 2380 carcere
631 2326 822 2381 eodem
878 2331 1101 2399 positus,
1129 2333 1410 2401 quemdam
1454 2332 1700 2397 militem,
1739 2331 1953 2391 nomine

359 2414 673 2483 Privaum,
702 2417 771 2472 ab
807 2417 1044 2474 ulcerum
1070 2421 1254 2477 dolore
1276 2437 1339 2477 ac
1382 2422 1625 2479 foeditate
1671 2422 1829 2478 simul
1859 2438 1952 2479 cu-

360 2508 531 2562 ravit.
583 2508 736 2576 Quod
776 2510 1001 2567 audiens
1037 2510 1359 2578 Alexander,
1387 2513 1560 2583 ipsum
1605 2512 1954 2584 quidet'tuni-

362 2592 522 2648 litem
571 2594 698 2648 fecit
741 2595 1029 2664 plumbatis
1076 2597 1326 2663 deficere,
1366 2598 1583 2653 beatum
1630 2613 1761 2654 vero
1793 2599 1953 2655 Calli-

364 2695 516 2743 stum
548 2702 644 2758 per
669 2687 956 2744 fenestram
994 2691 1185 2747 domus
1229 2693 1575 2765 prmeipitari,
1606 2702 1661 2748 et
1686 2693 1850 2767 ligato
1883 2695 1949 2750 ad

366 2776 570 2830 collum
597 2774 713 2844 ejus
742 2792 892 2843 saxo,
916 2778 968 2832 in
998 2789 1218 2848 puteum
1245 2782 1509 2854 demergi,
1536 2791 1592 2839 et
1625 2785 1680 2838 in
1708 2799 1828 2839 eum
1855 2800 1953 2857 per

370 2867 571 2920 rudera
597 2868 877 2922 cumulari.
896 2869 1030 2940 .Post
1074 2871 1189 2926 dies
1214 2887 1342 2926 vero
1370 2875 1776 2942 quatuordecim
1801 2891 1951 2946 pres-

368 2958 532 3028 byter
576 2958 691 3026 ejus
730 2958 1015 3026 Asterius,
1055 2977 1179 3016 cum
1233 2962 1446 3019 clericis
1494 2973 1657 3019 noctu
1705 2968 1949 3029 veniens,

370 3049 574 3103 levavit
615 3065 808 3120 corpus
842 3059 896 3105 et
924 3052 1167 3122 sepelivit
1194 3053 1244 3107 in
1270 3054 1584 3109 ctemeterio
1613 3054 1882 3125 Calepodii
1908 3056 1950 3110 ll

368 3139 452 3193 ιιι.
484 3138 603 3193 Oct.
646 3140 845 3195 Eodem
886 3142 990 3207 die,
1027 3141 1271 3197 Corduba
1318 3144 1551 3207 civitate,
1585 3146 1757 3199 sancti
1792 3145 1947 3216 Lupi,

371 3230 624 3285 Aureliae.
674 3231 930 3302 Lugduno
984 3232 1169 3289 Gallia:
1192 3234 1469 3290 translatio
1529 3238 1768 3307 corporis
1811 3235 1949 3293 Justi

375 3321 615 3391 episcopi
645 3329 701 3376 et
732 3323 1074 3379 confessoris.

448 3410 525 3464 lo.
550 3409 714 3466 Gallis
741 3411 795 3466 in
824 3412 1043 3468 Colonia
1088 3411 1233 3484 Agro
1277 3413 1492 3470 Pinensi
1531 3415 1709 3472 natale
1741 3416 1952 3473 Mauro-

374 3518 535 3567 rum;
575 3510 630 3556 et
675 3502 729 3556 in
772 3500 970 3572 Capua,
1007 3502 1201 3569 Libuli,
1234 3511 1289 3559 et
1316 3512 1516 3560 sancta:
1544 3504 1850 3563 Fortunatae
1897 3508 1951 3563 in

375 3597 580 3667 patrias
607 3594 809 3668 (Forte,
840 3594 1240 3667 imperatricis].

450 3686 589 3743 XVII
620 3685 753 3741 ΚΑΙ..
782 3685 916 3743 Nov.
941 3685 1213 3756 Depositio
1244 3688 1412 3743 sancti
1436 3686 1571 3745 Galli
1602 3689 1949 3747 confessoris.

379 3779 435 3834 ln
466 3779 592 3833 Asia
622 3777 799 3832 natale
818 3775 999 3832 Cereae
1026 3784 1079 3831 et
1108 3776 1332 3832 aliorum
1361 3779 1713 3836 ducentorum
1739 3787 1954 3850 septua-

382 3869 550 3939 ginta.

455 3956 570 4011 XVI
600 3956 732 4011 ΚΜ..
760 3956 817 4011 1n
835 3955 1163 4023 Nicomedia,
1188 3956 1498 4013 Alexandri.
1526 3958 1583 4013 In
1607 3958 1951 4025 Mauritania,

383 4046 527 4111 Nini,
562 4046 805 4114 Victurii,
835 4047 1142 4113 Nobilitani,
1172 4047 1450 4117 Mauriani,
1482 4049 1654 4118 Lucii,
1679 4052 1869 4108 Mittini
1900 4063 1955 4107 et

383 4139 776 4193 tiresccntiani.

459 4227 548 4282 XV
574 4228 708 4281 list.
739 4228 920 4283 Sancti
969 4227 1126 4283 Lucae
1146 4231 1507 4300 evangelista,
1534 4233 1625 4301 qui
1660 4234 1759 4287 fuit
1785 4234 1956 4304 Syrus

386 4317 779 4382 Antiochensis,
808 4327 925 4372 arte
953 4319 1205 4380 medicus,
1251 4321 1538 4388 discipulus
1569 4322 1953 4391 apostolorum,

2056 522 2173 588 Dei,
2207 530 2259 576 ct
2285 520 2456 577 sancti
2494 520 2733 577 Nononis
2771 520 2993 593 [Nonni]
3022 522 3255 594 episcopi
3290 523 3536 593 dogmata
3567 526 3634 579 ad

2055 612 2214 668 fidem
2238 611 2437 668 Christi
2465 627 2744 675 conversa,
2773 623 2824 666 et
2860 611 2929 665 ab
2954 612 3142 668 eodem
3178 610 3427 682 episcopo
3455 612 3632 682 bapti-

2053 711 2194 765 zata,
2227 712 2392 758 totam
2423 704 2778 760 substantiam
2807 710 2863 758 et
2903 702 3286 772 supellectilem
3325 718 3477 758 suam
3507 720 3630 775 pau-

2052 794 2270 866 peribus
2291 794 2538 866 erogavit
2561 809 2577 850 :
2604 794 2826 864 ipsaque
2845 792 3021 849 cilicio
3046 793 3250 856 induta,
3274 801 3328 847 et
3355 793 3448 848 vili
3478 794 3633 848 indu-

2054 894 2237 943 mento
2279 887 2497 951 vestita,
2552 886 2606 941 in
2649 886 3132 957 peregrinationem
3180 887 3440 955 perrexit,
3485 895 3539 943 et
3582 881 3634 935 in

2049 975 2398 1050 Jerosolymis
2448 976 2549 1032 sub
2612 975 2756 1031 virili
2804 975 2987 1030 habitu
3061 977 3411 1031 monasticam
3467 977 3624 1032 vitam

2052 1067 2225 1122 duxit.
2258 1066 2646 1122 Construxerat
2674 1067 2817 1121 enim
2858 1066 2960 1121 sibi
3000 1066 3276 1136 parvulam
3306 1066 3549 1122 cellulam
3578 1068 3633 1123 in

2054 1167 2235 1214 monte
2257 1156 2469 1223 Oliveti,
2503 1156 2591 1213 ubi
2635 1157 2893 1212 Dominus
2931 1158 3126 1212 cadum
3166 1159 3438 1224 ascendit,
3476 1165 3532 1214 et
3557 1158 3631 1213 ibi

2052 1247 2215 1301 vitam
2239 1254 2556 1317 praesentem
2585 1246 2775 1311 finivit,
2804 1255 2967 1317 atque
2986 1247 3055 1301 ad
3075 1247 3238 1302 vitam
3264 1256 3521 1303 teternam
3556 1247 3632 1304 fc-

2052 1335 2229 1393 !iciter
2267 1337 2535 1408 migravit.

2121 1433 2235 1489 Xll!
2261 1432 2395 1487 Kac.
2429 1430 2617 1486 Natale
2647 1430 2928 1501 Simplicii.
2971 1430 3124 1502 cujus
3165 1431 3387 1487 castitas
3418 1438 3475 1486 et
3517 1429 3653 1485 vita

2051 1522 2327 1579 miraculis
2353 1523 2576 1593 probata
2610 1520 2893 1576 iriultorum
2924 1522 3112 1578 salutis
3139 1538 3301 1578 causa
3326 1522 3445 1587 fuit,
3471 1522 3543 1577 ita
3571 1532 3631 1577 ut

2051 1613 2214 1668 trium
2246 1612 2470 1667 tniltinm
2496 1612 2774 1667 hominum
2803 1612 3088 1668 multitudo
3115 1613 3319 1684 gremio
3355 1613 3659 1684 genitricis.

2054 1702 2305 1759 Ecclesiae
2331 1701 2692 1773 exciperetur,
2721 1717 2786 1757 ac
2821 1700 3001 1756 vitalis
3031 1701 3226 1758 lavacri
3269 1700 3418 1757 fonte
3459 1701 3631 1757 dilue-

1979 1768 2026 1829 Β
2053 1806 2225 1853 retur.

2120 1883 2213 1942 XII
2236 1883 2369 1940 Kar.
2401 1882 2584 1939 Sancti
2613 1883 2791 1939 Patris
2818 1885 2985 1941 uestri
3015 1883 3327 1950 Hilarionis,
3350 1880 3506 1953 cujus
3528 1884 3627 1939 Vi—

2051 1984 2160 2031 tam
2188 1972 2547 2044 iiietcnymus
2574 1972 2861 2027 virtutibus
2888 1971 3098 2043 plenam
3148 1971 3487 2043 conscripsit.
3521 1971 3626 2027 Eo-

2048 2065 2170 2121 dem
2196 2064 2283 2119 die
2312 2062 2490 2118 natale
2514 2063 2686 2117 sancti
2724 2062 3253 2135 Asterii-presbyteri
3274 2061 3503 2128 Callisti,
3534 2064 3626 2134 qui

2049 2170 2169 2211 cuitu
2195 2169 2389 2225 corpus
2419 2154 2535 2225 ejus
2577 2154 2842 2210 elevatum
2869 2154 2938 2210 de
2975 2163 3139 2226 puteo
3179 2155 3475 2226 sepelisset,
3506 2165 3629 2226 post

2049 2247 2165 2304 dies
2196 2260 2306 2302 nes
2327 2246 2551 2302 audiens
2580 2245 2685 2301 hoc
2706 2244 3012 2301 Alexander
3035 2245 3347 2315 imperator,
3373 2245 3630 2317 prmcepit

2047 2351 2172 2394 eum
2196 2350 2295 2408 per
2312 2347 2531 2408 pontem
2559 2335 2900 2407 prtecipitari.
2929 2334 3093 2408 Cujus
3120 2350 3318 2408 corpus
3347 2336 3629 2392 inventum

2048 2435 2134 2484 est
2161 2435 2219 2484 et
2237 2441 2270 2482 a
2298 2429 2615 2500 quibusdam
2638 2428 2960 2486 Christianis
2982 2428 3039 2484 in
3065 2429 3257 2485 eadem
3282 2429 3505 2488 civitate
3537 2446 3653 2487 θοι

2048 2517 2279 2591 pultum.
2308 2517 2580 2591 Scriptum
2607 2519 2662 2575 in
2689 2519 2939 2590 passione
2965 2519 3135 2575 sancti
3159 2518 3363 2575 Callisti
3384 2534 3554 2592 papaa.

2120 2607 2193 2665 XI
2213 2607 2349 2666 ΚΑι.
2370 2608 2428 2665 In
2450 2610 2725 2681 provincia
2746 2609 2989 2665 Thracia:
3009 2609 3134 2665 etin
3151 2608 3635 2680 Adrianopolitana
3666 2642 3671 2647 -

2049 2700 2269 2758 civitate
2303 2702 2485 2773 passio
2529 2701 2760 2773 Philippi
2789 2701 3045 2773 episcopi,
3087 2709 3143 2758 et
3174 2700 3362 2758 Severi
3406 2704 3628 2775 presby-

2052 2791 2174 2859 teri,
2203 2798 2365 2863 atque
2397 2790 2664 2848 Hermetis
2702 2791 2949 2857 diaconi,
2973 2791 3065 2862 qui
3111 2791 3488 2861 persecutione
3530 2807 3632 2848 sa:-

2051 2883 2229 2939 viente
2255 2882 2684 2939 Christianorum
2714 2881 2967 2938 ecclesias
3004 2880 3259 2937 claudere,
3301 2890 3359 2936 et
3396 2881 3653 2945 spoliare.

2044 2970 2197 3041 jussu
2242 2972 2580 3041 imperatoris
2620 2988 2716 3041 per
2758 2972 2967 3041 iniquos
3011 2972 3270 3041 przesides
3294 2973 3630 3028 contradice—

2051 3064 2204 3132 bant,
2241 3072 2297 3119 et
2322 3065 2394 3119 ob
2420 3066 2524 3120 hoc
2556 3080 2652 3134 per
2695 3065 2921 3121 Passum
2960 3065 3266 3135 praesidem,
3310 3081 3410 3122 nec
3445 3080 3550 3121 non
3576 3072 3631 3121 et

2049 3159 2340 3226 Iustinum,
2391 3158 2577 3216 multis
2624 3160 2906 3216 tormentis
2946 3157 3341 3226 adiciebantur,
3392 3161 3497 3216 hoc
3546 3170 3633 3219 est

2049 3252 2383 3317 carceribus,
2407 3250 2653 3314 vinculis,
2679 3250 2921 3322 ﬂagellis,
2948 3250 3015 3305 ad
3041 3251 3446 3309 ultimumvero
3468 3250 3623 3307 flam-

2051 3356 2259 3396 marum
2284 3340 2563 3406 incendio,
2585 3338 2680 3394 sed
2707 3339 2921 3394 Domini
2944 3339 3146 3396 virtute
3190 3341 3431 3396 roborati
3454 3355 3653 3411 usque,

2051 3433 2105 3488 in
2128 3432 2287 3488 tinem
2307 3432 2362 3486 in
2380 3430 2717 3487 confessione
2737 3429 2969 3485 nominis
2987 3427 3105 3498 ejus
3122 3438 3625 3500 perseveraverunt.

2122 3522 2168 3577 Χ
2195 3521 2331 3578 Kac.
2353 3521 2603 3578 Venantii
2628 3518 2861 3586 abbatis,
2879 3519 2989 3589 qui,
3016 3527 3198 3591 spreto
3216 3519 3399 3575 sareuli
3424 3519 3551 3574 luxu
3574 3528 3631 3573 et

2052 3612 2252 3682 nuptiis
2292 3610 2619 3676 carnalibus,
2664 3608 2827 3681 elegit
2875 3608 3231 3664 monasticam
3280 3609 3480 3675 vitam,
3521 3624 3627 3678 qua

2055 3702 2164 3760 Deo
2205 3702 2313 3759 soli
2343 3701 2590 3758 serviret.
2636 3700 2772 3755 Nam
2813 3713 2935 3754 cum
2976 3699 3030 3754 in
3072 3699 3408 3772 monasterio
3456 3700 3627 3754 sancti

2053 3793 2273 3850 Martini
2312 3792 2521 3848 abbatis
2546 3790 2719 3847 cilicio
2752 3789 2970 3845 functus
3008 3790 3095 3845 die
3141 3789 3416 3845 Dominica
3444 3830 3458 3856 ,
3506 3805 3630 3845 ora-

2053 3885 2199 3942 tione
2231 3884 2463 3955 expleta,
2493 3888 2877 3946 reverteretur,
2909 3896 3072 3951 super
3109 3880 3373 3936 bacellum
3419 3889 3629 3936 susten-

2056 3983 2224 4041 tatus,
2252 3975 2304 4030 in
2327 3974 2503 4029 medio
2529 3970 2853 4028 confessoris
2876 3970 3017 4025 atrio
3035 3970 3233 4029 erectis
3255 3970 3475 4025 auribus
3501 3986 3629 4026 ocu»

2054 4065 2227 4137 lisque
2260 4065 2326 4120 ad
2365 4063 2557 4120 cmlum
2595 4058 2896 4118 diutissime
2928 4068 3166 4116 attentus
3198 4059 3347 4115 stetit
3384 4059 3633 4115 immobi-

2056 4158 2140 4214 lis.
2170 4157 2372 4213 Deinde
2398 4165 2574 4212 motus
2612 4171 2643 4209 a
2672 4155 2791 4210 loco
2814 4153 2978 4225 coepit
3002 4154 3133 4209 dare
3162 4151 3394 4225 gemitus
3446 4168 3509 4208 ac
3542 4169 3631 4207 su-

2054 4249 2218 4319 spiria
2248 4247 2405 4318 longa
2445 4246 2763 4317 producere,
2794 4244 3259 4311 interrogatusque
3286 4258 3317 4297 a
3352 4241 3466 4297 suis
3503 4241 3633 4310 quid

2054 4340 2159 4395 hoc
2194 4347 2361 4402 esset,
2406 4345 2498 4392 aut
2539 4336 2584 4392 si
2633 4334 2833 4406 aliquid
2872 4334 3060 4388 fuisset
3103 4333 3340 4387 divinum
3384 4332 3633 4392 intuitus.

384 4414 570 4505 ιιοειξθίι
596 4405 821 4505 Palmum?
860 4417 1079 4505 δθειξιυε
1105 4423 1272 4476 usque
1306 4409 1371 4464 ad
1398 4409 1787 4465 ευιιίυεὸίοηθηι
1817 4410 1954 4479 eius:
1982 4447 2035 4505 ι)
2061 4435 2368 4492 enarraret,
2412 4426 2688 4496 respondit
2721 4405 2734 4478 ἐ
2771 4445 2790 4477 ‹
2831 4423 2918 4479 Va:
2950 4423 3106 4478 nobis
3151 4423 3410 4479 inertibus
3457 4430 3511 4477 et
3552 4424 3631 4493 pi-

384 4496 629 4550 serviens
672 4495 900 4552 Domino
938 4497 1055 4551 sine
1096 4498 1340 4559 crimine,
1367 4514 1541 4568 neque
1589 4513 1812 4554 uxorem
1854 4517 1956 4555 un-

386 4602 549 4656 quam
577 4588 800 4651 habens,
850 4603 1024 4657 neque
1054 4588 1212 4653 ﬁlios,
1250 4590 1583 4660 septuaginta
1607 4600 1841 4662 quatupr
1864 4605 1961 4646 an-

382 4691 602 4740 norum,
643 4676 775 4730 obiit
810 4678 864 4731 in
905 4678 1154 4749 Bithynia
1191 4679 1377 4748 plenus
1419 4680 1622 4748 Spiritu
1645 4693 1871 4747 sancto;
1906 4690 1962 4736 et

389 4765 575 4822 Romae
596 4776 796 4822 sanctae
816 4767 1144 4836 'l‘ripbonize,
1168 4768 1352 4823 uxoris
1378 4769 1520 4823 Decii
1546 4769 1796 4838 Ctesaris,
1818 4786 1956 4840 quae,

388 4859 506 4913 viro
530 4874 627 4913 suo
657 4867 777 4928 post
817 4858 1241 4914 interfectionem
1266 4860 1542 4913 beatorum
1579 4860 1719 4916 Xisti
1743 4870 1796 4918 et
1819 4860 1961 4917 Lan-

390 4948 550 5002 rentii
592 4947 848 5003 divinitus
882 4948 1086 5017 punito,
1132 4950 1284 5019 petiit
1325 4964 1384 5005 se
1414 4949 1677 5018 baptizari
1704 4966 1826 5007 cum
1855 4952 1960 5007 ﬁlia

395 5041 542 5095 Decii
572 5040 767 5111 Cyr-illa
801 5057 831 5095 a
875 5040 1087 5096 Justino
1117 5042 1451 5111 presbytero,
1493 5049 1548 5095 et
1583 5042 1688 5097 alia
1734 5043 1821 5098 die
1865 5044 1962 5099 de-

389 5126 574 5183 functa
610 5139 714 5195 est,
746 5146 810 5184 ac
839 5128 994 5197 juxta
1023 5138 1270 5184 sanctum
1317 5129 1655 5199 Hippolytum
1694 5131 1747 5185 in
1774 5141 1962 5203 crypta

387 5217 621 5286 sepulta.

459 5307 578 5365 XIV
626 5306 759 5363 Κλι..
809 5308 997 5363 Natale
1032 5316 1232 5363 sancta:
1271 5307 1517 5379 Pelagiaa,
1564 5324 1684 5378 quae
1729 5310 1962 5381 primum

388 5396 490 5458 fuit
517 5403 619 5457 sub
644 5401 961 5472 gentilitatis
997 5401 1102 5455 ritu
1143 5399 1442 5456 meretricis
1474 5400 1646 5455 otlieio
1678 5400 1880 5468 functa,
1909 5409 1964 5457 et

460 5548 487 5576 ι
513 5532 736 5590 Videtur
781 5534 1028 5605 dubitare
1063 5534 1333 5599 Rabanus,
1354 5551 1428 5605 an
1447 5534 1734 5605 Dionysius
1764 5535 1961 5590 missus

387 5605 549 5659 fuerit
594 5606 647 5659 in
693 5604 897 5659 Gallias
927 5622 959 5660 a
987 5604 1260 5660 Clemente
1288 5620 1303 5669 ;
1335 5604 1552 5658 dubium
1592 5604 1798 5659 indicat
1831 5606 1959 5661 illud

386 5674 634 5742 referunt.
680 5674 831 5728 Nono
871 5676 1067 5730 sarculo
1112 5674 1255 5728 illam
1291 5673 1596 5742 opinionem
1643 5673 1856 5729 fovebat
1903 5686 1959 5730 et

2058 4518 2193 4589 gris.
2223 4532 2350 4573 ecce
2365 4515 2480 4585 jam
2504 4516 2555 4569 in
2582 4514 2719 4570 caelo
2739 4514 3023 4569 missarum
3056 4512 3314 4568 solemnia
3340 4513 3632 4583 expediun-

2062 4618 2171 4673 tur,
2197 4615 2253 4662 et
2276 4622 2374 4660 nos
2398 4619 2586 4675 segnes
2624 4619 2724 4659 nec
2761 4604 3014 4660 inchoare
3055 4603 3315 4674 carpimus
3344 4603 3504 4673 lmjus
3533 4607 3634 4660 mi«

2062 4694 2267 4751 nisterii
2293 4701 2708 4749 sacramentum.
2740 4691 2899 4759 Vere,
2932 4691 3122 4761 inquit,
3150 4693 3271 4749 dico
3299 4694 3452 4750 vobis
3490 4694 3631 4763 quod

2061 4801 2161 4855 ego
2189 4783 2367 4838 audivi
2388 4797 2548 4837 voces
2577 4782 2885 4852 angelorum
2905 4781 2960 4837 in
2981 4782 3134 4837 caelis
3160 4792 3377 4840 sanctos
3395 4785 3448 4839 in
3477 4783 3632 4839 laude

2064 4872 2271 4928 Domini
2296 4872 2708 4943 proclamantes,
2746 4892 2765 4923 ι
2794 4880 2848 4926 et
2873 4872 3017 4927 dicto
3034 4873 3193 4928 citius
3219 4873 3273 4928 in
3304 4877 3633 4947 monasterio

2065 4966 2347 5019 missarum
2392 4962 2651 5018 solemnia
2696 4961 2860 5030 cmpit
2904 4962 3142 5033 explere.
3201 4962 3307 5020 Sed
3353 4946 3453 5021 nec
3503 4966 3629 5023 illud

2062 5054 2366 5123 praeteribo,
2397 5053 2539 5122 quod
2559 5049 2788 5120 quadam
2817 5050 2933 5106 vice
2968 5052 3093 5107 dum
3113 5052 3267 5122 juxta
3291 5058 3632 5112 consuetudi-

2062 5158 2207 5208 nem,
2236 5151 2297 5197 ut
2333 5156 2497 5213 supra
2526 5139 2777 5206 diximus,
2803 5141 2870 5197 de
2906 5141 3164 5207 basilicis,
3193 5159 3329 5213 quas
3369 5145 3631 5202 orationis

2062 5233 2232 5303 gratia
2284 5232 2511 5294 adierat,
2558 5228 2855 5299 repedaret.
2895 5238 2952 5285 et
2992 5231 3045 5285 in
3090 5231 3310 5286 basilica
3338 5232 3403 5285 ad
3438 5235 3626 5290 missas

2063 5324 2355 5379 Dominica:
2387 5322 2649 5377 orationis
2691 5322 2853 5376 verba
2892 5323 3338 5389 decantarentur,
3384 5340 3506 5379 cum
3554 5325 3629 5383 illi

2061 5416 2347 5471 dixerunt:
2376 5411 2561 5466 Libera
2582 5428 2675 5465 nos
2698 5428 2731 5465 α
2756 5411 2915 5476 malo,
2940 5411 3144 5466 audivit
3168 5427 3199 5467 e
3226 5413 3429 5468 tumulo
3454 5413 3628 5483 cujus-

2063 5547 2309 5602 tuebatur
2350 5543 2651 5609 llilduinus,
2702 5542 2922 5599 Rabano
2966 5556 3199 5608 coaevus,
3245 5544 3339 5599 sed
3392 5546 3629 5601 nondum

2062 5616 2381 5672 invaltterat.
2414 5613 2549 5667 Bxsx
