4028 6196
443 318 579 376 H75

1087 319 1147 373 Β.
1189 318 1438 373 RABANI
1477 319 1695 376 MAURI
1729 318 2050 375 ARCHIEP.
2093 316 2402 375 MOGUNT.
2426 318 2711 375 OPERUM
2753 319 2931 375 PARS
2968 320 3034 375 ll.

3567 327 3706 380 “76

442 437 563 489 dam
596 444 785 488 vocem
811 429 1076 486 dicentem
1106 428 1353 486 similiter
1380 448 1392 484 :
1425 428 1610 484 Libera
1656 447 1749 485 nos
1782 448 1813 485 a
1856 428 2013 494 melo,
2045 430 2095 489 Α
2122 434 2233 482 tum
2255 425 2371 497 ejus
2392 429 2461 482 ab
2493 428 2596 484 hac
2627 428 2789 483 etiam
2812 442 2971 498 pinna
3010 428 3204 485 illzcsos
3224 430 3478 486 educere.
3519 453 3537 484 ι
3582 434 3702 489 Mox

439 522 583 595 quod
617 536 724 576 non
766 520 885 574 sine
920 516 1266 588 perfectionis
1291 526 1484 573 merito
1518 528 1787 585 censetur,
1816 527 1874 573 ut
1901 520 2017 574 hcec

440 615 725 669 meruisset
746 610 950 666 audire.
985 607 1179 664 Postea
1208 609 1373 664 multa
1400 596 1656 665 miracula
1687 612 1869 680 gessit,
1901 627 2015 666 ma-

437 716 664 777 gnarum
707 702 964 757 virtutum
1006 701 1177 772 gratia
1229 701 1473 772 pollens,
1521 703 1845 774 impletoque
1888 703 2015 760 vita

434 794 718 870 praesentis
738 792 1004 849 curriculo
1019 793 1185 847 vitam
1212 800 1563 864 percepturus
1582 801 1864 860 aeternam,
1885 793 2017 849 emi-

436 887 611 961 gravit
640 885 708 940 ab
739 886 840 940 hoc
874 884 1089 939 saaculo.

505 975 577 1033 IX
610 976 742 1032 ΚΑι..
780 975 837 1030 lu
866 973 1173 1030 Nicomedia
1212 975 1389 1030 natale
1432 975 1620 1031 Severi
1650 985 1705 1032 et
1732 973 2007 1031 Dorothei.

433 1069 492 1124 lu
522 1067 765 1123 Cmsarea
787 1065 1133 1136 Cappadociae
1166 1065 1343 1121 natale
1365 1065 1609 1134 Longini.

504 1158 617 1215 Vill
648 1156 781 1212 Κλι..
821 1155 1005 1211 Passio
1048 1164 1344 1226 martyrum
1391 1154 1592 1212 Christi
1634 1155 1920 1227 Cbrysanti
1956 1164 2013 1212 et

434 1246 632 1313 Dariae,
662 1247 752 1318 qui
792 1246 892 1302 sub
918 1247 1097 1317 specie
1142 1245 1371 1317 coniugii
1419 1247 1720 1302 castitatem
1759 1261 2012 1302 servave-

435 1346 562 1393 runt
587 1344 923 1407 perpetuam.
957 1334 1090 1390 Nam
1135 1335 1469 1408 Chrysantus
1499 1336 1713 1390 Dariam
1743 1352 1772 1390 a
1799 1323 2011 1407 gentili-

435 1431 562 1487 tatis
590 1443 776 1485 errore
806 1437 858 1485 et
888 1422 1093 1498 magica
1145 1428 1526 1500 superstitione
1555 1427 1821 1483 convertit
1845 1429 1911 1482 ad
1942 1428 2008 1482 ﬁ-

433 1521 554 1575 dem
589 1519 810 1584 Christi,
861 1527 917 1573 et
967 1519 1046 1573 sic
1086 1518 1226 1573 inter
1277 1518 1426 1571 varia
1479 1526 1768 1583 tormenta,
1816 1533 1935 1588 qua:
1977 1533 2009 1572 a

434 1609 765 1666 Numeriano
803 1608 1128 1677 imperatore
1158 1619 1183 1647 α
1214 1607 1447 1676 primum
1474 1602 1729 1662 Claudius
1763 1606 2009 1662 tribunus

434 1701 611 1772 paruis
635 1716 729 1757 eos
752 1698 1037 1765 alliciebat,
1069 1698 1161 1754 sed
1189 1713 1288 1768 per
1314 1699 1566 1753 virtutem
1598 1692 1692 1754 Dei
1726 1702 1781 1754 et
1806 1697 2010 1752 oratio-

432 1806 532 1846 nes
562 1799 870 1846 sanctorum
907 1804 1199 1844 conversus
1239 1796 1325 1844 est
1368 1789 1435 1844 ad
1469 1789 1627 1843 ﬁdem
1654 1788 1874 1856 Christi,
1914 1788 2007 1859 qui

433 1896 598 1941 etiam
623 1893 827 1958 martyr
853 1885 1053 1941 Christi
1079 1884 1237 1939 simul
1264 1898 1383 1940 cum
1405 1899 1573 1941 uxore
1598 1895 1655 1941 et
1678 1884 1860 1942 liberis
1889 1901 2005 1942 me-

433 1977 545 2031 ruit
588 1976 725 2032 ﬁeri.
774 1976 966 2032 Postea
1019 1992 1148 2032 vero
1194 1991 1291 2047 per
1338 1976 1676 2033 Celerianum
1722 1977 2006 2047 quemdam

434 2081 654 2121 carcere
691 2074 744 2122 et
766 2068 940 2138 poenis
968 2067 1170 2132 traditi,
1197 2072 1251 2121 et
1278 2067 1345 2123 ad
1370 2074 1674 2123 extremum
1712 2069 1765 2123 in
1796 2067 2005 2123 foveam

434 2154 754 2227 profundam
789 2156 1073 2221 submersi,
1127 2164 1343 2212 sanctas
1387 2157 1595 2212 animas
1642 2154 1710 2212 ad
1763 2157 2004 2213 caelestia

436 2262 599 2316 regna
656 2248 937 2301 miserunt.
985 2242 1245 2301 Similiter
1280 2246 1465 2301 eodem
1510 2244 1595 2301 die
1636 2246 1914 2317 Crispinus
1951 2257 2006 2304 et

431 2332 802 2404 Crispinianus
842 2335 941 2389 sub
964 2334 1287 2389 Maximiano
1327 2343 1382 2389 et
1414 2326 1744 2391 Diocletiano
1778 2337 2006 2407 impera-

432 2424 639 2482 toribus
690 2426 744 2480 in
798 2420 1107 2481 Suessionis
1150 2424 1366 2480 civitate
1415 2439 1514 2496 per
1551 2420 1886 2482 Ritlo'vawm
1931 2435 2005 2498 ty-

430 2528 658 2571 rannum
684 2515 885 2572 Christi
911 2524 1173 2588 martyres
1202 2510 1377 2571 ellecti
1409 2525 1553 2576 sunt.
1584 2514 1719 2571 Nam
1750 2518 1891 2572 idem
1920 2516 2032 2598 1ιί-⁴

431 2610 671 2664 tiovarus
713 2608 1005 2680 prreclaros
1052 2616 1318 2679 martyres
1357 2616 1614 2663 extensos
1666 2609 1733 2663 ad
1776 2607 2008 2665 trocleas

428 2700 637 2754 caedere
678 2698 909 2754 fustibus
928 2696 1109 2767 jussit.
1141 2693 1345 2752 Deinde
1375 2694 1538 2766 jussit
1565 2697 1725 2752 sudes
1750 2694 1804 2751 iu
1830 2712 2004 2768 ungu-

430 2787 496 2844 lis
519 2802 707 2844 eorum
747 2789 914 2854 mitti,
939 2797 994 2844 et
1011 2789 1155 2844 loros
1192 2786 1430 2859 singulos
1458 2787 1523 2843 de
1553 2786 1714 2849 dorso
1740 2786 1877 2853 tolli,
1911 2786 2004 2842 sed

429 2880 498 2934 ab
522 2881 623 2934 hac
661 2891 820 2949 pinna
845 2879 1026 2933 divino
1053 2877 1254 2933 auxilio
1281 2875 1494 2933 liberati
1538 2884 1682 2933 sunt.
1723 2876 1875 2931 Tunc
1912 2873 2004 2931 Ri-

431 2971 692 3035 tiovarus,
751 2968 933 3023 furore
979 2969 1266 3029 insaniens,
1321 2967 1492 3023 molas
1554 2967 1622 3022 ad
1671 2967 1999 3037 singulorum

2113 519 2356 575 oratione
2387 518 2557 585 ﬁnita,
2605 519 2794 575 eduxit
2826 535 2919 575 eos
2947 521 3171 592 angelus
3199 522 3412 577 Domini
3462 524 3582 579 sine
3606 526 3706 581 do-

2111 609 2227 668 lore
2249 613 2316 668 ab
2340 612 2479 684 igne.
2505 611 2657 667 Tunc
2682 613 2874 667 videns
2900 627 2959 667 se
2982 613 3232 669 inimicus
3258 615 3390 668 nihil
3422 615 3587 670 illatis
3607 620 3705 672 ad-

2107 715 2331 759 versum
2359 701 2560 757 Christi
2587 710 2857 773 martyres
2883 700 3229 772 prmvaluisse
3249 701 3548 774 suppliciis,
3580 720 3704 761 sese

2108 793 2322 851 concite
2360 792 2544 849 furens
2574 791 2885 847 Bitiovarus
2921 791 3279 862 pmcipitavit
3323 793 3378 847 in
3412 793 3611 863 ignem,
3643 802 3699 850 et

2109 885 2187 942 ita
2242 894 2417 942 morte
2469 885 2706 958 pessima
2759 886 2926 940 vitam
2978 884 3153 940 ﬁnivit
3202 886 3496 956 indignam.
3557 886 3693 940 Nam

2110 975 2489 1040 Maximianus,
2521 990 2646 1029 mox
2683 974 2865 1028 audita
2894 974 3140 1029 satellitis
3166 976 3245 1029 sui
3276 975 3538 1029 Ritiovari
3576 991 3695 1045 per-

2109 1066 2335 1130 ditione,
2365 1073 2655 1135 utrumque
2679 1063 2986 1134 Crispinum
3023 1064 3274 1119 videlicet
3300 1080 3365 1118 ac
3392 1063 3690 1134 Crispiuia—

2110 1172 2238 1211 num
2264 1154 2442 1227 gladio
2475 1156 2664 1225 punire
2691 1154 2965 1223 przeccpit,
3004 1154 3095 1224 qui
3121 1154 3233 1224 jam
3261 1152 3483 1224 jamque
3510 1155 3690 1209 immi-

2109 1256 2271 1302 uente
2330 1246 2632 1302 cervicibus
2686 1247 2799 1301 suis
2861 1245 3037 1317 gladio
3102 1247 3398 1317 gratiarum
3454 1248 3691 1302 Domino

2111 1340 2378 1395 actionem
2398 1337 2787 1409 persolveutes,
2808 1337 2973 1392 vitam
2994 1348 3317 1407 prmsentem
3347 1338 3488 1393 felici
3518 1351 3693 1393 morte

2110 1426 2386 1482 ﬁnierunt.
2417 1424 2537 1497 Ipso
2567 1426 2652 1481 die
2681 1425 2887 1492 Rome,
2938 1427 3025 1481 via
3057 1425 3267 1481 Salaria
3286 1468 3299 1489 ,
3329 1428 3690 1499 quadraginta

2109 1533 2204 1574 sex
2226 1517 2478 1583 militum,
2510 1516 2601 1587 qui
2633 1516 2792 1571 simul
2816 1515 3073 1587 baptizati
3098 1532 3128 1570 a
3160 1517 3417 1588 Dionysio
3444 1534 3609 1588 papa,
3638 1529 3694 1574 et

2108 1606 2495 1676 mox,jubente
2529 1606 2753 1665 Claudio
2774 1608 3120 1678 imperatore,
3157 1607 3407 1663 decollati
3435 1618 3579 1663 sunt.
3611 1606 3690 1664 lbi

2110 1706 2237 1752 sunt
2261 1704 2317 1752 et
2337 1695 2426 1751 alii
2451 1703 2718 1769 martyres
2739 1704 2954 1752 centum
2976 1698 3167 1768 viginti
3198 1714 3358 1764 unus,
3385 1699 3531 1755 inter
3554 1716 3694 1770 quos

2038 1770 2084 1830 Β
2113 1787 2332 1844 fuerunt
2373 1797 2605 1860 quatuor
2649 1790 2849 1845 milites
2904 1788 3125 1853 Christi,
3177 1789 3534 1858 Theodosius,
3585 1793 3692 1848 Ln-

2109 1877 2250 1942 cius,
2287 1876 2503 1935 Marcus
2532 1887 2588 1934 et
2625 1877 2839 1935 Petrus.
2878 1878 3153 1949 Scriptum
3194 1880 3246 1936 in
3282 1883 3538 1954 passione
3567 1900 3695 1939 san-

2106 1969 2178 2024 cti
2216 1968 2375 2025 Sixti.

2178 2060 2268 2115 νιι
2334 2060 2467 2115 ΚΑι.
2520 2058 2577 2115 lu
2639 2058 2952 2116 Nicomedia
3004 2059 3184 2115 natale
3237 2059 3497 2128 Luciani,
3548 2062 3691 2119 Flori

2107 2149 2338 2224 [Florii],
2372 2149 2667 2206 Heraclida:
2696 2159 2750 2206 et
2774 2142 3043 2205 Martiani.

2148 2228 2243 2295 ’νι
2282 2241 2415 2297 Kac.
2459 2241 2652 2313 Vigilia
2696 2241 3061 2311 apostolorum
3113 2240 3351 2302 Simonis
3379 2256 3436 2299 et
3463 2245 3686 2301 Taddei.

2106 2332 2161 2389 lu
2193 2334 2442 2390 Sardinia
2475 2335 2653 2389 natale
2677 2334 2823 2390 Preti
2860 2345 2915 2390 et
2953 2335 3229 2412 Januarii;
3262 2347 3318 2392 et
3339 2338 3391 2394 in
3430 2338 3686 2411 Phrygia,

2106 2423 2327 2480 Eumeni
2355 2432 2411 2479 et
2438 2424 2691 2486 Cononis.
2726 2422 2943 2480 Diodori
2974 2435 3027 2480 et
3058 2426 3325 2483 Metrovii.

2175 2516 2219 2572 η
2247 2516 2380 2570 ΚΜ..
2421 2510 2615 2585 Vigilia
2646 2515 3009 2586 apostolorum
3050 2515 3288 2572 Simonis
3315 2528 3369 2573 et
3394 2516 3684 2586 Thaddtei;

2104 2614 2159 2665 et
2195 2606 2400 2670 Romae,
2430 2614 2630 2661 sancta:
2657 2606 2891 2677 Cyrillre,
2935 2607 3057 2663 lilire
3103 2608 3250 2664 Decii
3287 2609 3537 2675 Caesaris,
3565 2629 3687 2682 quae

2104 2699 2203 2754 sub
2234 2697 2455 2753 Claudio
2477 2697 2721 2767 principe
2751 2696 2994 2767 iugulata
3033 2709 3087 2752 et
3138 2709 3329 2754 necata
3375 2712 3461 2756 est
3487 2702 3681 2772 gladio,

2102 2799 2159 2846 et
2201 2787 2408 2859 sepulta
2455 2804 2485 2842 a
2528 2787 2742 2843 Justino
2787 2789 3123 2861 presbytero,
3174 2806 3296 2846 cum
3347 2800 3523 2847 matre
3561 2808 3679 2855 sua,

2098 2883 2250 2954 juxta
2270 2889 2519 2939 sanctum
2551 2880 2918 2952 Hippolytum.

2172 2973 2240 3029 1V
2267 2972 2398 3027 Κλι.
2427 2971 2482 3027 In
2506 2971 2744 3026 Lucania
2780 2973 2951 3027 sancti
2980 2968 3239 3039 Jaciuthi,
3270 2972 3535 3041 Quintiui,
3573 2974 3676 3029 Fe-

431 3059 569 3115 colla
604 3058 757 3129 jubet
809 3057 1085 3128 suspendi,
1123 3064 1178 3111 et
1215 3056 1411 3111 hiemis
1454 3063 1695 3125 tempore
1740 3055 1795 3109 in
1838 3055 2003 3110 ﬂuvio
2032 3115 2072 3133 η
2103 3063 2349 3127 licianm,
2401 3060 2590 3115 Luciui
2635 3059 2978 3133 [Hyacinthi,
3025 3062 3273 3127 Quincti,
3317 3061 3575 3119 Feliciaui
3621 3073 3681 3119 et

429 3149 583 3220 cujus
604 3115 938 3205 'vocabulum
990 3115 1081 3204 est,
1109 3146 1321 3212 Axona,
1364 3143 1513 3202 velut
1557 3115 1657 3200 sub
1696 3144 1868 3216 glacie
1907 3145 2001 3201 de-
2028 3115 2073 3178 C

428 3240 631 3313 mergi;
665 3246 721 3294 at
745 3231 842 3304 illi,
872 3246 1026 3294 scuto
1069 3234 1263 3293 divina:
1302 3235 1527 3307 protecti
1570 3235 1806 3300 virtutis,
1848 3234 1996 3290 dice-

428 3330 560 3385 bant
594 3323 702 3384 lati
745 3342 760 3383 :
800 3326 971 3399 Supra
1012 3338 1201 3399 aquam
1245 3324 1540 3396 refectioni:
1590 3318 1835 3379 educabis
1882 3338 1997 3388 nos,

430 3422 651 3477 Domine
701 3419 871 3493 (Paul.
922 3419 1094 3489 xxn);
1127 3417 1220 3476 scd
1267 3416 1558 3472 famulante
1603 3424 1851 3472 creatura
1901 3431 1997 3472 sua

428 3514 562 3580 Deo,
605 3521 871 3584 martyres
919 3508 1034 3580 ejus
1078 3522 1180 3566 nec
1223 3522 1362 3579 aqua
1406 3522 1672 3580 mergere,
1699 3516 1799 3564 nec
1843 3514 1997 3578 petra

427 3620 697 3680 premere,
751 3620 853 3661 nec
903 3605 1072 3676 frigus
1121 3603 1298 3674 potuit
1336 3602 1638 3673 stringere;
1683 3602 1776 3656 sed
1820 3602 2000 3671 potius

427 3702 582 3772 quasi
636 3699 838 3755 aestivis
887 3697 1114 3753 lavacris
1162 3694 1449 3762 delectati,
1516 3694 1757 3765 projecto
1806 3693 1995 3751 molari

425 3810 613 3861 onere,
655 3793 720 3849 ad
767 3792 991 3846 alteram
1035 3794 1281 3845 natantes
1310 3786 1456 3843 illaesi
1498 3795 1860 3859 pervenerunt
1900 3785 1999 3841 ﬁu-

424 3886 591 3941 minis
630 3886 823 3956 ripam.
858 3882 970 3938 lioc
1013 3882 1129 3936 viso
1170 3880 1479 3935 Ritiovarus
1517 3874 1800 3944 miraculo,
1850 3877 1999 3933 insti-

423 3986 585 4048 gante
624 3977 838 4034 diabolo
854 3975 1169 4046 ‘exagitatus
1197 3973 1299 4039 ira,
1321 3970 1483 4041 jussit
1525 3986 1619 4028 eos
1656 3985 1847 4026 rursus
1877 3970 1996 4025 vin-

423 4078 541 4126 ctos
565 4068 825 4124 custodiri
893 4071 948 4119 et
986 4064 1261 4134 plumbum
1285 4062 1541 4134 injectum
1564 4061 1671 4133 igni
1709 4059 1992 4131 liqueﬁeri,

423 4163 613 4233 inquo
637 4165 904 4230 martyres
944 4164 1159 4212 sanctos
1194 4154 1586 4210 consumendos
1618 4154 1989 4222 demergeret:

424 4252 518 4309 sed
548 4266 685 4323 quos
705 4248 831 4320 quia
869 4246 1067 4304 Christi
1093 4245 1313 4301 dextera
1350 4245 1665 4315 protegebat
1690 4244 1911 4308 invicta,
1937 4240 1996 4297 il-

422 4342 579 4398 laesos
623 4338 854 4397 reddidit
881 4337 1053 4409 ignis:
1081 4332 1277 4407 quibus
1320 4334 1435 4389 haec
1476 4334 1823 4404 operantibus
1851 4333 1996 4389 exsi-

422 4435 560 4491 liens
598 4441 748 4506 gutta
788 4428 991 4503 plumbi
1040 4426 1297 4483 ferventis
1336 4426 1392 4480 in
1441 4423 1654 4479 oculum
1706 4423 1990 4491 Bitiovari,
2021 4457 2072 4516 Β

424 4526 573 4598 gravi
623 4525 774 4580 illum
822 4521 1005 4577 dolore
1038 4518 1307 4587 crucians,
1340 4516 1631 4572 excmcavit
1661 4521 1756 4569 :at
1802 4514 1850 4569 is
1886 4511 1996 4568 fre-

423 4632 594 4681 mens,
618 4614 826 4671 iusania
845 4624 1144 4684 possessus,
1172 4609 1295 4664 dum
1328 4606 1590 4663 medelam
1617 4603 1859 4675 corporis
1880 4602 1995 4658 ani-

423 4720 631 4777 maeque
673 4704 857 4760 debuit
901 4700 1209 4772 implorare,
1257 4708 1485 4753 mortem
1531 4696 1630 4752 sibi
1674 4692 1999 4751 acceleravit

424 4797 720 4854 insaniens.
749 4794 882 4849 Nam
922 4794 1116 4863 picem,
1148 4791 1356 4861 adipem
1378 4789 1661 4858 oleumque
1692 4785 1852 4842 simul
1875 4785 1995 4858 jus-

424 4890 496 4946 sit
528 4886 759 4952 fervere,
784 4894 840 4940 et
866 4891 1081 4940 sanctos
1107 4883 1283 4939 denuo
1324 4889 1591 4951 martyres
1618 4880 1672 4933 iu
1713 4893 1831 4933 eam
1855 4890 1995 4948 prte-

424 4979 656 5053 cipitari,
700 4976 851 5049 quasi
880 4976 1271 5033 consumendos
1312 4988 1472 5045 ptena
1498 4970 1775 5043 przecepit.
1804 4970 1876 5025 At
1902 4967 1997 5024 ubi

423 5071 656 5130 ministri
680 5071 1116 5138 obtemperantes
1144 5066 1490 5137 perfecerunt
1518 5070 1712 5119 cuncta
1744 5076 1865 5131 qua:
1894 5058 1995 5114 sibi

404 5151 492 5222 ab
534 5163 700 5235 impio
743 5160 961 5216 fuerunt
1013 5156 1295 5226 imperata,
1333 5153 1504 5211 sancti
1544 5158 1831 5221 martyres,
1881 5148 1996 5219 spei

423 5272 535 5311 suae
580 5250 928 5310 immobiliter
969 5247 1366 5309 incumbentes,
1418 5244 1627 5300 alacres
1675 5236 1998 5299 ﬁduciallter

426 5346 534 5402 Deo
560 5346 614 5400 iu
639 5344 883 5401 oratione
906 5340 1158 5398 dixerunt
1187 5353 1199 5389 :
1229 5354 1246 5386 ι
1278 5330 1475 5390 Potens
1502 5349 1584 5398 cs,
1608 5330 1833 5387 Domine
1854 5328 1998 5384 Deus

422 5447 631 5503 noster,
678 5436 743 5492 de
772 5426 933 5490 illatis
977 5446 1075 5487 nos
1113 5430 1181 5484 ab
1211 5427 1374 5497 impio
1415 5425 1648 5481 liberare
1689 5416 1995 5480 tormentis.

422 5525 495 5583 Et
536 5527 676 5582 sicut
723 5540 821 5580 nos
861 5522 1075 5578 voluisti
1115 5534 1212 5591 per
1258 5516 1650 5572 confessionem
1694 5513 1772 5568 tui
1823 5512 1997 5568 sancti

428 5614 658 5670 nominis
687 5613 819 5683 pati,
853 5612 926 5665 ita
954 5611 1019 5665 ad
1057 5607 1426 5663 confusionem
1453 5604 1653 5659 diaboli
1691 5611 1744 5657 et
1792 5600 1998 5657 satelli-

502 5735 521 5758 ι
558 5722 778 5777 Videtur
817 5720 1013 5782 aliquid
1040 5718 1244 5774 deesse.

2173 3244 2238 3301 lll
2275 3244 2410 3300 ΚΜ..
2449 3244 2634 3299 Romae
2677 3240 2857 3297 natale
2906 3242 3083 3298 sancti
3131 3242 3386 3300 Pontiani
3426 3259 3577 3316 papa:
3621 3254 3682 3300 et

2101 3337 2378 3407 martyris,
2404 3336 2496 3406 qui
2519 3335 2586 3389 ab
2620 3333 2931 3391 Alexandro
2966 3335 3314 3406 imperatore,
3338 3350 3459 3390 cum
3482 3335 3682 3407 Hippo-

2101 3424 2211 3498 lyto
2231 3425 2547 3497 presbytero
2575 3424 2629 3480 in
2668 3425 2915 3481 exsilium
2951 3434 3030 3481 est
3063 3426 3379 3496 deportatus
3403 3426 3455 3480 in
3490 3424 3679 3482 Sardi-

2100 3517 2244 3571 niam
2268 3513 2514 3577 insulam,
2546 3514 2634 3569 ubi
2663 3523 2748 3570 est
2778 3515 3085 3571 defunctus.

2169 3606 2212 3661 ll
2236 3605 2371 3661 ΚΑι..
2405 3604 2462 3660 In
2500 3604 2688 3662 Galliis
2730 3607 2903 3661 sancti
2934 3605 3202 3674 Quiutini,
3230 3606 3322 3677 qui
3366 3607 3465 3662 sub
3508 3602 3680 3661 Maxi-

2099 3698 2281 3753 miano
2328 3697 2655 3767 imperatore
2704 3698 3024 3768 martyrium
3066 3712 3259 3768 passus
3309 3706 3415 3764 est,
3456 3707 3513 3755 et
3556 3708 3678 3769 post

2099 3800 2270 3843 annos
2315 3787 2705 3859 quinquaginta
2746 3787 2880 3842 duos
2934 3787 3209 3843 inventum
3254 3797 3357 3853 est,
3404 3788 3676 3845 revelante

2099 3874 2308 3947 angelo,
2335 3889 2533 3946 corpus
2556 3874 2694 3945 ejus,
2723 3886 2779 3930 et
2807 3875 3075 3947 sepultum
3103 3893 3177 3931 nx
3201 3876 3319 3931 Kal.
3345 3877 3492 3933 Julii.

2585 4001 2647 4078 Ν
2656 4000 2933 4079 OVEM
2946 4000 3164 4079 BER.

2166 4129 2299 4187 Kac.
2335 4130 2576 4185 Novum.
2616 4129 2674 4184 lu
2714 4139 2894 4187 castro
2939 4128 3247 4186 Divioneusi
3286 4130 3466 4187 natale
3508 4131 3667 4186 Beni-

2095 4222 2187 4295 gni
2221 4222 2540 4294 presbyteri,
2571 4222 2663 4292 qui
2691 4237 2813 4277 cum
2840 4220 3121 4278 Andochio
3158 4225 3590 4294 compresbytero
3613 4231 3669 4278 et

2096 4314 2307 4385 Thyrso
2335 4313 2563 4369 diacono
2598 4313 2796 4368 missus
2836 4320 2920 4369 est
2956 4330 2985 4368 a
3018 4321 3209 4368 sancto
3234 4313 3487 4382 episcopo
3513 4312 3668 4384 Poly-

2097 4420 2262 4474 carpo
2291 4406 2357 4461 ab
2383 4403 2603 4460 Oriente
2623 4404 2679 4459 in
2704 4402 2932 4459 Galliam
2960 4411 3199 4472 tempore
3225 4402 3524 4468 Aureliani,
3553 4404 3666 4473 qui,

2096 4495 2477 4567 prtedicatione
2500 4494 2618 4564 ejus
2651 4503 2947 4565 comperta,
2974 4495 3213 4550 vinctum
3239 4509 3362 4550 eum
3391 4505 3445 4549 et
3471 4509 3667 4549 caesum

2097 4588 2164 4643 ad
2193 4601 2251 4643 se
2270 4586 2467 4643 adduci
2484 4587 2756 4657 praeepit,
2778 4595 2835 4641 et
2861 4585 3043 4641 audita
3068 4600 3377 4641 sermonum
3406 4586 3523 4655 ejus
3543 4600 3669 4640 con-

2096 4680 2296 4737 stantia
2331 4680 2512 4735 nervis
2540 4678 2845 4734 durissimis
2871 4679 3003 4734 ’eum
3035 4678 3164 4733 caedi
3204 4675 3351 4741 fecit,
3386 4686 3439 4731 et
3467 4676 3667 4729 Teren-

2096 4770 2171 4826 tio
2196 4769 2377 4825 comiti
2410 4767 2771 4839 superandum
2801 4767 3042 4832 tradidit,
3081 4782 3112 4821 a
3158 4780 3267 4835 quo
3306 4765 3373 4819 ad
3402 4763 3665 4818 trochleas

2095 4868 2352 4915 extensus
2379 4864 2483 4925 est,
2512 4869 2567 4914 et
2594 4873 2786 4923 cazsus,
2818 4872 2883 4913 ac
2906 4872 3121 4912 rursum
3147 4856 3356 4911 carceri
3396 4855 3667 4924 mancipa-

2099 4960 2204 5014 tus,
2231 4964 2390 5005 mane
2423 4950 2561 5005 idola
2591 4950 2793 5004 orando
2817 4948 3104 5014 destruxit,
3130 4956 3184 5003 et
3209 4947 3464 5002 reductus
3502 4955 3584 5001 est
3613 4944 3664 4998 in

2098 5055 2397 5105 carcerem,
2425 5041 2511 5095 cui
2557 5038 2776 5094 subulas
2824 5039 3008 5093 decem
3053 5036 3292 5092 calentes
3324 5035 3378 5090 in
3424 5035 3667 5089 manibus

2097 5127 2407 5194 iunxerunt,
2444 5136 2497 5183 et
2518 5143 2549 5182 a
2582 5126 2802 5197 plumbo
2832 5125 3058 5181 remisso
3078 5124 3240 5196 pedes
3265 5123 3319 5178 in
3342 5121 3520 5192 lapide
3546 5135 3667 5192 per-

2098 5220 2271 5277 forato
2311 5217 2565 5283 ﬁxerunt,
2605 5226 2660 5272 et
2687 5231 2852 5271 canes
2891 5214 3170 5270 duodecim
3214 5210 3422 5266 feroces
3450 5224 3571 5265 cum
3608 5223 3671 5264 eo

2098 5311 2434 5368 incluserunt
2456 5325 2554 5381 per
2575 5324 2667 5364 sex
2699 5307 2835 5373 dies,
2864 5313 2921 5361 et
2946 5304 3123 5359 attulit
3146 5304 3196 5358 ei
3225 5302 3448 5374 angelus
3477 5315 3672 5371 panem

2099 5401 2393 5467 caelestem,
2431 5398 2649 5455 subulas
2695 5395 2935 5463 abstulit,
2983 5402 3038 5451 et
3083 5408 3208 5450 eum
3250 5394 3318 5449 de
3353 5394 3575 5464 plumbo
3609 5406 3673 5447 ac

2098 5492 2245 5548 ferro
2268 5490 2486 5564 eripuit.
2512 5489 2642 5544 Post
2663 5489 2767 5544 hoc
2788 5487 2982 5544 collum
3008 5485 3125 5555 ejus
3146 5494 3298 5541 veete
3322 5484 3503 5540 ferreo
3521 5482 3669 5538 tundi

2098 5591 2154 5639 et
2188 5597 2381 5652 corpus
2402 5580 2587 5636 lancea
2626 5578 2791 5634 forari
2833 5577 3048 5632 iubetur
3076 5593 3088 5629 :
3113 5591 3223 5645 quo
3251 5574 3393 5630 facto
3423 5573 3671 5629 columba
