4028 6196
311 359 457 413 H77

1637 354 1826 412 MART
1837 354 2257 414 YROLOGIUM.

3439 361 3576 420 M78

304 469 468 523 nivea
498 466 564 522 de
591 477 830 531 carcere,
861 464 1184 521 Christianis
1225 464 1632 537 aspicientibus,
1676 466 1744 521 ad
1781 480 1894 520 coa-
1922 477 1968 534 Α
1996 466 2204 521 Leontii
2234 463 2537 522 consularis
2559 467 2631 522 ob
2655 481 2777 521 eam
2805 467 3042 525 maxime
3063 485 3283 527 causam
3308 472 3434 541 quia
3458 471 3581 529 Cae-

304 560 397 615 los
420 555 685 623 ascendit,
709 566 766 614 et
786 558 924 613 odor
958 558 1310 614 suavissimus
1342 560 1495 629 quasi
1531 558 1768 629 paradisi
1813 573 1899 613 se-

304 661 468 707 cutus
509 658 632 707 est:
657 649 970 705 discedente
997 648 1296 705 Aureliano
1335 666 1366 704 a
1406 646 1547 713 loco,
1586 650 1901 721 supervenit

304 740 575 806 Leoniila,
599 750 655 797 et
682 740 959 796 conditum
1003 741 1337 796 aromatibus
1367 756 1563 812 corpus
1592 757 1699 796 non
1738 740 1898 812 longe

306 835 382 889 ab
410 834 524 904 ipso
553 846 774 888 carcere
816 834 1084 903 sepelivit.
1126 832 1326 889 Eodem
1370 833 1458 889 die
1505 834 1682 889 natale
1724 833 1898 889 sancti

304 923 531 981 Caesarii
579 924 788 980 diaconi
820 934 874 981 et
897 925 1098 981 Juliani
1147 926 1487 998 presbyteri;
1517 927 1609 996 qui
1649 925 1900 981 videlicet

304 1016 579 1071 Cmsarius
628 1023 871 1086 tempore
918 1016 1123 1072 Claudii
1172 1017 1516 1088 imperatoris
1566 1019 1790 1073 veniens
1831 1034 1896 1073 ex

304 1105 495 1161 Africa
542 1107 609 1161 ad
659 1104 1006 1161 Terracinam
1065 1105 1370 1177 Campaniae
1411 1107 1719 1172 civitatem,
1771 1108 1898 1162 dum

308 1203 504 1249 contra
534 1195 842 1251 idololatras
866 1196 1230 1266 proclamaret
1258 1198 1310 1252 in
1345 1199 1579 1267 publico,
1612 1208 1792 1254 tentus
1816 1208 1899 1255 est

306 1299 339 1337 a
372 1283 617 1339 Firmino
664 1286 916 1354 pontiﬁce
963 1294 1020 1341 et
1057 1287 1110 1340 in
1141 1289 1441 1343 custodiam
1490 1288 1751 1355 reclusus,
1802 1290 1896 1344 ubi

306 1375 504 1430 diebus
531 1375 714 1431 multis
743 1386 1049 1433 maceratus
1080 1378 1273 1434 deinde
1298 1380 1525 1435 traditus
1555 1389 1640 1435 est
1666 1377 1895 1436 Leontio

306 1467 586 1521 consulari
620 1467 945 1539 Campaniae.
975 1470 1144 1537 Quem
1177 1469 1264 1523 ille
1285 1485 1407 1525 cum
1436 1471 1613 1526 verbis
1640 1485 1899 1541 superare

306 1559 587 1628 nequiret,
618 1557 783 1628 jussit
823 1561 1063 1616 vinctum
1108 1571 1234 1618 ante
1264 1573 1583 1633 carpentum
1610 1580 1767 1620 suum
1800 1564 1899 1619 du-

305 1663 457 1712 cere,
502 1649 679 1720 ligatis
729 1651 997 1717 manibus,
1047 1651 1248 1707 nudum
1303 1669 1472 1723 usque
1517 1654 1584 1709 ad
1642 1655 1897 1726 templum

304 1737 574 1807 Apollinis
595 1754 610 1793 :
634 1755 740 1810 quo
765 1755 887 1795 cum
918 1743 1312 1812 pervenissent,
1354 1744 1420 1797 ad
1446 1743 1748 1799 orati-onem
1780 1742 1897 1813 ejus

1999 556 2176 611 sarius
2210 563 2422 626 patrem
2453 553 2571 624 ejus
2595 555 2967 613 Christianum
3011 557 3250 624 fecisset,
3295 568 3350 616 et
3393 561 3460 616 ad
3499 560 3583 620 fo-

2000 659 2120 698 rum
2151 645 2317 709 ducti,
2366 659 2468 700 nec
2498 647 2757 716 superati,
2793 647 2916 703 inde
2946 649 3000 703 in
3045 664 3322 705 carcerem
3357 652 3579 720 reclusi,

1998 742 2050 788 et
2080 742 2237 790 nocte
2254 735 2445 790 eadem
2474 751 2596 791 cum
2629 738 2942 794 sacriﬁcare
2970 739 3173 795 nollent
3195 741 3465 806 decollati,
3495 753 3582 798 at-

1999 838 2105 894 que
2137 824 2195 879 in
2218 824 2384 879 ﬂuvio
2404 834 2530 880 sunt
2553 827 2775 897 jactati;
2805 843 3033 897 quorum
3061 845 3287 900 corpora
3320 844 3584 887 venerunt

1999 929 2171 984 usque
2213 916 2279 970 ad
2311 930 2483 983 mare,
2515 926 2570 971 et
2617 916 2817 986 rejecta
2864 928 2989 974 sunt
3033 922 3100 975 ad
3145 922 3314 986 littus,
3351 933 3515 995 atque
3551 940 3581 979 a

1997 1006 2316 1077 presbytero
2352 1004 2590 1077 quodam
2638 1010 2704 1063 de
2732 1009 2935 1080 Capua,
2990 1013 3209 1067 nomine
3237 1013 3465 1080 Quarto,
3502 1014 3585 1068 in-

1999 1103 2184 1160 venta,
2216 1095 2308 1165 qui
2352 1110 2417 1150 ea
2460 1110 2585 1150 mox
2624 1097 2873 1167 imposita
2922 1099 3172 1154 vehiculo
3204 1101 3357 1155 duxit
3403 1103 3455 1155 in
3499 1118 3587 1155 ca-

2000 1197 2116 1238 sam
2149 1198 2326 1251 suam,
2354 1192 2410 1239 et
2438 1184 2653 1239 curiose
2680 1200 2931 1255 quaerens
2953 1189 3119 1241 etiam
3146 1190 3322 1258 capita
3355 1190 3580 1255 invenit,

1998 1288 2065 1327 ac
2104 1274 2292 1344 juncta
2335 1275 2658 1345 corporibus
2702 1276 2953 1345 sepelivit
2989 1277 3146 1347 juxta
3195 1287 3441 1333 sanetum
3470 1281 3580 1334 Cae-

1999 1369 2227 1424 sarium.

2070 1459 2184 1515 Vill
2209 1460 2284 1514 in.
2312 1456 2557 1516 Novum.
2599 1458 2876 1530 Depositio
2907 1459 3202 1516 Wilbrordi
3234 1461 3471 1531 episcopi
3516 1462 3584 1517 de

1999 1559 2159 1621 gente
2197 1550 2516 1622 Anglorum,
2548 1550 2654 1604 viri
2705 1551 3036 1604 sanctissimi
3085 1560 3142 1605 et
3194 1551 3579 1604 miraculorum

1998 1641 2171 1713 gratia
2208 1640 2578 1712 insignissimi,
2608 1640 2699 1709 qui
2743 1655 2773 1694 a
2822 1640 3014 1711 Sergio
3054 1656 3191 1711 papa
3221 1640 3405 1694 liontm
3431 1641 3581 1694 ordi-

1999 1741 2158 1785 natus
2186 1732 2240 1786 in
2283 1731 2630 1786 Germaniam
2675 1732 2742 1785 ad
2776 1733 3180 1801 praedicandum
3233 1733 3457 1786 verbum
3490 1730 3583 1785 Dei

302 1829 519 1883 corruit
567 1829 845 1901 templum,
874 1839 931 1885 et
975 1831 1173 1886 occidit
1210 1832 1520 1903 pontiﬁcem
1551 1833 1889 1900 Firminum;
1922 1824 1970 1884 B
1996 1833 2080 1881 est
2104 1825 2424 1888 destinatus,
2458 1823 2767 1893 ibidemque
2788 1824 2995 1892 quievit
3026 1824 3079 1877 in
3111 1834 3265 1892 pace.

301 1925 434 1988 post
459 1918 574 1973 haec
600 1919 844 1974 reclusus
862 1920 914 1975 in
939 1932 1162 1977 carcere
1187 1938 1218 1976 a
1246 1921 1483 1978 Luxorio
1502 1924 1678 1993 primo
1706 1925 1895 1979 civita-

302 2009 400 2072 tis,
431 2007 536 2063 fuit
560 2010 632 2066 ibi
660 2026 860 2065 annum
883 2020 940 2066 et
967 2027 1204 2068 mensem
1228 2029 1412 2068 unum.
1436 2013 1641 2070 Deinde
1668 2016 1895 2071 eductus

300 2098 359 2153 io
395 2098 538 2167 foro,
581 2116 613 2155 a
649 2102 759 2157 Deo
789 2101 916 2157 dum
955 2113 1138 2159 oraret
1173 2105 1385 2160 caelesti
1434 2105 1553 2161 luce
1583 2106 1893 2161 circumda-

299 2197 422 2253 tus,
468 2196 529 2244 ut
575 2189 691 2261 ipse
736 2191 994 2247 Leontius
1033 2196 1299 2261 crederet,
1340 2204 1397 2251 et
1440 2195 1760 2262 Caesarium,
1803 2198 1895 2267 qui

297 2286 429 2332 erat
454 2280 647 2347 nudus,
676 2298 772 2336 sua
802 2282 1083 2354 chlamyde
1124 2286 1391 2352 indueret,
1420 2297 1475 2341 et
1503 2288 1894 2358 baptizaretur,

298 2382 371 2423 ac
404 2383 605 2438 corpus
627 2385 692 2424 ac
733 2374 1052 2443 sanguinem
1090 2373 1301 2429 Domini
1341 2377 1613 2446 acciperet
1641 2378 1705 2432 de
1733 2394 1896 2432 manu

295 2456 511 2511 Juliani
539 2459 862 2531 presbyteri,
903 2477 1004 2517 nec
1040 2478 1215 2531 mora,
1259 2464 1403 2520 dicta
1431 2482 1593 2537 super
1617 2483 1739 2523 eum
1779 2485 1897 2524 ora-

298 2548 481 2611 tione,
531 2549 779 2617 spiritum
826 2552 1049 2608 tradidit
1090 2570 1150 2609 ill
1198 2554 1315 2609 Kal.
1347 2554 1482 2611 Nov.
1525 2556 1675 2613 Tunc
1718 2558 1897 2615 Luxo—

299 2637 425 2692 rius
448 2637 612 2707 jussit
636 2637 905 2695 Iulianum
931 2650 985 2697 et
1010 2642 1301 2699 Caesarium
1334 2647 1471 2701 mitti
1500 2648 1553 2702 in
1598 2663 1812 2703 saccum
1842 2656 1889 2705 et

297 2728 635 2799 praecipitari
668 2730 723 2784 in
756 2746 904 2787 mare
931 2747 945 2785 :
972 2732 1062 2803 qui
1099 2736 1291 2790 eodem
1328 2735 1416 2790 die
1457 2737 1642 2807 rejecti
1676 2745 1801 2793 sunt
1829 2741 1896 2794 ad

298 2817 462 2872 littus
489 2828 543 2873 et
583 2820 776 2891 sepulti
808 2821 876 2877 ab
926 2823 1161 2881 Eusebio
1190 2841 1348 2883 servo
1375 2824 1491 2895 Dei,
1515 2829 1671 2899 juxta
1705 2831 1894 2885 urbem

301 2906 692 2976 Terracinam;
740 2917 794 2965 et
841 2910 982 2967 idem
1016 2913 1281 2971 Eusebius
1327 2925 1514 2987 postea
1569 2921 1894 2991 martyrium

298 3013 499 3070 passus
523 3010 606 3055 est
638 3017 759 3057 eum
788 3003 966 3060 Felice
1003 3007 1338 3079 presbytero.
1367 3009 1573 3065 Eodem
1610 3012 1697 3067 die
1726 3014 1893 3082 depo-

300 3087 436 3142 sitio
484 3087 723 3145 Severini
763 3094 1014 3150 monachi
1064 3098 1129 3152 de
1161 3096 1439 3153 Tiburtina
1479 3100 1717 3156 civitate.
1766 3098 1884 3173 ipsa

2068 1914 2156 1968 Vll
2197 1914 2274 1968 in.
2329 1913 2383 1968 ln
2430 1912 2616 1968 Africa
2664 1914 2843 1968 natale
2897 1912 3109 1984 Rogati,
3154 1915 3368 1979 Donati,
3408 1912 3580 1975 Iuliae,

1992 2003 2256 2060 Januarii.
2289 2004 2491 2058 Eodem
2524 2002 2615 2058 die
2643 2004 2827 2058 natale
2847 2006 3021 2059 sancti
3056 2006 3198 2070 ltuﬁ,
3230 2005 3465 2075 episcopi
3495 2018 3586 2057 ur-

1992 2101 2079 2157 bis
2104 2098 2357 2155 Metensis
2385 2106 2439 2154 et
2467 2098 2814 2163 confessoris,
2843 2099 2936 2167 qui
2965 2094 3262 2151 translatus
3287 2106 3371 2151 est
3396 2110 3426 2150 a
3447 2110 3582 2166 prae-

1994 2191 2139 2247 dicta
2169 2192 2322 2256 urbe,
2358 2190 2731 2245 consentiente
2759 2188 3007 2257 Dmgone
3043 2185 3298 2258 praesule,
3331 2186 3383 2240 in
3429 2186 3587 2240 Woro

1996 2280 2320 2334 matiensem
2376 2293 2608 2349 pagum,
2654 2279 2707 2332 in
2757 2278 2939 2331 villam
2984 2293 3105 2348 quae
3164 2286 3387 2331 vocatur
3425 2276 3583 2332 Oter-

1995 2368 2163 2433 heim,
2205 2368 2537 2438 temporibus
2579 2365 2798 2420 Ludarii
2840 2367 3183 2437 imperatoris
3232 2376 3288 2420 et
3326 2366 3587 2422 Ludovici

1995 2459 2162 2528 regis,
2205 2458 2296 2512 ubi
2342 2458 2506 2513 etiam
2566 2459 2822 2512 sanctitas
2873 2458 2990 2526 ejus
3052 2455 3235 2512 multis
3293 2458 3586 2514 virtutibus

1996 2549 2193 2604 claruit
2217 2560 2268 2604 ι.

2067 2637 2132 2692 1V
2160 2638 2235 2692 in.
2278 2636 2463 2693 Romae
2508 2634 2771 2709 depositio
2802 2638 2971 2692 sancti
3014 2638 3207 2693 Leonis
3236 2638 3493 2707 episcopi.
3530 2638 3587 2693 ln

1994 2728 2283 2787 Antiochia
2315 2732 2495 2787 natale
2541 2730 2798 2786 Demetrii
2845 2731 3104 2801 episcopi,
3129 2730 3586 2793 Amnesi,l:‘.usta-

1996 2824 2102 2879 chii
2147 2822 2387 2896 [Aniani,
2415 2822 2675 2895 Eustosii]
2710 2832 2766 2877 et
2795 2824 3064 2878 sociorum
3091 2823 3226 2894 ejus.
3274 2823 3583 2879 Aurelianis

1996 2916 2261 2987 depositio
2294 2917 2437 2971 beati
2465 2916 2728 2970 Minitoris
2753 2912 3083 2986 [litouitoris]
3123 2915 3382 2984 episcopi.
3528 2980 3535 2985 .

2066 3004 2132 3058 lll
2158 3005 2233 3060 in.
2277 3005 2550 3074 Depositio
2575 3005 2719 3059 beati
2771 3004 2985 3059 Martini
3036 3004 3369 3060 Turonensis
3406 3005 3586 3059 archi-

2007 3092 2245 3164 episcopi
2270 3100 2326 3148 et
2346 3091 2694 3161 confessoris,
2711 3094 2865 3165 cujus
2882 3094 2995 3148 vita
3018 3104 3074 3150 et
3093 3096 3337 3150 doctrina
3364 3112 3460 3167 per
3484 3098 3607 3151 mi-

302 3177 397 3233 die
441 3182 700 3237 memoria
735 3184 1037 3241 celebratur
1079 3190 1319 3244 omnium
1367 3196 1700 3260 sanctorum,
1738 3195 1882 3265 quod
1909 3182 1954 3245 C
1995 3184 2182 3240 recula
2214 3198 2332 3253 quae
2376 3182 2635 3237 Dominus
2681 3198 2781 3254 per
2805 3199 2930 3238 eum
2977 3184 3126 3251 Ῑθείῑ,
3161 3200 3301 3257 Pelle
3336 3188 3589 3243 omnibus

301 3271 591 3326 constituit
616 3271 925 3331 Bonifacius
950 3293 1106 3348 papa,
1135 3282 1224 3348 qui
1266 3280 1549 3336 delubrum
1594 3294 1888 3352 vetustum,

303 3362 452 3431 quod
489 3362 558 3417 ab
599 3366 835 3436 antiquis
884 3367 1158 3425 Pantheon
1202 3369 1515 3439 vocabatur,
1560 3374 1893 3429 concedente

300 3449 511 3507 Focate
538 3452 761 3529 [Phoca]
800 3457 1037 3524 Cznsare,
1077 3459 1130 3514 in
1173 3460 1436 3517 honorem
1463 3472 1663 3519 sancta:
1710 3460 1893 3520 Maria:

303 3543 548 3619 Virginis
583 3558 639 3606 et
684 3553 923 3607 omnium
967 3564 1278 3610 sanctorum
1317 3557 1607 3612 dedicavit.
1660 3556 1791 3612 item
1837 3560 1891 3613 in

303 3639 499 3694 eodem
542 3640 630 3696 die
666 3642 720 3696 in
765 3646 1097 3700 monasterio
1143 3640 1310 3703 Fuida
1355 3647 1623 3704 dedicatio
1650 3648 1893 3704 ecclesiae

303 3732 486 3788 sancti
510 3732 795 3802 Bonifacii,
838 3746 893 3792 et
919 3737 1201 3794 translatio
1226 3740 1475 3810 corporis
1503 3738 1741 3809 ejusdem
1771 3756 1892 3796 san-

304 3827 387 3880 cti
421 3828 693 3898 martyris.

381 3912 450 3968 iV
479 3914 614 3971 Non.
653 3917 710 3972 in
740 3916 922 3974 Africa
947 3920 1126 3976 natale
1147 3916 1345 3989 Publii,
1377 3922 1633 3991 Victoris,
1665 3920 1889 3981 Herme-

307 4006 403 4070 tis,
433 4004 572 4061 Justi
600 4016 656 4062 et
678 4007 875 4080 Papiae.

384 4093 449 4149 lii
486 4092 619 4152 Non.
660 4084 718 4151 in
753 4097 998 4154 Cazsarea
1027 4098 1380 4171 Cappadociae
1407 4100 1586 4158 natale
1611 4102 1890 4171 Germani,

314 4183 591 4252 Domnini,
627 4186 927 4258 Theophili,
966 4189 1171 4255 Vitalis,
1221 4188 1357 4246 Justi
1391 4201 1447 4245 et
1486 4188 1760 4249 Eremitis.
1789 4192 1894 4249 Eo-

316 4273 439 4328 dem
467 4274 555 4330 die
580 4275 843 4346 depositio
867 4279 1039 4333 sancti
1069 4278 1336 4335 Permenii
1372 4278 1647 4356 [Firmini]
1678 4283 1889 4340 confes-

313 4378 474 4419 δοῖ-18.

383 4451 428 4506 ll
456 4451 592 4509 Nox.
631 4453 1017 4527 Augustoduno
1044 4458 1308 4529 depositio
1346 4459 1488 4515 beati
1534 4459 1746 4517 Proculi
1772 4463 1889 4534 epi-

313 4546 482 4615 scopi.
507 4545 745 4603 Rotenus
770 4547 1077 4623 [Rutbenis]
1101 4551 1286 4607 Galliae
1308 4553 1484 4608 natale
1498 4555 1671 4609 sancti
1691 4552 1893 4609 Aman-

314 4639 376 4692 tii
405 4638 659 4710 episcopi.
687 4640 746 4695 In
776 4640 963 4698 Galliis
986 4643 1263 4699 Beturicas
1288 4645 1450 4716 .apud
1479 4640 1764 4717 Bituricas]
1795 4645 1892 4701 de-

312 4731 509 4801 positio
537 4734 709 4787 sancti
754 4733 1010 4789 inlusoris
1049 4736 1200 4805 pueri
1239 4744 1295 4791 et
1342 4735 1701 4803 confessoris;
1741 4744 1795 4792 et
1833 4736 1888 4793 in

312 4820 513 4886 Nicaea,
557 4822 825 4877 Domnini.
865 4822 924 4878 in
952 4823 1135 4880 Africa
1182 4826 1361 4882 natale
1406 4825 1597 4893 Primi,
1640 4826 1886 4895 Cmsarii,

313 4910 596 4982 Gregorii,
646 4912 879 4981 Porsiri,
919 4913 1198 4981 Amantis,
1241 4914 1515 4982 Saturini,
1563 4916 1884 4984 Victurinae,

313 4999 618 5071 Perpeture.

1994 3278 2243 3333 ﬁdelibus
2277 3277 2465 3344 claret,
2512 3289 2615 3331 nec
2648 3290 2872 3333 necesse
2916 3288 3001 3333 est
3034 3280 3237 3348 aliquid
3264 3282 3352 3335 hic
3389 3281 3513 3337 inde
3556 3295 3587 3337 a

1994 3368 2150 3423 nobis
2187 3368 2621 3433 commemorari,
2654 3368 2779 3436 quia
2830 3368 2997 3438 ipsius
3026 3368 3230 3435 Vitam,
3275 3370 3504 3426 virtutes
3533 3379 3589 3426 et

1994 3458 2149 3526 signa
2182 3455 2456 3526 Sulpicius
2485 3455 2720 3511 Severus
2767 3455 3041 3512 luculento
3065 3472 3317 3513 sermone
3355 3458 3587 3514 manife-

1994 3558 2075 3604 ste
2098 3547 2416 3617 descripsit;
2454 3558 2554 3601 nec
2600 3561 2707 3601 non
2739 3553 2793 3601 et
2820 3545 3135 3617 Gregorius,
3161 3546 3404 3615 ejusdem
3432 3550 3585 3605 urbis

1992 3642 2297 3712 episcopus,
2344 3639 2398 3694 in
2436 3636 2817 3695 eraculorum
2867 3638 3024 3694 libris
3064 3639 3375 3709 plenissime
3416 3641 3587 3697 disse-

1993 3734 2120 3787 ruit.
2149 3730 2351 3786 Eodem
2381 3730 2467 3786 die
2511 3730 2693 3800 passio
2730 3729 3037 3784 celebratur
3065 3724 3271 3784 Mennte
3300 3732 3576 3802 martyris,

1994 3821 2086 3894 qui
2116 3820 2364 3877 militiam
2398 3829 2671 3876 terrenam
2700 3819 2976 3885 deserens,
3014 3835 3081 3876 en
3111 3820 3253 3890 quod
3294 3820 3584 3877 Diocletia-

1992 3928 2095 3967 nus
2135 3911 2433 3983 imperator
2460 3910 2667 3965 szevitia
2698 3908 3037 3965 Christianos
3069 3921 3289 3981 cogeret
3312 3910 3453 3966 idola
3495 3926 3587 3966 co-

1992 4002 2103 4058 iere
2125 4010 2180 4057 et
2206 4002 2335 4057 deos
2365 4000 2528 4057 falsos
2550 4000 2797 4065 adorare,
2822 4012 3043 4056 sanctus
3072 4000 3306 4057 famulus
3338 4002 3431 4057 Dei
3455 4002 3571 4071 pri-

1993 4111 2140 4150 mum
2178 4094 2231 4148 in
2273 4109 2513 4148 eremum
2544 4094 2801 4159 secessit,
2837 4108 2901 4149 ac
2930 4094 3002 4149 ibi
3045 4092 3273 4150 Domino
3311 4096 3576 4151 instanter

1993 4186 2237 4241 servivit.
2261 4184 2453 4240 Postea
2479 4199 2605 4240 vero
2625 4201 2748 4241 cum
2762 4186 2989 4256 gentiles
3016 4187 3249 4241 natalem
3277 4188 3418 4243 diem
3438 4204 3578 4259 pra:-

1992 4276 2120 4331 dicti
2149 4268 2491 4347 imperatoris
2528 4274 2889 4341 ceiebrarent,
2930 4276 3080 4329 venit
3114 4276 3168 4328 in
3200 4276 3498 4342 civitatem,
3528 4286 3585 4333 et

1993 4368 2293 4439 increpavit
2329 4369 2735 4438 superstitiosos
2761 4368 2996 4423 cultores
3023 4366 3291 4424 idolorum
3335 4370 3402 4424 de
3430 4371 3585 4425 vani-

1994 4462 2103 4512 tate
2131 4474 2248 4513 sua.
2279 4457 2384 4512 Per
2424 4456 2709 4528 Bagasium
2738 4457 3035 4527 principem
3081 4456 3266 4513 multis
3295 4460 3582 4514 tormentis

1996 4548 2223 4603 amictus
2245 4557 2347 4614 est,
2374 4557 2430 4603 et
2448 4563 2569 4603 eum
2601 4563 2631 4601 a
2656 4547 2857 4603 Christi
2885 4549 2990 4605 ﬁde
3029 4558 3276 4606 avertere
3308 4550 3494 4618 voluit,
3527 4564 3585 4609 et

1997 4641 2053 4695 in
2095 4655 2338 4696 errorem
2383 4638 2664 4710 gentilium
2696 4648 2860 4709 atque
2898 4641 2967 4695 ad
3011 4642 3256 4697 militiam
3305 4652 3581 4701 terrenam

1994 4732 2274 4788 reducere.
2321 4730 2427 4786 Sed
2475 4730 2679 4786 Christi
2717 4739 2928 4805 martyr
2964 4734 3178 4804 penitus
3218 4734 3322 4790 hoc
3363 4745 3581 4791 contra-

1994 4824 2149 4878 dixit.
2202 4821 2353 4877 Tunc
2393 4836 2594 4890 prmses
2619 4821 2783 4893 jussit
2838 4836 2960 4878 cum
3005 4824 3241 4895 primum
3292 4825 3345 4880 in
3400 4826 3581 4896 stipite

1994 4923 2206 4971 tensum
2236 4913 2418 4969 nervis
2440 4914 2669 4969 taurinis
2694 4915 2918 4979 aedere,
2953 4917 3025 4970 ita
3056 4926 3115 4971 ut
3146 4919 3363 4989 sanguis
3400 4934 3429 4974 e
3455 4935 3579 4975 θοι·-

1994 5020 2124 5077 pore
2147 5003 2264 5075 ejus
2290 5004 2461 5061 ﬂuens
2493 5005 2547 5060 in
2579 5006 2808 5061 circuitu
2835 5015 3035 5063 terram
3086 5010 3359 5080 repleret;
3394 5020 3579 5080 postea

385 5089 521 5147 Non.
552 5091 793 5148 Novus.
832 5088 889 5148 in
940 5070 1255 5163 Tarracina,
1288 5095 1596 5170 Campania:
1639 5098 1884 5166 civitate,
1985 5070 2150 5163 jussit
2174 5070 2292 5150 ﬁeri
2330 5095 2513 5164 spinas
2558 5094 2787 5161 ferreas,
2813 5106 2869 5150 et
2908 5070 3167 5168 prmcepit
3215 5070 3369 5168 ligari
3394 5070 3575 5168 ipsum

317 5184 495 5241 natale
529 5194 838 5241 sanctorum
876 5187 1072 5244 Felicis
1104 5191 1405 5262 presbyteri
1445 5199 1500 5246 et
1528 5190 1746 5247 Eusebii
1775 5208 1893 5249 mo-

316 5276 502 5342 nachi,
546 5286 790 5348 tempore
835 5277 1042 5334 Claudii
1088 5280 1475 5350 imperatoris:
1506 5281 1598 5353 qui
1644 5280 1892 5339 videlicet

317 5365 583 5421 Eusebius
610 5382 732 5421 cum
757 5368 1042 5437 sepelisset
1072 5379 1289 5425 sanctos
1319 5381 1586 5443 martyres
1614 5366 1890 5429 lulianum

317 5466 375 5512 et
398 5454 711 5523 Caesarium,
755 5468 810 5513 et
837 5460 904 5515 ad
944 5461 1188 5531 sepulcra
1242 5476 1428 5518 eorum
1455 5480 1621 5520 orans
1661 5480 1725 5521 ac
1756 5464 1893 5536 jeju-

317 5561 456 5603 nans
499 5546 696 5603 multos
723 5558 1060 5606 converteret
1089 5552 1155 5607 ad
1178 5551 1357 5619 ﬁdem,
1385 5567 1522 5622 quos
1560 5552 1709 5609 Felix
1739 5567 1893 5624 pres-

318 5626 477 5710 bytér
510 5638 856 5710 baptizabat:
905 5642 1041 5697 tenti
1080 5649 1205 5698 sunt
1245 5643 1405 5699 ambo
1442 5659 1473 5699 a
1518 5644 1747 5702 Leontio
1780 5645 1890 5701 ﬁlio

389 5763 416 5792 ι
439 5751 536 5810 llic
564 5755 940 5812 desiderantur
965 5754 1018 5810 in
1057 5756 1437 5824 Martyrologio
1474 5760 1578 5817 duo
1607 5761 1741 5817 dies.

1995 5193 2240 5239 sanctum
2266 5193 2558 5256 martyrem
2589 5183 2864 5252 Mennam,
2896 5196 2952 5242 et
2984 5202 3146 5258 super
3170 5188 3387 5243 easdem
3413 5189 3574 5243 trahi.

1996 5274 2148 5330 Tune
2172 5289 2374 5346 praeses
2405 5274 2570 5343 jussit
2606 5290 2732 5331 eum
2765 5286 2955 5333 contra
2987 5279 3237 5332 humeros
3275 5277 3577 5333 diutissime

1996 5366 2165 5432 caedi;
2204 5364 2397 5421 deinde
2426 5364 2703 5435 lampades
2748 5369 3001 5423 ardentes
3042 5368 3315 5422 mandavit
3348 5370 3574 5439 supponi

1996 5457 2208 5528 corpori
2236 5457 2389 5528 ejus:
2416 5456 2578 5511 allato
2608 5468 2785 5513 autem
2835 5458 2960 5529 igne
2989 5467 3044 5513 et
3087 5458 3365 5528 supposito
3391 5460 3442 5515 ei
3475 5473 3577 5529 per

1993 5548 2127 5603 duas
2152 5547 2321 5604 ferme
2347 5549 2507 5603 horas
2530 5549 2736 5605 nullum
2760 5549 2984 5605 verbum
3006 5550 3075 5605 ad
3098 5550 3383 5619 praesidem
3409 5551 3569 5619 dixit,

1992 5637 2088 5693 sed
2118 5645 2326 5692 tantum
2352 5637 2617 5693 clamabat
2647 5639 2716 5694 ad
2735 5638 3018 5694 Dominum
3048 5638 3276 5695 dicens:
3309 5657 3332 5692 α
3356 5638 3576 5697 Christe
