4028 6196
468 327 599 380 Ηῖξ)

1095 319 1155 376 Β.
1199 314 1451 371 RABANI
1488 315 1705 372 MAUlll
1745 314 2041 371 ARCIIIEP

2140 315 2410 375 IOGUNT.
2452 317 2736 375 OPERUM
2771 318 2950 375 PARS
2986 319 3049 374 ll.

3577 316 3719 377 1380

462 439 625 501 Deus,
649 435 839 503 adjuva
870 449 985 499 me;
1024 452 1043 486 ι
1074 432 1366 488 novissime
1395 446 1524 486 vero
1552 430 1844 485 cum'nullo
1872 430 2031 485 modo
2060 434 2107 492 Α
2132 446 2231 501 per
2261 446 2451 486 omnes
2479 431 2596 487 dies
2632 432 2755 487 vita:
2799 447 2911 486 sua:
2943 439 3247 503 perageret,
3283 440 3413 487 nutu
3452 433 3547 490 Dei
3594 434 3722 508 Spi-

459 541 583 581 cum
612 538 824 593 praeses
865 538 894 575 a
929 520 1142 575 Christo
1188 522 1439 589 separare
1479 528 1676 589 posset,
1702 519 1863 589 jussit
1908 533 2031 573 eum

460 612 732 669 decollari.
792 610 990 681 Sicque
1031 610 1258 666 feliciter
1313 618 1531 664 sanctus
1580 608 1679 662 Dei
1729 608 2033 677 relinquens

459 719 697 774 praesens
720 701 976 755 smculum
1002 700 1071 755 ad
1097 699 1317 754 caeleste
1339 712 1565 768 regnum
1596 697 1865 751 transivit.

529 795 574 848 ll
613 792 689 847 In.
727 792 787 847 In
814 791 996 845 Africa
1037 789 1228 863 [Asia]
1276 790 1458 844 natale
1501 797 1817 843 sanctorum
1875 788 2035 846 Inau-

462 883 584 947 ruli,
626 882 779 937 Publi
818 880 1042 953 [Aurelii
1084 889 1139 934 et
1190 877 1411 950 Publii].
1451 880 1508 933 lu
1538 877 1783 932 Caesarea
1826 878 2033 947 Cappa-

458 978 627 1031 docize
655 976 835 1030 natale
873 984 1185 1030 sanctorum
1210 971 1485 1036 Germani,
1520 971 1823 1041 Theophili,
1862 971 2033 1026 Caesa-

460 1069 527 1122 rii
557 1077 613 1121 et
636 1067 812 1121 sancti
841 1065 1081 1120 Eusebii.

529 1156 657 1210 luis.
697 1156 754 1209 In
781 1154 1025 1224 ,Turonis
1065 1152 1284 1205 civitate
1327 1148 1516 1205 Gallia:
1562 1146 1824 1216 depositio
1861 1146 2033 1200 sancti

459 1250 632 1303 Dricci
658 1246 860 1320 [Britii]
903 1244 1138 1314 episcopi
1173 1252 1227 1297 ct
1255 1239 1603 1304 confessoris,
1630 1239 1721 1308 qui
1766 1238 1871 1292 fuit
1905 1253 2034 1292 suc-

458 1352 644 1391 cessor
672 1336 841 1391 sancti
861 1334 1077 1388 Martini
1102 1334 1155 1387 in
1184 1331 1516 1403 episcopatu.

530 1424 691 1480 XVHI
729 1424 863 1479 KAL.
893 1423 1133 1477 DECEIB.
1182 1421 1240 1475 In
1271 1417 1564 1482 Heraclea,
1612 1417 1831 1472 civitate
1857 1416 2033 1470 Thra-

459 1517 583 1577 ciae,
624 1514 803 1568 natale
844 1511 1015 1567 sancti
1044 1509 1275 1567 Clentini
1324 1516 1378 1564 et
1420 1506 1745 1571 Theodotaa,
1785 1505 2034 1559 Filomini

460 1603 829 1679 [Clementini,
852 1602 1134 1667 Theodoti,
1160 1599 1501 1671 Pbilomeni],
1534 1597 1729 1664 Eracli,
1754 1597 2032 1661 Martialis,

460 1697 652 1753 Donati
676 1705 732 1752 et
758 1695 986 1751 aliorum
1010 1693 1300 1749 multorum
1328 1700 1656 1746 sanctorum.

2134 522 2271 576 ritus
2315 530 2535 577 sanctus
2581 523 2805 577 immisit
2847 523 2900 576 in
2940 538 3156 578 sensum
3186 522 3303 593 ejus
3340 532 3400 577 ut
3439 539 3719 583 monaste—

2135 613 2274 666 rium
2320 612 2710 682 ingrederetur.
2757 611 2891 667 Cum
2936 628 3066 683 ergo
3114 628 3221 667 non
3269 612 3438 667 multo
3472 622 3719 685 tempore

2136 700 2330 756 ibidem
2378 700 2667 766 habitaret,
2718 701 2790 754 ita
2833 700 2998 770 coepit
3035 699 3104 754 ab
3143 701 3410 756 universis
3456 701 3718 762 fratribus

2133 794 2303 866 diligi,
2348 803 2409 849 ut
2447 793 2612 850 veluti
2648 803 2855 864 patrem
2896 809 3020 849 eum
3067 810 3257 850 omnes
3301 809 3712 854 venerarentur.

2134 886 2378 957 Cumque
2419 886 2744 958 complesset
2782 901 2954 940 annos
2996 887 3299 941 octodecim
3350 904 3514 959 agens
3545 890 3710 945 vitam

2133 977 2543 1039 monachorum,
2587 976 2829 1030 introivit
2863 976 2916 1029 in
2964 990 3180 1030 sensum
3225 976 3341 1045 ejus
3386 977 3711 1033 desiderium

2133 1075 2195 1119 ut
2230 1065 2401 1120 sancti
2424 1064 2568 1120 Petri
2608 1065 2835 1135 apostoli
2877 1066 3057 1121 sedem
3110 1067 3457 1133 advisitaret;
3506 1077 3562 1121 et
3588 1083 3716 1138 pro—

2134 1154 2413 1219 ficiscens,
2444 1157 2551 1210 Deo
2581 1154 2895 1217 auxiliante,
2926 1154 3153 1208 Romam
3198 1156 3471 1224 pervenit,
3502 1166 3556 1210 et
3589 1172 3713 1212 cum

2133 1248 2317 1301 omnia
2364 1247 2640 1302 didicisset
2691 1246 2969 1317 mysteria,
3018 1246 3102 1301 vel
3153 1247 3394 1317 regulam
3435 1249 3713 1314 Ecclesia,

2134 1337 2302 1392 multo
2351 1338 2521 1409 magis
2574 1337 2628 1391 in
2675 1338 2811 1391 urbe
2862 1337 3031 1391 Roma
3078 1338 3246 1407 erepit
3288 1338 3614 1394 Christianis
3659 1350 3714 1396 et

2133 1425 2320 1496 egenis
2355 1434 2609 1481 consueta
2638 1424 2880 1494 praebere
2916 1425 3124 1479 solatia.
3154 1426 3289 1481 Cum
3313 1442 3443 1482 vero
3472 1427 3581 1482 illic
3615 1429 3710 1483 de-

2135 1523 2440 1569 moraretur
2467 1513 2625 1567 annis
2661 1511 2863 1577 tribus,
2895 1514 3085 1568 eodem
3126 1524 3366 1583 tempore
3393 1531 3505 1584 quo
3546 1517 3716 1585 impe-

2135 1603 2277 1656 rium
2300 1601 2532 1656 obtinuit
2554 1601 2914 1657 Numerianus
2943 1596 3313 1672 impiissimus,
3338 1612 3395 1658 et
3430 1606 3593 1674 cmpit
3616 1621 3715 1675 per

2136 1692 2382 1747 civitates
2404 1691 2488 1747 vel
2517 1693 2818 1762 provincias
2848 1708 2973 1748 suas
2999 1703 3267 1763 prmcepta
3298 1706 3590 1765 argnenter
3616 1698 3713 1768 (ita

532 1789 673 1845 XVII
710 1788 842 1843 KAL.
881 1786 940 1841 In
976 1785 1158 1840 Africa
1196 1782 1375 1838 natale
1414 1789 1725 1837 sanctorum
1781 1778 2035 1844 Secundi,
2067 1788 2113 1846 Β
2139 1779 2263 1852 ms.)
2304 1780 2556 1852 dirigere,
2590 1789 2650 1834 ut
2688 1782 2734 1835 si
2768 1781 2891 1851 quis
2918 1781 3262 1837 Christianus
3292 1784 3544 1839 inventus
3583 1785 3718 1841 fuis-

459 1878 786 1942 Fidentiani,
814 1875 993 1931 Varici
1024 1883 1079 1930 et
1106 1872 1382 1928 Martialis.

530 1966 650 2021 XVI
686 1966 819 2021 ΚΜ..
858 1966 916 2020 In
946 1965 1129 2035 Capua
1166 1962 1342 2018 natale
1365 1959 1672 2030 Augustini,
1699 1964 1754 2013 et
1775 1957 1829 2011 in
1851 1956 2036 2011 Africa

461 2055 675 2123 Vitalis,
714 2055 975 2111 Januarii.
1027 2053 1287 2125 Lugdune
1327 2050 1513 2108 Galliae
1553 2048 1818 2119 depositio
1865 2047 2038 2103 sancti

461 2146 657 2204 Euceri
686 2145 984 2219 [Eucherii]
1012 2142 1270 2214 episcopi.

532 2237 625 2293 XV
660 2237 793 2293 ΚΑι..
842 2237 1028 2292 Sancti
1058 2234 1236 2289 Patris
1270 2233 1436 2288 nostri
1462 2230 1707 2302 Gregorii
1748 2228 2038 2284 miraculo-

462 2345 582 2385 rum
614 2327 856 2383 factoris.
886 2327 957 2381 Et
988 2327 1041 2380 in
1069 2323 1396 2388 Aurelianis,
1441 2321 1661 2378 civitate
1698 2317 1904 2385 Galliae,
1940 2317 2038 2373 de-

459 2419 656 2490 positio
685 2419 858 2473 sancti
876 2415 1073 2471 Aniani
1100 2413 1340 2485 episcopi
1366 2422 1419 2468 ct
1443 2409 1793 2468 confessoris.

532 2508 643 2565 XIV
675 2508 808 2563 KAL.
833 2507 1022 2562 Passio
1058 2503 1232 2560 sancti
1258 2502 1485 2559 Romani
1517 2499 1791 2571 martyris,
1818 2495 1907 2568 qui
1939 2497 2039 2552 sub

459 2598 777 2670 Asclepiade
802 2595 1056 2668 praefecto
1081 2594 1306 2666 gloriam
1334 2592 1475 2648 sacri
1510 2589 1764 2661 martyris
1810 2588 2038 2657 adeptus

460 2697 566 2745 est.
605 2689 738 2744 Nam
768 2688 1058 2759 praedictus
1082 2682 1428 2755 Asclepiades
1456 2697 1579 2737 cum
1604 2680 1763 2735 vellet
1791 2686 2039 2734 sanctum

462 2779 767 2837 Romanum
802 2795 833 2834 a
864 2780 966 2834 fide
992 2777 1197 2833 Christi
1231 2785 1479 2830 avertere
1528 2781 1583 2828 et
1617 2773 1672 2827 in
1716 2770 2037 2843 paganicum

464 2883 705 2925 errorem
735 2868 998 2937 redigere,
1030 2865 1219 2920 validis
1250 2863 1531 2919 tormentis
1560 2862 1709 2917 illum
1739 2860 2035 2915 alliciebat:

463 2961 580 3033 ipse
602 2967 779 3015 autem
811 2960 863 3011 in
894 2958 999 3012 fide
1028 2966 1174 3011 recta
1201 2966 1256 3010 et
1289 2956 1632 3011 confessione
1660 2969 1785 3008 vera
1824 2967 2040 3023 perma-

463 3050 648 3105 nebat.
679 3046 897 3102 Ascitus
936 3045 1100 3099 etiam
1138 3044 1241 3098 fuit
1288 3044 1344 3098 in
1386 3043 1749 3097 testimonium
1782 3041 2038 3111 parvulus

465 3139 668 3203 infans,
704 3146 762 3191 ut
791 3137 906 3206 ipse
934 3136 1243 3191 ostenderet
1271 3134 1325 3188 in
1353 3132 1686 3203 professione
1725 3148 1821 3187 sua
1859 3142 2039 3187 utrum

469 3229 717 3285 Christus
746 3226 841 3281 Dei
866 3225 1034 3280 Filius
1061 3240 1130 3279 an
1164 3222 1285 3278 falsi
1330 3224 1400 3279 dii
1435 3223 1692 3278 adorandi
1725 3232 1937 3289 essent;
1972 3223 2039 3276 ad

462 3320 568 3376 hoc
604 3318 783 3375 infans
812 3316 1108 3388 respondit,
1141 3316 1417 3372 Christum
1460 3314 1555 3369 Dei
1584 3313 1777 3369 Filium
1809 3314 2040 3368 adoran-

464 3414 618 3478 dum,
650 3427 756 3466 non
795 3411 932 3465 falsa
966 3410 1187 3463 numina
1216 3409 1459 3463 deorum.
1501 3404 1670 3461 Jussit
1709 3416 2041 3461 memoratus

462 3500 752 3572 prazfeetus
783 3501 959 3572 ipsum
994 3498 1315 3553 infautulum
1346 3496 1518 3551 valide
1552 3496 1797 3562 tractari,
1836 3496 1930 3550 sed
1963 3503 2041 3550 ta-

466 3609 591 3648 men
636 3608 760 3648 eum
784 3592 1002 3646 vincere
1046 3606 1151 3644 non
1181 3588 1357 3658 potuit
1396 3602 1496 3641 nec
1533 3587 1588 3641 in
1617 3600 1856 3640 errorem
1885 3586 2042 3640 sedu—

464 3697 610 3736 cere.
644 3680 795 3734 Tunc
817 3678 1166 3748 Asclepiades
1194 3676 1357 3745 jussit
1388 3674 1689 3729 Romanum
1724 3674 1883 3729 simul
1918 3689 2041 3728 cum

464 3772 671 3827 infante
703 3772 759 3826 in
790 3784 1063 3825 carcerem
1116 3767 1255 3823 mitti
1288 3774 1344 3821 et
1368 3775 1582 3836 postera
1612 3764 1699 3820 die
1722 3765 1777 3818 in
1805 3763 2042 3819 validum

466 3861 644 3931 ignem
671 3858 951 3931 projicere,
978 3859 1073 3913 sed
1099 3857 1275 3927 pluvia
1302 3855 1466 3909 nimia
1498 3870 1528 3909 a
1556 3855 1667 3908 Deo
1695 3854 1861 3907 miSsa
1890 3852 2040 3906 illum

464 3953 742 4008 exstinxit.
789 3950 870 4006 0b
912 3950 1014 4004 hoc
1052 3950 1221 4002 iratus
1266 3961 1466 4017 praeses
1512 3944 1833 3999 iufantulum
1879 3943 2042 4014 jussit

460 4043 713 4113 jugulari,
739 4042 982 4095 Romano
1008 4055 1139 4094 vero
1167 4038 1402 4107 linguam
1437 4035 1772 4091 abscindere.
1816 4033 1920 4088 Sed
1948 4034 2043 4087 Dei

468 4134 642 4205 gratia
687 4138 812 4201 post
857 4130 1050 4200 lingua:
1089 4127 1682 4183 abscissioncmlaudes
1718 4126 1828 4181 Deo
1860 4126 2041 4179 inces-

467 4233 654 4279 santer
679 4221 896 4287 cecinit,
934 4228 990 4275 et
1028 4220 1081 4274 in
1112 4218 1310 4273 Christi
1359 4217 1697 4273 confessione
1732 4231 2043 4287 persevera-

469 4315 564 4369 vit.
607 4313 760 4380 Quod
804 4327 929 4368 cum
970 4312 1275 4365 nuntiatutn
1312 4317 1456 4363 esset
1488 4307 1800 4372 Maximino,
1845 4320 2042 4376 genero

471 4406 812 4467 Diocletiani,
837 4405 1001 4475 jussit
1027 4418 1151 4458 eum
1182 4403 1236 4456 in
1266 4414 1537 4456 carcerem
1573 4400 1709 4453 mitti
1753 4409 1805 4453 et
1836 4399 1909 4454 ibi
1946 4415 2043 4469 per

470 4509 687 4555 noctem
734 4460 1077 4567 strangulari.
1127 4494 1323 4565 Sicque
1368 4500 1588 4548 sanctus
1618 4490 1815 4546 Christi
1842 4460 2124 4560 inartyrD

471 4598 663 4644 octavo
685 4587 894 4641 decimo
917 4585 1004 4641 die
1030 4583 1318 4640 Novembri
1353 4580 1556 4637 mensis
1586 4581 1653 4635 ad
1684 4578 1921 4635 cwlestia
1955 4596 2044 4635 re—

473 4693 575 4746 gna
601 4676 874 4745 migravit.

546 4764 657 4819 XIII
698 4764 831 4819 ΚΑΙ..
864 4763 921 4818 In
948 4763 1195 4818 Caesarea
1224 4759 1573 4831 Cappadociae
1602 4758 1779 4814 natale
1803 4757 2044 4827 Maximi,

476 4855 726 4919 Muciani,
756 4854 1017 4923 Neophyti
1044 4862 1100 4907 ct
1125 4851 1351 4906 aliorum
1382 4850 1761 4920 quadraginta.

547 4946 639 5001 Xll
675 4946 808 5000 KAL.
840 4945 897 4999 In
922 4943 1175 4998 lleraclea
1206 4942 1383 4997 natale
1406 4939 1582 5006 Bassi,
1610 4940 1874 5011 Dionysii;
1912 4950 1967 4994 et
1995 4940 2047 4995 in

468 5028 812 5112 Cappadocia
839 5033 1085 5089 Caesarea
1108 5073 1122 5098 ,
1150 5032 1372 5104 Agapeti
1406 5031 1658 5104 [Agapii].

546 5133 617 5188 XI
659 5132 793 5186 KtL.
828 5141 855 5169 ι
890 5126 1059 5181 Mauri
1098 5126 1371 5197 martyris,
1402 5127 1494 5196 qui
1534 5125 1604 5180 ab
1638 5123 1863 5178 infantia
1888 5123 2047 5178 Chr;—

478 5226 687 5281 stianus
733 5222 876 5288 fuit,
933 5217 1374 5286 orationibusque
1416 5226 1471 5271 et
1509 5214 1729 5286 jejuniis
1771 5214 2046 5269 Christum

477 5315 765 5371 Dominum
808 5310 1217 5381 deprecabatur,
1248 5307 1602 5379 eleemosynis
1626 5305 1800 5360 viduis
1830 5314 1884 5359 et
1916 5319 2045 5374 cge-

477 5407 565 5462 nis
596 5404 907 5476 frequenter
937 5399 1193 5472 impensis
1220 5413 1325 5453 non
1351 5398 1644 5452 minuebat.
1677 5396 1918 5465 Cumque
1944 5396 2047 5450 hoc

549 5549 577 5577 ι
605 5538 736 5603 Quis
765 5537 850 5590 ille
872 5535 1113 5598 Maurus,
1144 5532 1236 5603 qui
1279 5545 1422 5603 anno
1446 5530 1653 5603 decimo
1694 5537 1884 5583 octavo
1930 5542 2046 5603 mo-

481 5597 686 5662 nachus
732 5606 830 5661 fuit
879 5597 1209 5674 temporibus
1248 5600 1581 5674 Numeriani,
1626 5599 1728 5652 hoc
1766 5606 1850 5651 est
1891 5597 2050 5651 tertio

482 5675 709 5730 saeculo?
751 5675 889 5728 Nulli
926 5669 1052 5730 tunc
1094 5674 1244 5729 fuere
1284 5669 1557 5734 monachi,
1597 5683 1696 5722 nec
1732 5682 1927 5721 nomen
1966 5682 2051 5721 co-

2138 1879 2242 1936 set,
2268 1878 2324 1925 et
2359 1886 2466 1925 non
2492 1869 2596 1925 diis
2624 1870 2945 1937 immolaret,
2974 1871 3201 1926 diversis
3228 1872 3508 1941 suppliciis
3533 1890 3715 1930 mace-

2139 1968 2289 2016 ratus
2341 1960 2503 2015 morli
2551 1961 2876 2015 traderetur.
2925 1960 3047 2031 Ipso
3092 1977 3325 2031 namque
3381 1963 3436 2016 in
3478 1972 3719 2033 tempore

2139 2067 2262 2107 cum
2310 2051 2694 2121 prmfecturam
2739 2051 2923 2106 [inmte
2978 2055 3369 2122 promeruisset
3415 2053 3718 2117 Celerinus,

2138 2147 2193 2195 et
2219 2140 2332 2210 ipse
2364 2139 2519 2194 idolis
2548 2140 2761 2195 deditus
2786 2140 2875 2193 diu
2903 2142 3217 2211 requisisset
3242 2158 3337 2212 per
3363 2159 3559 2211 omnes
3585 2144 3718 2198 civi-

2140 2240 2279 2287 tates
2323 2230 2406 2285 vel
2453 2231 2590 2296 loca,
2642 2241 2703 2286 ut
2751 2232 2923 2287 sicubi
2974 2232 3272 2287 Christiani
3323 2236 3718 2304 reperirentur,

2140 2320 2367 2376 diversis
2402 2320 2690 2390 generibus
2736 2330 3125 2376 tormentorum
3163 2322 3343 2377 affecti
3389 2323 3719 2378 deficerent:

2141 2410 2232 2466 hic
2263 2410 2478 2465 beatum
2504 2408 2751 2464 Maurum
2780 2410 3163 2480 multiplicibus
3194 2413 3481 2466 tormentis
3509 2411 3722 2476 aﬂlixit,

2139 2504 2244 2559 hoc
2279 2512 2381 2568 est,
2404 2500 2567 2571 jussit
2612 2517 2735 2556 eum
2765 2502 2997 2572 primum
3034 2503 3264 2558 fustibus
3294 2503 3515 2558 nodosis
3545 2504 3677 2559 caedi
3705 2522 3719 2556 :

2140 2594 2334 2650 deinde
2362 2594 2650 2665 plumbatis
2674 2595 2922 2649 maxillas
2948 2593 3066 2667 ejus
3093 2596 3383 2661 contundi;
3436 2606 3622 2666 postea
3661 2597 3717 2650 in

2140 2684 2369 2754 equuleo
2416 2700 2735 2753 suspensum
2785 2685 2999 2757 ungulis
3054 2686 3171 2740 radi
3217 2696 3272 2741 et
3316 2685 3591 2757 lampades
3633 2704 3724 2741 ar-

2145 2774 2336 2830 dentes
2364 2773 2624 2829 lateribus
2656 2774 2774 2845 ejus
2818 2774 3109 2845 applicari;
3153 2774 3220 2830 ad
3251 2784 3553 2830 extremum
3592 2791 3723 2831 vero

2141 2873 2300 2934 caput
2345 2864 2462 2934 ejus
2511 2864 2796 2935 amputari.
2854 2861 3020 2931 Cujus
3076 2879 3272 2933 corpus
3329 2874 3491 2918 noctu
3546 2874 3725 2919 nanue

2140 2954 2382 3010 Africani
2434 2962 2825 3025 cognoscentes
2872 2970 2993 3008 cum
3074 2971 3139 3010 ex
3179 2972 3276 3010 sua
3322 2957 3498 3025 patria
3543 2966 3721 3011 ortum

2144 3053 2462 3115 rapuerunt,
2492 3056 2547 3101 et
2572 3045 2847 3101 volventes
2900 3061 3023 3100 eum
3071 3046 3477 3102 linteaminibus
3504 3049 3721 3103 mundis

2068 3114 2113 3175 C
2146 3151 2269 3192 cum
2311 3136 2642 3191 aromatibus
2687 3142 2984 3205 posuerunt
3024 3136 3077 3190 in
3124 3137 3531 3207 sareophagum,
3587 3137 3722 3221 seri—

2143 3233 2367 3297 pserunt
2411 3226 2478 3281 ad
2504 3233 2666 3294 caput
2707 3223 2822 3293 ejus
2845 3225 3085 3280 dicentes
3111 3244 3124 3279 :
3155 3225 3251 3280 Dei
3290 3236 3339 3279 et
3368 3224 3560 3279 Christi
3589 3226 3721 3279 Jcsu

2142 3317 2377 3389 famulus
2402 3316 2624 3371 Maurus
2650 3318 2788 3372 hunc
2817 3317 2958 3390 [hoc]
2989 3318 3241 3371 stt-rufum
3274 3336 3370 3389 pro
3392 3317 3588 3372 Christi
3610 3318 3723 3387 ﬁds

2144 3405 2436 3478 relinquens
2468 3407 2623 3460 vitam
2659 3416 2904 3461 retentam
2937 3409 3244 3478 acquisivit;
3274 3418 3397 3478 post
3420 3408 3727 3476 aliquantus

2142 3496 2259 3551 dies
2296 3495 2505 3551 occulte
2534 3495 2783 3551 eumdem
2826 3498 3216 3566 sarcophagum
3247 3512 3397 3551 suam
3445 3498 3499 3551 in
3528 3512 3723 3552 navem

2143 3601 2332 3642 omnes
2368 3596 2545 3641 nauta:
2578 3602 2683 3642 uno
2711 3587 2892 3642 animo
2918 3587 3251 3641 levaverunt.
3279 3588 3395 3653 Quo
3412 3586 3575 3653 facto,
3594 3602 3721 3656 ρει-ρ

2146 3679 2290 3733 venit
2317 3679 2384 3733 ad
2425 3678 2664 3748 praefecti
2700 3677 2933 3733 Celeriui
2968 3678 3233 3743 notitiam,
3265 3688 3321 3732 et
3358 3680 3528 3733 iratus
3560 3676 3724 3745 jussit

2143 3784 2332 3824 omnes
2374 3777 2568 3824 nautas
2608 3770 3088 3839 comprehendere.
3137 3768 3255 3835 Quo
3301 3768 3487 3822 audito
3531 3783 3721 3823 omnes

2144 3860 2419 3933 fugerunt,
2449 3870 2504 3917 et
2532 3861 2709 3916 nullus
2740 3876 2928 3915 eorum
2958 3861 3207 3914 inventus
3235 3871 3337 3914 est.
3368 3859 3570 3914 Videtis
3608 3862 3720 3915 haec

2146 3950 2425 4007 Celerinus
2450 3950 2760 4020 pnefectus,
2791 3950 3018 4005 consilio
3047 3949 3243 4004 diaboli
3274 3959 3537 4014 armatus,
3557 3948 3724 4017 jussit

2144 4042 2389 4095 eamdem
2432 4041 2633 4106 navim,
2680 4041 2734 4094 in
2767 4057 2871 4110 qua
2900 4041 3153 4110 martyris
3190 4056 3387 4110 corpus
3423 4049 3566 4105 erat,
3602 4055 3723 4095 sar-

2146 4132 2343 4186 mentis
2398 4131 2630 4202 impleri,
2680 4139 2735 4185 et
2778 4131 2901 4201 igne
2945 4133 3221 4201 supposito
3262 4132 3313 4185 in
3358 4132 3534 4185 medio
3581 4131 3724 4186 mari

2146 4221 2408 4285 comburi,
2439 4222 2531 4276 sed
2560 4220 2894 4291 gubernante
2921 4223 3170 4285 Domino,
3201 4230 3492 4292 martyrem
3539 4236 3722 4288 suum,

2146 4310 2236 4364 ubi
2264 4309 2508 4364 Christus
2532 4309 2721 4375 voluit,
2752 4310 2820 4365 ad
2848 4320 3063 4380 portum
3095 4311 3283 4365 salutis
3312 4310 3579 4380 perduxit.

2221 4403 2264 4457 X
2306 4402 2437 4457 KAL.
2471 4402 2683 4458 Sancta:
2717 4404 2953 4471 Cecilize,
3001 4421 3122 4474 qua:
3169 4415 3225 4459 et
3266 4419 3519 4473 sponsum
3566 4417 3724 4457 suum

2153 4492 2516 4557 Valerianum,
2539 4501 2595 4546 et
2614 4492 2832 4548 fratrem
2852 4492 2967 4561 ejus
2982 4493 3284 4548 Tiburtium
3309 4493 3376 4547 ad
3396 4491 3723 4546 credendum

2149 4584 2364 4640 Christo
2417 4600 2482 4639 ac
2525 4584 2846 4655 martyrium
2897 4584 3211 4653 perdocuit,
3262 4591 3318 4637 et
3371 4582 3485 4652 ipsa
3530 4580 3727 4638 deinde

2150 4675 2539 4747 martyrizavit,
2570 4675 2747 4745 ignem
2771 4675 2987 4744 quidem
3023 4690 3308 4743 superans,
3336 4673 3431 4728 sed
3458 4672 3606 4726 ferro
3633 4687 3725 4726 oc-

2149 4767 2259 4822 cisa
2295 4767 2396 4821 sub
2424 4765 2708 4821 Almachio
2739 4766 2889 4820 urbis
2916 4765 3192 4834 praefecto.
3228 4764 3430 4820 Eadem
3469 4765 3556 4818 die
3601 4779 3727 4817 san-

2149 4866 2253 4912 cta:
2267 4856 2608 4912 Mederasnue
2630 4855 2873 4926 virginis.
2888 4854 3007 4924 Ipso
3031 4856 3117 4910 die
3135 4855 3313 4909 natale
3328 4852 3555 4923 Longini
3583 4867 3722 4906 mar-

2149 4950 2304 5021 tyris,
2337 4949 2428 5017 qui
2460 4947 2703 5002 militiam
2747 4956 3018 5001 terrenam
3056 4962 3335 5010 exercens,
3365 4944 3456 5000 illo
3484 4954 3723 5014 tempore

2154 5052 2255 5108 quo
2285 5038 2543 5093 Dominus
2581 5036 2731 5091 cruci
2768 5034 2980 5101 alllxus,
3022 5046 3222 5100 astans,
3244 5032 3431 5102 jussus
3471 5049 3503 5087 a
3534 5032 3720 5089 Pontio

2148 5128 2321 5183 Pilato
2348 5128 2595 5197 prteside,
2630 5126 2769 5181 latus
2797 5125 3008 5180 Domini
3046 5125 3229 5178 lancea
3258 5123 3569 5193 percutiens
3599 5136 3719 5190 ape-

2148 5218 2278 5281 ruit,
2305 5227 2360 5273 et
2390 5218 2574 5272 videns
2598 5216 2750 5284 signa
2779 5231 2899 5286 qua:
2926 5215 3124 5270 flebant
3161 5222 3385 5283 propter
3416 5212 3716 5269 Dominum,

2149 5308 2261 5363 sole
2284 5307 2572 5361 obscurato
2600 5315 2654 5360 et
2686 5315 2829 5360 terra
2862 5311 3153 5368 commota,
3182 5302 3412 5357 credidit
3447 5301 3501 5353 in
3542 5298 3715 5352 Domi-

2150 5412 2277 5451 num
2307 5402 2549 5449 nostrum
2576 5391 2761 5446 Iesum
2791 5390 3084 5455 Christum,
3114 5399 3170 5445 et
3196 5388 3511 5460 percutiens
3538 5393 3717 5457 pectus

2150 5543 2270 5581 rum
2301 5536 2505 5580 notum.
2559 5522 2755 5579 Omisit
2784 5523 2929 5575 illum
2959 5521 3242 5585 Duronius,
3270 5533 3369 5574 nec
3397 5516 3515 5586 ejus
3544 5516 3717 5586 passio

2150 5597 2345 5668 legitur
2389 5596 2444 5668 in
2484 5591 2904 5668 Martyrologio:
2938 5592 3164 5668 habetur
3206 5591 3376 5668 solum
3416 5585 3487 5641 ad
3526 5585 3591 5646 28
3620 5585 3719 5645 No-

2153 5658 2356 5724 vembr.
2389 5658 2907 5732 Maurus'episcopus
2941 5658 3265 5714 Veronensis.
3303 5658 3466 5712 BASN.
