4028 6196
298 304 462 363 1181

1644 313 2281 375 MARTYROLOGIUM.

3455 335 3596 395 “8?.

289 438 485 480 suum
526 437 659 481 voce
700 439 895 498 magna
933 425 1191 483 dicebat:
1222 425 1355 483 Vere
1376 422 1551 485 Filius
1592 429 1694 485 Dei
1729 441 1804 486 est
1825 433 1911 487 hic
1936 434 1985 493 Α
2013 441 2348 505 protegente,
2377 448 2576 507 corpus
2603 437 2720 507 ejus
2748 440 3022 513 integrum
3078 443 3221 500 inter
3265 448 3594 516 asperrimos

289 514 541 587 (Matth.
567 516 761 586 xxvn).
800 517 868 572 Et
910 527 1031 588 post
1067 520 1183 574 haec
1212 520 1471 576 recedens
1519 537 1549 575 a
1587 522 1778 577 militia
1822 524 1908 577 in-

287 608 641 664 struebatur
713 610 925 671 Domini
972 613 1256 682 pra‘ceptis
1305 629 1334 666 a
1375 616 1582 669 sanctis
1627 616 1905 686 apostolis,

288 705 363 751 et
405 693 737 752 venerabilia
764 697 963 753 Christi
1016 703 1266 755 tnandata
1302 717 1547 766 servans,
1581 707 1789 776 accepit
1834 707 1909 762 si-

287 790 607 861 gnaculum
640 790 786 858 ﬁdei,
809 801 1092 862 totumque
1118 808 1178 849 se
1206 794 1401 850 obtulit
1425 795 1671 862 Domino,
1702 796 1905 853 faciens

289 882 717 954 cleemosynas,
747 892 802 937 et
838 884 1094 938 castitate
1142 899 1338 954 corpus
1383 887 1685 953 continens,
1714 904 1905 958 puram

289 971 661 1026 custodiebat
705 971 1117 1037 conscientiam,
1169 974 1451 1031 cwlestem
1494 975 1658 1031 vitam
1713 992 1905 1047 gerens

290 1059 358 1113 in
399 1071 572 1115 terra.
604 1060 705 1116 Hic
739 1077 860 1116 cum
907 1071 1051 1117 esset
1078 1062 1339 1119 Cwsarea:
1364 1064 1737 1136 Cappadocia},
1768 1068 1906 1123 vixit

288 1151 528 1208 habens
580 1152 820 1223 quietam
872 1154 1258 1209 monachorum
1298 1155 1463 1210 vitam
1514 1158 1673 1211 annis
1715 1158 1902 1228 viginti

287 1251 459 1309 octo,
487 1251 544 1298 et
570 1243 773 1299 multos
818 1251 1073 1300 avertens
1119 1246 1185 1300 ab
1231 1246 1515 1317 iniquitate
1562 1248 1902 1304 illuminabat

285 1335 479 1389 verbo
507 1335 751 1390 veritatis
787 1353 800 1387 :
842 1335 1136 1405 prohibens
1179 1336 1440 1392 idolorum
1489 1337 1776 1402 sacriﬁcia,
1809 1352 1898 1393 se-

288 1426 528 1482 minans
558 1427 727 1483 verbo
761 1428 971 1483 Domini
1016 1428 1349 1484 venerabilia
1391 1442 1683 1500 praecepta.
1731 1431 1900 1502 Igitur

286 1533 435 1573 cum
456 1518 785 1574 Octavianus
814 1536 1014 1589 praeses
1041 1521 1145 1577 hoc
1174 1522 1435 1587 audisset,
1457 1522 1623 1590 jussit
1644 1539 1765 1579 eum
1792 1525 1895 1580 sibi

287 1608 578 1674 exhiberi,
605 1609 794 1663 volens
835 1619 1081 1664 avertere
1103 1611 1250 1666 illum
1280 1626 1310 1665 a
1333 1612 1531 1668 Christi
1561 1614 1664 1669 [ide
1689 1623 1741 1669 et
1768 1631 1894 1670 vera

285 1697 589 1770 religione,
618 1699 909 1769 multisque
944 1716 1070 1755 cum
1116 1702 1404 1756 tormentis
1440 1703 1510 1758 ob
1536 1705 1641 1758 hoc
1665 1704 1890 1762 aﬁlixit:

2011 523 2258 593 scopulos
2300 536 2464 596 atque
2500 529 2843 587 acutissimos
2903 542 3179 588 servatum
3221 545 3306 590 est
3345 554 3360 589 :
3412 538 3591 593 anima

2008 626 2138 669 vero
2170 628 2387 684 egressa
2422 617 2490 671 de
2514 620 2757 688 corporis
2783 622 3059 692 ergastulo
3097 624 3166 679 ad
3192 625 3357 680 vitam
3388 629 3591 700 migra-

2006 707 2086 762 vit
2111 717 2388 764 arternam.

2077 797 2147 856 Vl
2182 798 2317 854 ΚΑι.
2346 799 2535 856 Romae
2566 802 2830 873 depositio
2858 805 3019 863 Sirici
3049 809 3287 882 episcopi
3317 820 3372 867 et
3399 812 3593 868 Satur-

2005 886 2154 951 nini;
2186 898 2243 943 et
2266 888 2321 944 in
2346 888 2592 960 Aquilea,
2620 891 2890 949 Valentini
2913 897 3183 967 episcopi;
3218 906 3272 954 et
3300 900 3353 954 in
3382 901 3585 973 Capua,

2005 977 2312 1043 Nicanoris,
2336 979 2578 1038 Cassiani
2613 992 2668 1038 et
2690 984 3030 1042 Felicissimi.
3065 988 3462 1060 Augustoduno
3490 995 3583 1048 dc-

2004 1069 2202 1140 positio
2231 1071 2404 1127 sancti
2438 1071 2713 1129 Amatoris
2738 1076 3001 1147 episcopi.

2074 1160 2120 1214 V
2156 1160 2291 1217 ΚΑι..
2327 1163 2386 1218 1η
2419 1162 2729 1220 Nicomedia
2766 1168 2949 1223 natale
2994 1169 3252 1236 Marcelli,
3284 1170 3452 1234 Petri,
3480 1171 3588 1227 Nu-

2001 1254 2161 1318 meri,
2210 1253 2455 1311 llierenrc
2501 1265 2555 1312 et
2595 1257 2826 1322 Melosze,
2859 1268 2915 1314 et
2943 1260 3212 1331 depositio
3245 1260 3427 1330 Optati
3473 1263 3588 1333 epi-

1999 1358 2169 1412 scopi.

2069 1433 2138 1488 IV
2180 1435 2312 1490 K..u..
2344 1437 2400 1491 ln
2440 1436 2620 1508 Syria,
2649 1437 2953 1508 Tropbiini,
2985 1440 3273 1507 Theodoli,
3301 1441 3581 1512 Expicaci,

1998 1522 2214 1588 Euceri,
2243 1525 2460 1580 Eusebii
2490 1535 2547 1581 et
2567 1526 2717 1582 Julii.

2066 1611 2129 1665 lll
2168 1611 2302 1667 Kac.
2353 1614 2537 1669 Roma:
2591 1616 2767 1671 natale
2817 1618 2990 1673 sancti
3064 1617 3385 1686 Saturnini,
3434 1619 3577 1675 Serii

1999 1699 2226 1774 [Senis],
2265 1712 2321 1759 et
2350 1702 2571 1760 Sisinnii
2608 1706 2817 1761 diaconi
2865 1708 2965 1763 sub
2995 1708 3340 1773 Maximiano,
3400 1726 3430 1765 a
3473 1727 3581 1781 quo

284 1790 603 1845 novissime
647 1804 777 1846 vero
829 1792 1115 1861 capitalem
1168 1794 1495 1849 sententiam
1547 1796 1697 1851 illum
1734 1798 1897 1867 jussu
1925 1780 1972 1839 B
1998 1791 2174 1859 primo
2218 1793 2358 1847 inter
2382 1794 2516 1849 alios
2538 1795 2776 1850 damnati
2804 1796 2870 1850 ad
2900 1796 3206 1853 fodiendam
3239 1814 3460 1854 arenam
3494 1780 3573 1854 ad

285 1881 516 1946 subire,
567 1881 789 1952 ipseque
844 1898 1045 1952 praeses
1086 1893 1275 1952 postea
1319 1900 1481 1941 orans
1499 1885 1655 1955 juxta
1699 1903 1897 1960 corpus

283 1972 481 2025 sancti
531 1974 789 2043 martyris
832 1975 1036 2045 recepit
1081 1975 1254 2029 visum
1286 1983 1341 2031 et
1368 1977 1678 2045 sanitatem,
1727 1995 1894 2049 quam

284 2072 527 2132 propter
552 2063 756 2119 scelera
790 2080 885 2120 sua
917 2074 1043 2121 ante
1069 2066 1327 2135 perdidit.

367 2151 446 2206 IX
488 2151 621 2207 ΚΑι.
650 2152 857 2218 Romae,
885 2155 1059 2209 sancti
1079 2154 1373 2210 Clementis
1393 2155 1651 2226 episcopi,
1674 2156 1790 2227 qui,
1806 2155 1891 2226 ju-

287 2239 468 2295 bente
494 2240 750 2310 Trajano,
785 2244 978 2298 missus
1018 2254 1102 2299 est
1133 2245 1186 2299 in
1213 2244 1463 2300 exsilium
1493 2255 1642 2301 trans
1664 2246 1893 2302 Pontum

288 2345 493 2397 mare,
531 2330 620 2386 ubi
652 2331 834 2387 multis
884 2335 952 2388 ad
980 2332 1144 2388 ﬁdem
1192 2333 1399 2389 vocatis
1426 2349 1525 2404 per
1555 2334 1812 2391 miracula
1838 2345 1895 2391 et

288 2417 612 2475 doctrinam
659 2420 792 2489 ejus,
830 2424 1196 2493 praecipitatus
1237 2433 1321 2479 est
1360 2425 1414 2479 in
1444 2440 1595 2480 mare
1628 2425 1790 2496 ligata
1825 2428 1893 2484 ad

288 2509 504 2565 collum
542 2511 803 2578 anchora,
853 2515 946 2569 sed
981 2515 1207 2571 recessit
1236 2530 1387 2570 mare
1416 2516 1699 2572 orantibus
1729 2518 1891 2573 disci-

290 2601 452 2674 pulis
492 2601 607 2671 ejus
645 2620 743 2674 per
783 2606 887 2660 tria
929 2605 1119 2673 millia,
1155 2616 1210 2661 et
1250 2606 1575 2663 invenerunt
1609 2624 1805 2679 corpus
1837 2610 1891 2665 in

285 2705 431 2748 arca
458 2708 621 2748 saxea
652 2695 706 2749 in
732 2695 932 2766 templo
954 2712 1280 2764 marmoreo,
1310 2706 1367 2753 et
1396 2701 1691 2754 anchoram
1711 2699 1887 2769 juxta.

286 2779 505 2839 Eodem
543 2785 629 2841 die
655 2787 834 2841 natale
866 2797 1068 2843 sanctae
1104 2787 1422 2855 Felicitatis,
1449 2791 1642 2846 matris
1685 2800 1889 2861 septem

289 2874 536 2931 ﬁliorum
554 2917 569 2942 ,
608 2880 883 2950 martyris,
907 2895 1048 2950 quae,
1062 2879 1287 2949 jubente
1306 2881 1604 2948 Antonino,
1629 2882 1889 2937 decollata

289 2974 379 3021 est
407 2981 510 3036 pro
536 2966 771 3023 Christo.
825 2969 892 3024 Et
935 2970 988 3024 in
1040 2971 1370 3025 monasterio
1411 2971 1578 3026 Bohio
1628 2972 1890 3041 depositio

291 3055 479 3110 sancti
522 3053 841 3111 Columbani
889 3057 1121 3113 abbatis.
1162 3058 1353 3113 Natale
1400 3060 1572 3114 sancti
1617 3060 1886 3117 Trudonis

291 3144 652 3201 confessoris.

363 3237 483 3293 Vlll
512 3236 648 3292 Kac.
674 3237 858 3291 Romae
884 3236 1062 3291 natale
1090 3238 1262 3292 sancti
1290 3237 1643 3310 Chrysogoni,
1666 3240 1758 3309 qui
1789 3240 1890 3293 sub

288 3326 637 3382 Diocletiano
675 3327 995 3398 martyrium
1027 3326 1336 3396 complevit.
1373 3328 1646 3398 Scriptum
1675 3330 1727 3382 in
1759 3343 1886 3399 pas-

291 3418 455 3473 sione
501 3426 702 3472 sanctae
730 3418 1049 3472 Anastasize.
1080 3417 1200 3487 Ipso
1232 3418 1318 3473 die
1348 3418 1527 3473 natale
1551 3419 1725 3473 sancti
1755 3418 1886 3473 Cre-

291 3509 590 3573 scentiani,
621 3510 710 3578 qui
741 3518 860 3563 erat
908 3525 1031 3563 cum
1063 3507 1299 3564 Caesario
1325 3509 1572 3574 diacono,
1607 3519 1662 3564 et
1687 3510 1883 3577 Largo,

291 3608 347 3655 et
372 3600 698 3671 Smaragdo,
736 3601 787 3654 in
817 3615 1036 3654 carcere
1071 3601 1171 3655 sub
1208 3604 1584 3670 persecutione
1607 3600 1882 3656 Maximini

289 3691 392 3746 ﬁlii
420 3690 752 3755 Maximiani,
782 3699 837 3745 et
876 3691 1121 3755 eductus,
1165 3688 1390 3759 jubente
1428 3690 1688 3760 Carpasio
1733 3692 1881 3745 vica-

288 3784 406 3849 rio,
436 3783 503 3837 de
531 3798 771 3846 carcere,
821 3797 1117 3852 suspensus
1146 3792 1230 3837 est
1275 3782 1327 3836 in
1368 3782 1681 3851 cquulcum,
1708 3792 1763 3837 et
1803 3783 1885 3837 fu-

290 3877 476 3932 stibus
505 3890 697 3939 czcsus,
730 3874 996 3945 unguibus
1025 3889 1183 3928 rasus
1213 3873 1434 3927 diutius.
1489 3872 1691 3929 Deinde
1734 3872 1884 3927 llam-

291 3966 407 4022 mis
437 3965 639 4020 circum
664 3963 833 4018 latera
888 3962 1005 4031 ejus
1031 3961 1290 4032 appositis
1315 3962 1405 4016 diu
1435 3961 1721 4028 ustulatus,
1752 3962 1882 4018 emi-

292 4060 370 4115 sit
402 4058 673 4128 spiritum,
698 4066 754 4112 et
785 4057 850 4111 ab
886 4054 1096 4110 Joanne
1121 4054 1435 4125 presbytero
1450 4052 1687 4121 sepultus
1713 4061 1798 4108 est
1827 4054 1881 4108 in

293 4148 615 4204 coemeterio
668 4145 943 4201 Priscillae.
999 4144 1118 4214 Ipso
1163 4152 1402 4213 tempore
1431 4141 1751 4197 Maximinus
1800 4144 1883 4197 in-

294 4239 522 4299 terfecit
563 4253 806 4295 sororem
832 4253 986 4293 suam
1031 4235 1351 4291 Artemiam.
1403 4232 1677 4304 Scriptum
1710 4235 1765 4289 in
1791 4249 1883 4305 ge-

296 4333 404 4389 stis
433 4330 670 4386 Marcelli
697 4344 865 4400 papae.

372 4423 465 4479 VII
503 4423 637 4478 ΚΜ..
667 4421 855 4477 Natale
878 4421 1051 4477 sancti
1070 4419 1219 4476 Petri
1245 4419 1482 4492 episcopi
1507 4419 1878 4475 Alexandria):

297 4519 394 4592 qui
418 4535 539 4573 cum
564 4527 707 4573 esset
728 4518 978 4572 omnibus
1003 4516 1290 4571 adornatus
1313 4515 1625 4580 virtutibus,
1652 4516 1706 4570 in
1736 4513 1882 4571 Scri-

296 4610 477 4681 pturis
522 4623 737 4680 quoque
764 4608 959 4662 divinis
1008 4606 1138 4661 nulli
1173 4607 1413 4677 priorum
1458 4605 1703 4672 inferior,
1749 4620 1876 4662 vere

298 4707 357 4752 et
389 4696 642 4753 sacerdos
670 4704 725 4750 et
751 4695 924 4749 hostia
955 4693 1070 4760 Dei,
1112 4690 1298 4748 subito
1348 4693 1572 4764 rapitur,
1618 4702 1781 4764 atque
1807 4709 1876 4749 ex

298 4786 580 4841 Maximini
629 4792 898 4854 praecepto
953 4783 1127 4852 capite
1171 4782 1550 4851 obtruncatur;
1602 4799 1725 4839 cum
1769 4799 1877 4855 quo

301 4876 465 4933 simul
492 4884 547 4930 et
568 4875 655 4929 alii
682 4874 863 4945 plures
893 4889 958 4929 ex
984 4872 1219 4944 Egypto
1243 4873 1484 4943 episcopi
1513 4874 1872 4930 trucidantur.

305 4966 583 5038 Scriptum
635 4965 688 5020 in
725 4964 960 5019 Historia
986 4963 1385 5027 Ecclesiastica,
1410 4963 1549 5018 libro
1576 4979 1652 5017 ιχ.
1701 4964 1761 5020 In
1784 4965 1882 5020 Ni-

304 5059 551 5116 comedia
578 5057 759 5128 passio
786 5056 929 5112 beati
953 5055 1175 5111 Marcnli
1204 5056 1503 5111 sacerdotis
1528 5063 1584 5111 et
1601 5057 1881 5130 martyris,

306 5149 400 5221 qui
450 5146 782 5219 temporibus
807 5146 1118 5202 Constantis
1155 5147 1300 5216 regis
1329 5146 1598 5218 tyrannici
1644 5161 1743 5219 per
1768 5147 1881 5203 Ma-

305 5239 621 5297 cbarianum
653 5246 707 5292 et
731 5235 978 5303 Paulum,
1007 5245 1384 5307 persecutores
1416 5239 1703 5303 maximos,
1736 5254 1884 5317 mar-

303 5332 508 5405 tyrium
536 5344 636 5401 pro
658 5328 858 5383 Christi
884 5327 1101 5383 nomine
1127 5327 1368 5396 pertulit.
1401 5327 1535 5382 Nam
1563 5344 1689 5385 cum
1713 5329 1880 5385 variis

306 5423 592 5479 tormentis
615 5419 844 5476 amictus
880 5428 1043 5484 esset,
1078 5426 1256 5473 tamen
1285 5435 1316 5474 a
1348 5418 1689 5489 professione
1717 5428 1879 5477 rectae

308 5512 432 5568 ﬁdei
460 5510 608 5566 nullo
643 5508 803 5565 modo
842 5507 1015 5564 averti
1062 5508 1269 5578 potuit;
1321 5508 1390 5563 ad
1419 5517 1722 5563 extremum
1748 5525 1881 5565 vero

307 5617 405 5673 per
431 5601 747 5672 praedictum
775 5598 1180 5655 Macharianum
1224 5598 1280 5653 in
1323 5597 1642 5653 altissimam
1691 5614 1878 5668 rupem

308 5694 589 5759 adductus,
623 5691 746 5747 inde
770 5690 1135 5764 praecipitatus
1163 5695 1275 5755 cst;
1310 5687 1403 5744 sed
1439 5697 1641 5753 tamen,
1664 5685 1880 5742 Christo

1908 4464 1960 4523 D

1996 1877 2272 1935 faciendas
2316 1883 2556 1938 thermas
2600 1884 2977 1941 Diocletianas.
3014 1887 3217 1943 Deinde
3268 1888 3320 1942 in
3356 1904 3576 1945 carcere

1996 1962 2097 2047 diu
2131 1976 2257 2024 sunt
2303 1972 2597 2038 macerati,
2648 1974 2740 2029 ubi
2790 1975 2989 2031 multos
3036 1975 3264 2047 gentiles
3313 1977 3570 2032 docentes

1992 2045 2371 2127 baptizabant;
2410 2070 2466 2117 et
2492 2062 2670 2119 denuo
2693 2065 2871 2120 educti
2905 2045 3072 2121 vincti
3100 2069 3331 2133 catenis,
3373 2083 3439 2123 ac
3466 2084 3571 2123 nu-
3664 2100 3668 2104 -

1994 2147 2079 2204 dis
2101 2150 2347 2220 pedibus,
2379 2161 2505 2207 ante
2552 2152 2862 2224 praefectum
2897 2156 3057 2213 Urbis
3082 2157 3397 2213 Laodicium
3441 2159 3577 2228 jussi

1996 2247 2123 2293 sunt
2148 2241 2202 2294 in
2230 2242 2459 2311 equuleo
2487 2242 2676 2309 levari,
2703 2253 2760 2299 et
2787 2247 2986 2301 attrahi
3018 2247 3201 2302 nervis
3223 2256 3278 2302 et
3317 2248 3573 2314 fustibus,

1994 2344 2060 2385 ac
2107 2332 2484 2401 scorpionibus
2551 2334 2722 2401 cmdi;
2790 2335 2985 2405 quibus
3031 2337 3193 2392 etiam
3230 2340 3573 2408 postmodum

1993 2418 2240 2478 flammas
2292 2424 2361 2478 ad
2416 2424 2586 2478 latera
2640 2425 2802 2495 jussit
2828 2428 3054 2498 apponi,
3107 2439 3162 2484 et
3186 2429 3460 2500 depositos
3507 2431 3576 2487 de

1994 2511 2226 2580 cquuleo
2292 2514 2468 2584 capite
2530 2516 2801 2581 truncari;
2868 2532 3098 2586 quorum
3161 2533 3385 2589 corpora
3450 2535 3576 2575 cum

1992 2605 2199 2660 Joanne
2245 2603 2564 2676 presbytero
2611 2605 2870 2677 colligens
2898 2606 3145 2662 Thrason
3194 2607 3280 2660 vir
3306 2606 3570 2662 Christia-

1992 2695 2251 2749 nissimus
2269 2735 2283 2760 ,
2310 2695 2404 2764 qui
2433 2697 2499 2750 de
2524 2694 2870 2751 facultatibus
2900 2697 3014 2751 suis
3042 2696 3375 2767 martyribus
3400 2697 3572 2752 multa

1993 2783 2420 2850 ministraverat,
2476 2784 2722 2855 sepelivit
2771 2785 2825 2840 in
2851 2786 3054 2856 praedio
3082 2800 3182 2842 suo
3222 2786 3310 2840 via
3346 2786 3572 2842 Salaria.

1994 2875 2090 2931 llis
2115 2876 2167 2930 in
2194 2875 2373 2931 medio
2399 2877 2697 2932 certamine
2732 2877 2924 2948 positis
2962 2877 3308 2932 crediderunt
3341 2877 3448 2932 duo
3474 2877 3575 2931 mi-

1993 2965 2136 3030 lites,
2185 2965 2381 3034 Papias
2432 2973 2487 3020 et
2525 2965 2763 3033 Maurus,
2810 2967 2903 3036 qui
2948 2982 3075 3020 mox
3117 2966 3493 3037 comprehensi
3540 2980 3572 3020 a

1993 3055 2289 3117 Laodicio,
2341 3063 2394 3109 et
2445 3070 2553 3109 non
2600 3055 2769 3110 multo
2835 3064 2958 3125 post
3005 3055 3268 3126 martyrio
3315 3062 3559 3109 coronati

1911 3124 1956 3185 Ο
1991 3158 2141 3202 sunt.
2175 3147 2449 3215 Scriptum
2488 3148 2542 3201 in
2580 3148 2745 3217 gestis
2769 3124 3004 3202 Marcelli
3043 3124 3213 3219 papin.
3242 3148 3445 3204 Eodem
3488 3147 3575 3203 die

1988 3238 2042 3292 in
2073 3236 2261 3292 Galliis
2288 3236 2509 3290 civitate
2535 3236 2798 3290 Mannetls
2824 3235 3100 3309 [Tolosae],
3131 3238 3406 3293 Saturnini
3454 3238 3571 3308 cpi-

1987 3327 2135 3397 scopi
2163 3335 2221 3382 et
2249 3326 2525 3397 martyris.
2557 3325 2678 3396 Ipse
2718 3340 2846 3380 vero
2879 3325 3206 3381 Saturninus
3252 3337 3481 3398 martyr,
3512 3338 3572 3381 ut

1985 3417 2178 3481 fertur,
2203 3416 2271 3471 ab
2292 3416 2656 3487 apostolorum
2680 3415 2956 3485 discipulis
2983 3416 3265 3469 ordinatus
3288 3416 3340 3468 in
3374 3418 3565 3471 urbem

1986 3507 2322 3562 Tolosatium
2368 3515 2453 3561 est
2501 3506 2758 3570 directus,
2809 3506 2900 3575 qui
2951 3505 3181 3574 impulsu
3233 3522 3566 3576 paganorum

1983 3599 2139 3654 bovis
2165 3599 2363 3669 petulci
2412 3598 2668 3668 religatus
2692 3597 2934 3667 vestigiis
2961 3612 3057 3666 per
3080 3596 3279 3667 gradus
3315 3596 3565 3667 Capitolii

1982 3691 2368 3762 praecipitatus,
2398 3698 2719 3761 praesentem
2750 3689 2922 3743 ﬁnivit
2952 3688 3144 3753 vitam,
3176 3687 3368 3757 capitis
3414 3703 3568 3742 com—

1982 3796 2117 3853 page
2145 3764 2429 3851 dispersa;
2465 3779 2620 3849 cujus
2651 3780 2891 3849 reliquiae
2930 3779 2983 3834 in
3009 3778 3254 3847 pluribus
3283 3778 3417 3833 locis
3459 3778 3568 3832 mi-

1982 3870 2184 3925 raculis
2206 3871 2536 3925 claruerunt.

2054 3962 2096 4016 ll
2132 3956 2267 4016 KAL.
2303 3960 2493 4018 Natale
2534 3961 2709 4017 sancti
2730 3961 2959 4021 Andreae
2984 3959 3233 4030 apostoli,
3261 3958 3352 4027 qui
3396 3958 3570 4011 inter-

1982 4061 2228 4124 pretatur
2256 4052 2419 4109 virilis
2443 4052 2527 4109 vel
2556 4053 2795 4117 decorus,
2831 4052 3000 4107 frater
3023 4050 3193 4106 Petri.
3244 4050 3344 4104 llic
3372 4047 3552 4118 prtedi-

1982 4146 2125 4202 cavit
2155 4145 2435 4216 Scythiam
2464 4152 2519 4199 et
2539 4143 2822 4206 Achaiam,
2849 4144 3029 4213 ibique
3053 4143 3106 4196 in
3128 4142 3349 4198 civitate
3373 4140 3567 4194 Patras

1983 4237 2130 4293 cruci
2159 4249 2453 4305 suspensus
2484 4233 2756 4289 occubuit.
2783 4234 2990 4297 Romae,
3029 4230 3253 4295 Castuli,
3285 4237 3340 4283 et
3366 4228 3569 4283 Eucre-

1981 4328 2111 4398 pitis
2140 4325 2510 4399 [Enprepitis],
2565 4335 2619 4381 et
2665 4324 2717 4380 in
2766 4323 3080 4386 Mediolano,
3124 4320 3397 4377 Ambrosii
3443 4318 3559 4391 epi-

1984 4434 2154 4490 scopi.

2497 4541 3055 4619 DECEMBEB.

2053 4696 2189 4751 ΚΜ..
2227 4696 2463 4751 Densus.
2521 4692 2707 4748 Romae
2767 4690 2945 4746 natale
2992 4689 3266 4752 Candida},
3318 4684 3542 4743 Viribon

1985 4786 2182 4860 [anii,
2214 4787 2428 4857 Rogati,
2459 4784 2750 4857 Cassiani],
2783 4791 2839 4839 et
2865 4783 3095 4837 aliorum
3125 4781 3369 4853 triginta,
3394 4786 3449 4833 et
3477 4777 3565 4833 de-

1984 4877 2185 4932 dicatio
2206 4875 2443 4930 basilica
2486 4874 2545 4929 S.
2574 4874 2769 4929 Albani
2799 4873 3073 4944 martyris,
3102 4880 3266 4943 atque
3294 4868 3566 4927 ordinatio

1982 4967 2128 5023 beati
2153 4966 2413 5021 Bouifacii
2442 4967 2718 5038 martyris.

2053 5058 2122 5114 IV
2159 5058 2294 5113 Nos.
2332 5057 2518 5113 Romae
2539 5056 2723 5111 natale
2740 5055 3024 5120 Primenti,
3048 5052 3320 5117 Pontiani,
3341 5048 3559 5114 Pimini,

1983 5145 2241 5211 Dafrosae,
2274 5145 2496 5202 Dimctri
2522 5144 3049 5219 [Forte,Demctrii],
3072 5141 3306 5199 Jubiani.
3337 5139 3394 5193 In
3419 5138 3562 5193 Mau-

1982 5237 2180 5293 ritania
2208 5235 2334 5292 Veri
2354 5222 2849 5308 [Severi],'Securi,
2877 5234 3143 5298 Januarii,
3174 5227 3453 5286 Victorini.

2053 5326 2120 5381 Ill
2166 5326 2302 5382 Nox.
2350 5327 2408 5381 In
2432 5325 2676 5391 Oriente,
2708 5325 2955 5391 Mclrobi,
2987 5321 3224 5379 Claudici
3254 5327 3309 5373 et
3340 5317 3555 5373 Felicis.

1984 5416 2043 5471 In
2072 5414 2405 5481 Nicomedia,
2448 5415 2680 5480 Ambici,
2730 5414 2937 5470 Victuri
2988 5409 3270 5486 [Victoris]
3321 5417 3376 5463 et
3407 5407 3556 5464 Julii.

1982 5506 2040 5561 In
2069 5502 2274 5569 Africa,
2301 5503 2556 5574 Crispini,
2594 5502 2840 5573 Maginae,
2871 5500 3115 5566 Joannis,
3146 5498 3430 5567 Stephani,
3462 5494 3557 5549 V’i-

1982 5595 2149 5652 ctoris
2176 5592 2453 5665 [Claudii].
2485 5592 2543 5648 In
2572 5592 2872 5660 Pannonia,
2902 5590 3073 5649 sancti
3098 5588 3392 5661 Agricolae;
3420 5584 3558 5641 etin
3598 5602 3601 5605 ·

1983 5684 2159 5753 Tingi,
2188 5683 2432 5741 Cassiani
2459 5682 2778 5755 presbyteri.
