4028 6196
519 361 657 420 1183

1148 357 1210 412 Β.
1251 352 1505 410 RABANI
1542 351 1764 410 MAURI
1801 352 2120 408 ARCIIIEP.
2163 350 2475 411 MOGUNT.
2516 350 2804 409 OPERUM
2839 350 3020 407 PARS
3054 351 3116 407 ll.

3663 354 3807 409 (ἐς

587 471 631 527 ll
670 469 803 525 Non.
832 467 1022 523 Natale
1050 466 1304 522 Barbarae
1333 464 1592 535 martyris
1614 476 1666 530 α,
1700 479 1821 534 quae
1847 463 2108 534 lempori-
2144 466 2188 526 Α
2212 471 2268 519 et
2294 463 2551 520 interiora
2581 463 2773 521 bestiis
2798 464 3017 519 tradam
3037 464 3276 519 voranda
3318 482 3333 519 :
3378 466 3804 535 postulationem

518 563 623 617 bus
645 557 987 631 imperatoris
1015 554 1326 610 Maximiani
1363 553 1689 626 [Maximini]
1714 568 1869 624 passa
1895 562 1981 609 est
2001 568 2102 623 pro

519 650 757 706 Christo.
804 646 942 701 Nam
965 655 1123 717 pater
1163 642 1283 712 ejus
1341 643 1562 699 nomine
1597 642 1911 708 Dioscorus,
1954 642 2105 698 dives

518 740 694 805 valde,
737 739 830 794 sed
880 752 1125 809 paganus
1178 744 1233 792 et
1279 735 1465 791 colens
1515 735 1676 800 idola,
1728 733 2104 805 ip’samﬁliam

521 848 674 891 suam
698 832 937 895 unicam,
966 847 1032 886 eo
1056 829 1200 900 quod
1246 827 1411 884 nollet
1457 827 1660 882 nubere
1684 836 1741 882 et
1772 826 1904 883 deos
1944 825 2108 882 falsos

521 924 719 987 colere,
751 923 934 978 multis
984 921 1269 977 tormentis
1298 918 1601 989 ailligebat;
1636 917 1930 973 novissime
1955 932 2105 983 vero,

514 1024 792 1087 praecepto
836 1014 1105 1086 praesidis,
1165 1029 1197 1068 a
1246 1028 1347 1068 suo
1393 1019 1551 1082 patre
1607 1008 1873 1065 decollata
1904 1018 2009 1073 est,
2053 1016 2109 1064 et

521 1106 848 1175 completum
880 1115 964 1160 est
1000 1104 1320 1176 martyrium
1355 1101 1554 1170 ejusin
1588 1101 1728 1156 bona
1761 1099 2107 1156 confessione

522 1213 646 1253 cum
692 1206 881 1253 sancta
907 1195 1140 1252 Juliana.
1190 1195 1562 1250 Descendente
1602 1206 1730 1247 vero
1756 1200 1910 1261 patre
1939 1189 2056 1259 ejus
2081 1206 2111 1244 a

522 1297 729 1354 monte,
782 1287 1064 1343 descendit
1113 1286 1252 1356 ignis
1281 1284 1349 1339 de
1379 1284 1539 1348 coelo,
1572 1292 1626 1338 et
1653 1281 1954 1338 combussit
1984 1296 2109 1336 eum

521 1379 594 1433 ita
626 1387 686 1433 ut
713 1393 811 1433 nec
835 1376 1013 1447 pulvis
1039 1375 1156 1445 ejus
1183 1374 1541 1429 inveniretur.
1589 1372 1789 1426 Eodem
1828 1370 1914 1425 die
1937 1369 2109 1424 Hera-

522 1469 614 1535 cli,
640 1467 959 1532 Christiani,
988 1465 1268 1520 Pudentis.
1296 1462 1626 1519 Monasterio
1652 1461 1901 1516 Floriaco
1930 1476 1958 1514 a
1990 1475 2115 1529 par.

521 1562 668 1617 tibus
690 1562 874 1618 Roma:
909 1563 1173 1619 adventus
1215 1560 1460 1630 corporis
1496 1558 1670 1614 sancti
1698 1555 1973 1611 Benedicti
2014 1555 2112 1610 ab-

524 1651 687 1709 batis.

597 1742 733 1797 Non.
771 1738 962 1797 Natale
987 1740 1240 1797 Dalmatii
1266 1738 1538 1811 martyris.
1581 1736 1770 1792 Natale
1795 1735 1969 1790 sancti
1995 1733 2111 1789 Cri-

529 1834 689 1904 spini,
720 1833 933 1890 Felicis.
968 1834 1025 1887 In
1066 1831 1269 1897 Africa,
1303 1831 1523 1886 civitate
1552 1828 1761 1898 Tagora
1789 1824 2110 1898 [Tbagnra],
2142 1822 2191 1880 Β
2216 1833 2266 1888 ei
2300 1832 2559 1888 Ammius
2601 1850 2614 1886 ε

527 1924 705 1979 natale
735 1924 879 1991 Julii,
916 1925 1177 1979 Potamia:
1196 1932 1252 1979 et
1272 1921 1450 1985 Grati,
1477 1928 1533 1976 et
1553 1919 1782 1974 aliorum
1807 1926 2036 1991 septem.

601 2016 714 2071 Vill
754 2015 829 2070 In.
874 2017 933 2071 In
960 2015 1161 2078 Africa,
1212 2013 1403 2078 Zeloti,
1433 2010 1741 2074 Fortunati,
1785 2009 1968 2064 Gatbi.
2008 2008 2112 2062 Eo-

528 2106 650 2162 dem
679 2106 766 2163 die
788 2107 966 2162 natale
993 2105 1200 2160 Nicolai
1222 2103 1486 2175 Myrensis
1508 2100 1763 2156 Ecclesiae
1797 2099 2113 2169 metropoli-

526 2196 637 2249 tani
666 2195 926 2266 episcopi,
973 2195 1064 2264 qui
1104 2192 1439 2263 temporibus
1482 2189 1825 2245 Constantini
1871 2188 2101 2258 Augusti

529 2301 652 2340 cum
690 2287 885 2357 pagani
923 2294 979 2340 et
1010 2282 1252 2340 hteretici
1291 2281 1696 2343 tumultuarent,
1729 2287 1786 2333 et
1811 2277 2115 2334 Ecclesium

527 2373 621 2429 Dei
663 2373 939 2428 erroribus
982 2372 1096 2428 suis
1126 2377 1405 2435 vexarent,
1433 2368 1727 2424 adveniens
1771 2366 1918 2430 illuc,
1963 2380 2116 2422 com-

530 2466 737 2536 pescuit
784 2480 1026 2521 errorem
1078 2473 1135 2520 et
1162 2463 1432 2536 mitigavit
1468 2459 1926 2533 persecutionem.
1982 2458 2115 2514 Erat

523 2556 667 2610 enim
709 2556 930 2626 quidam
979 2569 1184 2625 praeses
1242 2553 1339 2619 ibi,
1378 2551 1599 2608 nomine
1637 2550 1985 2613 Eustachius,
2019 2549 2114 2620 qui

523 2658 622 2715 per
653 2645 1005 2714 cupiditatem
1032 2644 1277 2715 pecuniae
1319 2642 1519 2698 multos
1545 2639 1975 2696 Christianorum
2020 2639 2115 2695 lae-

522 2746 670 2793 serat
694 2754 708 2791 :
743 2753 868 2792 nam
894 2737 1126 2809 amplius
1151 2751 1316 2807 quam
1339 2734 1600 2790 ducentos
1628 2733 1836 2803 pondus
1859 2731 2113 2804 [ducenta

524 2828 723 2902 pondo]
765 2832 975 2900 argenti
1024 2839 1347 2899 accepturus
1376 2826 1519 2882 idem
1554 2839 1757 2895 praeses
1783 2832 1903 2878 erat
1931 2834 1991 2876 ut
2019 2838 2113 2879 eos

524 2920 792 2991 perderet.
846 2919 1039 2974 Postea
1063 2933 1195 2974 vero
1223 2934 1319 2988 per
1343 2916 1601 2973 invidiam
1631 2912 1828 2969 diaboli
1869 2928 1975 2967 non
2001 2927 2115 2967 mo-

525 3014 646 3068 dica
671 3012 808 3067 facta
837 3018 920 3066 est
942 3012 1242 3081 persecutio
1268 3010 1322 3063 in
1364 3009 1587 3064 civitate
1616 3021 1648 3059 a
1678 3006 1940 3075 magistro
1968 3003 2113 3058 mili-

526 3112 638 3158 tum
665 3111 719 3156 et
746 3119 773 3156 a
800 3101 1053 3172 przefecto
1079 3100 1327 3164 Ablabio,
1357 3099 1448 3169 qui
1493 3097 1810 3167 imperatori
1835 3094 2113 3165 persuasit

2208 554 2415 611 faciens
2449 563 2640 611 contra
2672 566 2733 611 te
2753 571 2940 614 coram
2974 555 3181 611 cmiesti
3226 572 3351 628 rege
3383 556 3629 613 Christo.
3668 579 3688 610 ι
3743 559 3807 614 Et

2209 648 2346 703 dixit
2372 647 2707 719 imperator:
2739 668 2757 700 ‹
2791 648 2924 716 Quis
2953 648 3100 702 enim
3124 663 3185 703 es
3215 657 3293 713 tu,
3332 658 3387 702 et
3409 650 3690 719 quomodo
3719 652 3809 706 in-

2208 754 2425 809 gressus
2444 754 2505 793 es
2534 739 2587 793 in
2617 754 2797 793 meum
2818 737 3112 808 palatium?
3140 759 3157 790 ι
3187 738 3254 793 Et
3276 738 3415 792 dixit
3438 749 3663 795 sanctus
3691 742 3805 795 vir:

2214 848 2233 881 ι
2262 829 2373 901 Ego
2402 844 2521 884 sum
2549 828 2801 884 Nicolaus
2840 837 3112 897 peccator,
3143 828 3435 898 episcopus
3456 871 3470 894 ,
3498 831 3589 899 qui
3620 830 3673 884 in
3704 830 3815 901 Ly-

2210 921 2292 976 cia
2323 921 2649 991 metropolin
2686 921 2972 986 inhabito;
3007 940 3026 973 ι
3061 930 3118 975 et
3143 921 3260 975 haec
3288 921 3478 975 dicens
3515 922 3807 985 abscessit,

2209 1019 2265 1067 et
2290 1012 2486 1067 iterum
2515 1011 2568 1066 in
2605 1012 2721 1082 ipsa
2758 1020 2913 1068 nocte
2938 1020 2993 1066 et
3026 1012 3158 1066 hora
3196 1012 3517 1076 ambulavit,
3554 1021 3612 1065 et
3640 1028 3808 1083 appa-

2211 1102 2321 1156 ruit
2361 1101 2588 1158 Abablio
2633 1101 3116 1175 [Forte,Ablabio]
3168 1101 3426 1174 praefecto
3476 1104 3668 1159 eadem
3716 1105 3805 1159 di-

2210 1195 2419 1250 cendo:
2471 1214 2488 1246 ι
2517 1194 2734 1259 Ababli,
2782 1195 2937 1250 belus
2977 1196 3159 1250 animo
3201 1205 3257 1250 et
3304 1181 3505 1261 mente,
3550 1213 3715 1268 surge
3745 1207 3804 1252 et

2211 1285 2423 1339 dimitte
2442 1284 2560 1340 illos
2580 1285 2725 1340 viros
2746 1293 2859 1341 tres
2890 1286 3178 1358 magistros
3202 1287 3433 1342 militum
3458 1304 3600 1358 quos
3631 1290 3813 1345 babes

2210 1377 2529 1434 innocentes
2568 1378 2625 1432 in
2665 1378 2911 1433 custodia
2949 1379 3188 1433 carceris
3224 1398 3240 1436 :
3272 1380 3418 1449 quod
3462 1380 3509 1435 si
3565 1380 3808 1436 nolueris

2211 1483 2306 1523 eos
2323 1468 2611 1531 dimittere,
2648 1477 2705 1523 et
2737 1484 2849 1524 non
2869 1469 3109 1525 audieris
3134 1486 3240 1534 me,
3268 1472 3666 1540 postulationes
3703 1473 3807 1527 ad-

2212 1575 2404 1615 versus
2446 1568 2501 1615 te
2544 1558 2740 1615 faciam
2769 1576 2954 1616 coram
3004 1561 3296 1619 immortali
3323 1578 3449 1634 rege
3475 1563 3724 1627 Christo,
3754 1575 3813 1619 et

2216 1650 2271 1705 in
2319 1649 2693 1705 infirmitatem
2743 1652 2927 1717 cades,
2969 1658 3024 1706 et
3051 1652 3318 1707 vermium
3359 1655 3699 1709 comestione
3742 1654 3807 1708 ti-

2214 1741 2403 1806 nieris,
2428 1750 2484 1797 et
2509 1741 2689 1797 omnis
2729 1742 2925 1798 domus
2961 1751 3050 1797 tua
3077 1743 3217 1799 male
3245 1744 3466 1814 peribit.
3503 1765 3523 1798 ι
3575 1746 3646 1800 Et
3675 1747 3812 1801 dixit

2686 1852 2705 1885 ‹
2755 1833 2833 1888 Tu
2880 1842 3063 1889 autem
3103 1835 3225 1905 quis
3263 1835 3367 1891 es?
3416 1844 3472 1891 et
3515 1836 3662 1891 unde
3705 1838 3811 1891 huc

2210 1919 2433 1974 veniens
2454 1919 2579 1973 talia
2600 1919 2871 1989 loqueris?
2892 1940 2910 1973 ι
2947 1920 3180 1977 Sanctus
3203 1937 3333 1977 vero
3354 1921 3615 1978 Nicolaus
3635 1923 3803 1977 dixit:

2216 2027 2236 2060 ι
2272 2009 2385 2082 Ego
2409 2024 2531 2065 sum
2563 2009 2817 2067 Nieolaus
2848 2020 3123 2082 peccator,
3152 2029 3342 2069 servus
3366 2014 3486 2081 Dei,
3513 2016 3608 2085 qui
3637 2025 3721 2070 est
3753 2016 3806 2069 in

2211 2099 2359 2170 Myra
2406 2101 2724 2170 metropoli;
2762 2122 2780 2154 ι
2820 2111 2875 2158 et
2902 2103 3021 2159 haec
3062 2103 3250 2159 dicens
3287 2105 3453 2159 simili
3507 2106 3672 2159 modo
3700 2108 3809 2160 dis-

2210 2190 2392 2246 cessit.
2434 2190 2716 2262 Evigiians
2752 2192 3050 2262 imperator
3089 2193 3236 2250 misit
3279 2194 3346 2248 ad
3402 2193 3698 2250 Abablium
3723 2194 3807 2249 di-

2211 2293 2375 2334 cens:
2409 2298 2427 2330 ι
2456 2279 2625 2342 Vade,
2657 2280 2846 2335 nuntia
2876 2280 3103 2336 Abablio
3126 2280 3405 2352 prmfecto,
3429 2291 3488 2338 et
3509 2283 3597 2337 dic
3616 2284 3666 2337 ei
3690 2300 3810 2354 quia:

2211 2369 2318 2424 vidi
2346 2377 2401 2425 et
2430 2370 2647 2436 audivi;
2683 2390 2703 2423 ι
2757 2378 2813 2426 et
2864 2370 3128 2427 inlimatis
3173 2372 3253 2427 eis
3301 2372 3560 2428 omnibus
3604 2373 3811 2427 dimisit

2210 2474 2371 2527 eum;
2420 2461 2672 2518 similiter
2719 2469 2774 2516 et
2796 2461 3086 2534 pmfectus
3132 2463 3341 2519 remisit
3369 2464 3623 2518 eumdem
3660 2481 3804 2535 pra:-

2211 2567 2487 2609 cursorcm
2537 2554 2727 2609 eadem
2776 2556 3104 2611 denuntians
3160 2556 3507 2626 imperatori,
3563 2566 3619 2611 et
3673 2573 3795 2611 mox

2210 2642 2467 2714 praecepit
2494 2642 2791 2713 imperator
2835 2645 3152 2713 prmseutari
3187 2653 3299 2699 tres
3329 2645 3475 2699 viros
3501 2644 3801 2717 magistros

2212 2731 2444 2786 militum
2477 2732 2581 2786 sibi
2611 2746 2795 2786 coram
2834 2732 2979 2787 omni
3008 2744 3176 2797 coetu,
3208 2743 3263 2789 et
3292 2734 3678 2804 generalitate,
3710 2751 3805 2790 seu

2210 2820 2490 2891 praefecto,
2545 2821 2995 2878 convenientibus
3034 2822 3163 2878 illuc
3204 2840 3367 2878 :cum
3410 2825 3809 2894 interrogasset

2212 2925 2307 2967 eos
2350 2911 2417 2967 de
2463 2912 2733 2975 omnibus,
2784 2922 2841 2967 et
2866 2914 3209 2985 cognovisset
3252 2916 3539 2970 veritatem
3580 2917 3811 2973 visionis

2212 3004 2354 3075 quod
2381 3019 2480 3073 per
2507 3005 2683 3060 sancti
2714 3003 2918 3060 Nicolai
2965 3021 3159 3074 preces
3201 3007 3516 3063 innocentes
3546 3008 3810 3062 custoditi

2213 3103 2365 3160 sunt,
2406 3094 2546 3151 dixit
2583 3095 2651 3151 ad
2685 3112 2782 3153 eos
2810 3116 2824 3151 :
2854 3116 2873 3148 ι
2912 3096 3026 3153 Hoc
3053 3106 3232 3153 autem
3271 3099 3463 3154 scitote
3514 3101 3667 3170 quod
3698 3116 3809 3155 non

526 3193 675 3249 falsis
704 3193 1140 3249 accusationibus
1166 3200 1379 3247 sanctos
1400 3190 1493 3246 Dei
1525 3189 1903 3245 in-custodiam
1936 3188 2108 3252 mitti;
2140 3178 2184 3241 C
2216 3201 2316 3256 ego
2345 3186 2541 3243 donavi
2584 3187 2739 3242 vobis
2774 3187 2932 3241 istam
2963 3189 3155 3253 vitam,
3183 3189 3277 3243 sed
3308 3205 3469 3259 quem
3496 3205 3597 3245 vos
3646 3189 3811 3246 invo-

531 3284 676 3354 quod
717 3299 837 3339 cum
880 3283 1080 3339 factum
1133 3283 1345 3348 fuisset,
1394 3283 1498 3338 hoc
1536 3289 1638 3347 est,
1671 3289 1733 3335 ut
1759 3278 2111 3349 Nepotianus,

526 3373 698 3430 Ursus
723 3382 776 3430 et
798 3372 1071 3445 Eupoleon
1106 3374 1253 3428 intus
1295 3373 1350 3427 in
1382 3384 1655 3443 carcerem
1684 3369 2111 3430 includerentur,

517 3469 681 3541 jussit
702 3486 796 3526 eos
816 3472 1110 3541 imperator
1134 3474 1515 3539 pernoctantes
1539 3464 1719 3535 gladio
1747 3462 1923 3533 capite
1959 3470 2111 3515 trun-

522 3563 656 3618 cari.
694 3562 796 3632 Ipsi
824 3571 1001 3615 autent
1026 3559 1125 3615 viri
1157 3559 1350 3624 sancti,
1379 3557 1482 3612 hoc
1497 3556 1799 3618 audientes,
1833 3552 2112 3623 pulverem

524 3651 688 3721 capiti
720 3667 817 3706 suo
854 3658 1188 3720 sparserunt,
1222 3656 1277 3703 et
1307 3647 1682 3703 clamaverunt
1728 3642 1794 3697 ad
1823 3641 2110 3696 Dominum

525 3752 587 3798 ut
623 3756 717 3797 eos
750 3743 1053 3813 adiuvaret,
1104 3740 1385 3796 dicentes:
1416 3736 1693 3792 «Domine
1748 3733 1895 3788 Deus
1940 3731 2112 3787 sancti

524 3830 755 3900 Nicolai,
786 3834 1042 3888 miserere
1084 3830 1280 3894 nostri,
1327 3836 1382 3884 et
1420 3826 1578 3883 sicuti
1618 3824 1794 3880 fecisti
1839 3823 1893 3876 in
1942 3821 2113 3875 tribus

528 3925 663 3979 viris
688 3924 779 3995 qui
826 3925 880 3978 in
906 3923 1071 3994 Lycia
1122 3921 1304 3991 inique
1331 3927 1427 3973 aut
1472 3915 1673 3986 injuste
1717 3911 1944 3982 judicati
1988 3917 2114 3964 sunt

529 4016 765 4082 mori,et
793 4015 1009 4071 salvasti
1037 4030 1131 4069 eos
1178 4030 1192 4067 :
1236 4013 1315 4068 sic
1354 4019 1409 4067 et
1451 4025 1550 4065 nos
1595 4007 1768 4071 salva,
1796 4014 1982 4061 sancte
2011 4001 2109 4057 Ni-

530 4109 699 4175 colae,
734 4124 887 4164 serve
918 4107 1143 4170 Christi,
1200 4115 1255 4161 et
1291 4104 1336 4159 si
1370 4102 1700 4172 longinquus
1750 4114 1782 4153 a
1824 4096 1980 4152 nobis
2025 4108 2108 4159 es,

525 4201 880 4275 propinquior
904 4198 1061 4254 nobis
1087 4198 1181 4252 fiat
1207 4205 1297 4251 tua
1337 4194 1646 4266 deprecatio
1674 4198 1837 4260 atque
1872 4185 2111 4257 postula-

526 4296 631 4362 tio;
687 4292 755 4350 ad
800 4293 1204 4348 Dominatorem
1254 4297 1404 4343 tuum
1448 4286 1642 4349 Deum,
1688 4292 1742 4338 et
1776 4279 2113 4337 Salvatorem

526 4393 811 4449 Dominum
860 4397 1107 4446 nostrum
1141 4384 1325 4442 Iesum
1366 4381 1664 4443 Christum,
1710 4374 1984 4432 intercede
2010 4386 2111 4442 pro

523 4484 699 4549 nobis,
741 4491 803 4538 ut
839 4480 972 4537 salvi
1018 4479 1144 4535 facti
1188 4478 1256 4533 ab
1283 4475 1466 4544 iniqua
1509 4479 1564 4526 et
1589 4466 1868 4524 mortifera
1906 4472 2111 4535 tempe-

523 4582 686 4639 state,
718 4572 863 4644 digni
894 4569 1190 4628 etliciamur
1208 4565 1394 4622 venire
1415 4572 1470 4618 et
1500 4560 1728 4616 adorare
1757 4554 2103 4611 sanctissima

522 4664 751 4732 vestigia
781 4671 887 4718 tum
912 4658 1234 4717 sanctitatis.
1270 4677 1289 4709 ι
1326 4655 1450 4710 llzec
1476 4659 1532 4708 et
1560 4651 1644 4706 his
1670 4647 1867 4704 similia
1893 4644 2107 4699 dicente

525 4756 842 4828 Nepotiane,
873 4761 1002 4808 tunc
1032 4752 1087 4807 bi
1124 4759 1236 4806 tres
1263 4746 1417 4818 quasi
1443 4761 1510 4801 ex
1537 4756 1648 4796 uno
1676 4753 1773 4795 ore
1799 4737 1879 4793 sic
1906 4733 2111 4789 vocife-

525 4847 628 4904 rati
650 4858 796 4911 sunt,
823 4852 1061 4901 orantes.
1104 4840 1339 4897 Sanctus
1364 4850 1495 4891 vero
1522 4830 1775 4888 Nicotaus
1803 4828 1919 4897 ipsa
1950 4831 2109 4879 nocte

523 4951 762 5008 praesens
786 4934 1035 5004 apparuit
1060 4928 1395 5002 imperatori,
1422 4933 1476 4982 et
1502 4923 1641 4979 dixit
1665 4921 1714 4975 ei
1741 4937 1756 4976 :
1783 4937 1802 4970 ‹
1833 4916 2105 5008 Constan-

524 5004 638 5084 iine
682 5026 998 5095 imperator,
1046 5036 1239 5092 surge,
1286 5027 1340 5075 et
1382 5016 1595 5073 dimitte
1648 5011 1772 5065 illos
1810 5016 1920 5062 tres
1961 5004 2109 5059 viros

521 5134 659 5191 quos
705 5116 876 5173 habes
922 5114 976 5169 in
1007 5112 1252 5167 custodia
1299 5107 1536 5165 carceris
1562 5145 1577 5172 ,
1620 5100 1999 5191 Nepotianum,
2054 5100 2109 5147 et

522 5185 745 5271 Drsum,
774 5214 830 5263 et
857 5202 1243 5274 Eupoleonem,
1279 5200 1569 5268 magistros
1597 5192 1857 5253 militum,
1887 5185 2017 5257 quia
2039 5199 2108 5274 ex

518 5296 901 5356 summissione
933 5272 1207 5350 criminati
1235 5295 1380 5344 sunt.
1405 5285 1559 5355 Quod
1587 5284 1635 5339 si
1670 5297 1773 5336 non
1800 5272 2107 5333 obaudieris

519 5406 629 5458 me,
657 5403 906 5461 pugnam.
933 5385 1032 5442 tibi
1059 5378 1311 5440 excitabo
1333 5379 1389 5434 in
1412 5375 1649 5440 doratio,
1677 5379 1731 5428 et
1761 5380 1955 5426 carnes
1985 5375 2107 5419 tuas

591 5554 620 5583 ι
643 5541 760 5597 Non
790 5536 1063 5596 indicatur
1089 5538 1240 5595 locus
1263 5546 1373 5606 quo
1397 5533 1511 5604 pati
1537 5529 1758 5588 debuit:
1786 5520 1975 5606 alii-in
1995 5515 2104 5606 Tu-

518 5591 665 5677 scia,
680 5591 1133 5667 Siii'iiiééaiéané
1152 5591 1467 5664 coronatam
1491 5607 1770 5677 asserunt;
1802 5591 1980 5677 nullus
2002 5602 2101 5677 ve:

2215 3277 2322 3333 cati
2348 3276 2503 3340 estis,
2535 3285 2782 3331 sanctum
2808 3275 3112 3340 Nicolaum,
3153 3278 3220 3334 ad
3266 3294 3425 3348 quem
3449 3279 3810 3347 destinastis;

2215 3368 2434 3423 tondete
2462 3367 2685 3438 capillos
2725 3369 2920 3439 capitis
2952 3369 3145 3435 vestri,
3169 3378 3225 3425 et
3267 3381 3472 3426 mutate
3494 3379 3683 3428 vestes
3713 3390 3809 3430 ve-

2213 3467 2378 3524 stras,
2427 3466 2483 3513 et
2529 3458 2732 3529 gratias
2778 3458 3025 3514 referetis
3070 3461 3141 3514 ei.
3177 3460 3466 3525 ,Memores
3518 3471 3703 3517 estote
3753 3472 3812 3519 et

2214 3549 2340 3603 mei.
2376 3568 2395 3603 ι
2436 3549 2702 3619 Deditque
2731 3550 2812 3604 eis
2843 3558 2902 3605 ut
2927 3550 3102 3606 ferant
3125 3566 3307 3607 secum
3332 3567 3457 3607 vasa
3487 3564 3684 3609 sancta
3729 3555 3811 3609 di-

2212 3655 2370 3695 versa
2396 3656 2409 3692 :
2433 3647 2486 3694 et
2513 3640 2732 3709 quidem
2761 3640 3111 3712 Evangelium
3143 3650 3313 3697 totum
3350 3658 3601 3708 aureum,
3624 3653 3688 3699 ct
3719 3659 3811 3699 ee-

2214 3729 2358 3785 reola
2390 3728 2709 3801 (thuribula)
2755 3746 2919 3786 aurea
2950 3732 3078 3798 duo,
3102 3740 3157 3788 et
3180 3742 3434 3802 patenam
3463 3750 3688 3790 auream
3728 3737 3808 3791 la-

2212 3820 2439 3891 pillatim
2466 3820 2759 3891 pretiosam
2795 3830 3068 3887 ornatam,
3092 3830 3150 3878 et
3177 3824 3324 3880 misit
3352 3840 3447 3880 eos
3473 3826 3805 3896 imperator:

2212 3910 2303 3980 qui
2348 3910 2689 3967 ambulantes
2732 3912 2786 3966 in
2824 3912 2992 3984 Lycia
3038 3913 3366 3985 Myrensium
3414 3918 3805 3987 metropoleos,

2212 4003 2577 4058 adoraverunt
2625 4012 2872 4059 sanctum
2899 4003 3204 4071 Nicolaum,
3235 4015 3292 4061 et
3334 4008 3690 4063 totonderunt
3718 4027 3811 4065 ca-

2212 4092 2373 4162 pillos
2417 4094 2613 4164 capitis
2652 4095 2758 4160 sui,
2803 4103 2859 4149 et
2907 4104 3257 4151 mutaverunt
3306 4097 3629 4153 vestimenta
3683 4115 3808 4154 sua.

2212 4186 2280 4240 Et
2308 4185 2533 4241 multum
2561 4186 2780 4256 quidem
2804 4201 2930 4241 cum
2959 4185 3214 4257 lacrymis
3240 4187 3640 4242 distribuebant
3668 4204 3803 4258 pau-

2213 4276 2453 4346 peribus,
2479 4276 2545 4331 de
2568 4277 2764 4346 quibus
2798 4275 3070 4331 habebant
3111 4276 3295 4340 rebus,
3320 4291 3550 4346 quaeque
3594 4279 3718 4333 auri
3754 4288 3813 4335 et

2213 4366 2442 4436 argenti,
2467 4374 2523 4421 et
2553 4366 3032 4432 vestimentorum;
3062 4382 3160 4437 per
3188 4365 3386 4422 multos
3414 4376 3597 4422 autem
3630 4384 3810 4425 annos

2215 4457 2490 4513 faciebant
2529 4459 2668 4523 haec,
2696 4457 3064 4529 glorificantes
3088 4468 3142 4512 et
3168 4457 3451 4513 laudantes
3475 4457 3724 4524 Patrem,
3754 4470 3813 4515 ct

2138 4526 2432 4613 DFilium,
2476 4556 2531 4603 et
2581 4526 2843 4619 Spiritum
2891 4556 3158 4615 sanctum,
3211 4563 3356 4603 nunc
3403 4558 3462 4603 et
3505 4564 3726 4624 semper
3752 4552 3809 4606 in

2214 4638 2409 4694 saecula
2446 4638 2786 4694 saaculorum.
2816 4639 3008 4693 Amen.

2289 4748 2375 4803 νη
2398 4748 2473 4803 In.
2499 4747 2559 4803 ln
2581 4749 2869 4804 Antiochia
2898 4748 3075 4804 natale
3102 4747 3383 4820 Polycarpi
3411 4758 3470 4805 et
3498 4749 3801 4807 Theodori.

2213 4841 2417 4898 Eodem
2464 4842 2642 4897 natale
2676 4842 2849 4899 sancti
2876 4841 3084 4907 Savini,
3124 4843 3367 4913 episcopi
3415 4850 3472 4899 et
3516 4846 3803 4915 martyris,

2213 4934 2303 5002 qui
2333 4935 2665 5004 temporibus
2694 4933 3001 4988 Haximiani
3029 4933 3255 5004 Augusti
3283 4950 3381 5004 pro
3406 4935 3629 4990 nomine
3652 4934 3808 4990 Chri-

2214 5022 2282 5077 sti
2321 5039 2515 5092 passus
2538 5031 2644 5089 est,
2671 5022 2833 5079 simul
2877 5038 3004 5079 cum
3034 5022 3291 5078 Marcello
3318 5032 3376 5078 et
3402 5023 3805 5094 Exsuperantio

2213 5113 2531 5169 diaconibus
2558 5113 2693 5169 suis.
2715 5112 2863 5171 Nam
2891 5113 3262 5169 Venustianus
3287 5114 3529 5183 quidam,
3575 5116 3665 5171 vir
3693 5118 3803 5172 cla-

2212 5217 2308 5258 rus
2333 5202 2387 5258 in
2412 5201 2622 5258 Tusciae
2646 5202 2914 5272 partibus,
2951 5218 3075 5258 cum
3112 5203 3285 5273 ipsum
3315 5212 3570 5259 sanctum
3592 5207 3805 5276 episco-

2212 5308 2341 5364 pum
2378 5308 2485 5348 non
2514 5300 2698 5362 posset
2729 5307 2762 5347 ιι
2792 5292 2897 5348 fide
2920 5292 3124 5349 Christi
3151 5303 3402 5350 avertere
3429 5303 3486 5349 et
3526 5296 3599 5351 ad
3635 5296 3800 5352 idolo-

2212 5397 2335 5438 rum
2385 5382 2653 5439 culturam
2697 5383 3022 5452 perducere,
3063 5381 3230 5452 jussit
3265 5383 3316 5438 ei
3356 5397 3551 5438 manus
3586 5385 3799 5440 abscin—

2209 5550 2372 5605 sceno
2401 5535 2466 5590 de
2489 5535 2730 5589 Barbara
2767 5532 2992 5605 ejusque
3025 5542 3257 5605 parente
3281 5534 3789 5605 mentionemfecit.

2208 5603 2263 5660 Si
2294 5614 2468 5675 tamen
2493 5602 2857 5675 Damascenus
2882 5602 3072 5661 auctor
3113 5614 3197 5661 est
3235 5604 3495 5659 Actorum
3516 5602 3792 5675 Barbarae,

519 5658 1376 5749 Eiih'iéd"i&"ﬁaifq5iés§ia
1402 5658 1615 5749 retulit,
1646 5658 1966 5749 quanquam
1980 5658 2101 5749 ξιξι)
2206 5658 2348 5746 quod
2379 5658 2621 5731 dubium.
2653 5658 2817 5730 Βλέισ,

522 5734 823 5806 Maximino
858 5734 1078 5804 facta'm.
1127 5747 1316 5803 Nullus
1357 5734 1622 5802 vetustior
1663 5734 1868 5798 Joanne
1896 5734 2096 5789 Dama-
