4028 6196
294 310 445 375 i181)

1620 318 1815 377 MART
1825 321 2243 380 YROLOGIUM.

3428 344 3564 400 H88

284 431 446 497 dere,
492 444 558 485 eo
596 430 740 501 quod
774 430 1156 488 statinnculam
1200 433 1351 490 lovis
1372 434 1450 489 -in
1480 444 1679 491 terram
1716 436 1881 507 proji-
1908 452 1955 511 Α
1982 439 2291 496 Concordii.
2317 442 2535 501 Arelate
2556 445 2823 503 dedicatio
2849 449 3086 508 basilica:
3122 462 3177 509 et
3201 454 3391 514 altatis
3433 475 3566 518 s:m-

269 521 447 576 tiens
472 521 772 590 frangeret.
811 520 1078 578 Diaconos
1101 539 1231 579 vero
1253 540 1379 580 suos
1401 527 1688 582 tormentis
1712 528 1881 582 variis

278 613 582 682 torquebat
620 627 633 664 :
678 611 907 681 equuleo
937 628 1251 683 suspensos,
1280 615 1553 685 unguibus
1593 615 1759 669 latera
1787 630 1880 670 co-

282 715 417 755 rum
440 700 602 768 jussit
624 700 873 766 lacerari,
906 711 959 757 ct
986 703 1164 772 ignem
1211 705 1476 773 supponi;
1522 705 1612 773 qui
1645 706 1770 759 dum
1804 705 1877 760 ibi

283 793 544 863 spiritum
565 791 929 854 exhalassent,
939 792 1136 863 jactari
1160 796 1416 865 prtecepit
1437 796 1490 849 in
1519 795 1736 850 ﬂuvium
1759 814 1877 852 cor-

283 898 425 954 pora
463 897 675 945 eorum,
705 897 824 951 quae
854 897 951 951 per
970 883 1274 951 piscatores
1305 884 1429 938 inde
1451 885 1627 939 ablata
1666 888 1874 955 sepulta

282 979 420 1025 sunt
445 984 541 1040 per
563 970 862 1040 quamdam
894 968 1149 1024 feminam
1180 972 1438 1037 nobilem,
1468 976 1688 1029 nomine
1718 974 1876 1030 Sere-

285 1079 443 1127 nam,
473 1063 538 1117 de
577 1062 798 1117 civitate
827 1060 1147 1132 Spoletana,
1179 1063 1336 1133 cujus
1361 1074 1613 1135 nepotem
1653 1077 1873 1123 sanctus

284 1152 545 1217 Savinus,
579 1153 705 1208 dum
747 1162 891 1209 esset
943 1155 996 1208 in
1023 1170 1244 1210 carcere
1273 1156 1480 1225 positus
1522 1157 1869 1225 benedicens,

282 1247 635 1302 illuminavit.
691 1247 1053 1302 Venustianus
1104 1256 1285 1304 autem
1336 1258 1458 1318 post
1510 1250 1712 1322 aliquot
1756 1253 1871 1308 dies

278 1338 474 1392 divino
495 1339 703 1409 judicio
734 1338 787 1391 in
817 1338 989 1392 oculis
1023 1339 1136 1394 suis
1164 1356 1419 1410 magnum
1443 1342 1681 1397 dolorem
1707 1346 1872 1399 susti-

282 1429 430 1493 nuit,
484 1443 643 1498 quem
688 1428 770 1482 sui
819 1429 972 1498 pueri
1025 1429 1091 1482 ad
1139 1437 1498 1484 memoratum
1558 1432 1868 1502 episcopum

280 1521 660 1591 perduxerunt
703 1539 717 1572 :
762 1519 876 1589 ipse
922 1534 1054 1573 vero
1101 1528 1322 1575 sanctus
1363 1520 1460 1576 Dei
1500 1520 1700 1577 docens
1740 1538 1866 1577 eum

278 1613 673 1667 abrenuntiare
701 1612 935 1676 diabolo,
964 1614 1232 1667 convertit
1259 1614 1326 1668 ad
1356 1614 1516 1669 ﬁdem
1542 1614 1767 1680 Christi,
1812 1624 1869 1670 et

266 1703 579 1775 baptizavit
607 1719 884 1765 cumcum
924 1719 1092 1759 uxore
1117 1713 1171 1759 et
1200 1703 1344 1758 ﬁliis.
1393 1704 1544 1771 Quod
1567 1721 1689 1761 cum
1714 1723 1865 1762 com-

1982 533 2052 587 cti
2082 532 2297 590 Genesii
2333 536 2609 607 martyris.

2048 622 2167 679 XVI
2224 624 2359 680 litt.
2408 625 2594 682 Sancti
2658 627 2847 700 lgnatii
2893 631 3130 704 episcopi
3172 644 3226 690 et
3277 638 3556 711 martyris,

1978 713 2068 782 qui
2110 715 2302 770 tertius
2344 716 2644 773 Antiochiae
2688 728 2808 789 post
2849 718 3068 777 Petrum
3120 727 3420 794 apostolum
3444 733 3561 800 epi-

1978 820 2194 875 scopus,
2231 808 2519 864 undecimo
2551 808 2769 880 Traiani
2814 828 2954 868 anno
2993 816 3060 869 ad
3114 816 3318 873 bestias
3343 821 3557 879 vinctus

1975 896 2201 951 Romam
2251 900 2448 956 missus
2493 910 2596 966 est,
2642 904 2886 973 reliquiae
2932 907 3106 962 ducta:
3150 914 3395 981 corporis
3439 916 3556 985 ejus

1972 985 2270 1043 Antiochiae
2294 988 2476 1057 jacent
2502 1000 2656 1047 extra
2680 1004 2888 1065 portam
2919 997 3240 1055 Dafniticam
3270 1003 3322 1056 in
3352 1019 3554 1066 cientc-

1977 1078 2115 1131 terio
2142 1079 2406 1134 ecclesiae.

2040 1165 2138 1221 XV
2175 1166 2310 1222 ΚΑι..
2335 1169 2597 1226 Laodicea
2618 1172 2856 1241 civitate,
2877 1175 3168 1242 Theotimi,
3195 1182 3467 1240 Basiliani.
3492 1187 3551 1241 in

1969 1254 2176 1320 Africa,
2204 1255 2413 1323 Quinti,
2434 1257 2723 1330 Simplicii,
2756 1262 3035 1334 Pomponii
3066 1277 3122 1322 et
3158 1267 3330 1325 Pauli.

2040 1344 2155 1400 XIV
2181 1346 2314 1402 KAL.
2366 1348 2427 1403 ’In
2454 1350 2779 1416 Nicomedia,
2812 1355 3038 1421 Zosimi,
3089 1358 3323 1430 (Syriaci,
3374 1362 3551 1431 Pauli,

1970 1433 2226 1492 Secundi.
2273 1437 2459 1493 Natale
2506 1451 2817 1498 sanctorum
2873 1447 3168 1515 Anastasii,
3217 1462 3271 1506 et
3322 1452 3550 1511 Siddimi

1969 1523 2280 1600 [Syndimii]
2303 1530 2699 1601 episcoporum.
2730 1533 3126 1607 Antissiodoro,
3150 1541 3553 1617 beatiGregorii

1969 1617 2226 1688 episcopi.

2039 1709 2153 1765 Xlll
2204 1712 2338 1767 ΚΜ..
2368 1714 2423 1768 In
2452 1715 2683 1773 Thracia
2713 1720 2932 1777 civitate
2971 1722 3127 1779 Gildo
3172 1725 3384 1798 (Vulgo,
3431 1726 3551 1784 Gel-

180 1858 183 1859 ν
275 1796 513 1866 perisset
558 1795 916 1850 Maximianus
940 1795 1233 1863 Augustus,
1264 1797 1409 1850 misit
1441 1798 1663 1853 militem
1709 1814 1864 1854 suum
1897 1806 1944 1866 3
1969 1799 2151 1870 duba),
2182 1801 2375 1873 Bajuli.
2405 1805 2610 1871 Romae,
2641 1809 2927 1881 Zcphyrini
2958 1795 3214 1885 episeopi.
3240 1795 3551 1876 ln‘Oriente

277 1894 342 1940 ut
392 1895 699 1955 amputaret
744 1895 908 1956 caput
932 1887 1278 1951 Venustiani,
1329 1896 1385 1941 et
1430 1890 1617 1944 uxoris
1646 1890 1783 1959 ejus,
1815 1902 1870 1947 ct

274 1978 533 2032 ﬁliorum.
584 1976 843 2031 Savinum
889 1992 1020 2048 ergo
1055 1978 1109 2031 in
1154 1979 1373 2033 civitate
1413 1978 1700 2049 Spoletana
1750 1983 1869 2037 sine

276 2066 560 2122 auditione
587 2066 772 2121 tandiu
801 2066 1060 2137 prrecepit
1082 2068 1234 2130 caedi,
1268 2082 1551 2138 quousque
1575 2069 1862 2137 deficeret;

274 2159 373 2228 qui
405 2174 528 2213 cum
558 2158 646 2213 diu
683 2157 1002 2224 crederetur,
1026 2158 1208 2213 emisit
1237 2160 1507 2229 spiritum.

347 2263 417 2320 Vl
456 2264 532 2319 In.
573 2265 630 2319 In
679 2265 896 2319 civitate
939 2266 1150 2321 Verona
1197 2267 1377 2322 natale
1427 2268 1596 2323 sancti
1629 2269 1865 2325 Zenonis

268 2355 561 2426 martyris,
586 2355 803 2424 quando
829 2370 979 2424 aqum
1024 2354 1262 2410 ﬂuminis
1309 2356 1528 2413 Athesis
1583 2374 1753 2427 usque
1789 2359 1864 2414 ad

259 2447 583 2517 superiores
608 2446 733 2500 tecti
760 2445 1025 2502 fenestras
1047 2447 1290 2503 ecclesia:
1315 2448 1460 2503 illius
1481 2458 1858 2515 excreverunt,

260 2553 376 2593 nec
426 2537 480 2592 in
524 2553 645 2591 eam
684 2537 887 2592 intrare
936 2544 1248 2608 potuerunt,
1298 2539 1551 2594 virtutem
1603 2539 1860 2611 martyris

260 2627 644 2682 ostendentes.
694 2626 758 2680 Et
784 2627 1050 2697 depositio
1087 2628 1258 2683 sancti
1286 2628 1539 2683 Eucharii
1598 2628 1855 2698 episcopi.

344 2717 391 2771 V
426 2718 503 2770 1n.
544 2716 600 2770 lu
629 2715 807 2771 Africa
843 2717 1021 2772 natale
1047 2718 1215 2783 Petri,
1259 2716 1509 2774 Successi
1563 2717 1856 2789 [Bassiani,

261 2806 586 2879 Primitivi],
618 2808 808 2874 Turni,
838 2808 1156 2874 Publiciani,
1186 2819 1240 2864 et
1269 2810 1495 2863 aliorum
1527 2810 1739 2881 viginti.

345 2918 412 2973 1V
437 2919 510 2973 lu.
536 2918 722 2974 Natale
746 2927 948 2974 sancta:
972 2919 1189 2975 Eulalia:
1217 2920 1510 2990 virginisin
1534 2919 1855 2976 Barchilona

261 3009 495 3064 civitate
542 3008 812 3078 Hispaniae
857 3011 958 3065 sub
1017 3011 1254 3064 Deciano
1291 3011 1535 3082 prmside,
1582 3028 1703 3081 qua:
1731 3028 1852 3067 cum

262 3109 421 3158 esset
458 3100 716 3156 tredecim
746 3116 1011 3156 annorum
1050 3111 1170 3171 post
1198 3102 1426 3172 plurima
1465 3111 1733 3158 tormenta
1762 3103 1855 3157 dc-

1970 1893 2149 1947 natale
2178 1906 2378 1951 sancta:
2409 1898 2622 1954 Theclze
2659 1902 2906 1972 virginis,
2940 1915 2993 1959 et
3020 1910 3191 1962 sancti
3218 1908 3474 1968 Liberati.

2040 1982 2132 2036 ΧΗ
2158 1983 2293 2039 ΚΑι..
2328 1985 2546 2043 Thoma:
2574 1992 2823 2059 apostoli,
2854 1995 2952 2063 qui
2978 1996 3367 2067 interpretatur
3389 2002 3550 2074 abys-

1965 2088 2059 2125 επις
2082 2081 2136 2127 et
2159 2070 2435 2147 Didymus,
2460 2080 2566 2133 hoc
2594 2091 2677 2135 est
2703 2080 2900 2139 Christi
2935 2085 3150 2141 similis.
3197 2087 3297 2145 Hic
3332 2070 3550 2149 Parthis

1967 2171 2024 2215 et
2046 2162 2217 2219 Medis
2236 2168 2573 2234 praedicavit.
2608 2170 2820 2228 Lancea
2857 2177 2999 2229 enim
3027 2177 3101 2233 ibi
3126 2181 3420 2239 transiimus
3451 2201 3549 2242 oe-

1966 2255 2153 2309 cubuit
2178 2255 2232 2308 in
2262 2255 2498 2313 Calamia
2545 2260 2710 2318 India:
2759 2264 3016 2334 civitate,
3070 2271 3143 2326 ibi
3185 2275 3424 2344 sepultus
3465 2285 3550 2333 est

1965 2361 2086 2401 cum
2126 2349 2329 2404 honore
2356 2368 2431 2405 xu
2454 2353 2574 2408 Kal.
2603 2354 2908 2415 Ianuarias.
2945 2361 3012 2416 Et
3040 2363 3093 2418 in
3126 2363 3344 2434 Tuscia,
3379 2366 3548 2426 Joan-

1963 2438 2048 2493 nis
2077 2447 2132 2494 et
2154 2439 2322 2496 Festi.

2033 2534 2103 2589 Xl
2152 2535 2285 2591 KAL.
2333 2538 2389 2593 In
2445 2540 2730 2599 Antiochia
2773 2547 2950 2603 natale
2978 2542 3168 2607 sancti
3210 2552 3407 2611 Basilei
3440 2575 3454 2612 :
3491 2565 3546 2614 et

1962 2624 2167 2691 Romae,
2186 2626 2269 2682 via
2293 2627 2584 2697 Lavicana,
2615 2635 2753 2688 inter
2774 2637 2906 2693 duos
2926 2639 3108 2696 lauros
3133 2644 3309 2699 natale
3332 2656 3547 2703 sancto-

1960 2730 2079 2768 rum
2116 2718 2335 2787 triginta
2365 2732 2683 2793 martyrum,
2712 2727 2802 2795 qui
2830 2745 3018 2786 omnes
3045 2748 3151 2788 uno
3186 2735 3273 2791 die
3302 2740 3545 2794 coronati

1959 2814 2106 2860 sunt.
2146 2806 2350 2875 Roma},
2375 2811 2458 2866 via
2498 2812 2805 2882 Portuensi,
2838 2820 3101 2890 depositio
3128 2827 3302 2881 sancti
3351 2826 3545 2885 Felicis

1958 2896 2228 2968 episcopi;
2257 2908 2311 2953 et
2334 2902 2460 2957 alibi
2488 2906 2669 2974 passio
2692 2907 3009 2965 Theodositc
3050 2913 3299 2985 virginis,
3355 2928 3410 2972 et
3454 2918 3547 2972 Di-

1960 2987 2103 3057 dymi
2134 2992 2408 3046 monachi.

2030 3077 2076 3131 X
2106 3078 2238 3135 Kac.
2272 3080 2463 3138 Natale
2489 3085 2732 3156 Gregorii
2750 3090 3072 3162 presbyteri,
3094 3094 3185 3165 qui
3214 3098 3545 3167 temporibus

909 3192 978 3246 ab
1014 3149 1080 3245 εξ
1111 3149 1310 3261 ἐδέξω,
1362 3191 1610 3247 columba
1642 3194 1709 3247 de
1737 3208 1857 3247 cor,
1883 3149 1929 3211 Ο
1956 3169 2279 3261 Diocletiani
2307 3184 2360 3227 et
2390 3173 2698 3232 Maximiani
2746 3180 3132 3251 imperatorum
3170 3188 3223 3242 in
3255 3187 3544 3259 Spoletana

262 3297 405 3354 pore
434 3282 549 3351 ejus
578 3281 730 3337 exire
756 3281 871 3334 visa
898 3288 1000 3335 est.
1033 3281 1235 3336 Eodem
1266 3282 1353 3336 die
1383 3282 1554 3336 sancti
1584 3280 1854 3346 Habundi,

264 3384 329 3431 et
354 3372 621 3443 Carpofoli
655 3370 915 3443 [Abundii
944 3381 999 3425 et
1030 3370 1389 3441 Carpophori]
1417 3380 1737 3442 martyrum.

343 3483 409 3538 ιιι
445 3483 521 3538 ln.
560 3483 747 3537 Romze
796 3480 1014 3537 Damasi
1061 3496 1212 3552 papa:
1252 3490 1308 3536 et
1344 3480 1675 3538 confessoris
1713 3501 1726 3535 :
1767 3482 1859 3537 hic

259 3576 555 3631 constituit
576 3583 642 3629 ut
664 3574 855 3645 psalmi
880 3573 967 3629 die
993 3582 1265 3642 noctuque
1313 3580 1640 3629 canerentur
1678 3575 1732 3629 in
1756 3573 1859 3630 Ee-

250 3669 438 3724 clesia
482 3667 714 3723 Christi.
784 3665 989 3721 Eodem
1034 3665 1123 3721 die
1172 3665 1458 3731 Fusciani,
1510 3664 1767 3721 Victurici
1803 3674 1859 3722 et

264 3758 524 3815 Gentiani
554 3755 833 3829 [Victorici
862 3764 918 3811 et
943 3754 1213 3827 Gratiani]
1250 3765 1571 3828 martyrum.

341 3858 383 3912 ll
420 3858 496 3912 lo.
538 3857 595 3911 In
622 3856 891 3927 Hispanis,
924 3856 1144 3912 civitate
1174 3857 1435 3923 Emerita,
1488 3857 1670 3913 natale
1695 3857 1858 3913 Eula-

260 3948 358 4004 liae
379 3947 625 4019 virginis,
655 3954 711 4002 et
736 3946 1113 4017 Hermogenis,
1139 3947 1358 4002 Donatze
1385 3947 1625 4021 [Donati]
1651 3956 1706 4004 et
1731 3949 1859 4004 alio-

270 4055 394 4094 rum
423 4038 613 4108 viginti
638 4037 889 4091 duorum.

268 4309 518 4384 lenones]
546 4325 897 4380 corrumpere
915 4310 1142 4380 iubente
1170 4312 1462 4369 l‘aschasio
1495 4316 1710 4382 vellent,
1736 4318 1855 4373 nul-

268 4403 488 4458 latenus
514 4417 636 4457 eam
673 4416 892 4457 movere
930 4411 1221 4473 potuerunt
1261 4419 1361 4459 nec
1388 4404 1605 4462 funibus
1634 4409 1851 4476 additis,

268 4505 368 4552 aut
410 4497 573 4552 boum
620 4496 843 4566 paribus
885 4496 1169 4565 plurimis:
1213 4497 1388 4567 picem
1420 4499 1708 4566 resineain,
1753 4500 1852 4556 fer-
1883 4491 1933 4551 D

266 4602 405 4643 vens
458 4585 661 4650 oleum,
708 4585 781 4641 nil
828 4585 953 4640 liesa
1001 4587 1256 4656 suscepit.
1305 4587 1545 4643 Tandem
1584 4590 1763 4661 gladio
1797 4593 1852 4646 in

273 4678 481 4732 viscera
513 4691 694 4732 merso
722 4690 998 4745 percussa,
1029 4692 1130 4732 nec
1159 4687 1340 4732 tamen
1377 4688 1591 4734 mortua
1626 4689 1730 4747 est,
1760 4683 1854 4737 do-

222 4776 227 4781 ‘
273 4782 376 4822 nec
402 4766 747 4821 venientibus
792 4767 1165 4823 sacerdotibus
1211 4770 1645 4826 communionem
1671 4771 1858 4827 Domi—

272 4855 381 4911 nici
410 4855 652 4926 corporis
681 4856 1045 4926 etsanguinis
1070 4857 1300 4926 accepit.
1322 4856 1486 4913 Passa
1510 4868 1594 4915 est
1617 4869 1858 4932 tempore

271 4944 591 4999 Diocletiani
621 4953 676 4999 et
700 4944 1031 5001 Maximiani.

349 5043 468 5098 XIX
508 5044 644 5100 Kac.
698 5042 928 5100 unum.
981 5044 1041 5099 In
1072 5045 1361 5101 Antiochia
1407 5048 1587 5104 natale
1612 5049 1769 5105 Drusi
1801 5060 1858 5110 et

274 5136 545 5191 sociomm
575 5135 692 5206 ejus
715 5135 914 5190 Zosimi
956 5144 1011 5189 et
1045 5135 1335 5191 Theodori.
1366 5135 1627 5209 Lugduno
1647 5137 1854 5208 Galliae,

275 5226 452 5280 sancti
480 5224 718 5280 Victoris
758 5225 1019 5295 episcopi.
1070 5225 1316 5292 Rhemis,
1349 5227 1550 5284 Nicasii
1595 5231 1853 5301 episcopi,

274 5323 331 5372 et
371 5314 593 5385 Sacrepi
643 5313 984 5387 [Eutropite].
1034 5314 1273 5384 Viennae,
1302 5317 1545 5390 Lupicini
1591 5320 1854 5394 episcopi,

274 5407 545 5476 Aspediae,
573 5405 849 5463 Theodoti.

346 5517 511 5575 XVlll
534 5519 674 5575 ΚΜ..
710 5519 775 5575 in
803 5519 986 5577 Africa
1014 5523 1194 5576 natale
1218 5522 1484 5588 Faustini,
1515 5524 1686 5590 Lucii,
1714 5525 1859 5582 Can-

276 5610 413 5675 didi,
442 5609 665 5675 Celiani,
699 5611 884 5674 Marci,
919 5611 1157 5678 Maximi,
1185 5612 1448 5680 Januarii,
1476 5614 1781 5672 Fortunati.

348 5696 491 5757 XVII
519 5699 651 5759 KAL.
676 5700 945 5758 Ravennal
981 5702 1268 5773 Valentini,
1297 5704 1536 5773 Navalis,
1566 5708 1853 5782 Agricolae.

1960 3259 2115 3323 urbe,
2166 3263 2266 3315 sub
2313 3263 2505 3318 Flacco
2561 3275 2616 3320 et
2664 3267 2899 3325 Tircano
2934 3272 3208 3341 judicibus
3234 3279 3399 3335 multa
3436 3292 3546 3337 tor-

1960 3359 2138 3405 menta
2169 3368 2358 3421 passus
2384 3364 2488 3421 est,
2528 3356 2631 3412 hoc
2653 3368 2754 3423 est,
2788 3362 3022 3431 primmn
3048 3365 3281 3425 fustibus
3326 3375 3545 3430 nodosis

1958 3453 2132 3495 catsus
2167 3458 2180 3494 ε
2212 3452 2395 3511 postea
2426 3445 2478 3499 in
2504 3447 2763 3502 craticula
2794 3450 2950 3520 ignea
2982 3454 3063 3507 uri
3085 3453 3335 3524 jubetur;
3365 3462 3544 3532 ibique

1959 3536 2268 3586 terrmmotu
2298 3549 2494 3605 magno
2520 3535 2665 3592 facto
2694 3538 2837 3594 intra
2883 3541 3159 3598 civitatem
3196 3545 3541 3616 Spoletanain

1957 3635 2230 3690 oppressae
2254 3633 2380 3678 sunt
2399 3625 2679 3696 plusquam
2708 3637 2962 3687 trecenta:
2977 3635 3170 3691 anima:
3187 3653 3539 3709 paganorum.

1958 3709 2162 3767 Deinde
2189 3713 2244 3767 in
2272 3730 2547 3771 carcerem
2575 3719 2792 3786 missus,
2823 3737 2880 3778 et
2920 3723 3259 3794 lampadibus
3304 3733 3542 3789 ardenti-

1955 3804 2058 3859 btm
2080 3803 2134 3856 in
2162 3802 2423 3861 laterﬂius
2453 3810 2720 3877 accensis,
2754 3812 2819 3868 ad
2851 3821 3153 3872 extremum
3180 3835 3310 3876 vero
3345 3823 3398 3877 in
3428 3840 3542 3882 me-

1957 3896 2046 3951 dio
2071 3898 2469 3967 amphitheatro
2494 3903 2563 3958 ab
2592 3905 2860 3975 Aqualino
2883 3911 3160 3979 spathario
3190 3916 3367 3985 capite
3395 3925 3543 3972 trun-

1957 3995 2128 4053 catus,
2162 3988 2347 4060 sicque
2366 3991 2434 4045 ad
2470 4001 2732 4049 aeternam
2763 3997 2990 4066 gloriam
3018 4001 3290 4072 migravit.
3319 4003 3541 4074 Deposi-

1958 4079 2034 4134 tio
2066 4078 2318 4137 Victoriae
2360 4082 2546 4139 Romae
2592 4088 2693 4142 sub
2724 4087 2909 4157 Decio,
2941 4106 3062 4161 qua:
3091 4108 3214 4149 cum
3260 4104 3405 4153 esset
3447 4099 3542 4155 de-

1954 4348 2088 4405 locis
2117 4351 2421 4421 expulsum,
2446 4364 2637 4426 etpost
2665 4359 2769 4414 alia
2792 4361 2959 4415 multa
2983 4361 3123 4417 facta
3146 4366 3429 4433 miracula,
3455 4370 3543 4435 ἰηη

1956 4449 2041 4495 ter
2074 4456 2194 4511 quae
2223 4444 2460 4515 virgines
2485 4447 2767 4516 plurimas,
2798 4465 2931 4519 quas
2961 4452 3029 4506 ad
3057 4454 3401 4519 serviendum
3433 4458 3533 4519 Dm

1956 4532 2106 4587 mino
2131 4532 2187 4587 in
2217 4535 2470 4604 spelunca
2496 4553 2601 4606 qua
2631 4540 2781 4607 prius
2807 4542 2969 4596 draco
2982 4544 3538 4624 habitavit,aggrega-.

1953 4629 2131 4688 verat,
2161 4637 2416 4694 percussa
2447 4625 2622 4695 gladio
2649 4629 2702 4681 in
2731 4631 2891 4684 corde
2916 4647 2947 4694 a
2981 4635 3238 4696 carniﬁce
3280 4637 3540 4703 Thaliacq

1955 4711 2154 4766 comite
2184 4720 2373 4783 rogatu
2405 4714 2484 4768 sui
2511 4716 2713 4790 sponsi.
2750 4718 3000 4791 Deposita
3029 4731 3112 4778 est
3142 4733 3323 4783 autem
3356 4743 3390 4783 ι
3416 4728 3535 4795 Kal,

1956 4803 2289 4858 earumdem.
2340 4803 2400 4863 1n
2443 4802 2752 4863 Nicomedia
2780 4811 2957 4865 natale
2982 4812 3277 4885 Martyrum
3317 4820 3537 4892 triginta

1958 4890 2217 4965 quinque.
2271 4891 2337 4952 Et
2362 4893 2415 4951 in
2449 4892 2556 4951 alio
2591 4895 2728 4963 loco,
2760 4897 3015 4967 Evaristi,
3045 4900 3282 4969 Victoris
3324 4916 3381 4971 et
3396 4890 3539 4977 alios

1958 4997 2080 5036 rum
2108 4981 2524 5055 quingentorum
2554 4986 2771 5057 triginta
2797 4988 3046 5053 duorum.
3379 4989 3384 4994 ’

2028 5071 2098 5129 lx
2128 5072 2263 5131 ΚΑι.
2303 5073 2577 5133 ἑληυΑιιιι.
2604 5076 2661 5133 ln
2697 5076 2897 5149 Tripoli
2932 5082 3152 5151 civitate
3200 5092 3374 5150 sancti
3428 5092 3537 5155 ιιι,

1958 5161 2120 5227 ciani,
2151 5171 2209 5217 et
2229 5163 2409 5219 natale
2434 5174 2745 5223 sanctorum
2782 5168 3053 5240 Metrobii,
3098 5176 3274 5244 Pauli,
3322 5180 3532 5253 leuati,

1959 5252 2234 5319 Theutini,
2282 5254 2494 5315 Timisti
2535 5254 2813 5333 [Zenobii,
2846 5261 3111 5323 Theotimi
3139 5277 3195 5322 et
3220 5268 3381 5326 Drusi
3408 5271 3441 5343 ι.
3476 5252 3531 5339 ω

1959 5343 2244 5403 Antiochia
2295 5344 2465 5418 Syrim
2502 5349 2679 5409 natale
2718 5361 3026 5408 sanctarum
3073 5355 3340 5426 virginum
3394 5376 3521 5431 qua,

1962 5435 2209 5505 draginta
2258 5441 2659 5508 canonicarum,
2714 5451 2767 5498 et
2821 5445 3051 5500 aliorum
3098 5447 3330 5505 duorum
3374 5451 3537 5516 sintul

1964 5526 2119 5581 Drusi
2162 5534 2217 5582 et
2241 5528 2453 5586 Donati.

2037 5615 2146 5670 Vlll
2171 5617 2304 5674 KAL.
2335 5619 2393 5675 In
2432 5622 2743 5679 Bethlehem
2799 5626 3051 5682 nativitas
3088 5624 3309 5687 Domini
3362 5632 3538 5700 nostri

1964 5705 2090 5765 Jesu
2116 5706 2316 5771 Christi
2358 5714 2653 5774 secundum
2708 5730 2950 5785 carnem,
2997 5727 3050 5774 et
3100 5720 3279 5777 natale
3337 5731 3532 5790 sanctis
