4028 6196
576 197 712 256 “87
1247 173 1602 249 ΓΒΑΒΑΝΙ
1642 190 1861 248 MAURI
1894 175 2239 247 MlCillEl’.~
2255 188 2569 248 MOGUNT.
2611 186 2896 247 OPERUM
2941 186 3124 246 PARS
3159 177 3225 246 IT.
3696 183 3819 249 H88

571 312 895 376 Anastasiaa,
924 319 1045 378 qua:
1079 312 1320 375 tempore
1359 301 1698 367 Diocletiani,
1725 303 1905 372 primo
1959 301 2152 357 duram
2184 304 2237 366 Α
2258 299 2466 357 Auctus
2493 310 2548 357 et
2574 300 2817 373 Sergius,
2840 300 3087 356 conversi
3119 308 3245 356 sunt
3272 300 3339 356 ad
3374 302 3535 357 tidem
3571 303 3821 363 Christi“

571 409 628 458 et
656 399 920 455 immitem
950 396 1246 452 custodiam
1290 409 1322 448 a
1365 393 1484 447 viro
1512 408 1611 449 suo
1648 392 1838 448 Publio
1871 406 2150 463 perpessa.
2258 395 2518 465 baptizati
2566 402 2712 448 sunt.
2768 392 2963 449 Postea
3021 409 3149 448 vero
3202 403 3388 449 sancta
3441 395 3677 467 Eugenla
3715 412 3819 453 mm

569 490 628 546 lu
654 504 762 560 qna
788 497 962 542 tamen
1000 500 1030 539 a
1068 484 1419 555 Chrysogono
1453 481 1766 538 confessore
1790 481 1992 537 Christi
2020 481 2157 536 mul-
2258 486 2425 542 Ριιοιο
2446 495 2501 541 et
2525 485 2824 556 Hiacyulho
2852 483 3080 538 Romam
3107 484 3368 554 perrexit,
3399 484 3491 539 ubi
3516 495 3574 540 οι
3598 491 3820 559 martyri.

570 589 686 635 tum
716 575 990 634 consolata
1017 584 1072 631 et
1096 573 1398 631 confortata
1426 581 1528 627 est.
1561 571 1765 628 Deinde
1817 587 1848 627 a
1902 573 2157 643 prazfecto
2259 587 2378 632 zata
2408 577 2690 648 est,jussn
2739 574 2971 631 Gallieni
3013 576 3377 645 imperatoris,
3422 593 3527 648 per
3583 577 3820 635 Nicetium

570 666 769 739 lllyrici
802 666 855 721 in
878 665 1198 738 gravissima
1227 679 1379 733 mque
1404 670 1460 718 et
1484 663 1736 717 diuturna
1761 663 2006 717 custodia
2036 676 2154 716 ma-
2259 668 2572 739 prmfectum
2606 666 2785 729 Urbis,
2828 666 2920 736 qui
2951 680 3076 720 cum
3104 681 3226 721 eam
3275 674 3497 736 cogeret
3523 667 3635 723 deze
3667 669 3819 723 Diana:

570 768 753 816 cerata
776 767 880 825 est,
914 759 967 814 in
999 775 1103 829 qua
1124 760 1332 814 duobus
1359 757 1634 811 mensibus
1656 756 1856 812 refecta
1882 764 1967 811 est
1990 754 2156 811 cwlc-
2259 757 2525 812 sacriﬁcia
2567 755 2847 819 exhibere,
2894 763 2951 808 et
2998 754 3090 808 illa
3143 754 3311 809 nollet
3353 757 3709 826 acquiescere,
3730 758 3819 812 imo

567 853 742 908 stibus
772 851 909 906 escis
932 866 1030 919 per
1057 858 1302 904 sanctam
1333 847 1669 914 Theodoten,
1693 861 1814 915 quae
1840 846 1993 917 prius
2015 861 2159 900 mar-
2261 849 2437 917 ipsum
2465 845 2815 900 simulacrum
2836 845 2891 898 in
2909 843 3183 915 pulverem
3208 844 3526 916 redegisset,
3539 846 3691 916 jussit
3716 861 3817 902 eam

569 943 768 1015 tyrium
795 956 953 1012 passa
981 947 1093 1006 est;
1127 938 1321 993 deinde
1342 936 1463 991 navi
1491 936 1742 1006 imposita
1764 951 1883 991 cum
1914 935 2159 991 ducentis
2258 932 2548 1003 prmfcctus
2567 948 2698 989 saxo
2719 933 2789 987 ad
2810 932 3007 988 collum
3035 932 3200 1000 ligato
3220 933 3274 987 in
3301 933 3523 988 Tiberin
3551 932 3814 1004 projicere;

565 1035 701 1090 viris
727 1042 782 1089 et
807 1032 1053 1089 ducentis
1086 1029 1303 1086 feminis
1341 1038 1403 1083 ut
1448 1029 1891 1099 demergerentur
1919 1026 1973 1081 in
1997 1025 2152 1092 mari,
2261 1026 2359 1080 sed
2395 1024 2519 1081 inde
2550 1025 2644 1080 Dei
2671 1026 2845 1097 gratia
2882 1025 3133 1092 liberata,
3160 1035 3349 1096 postea
3378 1028 3431 1081 in
3464 1030 3726 1083 fornacem
3743 1044 3816 1083 ar-

566 1126 772 1195 perlata
805 1133 892 1181 est
924 1123 993 1177 ad
1035 1120 1243 1176 insulas
1277 1120 1601 1184 Palmm-ias,
1628 1120 1717 1174 ubi
1749 1134 1849 1190 per
1874 1134 2070 1173 manus
2103 1126 2160 1172 et
2261 1117 2476 1172 dentem
2502 1118 2667 1173 missa
2700 1126 2806 1183 est,
2837 1118 2935 1173 sed
2963 1117 3110 1172 nullo
3140 1119 3303 1173 modo
3328 1119 3397 1174 ab
3427 1119 3554 1189 igne
3592 1130 3670 1174 est
3692 1120 3813 1174 lusa.

566 1217 734 1287 pedes
757 1220 1073 1279 extensa,et
1103 1213 1266 1283 ligata
1289 1216 1356 1267 ad
1376 1212 1530 1282 palos
1558 1212 1712 1274 fixos,
1734 1219 1790 1265 et
1815 1210 1957 1265 circa
1980 1210 2158 1265 media
2261 1206 2563 1263 Novissime
2588 1223 2715 1264 vero
2742 1208 2797 1262 in
2821 1208 2908 1263 die
2933 1208 3134 1264 natalis
3163 1208 3402 1274 Domini,
3426 1210 3569 1264 sicut
3596 1210 3817 1265 Salvator

568 1304 691 1373 ejus
719 1304 859 1376 ignis
884 1318 1145 1358 accensus
1173 1310 1274 1365 est,
1321 1301 1376 1355 in
1404 1316 1511 1371 quo
1558 1301 1878 1371 martyrium
1905 1315 2160 1355 consum-
2263 1299 2377 1369 ipse
2397 1299 2448 1352 ei
2470 1308 2596 1352 ante
2632 1299 2912 1362 revelavit,
2947 1313 3044 1369 per
3073 1297 3459 1368 spiculatorem
3498 1299 3555 1351 in
3604 1300 3815 1353 custodia

570 1396 758 1459 mavit,
789 1402 845 1448 et
872 1408 1062 1447 omnes
1102 1392 1195 1461 qui
1226 1407 1350 1446 cum
1381 1391 1470 1445 illa
1509 1399 1771 1446 venerant
1796 1391 1962 1446 variis
1990 1391 2158 1446 inter-
2261 1391 2433 1460 posita
2464 1388 2752 1444 interfecta
2781 1398 2888 1452 est,
2925 1390 3113 1459 sicque
3138 1390 3206 1444 ad
3233 1389 3454 1445 caeleste
3497 1405 3709 1460 regnum
3727 1389 3813 1443 mi-

568 1488 894 1543 fectionibns
924 1486 1244 1555 martyrium
1291 1484 1656 1538 celebrarunt.
1692 1483 1894 1539 Eodem
1943 1483 2031 1538 die
2060 1498 2158 1536 na-
2262 1483 2457 1550 gravit.

568 1579 673 1634 tale
700 1586 902 1633 sanctae
926 1577 1180 1649 Eugenize
1199 1576 1444 1647 virginis,
1473 1592 1593 1645 qua:
1613 1585 1729 1631 erat
1766 1576 1874 1630 tilia
1900 1576 2154 1646 Philippi,
2337 1568 2423 1624 V’ll
2450 1570 2583 1624 list.
2616 1570 2673 1624 ln
2704 1569 2901 1640 oppido
2942 1569 3431 1640 Hierosolymitano
3468 1568 3813 1640 Coiargamala

566 1669 806 1742 praefecti
825 1669 1166 1724 Alexandriae
1193 1676 1249 1721 et
1280 1668 1442 1722 totius
1468 1666 1711 1737 Egypti,
1742 1668 1809 1722 ab
1834 1667 2161 1736 imperatore
2189 1664 2235 1723 B
2262 1659 2443 1729 passio
2486 1659 2658 1713 sancti
2704 1658 2985 1729 Stephani,
3023 1658 3184 1729 primi
3223 1658 3481 1729 martyris
3525 1668 3581 1714 et
3614 1659 3811 1714 diaconi.

567 1762 695 1817 illuc
733 1762 1056 1818 transmissi.
1085 1761 1211 1816 llrec
1251 1776 1380 1832 ergo
1409 1773 1632 1831 propter
1674 1760 1830 1815 tidem
1871 1759 2072 1815 Christi
2102 1767 2159 1814 et
2334 1751 2398 1806 Vl
2424 1750 2558 1806 ΚΜ..
2590 1763 2615 1790 α
2665 1751 2977 1821 Assumptio
3012 1750 3187 1805 sancti
3233 1748 3458 1804 Joannis
3509 1750 3813 1821 evangelista:

567 1854 830 1909 castitatis
855 1869 1095 1909 amorem
1126 1852 1329 1922 sprevit
1364 1851 1676 1906 saecularem
1704 1850 1947 1904 habitum
1976 1858 2033 1905 et
2060 1850 2155 1903 de-
2263 1842 2402 1910 aput!
2427 1841 2725 1910 Ephesum,
2770 1850 2825 1895 et
2863 1840 3137 1896 ordinatio
3184 1841 3528 1911 episcopatus
3550 1841 3707 1895 sancti
3735 1838 3812 1896 Ja-

567 1942 720 1998 licias
754 1944 936 1997 mundi
964 1957 979 1996 :
1008 1943 1194 1997 induta
1241 1952 1325 1997 est
1367 1952 1515 1997 veste
1540 1940 1703 2006 virili,
1736 1949 1792 1996 et
1831 1955 2062 2010 pergens
2090 1940 2157 1995 ad
2262 1929 2382 1984 (ιοὺὶ
2408 1926 2595 1984 fratris
2622 1930 2855 1995 Domini,
2884 1930 2973 1999 qui
3002 1929 3071 1983 ah
3102 1930 3361 2000 apostolis
3400 1931 3607 2000 primus
3649 1945 3707 1984 ex
3734 1930 3811 1985 Ju-

566 2040 813 2089 sanctum
844 2033 1108 2088 Helenum
1154 2033 1487 2103 episcopum,
1527 2032 1687 2086 simul
1723 2047 1852 2087 cum
1895 2031 2060 2087 Proto
2104 2038 2157 2088 et

2264 2020 2395 2075 dacis
2438 2018 2791 2092 Jerosolytnis
2820 2030 2907 2076 est
2932 2021 3219 2092 episcopus
3247 2022 3554 2089 ordinatus,
3580 2030 3630 2077 et
3664 2022 3810 2078 medio

567 2122 810 2192 Eugenio
838 2123 1101 2178 eunuchis
1129 2122 1262 2185 suis,
1296 2136 1395 2191 per
1415 2135 1575 2191 quem
1608 2119 1930 2189 baptismate
1966 2119 2153 2185 abluti,
2263 2109 2472 2165 P356113
2500 2112 2765 2181 martyrio
2792 2120 3104 2166 coronatus.

568 2215 960 2268 monasterium
1003 2212 1394 2267 monachorum
1440 2210 1670 2281 ingressi
1718 2217 1864 2276 sunt,
1893 2208 1994 2265 sub
2014 2209 2159 2266 virili
2337 2202 2378 2257 V
2410 2201 2543 2255 KAL.
2571 2201 2629 2256 1η
2656 2201 2971 2257 Bethlellem
3014 2200 3195 2257 natale
3222 2211 3542 2257 sanctorum
3584 2200 3809 2257 infantum

566 2304 750 2359 habitu
796 2304 1094 2370 monastice
1143 2310 1528 2358 conversantes
1559 2319 1570 2354 :
1605 2301 1719 2367 ubi,
1766 2299 2021 2356 defuncto
2059 2302 2157 2357 ab-

2261 2289 2601 2356 lactantium,
2630 2290 2720 2361 qui
2746 2291 2847 2345 sub
2872 2290 3083 2346 llerode
3100 2291 3246 2362 passi
3264 2298 3392 2346 sunt
3416 2306 3515 2361 pro
3545 2290 3750 2346 Christo.

564 2393 711 2458 hate,
742 2402 929 2448 sancta
982 2392 1220 2464 Engenia
1271 2394 1325 2447 in
1356 2392 1531 2447 locum
1570 2393 1781 2447 abbatis
1824 2400 2027 2447 statuta
2054 2401 2159 2458 est,
2335 2381 2404 2437 1V
2431 2381 2569 2437 ΚΑΙ-ο
2599 2376 2656 2436 lli
2682 2381 2867 2437 Africa
2921 2382 3100 2437 natale
3152 2381 3382 2446 Domiti,
3411 2382 3614 2435 Victuri
3638 2381 3811 2452 [Domi-

564 2483 655 2538 uhi
688 2490 872 2537 sancta
903 2481 1317 2537 conversatione
1365 2490 1420 2537 et
1465 2480 1741 2537 miraculis
1784 2480 1998 2536 claruit.
2022 2480 2159 2535 Nam
2265 2472 2693 2546 nici,Victorisj,
2722 2472 3037 2538 Crescentii,
3052 2472 3337 2538 Primiani,
3367 2472 3565 2543 Lybosi
3588 2472 3809 2542 episcopi.

566 2571 874 2626 Melantiam
900 2572 1190 2641 quamdam
1223 2570 1480 2625 feminam
1520 2586 1551 2625 a
1600 2570 1750 2626 febre
1795 2570 1949 2641 signo
1985 2570 2163 2626 crucis
2264 2562 2335 2619 Et
2358 2562 2563 2627 Romae,
2593 2564 2647 2617 in
2670 2564 2982 2618 eoemeterio
3008 2561 3240 2628 Callisti.
3272 2560 3471 2617 Ὲθὶίείε
3497 2570 3553 2616 ει
3584 2559 3814 2616 Bonifatii

565 2662 781 2717 salvans
814 2662 952 2717 :sed
994 2662 1211 2717 diabolo
1256 2662 1547 2733 instigante
1587 2662 1706 2733 ipsa
1742 2661 1997 2719 Melantia
2035 2678 2162 2718 eum
2250 2654 2505 2726 episcopi
2527 2655 2592 2710 de
2619 2655 2960 2710 ordinatione
2987 2654 3036 2707 ιι.

565 2754 634 2809 ad
681 2754 1025 2809 concubitum
1088 2770 1246 2810 suum
1288 2754 1607 2826 pertrahere
1654 2754 1853 2820 voluit;
1904 2755 2001 2809 sed
2038 2768 2156 2809 cum

2335 2744 2403 2801 Ill
2425 2744 2559 2799 KAL.
2591 2744 2825 2799 Turonis
2846 2743 3113 2814 depositio
3136 2743 3282 2798 beati
3303 2741 3555 2814 Perpetui
3579 2742 3810 2813 episcopi,

567 2846 670 2900 hoc
696 2861 803 2900 non
830 2846 1219 2912 consensisset,
1253 2848 1528 2902 accusavit
1560 2862 1681 2902 eam
1706 2847 1861 2917 quasi
1891 2847 2165 2917 Eugenius
2267 2839 2362 2911 qui
2386 2838 2559 2894 sancti
2589 2836 2807 2892 Martini
2835 2836 3120 2892 ecclesiam
3148 2835 3455 2891 aediﬁcavit.

566 2937 864 2992 monachus
917 2945 971 2990 et
1021 2937 1189 2991 abbas
1239 2952 1365 2991 eum
1426 2946 1675 3007 stuprare
1721 2936 1997 2991 voluisset.
2056 2935 2164 2991 Sed
2341 2931 2382 2986 ll
2412 2930 2545 2986 ΚΜ..
2577 2928 2855 3000 Depositio
2879 2928 3052 2984 sancti
3079 2927 3341 2999 Sylvestri
3364 2927 3813 2998 episc0pi-etcoa-

569 3027 684 3080 haec
715 3026 895 3081 omnia
936 3042 1033 3095 per
1067 3025 1369 3096 Philippum
1412 3025 1725 3097 praafectnm
1765 3024 1901 3080 falsa
1946 3025 2160 3080 inventa
2189 3026 2234 3090 C
2266 3021 2511 3088 fessoris,
2532 3029 2587 3077 et
2608 3019 2789 3090 passio
2822 3026 3024 3074 sanctae
3062 3017 3341 3074 Columba:
3385 3016 3628 3088 virginis,
3669 3015 3814 3071 Seno-

568 3122 716 3179 sunt,
743 3115 867 3185 quia
899 3116 1013 3185 ipsa
1043 3115 1278 3187 Eugenio
1329 3132 1448 3172 sese
1488 3115 1748 3172 feminam
1787 3131 1908 3173 esse
1935 3118 2162 3173 demon-
2263 3115 2350 3170 nis
2373 3113 2474 3170 sub
2502 3112 2792 3169 Aureliano
2831 3112 3181 3182 imperatore,
3224 3123 3368 3181 quat,
3412 3117 3662 3180 superato
3691 3109 3812 3179 igne,

566 3204 777 3269 stravit,
804 3219 910 3259 non
946 3205 1140 3257 virum.
1168 3204 1283 3260 Hoc
1306 3206 1471 3260 etiam
1511 3205 1859 3263 considerato
1882 3204 2160 3276 Philippus
2261 3220 2399 3262 emsa
2427 3212 2529 3261 est.

565 3304 720 3366 pater
742 3294 878 3363 ejus,
908 3304 964 3351 et
1009 3295 1234 3350 Claudia
1279 3305 1487 3362 mater,
1533 3296 1838 3368 fratresque
1880 3295 2154 3367 Eugeniae,

638 3437 663 3464 ι
695 3424 922 3508 Invaluit
948 3426 1088 3508 apud
1118 3426 1378 3508 plurimos
1403 3441 1466 3481 ea
1485 3426 1557 3507 _de
1584 3425 1791 3482 Joanne
1804 3427 2007 3497 opinio,
2029 3442 2157 3508 eum
2260 3424 2396 3508 visit
2425 3424 2585 3508 terti?
2616 3420 2844 3502 saeculo;
2880 3418 3126 3508 diversus
3147 3425 3241 3508 est
3260 3412 3813 3508 enimA_-ill‘e,hre‘feren:

564 3509 671 3547 non
699 3495 934 3567 abiisse;
965 3487 1034 3567 id
1063 3487 1226 3567 rei‘ert
1272 3497 1628 3567 Augustinus,
1668 3512 1789 3551 eam
1832 3487 2158 3553 sententiam
2262 3495 2522 3567 reliquias
2548 3492 2792 3567 Joannis,
2838 3504 2961 3567 eum
3012 3487 3243 3567 fuissent
3289 3487 3544 3567 quaesita,
3571 3499 3674 3538 non

567 3564 880 3633 suggillans.
910 3551 1039 3627 Alii,
1091 3551 1507 3630 obdormivisse,
1536 3551 1629 3621 sed
1671 3583 1796 3621 mox
1826 3551 2045 3622 inrcmlo
2074 3582 2164 3622 as-
2263 3551 2531 3620 inve'utas.
2578 3551 2788 3633 Eadem
2808 3560 3044 3633 sensisse
3088 3551 3603 3633 videtur'ltabanns,
3631 3552 3715 3623 qui
3739 3551 3813 3633 hic

566 3626 841 3702 sumptum
889 3626 1276 3690 crediderunt:
1312 3637 1366 3691 id
1412 3626 1645 3690 asseruit
1694 3636 2030 3710 Hippolytus,
2105 3636 2158 3691 ni
2264 3633 2689 3703 assumptionem
2733 3630 2958 3685 Joannis
3007 3626 3358 3698 evangelista:
3383 3626 3700 3683 celebratam
3732 3632 3815 3674 suo

567 3702 636 3756 de
658 3704 942 3759 duodecim
966 3706 1228 3760 apostolis
1250 3706 1467 3760 scripsit
1490 3707 1629 3760 apud
1652 3652 2164 3760 Combelisiumfke
2264 3713 2506 3760 tempore
2527 3701 2819 3756 contendit.
2849 3700 3009 3754 Bsss.

567 3702 636 3756 de
658 3700 942 3777 duodecim
966 3706 1228 3777 apostolis
1250 3706 1467 3777 scripsit
1490 3707 1629 3777 apud
1652 3700 2058 3777 Cpmbeli'sium.
2082 3700 2164 3777 Ne
2264 3700 2506 3777 tempore
2527 3701 2821 3777 contendit.
2847 3700 3009 3777 pass.

567 3771 759 3828 credas
781 3782 962 3830 tamen
990 3769 1140 3831 illum
1169 3790 1292 3833 esse
1315 3769 1661 3847 Hippolytum
1686 3775 2044 3831 Portueusem
2067 3775 2163 3845 qui
2335 3769 2630 3827 b'Videtur
2657 3769 2862 3839 aliquid
2889 3769 3100 3824 deesse.

1252 3890 3806 3936 .MW

584 3906 891 3920 δα--ισ-

898 3912 908 3919 θ
918 3911 1261 3921 -ι--ι--αα--σα

1153 4062 1737 4175 BEATI
1810 4058 2552 4176 RABANI
2626 4058 3240 4173 MAURI

1295 4271 1680 4331 FULDENSIS
1717 4273 2010 4331 ABBATIS
2052 4274 2141 4331 ET
2179 4272 2563 4331 MOGUNTINI
2597 4271 3119 4330 ARCHIEPISCOPI

1641 4449 2082 4564 OPUSC
2100 4450 2373 4566 ULA
2455 4451 2786 4565 DUO.

1583 4667 1745 4732 [Apud
1770 4667 1957 4730 Labbe,
1977 4666 2180 4728 Concil.,
2202 4666 2414 4730 append.
2438 4667 2500 4717 ad
2530 4673 2647 4718 tom.
2674 4666 2831 4730 VlllJ

1264 3913 1457 3921 ...ι-,-

2156 4907 2198 4980 Ι

650 5065 987 5159 Responsa
1025 5085 1349 5132 canonica
1397 5083 1606 5153 super
1676 5059 2076 5150 quibusdam
2127 5058 2778 5147 interrogationibus
2826 5056 3235 5146 Reginbaldi
3285 5056 3740 5148 chorepiscopi.

645 5304 1105 5366 Reverentissimo
1152 5308 1313 5370 atque
1344 5298 1717 5354 amantissimo
1762 5297 1917 5355 fratri
1963 5299 2163 5357 Recrn-
2186 5304 2241 5365 D
2265 5307 2484 5357 sentare
2517 5296 2686 5353 voluit
2734 5298 2812 5352 tui
2839 5296 3163 5352 desiderium
3196 5297 3395 5353 iterum
3416 5295 3624 5352 videndi
3653 5307 3706 5348 se
3727 5304 3802 5344 ra-

573 5415 743 5458 mum
770 5399 1044 5463 Russus,
1063 5393 1290 5465 exiguus
1314 5388 1713 5449 servorumDei
1734 5404 1945 5456 servus,
1977 5391 2030 5446 in
2055 5392 2157 5447 Do-
2260 5390 2369 5445 lide
2398 5388 2556 5444 nobis
2578 5388 2823 5459 ingessit.
2873 5386 2951 5441 ita
2992 5395 3054 5442 ut
3086 5395 3480 5459 cognoscentes
3524 5383 3801 5458 gravitatem

573 5492 722 5547 mino
750 5490 998 5546 salutem.
2264 5494 2501 5544 morum,
2546 5479 2887 5533 honestatem
2920 5476 3232 5545 locutionis,
3281 5477 3633 5533 humilitatem
3674 5466 3805 5525 babi-

647 5581 940 5650 Postquam
968 5575 1230 5633 sanctitas
1267 5582 1356 5631 tua
1384 5579 1587 5649 nostra:
1617 5570 1875 5650 parvitati
1906 5586 1982 5649 se
2019 5588 2233 5667 prae-1W
2250 5580 2353 5649 atus
2382 5568 2822 5655 hilaritatemque
2864 5566 3069 5626 vultus.
3103 5582 3267 5640 quam
3306 5574 3403 5624 tua
3445 5565 3648 5625 dilectio
3670 5554 3805 5615 nobis
