4028 6196
362 327 509 389 “89

1608 340 1962 397 RESPUNSA
2002 341 2364 401 CANONICA.

3500 363 3633 419 llflf‘

373 462 638 525 exhibuit,
668 454 953 531 praesentia
978 467 1068 514 tua
1093 475 1200 515 non
1230 457 1488 514 vellemus
1512 472 1719 523 carere,
1749 458 1792 512 si
1816 473 1951 527 quo-
1975 463 2025 521 Α
2053 460 2289 514 studium
2313 463 2625 530 pmnitentis
2652 481 2664 516 :
2695 464 2740 518 si
2769 466 2890 535 quis
2912 467 3055 522 enim
3084 473 3347 527 veraciter
3369 488 3634 542 poeniten-

373 569 482 624 quo
534 550 691 607 modo
722 566 845 605 eam
875 565 1155 621 possemus
1207 551 1407 605 haltere
1459 550 1791 604 continuant.
1843 548 1949 603 Sed

373 644 499 713 quia
522 658 661 696 vera:
686 641 967 696 eharitatis
995 656 1058 695 ea
1093 647 1176 694 est
1208 640 1369 703 ratio,
1393 648 1451 693 ttt
1488 639 1629 709 quod
1661 638 1952 709 corporali-

371 742 458 789 ter
485 734 681 788 habere
708 746 889 786 secum
921 745 1025 784 non
1063 738 1258 799 potest,
1301 728 1650 797 spiritualiter
1676 744 1950 799 nunquam

372 825 572 878 habere
603 829 780 876 cesset
808 835 821 874 :
856 819 982 873 licet
1021 834 1251 889 corpore
1281 819 1477 873 absens
1527 818 1622 881 sis,
1648 817 1841 886 spiritu
1870 826 1951 871 ta-

370 929 493 969 men
523 925 760 982 praesens
802 925 922 964 esse
961 925 1066 963 non
1108 909 1339 962 desistis.
1365 906 1519 973 Quod
1572 921 1809 975 eousque
1837 906 1946 971 lict,

368 1006 542 1061 donec
565 1022 665 1075 per
691 1004 780 1057 Dei
804 1002 1029 1073 gratiam
1057 1001 1203 1054 exuti
1228 1016 1257 1053 a
1284 1013 1510 1068 corpore
1531 1006 1824 1068 prtesentes
1846 997 1953 1051 cri-

370 1117 421 1152 nt
440 1115 491 1154 JS
518 1098 659 1168 apud
685 1097 870 1150 Deum.
899 1094 1011 1148 llor.
1037 1101 1214 1147 tamen
1250 1091 1472 1162 adipisci
1504 1105 1600 1145 nos
1624 1104 1807 1159 posse,
1835 1103 1950 1143 ma-

370 1192 453 1259 gis
478 1190 645 1245 divini
679 1196 762 1242 est
806 1185 1046 1239 muneris
1104 1198 1263 1252 quam
1319 1183 1567 1236 humana:
1623 1180 1895 1236 facultatis
1932 1197 1945 1233 :

370 1281 465 1334 sed
489 1293 584 1348 spe
600 1279 715 1347 jam
748 1275 882 1330 salvi
915 1273 1038 1328 facti
1072 1288 1291 1340 sumus;
1324 1274 1413 1343 qui
1443 1280 1623 1326 autem
1648 1272 1699 1325 in
1726 1270 1950 1326 Domino

370 1379 572 1441 sperat,
598 1371 786 1423 beatus
811 1375 911 1421 est.
1234 1402 1239 1406 ι
1468 1380 1473 1387 ο

441 1461 517 1516 De
538 1469 735 1516 caetero
760 1473 990 1528 quoque,
1019 1458 1144 1527 quia
1173 1457 1447 1513 veneratio
1477 1466 1566 1512 tua
1587 1458 1833 1528 quaedam
1859 1473 1952 1513 ca-

369 1551 540 1621 pitula
566 1551 697 1605 mihi
728 1549 781 1603 in
809 1548 1053 1603 chartula
1090 1555 1218 1601 tunc
1243 1548 1478 1602 ostendit
1502 1549 1725 1619 scripta,
1757 1548 1809 1602 in
1838 1549 1952 1618 qui-

372 1644 475 1696 bus
504 1640 782 1713 ﬂagitabas
814 1653 900 1693 me
930 1639 1022 1693 tibi
1050 1639 1372 1709 respondere
1398 1639 1571 1695 dehis
1609 1656 1729 1710 qua:
1754 1639 1949 1694 ibidem

370 1731 787 1786 continebantur
818 1747 830 1782 :
865 1728 1024 1798 relegi
1059 1736 1316 1798 quantum
1346 1728 1545 1783 licebat
1573 1728 1845 1784 volumina
1872 1728 1951 1784 di-

2056 553 2184 606 tiam
2211 554 2404 623 egerit,
2446 570 2566 609 eum
2598 555 2854 627 lacryntis
2886 558 3090 629 jejunia
3121 570 3178 616 et
3217 565 3489 621 orationes
3520 570 3630 625 sol-

2052 658 2204 708 vens,
2240 643 2612 716 eleentosynas
2661 646 2883 715 largiter
2934 640 3459 724 impendensfltujus
3502 671 3633 729 ergo

2052 732 2217 787 habet
2255 735 2507 790 sacerdos
2548 744 2872 804 potestatem
2916 738 3164 808 mitigare
3204 736 3486 807 judicium.
3527 747 3630 813 Qui

2053 832 2232 878 autem
2256 825 2453 880 mentis
2473 836 2555 881 est
2583 827 2752 892 dum,
2775 836 2828 882 et
2858 828 3132 900 negligens
3158 839 3243 886 est
3276 834 3342 888 ad
3368 839 3629 905 agendam

2049 913 2427 983 penitentiam
2452 932 2466 968 :
2493 915 2549 969 in
2597 915 2701 971 hoc
2734 918 2954 972 omnino
2985 919 3257 974 decretum
3296 932 3382 977 est
3421 932 3631 995 tempus

2052 1004 2400 1059 servandum.

2120 1093 2181 1149 ll.
2210 1095 2284 1150 De
2324 1092 2618 1150 infantibus
2643 1103 2818 1150 autem
2849 1098 2940 1167 qui
2983 1100 3179 1154 mortui
3222 1116 3345 1156 cum
3387 1110 3541 1171 patre
3573 1113 3628 1157 et

2050 1192 2224 1237 matre
2252 1184 2616 1248 inveniuntur,
2643 1194 2699 1239 et
2723 1200 2827 1239 non
2856 1198 3081 1255 apparet
3106 1198 3285 1243 utrum
3320 1191 3392 1246 ab
3421 1192 3502 1246 eis
3531 1207 3626 1261 op—

2049 1289 2272 1343 pressus
2318 1274 2389 1329 sit
2418 1274 2531 1343 ipse
2583 1274 2763 1330 infans
2810 1276 2923 1330 sive
2952 1277 3264 1344 sull'oeatus,
3308 1295 3375 1335 an
3408 1282 3624 1351 propria

2051 1375 2225 1421 morte
2278 1365 2560 1420 defunctus
2616 1383 2630 1419 :
2687 1382 2787 1422 nec
2835 1368 3032 1423 debent
3085 1368 3207 1423 inde
3266 1372 3442 1426 securi
3504 1387 3627 1426 esse

2051 1472 2151 1511 nec
2180 1457 2294 1510 sine
2321 1456 2635 1526 pwnitentia
2676 1457 2773 1526 ipsi
2810 1468 3081 1526 parentes.
3116 1458 3221 1513 Sed
3267 1470 3446 1517 tamen
3469 1463 3523 1516 in
3544 1463 3625 1517 eis

2050 1545 2415 1601 consideratio
2450 1546 2610 1602 debet
2651 1561 2772 1602 esse
2819 1548 3054 1617 pietatis,
3084 1547 3175 1602 ubi
3223 1565 3326 1604 non
3354 1551 3621 1617 voluntas,

2050 1637 2146 1693 sed
2180 1646 2421 1701 eventus,
2474 1637 2665 1691 mortis
2710 1653 2873 1692 causa
2921 1637 3041 1692 fuit.
3085 1637 3142 1693 Si
3176 1649 3353 1695 autem
3394 1657 3487 1697 eos
3515 1660 3622 1698 non

2049 1729 2182 1783 latet
2212 1728 2357 1799 ipsos
2386 1726 2503 1796 ejus
2537 1743 2658 1784 esse
2686 1729 3080 1794 interfectores,
3110 1731 3249 1786 scire
3276 1732 3473 1787 debent
3497 1749 3627 1805 gra-

368 1823 618 1876 vinorum
645 1828 1113 1886 testamentorum,
1147 1829 1307 1888 atque
1361 1832 1674 1875 sanctorum
1724 1821 1943 1875 Patrum
1976 1811 2021 1869 Β
2047 1820 2188 1875 viter
2204 1834 2263 1874 se
2292 1819 2597 1889 deliquisse,
2632 1821 2775 1890 quod
2816 1822 2869 1875 in
2919 1822 3203 1893 Aneyrano
3248 1823 3474 1879 concilio
3522 1827 3625 1881 hoc

369 1914 690 1978 sententias,
716 1922 771 1968 et
800 1920 1060 1983 quantum
1093 1924 1304 1982 tempus
1329 1912 1697 1982 permittebat,
1736 1927 1796 1966 ea
1824 1928 1943 1981 qnze

369 2004 437 2059 ad
461 2005 563 2058 hoc
585 2002 888 2057 necessaria
912 2000 1341 2072 respondendum
1366 2009 1540 2068 erant,
1573 2001 1626 2056 in
1649 2016 1813 2057 unum
1836 2000 1945 2055 col-

369 2094 623 2165 ligebam.
675 2091 930 2147 Ludovici
985 2092 1128 2149 enim
1179 2093 1325 2164 regis
1378 2093 1663 2158 adventus,
1711 2091 1855 2161 quod
1890 2098 1945 2145 te

368 2188 509 2245 scire
554 2201 661 2241 non
703 2183 934 2254 ambigo,
984 2183 1273 2238 imminens
1316 2186 1561 2255 urgebat,
1607 2193 1666 2239 ut
1716 2185 1785 2239 ad
1828 2183 1945 2252 ejus

368 2275 768 2349 susceptionem
810 2273 1058 2345 occupati
1084 2288 1349 2329 essemus.
1394 2274 1502 2328 Nec
1530 2275 1642 2345 jam
1672 2273 1825 2328 licuit
1853 2289 1941 2327 se-

373 2364 754 2422 curtelectioni
787 2366 1052 2427 insistere,
1081 2363 1295 2433 quando
1336 2364 1450 2432 ipse
1492 2379 1549 2418 se
1573 2364 1784 2417 animus
1824 2377 1945 2417 sen-

374 2452 614 2511 tiebatin
645 2453 837 2508 multas
865 2460 1046 2521 partes
1074 2452 1323 2507 divisum.
1356 2450 1460 2507 Sed
1482 2453 1604 2522 quia
1635 2452 1707 2506 tui
1743 2452 1943 2506 amoris

368 2546 551 2602 fervor
571 2561 657 2600 me
679 2545 771 2599 tibi
799 2558 989 2615 parere
1009 2544 1174 2615 cogit,
1189 2542 1472 2597 mundanis
1496 2541 1942 2597 sollicitudinibus

370 2636 708 2705 temperatis,
739 2645 997 2706 quantum
1049 2634 1311 2705 fragilitas
1358 2635 1609 2688 humana:
1644 2634 1841 2687 mentis
1869 2632 1944 2687 si-

366 2727 553 2791 nebat,
574 2726 910 2795 pot‘tssimum
940 2734 1042 2779 tute
1061 2725 1366 2780 consentire
1392 2724 1729 2779 decrevimus
1754 2724 1942 2778 volun-

369 2814 489 2868 tati.
522 2815 758 2882 Quorum
790 2814 1145 2886 capitulorum
1173 2815 1288 2868 htec
1315 2813 1417 2868 fuit
1437 2812 1627 2870 series.

438 2906 478 2959 1.
503 2906 685 2961 Primo
715 2906 1084 2977 interrogabas
1112 2905 1239 2975 quid
1263 2906 1330 2959 de
1356 2919 1423 2961 eo
1458 2903 1765 2961 faciendum
1796 2911 1942 2958 esset

368 2996 463 3066 qui
508 2996 779 3052 hominent
804 2995 1171 3052 Christianum
1212 2993 1547 3050 sollicitando
1592 2993 1805 3047 furatus
1828 2992 1941 3047 fue-

366 3087 460 3151 rit,
491 3093 547 3141 et
585 3086 637 3141 in
678 3102 941 3161 paganam
986 3096 1198 3157 gentem
1245 3083 1507 3139 tradendo
1558 3083 1877 3147 vendiderit,
1908 3100 1937 3137 a

2043 1913 2203 1967 modo
2232 1914 2490 1981 probatur
2517 1911 2671 1984 (Con.
2706 1912 2819 1983 20).
2855 1933 2873 1965 ι
2905 1913 2979 1968 De
3012 1914 3329 1970 mdlierihus
3375 1932 3493 1985 qua:
3517 1916 3615 1972 for-

2042 2002 2293 2057 nicantur
2318 2010 2373 2057 et
2394 2012 2583 2072 partus
2609 2017 2735 2057 suos
2760 2011 2977 2068 necant,
3004 2004 3085 2059 vel
3110 2021 3230 2074 quae
3257 2013 3420 2074 agunt
3441 2021 3623 2061 secum

2042 2102 2275 2148 ututero
2304 2101 2596 2163 conceptus
2639 2094 2947 2148 excutiatur
2974 2110 2989 2147 :
3021 2096 3241 2164 antiqua
3279 2096 3493 2164 quidem
3531 2097 3623 2151 de-

2044 2184 2217 2238 finitio
2246 2198 2416 2255 usque
2458 2185 2525 2238 ad
2567 2184 2814 2238 ultimum
2839 2185 2960 2239 vita:
2986 2200 3081 2239 eas
3110 2186 3175 2240 ab
3197 2186 3424 2240 ecclesia
3448 2200 3625 2240 remo-

2041 2283 2151 2329 vet.
2176 2273 2475 2329 Humanius
2502 2285 2683 2329 autem
2720 2290 2864 2329 nune
2895 2276 3199 2340 definimus,
3232 2284 3291 2330 ut
3327 2278 3407 2331 eis
3440 2278 3623 2331 decem

2042 2380 2304 2418 annorum
2352 2373 2562 2435 tempus
2588 2367 2881 2420 secundum
2908 2367 3160 2435 praefixos
3206 2369 3405 2438 gradus
3448 2370 3623 2438 paeni-

2042 2454 2225 2508 tentite
2246 2453 2559 2524 largiamur.
2597 2475 2615 2506 ι
2643 2454 2748 2510 Sed
2768 2456 2856 2510 alii
2884 2457 3042 2511 trium
3076 2474 3336 2513 annorum
3363 2461 3626 2529 pwttiten-

2044 2543 2173 2598 tiam
2200 2542 2504 2613 hujusmodi
2536 2544 2772 2600 hominis
2793 2547 3112 2602 denuntiant
3139 2564 3259 2603 esse
3277 2549 3493 2614 debere,
3524 2551 3624 2605 hoc

2041 2636 2237 2704 estqui
2279 2634 2538 2690 infantem
2568 2636 2780 2690 incaute
2805 2637 3162 2706 oppresserit,
3187 2652 3415 2707 quorum
3457 2655 3621 2693 unum

2041 2740 2107 2780 ex
2131 2726 2210 2781 eis
2232 2727 2411 2796 exigat
2431 2742 2552 2782 cum
2582 2742 2718 2797 pane
2747 2736 2800 2782 et
2822 2741 2980 2795 aqua,
3011 2727 3387 2784 abstineataue
3412 2730 3480 2785 ab
3502 2744 3623 2785 ont-

2041 2815 2097 2869 ni
2123 2814 2335 2869 luxuria
2365 2824 2603 2885 tempore
2628 2815 2963 2884 pmttitentite
2990 2831 3119 2870 sum.

2110 2905 2194 2961 Ill.
2241 2906 2315 2961 De
2359 2921 2424 2962 eo
2456 2921 2586 2960 vero
2630 2905 2720 2975 qui
2753 2905 2964 2961 viduam
3002 2906 3231 2977 proximi
3276 2907 3363 2962 sui
3409 2908 3460 2962 in
3491 2923 3620 2962 eon-

2034 3002 2243 3074 jugium
2273 2998 2447 3065 duxit,
2490 2998 2616 3053 illud
2651 2999 3099 3054 considerandum
3134 3009 3239 3064 est,
3270 3008 3433 3069 quota
3463 3016 3621 3071 gene-

2039 3093 2251 3148 ratione
2298 3089 2410 3162 ipsa
2461 3088 2728 3144 connubia
2782 3088 2928 3143 inter
2962 3088 3291 3161 pr0pinquos
3330 3088 3445 3143 ﬁeri
3500 3104 3625 3158 pos-

366 3176 565 3245 quibus
593 3176 733 3230 ultra
775 3175 862 3230 ille
900 3176 1150 3230 venditus
1190 3190 1249 3230 se
1278 3189 1471 3229 eruere
1510 3188 1616 3227 non
1644 3174 1829 3242 possit.
1858 3174 1940 3227 Ad
1967 3163 2012 3225 C
2044 3189 2190 3246 sum,
2253 3187 2308 3235 et
2359 3180 2439 3234 sic
2487 3182 2553 3234 de
2613 3188 2845 3250 utroque
2899 3195 3029 3234 sexu
3091 3181 3354 3252 judicium
3412 3197 3624 3251 aequum

363 3267 510 3334 quod
539 3274 667 3319 tunc
709 3264 802 3317 tibi
842 3262 1114 3332 respondi,
1154 3264 1504 3318 homicidium
1534 3264 1940 3333 reatnm‘ipsum

364 3356 638 3414 hominem
675 3354 777 3411 sibi
805 3354 1123 3409 contrahere
1172 3352 1305 3408 mihi
1343 3351 1514 3407 videri
1564 3351 1719 3418 Quod
1754 3363 1809 3405 et
1849 3365 1942 3421 po-

362 3456 502 3513 stea,
539 3445 724 3515 legens
763 3442 997 3498 divinam
1035 3442 1371 3498 sanctionem
1412 3441 1465 3495 in
1496 3440 1937 3505 Dcuteronomio,

364 3538 438 3592 ita
466 3534 778 3607 probavisse
801 3533 996 3604 reperi,
1020 3548 1141 3588 cum
1165 3532 1446 3588 homicida:
1468 3541 1523 3586 et
1543 3529 1646 3586 furi
1671 3532 1939 3587 hominem

363 3626 641 3690 vendenti,
662 3638 846 3695 parem
876 3624 1124 3678 vindicta:
1168 3622 1386 3677 modum
1411 3622 1772 3693 imposuisset.
1806 3621 1940 3677 Nam

367 3720 511 3776 sicut
558 3717 630 3771 ibi
662 3716 859 3787 legitur
884 3714 1062 3786 (Deut.
1092 3714 1206 3783 xtx)
1240 3733 1260 3765 ι
1295 3713 1532 3768 animam
1570 3730 1668 3784 pro
1704 3714 1879 3768 anima
1917 3733 1935 3764 ο

367 3809 691 3866 homicidam
736 3807 933 3862 debere
984 3807 1231 3870 reddere,
1280 3824 1300 3856 ι
1338 3803 1553 3860 oculum
1608 3819 1708 3874 pro
1762 3804 1938 3870 oculo,

369 3922 389 3954 ι
435 3902 648 3956 dentem
678 3914 776 3971 pro
816 3899 997 3963 dente,
1034 3913 1249 3951 manum
1284 3910 1384 3967 pro
1411 3910 1594 3960 manu,
1624 3895 1813 3965 pedem
1845 3909 1941 3964 pro

371 4014 389 4044 ι
434 3993 601 4063 pede;
645 4008 664 4042 ι
694 3991 775 4045 sic
818 3997 872 4045 et
920 3989 1096 4058 ipsum
1144 3988 1412 4042 hominem
1444 3985 1535 4056 qtti
1574 3985 1944 4055 deprehensus

368 4082 532 4137 fuerit
582 4080 899 4135 sollicitasse
928 4078 1146 4132 fratrem
1194 4092 1353 4131 suum
1395 4076 1461 4131 de
1500 4073 1625 4129 filiis
1676 4073 1862 4139 Israel,
1888 4081 1944 4128 et

367 4171 670 4227 vendidisse
712 4168 1023 4239 accipiendo
1070 4165 1489 4239 pretium,iubet
1531 4165 1854 4230 interficere,
1888 4172 1945 4219 et

366 4263 441 4315 ita
469 4259 680 4314 auferre
707 4257 903 4312 malum
934 4257 1000 4312 de
1031 4256 1207 4311 medio
1232 4255 1414 4326 pepuli
1438 4254 1531 4309 Dei
1559 4254 1736 4325 (Deut.
1770 4249 1941 4325 xxtv).

371 4352 523 4407 Unde
568 4350 699 4405 ntihi
743 4348 972 4414 videtur,
1018 4348 1281 4417 sicutpar
1315 4346 1580 4401 sententia
1618 4345 1674 4399 in
1719 4344 1834 4416 lege
1862 4344 1944 4398 di-

369 4445 492 4499 vina
520 4450 602 4498 est
642 4440 934 4497 constituta
964 4441 1029 4495 de
1067 4437 1336 4493 homicida
1397 4445 1453 4491 et
1503 4437 1621 4491 fure
1665 4436 1937 4492 hominem

2045 3267 2353 3337 agendum:
2385 3265 2513 3333 quia
2554 3265 2643 3317 alii
2695 3267 2852 3319 tertia
2901 3265 2985 3320 vel
3035 3277 3229 3336 quarta
3278 3269 3627 3339 generatione

2045 3357 2145 3411 hoc
2179 3354 2295 3411 ﬁeri
2335 3367 2492 3424 posse
2525 3351 2884 3421 judicabant:
2931 3353 3020 3408 alit
3047 3356 3260 3424 quinta,
3307 3357 3397 3411 alii
3447 3365 3619 3412 sexta.

2045 3445 2150 3501 Sed
2190 3445 2319 3500 illud
2346 3444 2419 3498 ibi
2448 3444 2716 3514 pnecipue
2755 3442 3206 3499 considerandum
3234 3454 3334 3508 est,
3367 3449 3509 3515 quod
3540 3448 3626 3503 lex

2043 3535 2224 3589 divina
2253 3534 2375 3588 inde
2404 3533 2701 3602 praecipiat,
2742 3546 2906 3602 super
2927 3548 3035 3603 quo
3064 3533 3296 3603 capitulo
3329 3533 3626 3592 llumberto

2042 3626 2295 3697 episeopo
2318 3625 2614 3681 sciscitanti
2640 3623 2752 3694 jam
2780 3624 3176 3694 respondimus.
3199 3624 3363 3695 Cujus
3393 3642 3624 3696 respon-

2043 3719 2211 3773 sionis
2260 3716 2540 3771 formulam
2570 3715 2736 3771 etiam
2775 3730 2918 3770 nunc
2954 3715 3048 3769 tibi
3088 3715 3405 3771 direximus.
3455 3716 3624 3771 llani~

2046 3793 2239 3864 festum
2263 3815 2347 3863 est
2367 3808 2509 3861 enim
2533 3806 2677 3876 quod
2718 3806 2860 3861 sacri
2895 3820 3130 3860 canones
3158 3806 3206 3859 ei
3230 3807 3515 3861 anathema
3538 3807 3624 3861 di-

2044 3905 2196 3960 cunt,
2226 3897 2318 3966 qui
2353 3895 2421 3951 de
2446 3896 2661 3966 propria
2691 3896 3029 3967 cognatione,
3068 3895 3151 3950 vel
3178 3911 3337 3966 quam
3364 3906 3625 3967 cognatus

2043 3986 2252 4050 habuit,
2282 3986 2496 4040 duxerit
2537 4000 2784 4039 uxorem.
2814 3985 2880 4039 Et
2907 3985 3026 4040 ideo
3056 3985 3129 4039 ibi
3158 4000 3367 4040 summa
3389 3994 3471 4041 est
3495 4001 3625 4041 cau-

2045 4077 2151 4131 tela
2179 4076 2424 4131 habenda
2475 4094 2489 4129 :
2548 4091 2616 4131 ne
2643 4074 2783 4131 forte
2832 4091 2933 4146 pro
2986 4076 3177 4132 incesti
3226 4091 3365 4131 noxa
3419 4087 3623 4134 :eterna

2045 4165 2324 4221 damnatio
2360 4174 2639 4235 sequatur.

2113 4254 2202 4310 IV.
2244 4253 2406 4310 Deeo
2443 4261 2623 4315 autem
2664 4254 2808 4324 quod
2851 4253 3241 4323 interrogabas,
3273 4254 3319 4310 si
3365 4264 3520 4324 pater
3562 4264 3614 4310 et

2045 4346 2207 4413 illius,
2253 4346 2338 4401 vel
2368 4346 2414 4402 si
2445 4346 2552 4401 duo
2587 4345 2804 4411 fratres,
2853 4353 2947 4400 aut
2995 4345 3292 4400 avunculus
3334 4356 3388 4400 et
3432 4361 3619 4415 nepos,

2042 4452 2166 4491 cum
2212 4451 2320 4491 una
2356 4435 2580 4490 muliere
2620 4433 3035 4499 fornicarentur,
3067 4434 3194 4504 quid
3246 4434 3369 4488 inde
3421 4434 3624 4489 facien-

368 4534 652 4598 vendente,
676 4532 757 4587 sic
785 4539 839 4586 et
868 4530 1125 4586 canonica
1151 4529 1474 4584 auctoritate
1495 4527 1611 4598 pari
1645 4528 1801 4583 modo
1825 4528 1941 4597 ple-
1969 4517 2018 4576 1)
2042 4528 2169 4582 dum
2215 4535 2360 4583 esset
2392 4544 2406 4580 :
2454 4525 2798 4605 manifestum
2848 4532 2955 4589 est,
2998 4525 3140 4594 quod
3183 4526 3333 4595 gravi
3386 4525 3621 4580 vindicta

369 4622 624 4680 ctendum
654 4635 772 4676 esse
796 4620 887 4689 qui
914 4619 1133 4674 fratrem
1158 4618 1384 4674 furando
1410 4626 1571 4687 atque
1602 4615 1938 4671 sollicitando

372 4712 690 4775 vendiderit,
707 4718 764 4764 et
785 4709 933 4764 illum
957 4708 1047 4778 qui
1068 4708 1370 4777 proximum
1393 4722 1548 4761 suum
1575 4705 1937 4761 Christianum

371 4805 642 4861 hominem
666 4800 862 4870 injuste
891 4799 1211 4870 peremerit;
1253 4806 1310 4852 et
1330 4812 1395 4852 eo
1427 4797 1661 4868 gravius,
1685 4811 1792 4865 quo
1816 4810 1938 4850 eum

374 4895 428 4949 in
457 4905 718 4963 paganam
747 4896 959 4959 gentem
1009 4884 1313 4951 tradiderit,
1344 4900 1444 4941 nec
1474 4886 1539 4939 de
1591 4884 1785 4938 anima:
1828 4899 1939 4938 sua:

375 4988 530 5040 ruina
561 4983 722 5038 ullam
749 4980 1175 5051 compassionem
1202 4977 1472 5033 habuerit.
1497 4976 1556 5030 ln
1580 4976 1808 5031 concilio
1834 4975 1936 5029 An-

375 5091 578 5148 eyrano
604 5075 680 5129 ita
707 5073 968 5144 scriptum
994 5078 1079 5127 est
1102 5070 1255 5142 (Can.
1283 5067 1376 5136 21,
1397 5066 1488 5141 22)
1518 5087 1531 5123 :
1568 5088 1586 5119 ι
1620 5067 1720 5135 Qui
1750 5067 1941 5122 volan—

377 5168 514 5223 tarie
539 5163 889 5221 homicidium
927 5160 1174 5225 fecerint,
1204 5159 1537 5230 paenitentiae
1557 5158 1770 5227 quidem
1806 5156 1943 5227 iugi-

378 5271 460 5312 ter
479 5272 537 5311 se
562 5254 898 5318 submittant,
924 5250 1305 5322 perfectionem
1336 5264 1463 5305 vero
1492 5249 1637 5303 circa
1677 5247 1837 5302 tinem
1865 5247 1943 5300 vi-

379 5358 446 5402 ta:
473 5351 890 5413 consequantur.
920 5344 994 5397 De
1021 5340 1324 5396 homicidiis
1346 5356 1451 5395 non
1476 5347 1665 5409 sponte
1690 5337 1945 5394 commis-

377 5437 471 5500 sis,
504 5434 654 5504 prior
677 5432 894 5503 quidem
916 5431 1156 5486 definitio
1184 5438 1303 5500 post
1333 5439 1643 5501 septennem
1671 5430 1941 5501 pteniten-

381 5528 509 5582 tiam
537 5524 922 5596 perfectionem
947 5522 1205 5592 consequi
1254 5521 1529 5591 praecepit,
1561 5520 1795 5575 secunda
1814 5533 1945 5573 vero

378 5614 728 5686 quinquennii
756 5622 966 5683 tempus
988 5612 1223 5682 explere.
1255 5631 1275 5664 ι
1304 5610 1408 5665 Sed
1448 5611 1499 5665 in
1536 5610 1784 5666 omnibus
1803 5609 1940 5679 judi-

376 5707 479 5761 ciis
509 5704 856 5763 temperanda
902 5712 985 5758 est
1012 5686 1276 5758 sententia
1300 5699 1455 5771 juxta
1500 5699 1850 5754 intentionem
1892 5705 1949 5753 et

2041 4617 2381 4688 plectendum
2409 4616 2535 4681 erit,
2561 4615 2703 4686 quod
2733 4628 2895 4683 grave
2918 4613 3127 4669 facinus
3147 4629 3266 4670 esse
3296 4615 3616 4685 reperiatur.

2040 4704 2230 4761 Omnis
2257 4704 2399 4758 enim
2429 4702 2658 4757 mmchia
2696 4701 3038 4757 interdicitur
3070 4703 3158 4757 ubi
3190 4702 3449 4773 scriptum
3492 4713 3615 4759 est:

2047 4811 2067 4846 ι
2094 4792 2207 4849 Non
2236 4791 2613 4847 mtechaberis.
2655 4810 2674 4842 ι
2729 4792 2941 4857 Quanto
2985 4791 3158 4863 magis
3204 4808 3325 4846 cum
3365 4803 3618 4862 cognata.

2042 4883 2129 4939 vel
2157 4898 2279 4937 cum
2307 4882 2563 4954 conjuge,
2594 4879 2678 4934 vel
2723 4880 3020 4935 concubina
3068 4882 3317 4951 cognati!
3346 4883 3487 4949 Quid
3527 4897 3623 4936 au-

2049 4983 2157 5029 tem
2197 4973 2453 5029 Dominus
2501 4973 2554 5026 in
2604 4971 2721 5042 lege
2768 4971 2824 5025 in
2869 4971 3106 5027 vindicta
3148 4971 3334 5026 talium
3376 4972 3621 5042 jusserit,

2047 5063 2185 5119 liber
2230 5062 2502 5117 Leviticus
2565 5061 2919 5127 demonstrat,
2975 5061 3064 5115 ubi
3114 5062 3189 5116 ita
3241 5063 3498 5131 scriptum
3537 5070 3625 5116 est

2048 5150 2237 5225 (Leuit.
2261 5151 2353 5223 xx)
2382 5169 2394 5205 :
2430 5171 2448 5203 ι
2481 5149 2538 5206 Si
2588 5150 2887 5205 mwcltatus
2915 5150 3078 5207 fuerit
3117 5152 3238 5220 quis
3281 5166 3402 5204 eum
3453 5166 3623 5207 uxore

2054 5263 2075 5297 ι
2103 5242 2346 5308 alterius,
2396 5250 2453 5297 et
2488 5241 2810 5296 adulterium
2863 5240 3251 5312 perpetraverit
3300 5254 3423 5293 cum
3486 5255 3619 5295 con-

2052 5353 2071 5386 ι
2097 5334 2225 5405 juge
2285 5332 2518 5403 proximi
2559 5332 2641 5386 sui
2668 5349 2681 5385 :
2713 5340 2889 5386 morte
2921 5331 3182 5385 moriatur
3208 5337 3262 5383 et
3287 5329 3528 5384 moechus
3566 5339 3622 5385 et

2053 5443 2072 5476 ι
2101 5424 2362 5479 adultera.
2413 5421 2512 5486 Qui
2537 5421 2817 5475 dormierit
2855 5435 2980 5476 eum
3011 5433 3241 5473 noverca
3286 5433 3402 5481 sua,
3444 5427 3499 5473 et
3535 5434 3622 5473 re-

2053 5534 2073 5567 ι
2104 5514 2364 5570 velaverit
2389 5512 2737 5583 ignominiam
2779 5511 2947 5582 patris
2983 5509 3090 5573 sui,
3122 5517 3295 5563 tntrte
3322 5509 3624 5564 moriantur

2055 5628 2073 5659 ι
2108 5606 2267 5662 ambo
2304 5625 2323 5677 ;
2353 5604 2572 5675 sanguis
2603 5618 2790 5658 eorum
2826 5602 2896 5656 sit
2923 5615 3087 5670 super
3120 5614 3235 5654 eos.
3267 5597 3323 5653 Si
3350 5600 3472 5669 quis
3495 5601 3623 5654 dor-

2058 5715 2075 5747 ι
2112 5694 2293 5750 mierit
2340 5707 2462 5748 cum
2508 5706 2646 5746 nuru
2697 5705 2792 5744 sua
2820 5729 2835 5754 ,
2890 5697 3114 5757 uterque
3159 5686 3444 5753 moriatur,
3500 5687 3625 5754 quia

2826 5916 2851 5945 \
