4028 6196
438 306 572 363 ηοι

1108 302 1169 357 Β.
1206 297 1459 356 RABANI
1497 296 1714 353 MAURI
1750 291 2067 352 ARCIilEP.
2106 290 2414 350 MOGUNT.
2453 289 2739 348 OPERUM
2775 289 2954 345 PARS
2987 290 3049 345 ll.

3561 293 3708 348 1193

428 438 447 473 ι
479 418 654 475 scelus
683 415 892 488 operati
922 421 1048 470 sunt
1076 431 1089 467 :
1122 413 1341 483 sanguis
1366 425 1555 466 eorum
1583 409 1655 464 sit
1692 420 1853 477 super
1881 419 1994 459 eos.

2112 402 2301 455 malum
2330 409 2417 456 est
2435 402 2559 467 hoc,
2583 401 2729 471 quod
2759 399 2954 454 mulier
2990 400 3199 455 duobus
3234 404 3508 469 nupserit,
3548 410 3606 456 et
3635 401 3705 456 il-

427 528 446 561 ‹
480 508 582 575 Qui
626 522 789 578 supra
836 510 1058 558 uxorem
1108 502 1295 567 tiliam,
1338 500 1556 555 duxerit
1598 506 1829 552 matrem
1869 495 2005 565 ejus,

428 580 651 654 iscelus
693 603 945 665 operatus
974 602 1080 658 est,
1132 592 1287 646 vivus
1331 590 1546 646 ardebit
1587 603 1711 644 cum
1756 587 1858 651 eis,
1908 599 2009 639 nec

430 707 448 741 ι
480 686 816 760 permanebit
841 692 1048 739 tantum
1073 682 1223 736 nefas
1248 682 1303 735 iu
1334 680 1510 735 medio
1547 678 1739 733 vestri.
1782 676 1885 743 Qui
1917 690 2009 731 ac-

430 798 448 828 ι
480 777 681 847 ceperit
710 789 950 830 sororem
983 787 1134 827 suam
1169 770 1330 825 ﬁliam
1365 769 1535 841 patris
1581 768 1686 831 sui,
1712 765 1801 820 vel
1841 765 2006 819 tiliam

431 885 448 918 ι
480 866 667 920 matris
692 879 821 930 sua),
846 871 902 918 et
938 863 1133 917 viderit
1188 859 1577 930 turpitudinem
1623 856 1757 926 ejus,
1808 855 2007 925 illaque

432 976 450 1010 ι
479 956 823 1025 conspexerit
878 955 1062 1008 fratris
1112 953 1462 1023 ignominiam
1512 968 1525 1003 :
1576 948 1843 1003 nefariam
1892 960 2005 1000 rem

430 1068 447 1098 ι
477 1047 683 1116 operati
728 1055 873 1109 sunt,
913 1045 1228 1100 oceidentur
1274 1042 1431 1097 ambo
1476 1042 1528 1095 in
1575 1048 1868 1107 conspectu
1909 1052 2007 1106 po-

429 1156 448 1188 (
482 1138 614 1208 puli,
645 1152 711 1192 eo
744 1137 887 1206 quod
935 1136 1319 1205 turpitudinem
1354 1148 1508 1186 suam
1562 1140 1751 1185 mutuo
1801 1127 2008 1183 revela-

430 1249 448 1280 (
482 1229 681 1294 verint,
702 1235 761 1282 et
786 1228 1077 1298 portabunt
1101 1226 1439 1294 iniquitatem
1475 1237 1646 1277 suam.
1693 1218 2007 1289 Turpitudi-

431 1340 448 1371 ι
485 1335 606 1374 nem
640 1327 944 1373 matertera:
981 1326 1037 1372 et
1066 1316 1245 1370 amita:
1287 1323 1392 1369 tua:
1438 1329 1546 1367 non
1594 1309 1957 1378 discooperies
1988 1325 2002 1338 ’

433 1426 450 1458 ι
481 1408 572 1478 qui
615 1408 721 1463 hoc
763 1406 969 1471 fecerit,
1001 1404 1351 1476 ignominiam
1382 1402 1563 1458 carnis
1607 1416 1717 1454 sua:
1762 1398 2003 1462 nudabit,

434 1519 452 1548 ι
486 1499 779 1567 portabunt
834 1498 994 1551 ambo
1050 1495 1396 1564 iniquitatem
1446 1507 1621 1546 suam.
1670 1490 1772 1556 Qui
1813 1487 2007 1543 coierit

431 1610 449 1641 ι
485 1604 606 1645 cum
639 1603 805 1644 uxore
834 1588 1011 1659 patrui
1043 1586 1123 1639 vel
1154 1585 1403 1639 avunculi
1438 1584 1546 1648 sui,
1595 1590 1650 1637 et
1688 1578 2008 1634 revelaverit

431 1699 449 1729 ι
489 1678 833 1749 ignominiam
858 1676 1198 1747 cognationis
1230 1690 1361 1739 suae,
1400 1672 1690 1743 portabunt
1722 1671 1881 1725 ambo
1906 1668 2010 1723 ini-

2112 488 2222 557 lud,
2250 505 2373 545 cum
2398 490 2483 543 vir
2512 491 2647 545 duas
2682 504 2878 544 uxores
2906 488 3145 553 duxerit,
3174 498 3269 543 aut
3296 498 3454 559 pater
3476 499 3534 545 et
3556 491 3707 549 illius

2109 580 2158 634 si
2180 594 2303 635 cum
2331 595 2438 635 una
2466 579 2696 634 muliere
2724 577 2975 633 fornicati
3017 577 3239 642 fuerint,
3275 588 3372 633 aut
3396 581 3706 636 avunculus

2108 678 2166 725 et
2190 684 2361 739 nepos
2398 668 2444 724 si
2467 684 2590 724 cum
2620 683 2729 722 una
2777 667 3005 722 muliere
3050 666 3411 732 dormierunt,
3460 679 3557 723 aut
3599 671 3705 725 ali-

2104 758 2237 828 quid
2281 757 2590 827 hujusmodi
2634 756 2840 812 factum
2885 756 3068 810 fuerit.
3117 757 3457 826 Quapropter
3489 759 3703 829 justum

2103 857 2211 914 est,
2249 858 2311 904 ut
2334 850 2517 904 taliter
2539 858 2856 919 peccantes,
2887 861 3058 918 usque
3106 847 3177 900 ad
3226 846 3388 901 finem
3418 848 3541 903 vita:
3574 842 3709 920 pas—

2107 939 2388 994 nitentiam
2421 948 2602 1010 agant.
2636 937 2750 993 Nisi
2780 936 2918 992 forte
2966 946 3190 1006 prepter
3235 938 3461 991 nimium
3510 938 3700 995 ﬂetum

2106 1039 2163 1086 et
2201 1031 2670 1100 compunctionem
2715 1028 2970 1094 validam,
3018 1031 3376 1098 devotumque
3423 1032 3700 1100 pumilea-

2108 1120 2238 1176 tiam
2282 1120 2486 1190 aliquid
2520 1118 2811 1174 humanius
2855 1118 3110 1174 sacerdos
3154 1120 3296 1188 apud
3343 1122 3702 1190 pmuitentem

2106 1215 2375 1284 agendum
2405 1224 2526 1265 esse
2565 1210 2827 1265 decrevit.
2858 1207 2995 1275 Quia
3038 1207 3194 1276 cujus
3232 1209 3492 1265 Dominus
3518 1226 3617 1265 cor
3644 1211 3703 1265 in

2107 1300 2524 1369 compunctione
2568 1299 2930 1369 lacrymarum
2975 1306 3033 1352 et
3073 1298 3434 1353 amaritudine
3472 1297 3706 1355 ﬂetuum

2106 1388 2430 1452 visitaverit,
2474 1386 2634 1456 hujus
2661 1386 2939 1443 breviandi
2970 1396 3182 1457 tempus
3220 1389 3552 1458 pteuitentice
3599 1406 3702 1459 po.

2109 1486 2358 1534 testatetn
2401 1480 2659 1534 sacerdos
2709 1476 2951 1539 habebit.
3003 1466 3144 1532 sicut
3197 1478 3457 1546 scriptum
3508 1487 3598 1533 est
3643 1481 3703 1534 in

2108 1567 2423 1625 Laodicensi
2455 1567 2684 1624 concilio
2717 1566 2872 1639 (Can.
2910 1567 2968 1634 2)
2995 1588 3010 1621 ;
3041 1587 3058 1618 ι
3094 1566 3170 1621 De
3215 1567 3297 1622 his
3345 1570 3439 1637 qui
3468 1570 3707 1625 diversis

2109 1658 2441 1715 facinoribus
2486 1666 2871 1729 peccaverunt,
2915 1666 2971 1713 et
3014 1668 3427 1727 perseverantes
3474 1659 3527 1713 in
3577 1674 3707 1714 ora-

431 1789 450 1822 (
478 1746 737 1839 “quam
759 1746 947 1830 suam;
965 1767 1167 1835 absque
1196 1765 1382 1819 uberis
1422 1763 1738 1818 ηιογίεηωιι,
1785 1760 1887 1828 Qui
1912 1759 2011 1815 ιιιι-
2036 1746 2084 1805 Β
2113 1754 2257 1809 tione
2285 1750 2644 1808 confessionis
2687 1759 2741 1807 et
2776 1752 3109 1822 poenitentiae
3138 1752 3551 1807 conversionem
3603 1754 3706 1807 ha—

432 1879 451 1910 ι
482 1859 625 1912 xerit
662 1873 887 1913 uxorem
928 1857 1113 1912 fratris
1148 1857 1253 1921 sui,
1283 1871 1394 1909 rem
1428 1854 1558 1909 facit
1593 1854 1856 1918 illicitam,
1891 1860 2007 1906 tur-

431 1968 451 2000 ι
485 1947 788 2018 pitudinem
839 1945 1023 2002 fratris
1084 1947 1167 2002 sui
1234 1945 1494 2000 revelavit
1554 1960 1567 1997 :
1630 1945 1834 2014 absque
1888 1941 2011 1997 filiis

434 2058 452 2090 ι
483 2046 666 2093 erunt.
700 2057 719 2090 ι
770 2038 865 2093 llis
897 2038 1046 2093 enim
1082 2035 1303 2105 judiciis
1324 2043 1473 2107 patet
1495 2042 1754 2104 quantum
1782 2032 2010 2087 Domino

429 2126 713 2196 displiceat
749 2128 926 2183 omnis
970 2127 1209 2181 incestus
1249 2134 1305 2180 et
1342 2124 1569 2194 pollutio
1594 2123 1769 2178 coitus
1811 2121 2006 2186 illiciti,

429 2218 554 2286 quia
611 2217 801 2272 mortis
847 2215 1053 2285 judicio
1102 2215 1409 2286 bujusmodi
1452 2213 1630 2269 scelus
1679 2212 2009 2285 puniendum

429 2320 548 2360 esse
568 2301 854 2373 judicavit.
897 2302 1007 2360 Nec
1037 2305 1181 2359 enim
1228 2304 1396 2358 tilium
1444 2318 1568 2358 cum
1608 2317 1777 2357 uxore
1814 2301 2007 2374 patris,

429 2409 532 2450 nec
556 2377 766 2464 patrem
795 2410 921 2450 cum
947 2408 1115 2449 uxore
1147 2393 1242 2448 filii
1286 2393 1413 2448 licet
1458 2392 1832 2458 concumbere,
1883 2391 2006 2462 quia

429 2480 668 2536 dormire
695 2497 820 2536 cum
848 2497 1080 2537 noverca
1106 2497 1201 2537 seu
1232 2497 1355 2536 cum
1388 2496 1531 2536 nuru
1572 2479 1866 2551 prohibuit.
1905 2480 2011 2534 Sed

429 2583 603 2638 neque
640 2571 838 2625 ducere
866 2585 1089 2625 uxorem
1129 2570 1316 2625 fratris
1361 2570 1632 2636 convenit,
1670 2570 1797 2640 quia
1826 2568 2013 2637 hujus-

431 2660 577 2713 tuodi
612 2659 816 2730 absque
840 2660 963 2714 ﬁliis
988 2660 1128 2725 ﬁeri,
1156 2660 1258 2716 hoc
1286 2670 1369 2717 est
1391 2660 1580 2716 mortis
1606 2676 1729 2717 reus
1748 2673 1890 2726 esse,
1917 2658 2010 2730 ju-

430 2748 657 2803 dicatur.
686 2749 742 2804 Si
777 2750 918 2804 enim
954 2751 1212 2806 Dominus
1236 2752 1289 2805 in
1313 2751 1429 2822 lege
1456 2751 1840 2822 turpitudinem
1865 2751 2014 2808 ince-

430 2848 549 2894 stus
579 2842 769 2896 mortis
806 2842 1072 2896 sententia
1100 2842 1358 2897 vindicari
1393 2841 1579 2911 jussit,
1641 2842 1912 2915 quomodo
1954 2842 2012 2897 in

430 2930 741 3001 Evangelia,
788 2934 878 2987 ubi
918 2947 1128 2987 summa
1147 2931 1357 3000 justitia
1384 2942 1486 2999 est.
1525 2930 1864 2991 iuces'tuosus
1899 2948 2015 3004 pm-

434 3036 559 3073 nam
587 3021 796 3090 peccati
822 3019 1078 3091 effugiet?
1104 3022 1340 3076 maxime
1374 3037 1497 3076 cum
1521 3023 1596 3077 ibi
1623 3036 1783 3092 poena
1810 3030 2014 3091 tempo-

2109 1845 2276 1901 buere
2302 1845 2621 1915 perfectam,
2646 1861 2744 1915 pro
2775 1843 3036 1914 qualitate
3064 1844 3249 1900 delicti
3280 1861 3296 1899 :
3332 1845 3551 1910 talibus,
3578 1856 3706 1916 post

2108 1936 2439 2007 pmuitentia:
2473 1946 2687 2006 tempus
2726 1935 3049 2004 impensum,
3088 1941 3309 2004 propter
3344 1933 3703 1990 clementiam

2110 2037 2165 2082 et
2195 2026 2490 2083 bonitatem
2519 2027 2828 2081 communio
2869 2026 3216 2081 concedatur.
3252 2044 3272 2077 ι
3308 2024 3367 2080 ln
3407 2026 3705 2097 Ancyrano

2111 2131 2324 2188 quoque
2356 2116 2605 2183 concilio,
2649 2117 2717 2173 de
2742 2115 3004 2172 adulterio
3033 2116 3107 2170 ita
3140 2116 3401 2187 scriptum
3430 2126 3515 2172 est
3539 2116 3700 2187 (Ceu.

2112 2208 2241 2280 t9):
2276 2227 2295 2261 ι
2331 2207 2389 2263 Si
2446 2208 2602 2277 cujus
2654 2222 2788 2263 uxor
2837 2208 3084 2263 adultera
3120 2207 3300 2273 fuerit,
3354 2208 3439 2263 vel
3490 2209 3536 2263 si
3590 2209 3706 2279 ipse

2110 2298 2434 2356 adulterium
2477 2299 2833 2365 commiserit,
2867 2309 3075 2369 septem
3117 2314 3383 2355 armorum
3422 2301 3704 2371 paeniten-

2112 2391 2185 2446 tia
2208 2398 2423 2461 oportet
2472 2406 2596 2446 eum
2648 2390 3035 2461 perfectionem
3089 2391 3350 2461 consequi
3400 2391 3704 2446 secundum

2109 2480 2370 2551 pristinos
2393 2481 2612 2552 gradus.
2646 2499 2668 2533 ι
2714 2480 2883 2552 igitur
2908 2481 3223 2537 Theodorus
3256 2482 3541 2553 judicavit,
3570 2498 3702 2538 eum

2111 2574 2203 2643 qui
2232 2574 2495 2629 incestum
2522 2571 2734 2640 fecerit,
2763 2574 3046 2629 duodecim
3092 2573 3253 2630 annis
3292 2576 3558 2645 pcenitere
3605 2575 3705 2630 de-

2110 2665 2261 2723 bere.

2181 2751 2318 2821 Quid
2343 2761 2523 2809 autem
2545 2753 2669 2811 inde
2688 2755 2925 2809 sentiant
2951 2754 3129 2809 caeteri
3158 2753 3431 2821 doctores,
3458 2754 3512 2811 in
3540 2754 3707 2810 lihelo

2111 2846 2181 2901 lis
2207 2859 2399 2901 eorum
2432 2860 2568 2915 quos
2601 2844 2668 2900 de
2691 2845 3007 2915 poenitentia
3041 2846 3485 2916 conscripserunt
3538 2845 3703 2899 iuve-

2110 2938 2229 2994 nire
2252 2937 2478 3008 poteris,
2508 2937 2625 3008 qui,
2654 2938 2750 2992 alii
2793 2937 3101 3008 quindecim
3144 2939 3322 3003 anuis,
3353 2937 3442 2993 alii
3487 2937 3702 2992 duode-

2113 3030 2218 3083 cim
2246 3029 2428 3095 annis,
2454 3028 2550 3084 alii
2586 3029 2798 3093 decem,
2848 3029 2940 3083 alii
2984 3039 3214 3098 septem.
3265 3029 3333 3084 de
3381 3027 3703 3096 hujusmodi

430 3111 558 3167 ralis
582 3113 909 3177 decernitur,
948 3111 1038 3167 hic
1075 3111 1323 3182 gehenna
1363 3111 1504 3183 ignis
1546 3110 1790 3187 perpetui
1812 3112 2010 3182 praedi-
2038 3096 2085 3158 (ἶ
2115 3119 2409 3174 εοειετίὒυε
2465 3118 2845 3189 judicaverunt
2910 3096 3300 3190 puinitudinem
3348 3121 3702 3191 explendam.

432 3204 598 3257 citur.

498 3315 672 3381 Quam
711 3314 1090 3371 discretionem
1137 3316 1379 3372 sentiens
1423 3314 1737 3385 Apostolus,
1785 3315 1854 3373 ad
1907 3314 2014 3371 lle-

429 3402 604 3457 brteos
631 3403 876 3458 scribens
921 3404 999 3458 ait
1025 3402 1214 3473 (Hebr.
1247 3404 1342 3474 x):
1379 3423 1398 3457 ί
1434 3403 1647 3461 lrritam
1686 3403 1893 3460 faciens
1929 3404 2013 3460 le-

434 3515 455 3547 ‘t
486 3511 606 3566 gem
639 3494 829 3566 Moysi,
854 3497 970 3552 sine
994 3497 1106 3552 ulla
1133 3497 1481 3553 miseratione
1519 3498 1622 3553 sub
1666 3498 1881 3554 duobus
1920 3496 2013 3554 vel

437 3603 454 3634 ι
482 3584 658 3638 tribus
700 3584 930 3640 testibus
956 3586 1206 3640 moritur.
1231 3584 1450 3653 Quanto
1490 3587 1661 3657 magis
1684 3587 1885 3656 putatis
1910 3587 2010 3644 de—

437 3692 457 3723 ‹
499 3673 698 3727 teriora
729 3674 924 3728 mereri
965 3674 1246 3744 supplicia,
1278 3675 1368 3744 qui
1387 3674 1580 3729 Filium
1610 3675 1704 3730 Dei
1728 3674 2013 3731 conculca-

439 3782 457 3811 α
495 3763 656 3827 verit,
682 3771 743 3817 et
786 3764 1103 3834 sanguinem
1148 3763 1456 3819 testamenti
1484 3762 1746 3832 pollutum
1776 3763 2008 3828 duxerit,

438 3870 456 3899 ι
490 3849 542 3903 in
572 3865 678 3919 quo
721 3851 1090 3909 sanetiticatus
1118 3859 1223 3916 est,
1248 3860 1305 3906 et
1339 3850 1564 3921 Spiritui
1605 3851 1791 3923 gratiae
1821 3862 2012 3909 contu-

438 3961 457 3991 ι
494 3942 709 3996 meliam
752 3939 979 3997 fecerit?
1020 3961 1039 3994 ι
1074 3941 1306 3999 Proinde
1332 3942 1487 3997 valde
1513 3943 1878 3999 necessarium
1905 3951 2009 4009 est,

432 4037 493 4083 ut
512 4029 703 4084 duram
732 4028 921 4099 judicii
958 4031 1280 4086 sententiam
1310 4032 1558 4102 mitigare
1584 4033 1796 4088 studeat
1820 4048 2012 4103 pecca-

432 4127 610 4185 torum
641 4134 737 4201 per
763 4120 1082 4198 condignam
1123 4121 1535 4201 pwnitentiam:
1575 4136 1643 4177 ne
1672 4121 1813 4178 forte
1830 4122 2011 4184 scelus

431 4208 791 4275 incorrectum
836 4208 970 4271 ultio
1014 4209 1203 4280 puniat
1260 4218 1540 4283 perpetua.
1592 4209 1746 4267 Unde
1790 4218 1898 4277 est,
1950 4219 2015 4267 ut

427 4295 666 4364 Joannes
690 4297 932 4367 Baptista
973 4299 1029 4354 io
1074 4284 1365 4371 Evangelio
1410 4300 1596 4357 turbas
1641 4316 1765 4370 qua:
1791 4301 2013 4361 exibant

2113 3210 2220 3265 Sed
2251 3219 2310 3264 tu
2342 3210 2643 3279 priscorum
2673 3209 2895 3265 Patrum
2928 3211 3153 3281 vestigia
3191 3225 3442 3280 sequens,
3469 3211 3581 3266 illis
3608 3227 3703 3283 ξφ

2110 3295 2177 3351 lis
2205 3296 2436 3366 spatium
2472 3305 2762 3367 temperes,
2795 3298 2887 3368 qui
2933 3298 3126 3355 devote
3169 3311 3225 3354 et
3272 3316 3395 3355 cum
3434 3299 3706 3371 lacrymis

2108 3388 2482 3457 pmniteutiam
2512 3397 2760 3459 egerunt.
2803 3388 2995 3445 Caeteri
3027 3400 3204 3446 autem
3235 3392 3513 3447 definitum
3558 3402 3708 3449 tent-

2109 3491 2211 3546 pus
2230 3476 2501 3546 expleant,
2523 3478 2649 3547 quia
2674 3478 2734 3533 in
2762 3476 3051 3535 Salomone
3073 3481 3331 3549 scriptum
3360 3489 3447 3538 est
3476 3496 3492 3535 :
3524 3501 3544 3534 ι
3592 3482 3706 3549 Qui

2116 3583 2135 3615 ι
2164 3566 2450 3621 abscondit
2474 3567 2680 3623 scelera
2724 3584 2845 3633 sua,
2892 3584 3000 3623 non
3052 3570 3351 3640 dirigetur:
3388 3572 3480 3640 qui
3511 3582 3705 3627 autem

2116 3674 2134 3706 σ
2169 3654 2449 3713 confessus
2494 3656 2658 3712 fuerit
2703 3665 2761 3711 et
2807 3658 3089 3728 reliquerit
3131 3675 3215 3724 ea,
3261 3660 3702 3716 misericordiam

2114 3762 2134 3797 ι
2168 3754 2528 3814 consequetur
2557 3745 2738 3819 (Prov.
2784 3750 2998 3819 xxvnt).
3031 3770 3050 3803 ι
3083 3749 3212 3807 Pius
3234 3760 3323 3807 est
3364 3750 3513 3806 enim
3554 3752 3704 3807 Deus

2109 3841 2164 3887 et
2198 3834 2545 3891 misericors:
2580 3836 2677 3892 sed
2710 3855 2730 3889 ι
2776 3838 3143 3897 misericordia
3188 3840 3308 3910 ejus
3353 3857 3387 3897 a
3434 3843 3706 3912 progenie

2117 3944 2133 3976 ι
2167 3925 2219 3979 in
2265 3927 2550 3996 progenies
2578 3928 2894 3987 timentibus
2930 3946 3073 3987 eum.
3109 3932 3266 3993 Facit
3308 3935 3608 4009 potentiam
3644 3935 3705 3990 in

2116 4033 2135 4067 ι
2176 4014 2396 4075 brachio
2419 4031 2539 4082 suo,
2572 4017 2833 4090 dispergit
2862 4023 3124 4092 superbos
3168 4034 3350 4079 mente
3376 4025 3563 4080 cordis
3613 4026 3703 4081 sui

2116 4124 2135 4156 ι
2159 4103 2311 4174 (Luc.
2338 4105 2401 4177 ι).
2440 4126 2459 4159 ι
2497 4126 2516 4160 ι
2547 4105 2650 4176 Qui
2673 4119 2855 4167 autem
2882 4113 3079 4167 mentis
3103 4122 3190 4168 est
3203 4115 3370 4179 durae,
3395 4126 3619 4170 corruet
3646 4118 3707 4173 in

2116 4214 2136 4247 ι
2171 4195 2391 4255 malum.
2443 4196 2511 4252 Et
2546 4197 2638 4268 qui
2667 4199 2904 4255 custodit
2940 4201 3278 4268 mandatum,
3307 4204 3544 4259 custodit
3580 4206 3709 4260 ani—

2117 4303 2136 4339 t
2171 4300 2314 4345 mam
2343 4300 2517 4342 suam.
2546 4286 2648 4354 Qui
2674 4296 2852 4345 autem
2884 4289 3108 4360 negligit
3136 4291 3254 4347 vias
3278 4306 3430 4358 suas,
3460 4294 3706 4355 mortifi-

432 4362 493 4453 pt
518 4362 922 4454 baptizarentur
947 4389 1017 4444 ab
1050 4404 1141 4453 eo.
1174 4362 1420 4449 hortatus
1452 4396 1564 4456 est,
1594 4362 1817 4446 dicens:
1856 4408 1877 4443 ι
1911 4389 2014 4448 Ge-
2116 4399 2137 4433 ι
2167 4380 2383 4437 cabitur
2408 4378 2591 4453 (Prov.
2620 4397 2821 4449 xsvttt;
2860 4380 3021 4438 Ρτουο
3047 4383 3185 4455 ιιΧ)ο
3221 4402 3242 4437 ι

434 4495 456 4538 ι
482 4476 689 4541 nimipa
735 4477 1063 4558 viperarum,
1103 4478 1227 4548 quis
1269 4478 1506 4533 ostendit,
1555 4478 1706 4534 vobis
1750 4477 1937 4550 fugere
1978 4471 2090 4535 ειν
2185 4471 2249 4525 V.
2308 4471 2387 4525 De
2431 4483 2595 4525 servo
2639 4479 2818 4531 autem
2881 4472 2973 4527 illo
3016 4473 3109 4542 qui
3162 4472 3360 4546 fugerit
3414 4475 3708 4531 dominum

433 4584 457 4629 ι
494 4573 720 4622 ventura
758 4566 874 4621 ira?
904 4566 1090 4625 Facite
1131 4583 1261 4638 ergo
1288 4568 1479 4638 dignos
1518 4566 1724 4623 fructus
1748 4568 2017 4639 poiniten-
2112 4575 2271 4617 suum
2297 4562 2694 4633 interrogabas,
2724 4564 2771 4622 si
2799 4563 2887 4619 ille
2921 4565 2977 4621 in
3017 4565 3132 4635 ipsa
3153 4566 3278 4637 fuga
3306 4576 3554 4623 mortuus
3582 4568 3709 4625 fue-

434 4676 456 4721 4
490 4657 597 4725 tite,
632 4656 746 4733 jam
770 4659 915 4724 enim
943 4660 1151 4723 securis
1189 4660 1257 4713 ad
1285 4659 1519 4718 radicem
1557 4658 1811 4714 arborum
1836 4658 2016 4733 posita
2112 4652 2204 4718 rit,
2232 4661 2411 4710 utrum
2440 4652 2626 4707 liceret
2656 4669 2755 4723 pro
2796 4669 2861 4710 eo
2906 4655 3101 4711 missas
3126 4665 3371 4721 cantare,
3421 4666 3513 4712 aut
3554 4658 3708 4728 p53]-

438 4764 457 4808 ς
492 4752 594 4807 est.
618 4746 955 4815 Oritqisergo
976 4748 1141 4807 arbor
1168 4762 1276 4801 non
1308 4747 1510 4808 faciens
1534 4744 1768 4815 fructum
1792 4747 2012 4812 liouutu,
2115 4744 2342 4799 medias.
2388 4741 2501 4797 Hoc
2530 4743 2583 4797 iu
2616 4743 2810 4799 divinis
2850 4744 3004 4800 libris
3032 4760 3140 4800 non
3186 4746 3489 4801 invenimus
3514 4747 3709 4818 probi-

412 4854 457 4901 γι
490 4832 766 4889 excidetur
824 4835 959 4894 etin
989 4836 1166 4907 ignem
1207 4836 1452 4900 mittetur
1491 4834 1770 4907 (Luc.ttt).
1806 4854 1825 4887 ι
1861 4833 2018 4891 Sacri
2114 4833 2327 4887 hilum:
2373 4832 2467 4886 sed
2520 4841 2697 4888 tamen
2740 4833 2942 4888 scimus
2972 4835 3040 4890 ah
3087 4836 3346 4905 apostolis
3396 4833 3708 4891 fortissime

432 4930 613 4989 autem
652 4938 888 4981 canones
915 4927 1044 5004 quid
1086 4927 1153 4980 de
1193 4923 1511 4987 iuccstuosis
1557 4923 1895 4995 prmcipiant,
1934 4920 2014 4976 fa-
2108 4927 2456 4993 praeceptum,
2486 4928 2545 4976 ut
2576 4939 2594 4972 ι
2629 4921 2772 4996 servi
2798 4921 2997 4976 subditi
3045 4923 3155 4977 sint
3204 4923 3260 4976 in
3301 4923 3449 4979 omni
3495 4923 3706 4980 timore

433 5014 535 5072 cile
556 5024 644 5072 est
686 5030 1003 5087 agnoscere.
1035 5018 1171 5074 Nam
1214 5019 1268 5074 in
1295 5017 1617 5076 Caesariensi
1658 5017 1894 5074 concilio
1936 5017 2011 5073 ita
2112 5011 2374 5077 dominis,
2407 5026 2515 5067 non
2544 5021 2751 5073 tantum
2781 5013 2939 5070 bonis
2964 5021 3023 5069 et
3067 5012 3343 5077 modestis,
3387 5016 3481 5069 sed
3525 5016 3705 5073 etiam

431 5108 692 5180 scriptum
723 5116 805 5166 est
835 5106 991 5181 (Can.
1021 5109 1076 5183 2)
1103 5127 1116 5163 :
1151 5129 1171 5163 ‹
1200 5110 1392 5167 Mulier
1433 5109 1478 5165 si
1508 5108 1718 5165 duobus
1756 5107 2014 5163 fratribus

433 5201 695 5270 nupserit,
743 5199 1028 5270 altjiciatur
1053 5216 1223 5270 usque
1249 5202 1316 5258 ad
1350 5209 1600 5257 mortem.
1630 5200 2011 5260 Verumtamen

435 5290 486 5356 in
518 5292 688 5357 exitu,
718 5276 929 5362 propter
966 5291 1415 5357 misericordiam,
1439 5292 1484 5348 si
1520 5290 1834 5362 promiserit
1863 5290 2008 5361 quod

433 5377 579 5441 facta
610 5380 909 5443 incolumis,
960 5380 1122 5452 hujus
1162 5380 1557 5449 conjunctionis
1581 5377 1792 5435 vincula
1816 5378 2011 5434 dissole

433 5475 547 5532 vat,
573 5466 806 5524 fructum
834 5471 1169 5539 pcenitentite
1200 5479 1583 5539 consequatur.
1609 5467 1761 5534 Quod
1790 5468 1837 5521 si
1863 5465 2009 5529 defe-

433 5559 569 5619 cerit
602 5561 797 5618 mulier
820 5571 919 5617 aut
954 5563 1038 5617 vir
1066 5563 1120 5617 in
1163 5561 1361 5617 talibus
1397 5560 1614 5631 nuptiis,
1645 5558 1877 5615 difﬁcilis
1904 5557 2010 5613 erit

431 5652 745 5726 paenitentia
770 5654 824 5709 in
849 5655 959 5719 vita
982 5656 1240 5712 manenti.
1272 5673 1291 5707 ι
1329 5652 1478 5709 Unde
1498 5660 1665 5730 patet,
1694 5650 1834 5721 quod
1859 5666 2010 5729 aeque

2113 5104 2345 5173 dyscolis
2376 5102 2429 5175 (Ι
2454 5101 2573 5157 Pet.
2607 5101 2693 5173 tt),
2722 5122 2742 5154 ι
2770 5111 2831 5159 et
2856 5103 3172 5160 obedientcs
3197 5104 3302 5158 illis
3334 5105 3463 5161 tiant
3490 5104 3550 5165 in
3579 5122 3706 5166 om-

2113 5196 2289 5250 nibus.
2344 5194 2405 5251 lu
2481 5209 2690 5251 canone
2738 5204 2918 5251 autem
2971 5194 3306 5267 Gangreusis
3353 5196 3569 5257 concilii
3622 5198 3703 5255 ita

2113 5286 2372 5357 scriptum
2399 5294 2483 5343 est
2509 5284 2770 5357 (can.5):
2814 5305 2832 5338 ‹
2884 5285 2943 5340 Si
2990 5288 3115 5356 quis
3159 5302 3373 5341 servum
3418 5288 3520 5343 sub
3557 5302 3705 5358 pra:-

2113 5384 2261 5432 tmttu
2278 5376 2451 5430 divini
2477 5374 2655 5431 cultus
2678 5377 2868 5433 doceat
2886 5375 3160 5433 dominum
3192 5387 3544 5445 contemnere
3568 5395 3701 5450 pro-

2110 5468 2311 5537 prium,
2361 5476 2418 5523 ut
2449 5467 2695 5524 discedat
2728 5468 2797 5524 ab
2832 5469 2952 5539 ejus
2996 5469 3280 5539 obsequio,
3331 5485 3430 5525 nec
3467 5471 3517 5525 ei
3568 5487 3700 5526 cum

2113 5558 2486 5613 benevolentia
2530 5566 2585 5613 et
2610 5558 2756 5613 omni
2809 5559 3013 5615 honore
3055 5560 3352 5627 deserviat,
3398 5562 3697 5618 anathema

2113 5650 2203 5713 sit.
2238 5669 2257 5700 ι
2295 5648 2445 5711 Unde
2466 5651 2622 5709 datur
2646 5650 2867 5725 intelligi
2896 5649 3040 5724 quod
3062 5652 3112 5707 si
3139 5651 3227 5709 ille
3261 5652 3550 5713 anathema
3576 5664 3700 5711 tue-
