4028 6196
413 303 552 358 1195

1654 289 2007 347 RESPONSA
2044 285 2403 342 CANONICA.

3508 280 3644 336 ΗΜ

412 417 523 473 ruit
546 399 635 484 qui
661 415 815 467 docet
841 426 1075 475 servum,
1116 408 1386 465 dominum
1421 408 1692 478 preprium
1732 415 1974 460 contem-
2004 407 2052 464 Α
2077 412 2159 455 est
2188 401 2447 461 Ecclesia,
2479 396 2845 452 conventicula
2876 396 3165 451 constituta
3201 403 3340 457 sunt,
3385 405 3439 448 et
3468 407 3643 449 recto—

412 525 565 569 nere,
591 514 644 561 et
682 505 751 559 ab
776 504 892 571 ejus
919 504 1179 573 obsequio
1216 502 1466 556 recedere
1495 518 1507 552 :
1560 507 1762 568 quanto
1810 497 1980 566 magis

412 598 498 653 ille
522 596 613 666 qui
633 595 907 650 dominum
929 608 1083 647 suum
1113 591 1335 660 spernit,
1364 597 1417 642 et
1438 588 1556 657 ejus
1581 585 1801 641 servitio
1825 584 1981 639 subdi

414 686 660 743 noluerit.
692 683 797 738 Sed
834 692 1009 735 tamen
1035 681 1289 735 distantia
1324 687 1406 733 est
1448 678 1588 731 inter
1612 690 1734 729 eum
1767 675 1857 744 qui
1885 688 1983 743 per

415 776 738 848 superbiam,
773 781 824 828 et
850 773 998 827 illum
1022 771 1111 841 qui
1144 777 1362 840 prepter
1399 766 1774 822 necessitatem
1825 764 1978 833 fugit,

412 879 630 931 coactus
657 867 973 923 crudelitate
1013 864 1213 920 domini
1258 863 1359 917 sui.
1408 860 1540 916 Nam
1569 860 1734 927 Agar,
1783 856 1981 910 famula

413 961 585 1025 Sarro,
611 958 791 1029 fugam
830 957 970 1021 iniit,
1001 954 1266 1025 afﬂigente
1292 967 1409 1007 eam
1445 951 1656 1005 domina
1701 962 1795 1002 sua
1827 965 1840 1001 :
1887 946 1982 1000 sed

413 1052 603 1123 angelo
627 1052 946 1105 admonente
977 1057 1035 1101 ut
1061 1053 1438 1107 reverteretur,
1481 1051 1537 1096 et
1563 1040 1715 1095 fieret
1744 1036 1981 1106 subjecta

413 1138 912 1200 dominatricisuaz,
953 1150 1168 1190 reversa
1210 1142 1293 1188 est
1339 1132 1405 1186 ad
1451 1131 1743 1186 dominam.
1794 1126 1885 1182 Sic
1928 1134 1982 1180 et

412 1231 697 1286 Onesimus
723 1240 912 1283 servus
960 1225 1287 1279 Philemonis
1328 1220 1511 1292 effugit
1551 1236 1580 1273 a
1619 1218 1832 1273 domino
1860 1230 1978 1278 suo,

406 1323 510 1380 sed
535 1320 702 1376 Paulo
746 1317 988 1389 apostolo
1031 1317 1255 1371 docente
1284 1313 1511 1377 credidit
1536 1310 1769 1367 Christo,
1806 1316 1860 1362 et
1888 1307 1982 1360 ba-

415 1412 647 1482 ptizatus
666 1418 785 1465 est.
823 1414 877 1463 et
905 1423 983 1462 διο
1018 1421 1116 1476 per
1157 1403 1512 1475 patrocinium
1554 1399 1790 1470 Apostoli
1822 1398 1981 1451 resti-
2040 1457 2047 1463 _

416 1513 562 1560 tutus
595 1510 677 1559 est
698 1501 917 1572 proprio
942 1498 1156 1555 domino
1177 1510 1292 1552 suo.
1326 1491 1709 1548 Admonendus
1734 1497 1816 1543 est
1837 1488 1982 1542 enim

414 1611 601 1653 servus
644 1594 866 1665 quilibet
910 1590 1181 1663 fugitivus,
1217 1602 1312 1656 per
1339 1585 1518 1640 fideles
1555 1584 1822 1643 doctores,
1866 1579 1985 1632 ubi—

414 1702 624 1758 cunque
670 1686 856 1748 fuerit,
904 1692 964 1737 ut
1008 1676 1314 1736 revertatur
1356 1676 1423 1730 ad
1468 1674 1738 1731 dominmu
1786 1686 1979 1733 suum,

2082 508 2189 556 res,
2216 500 2273 545 et
2295 490 2490 545 caitera‘
2514 486 2688 544 officia
2715 488 2959 543 ecclesiis
2989 497 3113 542 sunt
3134 488 3402 552 ordinata,
3432 497 3491 541 ιιι
3521 488 3645 542 nul-

2080 581 2163 635 lus
2188 581 2252 635 de
2278 580 2423 635 clero
2453 580 2692 643 auderet,
2730 578 2820 646 qui
2855 579 3132 632 ordinatus
3168 592 3272 630 non
3316 586 3483 641 esset,
3511 593 3648 648 prte-

2080 687 2294 728 sumere
2318 671 2547 726 oflicium
2578 670 2720 739 quod
2758 671 2921 724 sciret
2968 685 3072 724 non
3121 668 3221 722 sibi
3268 669 3531 723 creditum
3561 669 3647 724 vel

2080 780 2395 821 concessum
2424 782 2435 816 :
2467 774 2519 817 et
2551 764 2712 833 cmpit
2739 763 2844 817 alio
2869 762 3056 816 ordine
3097 769 3151 814 et
3194 760 3523 830 providentia
3550 776 3650 829 gu-

2078 855 2295 910 bernari
2343 853 2601 908 Ecclesia.
2651 853 2801 918 Quod
2851 852 2895 906 si
2935 867 3123 906 omnes
3169 852 3355 905 eadem
3406 860 3645 921 possent,

2080 943 2443 999 irrationabile
2470 951 2632 1007 esset,
2675 951 2729 999 et
2756 942 2989 1013 vulgaris
3024 956 3111 995 res
3139 949 3193 995 et
3219 941 3472 995 vilissima
3501 942 3652 998 vide-

2081 1046 2247 1090 retur.
2280 1035 2418 1089 Hinc
2448 1049 2576 1104 ergo
2603 1041 2688 1087 est
2734 1034 2874 1088 unde
2923 1049 3064 1088 nunc
3108 1048 3280 1103 neque
3327 1034 3535 1088 diaconi
3593 1036 3650 1090 in

2080 1125 2275 1196 populo
2302 1125 2616 1195 praedicant,
2648 1139 2821 1194 neque
2847 1125 3026 1179 caeteri
3069 1124 3248 1178 clerici
3278 1125 3361 1180 vel
3404 1126 3525 1180 laici
3554 1127 3650 1182 ha-

2080 1217 2308 1286 ptizant,
2339 1230 2511 1284 neque
2553 1230 2870 1285 quocunque
2907 1216 2991 1270 die
3031 1216 3309 1271 credentes
3366 1218 3651 1289 tinguntur

2081 1306 2184 1361 nisi
2213 1307 2359 1376 tegri.
2387 1305 2511 1360 ideo
2550 1320 2656 1359 non
2702 1320 2800 1377 per
2843 1306 3023 1359 omnia
3069 1307 3397 1361 conveniunt
3448 1310 3648 1380 scripta

2078 1395 2319 1465 Apostoli
2357 1394 2682 1449 ordinationi
2724 1410 2844 1464 quae
2873 1411 3014 1450 nunc
3040 1398 3094 1451 in
3120 1397 3359 1477 Ecclesia
3388 1408 3493 1465 est,
3519 1403 3649 1470 quia

2080 1487 2196 1540 haec
2216 1486 2357 1540 inter
2383 1484 2497 1556 ipsa
2525 1485 2819 1553 primordia
2849 1493 2974 1541 sunt
3011 1487 3229 1556 scripta.
3275 1488 3407 1544 Nam
3448 1500 3505 1546 et
3534 1492 3649 1562 ipse

2082 1578 2420 1637 Timotheum
2453 1579 2819 1650 presbyterum
2872 1592 2900 1631 a
2957 1591 3015 1630 se
3052 1586 3292 1633 creatum
3339 1582 3648 1651 episcopum

2081 1679 2255 1730 vocat,
2287 1670 2409 1740 quia
2440 1670 2594 1740 primi
2625 1670 2924 1742 presbyteri
2962 1670 3194 1739 episcom
3222 1671 3647 1740 appellabantur,

413 1786 468 1830 et
494 1745 585 1829 fiat
608 1775 657 1830 ei
684 1745 973 1843 subjectus,
1017 1785 1085 1824 ne
1116 1768 1255 1823 forte
1283 1774 1631 1822 contemnens
1658 1769 1981 1831 pmceptum
2015 1745 2058 1805 Β
2086 1767 2145 1812 ut
2183 1761 2467 1814 recedente
2504 1774 2570 1814 eo
2596 1774 2825 1829 sequens
2864 1761 3193 1814 succederet.
3238 1761 3475 1832 Denique
3510 1766 3652 1833 apud

414 1865 644 1930 Domini,
684 1871 942 1933 perpetuo
968 1860 1311 1914 anathemate
1354 1854 1698 1925 percutiatur.
1730 1850 1979 1905 Attamen

413 1958 459 2012 si
487 1958 540 2010 in
590 1956 702 2025 ipsa
765 1953 889 2025 fuga
934 1952 1146 2014 obierit,
1186 1948 1446 2003 orandum
1487 1955 1570 2000 est
1614 1959 1711 2014 pro
1760 1958 1847 2008 eo,
1877 1941 1979 1996 nisi

413 2046 553 2102 forte
581 2045 760 2115 aliquo
781 2043 1008 2099 crimine
1038 2039 1240 2109 majore
1264 2038 1585 2107 implicetur,
1617 2042 1708 2088 aut
1734 2033 1788 2088 in
1817 2031 1980 2102 perfi-

412 2137 554 2192 diam
580 2135 911 2199 devolvatur,
939 2133 1080 2187 unde
1120 2131 1392 2186 fructuosa
1433 2143 1531 2198 pro
1582 2141 1646 2180 eo
1676 2140 1781 2180 non
1811 2124 1976 2194 possit

410 2242 531 2282 esse
579 2226 771 2281 oratio.
823 2224 1074 2277 Attamen
1121 2220 1470 2290 Augustinus,
1517 2218 1585 2271 ad
1631 2215 1980 2270 Laurentium

413 2317 679 2379 scribens,
708 2315 781 2368 ita
824 2315 967 2367 inter
1003 2312 1104 2366 alia
1131 2312 1249 2364 ait:
1292 2329 1309 2361 ι
1344 2309 1477 2363 Cum
1527 2322 1654 2377 ergo
1695 2304 1977 2369 sacrificia,

415 2407 529 2462 sive
576 2405 800 2470 altaris,
852 2404 964 2458 sive
1007 2414 1445 2472 quarumcunque
1497 2394 1976 2475 eleemosynarm‘n,

375 2559 392 2570 _
410 2512 508 2566 pro
534 2495 820 2566 baptizatis
859 2494 1107 2549 omnibus
1142 2491 1441 2548 offeruntur
1469 2507 1483 2543 :
1528 2490 1624 2559 pro
1650 2488 1802 2541 valde
1827 2482 1981 2542 bonis

409 2586 702 2660 gratiarum
727 2584 964 2641 actiones
993 2591 1137 2647 sunt,
1162 2596 1260 2652 pro
1308 2595 1413 2634 non
1437 2579 1592 2633 valde
1620 2577 1776 2640 malis
1802 2576 1980 2646 prepi-

411 2678 661 2733 tiationes
693 2685 835 2743 sunt,
883 2688 979 2747 pro
1008 2672 1158 2729 valde
1202 2670 1377 2734 malis,
1412 2668 1625 2724 etiamsi
1678 2666 1821 2721 nulla
1853 2672 1980 2720 sunt

411 2767 713 2836 adjumenta
741 2777 1094 2831 mortuorum,
1148 2761 1547 2835 qualescunque
1581 2767 1758 2818 tamen
1792 2770 1979 2816 couso~

413 2854 640 2911 lationes
670 2865 793 2911 sunt
829 2857 1088 2910 vivorum.
1126 2853 1330 2922 Quibus
1372 2862 1549 2909 autem
1596 2861 1841 2925 prosunt,
1888 2861 1980 2907 aut

410 2945 478 2999 ad
506 2945 608 2999 hoc
634 2951 879 3016 prosunt,
908 2952 963 2998 ut
996 2945 1067 2998 sit
1094 2944 1249 3013 plena
1276 2944 1544 3009 remissio,
1594 2950 1686 2996 aut
1730 2951 1881 2996 certe
1920 2954 1981 2996 ut

411 3034 740 3091 tolerabilior
758 3033 852 3088 fiat
872 3033 1003 3104 ipsis
1028 3034 1321 3088 damnatio.
1353 3052 1371 3083 ι

2081 1848 2374 1921 .IEgyptum
2419 1849 2713 1921 presbyteri
2732 1850 3081 1919 consignant,
3120 1851 3165 1904 si
3193 1851 3477 1922 episcopus
3508 1870 3650 1923 pra:-

2081 1954 2205 1994 sens
2230 1956 2335 1994 non
2368 1940 2456 1995 sit.
2485 1938 2593 1995 Sed
2630 1943 2758 2008 quia
2801 1951 3083 2008 cmperunt
3109 1950 3397 2009 sequentes
3423 1946 3651 2015 preshy-
3698 1927 3702 1930 ’

2081 2031 2182 2085 teri
2227 2032 2428 2101 indigni
2481 2032 2547 2085 ad
2594 2030 2856 2100 primatus
2910 2034 3184 2097 tenendos,
3236 2036 3519 2090 immutata
3567 2049 3652 2093 est

2082 2112 2238 2185 ratio,
2272 2122 2631 2190 prospiciente
2672 2122 2899 2176 concilio
2932 2131 2992 2177 ut
3035 2140 3140 2179 non
3175 2125 3328 2191 ordo,
3360 2128 3456 2183 sed
3486 2129 3651 2182 nteri-

2083 2217 2211 2271 tum,
2244 2219 2452 2264 crearet
2475 2209 2807 2277 episcopum,
2847 2210 3131 2266 multorum
3178 2214 3517 2268 sacerdotum
3556 2217 3647 2285 ju-

2081 2296 2219 2350 dicio
2256 2299 2626 2363 constitutum,
2657 2313 2724 2352 ne
2752 2299 3007 2369 indignus
3032 2311 3233 2357 temere
3261 2314 3562 2373 usurparet,
3594 2315 3651 2361 et

2080 2396 2223 2442 esset
2246 2388 2430 2445 multis
2455 2388 2786 2445 scandalum.
2819 2390 2971 2456 Quod
2998 2400 3177 2446 autem
3207 2408 3371 2448 unum
3398 2396 3469 2449 sit
3493 2395 3649 2450 Chri-

2081 2480 2150 2533 sti
2187 2480 2473 2550 baptisma,
2510 2490 2567 2536 et
2602 2482 2727 2537 licet
2751 2498 2781 2536 a
2807 2483 3031 2537 diversis
3056 2484 3392 2539 ministretur
3418 2502 3524 2541 non
3556 2488 3650 2542 de-

2078 2573 2204 2627 beat
2223 2572 2407 2627 iterari
2435 2573 2516 2628 vel
2544 2574 2763 2637 mutari,
2783 2589 2993 2634 sacrum
3015 2574 3360 2650 Evangelium
3390 2580 3645 2678 ostepu‘it,

2079 2662 2170 2716 ubi
2207 2662 2368 2716 verba
2390 2661 2611 2718 Joannis
2638 2663 2890 2739 Baptistae
2915 2671 3085 2739 posita
3113 2679 3237 2725 sunt
3266 2671 3338 2725 ita
3375 2661 3603 2728 dicentis
3631 2693 3644 2727 :

2085 2773 2103 2810 ι
2137 2753 2272 2827 Quia
2299 2755 2405 2816 vidi
2430 2754 2687 2832 Spiritum
2715 2761 3128 2817 descendentem
3163 2764 3313 2833 quasi
3341 2764 3647 2821 columbam

2085 2870 2103 2902 ε
2134 2851 2201 2907 de
2230 2852 2390 2917 coelo,
2416 2859 2470 2906 et
2505 2862 2811 2906 manentem
2840 2868 3003 2923 super
3028 2868 3174 2918 eum,
3218 2862 3271 2908 et
3304 2870 3403 2925 ego
3433 2856 3644 2910 nescie-

2044 2980 2049 2985 .
2083 2960 2103 2993 ς
2135 2942 2279 2996 bam.
2306 2941 2412 2995 Sed
2433 2941 2525 3011 qui
2550 2942 2694 2996 misit
2712 2958 2798 2997 me
2823 2943 3098 3012 baptizare
3132 2944 3187 2998 in
3215 2959 3375 3013 aqua,
3401 2945 3490 3000 ille
3517 2947 3652 3001 mihi

2085 3051 2102 3082 ι
2133 3032 2267 3086 dixit
2294 3049 2308 3085 :
2338 3031 2510 3102 Super
2528 3048 2687 3102 quem
2704 3033 2901 3111 videris
2930 3034 3186 3104 Spiritum
3213 3037 3650 3105 descendentem,

479 3126 568 3184 Vl.
607 3126 684 3181 De
708 3125 799 3181 illo
824 3093 953 3180 vero
980 3126 1071 3195 qui
1097 3125 1465 3196 presbyterum
1502 3139 1561 3179 se
1592 3137 1710 3178 esse
1739 3121 1974 3188 finxerit,
2004 3093 2048 3156 Ο
2086 3139 2104 3171 ι
2139 3128 2193 3173 et
2220 3093 2757 3192 manentem-super
2781 3138 2927 3188 eum,
2969 3093 3065 3179 hic
3093 3133 3176 3179 est
3200 3126 3293 3195 qui
3331 3127 3568 3197 baptizat
3593 3093 3649 3182 iri

410 3232 531 3273 cum
559 3233 665 3272 non
691 3226 833 3272 esset
859 3217 1155 3281 ordinatus,
1182 3226 1238 3270 et
1276 3215 1526 3284 baptismi
1565 3214 1795 3268 officium
1821 3229 2001 3271 exer-.

411 3308 544 3372 cuit,
575 3307 960 3381 requirendum
989 3314 1074 3361 est
1094 3314 1272 3359 utrum
1301 3306 1414 3374 ipse
1442 3304 1724 3373 haptizans
1743 3304 1980 3372 baptiza—

414 3406 500 3452 tus
524 3406 681 3459 esset,
712 3405 764 3452 et
792 3406 969 3451 utrum
1007 3397 1061 3449 in
1090 3395 1309 3450 nomine
1354 3403 1555 3449 sanctae
1578 3393 1859 3449 Trinitatis
1882 3393 1983 3449 sub

414 3487 553 3542 trina
594 3488 861 3543 mersione
908 3486 1280 3555 baptizaverit.
1313 3484 1464 3552 Quod
1502 3485 1546 3538 si
1594 3484 1665 3538 ita
1692 3493 1830 3551 erat,
1877 3500 1980 3539 non

411 3584 495 3630 est
520 3577 715 3632 iterum
756 3576 1128 3646 baptizandus,
1159 3574 1252 3630 sed
1291 3591 1387 3645 per
1418 3565 1814 3643 impositionefn
1862 3590 1981 3629 ma-

413 3685 514 3725 nus
562 3669 882 3739 episcopalis
933 3677 986 3723 et
1032 3668 1338 3722 unctionem
1379 3667 1520 3721 sacri
1579 3665 1887 3721 chrismatis
1928 3667 1982 3721 id

412 3759 553 3828 quod
604 3757 805 3813 factum
838 3765 920 3812 est
965 3756 1410 3812 conﬁrmandum.
1447 3755 1581 3823 Quia
1627 3756 1768 3825 quod
1818 3755 1983 3810 semel

412 3859 495 3905 est
528 3851 581 3904 in
630 3856 965 3904 sacramento
1009 3847 1347 3917 baptismatis
1392 3846 1662 3911 effectum,
1711 3861 1816 3901 non
1857 3845 1981 3901 licet

413 3941 620 4004 iterari,
645 3939 894 4009 quoniam
916 3950 1149 3994 uuusest
1173 3938 1452 4002 Dominus,
1482 3953 1588 3991 una
1621 3937 1775 4002 fides,
1809 3953 1978 3992 unum

410 4029 691 4098 baptisma.
737 4027 987 4081 Attamen
1019 4026 1108 4081 ille
1150 4028 1240 4096 qui
1289 4036 1717 4096 praesumptuose
1746 4027 1874 4097 egit,
1924 4034 1980 4082 et

414 4132 516 4171 non
552 4131 648 4186 pro
681 4116 1001 4171 necessitate
1040 4116 1235 4184 aliqua,
1268 4117 1528 4170 canonica
1574 4114 1859 4186 disciplina
1896 4126 1981 4172 est

413 4205 757 4261 coercendus.
791 4205 975 4274 Igitur,
1025 4214 1086 4258 ut
1124 4213 1311 4259 beatus
1366 4200 1677 4260 Ambrosius
1734 4214 1977 4270 testatur,

413 4306 691 4364 postquam
715 4294 963 4349 omnibus
988 4292 1118 4348 locis
1140 4293 1379 4348 ecclesiae
1408 4302 1533 4346 sunt
1572 4294 1897 4358 constitutae,
1924 4302 1981 4348 et

412 4382 593 4439 officia
613 4383 878 4448 ordinata,
908 4383 1065 4438 aliter
1088 4383 1382 4453 composita
1414 4396 1501 4436 res
1528 4390 1610 4435 est
1667 4397 1829 4451 quam
1866 4397 1975 4437 coe-

411 4484 582 4545 perat.
614 4473 852 4527 Primnm
891 4474 1033 4528 enim
1064 4488 1251 4528 omnes
1277 4472 1558 4539 docebant,
1585 4481 1638 4526 et
1672 4488 1862 4527 omnes
1885 4473 1979 4527 ba-

412 4565 714 4634 ptizabant,
787 4563 1191 4633 quibuscunque
1251 4563 1437 4618 diebus
1502 4563 1586 4617 vel
1652 4563 1980 4633 temporibus

413 4654 602 4709 fuisset
625 4655 855 4710 occasio.
886 4653 995 4709 Nec
1014 4654 1157 4708 enim
1181 4652 1455 4723 Philippus
1478 4643 1686 4723 tempus
1714 4654 1978 4723 quaesivit,

413 4756 504 4799 aut
530 4746 670 4799 diem
700 4760 804 4815 quo
832 4745 1138 4800 eunuchum
1160 4745 1479 4815 baptizaret,
1508 4761 1682 4815 neque
1713 4745 1978 4815 jejunium

412 4834 753 4903 interposuit.
786 4832 969 4903 Neque
1014 4833 1212 4888 Paulus
1254 4841 1309 4888 et
1336 4835 1353 4854 ⁶
1384 4842 1589 4904 tempus
1634 4836 1979 4903 distulerunt,

412 4940 519 4994 quo
561 4926 831 4995 optionem
869 4925 1103 4980 carceris
1132 4940 1255 4979 cum
1299 4923 1416 4993 ejus
1444 4927 1693 4981 omnibus
1739 4928 1981 4998 baptiza-

414 5023 554 5069 rent.
576 5013 758 5082 Neque
786 5014 976 5069 Petrus
1003 5013 1228 5069 clericos
1254 5014 1459 5079 habuit,
1496 5023 1588 5069 aut
1613 5015 1753 5070 diem
1786 5018 1982 5087 qutesi-

413 5105 485 5158 vit
512 5104 727 5173 quando
756 5103 1061 5158 Cornelium
1107 5118 1229 5157 cum
1265 5103 1412 5158 omni
1438 5103 1596 5159 dumo
1623 5121 1720 5161 sua
1745 5109 1984 5177 baptiza-

414 5192 514 5257 vit,
549 5206 646 5245 nec
672 5193 804 5262 ipse,
850 5191 943 5247 sed
963 5192 1126 5261 jussit
1167 5192 1424 5250 fratribus
1466 5196 1706 5265 quicum
1736 5213 1801 5253 eo
1824 5208 1983 5255 erant

417 5282 555 5351 apud
583 5281 886 5337 Cornelium
921 5281 976 5334 in
1014 5266 1201 5351 Joppe.
1245 5284 1435 5340 Adhuc
1472 5286 1614 5341 enim
1656 5298 1853 5356 praeter
1892 5306 1979 5345 se-

415 5383 558 5442 ptem
584 5374 837 5429 diaconos
858 5374 1033 5430 nullus
1060 5374 1233 5430 fuerat
1266 5378 1565 5434 ordinatus.
1607 5380 1679 5435 Ut
1706 5397 1837 5453 ergo
1860 5397 1979 5438 cre-

419 5473 594 5518 sceret
616 5464 764 5534 plebs
794 5473 849 5519 et
884 5464 1346 5535 multiplicaretur,
1392 5471 1640 5524 omnibus
1669 5485 1982 5527 concessum

410 5561 576 5607 estet
605 5556 995 5625 evangelizare,
1032 5565 1088 5610 et
1129 5556 1425 5626 baptizare,
1456 5568 1509 5613 et
1547 5559 1877 5629 Scripturam
1926 5563 1981 5616 in

416 5645 641 5700 ecclesia
676 5644 987 5714 explanare.
1029 5644 1098 5698 At
1126 5647 1213 5700 ubi
1243 5648 1421 5702 omnia
1462 5648 1576 5704 loca
1620 5651 1981 5720 circumplexa

811 5739 1082 5801 ΡΔΤιιοι..
1120 5738 1252 5799 CX.

2007 4435 2055 4494 D

2087 3226 2106 3258 ι
2142 3206 2346 3276 Spiritu
2372 3216 2578 3263 sancto.
2607 3210 2672 3261 Et
2698 3225 2797 3278 ego
2827 3212 2953 3276 vidi,
2994 3222 3048 3266 et
3076 3215 3436 3269 testimonium
3464 3217 3647 3285 perhi-

2087 3317 2106 3349 ι
2138 3298 2227 3353 hui
2255 3299 2379 3367 quia
2405 3299 2492 3354 hic
2518 3307 2602 3353 est
2630 3299 2797 3355 Filius
2824 3302 2916 3355 Dei
2944 3301 3123 3373 (Joan.
3164 3306 3227 3374 ι).
3267 3324 3286 3355 ›
3322 3306 3491 3372 Quam
3535 3324 3653 3363 seu-

2082 3392 2306 3446 tentiam
2354 3392 2544 3447 beatus
2594 3393 2925 3461 Augustinus
2976 3395 3049 3449 ita
3099 3399 3386 3466 exposuit:
3425 3417 3444 3449 ε
3513 3400 3652 3465 Quid

2080 3497 2208 3552 ergo
2233 3497 2331 3552 per
2360 3483 2681 3538 columbam‘
2705 3485 2889 3540 didicit
2914 3484 3169 3553 Joannes,
3220 3489 3321 3543 nisi
3362 3492 3650 3559 quamdam

2081 3571 2462 3641 proprietatem
2494 3572 2548 3626 in
2588 3571 2804 3628 Christo
2828 3574 3098 3628 futuram?
3125 3584 3185 3629 ιιι
3210 3577 3454 3644 quamvis
3497 3579 3652 3634 multi

2038 3660 2047 3669 ’
2083 3664 2314 3718 ministri
2345 3665 2666 3735 baptizaturi
2700 3674 2901 3730 essent,
2953 3667 3065 3721 sive
3101 3665 3231 3735 justi
3277 3668 3389 3722 sive
3442 3670 3647 3738 injusti,

2082 3770 2186 3809 non
2220 3756 2543 3810 tribueretur
2591 3757 2848 3812 sanctitas
2896 3755 3167 3825 baptismi,
3221 3757 3319 3817 nisi
3373 3757 3443 3811 illi
3490 3774 3653 3829 super

2080 3860 2238 3915 quem
2269 3847 2542 3901 descendit
2587 3846 2851 3901 columba.
2887 3847 2961 3901 De
2987 3861 3095 3917 quo
3139 3847 3337 3902 dictum
3369 3868 3380 3902 :
3427 3847 3525 3904 Hie
3569 3857 3653 3904 est

2081 3934 2171 4003 qui
2216 3934 2455 4003 baptizat
2482 3935 2535 3988 in
2566 3934 2771 4005 Spiritu
2799 3945 3005 3991 sancto.
3038 3937 3231 3992 Petrus
3275 3938 3530 4008 baptizet,
3562 3940 3651 3994 hic

2082 4031 2163 4078 est
2191 4024 2282 4093 qui
2310 4025 2549 4094 baptizat
2588 4043 2600 4078 :
2659 4025 2857 4081 Paulus
2903 4026 3155 4097 baptizet,
3186 4027 3273 4083 hic
3301 4036 3386 4083 est
3414 4028 3504 4097 qni
3555 4031 3650 4084 ba-

2080 4115 2247 4187 ptizat
2272 4129 2286 4167 :
2319 4115 2486 4170 Judas
2514 4117 2771 4186 baptizet,
2796 4117 2882 4171 hic
2911 4128 2995 4172 est
3020 4119 3110 4188 qui
3140 4119 3403 4191 baptizat1
3438 4120 3572 4174 Nam
3604 4121 3653 4176 si

2080 4219 2179 4275 pro
2202 4205 2510 4260 diversitate
2535 4208 2846 4261 meritorum
2887 4208 3184 4276 baptismus
3216 4216 3377 4273 esset,
3409 4210 3533 4277 quia
3564 4211 3647 4264 di-

2082 4308 2233 4348 versa
2277 4303 2402 4349 sunt
2430 4296 2641 4361 merita,
2681 4295 2890 4350 diversa
2934 4304 3115 4363 essent
3158 4296 3499 4365 baptismata.
3540 4297 3647 4353 Sed

2082 4406 2245 4444 unum
2274 4400 2357 4445 est
2393 4390 2678 4459 baptisma,
2710 4398 2764 4443 et
2793 4390 2939 4444 solus
2983 4397 3066 4443 est
3099 4388 3368 4456 Christus,
3414 4394 3506 4460 qui
3552 4406 3653 4461 per

2082 4480 2321 4535 diversos
2367 4481 2642 4535 ministros
2684 4493 2807 4533 suos
2837 4477 3157 4547 baptismate
3198 4479 3432 4548 baptizat
3476 4480 3530 4536 in
3560 4475 3653 4535 rei

2080 4572 2387 4626 missionem
2419 4570 2656 4624 omnium
2677 4577 3070 4638 peccatorum.»
3104 4569 3227 4624 Ideo
3247 4570 3387 4624 sacri
3416 4586 3651 4626 canones
3692 4584 3697 4593 ‘

2080 4663 2395 4732 praecipiunt
2424 4653 2481 4715 ut
2508 4662 2598 4730 qui
2624 4662 2692 4716 ab
2732 4660 3002 4715 haereticis
3048 4660 3303 4730 baptizati
3346 4671 3490 4723 sunt,
3539 4680 3648 4719 non

2083 4751 2503 4820 rebaptizentur,
2553 4750 2646 4805 sed
2694 4765 2791 4819 per
2841 4750 3236 4818 impositionem
3292 4768 3484 4810 manus
3536 4758 3651 4810 sola

2084 4842 2256 4898 sancti
2279 4842 2509 4912 Spiritus
2531 4842 2887 4905 invocatione,
2912 4857 3068 4910 quem
3093 4844 3161 4897 ab
3181 4844 3448 4900 hmreticis
3489 4862 3650 4902 nemo

2032 4963 2041 4975 ι
2084 4933 2297 5003 accipit,
2321 4948 2351 4987 a
2379 4932 2657 4988 catholicis
2684 4932 3050 4987 sacerdotibus
3093 4933 3344 4990 Ecclesim
3388 4938 3650 4991 securita-

2084 5034 2192 5081 tem
2214 5033 2628 5094 consequantur.

2155 5115 2262 5169 Vl].
2287 5114 2365 5169 De
2382 5114 2487 5168 illis
2512 5129 2640 5168 vero
2659 5113 2749 5182 qui
2770 5113 2822 5167 in
2846 5112 3264 5185 Quadragesima
3290 5123 3415 5169 ante
3438 5116 3646 5173 Pascha

2085 5221 2303 5263 carnem
2324 5205 2671 5270 manducant,
2700 5205 2778 5258 vel
2802 5204 3168 5274 juramentum
3203 5207 3255 5260 in
3283 5207 3436 5262 altari
3474 5209 3558 5262 vel
3596 5212 3648 5263 in

2088 5304 2396 5351 sanctorum
2416 5295 2661 5364 reliquiis
2677 5294 2898 5362 faciunt,
2926 5296 3266 5351 manifestum
3290 5306 3374 5352 est
3395 5298 3536 5366 quod
3568 5300 3649 5353 in-

2080 5385 2226 5454 juste
2251 5391 2437 5454 agunt,
2458 5383 2580 5453 quia
2602 5384 2795 5439 divinis
2824 5385 3088 5439 mandatis
3112 5387 3364 5440 contrarii
3392 5388 3651 5442 existunt.

2089 5472 2242 5527 Unde
2282 5482 2335 5527 et
2371 5488 2468 5541 per
2521 5472 2710 5526 Isaiam
2762 5474 3016 5527 Dominus
3061 5489 3345 5542 pravorum
3385 5475 3650 5543 jejunium

2088 5565 2311 5632 spernit,
2343 5565 2416 5618 ita
2446 5564 2632 5620 dicens
2665 5582 2677 5618 :
2717 5584 2735 5615 ι
2774 5565 2910 5619 Ecce
2951 5566 3002 5618 in
3045 5566 3130 5619 die
3163 5564 3350 5636 jejunii
3382 5571 3546 5623 vestri
3574 5572 3654 5624 in-

2096 5672 2114 5705 ι
2160 5654 2371 5709 venitur
2383 5654 2626 5710 voluntas
2648 5664 2848 5721 vestra,
2871 5664 2925 5710 ct
2947 5671 3134 5725 omnes
3157 5657 3425 5713 debitores
3445 5670 3653 5717 vcszros

3067 5748 3143 5810 38
