4028 6196
441 306 577 362 1195

1070 304 1127 358 Β.
1169 305 1416 361 RAIlANl
1458 308 1674 363 MAUlll
1715 310 2031 366 ARClllEP.
2072 312 2378 367 MOGUNT.
2422 312 2704 369 OPERUM
2739 313 2918 371 PARS
2958 313 3020 369 ll.

3529 313 3685 378 ’1193

440 442 459 472 ι
501 418 761 488 repetitis.
816 416 956 469 Ecce
983 418 1050 471 ad
1089 417 1210 473 lites
1237 424 1292 471 et
1319 405 1689 473 contentidncs
1724 418 2006 488 jejunat'ts,
2036 425 2082 485 Α
2113 420 2327 485 scindit,
2358 429 2412 475 et
2441 430 2749 476 sanctorum
2773 421 2994 477 Palmm
3025 422 3341 481 traditiones
3363 425 3547 493 solvit,
3562 431 3689 487 sine

442 530 460 564 ι
502 521 556 565 et
590 509 870 581 percutitis
912 523 1091 577 pugno
1136 509 1313 578 impie.
1358 509 1531 565 Nolite
1570 509 1816 578 jejunare
1859 512 1998 565 sicut

441 602 459 654 ἑ
503 617 675 672 usque
708 600 775 654 ad
799 600 937 653 hanc
964 599 1126 665 diem,
1152 608 1214 653 ut
1260 601 1509 655 audiatur
1548 601 1603 655 in
1642 602 1855 656 excelso
1890 602 1999 656 cla—

441 712 459 742 ‹
506 706 624 745 ιιιοι·
647 697 844 743 vester.
887 686 1134 757 Nunquid
1162 688 1267 742 tale
1284 696 1366 741 est
1384 688 1643 759 jejunium
1672 692 1813 759 quod
1840 690 1996 759 elegi,

444 802 460 833 ι
506 796 604 851 per
625 781 764 835 diem
787 778 1021 849 aﬂligerc
1040 779 1272 833 animam
1307 781 1495 833 suam?
1524 780 1762 849 nunquid
1792 791 2002 835 contor-

444 891 460 920 ε
509 884 673 938 quere
714 869 868 939 quasi
895 868 1152 924 circulum
1177 880 1510 939 caputsuum
1573 880 1627 925 et
1660 887 1816 927 sacco
1843 880 1897 926 ct
1923 873 2000 927 ci—

443 982 460 1012 ι
509 976 637 1017 uere
662 962 935 1016 sternere?
982 960 1232 1031 Nunquid
1258 963 1399 1017 istud
1436 963 1621 1017 vocavi
1659 963 1917 1033 jejunium
1947 974 2002 1019 et

444 1075 462 1105 ι
509 1056 652 1109 diem
677 1054 1059 1123 acceptabilem
1083 1054 1345 1110 Domino?
1372 1055 1558 1110 Nonne
1589 1056 1691 1112 hoc
1721 1065 1805 1112 est
1832 1058 2003 1128 magis

443 1166 460 1196 ι
500 1144 758 1214 jejunium
785 1144 924 1212 quod
948 1144 1120 1215 elegi?
1148 1145 1388 1199 Dissolve
1415 1146 1785 1216 colligationes
1812 1147 2001 1216 impie-

396 1262 409 1276 ι
440 1255 458 1287 α
503 1236 648 1299 tatis,
676 1234 823 1289 solve
852 1233 1137 1290 fasciculos
1161 1236 1537 1305 deprimentes,
1563 1237 1770 1292 dimitte
1795 1252 1888 1293 eos
1911 1238 2004 1308 qui

441 1344 458 1375 ι
500 1324 757 1379 confracti
804 1334 927 1378 sunt
976 1323 1192 1391 liberos,
1240 1332 1294 1380 et
1338 1340 1499 1381 omne
1546 1341 1684 1381 onus
1709 1328 2000 1396 disrumpe.
2037 1389 2047 1408 '

441 1432 460 1466 ι
503 1413 712 1485 Frange
736 1415 1097 1469 esurientibus
1126 1414 1315 1485 panem
1346 1424 1794 1489 tuum,etegenos
1817 1434 2007 1489 vagos-

442 1525 459 1557 ί
502 1520 606 1575 que
658 1504 816 1559 induc
854 1506 908 1559 in
937 1503 1152 1559 domum
1175 1513 1340 1559 tuam.
1380 1504 1513 1560 Cum
1546 1506 1744 1561 videris
1782 1510 2005 1573 nudum,

441 1618 459 1649 ι
502 1598 650 1668 operi
678 1613 823 1662 eum,
861 1606 916 1651 et
950 1612 1167 1652 carnem
1214 1606 1360 1652 tuam
1399 1612 1468 1653 ne
1502 1598 1831 1668 despexeris.
1858 1599 2009 1655 Tunc

444 1709 461 1742 ι
506 1697 749 1759 erumpet
774 1688 926 1759 quasi
964 1703 1122 1743 mane
1152 1687 1332 1743 lumen
1369 1696 1538 1754 tuum,
1569 1697 1625 1743 et
1667 1688 1872 1745 sanitas
1918 1698 2008 1745 tua

2101 512 2336 567 vindicta
2358 520 2538 576 exeat,
2563 512 2655 567 sed
2684 527 2783 581 pro
2808 514 2909 568 hoc
2941 527 3127 583 pinnas
3155 516 3452 587 condignas
3482 518 3681 577 solvat.
3743 538 3759 549 ο

2101 600 2410 656 Sacerdotis
2444 611 2624 656 autem
2646 602 2849 673 judicio
2880 606 3227 677 temperanda
3252 614 3336 661 est
3358 622 3537 677 [mum
3560 611 3686 665 viu-

2101 692 2263 758 dicta,
2301 693 2594 748 secundum
2623 694 2839 748 modum
2864 695 3175 765 paenitentis
3199 712 3215 751 :
3245 699 3397 767 quia,
3426 708 3489 760 ut
3519 716 3688 772 supra

2101 784 2302 839 dictum
2326 790 2429 849 est,
2446 784 2537 853 qui
2565 783 2833 839 veraciter
2858 784 3085 855 poenitet
3114 796 3170 842 et
3191 802 3292 856 per
3318 787 3683 860 lacrymarum

2100 873 2297 928 indicia
2340 874 2517 929 cordis
2568 874 2649 929 sui
2682 874 3064 929 contritionem
3108 876 3440 944 manifestat,
3488 878 3680 939 leviori

2101 964 2380 1033 disciplina
2408 964 2722 1019 tractandus
2747 956 2850 1028 est,
2880 964 3007 1034 quia
3043 980 3137 1021 cor
3164 968 3460 1028 contritum
3484 977 3539 1023 et
3569 968 3682 1023 hu-

2101 1055 2366 1110 tuiliatum
2395 1055 2536 1110 Deus
2556 1069 2663 1109 non
2684 1055 2919 1125 spernit,
2943 1065 2996 1109 et
3021 1055 3075 1109 in
3100 1071 3422 1127 quocunque
3446 1057 3531 1112 die
3551 1072 3683 1127 pec-

2103 1154 2255 1202 cator
2298 1159 2590 1201 conversus
2620 1145 2989 1216 paenitentiam
3018 1147 3216 1221 egerit,
3239 1154 3295 1202 et
3321 1145 3511 1202 fecerit
3527 1147 3677 1218 judi-

2104 1240 2249 1296 cium
2276 1248 2332 1296 et
2351 1238 2636 1310 justitiam,
2666 1239 2777 1293 vita
2803 1238 2946 1293 vivet
2996 1247 3053 1294 et
3103 1254 3212 1293 non
3257 1240 3537 1294 morietur.
3564 1236 3678 1293 Nec

2106 1331 2361 1401 temporis
2385 1329 2764 1401 longinquitas,
2800 1329 2893 1385 sed
2919 1329 3084 1383 animi
3123 1328 3346 1385 allectus
3369 1329 3678 1399 pensandus

2106 1428 2209 1485 est,
2240 1421 2366 1490 quia
2402 1421 2636 1490 suscepit
2672 1420 2931 1475 Dominus
2957 1418 3261 1474 triduanam
3306 1420 3675 1488 paenitentiam

2107 1509 2485 1577 Ninivitarum,
2514 1517 2569 1565 et
2596 1509 2740 1566 Petri
2780 1510 3138 1581 negationem,
3163 1510 3519 1565 amarissimis
3541 1508 3680 1563 ﬂeti-

2107 1602 2209 1657 bus
2236 1600 2496 1665 ablutam,
2526 1600 2784 1655 Dominus
2818 1598 3058 1664 indulsit,
3089 1613 3213 1654 cum
3249 1613 3372 1652 eum
3397 1598 3557 1652 tertia
3591 1597 3678 1651 die

2111 1709 2397 1765 resurgens
2451 1693 2590 1748 inter
2625 1700 2847 1748 caeteros
2892 1689 3187 1761 discipulos
3237 1689 3478 1759 angelica
3521 1704 3679 1743 voca-

443 1798 462 1832 (
508 1778 668 1837 cuius
687 1779 920 1845 οτίθιιπς
940 1786 1007 1834 ﬁt
1035 1779 1261 1834 anteibit
1279 1778 1471 1834 faeiem
1497 1786 1642 1833 luam
1658 1776 1868 1846 iUSIilia
1890 1788 2003 1846 tua,
2032 1770 2082 1829 Β
2111 1787 2255 1842 tione
2279 1785 2347 1841 ad
2366 1799 2516 1840 suam
2546 1782 2889 1854 praesentiam
2910 1789 2964 1837 et
2983 1779 3472 1835 reconciliationem
3495 1778 3680 1834 venire

441 1889 461 1922 ι
504 1877 560 1925 et
604 1870 773 1941 gloria
823 1868 1029 1926 Domini
1070 1870 1282 1941 colliget
1326 1881 1397 1926 te.
1444 1870 1594 1926 Tunc
1629 1871 1929 1937 invocabis,
1952 1879 2008 1927 et

443 1982 462 2014 ι
505 1962 764 2017 Dominus
787 1962 1058 2028 exaudiet;
1088 1961 1365 2029 clamabis,
1389 1970 1441 2019 et
1461 1962 1620 2028 dicet,
1640 1962 1778 2018 Ecce
1796 1962 2007 2030 adsum,

445 2071 465 2105 ι
509 2052 635 2122 quia
690 2052 996 2109 misericors
1037 2069 1155 2108 sum
1196 2053 1456 2111 Dominus
1503 2053 1647 2111 Deus
1692 2063 1817 2110 tuus
1859 2053 2007 2125 (ιω.

446 2164 464 2195 ι
509 2143 683 2215 LVIII).
724 2164 745 2197 ›
777 2144 915 2199 Hinc
942 2146 995 2199 in
1026 2160 1231 2201 canone
1274 2156 1583 2202 sanctorum
1616 2146 1836 2201 Patrum
1860 2146 2009 2207 ,scri-

437 2248 588 2309 ptum
610 2247 694 2293 est
727 2237 908 2310 (Cone.
940 2238 1178 2304 Laodic.,
1211 2258 1329 2296 can.
1356 2241 1426 2297 50
1452 2251 1499 2295 et
1525 2240 1638 2309 52),
1668 2241 1810 2311 quod
1844 2261 1863 2293 ι
1899 2257 2007 2297 non

435 2336 684 2399 oporteat
710 2329 764 2384 in
786 2328 1206 2402 Quadragesima
1248 2331 1462 2402 nuptias
1487 2339 1579 2386 aut
1602 2332 1846 2386 natalitia
1870 2332 2011 2387 cele—

435 2419 619 2485 brare,
656 2434 756 2475 nec
772 2419 1032 2491 jejunium
1075 2421 1302 2487 solvere,
1340 2429 1613 2491 totamque
1653 2421 2010 2493 Quadragesi-

437 2526 583 2565 mam
611 2511 1099 2571 sine-veneratione
1126 2512 1389 2581 transire;
1437 2532 1456 2569 ι
1494 2513 1770 2589 magisque
1804 2528 2007 2573 conve-

439 2599 552 2657 niat
578 2615 794 2658 omnem
823 2604 1298 2675 Quadragesimam
1320 2606 1567 2662 districto
1596 2608 1840 2662 venerari
1863 2607 2006 2676 judi-

440 2694 545 2750 cio.
578 2694 694 2751 Non
728 2704 811 2751 est
836 2698 981 2751 enim
1001 2697 1247 2768 dignum,
1272 2706 1332 2753 ut
1352 2699 1443 2768 qui
1467 2698 1719 2754 Ecclesiae
1744 2698 2005 2752 unitatem

2105 1877 2286 1948 jussit.

2185 1968 2311 2023 Haec
2330 1967 2447 2031 tibi,
2474 1973 2658 2021 sancte
2681 1964 2870 2030 frater,
2887 1970 3051 2033 prout
3078 1961 3454 2033 opportunitas
3476 1969 3681 2030 tempo-

2113 2060 2191 2116 ris
2223 2073 2282 2114 se
2311 2056 2553 2121 contulit,
2577 2055 2894 2111 festinanter
2914 2053 3114 2109 dictavi
3158 2070 3171 2105 :
3218 2058 3460 2122 paratus,
3487 2050 3535 2104 si
3555 2047 3679 2120 quid

2116 2150 2266 2206 deest
2297 2148 2349 2202 in
2381 2146 2674 2216 responsis,
2707 2154 2948 2214 tempore
2981 2148 3283 2212 opportuno
3326 2140 3423 2195 tibi
3470 2138 3679 2210 planius

2116 2237 2402 2307 explicare.
2431 2234 2512 2290 Tu
2541 2242 2719 2290 autem
2758 2242 2812 2290 et
2840 2231 3273 2288 commendatum
3317 2231 3414 2285 tibi
3459 2243 3672 2301 gregem

2110 2328 2396 2399 diligenter
2439 2326 2665 2390 instrue,
2696 2332 2753 2380 et
2781 2339 2880 2379 nos
2922 2321 3258 2377 orationibus
3289 2318 3461 2388 juva:
3493 2326 3679 2390 quate-

2110 2432 2213 2472 nus
2241 2415 2443 2485 aliquid
2481 2414 2575 2468 tibi
2619 2414 2838 2485 dignum
2878 2413 3198 2479 scribamus,
3222 2418 3279 2464 et
3305 2409 3373 2465 de
3411 2417 3506 2463 tuo
3540 2408 3674 2463 bono

2109 2522 2271 2580 opere
2296 2506 2385 2567 tibi
2416 2504 2657 2576 quotidie
2676 2502 3129 2575 congratulemur.
3163 2498 3426 2555 Dominus
3443 2498 3676 2565 omnipo-

2108 2616 2226 2662 tens
2251 2606 2305 2660 in
2341 2605 2441 2659 hac
2468 2605 2578 2658 vita
2614 2612 2665 2658 te
2702 2598 2858 2657 bouis
2891 2596 3143 2672 operibus
3170 2601 3388 2668 augeat,
3420 2598 3474 2651 et
3508 2585 3672 2645 infu-

2109 2704 2232 2750 turo
2254 2694 2500 2751 mercede
2520 2700 2829 2749 remuneret
2849 2691 3192 2762 sempiterna.

451 2844 3672 2877 MM

2025 3009 2108 3083 Π

483 3157 567 3228 Si
606 3159 798 3228 liceat
837 3155 1318 3245 chorepiseopis
1348 3158 1760 3249 presbyteros
1798 3174 1856 3228 et
1894 3163 2205 3231 diaconos
2242 3143 2568 3228 ordinare
2603 3181 2754 3227 cum
2789 3179 3107 3227 consensu
3146 3157 3437 3249 episcopi
3462 3154 3594 3225 sui.

509 3419 798 3486 Postquam
836 3430 935 3485 per
971 3429 1071 3469 nos
1106 3422 1445 3470 transeuntes
1485 3414 1731 3478 abiistis,
1775 3413 2003 3483 cogitavi
2032 3418 2076 3481 (ζ
2108 3411 2455 3481 apostolicam
2494 3418 2813 3479 sequuntur,
2848 3409 2915 3464 de
2952 3424 3060 3479 qua
3093 3409 3463 3480 Philippeuses
3484 3410 3677 3468 Paulus

441 3525 652 3567 mecum
673 3509 738 3563 de
765 3508 868 3562 hoc
893 3507 1033 3576 quod
1056 3505 1463 3575 praesentialiter
1489 3505 2009 3577 retulistis,qualiter

440 3602 662 3673 quidam
700 3600 768 3655 de
814 3596 1232 3653 occidentalibus
1276 3598 1544 3667 episcopis
1601 3606 1887 3654 senserunt
1942 3598 2010 3654 de

440 3689 947 3759 chorepiseoporum
1000 3685 1219 3750 ordine,
1261 3695 1317 3740 et
1366 3686 1510 3754 quod
1553 3686 1772 3755 quidam
1820 3701 2009 3743 eorum
2045 3700 2052 3707 ·

438 3780 816 3838 reordinarent
838 3778 977 3849 illos,
999 3777 1090 3846 qui
1114 3776 1443 3846 temporibus
1462 3784 1861 3833 antecessorum
1884 3790 2010 3833 suo-

438 3887 559 3928 rum
584 3885 615 3925 a
645 3866 1043 3938 chorepiseopis
1083 3864 1317 3921 ordinati
1351 3873 1497 3930 sunt,
1543 3865 1886 3937 presbyteros
1924 3873 2008 3920 at-

438 3975 546 4032 que
587 3960 858 4022 diaconos,
889 3970 987 4011 nec
1018 3970 1123 4009 non
1145 3962 1201 4009 et
1239 3954 1494 4009 ecclesias
1529 3954 1598 4009 ab
1636 3955 1716 4010 eis
1761 3954 2011 4011 similiter

440 4057 815 4114 consecratas,
867 4046 1213 4117 profanantes
1259 4059 1472 4101 omnem
1530 4043 2008 4101 sanctificationem

438 4139 743 4210 pristinam,
765 4136 919 4206 quasi
959 4150 1065 4189 non
1112 4134 1424 4204 legitimam,
1453 4149 1617 4204 quam
1659 4143 1838 4190 tamen
1882 4150 2006 4190 cum

441 4244 706 4285 consensu
753 4236 914 4296 atque
942 4231 1209 4295 praecepto
1251 4222 1618 4293 episcoporum
1652 4239 1870 4279 suorum
1904 4224 2005 4294 ipsi

437 4316 806 4388 chorepiseopi
833 4320 1296 4395 perpetraverunt.
1632 4366 1635 4371 ,
1732 4371 1740 4379 ν

511 4403 662 4459 Unde
697 4411 754 4458 et
791 4402 1085 4457 schismata
1115 4401 1169 4455 in
1193 4399 1427 4455 Ecclesia
1464 4400 1559 4455 Dei
1584 4401 1850 4467 oriuntur,
1882 4416 2003 4456 cum

2109 3503 2380 3566 obsecrat,
2419 3501 2602 3555 dicens
2630 3498 2882 3570 (Philipp.
2916 3498 2977 3569 ιι)
3005 3517 3017 3552 :
3048 3516 3067 3548 ι
3103 3497 3159 3553 Si
3198 3513 3303 3567 qua
3326 3514 3457 3568 ergo
3481 3515 3677 3556 οοηεο-

2115 3612 2133 3646 ι
2176 3592 2303 3647 latio
2330 3592 2383 3645 in
2407 3590 2642 3657 Christo,
2667 3591 2712 3645 si
2733 3590 2873 3660 quod
2894 3590 3145 3644 solatium
3173 3589 3475 3655 cbaritatis,
3503 3591 3551 3645 si
3568 3607 3679 3661 qua

2114 3702 2134 3735 ι
2182 3683 2410 3738 societas
2454 3681 2769 3751 spiritualis,
2801 3681 2847 3735 si
2881 3697 2988 3752 qua
3028 3681 3238 3736 viscera
3277 3682 3675 3738 miserationis:

2114 3789 2133 3822 ι
2178 3770 2390 3849 implete
2415 3770 2665 3839 gaudium
2691 3784 2892 3834 meum,
2923 3778 2982 3824 ut
3006 3770 3147 3826 idem
3172 3771 3413 3841 sapiatis,
3434 3773 3677 3827 eamdem

2115 3879 2133 3912 ε
2179 3861 2501 3916 cbaritatem
2542 3861 2826 3927 habentes,
2855 3862 3162 3928 unanimes,
3187 3862 3420 3933 idipsum
3444 3864 3678 3919 sentien-

2113 3969 2133 4003 ι
2174 3960 2275 4018 tes,
2324 3952 2454 4007 nihil
2497 3967 2594 4023 per
2634 3954 3052 4019 contentionem,
3098 3968 3274 4024 neque
3324 3968 3420 4024 per
3463 3954 3676 4009 inanem

2112 4061 2133 4097 ι
2178 4042 2400 4113 gloriam
2427 4060 2440 4095 :
2464 4042 2559 4097 sed
2583 4042 2637 4097 in
2664 4042 2963 4097 humilitate
2987 4044 3295 4113 superiores
3318 4044 3420 4099 sibi
3450 4045 3676 4100 invicem

2114 4151 2131 4184 ι
2177 4132 2523 4197 arbitrantes,
2551 4147 2656 4186 non
2683 4148 2804 4202 qua:
2846 4147 2943 4187 sua
2978 4141 3104 4187 sunt
3128 4134 3532 4193 considerantes
3557 4135 3672 4189 sin-

2113 4241 2131 4272 ι
2177 4221 2311 4293 guli,
2335 4221 2429 4276 sed
2456 4236 2517 4277 ea
2552 4218 2672 4292 quaé
2716 4222 2965 4277 aliorum.
3005 4220 3023 4273 ὁ
3052 4221 3206 4278 Unde
3232 4231 3289 4278 et
3335 4223 3450 4295 ipse
3488 4222 3674 4280 volens

2098 4310 2340 4380 juniores
2366 4325 2492 4366 suos
2517 4311 2849 4367 auditoribus
2871 4311 3267 4379 commendare,
3290 4321 3345 4368 et
3366 4330 3473 4369 non
3492 4314 3679 4385 despe-

2107 4410 2246 4466 ctos,
2274 4401 2366 4456 sed
2389 4400 2746 4470 acceptabiles
2790 4401 3036 4466 reddere,
3059 4400 3373 4458 Corinthios
3398 4404 3677 4470 admonet,

438 4494 679 4549 rectores
720 4490 901 4561 populi
938 4490 1033 4546 Dei
1069 4491 1124 4545 in
1155 4490 1399 4545 doctrina
1427 4506 1523 4546 sua
1545 4491 1613 4546 ab
1643 4490 1873 4546 invicem
1897 4491 2006 4546 dis-
2106 4493 2290 4549 dicens
2317 4491 2367 4560 (1
2382 4490 2515 4545 ‘Cor.
2547 4490 2621 4563 iv)
2657 4510 2670 4545 :
2706 4510 2725 4543 ς
2760 4490 2910 4562 Rogo
2939 4505 3067 4562 ergo
3098 4506 3216 4558 vos,
3256 4491 3471 4559 fratres,
3499 4494 3677 4549 imita-

439 4590 663 4653 crepa‘nt
688 4601 701 4637 :
734 4582 825 4637 alii
868 4582 1108 4637 dicentes
1135 4582 1296 4637 licere
1316 4583 1714 4654 chorepiseopis
1737 4599 1857 4638 cum
1879 4598 2006 4638 con-
2113 4603 2131 4636 c
2176 4592 2322 4639 tores
2342 4582 2448 4637 mei
2471 4590 2664 4649 estote,
2694 4582 2834 4637 sicut
2850 4589 2907 4637 et
2929 4597 3028 4654 ego
3052 4582 3273 4639 Christi.
3308 4583 3429 4640 Ideo
3452 4585 3575 4651 misi
3603 4585 3673 4640 ad

439 4687 599 4729 sensu
627 4682 684 4729 et
699 4682 969 4744 praecepto
998 4673 1262 4745 majorum
1292 4689 1531 4741 suorum,
1564 4674 1666 4730 hoc
1692 4684 1774 4730 est
1802 4689 2005 4745 praesu-
2113 4691 2132 4725 ε
2174 4688 2271 4728 vos
2299 4672 2659 4738 Timotheum,
2681 4671 2775 4741 ‘qui
2803 4679 2887 4728 est
2917 4672 3057 4728 filius
3081 4688 3233 4729 meus
3256 4675 3602 4731 charissimus
3621 4686 3679 4730 et

440 4763 549 4818 lum
573 4764 849 4819 civitatum
875 4764 977 4820 sub
1011 4764 1204 4834 quibus
1230 4763 1329 4833 ipsi
1359 4762 1580 4835 degunt,
1608 4780 1802 4820 manus
1824 4764 2001 4835 bapti-
2028 4758 2082 4818 D
2114 4782 2132 4816 ι
2177 4761 2351 4817 ﬁdelis
2405 4761 2459 4817 in
2502 4760 2749 4825 Domino,
2794 4761 2887 4831 qui
2928 4776 3025 4817 vos
3068 4763 3518 4819 commonefaciat
3560 4763 3677 4820 vias

439 4853 576 4908 zatis
601 4855 891 4924 imponere,
907 4862 967 4909 ut
995 4854 1263 4923 accipiant
1287 4853 1547 4924 Spiritum
1568 4862 1833 4921 sanctum,
1855 4868 2003 4923 pres-
2116 4873 2135 4905 ‹
2179 4867 2346 4915 meas,
2385 4866 2505 4922 quae
2544 4859 2670 4907 sunt
2706 4852 2760 4906 in
2804 4850 3021 4907 Christo
3049 4851 3199 4919 Iesu,
3232 4853 3376 4908 sicut
3400 4854 3597 4924 ubique
3621 4853 3675 4910 in

438 4942 760 5012 byterosque
800 4951 963 5011 atque
993 4942 1278 5008 diaconos,
1312 4956 1519 4997 necnon
1560 4951 1613 4996 et
1646 4950 1868 4998 caeteros
1904 4941 2005 4997 Ec-
2041 5002 2055 5013 ο
2116 4961 2133 4993 ι
2179 4942 2416 4997 Ecclesia
2449 4942 2636 4997 doceo.
2675 4960 2694 4993 ι
2730 4940 2799 4994 Ει
2833 4956 3050 4996 rursum
3100 4941 3152 5013 (ι
3195 4940 3319 4997 Cor.
3362 4941 3477 5015 ενι)
3508 4960 3523 4997 :
3555 4961 3574 4994 ‹
3616 4940 3676 4998 Si

438 5029 612 5085 clesim
642 5030 838 5100 gradus
863 5031 1114 5085 ordinare
1141 5048 1153 5084 :
1179 5032 1269 5086 alii
1314 5046 1441 5086 vero
1484 5030 1826 5098 allirmantes,
1860 5031 2002 5087 nullo

438 5122 597 5178 modo
640 5122 721 5179 eis
765 5110 868 5180 hoc
895 5122 1251 5178 ministerium
1297 5132 1621 5194 competere,
1659 5124 1754 5179 sed
1791 5131 2000 5179 tantum

436 5210 541 5267 illis
564 5211 828 5282 episcopis
868 5213 961 5282 qui
991 5212 1212 5267 urbibus
1231 5222 1486 5282 praesunt.
1519 5212 1592 5266 Ex
1619 5227 1725 5282 quo
1755 5211 2000 5267 videlicet

432 5303 948 5375 excitantursectaa,
988 5303 1219 5368 invidias,
1270 5303 1384 5369 irae,
1416 5304 1568 5368 rixae,
1611 5302 1999 5369 aemulationes,

434 5391 815 5471 dissensiones,
838 5395 1210 5449 contentiones
1227 5408 1349 5462 :pcr
1380 5408 1500 5463 qua:
1521 5393 1673 5448 multi
1697 5393 1763 5447 de
1784 5392 1997 5463 populo,

433 5481 678 5537 videntes
697 5485 1072 5555 magistrorum
1094 5483 1501 5548 dissensionem,
1528 5500 1632 5539 non
1657 5484 2001 5539 mediocriter

434 5573 882 5629 scandalizantur.
1249 5621 1258 5629 .

503 5659 619 5715 Non
645 5665 789 5718 enim
821 5663 1121 5731 huiusmodi
1146 5666 1439 5735 litigatores
1486 5667 1628 5721 illam
1653 5668 1995 5724 concordiam

2114 5055 2133 5087 ‹
2176 5044 2377 5101 autem,
2413 5034 2604 5103 inquit,
2634 5033 2842 5088 venerit
2881 5033 3220 5100 Timotheus,
3245 5033 3425 5090 videte
3468 5042 3525 5088 ut
3558 5034 3677 5090 sine

2114 5144 2132 5175 ι
2174 5125 2366 5180 timore
2400 5124 2469 5179 sit
2490 5123 2632 5194 apud
2658 5139 2753 5179 vos
2778 5137 2794 5177 :
2821 5138 2956 5194 opus
2980 5124 3124 5179 enim
3159 5123 3376 5179 Domini
3401 5133 3671 5195 operatur,

2112 5233 2132 5265 ι
2177 5215 2317 5269 sicut
2340 5226 2395 5269 et
2420 5231 2538 5286 ego.
2571 5213 2647 5268 Ne
2666 5213 2790 5282 quis
2813 5229 2942 5284 ergo
2968 5213 3115 5269 illum
3164 5221 3405 5284 spernat,
3428 5212 3676 5269 deducite

2113 5323 2132 5355 ι
2177 5304 2323 5359 illum
2349 5306 2401 5359 in
2434 5319 2583 5374 pace,
2615 5313 2675 5359 ut
2695 5304 2875 5360 veniat
2909 5303 2977 5359 ad
3017 5318 3104 5358 me
3133 5322 3145 5357 :
3170 5310 3421 5375 exspecto
3445 5303 3589 5359 enim
3612 5302 3675 5357 il-

2112 5416 2131 5447 ‹
2177 5396 2287 5450 lum
2308 5411 2429 5450 cum
2469 5394 2747 5451 fratribus.
2787 5414 2806 5448 ι
2840 5393 2952 5450 lloc
2999 5402 3177 5449 autem
3221 5404 3543 5465 praeceptum
3574 5393 3679 5449 hu-

2106 5488 2346 5544 militatis
2368 5487 2513 5543 clare
2541 5488 2608 5542 ab
2632 5488 2744 5558 ipsa
2765 5486 3006 5543 Veritate
3024 5488 3270 5557 sumpsit,
3292 5488 3473 5556 quaein
3494 5486 3683 5542 Evan-

2105 5579 2245 5649 gelio
2273 5579 2563 5648 discipulos
2592 5581 2657 5633 de
2700 5579 2934 5648 primatu
2978 5580 3362 5636 contendentes
3393 5578 3687 5643 instruxit,

2106 5669 2288 5724 dicens
2315 5667 2528 5739 (Matth.
2566 5667 2655 5739 xx)
2697 5686 2710 5722 :
2755 5687 2774 5720 ι
2825 5668 2997 5740 Reges
3044 5670 3286 5739 gentium
3326 5670 3672 5726 dominantur
