4028 6196
280 357 417 411 1197

1438 326 1454 341 ”
1556 350 1643 404 ne
1688 349 2242 408 cuonsmsceris.

3392 347 3521 406 lli)!

283 492 303 524 ι
348 483 568 534 eorum,
604 475 658 522 et
682 466 772 537 qui
798 473 1117 537 potestatem
1138 464 1341 521 habent
1366 481 1527 536 super
1546 480 1661 529 eos,
1697 466 1852 521 bene-
1879 468 1928 528 Α
1956 469 2270 538 signatiouis
2310 468 2631 540 pontiiicalis
2675 466 2992 525 adhibendae
3033 466 3249 522 sibimet
3292 472 3533 537 arripere

280 581 301 614 ί
345 561 433 617 ﬁci
458 566 738 614 vocantur.
764 557 871 612 Vos
914 566 1092 612 autem
1134 573 1239 613 non
1272 558 1386 613 sic:
1421 558 1515 613 sed
1544 559 1637 627 qui
1680 557 1851 627 major

281 673 300 705 ι
347 660 432 708 est
461 651 514 705 in
537 648 712 713 vobis,
747 648 841 703 ﬁat
885 648 1265 717 sicutjunior;
1323 656 1378 704 et
1420 649 1509 719 qui
1556 664 1854 720 praecessor

279 764 300 797 ι
346 751 451 808 est,
476 742 614 797 sicut
648 740 1000 795 ministratur.
1036 759 1055 790 ι
1090 739 1157 794 Et
1177 755 1273 794 suo
1296 754 1390 794 eos
1415 740 1659 809 exemplo
1688 740 1855 796 infor—

276 849 432 889 mans
456 831 718 903 sequitur,
746 831 930 886 dicens
957 828 1106 901 (Luc.
1135 845 1282 896 xxn;
1309 829 1499 884 Matth.
1531 830 1625 902 xx)
1653 851 1664 885 :
1697 851 1714 882 ι
1742 831 1852 902 Ego

280 942 301 975 ‹
344 933 525 978 autem
551 923 606 977 in
642 921 821 976 medio
846 929 1085 975 vestrum
1107 936 1226 975 sum
1257 920 1397 977 sicut
1417 919 1509 991 qui
1534 921 1807 975 ministrat
1836 939 1850 976 :

281 1036 303 1069 α
346 1015 488 1071 ﬁlius
511 1015 654 1070 enim
687 1013 920 1068 hominis
953 1029 1059 1067 non
1086 1012 1234 1068 venit
1273 1012 1592 1078 ministrari,
1624 1012 1718 1068 sed
1754 1011 1855 1066 mi-

282 1126 303 1159 «
347 1107 597 1168 nistrare,
627 1113 682 1160 et
710 1104 839 1158 dare
860 1103 1092 1158 animam
1126 1118 1280 1158 suam
1312 1102 1733 1173 redemptionem
1750 1118 1854 1173 pro

284 1215 305 1248 ι
346 1196 545 1250 multis.
581 1215 599 1247 ›

350 1284 629 1339 llabebant
652 1283 795 1338 enim
821 1283 921 1353 ipsi
957 1283 1183 1353 apostoli
1214 1281 1492 1352 adjutores
1518 1283 1573 1338 in
1598 1283 1855 1355 praedica-

278 1377 426 1431 tione
456 1373 730 1445 Evangelii
755 1373 978 1440 Christi,
1010 1375 1100 1445 qui
1131 1376 1295 1430 etiam
1319 1376 1688 1431 ordinationes
1717 1376 1856 1431 fece-

280 1474 410 1520 runt
455 1482 519 1520 ex
568 1464 848 1535 praeceptis
893 1479 1101 1520 eorum.
1126 1464 1280 1522 Unde
1337 1464 1532 1536 legitur
1576 1465 1629 1519 in
1669 1465 1855 1521 codice

279 1568 441 1625 quem
469 1554 731 1609 Damasus
755 1536 893 1624 papa
913 1555 980 1610 de
1001 1555 1266 1625 episcopis
1294 1555 1549 1610 Romanae
1576 1556 1850 1622 Ecclesiae,

279 1655 495 1716 petente
539 1646 863 1717 Hieronymo
911 1647 1257 1719 presbytero,
1315 1648 1656 1719 conscripsit,
1711 1647 1854 1718 quod

281 1734 447 1792 Linus
471 1745 527 1792 et
548 1736 733 1793 Cletus
759 1750 825 1792 ex
856 1748 1122 1808 praecepto
1146 1739 1289 1794 beati
1318 1738 1464 1795 Petri
1486 1740 1853 1796 ordinationes

279 1826 715 1897 presbyterorum
738 1806 981 1882 fecerunt
1011 1806 1176 1882 {cum
1203 1836 1380 1883 tamen
1403 1838 1525 1899 post
1548 1830 1865 1899 passionem
1887 1806 1939 1874 Β.

279 1917 446 1985 Petri,
477 1934 585 1975 non
620 1920 716 1985 illi,
761 1922 854 1977 sed
892 1920 1158 1989 Clemens,
1190 1922 1243 1978 in
1286 1923 1545 1979 honorem
1587 1926 1859 1981 cathedrae

280 2010 623 2077 successerit,
656 2012 772 2082 ipso
805 2011 979 2067 eidem
1019 2014 1263 2069 tradente
1299 2014 1540 2085 principe
1585 2015 1858 2085 apostolo-

280 2114 423 2166 rum,
464 2101 604 2157 sicut
652 2101 877 2173 epistola
924 2102 1164 2171 ejusdem
1193 2103 1505 2171 Clementis,
1549 2106 1749 2176 scripta
1791 2122 1859 2162 ex

280 2191 536 2246 mandato
560 2190 706 2247 Petri
731 2193 796 2249 ad
820 2191 1075 2250 Jacobum
1107 2194 1327 2252 fratrem
1354 2197 1587 2265 Domini,
1612 2205 1855 2254 testatur.

281 2276 429 2347 Hine
451 2294 577 2334 reor
601 2282 744 2350 quod
779 2298 910 2338 usus
941 2285 1448 2355 cborepiscopornm
1474 2287 1650 2356 primo
1691 2289 1859 2357 origi-

281 2383 408 2424 nem
434 2372 747 2440 sumpserit,
785 2380 841 2427 et
881 2374 1144 2447 hactenus
1176 2376 1231 2430 in
1271 2376 1508 2432 Ecclesia
1534 2378 1856 2443 retineatur,

280 2467 345 2513 ut
372 2458 473 2530 ipsi
515 2461 882 2533 chorepiscopi
928 2478 957 2518 a
1008 2464 1245 2534 propriis
1298 2467 1564 2537 episcOpis
1604 2468 1859 2534 ordinati,

276 2549 435 2621 juxta
460 2559 785 2622 prmceptum
808 2567 1017 2619 eorum,
1040 2553 1293 2610 diaconos
1323 2563 1379 2610 et
1405 2556 1772 2628 presbyteros,
1799 2573 1862 2613 ac

282 2651 513 2695 cancros
545 2640 745 2710 gradus
768 2641 1036 2709 ordinent,
1061 2650 1223 2714 atque
1253 2644 1462 2715 reliqua
1490 2645 1661 2701 oiIicia
1684 2661 1863 2702 sacer-

286 2731 489 2787 dotalia
521 2740 799 2803 peragant.

365 2821 516 2878 Unde
546 2823 714 2878 miror
738 2825 1007 2894 quomodo
1032 2824 1119 2880 isti
1147 2827 1238 2897 qui
1281 2826 1422 2883 hanc
1464 2828 1863 2884 contentionem

284 2919 523 2977 movent,
536 2912 779 2967 ordinem
802 2912 1302 2984 chorepiscoporum
1322 2923 1530 2971 tantum
1543 2917 1862 2987 despiciant,

285 3009 350 3055 ut
373 3015 509 3070 pene
541 3001 623 3056 eis
647 3000 781 3055 nihil
812 3003 1041 3071 amplius
1067 3019 1098 3057 a
1138 3002 1400 3075 dignitate
1427 3008 1863 3076 presbyterorum

287 3092 530 3146 tribuant
558 3109 573 3146 :
601 3106 725 3146 cum
766 3092 869 3148 hoc
897 3106 997 3148 nec
1040 3108 1325 3160 novorum,
1372 3110 1472 3149 nec
1496 3095 1861 3164 antiquorum,

286 3198 391 3238 nec
418 3183 579 3238 etiam
605 3184 735 3253 ipsis
757 3184 1121 3253 apostolorum
1148 3184 1494 3256 dogmatibus
1514 3186 1862 3241 consuetudi-
1889 3170 1935 3233 C

285 3273 554 3343 nibusque
586 3272 891 3338 conveniat,
926 3273 1021 3328 sed
1057 3275 1112 3327 in
1155 3289 1316 3329 sensu
1343 3274 1503 3331 simul
1543 3290 1573 3329 a
1615 3276 1864 3344 dogmate

284 3364 591 3420 dissentiat.
622 3363 802 3420 Claret
819 3364 961 3419 enim
990 3364 1116 3430 hoc,
1146 3367 1289 3436 quod
1316 3365 1370 3420 in
1395 3365 1480 3420 his
1514 3379 1620 3420 non
1647 3365 1786 3420 ratio
1810 3372 1866 3420 et

284 3456 586 3522 humilitas,
636 3456 730 3512 sed
761 3455 962 3510 invidia
996 3464 1158 3525 atque
1185 3454 1436 3525 superbia
1472 3456 1818 3511 dominentur
1845 3473 1859 3509 :

285 3545 366 3601 ita
389 3554 448 3601 ut
470 3546 739 3617 despectis
775 3546 1215 3615 cooperatoribus
1244 3545 1374 3611 suis,
1406 3546 1506 3615 ipsi
1534 3545 1632 3601 soli
1673 3555 1864 3616 poten-

283 3646 376 3693 tes
404 3652 468 3692 ac
497 3634 923 3692 sanctiﬁcatione
968 3634 1230 3706 pollentes
1275 3635 1447 3690 videri
1487 3642 1744 3707 appetant
1771 3653 1784 3689 :
1813 3642 1869 3691 et

285 3729 396 3787 hoc
421 3729 563 3801 quod
599 3729 773 3785 sancti
799 3728 987 3783 Patres
1022 3728 1091 3782 ad
1120 3726 1463 3783 concordiam
1503 3736 1560 3783 et
1605 3728 1867 3783 unionem

286 3819 516 3891 singulis
543 3819 893 3891 dignitatibus
913 3818 1368 3887 conscripserunt,
1399 3817 1500 3888 ipsi
1530 3818 1703 3889 magis
1723 3818 1869 3874 dam-

287 3913 567 3980 nationem
619 3911 861 3977 noxiam,
911 3925 1071 3981 quam
1128 3910 1419 3969 discretam
1464 3910 1868 3981 dispositionem

287 4019 413 4060 esse
465 4009 670 4074 putent.
703 4000 1025 4070 Praecipiunt
1052 4000 1196 4055 enim
1239 3999 1381 4054 sacri
1415 4014 1651 4055 canones
1691 3998 1868 4068 quali-

288 4103 378 4149 ter
404 4092 773 4163 unusquisque
815 4091 949 4145 ordo
976 4105 1283 4147 mensuram
1323 4105 1475 4146 suam
1516 4090 1807 4156 custodiat,
1838 4104 1869 4143 a

291 4184 520 4238 minimo
565 4195 738 4251 usque
766 4180 834 4235 ad
855 4180 1171 4245 maximum,
1194 4189 1251 4235 et
1271 4178 1447 4236 minor
1462 4181 1660 4253 gradus
1682 4180 1869 4251 majori

291 4287 512 4342 semper
531 4271 778 4326 subditus
799 4269 893 4324 ﬁat
925 4287 938 4323 :
972 4270 1045 4324 ita
1068 4277 1127 4324 ut
1149 4269 1360 4325 diaconi
1389 4269 1593 4341 absque
1621 4271 1871 4340 episcopo

288 4366 379 4423 vel
402 4366 718 4435 presbytero
763 4362 1039 4433 baptizare
1083 4378 1189 4417 non
1228 4370 1575 4433 przesumant,
1606 4361 1707 4416 nisi
1734 4378 1872 4432 pne-

292 4459 457 4514 dietis
482 4454 730 4511 fortassis
773 4452 963 4509 officiis
988 4453 1199 4522 longius
1223 4453 1532 4509 constitutis
1577 4453 1871 4507 necessitas

1958 558 2262 614 facultatem
2292 578 2305 613 :
2332 577 2436 615 non
2464 567 2724 629 praesente
2749 558 2988 627 quolibet
3011 558 3269 623 antistite,
3298 559 3402 612 nisi
3422 557 3531 612 for-

1957 658 2100 704 tasse
2117 648 2429 717 jubeantur,
2459 653 2540 703 vel
2565 647 2825 702 orationis
2846 647 2929 702 vel
2957 647 3184 702 actionis
3210 661 3378 703 sactae
3406 663 3534 718 sup4

1954 750 2140 810 petere
2174 740 2275 794 sibi
2328 748 2657 809 prmsumant
2701 737 2972 792 licentiam
3010 754 3022 791 :
3054 753 3228 806 neque
3276 738 3375 793 sub’
3413 737 3534 809 ejus

1956 839 2200 901 aspectu.
2234 832 2337 886 nisi
2366 831 2678 901 jubeantur,
2709 839 2802 884 aut
2846 831 3034 885 sedere
3060 838 3410 900 praesumant,
3443 839 3540 886 aut

1955 922 2280 979 venerabilia
2307 931 2542 978 tractare
2565 922 2823 993 mysteria
2855 939 2868 975 :
2903 936 3001 976 nec
3047 921 3150 977 sibi
3187 921 3533 977 meminerint

1955 1014 2062 1070 ulla
2093 1013 2301 1069 ratione
2344 1010 2588 1077 concedi,
2618 1011 2737 1066 sine
2766 1025 2975 1066 summo
3006 1010 3283 1080 pontiﬁce,
3309 1010 3530 1065 subdia‘

1954 1122 2149 1163 conum
2177 1105 2261 1160 vel
2289 1105 2595 1174 acolythum
2615 1102 2706 1172 jus
2729 1102 2930 1158 habere
2957 1101 3184 1156 faciendi
3209 1120 3221 1155 ε
3247 1117 3346 1156 nec
3372 1116 3531 1170 pror-

1955 1214 2048 1254 sus
2070 1197 2335 1261 dubitent,
2372 1196 2416 1251 si
2441 1194 2733 1266 quidquam
2761 1194 2828 1248 ad
2850 1192 3153 1263 episcopale
3174 1193 3533 1248 ministerium

1955 1287 2262 1360 specialiter
2283 1288 2578 1358 pertinens,
2607 1301 2705 1341 suo
2736 1294 2866 1339 nutu
2907 1284 3215 1355 putaverint
3233 1298 3532 1354 exsequen-

1954 1378 2104 1444 dum,
2130 1378 2383 1434 continuo
2411 1391 2469 1432 se
2498 1375 2818 1447 presbyterii
2847 1375 3108 1446 dignitate
3130 1384 3183 1431 et
3211 1390 3367 1430 sacra
3388 1390 3537 1431 com-

1956 1472 2211 1527 munione
2238 1471 2386 1542 priva
2396 1469 2459 1523 ri.
2494 1490 2512 1520 ι

2023 1560 2102 1615 De
2124 1560 2522 1630 chorepiscopis
2546 1568 2727 1615 autem
2777 1561 2832 1614 in
2872 1559 3156 1632 Ancyrano
3180 1559 3411 1615 concilio
3460 1561 3533 1616 ita

1955 1656 2214 1727 scriptum
2244 1665 2328 1711 est
2357 1655 2510 1729 (Can.
2545 1655 2634 1727 l9.)
2674 1674 2688 1710 :
2725 1676 2742 1706 ‹
2772 1656 3188 1725 Chorepiscopis
3237 1671 3344 1711 non
3372 1654 3536 1709 licere

1956 1750 2305 1820 presbyteros
2330 1756 2423 1803 aut
2450 1748 2706 1805 diaconos
2743 1745 3019 1814 ordinare,
3048 1748 3141 1804 sed
3188 1763 3289 1804 nec
3316 1749 3539 1819 presby-

1960 1850 2106 1897 teros
2126 1840 2381 1906 civitatis,
2419 1840 2536 1896 sine
2563 1850 2831 1913 przecepto
2867 1841 3104 1910 episcopi
3132 1838 3217 1897 vel
3240 1840 3452 1904 litteris,
3481 1840 3539 1894 in

1957 1947 2282 2003 unaquaque
2329 1932 2609 2011 parochia.
2648 1952 2664 1984 ι
2696 1932 2967 1999 Attende,
3019 1933 3183 2009 quod
3224 1938 3340 1987 'non
3385 1931 3536 1996 dicit,

1958 2022 2359 2093 chorepiscopis
2389 2038 2495 2078 non
2521 2023 2683 2078 licere
2722 2024 2939 2095 penitus
2977 2023 3234 2079 diaconos
3258 2031 3349 2076 aut
3372 2036 3530 2091 pres-
3571 2084 3574 2088 ,

1958 2113 2176 2187 byteros
2221 2113 2474 2168 ordinare
2492 2152 2507 2177 ,
2532 2113 2626 2167 sed
2652 2127 2756 2167 non
2780 2112 2936 2168 aliter
2964 2113 3151 2176 licere,
3182 2111 3283 2166 nisi
3309 2125 3377 2166 ex
3403 2103 3540 2180 ι)νώ-
3592 2139 3601 2147 -

1958 2212 2116 2274 cepto
2155 2202 2391 2279 episcopi
2432 2202 2517 2258 sui
2554 2202 2639 2258 vel
2684 2202 2878 2258 litteris
2918 2204 2972 2259 in
3016 2217 3338 2274 unaquaque
3375 2217 3538 2272 paro-

1959 2294 2102 2349 chia.

2029 2385 2160 2439 item
2190 2384 2245 2439 in
2266 2383 2599 2439 Antiocheno
2626 2382 2854 2440 concilio
2890 2383 2967 2438 sic
2989 2380 3182 2452 legitur
3217 2378 3371 2447 (Cen.
3401 2380 3491 2454 10)
3522 2399 3535 2436 :

1967 2492 1985 2525 ‹
2023 2473 2123 2541 Qui
2152 2474 2205 2528 in
2231 2474 2367 2530 vicis
2391 2473 2477 2529 vel
2512 2472 2942 2544 possessionibus
2974 2472 3343 2543 chorepiscopi
3367 2471 3540 2526 nomi-

1965 2575 2185 2631 nantur,
2212 2565 2463 2635 quamvis
2496 2581 2691 2620 manus
2726 2564 3123 2634 impositionem
3161 2562 3536 2633 episcoporum

1963 2658 2324 2727 perceperint,
2365 2665 2421 2712 et
2457 2665 2519 2712 ut
2563 2657 2798 2726 episcopi
2828 2656 3127 2711 consecrati
3171 2655 3302 2719 sint,
3358 2664 3541 2710 tamen

1963 2764 2133 2804 sacrae
2158 2750 2362 2820 synodo
2391 2748 2613 2820 placuit,
2644 2758 2705 2802 ut
2728 2748 2945 2803 modum
2980 2748 3254 2818 pmprium
3277 2762 3541 2818 recogno-

1964 2849 2137 2906 scant,
2167 2848 2222 2896 et
2247 2841 2549 2911 gubernent
2577 2837 2848 2908 subjectae
2885 2837 2986 2893 sibi
3011 2836 3294 2902 ecclesias,
3324 2851 3541 2891 earum-

1965 2946 2070 3002 que
2125 2931 2493 2986 moderamine
2521 2944 2757 3000 curaqne
2813 2928 3051 2983 contenti
3098 2928 3225 2981 sint.
3283 2925 3545 2983 Ordinent

1964 3021 2127 3074 etiam
2153 3020 2385 3075 lectores
2403 3027 2460 3074 et
2480 3020 2835 3075 subdiaconos
2862 3027 3026 3088 atque
3068 3018 3386 3072 exorcistas.
3409 3014 3542 3082 Qui-

1966 3111 2067 3165 bus
2106 3110 2474 3179 promotiones
2519 3109 2635 3164 istae
2673 3107 2939 3165 suﬁlciant
2976 3126 2991 3162 :
3029 3123 3130 3163 nec
3169 3108 3546 3179 presbyterum

1964 3215 2111 3263 vero,
2145 3215 2245 3255 nec
2264 3200 2548 3254 diaconum
2577 3200 2811 3269 audeant
2838 3198 3086 3254 ordinare
3130 3207 3326 3268 prmter
3351 3196 3541 3252 civita-

1965 3287 2369 3358 tis.episcopum
2415 3287 2492 3358 (id
2525 3295 2610 3342 est
2652 3297 2849 3357 printer
2887 3287 3273 3341 conscientiam
3309 3284 3546 3340 civitatis

1963 3381 2201 3452 episcopi
2231 3380 2281 3453 ο)
2308 3378 2394 3435 cui
2430 3380 2545 3449 ipse
2572 3393 2692 3434 cum
2721 3376 3060 3448 possessione
3089 3384 3171 3431 est
3197 3375 3489 3445 subjectus.
3522 3395 3540 3426 ι

1965 3471 2099 3528 Cum
2126 3480 2305 3527 autem
2332 3470 2749 3541 ehorepiscopo‘s
2775 3484 2968 3526 manus
3004 3468 3400 3538 impositionem
3425 3469 3543 3537 cpi-

1967 3577 2253 3632 scoparum
2280 3560 2557 3631 percipere
2583 3559 2746 3623 dicat,
2780 3565 2838 3613 et
2882 3558 3102 3627 quidem
3139 3557 3281 3612 sicut
3308 3557 3545 3626 episcopi

1966 3651 2271 3709 consecrati
2318 3650 2430 3706 sint
2475 3667 2489 3705 :
2533 3665 2631 3704 cur
2675 3664 2799 3704 cum
2838 3663 3106 3703 consensu
3150 3647 3544 3717 episcoporum,

1966 3744 2161 3816 quibus
2187 3741 2413 3810 subjecti
2442 3748 2589 3806 sunt,
2619 3740 3055 3830 consecrationes
3079 3753 3359 3794 sacrorum
3394 3736 3543 3791 ordi-

1968 3852 2097 3893 num
2134 3835 2216 3890 eis
2244 3834 2424 3889 facere
2470 3847 2577 3888 non
2611 3831 2757 3895 licet,
2797 3839 2852 3887 et
2883 3829 3018 3886 eum
3051 3829 3342 3886 chrismate
3391 3842 3546 3884 sacro

1968 3924 2154 3980 ﬁdeles
2174 3922 2524 3993 consignare?
2553 3920 2763 3975 Vanum
2783 3930 2868 3975 est
2886 3920 3052 3984 enim,
3077 3932 3399 3989 quemquam
3418 3931 3548 3972 con-

1968 4015 2319 4072 secrationem
2342 4012 2703 4083 episcopalem
2732 4010 2948 4073 habere,
2974 4011 3020 4066 si
3052 4008 3409 4064 ministerium
3436 4008 3546 4078 epi-

1969 4106 2118 4175 scopi
2155 4106 2205 4161 ei
2246 4120 2353 4160 non
2399 4104 2527 4160 licet
2576 4119 2756 4176 agere.
2798 4102 2881 4158 Ad
2928 4103 3055 4172 quid
3089 4116 3219 4173 ergo
3264 4100 3546 4155 invocatur

1970 4195 2204 4267 Spiritus
2230 4204 2447 4251 sanctus
2484 4194 2554 4249 ab
2585 4194 2840 4265 episcopo
2874 4192 3186 4249 ordinatore
3237 4192 3546 4246 sanctifica-

1970 4288 2171 4344 tionem
2200 4302 2447 4358 persona:
2467 4285 2797 4351 ordinandas,
2822 4294 2876 4341 et
2902 4283 3106 4338 tribuat
3131 4280 3318 4355 [Forte
3336 4289 3397 4335 ut
3425 4298 3550 4337 sano

1969 4378 2351 4436 ctiﬁcationem
2400 4391 2647 4449 personae
2695 4375 3008 4430 ordinandte
3046 4370 3384 4443 tribuat],,si
3433 4370 3550 4438 ipse

1973 4469 2252 4524 invocator
2286 4474 2341 4521 et
2370 4465 2667 4529 ordinator,
2715 4470 2837 4533 post
2873 4461 3358 4525 consecrationem,
3386 4475 3550 4530 quam

291 4557 540 4604 extrema
563 4543 849 4615 compellat
880 4563 894 4598 :
921 4551 978 4599 et
998 4552 1057 4599 ut
1080 4544 1308 4614 gratiam
1343 4557 1512 4601 sacrae
1534 4542 1866 4600 communio-

1974 4522 2322 4625 riteperegit,
2350 4522 2794 4623 reprehenderit?
2818 4539 3068 4621 Nunquid
3104 4522 3547 4604 Dominum-irri-

291 4639 383 4696 nis
407 4645 528 4709 post
566 4635 910 4707 presbyteros
936 4634 1204 4705 accipiant
1240 4633 1472 4700 diaconi,
1497 4640 1590 4688 aut
1626 4632 1877 4704 episcopo

294 4728 378 4787 eis
396 4739 490 4785 aut
506 4729 822 4800 presbytero
844 4725 1152 4796 porrigente
1184 4741 1199 4778 :
1231 4722 1325 4780 sed
1353 4739 1453 4779 nec
1480 4725 1668 4780 sedere
1690 4724 1745 4780 in
1769 4739 1878 4779 me-

296 4822 389 4878 dio
413 4819 857 4892 presbyterorum
896 4814 1137 4872 diaconis
1163 4814 1343 4881 liceat,
1373 4829 1474 4869 nec
1501 4812 1665 4870 etiam
1690 4829 1875 4871 coram

295 4910 618 4983 presbytero
650 4909 838 4965 sedere
869 4908 1122 4973 audeant,
1159 4906 1254 4961 sed
1286 4905 1532 4977 jussione
1575 4906 1875 4977 presbyteri

296 5007 543 5064 sedeant.
568 5003 831 5060 Similiter
852 5019 1066 5075 quoque
1108 5003 1387 5068 mandant,
1410 5010 1473 5057 ut
1510 5002 1753 5058 diaconis
1776 5002 1875 5058 ho—

297 5108 402 5151 nor
425 5093 743 5149 exhibeatur
767 5091 835 5146 ab
859 5089 1301 5162 obsequentibus,
1327 5090 1382 5146 id
1403 5098 1509 5156 est,
1531 5090 1873 5147 subdiaconis

291 5192 351 5241 et
385 5183 636 5239 omnibus
660 5180 903 5237 clericis.
954 5184 957 5187 ’

371 5272 449 5327 De
474 5271 805 5342 presbyteris
839 5286 970 5327 vero
1008 5270 1062 5325 in
1091 5269 1326 5326 decretis
1374 5259 1574 5326 Gelasii
1604 5284 1756 5339 papae
1798 5266 1872 5322 ita

302 5363 563 5434 scriptum
588 5368 670 5418 est
697 5361 895 5434 (Celes.
926 5360 979 5427 I,
1033 5379 1116 5433 ep.
1163 5361 1220 5427 9,
1261 5377 1309 5415 c.
1342 5360 1397 5433 6)
1426 5377 1441 5415 :
1477 5380 1495 5414 ι
1532 5359 1642 5417 Nec
1693 5359 1874 5415 minus

301 5455 466 5510 etiam
489 5454 833 5524 presbyteros
862 5452 1002 5506 ultra
1029 5467 1184 5507 suum
1216 5449 1433 5507 modum
1458 5451 1676 5506 tendere
1698 5448 1877 5521 probi-

301 5544 514 5608 bemus,
539 5557 644 5600 nee
664 5540 951 5612 episcopali
982 5539 1198 5613 fastigio
1242 5539 1420 5595 debita
1469 5539 1685 5597 sibimet
1711 5539 1874 5609 auda-

305 5640 422 5689 cter
444 5645 718 5687 assumere
742 5650 756 5687 :
779 5647 881 5687 nec
906 5631 1224 5688 conﬁciendi
1262 5630 1592 5700 chrismatis,
1618 5646 1718 5688 nec
1747 5645 1877 5687 con-

312 5811 322 5819 ,
375 5763 404 5792 ι
426 5750 774 5807 Parenthesis
800 5761 884 5808 est
906 5751 1134 5807 Rabani.

1971 4648 2083 4712 det,
2121 4645 2272 4715 cujus
2316 4645 2516 4700 donum
2551 4644 2744 4714 poscit,
2785 4659 2906 4698 cum
2949 4652 3135 4713 postea
3182 4642 3311 4697 illud
3346 4643 3550 4697 donum

1973 4736 2271 4809 spreverit?
2316 4733 2568 4805 Nunquid
2598 4751 2717 4790 non-
2754 4743 2812 4789 et
2852 4733 3143 4799 calumnia,
3192 4748 3296 4803 qua
3337 4733 3550 4787 Domini

1973 4828 2415 4897 significationem
2463 4825 2650 4899 [Forte
2697 4823 3204 4897 sanctiﬁcationem]
3255 4823 3448 4889 illudit,
3483 4823 3553 4877 ad

1974 4919 2149 4989 ipsum
2186 4924 2463 4973 auctorem
2504 4916 2949 4972 sanctiﬁcationis
2991 4915 3287 4986 pertingit?
3325 4912 3552 4968 Planum

1977 5020 2062 5067 est
2088 5026 2216 5081 ergo
2239 5010 2381 5081 quod
2404 5011 2457 5064 in
2486 5009 2688 5081 Spiritu
2732 5016 2920 5064 sancto
2947 5023 3045 5078 per
3064 5008 3288 5062 verbum
3313 5006 3406 5060 Dei
3433 5020 3550 5059 om-

1978 5101 2065 5155 nis
2089 5098 2443 5154 sanctiﬁcatio
2462 5096 2803 5167 adimpletnr.
2839 5096 2908 5151 Et
2933 5110 3102 5166 quare
3149 5111 3254 5149 non
3290 5093 3549 5163 pertime‘

1979 5190 2081 5246 scit
2104 5190 2501 5260 blasphemare,
2528 5196 2585 5243 et
2616 5188 2873 5258 derogare
2896 5184 3130 5258 Spiritus
3156 5184 3327 5239 sancti
3362 5172 3575 5252 potenJ

1980 5283 2103 5337 tiae?
2122 5297 2245 5338 cum
2267 5282 2528 5351 scriptum
2560 5280 2630 5336 sit
2660 5278 2812 5352 (Luc.
2840 5279 2941 5350 xu)
2974 5296 2987 5333 :
3023 5295 3041 5328 ι
3082 5276 3182 5343 Qui
3209 5275 3406 5330 dixerit
3430 5288 3551 5328 ver-

1986 5392 2004 5425 t
2048 5374 2178 5429 hum
2205 5380 2393 5428 contra
2448 5371 2615 5426 ﬁlium
2668 5371 2923 5434 hominis,
2985 5368 3289 5423 remittetur
3327 5364 3375 5419 ei
3410 5377 3425 5416 :
3457 5362 3547 5432 qui

1984 5482 2003 5515 ι
2045 5471 2223 5519 autem
2258 5461 2456 5517 dixerit
2491 5469 2677 5517 contra
2720 5460 2976 5531 Spiritum
3019 5465 3294 5521 sanctum,
3320 5471 3423 5509 non
3460 5469 3547 5507 re-

1984 5572 2002 5605 ι
2045 5553 2293 5608 mittetur
2328 5552 2398 5618 ei,
2444 5567 2619 5622 neque
2657 5552 2709 5604 in
2746 5551 2848 5604 hoc
2890 5547 3100 5603 szeculo.
3143 5560 3316 5615 neque
3366 5546 3417 5598 in
3465 5545 3551 5598 εὐα-

1980 5662 1999 5696 ι
2048 5651 2186 5699 ture.
2218 5662 2237 5695 ι
2271 5641 2424 5698 Unde
2457 5641 2647 5698 Petrus
2667 5639 2941 5711 apostolus
2989 5638 3042 5693 in
3083 5639 3304 5693 Actibus
3338 5646 3549 5707 aposto-
