4028 6196
425 316 563 376 “99

1107 314 1168 369 Β.
1213 314 1460 369 ΗΑΒᾹΜ
1506 313 1720 369 MAURI
1760 309 2081 367 ARCIIIEP.
2122 307 2429 363 MOGUNT.
2469 305 2749 363 OPERUM
2785 304 2967 360 PARS
2999 298 3061 359 ll.

3559 306 3703 362 1³2⁸0

423 437 617 498 lorum,
640 442 763 488 cum
783 424 1086 485 Cornelium
1112 427 1482 483 centurionem
1504 435 1557 480 et
1581 442 1674 480 eos
1702 426 1791 496 qui
1816 438 2001 479 secum
2031 426 2079 481 A
2108 427 2270 474 raret.
2304 419 2377 474 De
2406 433 2511 487 quo
2535 425 2589 472 et
2617 417 2729 487 ipsa
2758 417 2991 480 Veritas,
3021 415 3311 483 discipulos
3340 415 3406 470 ad
3436 417 3712 473 imitatio—

416 534 592 581 erant
610 524 815 577 videret
856 520 1129 589 accepisse
1154 519 1385 590 gratiam
1438 516 1672 587 Spiritus
1698 516 1893 580 sancti,
1918 512 2007 567 Ju-

427 616 571 669 daros
595 620 784 667 contra
814 625 870 664 se
900 609 1224 664 altercantes
1271 624 1369 679 pro
1412 623 1477 662 eo
1518 606 1661 678 quod
1706 607 1774 660 ad
1820 614 2006 676 gentes

427 702 678 757 introiret
699 710 754 753 et
776 701 1124 753 manducaret
1150 714 1271 752 cum
1302 698 1425 763 illis,
1457 697 1547 751 tali
1578 712 1835 767 responso
1863 695 2007 749 refu-

428 804 528 859 tat,
568 793 753 847 dicens
785 810 797 844 :
842 811 859 842 ι
896 790 954 845 Si
980 806 1109 861 ergo
1149 790 1395 845 eamdem
1432 789 1659 860 gratiam
1710 788 1858 843 dedit
1901 787 2007 841 illis

433 878 451 937 ε
498 887 636 939 Deus
661 885 799 939 sicut
833 893 887 938 et
915 883 1090 947 nobis,
1119 883 1209 952 qui
1242 881 1569 936 credidimus
1622 880 1675 933 in
1722 879 2007 933 Dominum

432 996 451 1028 ι
491 975 677 1031 Jesum
710 975 980 1031 Christum
1017 990 1029 1028 :
1064 990 1162 1045 ego
1189 974 1311 1044 quis
1340 989 1486 1027 cram
1519 972 1609 1041 qui
1644 984 1858 1041 possem
1885 983 2007 1037 pro—

433 1090 451 1120 ι
499 1070 687 1125 bibere
717 1068 1041 1122 Dominum?
1074 1067 1169 1121 llis
1198 1065 1394 1121 auditis
1424 1072 1729 1126 tacuerunt,
1755 1071 1809 1115 et
1840 1059 2006 1131 glori-

434 1179 452 1209 ι
498 1160 795 1213 ﬁcaverunt
843 1158 1148 1221 Dominum,
1187 1158 1428 1212 dicentes
1464 1171 1477 1207 :
1508 1155 1648 1224 Ergo
1679 1163 1731 1207 et
1761 1152 2010 1223 gentibus

434 1271 453 1303 ι
498 1252 639 1307 Deus
654 1252 1029 1325 paenitentiam
1052 1248 1118 1302 ad
1144 1248 1308 1301 vitam
1332 1246 1479 1301 dedit
1502 1245 1638 1314 (Act.
1669 1242 1769 1314 χι).
1797 1262 1813 1293 ›
1837 1241 2008 1310 Quem

427 1356 558 1411 ergo
585 1340 726 1395 Deus
749 1341 889 1395 dono
911 1338 1134 1409 Spiritus
1163 1338 1244 1392 sui
1275 1338 1528 1400 honorat,
1560 1348 1662 1387 non
1692 1341 1773 1386 est
1803 1340 2009 1385 rectum
2048 1356 2059 1361 -

425 1441 490 1486 ut
515 1433 584 1486 ab
612 1430 917 1485 hominibus
952 1429 1350 1484 dehonestetur.
1396 1424 1503 1479 Nec
1544 1423 1700 1478 debet
1724 1421 2009 1492 quisquam

427 1539 528 1593 pro
550 1522 816 1577 calumnia
841 1519 1273 1590 deputare,quod
1299 1516 1478 1572 divina
1510 1514 1862 1584 dispositione
1883 1529 2010 1568 con-

431 1620 540 1666 stat
569 1611 872 1666 ordinatum
903 1624 1021 1664 esse
1052 1628 1064 1661 :
1091 1622 1211 1678 qua:
1236 1607 1378 1661 enim
1401 1614 1544 1670 sunt,
1572 1620 1601 1657 a
1625 1603 1734 1657 Deo
1763 1603 2009 1658 ordinata

432 1709 578 1756 sunt.
632 1700 863 1754 Proinde
927 1714 1027 1754 nec
1064 1697 1407 1752 inferioribus
1461 1694 1727 1764 episc0pis
1778 1692 2011 1764 dignitas

2108 524 2233 564 nem
2276 510 2358 564 sui
2389 522 2720 578 provocans,
2750 506 2825 560 ait
2855 524 2866 558 :
2906 524 2924 556 ι
2958 504 3149 559 Tollite
3171 505 3359 575 jugum
3389 521 3572 561 meum
3604 524 3709 562 su-

2112 617 2131 650 ι
2170 614 2266 668 per
2290 612 2404 661 vos,
2433 606 2488 651 et
2514 596 2705 651 discite
2735 610 2765 649 a
2793 610 2880 650 me
2913 595 3037 663 quia
3067 593 3215 648 mitis
3249 610 3368 649 sum
3396 606 3453 650 et
3478 598 3711 653 humilis

2115 706 2135 739 ι
2168 687 2350 753 corde,
2386 694 2440 741 et
2467 684 2751 739 invenietis
2778 684 3017 753 requiem
3044 683 3328 738 animabus
3348 685 3562 741 vestris.
3596 684 3707 739 Ju-

2114 797 2133 829 ι
2169 794 2292 849 gum
2333 777 2475 831 enim
2524 792 2702 830 meum
2751 789 2915 830 suave
2962 783 3075 840 est,
3117 784 3172 829 et
3198 790 3339 830 onus
3366 791 3536 830 meum
3572 778 3697 832 leve

2115 889 2131 919 ι
2168 867 2376 938 (Matth.
2419 870 2528 937 χι).
2570 887 2588 918 ι
2630 865 2743 920 lloc
2784 866 2969 935 jugum
3011 880 3105 934 per
3146 866 3467 920 charitatem
3506 866 3701 921 ﬁdeles

2110 958 2299 1023 sociat,
2330 974 2434 1011 non
2463 974 2561 1027 per
2587 956 2986 1011 contentionem
3022 957 3247 1026 dissipat
3278 976 3290 1009 :
3321 958 3530 1028 hocque
3555 975 3700 1014 onus

2111 1062 2218 1101 non
2254 1047 2509 1116 Opprimit
2548 1061 2607 1100 se
2643 1055 2944 1116 portantem
2982 1062 3079 1117 per
3112 1049 3367 1115 ponderis
3399 1051 3701 1118 gravitudi—

2112 1155 2260 1204 nem,
2290 1142 2381 1193 sed
2405 1140 2577 1211 magis
2600 1138 2841 1194 sublevat
2862 1154 2926 1194 ac
2948 1148 3217 1194 sustentat
3238 1155 3335 1210 per
3354 1141 3529 1196 solatii
3556 1158 3700 1197 con-

2117 1230 2455 1285 solationem.

2184 1322 2323 1376 Nihil
2360 1338 2487 1393 ergo
2510 1320 2657 1390 juvat
2703 1324 3121 1392 reprehensores
3158 1323 3260 1378 hos
3290 1331 3345 1377 et
3372 1325 3701 1394 vaniloquos

2113 1414 2434 1482 magistros,
2465 1414 2591 1483 quia
2625 1414 2691 1467 ad
2732 1412 3094 1467 defensionem
3124 1414 3325 1468 erroris
3357 1416 3437 1469 sui
3470 1415 3600 1469 illud
3627 1417 3699 1471 de

2111 1505 2335 1559 Actibus
2364 1505 2725 1575 apostolorum
2766 1520 2978 1559 sumere
3013 1505 3289 1566 nituntur,
3333 1507 3458 1575 quia
3495 1507 3696 1563 Petrus

2115 1604 2169 1648 et
2217 1594 2454 1650 Joannes
2503 1594 2651 1649 missi
2683 1594 2788 1648 sint
2819 1593 2887 1647 ab
2923 1594 3179 1664 apostolis
3208 1596 3273 1650 de
3302 1595 3696 1668 Hierosolymis

2115 1686 2167 1739 in
2196 1684 2496 1739 Samariam
2514 1725 2528 1749 ,
2561 1692 2619 1738 ut
2648 1684 2983 1753 imponerent
3012 1684 3117 1740 illis
3144 1699 3364 1749 manus,
3389 1687 3481 1755 qui
3505 1703 3536 1739 a
3566 1686 3697 1740 Phi-

429 1790 636 1861 proprii
700 1790 898 1861 gradus
935 1788 1159 1850 tollitur,
1199 1798 1328 1840 cum‘
1386 1783 1799 1852 metropolitano
1845 1782 2009 1835 totius
2037 1770 2085 1830 Β
2112 1778 2256 1848 lippo
2299 1777 2742 1846 baptizabantur,
2782 1784 3048 1846 quatenus
3097 1777 3402 1848 acciperent
3427 1776 3695 1849 Spiritum

431 1881 723 1952 provincia:
742 1894 870 1934 cura
905 1878 1201 1947 delegatur.
1234 1875 1366 1929 Nam
1401 1875 1520 1928 sine
1548 1888 1613 1927 eo
1640 1872 1693 1926 in
1734 1870 2009 1941 provincia

432 1970 740 2039 episcopum
769 1966 1041 2031 ordinare,
1080 1980 1181 2019 nec
1221 1962 1469 2035 generale
1496 1960 1785 2015 concilium
1813 1973 2013 2013 convo-

434 2074 576 2121 care,
608 2072 707 2112 nec
735 2056 1026 2126 quidquam
1064 2054 1208 2108 aliud
1256 2052 1464 2107 czrteris
1488 2050 1757 2120 episcopis
1802 2048 1929 2102 licet
1956 2048 2012 2099 in

388 2142 393 2147 ’
434 2149 711 2220 provincia
738 2162 914 2217 agere,
943 2147 1046 2200 nisi
1071 2160 1189 2215 qua:
1218 2154 1329 2198 tum
1352 2152 1565 2198 constat
1590 2142 1655 2196 ad
1679 2139 2011 2210 singulorum

433 2238 718 2310 parochias
744 2247 801 2292 et
835 2237 1174 2306 episcopatus
1214 2222 1507 2304 pertinere.
1553 2231 1610 2285 Si
1646 2231 1790 2286 enim
1821 2229 1876 2283 in
1899 2228 2013 2298 epi-

436 2343 722 2397 scoporum
744 2325 933 2381 ordine
964 2323 1381 2394 chorepiscopos
1426 2337 1527 2377 non
1555 2320 1743 2375 liceret
1786 2319 2008 2382 habere,

434 2418 737 2472 nullatenus
759 2417 898 2471 inter
929 2425 1195 2470 trecentos
1231 2415 1411 2469 decem
1452 2421 1501 2467 et
1530 2421 1652 2467 octo
1681 2411 1886 2473 Patres,
1918 2409 2010 2479 qui

436 2510 487 2563 in
533 2508 749 2564 Nicazno
796 2508 1025 2563 concilio
1068 2505 1374 2570 adfuerunt,
1417 2510 1920 2559 annumerarentur.
1953 2500 2010 2553 In

435 2615 663 2668 quorum
710 2599 954 2669 catalogo
992 2597 1220 2666 amplius
1250 2612 1410 2667 quam
1453 2595 1737 2651 duodecim
1765 2593 2011 2662 chorepi-

439 2690 586 2758 scopi
615 2689 804 2744 inserti
827 2698 971 2752 sunt,
1001 2688 1088 2742 ubi
1119 2687 1294 2741 nullus
1320 2688 1761 2757 presbyterorum
1784 2683 1867 2737 vel
1892 2682 2008 2736 dia-

437 2793 700 2833 conorum
732 2780 785 2833 in
824 2793 1050 2832 numero
1087 2777 1354 2846 praeﬁnito
1384 2776 1628 2839 Patrum,
1674 2772 1769 2828 sed
1811 2771 2012 2836 solum;-

436 2869 596 2947 modo
618 2867 1016 2937 metropolitani
1040 2876 1095 2920 et
1118 2866 1375 2936 episc0pi,
1414 2874 1576 2934 atque
1614 2862 2008 2932 chorepiscopi,

434 2960 753 3016 nominatim
782 2957 1031 3012 recensiti
1071 2957 1435 3011 inveniuntur.
1463 2956 1542 3010 Ad
1586 2955 1712 3025 quid
1738 2956 1882 3011 enim
1904 2957 2013 3025 epi-

434 3064 630 3118 scopus
668 3045 955 3116 cujuslibet
995 3046 1229 3100 civitatis
1259 3044 1702 3113 chorepiscopum
1750 3045 1852 3098 sibi
1897 3045 2010 3099 vult

434 3155 498 3193 ac
518 3138 761 3193 decernit
812 3137 1084 3201 ordinare,
1115 3137 1160 3190 si
1216 3135 1385 3203 ipsam
1425 3135 1816 3189 ordinationem
1858 3150 2007 3189 suam

434 3228 635 3281 nullam
662 3225 953 3282 efﬁcaciam
972 3227 1263 3281 arbitratur
1288 3224 1510 3279 habere.
1536 3224 1676 3278 Dicit
1704 3225 1846 3279 enim
1869 3225 2009 3294 Apo-

433 3316 601 3372 stolus
630 3315 804 3387 (Rom.
834 3314 945 3387 xxv)
977 3330 990 3368 :
1026 3334 1043 3366 ι
1072 3314 1271 3369 Beatus
1301 3315 1391 3385 qui
1433 3330 1540 3369 non
1582 3312 1787 3382 judicat
1814 3321 2008 3369 semet-

439 3426 459 3459 ι
500 3407 673 3476 ipsum
698 3406 752 3460 in
776 3421 840 3461 eo
865 3405 1007 3475 quod
1050 3405 1262 3475 probat.
1309 3404 1410 3471 Qui
1449 3413 1627 3459 autem
1658 3404 1935 3468 discernit,
1962 3404 2005 3458 si

438 3518 458 3550 ι
498 3497 905 3553 manducaverit
948 3498 1232 3551 danmatus
1279 3504 1384 3558 est,
1434 3494 1561 3564 quia
1616 3509 1722 3547 non
1767 3509 1831 3547 ex
1881 3495 2003 3547 ﬁde.

439 3610 457 3641 ι
503 3590 673 3645 Omne
716 3598 895 3644 autem
943 3587 1085 3656 quod
1132 3602 1237 3641 non
1282 3595 1366 3641 est
1413 3600 1479 3639 ex
1542 3583 1663 3649 ﬁde,
1721 3592 2004 3653 peceatum

441 3699 459 3731 ι
503 3688 605 3735 est.
637 3701 655 3731 ι
692 3678 841 3734 Hanc
864 3678 1081 3747 quidem
1110 3675 1435 3731 sententiam
1481 3689 1589 3729 non
1640 3674 1706 3727 ad
1758 3674 2003 3727 ciborum

431 3769 767 3824 solummodo
792 3769 1105 3839 qualitatem
1129 3775 1182 3821 et
1204 3765 1556 3821 dill‘erentiam
1578 3763 2002 3827 discernendam,

428 3861 527 3915 sed
552 3860 617 3914 ad
642 3875 855 3914 onmem
881 3859 1286 3929 ambiguitatem
1329 3865 1384 3913 et
1424 3856 1791 3927 duplicitatem
1819 3855 2007 3910 tollen-

433 3949 576 4013 dam,
603 3948 866 4019 prolatam
897 3963 1015 4003 esse
1047 3948 1396 4017 intelligimus
1426 3964 1437 3999 :
1470 3954 1530 4000 ut
1560 3961 1665 4001 non
1690 3946 1859 4002 simus
1879 3961 2007 4016 par-

432 4040 542 4093 vuli
565 4039 883 4094 fluctuantes
914 4039 966 4092 in
1010 4040 1155 4092 omni
1181 4046 1341 4092 vento
1369 4037 1645 4102 doctrinm,
1686 4038 1779 4091 sed
1806 4038 1921 4090 sani
1951 4043 2006 4091 et

431 4130 653 4186 stabiles
674 4130 728 4183 in
755 4129 857 4183 ﬁde
883 4138 938 4183 et
977 4128 1115 4181 ﬁrmi
1146 4129 1199 4181 in
1232 4127 1523 4197 apostolica
1550 4127 1815 4181 doctrina.
1854 4144 1871 4176 ι
1907 4126 2004 4179 V'ir

437 4242 456 4274 ι
498 4221 643 4275 enim
668 4218 860 4289 duplex
897 4218 1076 4272 animo
1100 4217 1413 4272 inconstans
1443 4224 1525 4271 est
1550 4218 1602 4270 in
1624 4216 1873 4272 omnibus
1898 4216 2002 4270 viis

437 4331 457 4363 ι
502 4310 655 4365 suis:
685 4316 756 4373 et,
782 4308 873 4378 qui
911 4306 1121 4361 haesitat
1156 4306 1347 4390 similis
1390 4314 1472 4360 est
1504 4304 1685 4360 ﬂuctui
1719 4306 1885 4361 maris
1911 4306 2002 4375 qui

439 4421 455 4452 ι
499 4416 529 4454 a
553 4408 716 4454 vento
750 4404 997 4452 movetur
1017 4406 1070 4451 et
1092 4395 1469 4451 circumfertur
1494 4395 1631 4458 (Jac.
1658 4395 1720 4465 ι).
1754 4414 1771 4446 ι

2112 1877 2379 1933 sanctum,
2404 1867 2656 1936 quoniam
2683 1866 2839 1921 aliter
2861 1867 2961 1921 hoc
2992 1867 3103 1922 ﬁeri
3129 1884 3236 1922 non
3265 1869 3508 1933 decebat,
3523 1885 3696 1938 quam

2111 1966 2173 2011 ut
2199 1956 2424 2027 apostoli
2474 1955 2757 2025 implerent
2790 1965 2845 2013 et
2870 1956 3192 2025 perﬁcerent
3224 1974 3287 2013 ea
3324 1973 3446 2028 quae
3472 1975 3501 2013 a
3530 1960 3696 2014 mini-

2113 2056 2226 2102 stro
2250 2063 2435 2102 eorum
2466 2047 2603 2101 bene
2631 2054 2805 2116 coepta
2837 2045 3069 2102 fuerant.
3096 2047 3209 2103 Non
3234 2050 3379 2104 enim
3409 2048 3693 2120 Philippus

2112 2138 2199 2191 hic
2237 2153 2375 2191 unus
2411 2137 2477 2191 de
2515 2137 2827 2201 duodecim,
2865 2138 2959 2192 sed
2989 2153 3127 2193 unus
3160 2138 3224 2193 de
3256 2148 3470 2208 septem
3510 2139 3698 2194 diaco-

2112 2225 2269 2281 nibus
2293 2235 2432 2291 erat,
2461 2226 2552 2295 qui
2578 2227 2646 2279 ab
2670 2226 2924 2296 apostolis
2951 2227 3107 2298 paulo
3130 2238 3251 2284 ante
3269 2230 3519 2284 ordinati
3542 2240 3685 2295 sunt,

2111 2317 2203 2386 qui
2225 2324 2279 2371 et
2300 2317 2353 2370 in
2384 2317 2625 2386 catalogo
2647 2326 2850 2386 septem
2880 2316 3163 2373 levitarum
3186 2319 3393 2388 primus
3411 2329 3534 2389 post
3564 2319 3690 2375 Ste-

2112 2410 2345 2478 phanum
2371 2419 2755 2463 annumeratus
2777 2419 2878 2463 est.
2899 2409 3056 2465 Unde
3075 2419 3193 2480 post
3219 2410 3480 2481 Stephani
3498 2427 3686 2467 necem

2113 2498 2294 2553 statim
2324 2499 2390 2553 ad
2421 2498 2649 2568 Philippi
2685 2508 2838 2554 actus
2876 2500 3220 2570 explicandas
3251 2502 3481 2571 scriptor
3514 2502 3690 2557 histo—

2114 2589 2208 2643 ria:
2234 2590 2445 2644 videtur
2472 2591 2735 2653 transire,
2769 2591 2844 2644 ita
2874 2591 3058 2647 dicens
3090 2609 3103 2645 :
3144 2611 3162 2642 ι
3198 2591 3366 2648 Facta
3391 2603 3473 2650 est
3504 2603 3688 2647 autem

2119 2700 2137 2733 ι
2175 2682 2230 2735 in
2261 2681 2349 2735 illa
2382 2682 2466 2736 die
2494 2683 2799 2750 persecutio
2836 2699 3030 2755 magna
3071 2684 3125 2737 in
3173 2684 3399 2740 ecclesia
3426 2701 3541 2755 quae
3565 2696 3693 2742 erat

2119 2791 2136 2823 ι
2175 2771 2579 2843 Hierosolymis,
2613 2781 2667 2827 et
2693 2788 2881 2827 omnes
2910 2774 3138 2844 dispersi
3170 2784 3296 2829 sunt
3320 2791 3415 2846 per
3439 2778 3690 2847 regiones

2121 2882 2138 2915 ι
2178 2862 2377 2918 Judma:
2402 2872 2457 2918 et
2485 2863 2744 2919 Samaria)
2781 2872 2977 2933 przeter
3013 2865 3283 2934 apostolos
3319 2866 3453 2937 (Act.
3486 2868 3627 2937 vui).
3664 2887 3684 2919 ι

2115 2954 2179 3007 Ει
2211 2963 2334 3023 post
2361 2969 2529 3023 pauca
2561 2972 2572 3006 :
2604 2973 2620 3003 ι
2642 2954 2808 3023 Igitur
2837 2955 2926 3024 qui
2955 2953 3185 3025 dispersi
3213 2965 3386 3022 erant,
3412 2966 3693 3026 pertrans—

2120 3063 2137 3095 ι
2176 3045 2353 3099 ierunt
2408 3045 2834 3116 evangelizantes
2858 3046 3080 3101 verbum
3124 3046 3240 3102 Dei.
3276 3048 3540 3117 Philippus
3577 3066 3685 3102 au-

2037 3106 2081 3168 Ο
2122 3156 2138 3184 ι
2180 3143 2284 3187 tem
2318 3106 2647 3189 descendens
2675 3135 2725 3188 in
2757 3136 3027 3190 civitatem
3055 3135 3329 3202 Samarire,
3353 3106 3690 3207 pnmlicahat

2118 3244 2135 3274 ι
2174 3223 2278 3277 illis
2308 3223 2599 3278 Christum.
2642 3225 2993 3281 lntendebant
3028 3236 3207 3282 autem
3244 3227 3409 3282 turba:
3447 3229 3534 3283 his
3560 3246 3695 3299 qua:

2116 3332 2135 3364 ι
2172 3329 2201 3366 a
2230 3313 2473 3383 Philippo
2505 3315 2842 3380 dicebantur,
2868 3316 3195 3371 unanimiter
3216 3318 3491 3374 audientes
3519 3327 3577 3372 et
3610 3320 3698 3373 vi-

2116 3421 2134 3453 ι
2172 3404 2359 3458 dentes
2405 3405 2554 3474 signa
2598 3421 2716 3474 qum
2746 3404 2997 3460 faciebat.
3025 3406 3173 3460 Multi
3202 3408 3347 3461 enim
3376 3396 3565 3463 eorum
3594 3410 3694 3478 qui

2084 3514 2133 3546 οι
2171 3495 2441 3552 habebant
2481 3498 2703 3567 spiritus
2732 3499 3063 3565 immundos,
3095 3500 3387 3556 clamantes
3409 3518 3547 3558 voce
3576 3520 3694 3559 ma-

2115 3605 2132 3634 ι
2172 3602 2296 3654 gna,
2322 3587 2558 3641 exibant.
2592 3587 2739 3642 Multi
2767 3598 2944 3644 autem
2973 3589 3252 3660 paralytici
3276 3599 3332 3644 et
3354 3591 3534 3647 claudi
3592 3608 3689 3648 cu-

2113 3693 2131 3726 ι
2171 3675 2273 3729 rati
2303 3684 2479 3752 sunt_:
2509 3677 2708 3731 factum
2739 3686 2822 3732 est
2845 3688 3023 3733 autem
3053 3694 3307 3749 maguum
3343 3680 3598 3751 gaudium
3632 3684 3688 3736 in

2113 3786 2131 3816 ι
2168 3766 2254 3820 illa
2284 3767 2501 3821 civitate
2531 3766 2740 3839 (lbid.).
2776 3789 2794 3819 ι

2175 3855 2241 3908 Et
2265 3872 2371 3910 non
2395 3856 2621 3910 multum
2645 3865 2761 3926 post
2793 3873 2808 3911 :
2845 3876 2862 3908 ι
2894 3858 3026 3913 Cum
3048 3868 3252 3925 autem,
3281 3860 3475 3932 inquit,
3499 3864 3685 3918 audis-

2111 3966 2130 3997 ι
2167 3956 2287 4002 sent
2320 3948 2548 4018 apostoli
2587 3950 2678 4019 qui
2708 3960 2862 4004 erant
2890 3949 3297 4020 Hierosolymis,
3322 3954 3444 4021 quia
3474 3955 3684 4024 recepit

2111 4057 2130 4090 ι
2171 4036 2415 4093 Samaria
2445 4039 2664 4094 verbum
2698 4040 2793 4095 Dei
2822 4056 2836 4094 :
2867 4040 3127 4096 miserunt
3162 4044 3231 4097 ad
3256 4058 3350 4098 eos
3373 4042 3593 4098 Petrum
3626 4053 3685 4100 et

2109 4151 2126 4183 ι
2161 4131 2421 4185 Joannem
2442 4172 2455 4195 ,
2488 4132 2578 4201 qui
2608 4147 2728 4186 cum
2770 4132 3068 4199 venissent,
3097 4143 3386 4188 oraveruut
3408 4150 3506 4204 pro
3539 4136 3683 4204 ipsis

2107 4241 2125 4273 ι
2165 4230 2224 4275 ut
2251 4222 2556 4293 acciperent
2590 4222 2847 4292 Spiritum
2874 4232 3140 4279 sanctum.
3171 4225 3413 4280 Nondum
3442 4226 3588 4281 enim
3618 4228 3678 4282 in

2107 4331 2124 4363 ι
2168 4329 2491 4383 quemquam
2520 4313 2729 4368 illorum
2760 4324 2981 4368 venerat
3012 4332 3024 4366 :
3051 4316 3145 4370 sed
3174 4315 3429 4386 haptizati
3465 4326 3683 4372 tantum

2108 4422 2126 4453 ι
2164 4412 2319 4457 erant
2355 4404 2406 4457 in
2445 4404 2659 4457 nomine
2699 4404 2908 4458 Domini
2949 4402 3095 4459 Jesu.
3143 4404 3296 4458 Tunc
3331 4406 3683 4475 imponehant

502 4488 617 4544 Non
644 4500 776 4557 ergo
800 4485 1027 4541 aestimet
1054 4486 1214 4539 homo
1236 4483 1345 4549 ille,
1374 4483 1515 4553 quod
1543 4483 1770 4553 accipiat
1798 4477 2000 4553 aliquid
2026 4471 2079 4531 D
2109 4511 2127 4542 ι
2167 4508 2357 4546 manus
2377 4508 2538 4562 super
2562 4492 2701 4558 illos,
2722 4503 2775 4548 et
2796 4493 3131 4562 accipiebant
3152 4471 3684 4563 Spiritum'sanctum

426 4597 463 4638 a
492 4578 833 4645 Domino,ait
852 4578 995 4634 enim
1019 4578 1133 4647 ipsa
1154 4576 1364 4632 Veritas
1386 4576 1437 4630 in
1454 4575 1741 4646 Evangelia
1766 4593 1778 4629 :
1802 4573 2000 4629 «Amen

436 4689 457 4722 ι
491 4670 613 4725 dico
641 4668 826 4734 vobis,
856 4666 1113 4736 quidquid
1152 4671 1368 4719 orantes
1404 4664 1586 4733 petitis
1605 4703 1618 4727 ,
1649 4662 1851 4718 credite
1876 4663 2002 4733 quia

437 4780 457 4811 σ
493 4762 787 4832 accipietis,
812 4769 865 4815 et
887 4758 979 4814 ﬁet
1002 4758 1172 4813 vobis.
1199 4755 1391 4811 Omnia
1411 4757 1554 4811 enim
1580 4755 1851 4825 possibilia
1879 4763 2005 4810 sunt

434 4869 457 4903 ι
491 4853 731 4907 credenti
770 4851 974 4923 (Marc.
1007 4865 1091 4914 x1;
1132 4847 1299 4902 Marc.
1330 4846 1449 4917 ut),
1487 4865 1507 4898 ι
1543 4846 1669 4915 quia
1709 4844 1839 4899 ﬁdes
1875 4859 2003 4898 vera

431 4950 581 4997 recte
608 4940 915 4994 credentem
953 4939 1122 4994 salvat
1150 4957 1163 4992 :
1196 4944 1251 4993 et
1282 4935 1457 5005 justus
1490 4934 1544 4988 in
1583 4934 1687 4991 ﬁde
1719 4949 1814 4989 sua
1846 4933 1995 4998 vivit,

429 5033 522 5088 illa
544 5029 791 5086 videlicet
812 5043 930 5097 qua:
951 5044 1046 5097 per
1066 5027 1400 5082 dilectionem
1422 5032 1694 5094 operatur.
1721 5022 1835 5078 Hoc
1853 5024 1996 5077 enim

429 5133 741 5181 sanctorum
778 5120 1002 5176 Patrum
1030 5118 1311 5188 prudentia
1342 5117 1571 5188 posteris
1605 5117 1716 5170 suis
1742 5116 1995 5186 providit,

429 5233 486 5278 et
515 5238 669 5279 sacra
692 5233 956 5276 canonum
981 5216 1272 5271 auctoritas
1296 5216 1547 5279 instituit,
1579 5224 1638 5269 ut
1659 5214 1923 5269 dissensio
1947 5221 2001 5268 et

431 5315 722 5369 schismata
760 5311 814 5364 in
856 5307 1095 5364 Ecclesia
1130 5306 1327 5362 Christi
1365 5323 1467 5362 non
1505 5306 1725 5368 ﬁerent,
1761 5305 1852 5358 sed
1887 5321 2002 5359 ma-

422 5404 514 5473 gis
551 5403 730 5456 unitas
762 5410 819 5455 et
861 5397 1144 5454 concordia
1193 5396 1345 5465 pacis
1390 5395 1517 5449 inihi
1566 5394 1895 5464 praevaleret.
1937 5394 2003 5447 Et

430 5493 554 5547 ideo
582 5492 870 5560 unicuique
890 5487 1238 5557 ordini'juxta
1266 5500 1572 5540 mensuram
1598 5500 1747 5540 suam
1767 5483 1999 5539 oﬁicium

430 5585 730 5654 delegavit,
768 5592 828 5637 ut
856 5597 952 5652 per
990 5582 1226 5637 studium
1270 5577 1583 5632 humilitatis
1618 5583 1672 5631 et
1701 5575 2000 5632 dilectionis

430 5688 539 5741 pax
569 5673 872 5728 Christiana
911 5679 965 5727 et
1002 5669 1290 5726 concordia
1328 5667 1379 5723 in
1411 5666 1604 5736 populo
1630 5666 1722 5721 Dei
1751 5680 1993 5736 perseve-

2110 4600 2127 4631 ι
2173 4580 2378 4652 (Ibid.).
2422 4602 2439 4634 ι
2482 4581 2624 4636 Idem
2663 4583 2823 4636 etiam
2866 4581 3138 4652 Philippus
3176 4584 3481 4654 baptizavit
3508 4599 3681 4639 eunu-

2111 4688 2129 4720 ι
2166 4671 2326 4724 chum
2376 4670 2642 4724 Candacis
2679 4671 2876 4742 regina:
2918 4668 3265 4741 Aithiopum,
3312 4673 3449 4726 sicut
3488 4689 3683 4728 conse—

2105 4768 2329 4828 quenter
2356 4772 2540 4814 narrat
2575 4778 2586 4813 :
2621 4769 2674 4814 et
2714 4770 2833 4830 post
2867 4759 3163 4815 discessum
3202 4762 3319 4832 ejus
3349 4780 3368 4813 ι
3400 4770 3683 4833 pertrans-

2110 4870 2127 4900 ι
2165 4848 2280 4903 iens
2319 4850 2720 4920 evangelizabat
2745 4850 3051 4905 civitatibus
3085 4852 3312 4916 cunctis,
3339 4854 3507 4909 donec
3527 4856 3682 4909 veni-

2108 4958 2127 4990 ι
2168 4947 2248 4993 ret
2291 4938 2592 4993 Caesaream
2636 4939 2781 5010 (Act.
2826 4940 2973 5011 vni).
3024 4962 3042 4992 ι
3077 4940 3154 4995 De
3198 4958 3306 5013 quo
3338 4942 3509 4999 Lucas
3548 4944 3680 4999 alibi

2105 5029 2430 5082 mentionem
2463 5027 2613 5093 facit,
2641 5046 2759 5085 cum
2792 5030 3072 5085 transitum
3103 5030 3253 5086 Pauli
3285 5033 3352 5088 ad
3379 5032 3678 5091 Jerusalem

2106 5127 2504 5187 enumerasset,
2534 5121 2607 5175 ita
2635 5122 2817 5177 dicens
2846 5140 2858 5175 :
2899 5140 2916 5172 ι
2948 5122 3067 5177 Alia
3105 5135 3283 5179 autem
3309 5126 3393 5179 die
3425 5126 3676 5195 profecti,

2108 5232 2128 5263 ι
2166 5214 2407 5267 venimus
2441 5212 2767 5268 Caesaream.
2810 5215 2877 5269 Et
2915 5216 3175 5271 intrantes
3201 5217 3415 5271 domum
3446 5215 3676 5289 Philippi

2110 5324 2129 5356 ι
2166 5303 2535 5374 evangelistze,
2567 5307 2657 5375 qui
2698 5316 2814 5361 erat
2841 5323 2978 5361 unus
3018 5323 3083 5361 ex
3116 5316 3350 5376 septem,
3376 5308 3676 5363 mansimus

2111 5412 2129 5443 ι
2166 5396 2303 5463 apud
2331 5410 2476 5449 eum.
2506 5395 2640 5450 lluic
2661 5406 2837 5451 autem
2859 5408 3012 5451 erant
3039 5397 3157 5451 ﬁlizr
3183 5405 3416 5466 quatuor
3439 5398 3677 5468 virgines

2111 5504 2129 5535 ι
2168 5487 2549 5554 prophetantes
2580 5487 2716 5557 (Act.
2756 5488 2888 5559 xxi).
2937 5508 2955 5541 ι
2993 5487 3143 5544 Unde
3170 5499 3391 5559 apparet
3418 5490 3544 5558 quia
3571 5490 3677 5544 iste

2105 5574 2380 5645 Philippus
2406 5591 2510 5630 non
2549 5576 2649 5630 fuit
2679 5577 2957 5648 cpiscOpus
2980 5618 2994 5643 ,
3034 5594 3208 5647 neque
3236 5566 3671 5649 chorépiscopus,

2104 5669 2196 5724 sed
2228 5676 2432 5722 tantum
2472 5665 2731 5725 diaconus
2766 5677 2821 5724 et
2852 5667 3196 5738 evangelista.
3241 5667 3296 5723 Si
3332 5668 3476 5724 enim
3504 5669 3664 5724 chor-

4022 3908 4025 3965 ι

4024 4036 4025 4099 l

4024 4124 4025 4217 ι
