4028 6196
363 310 494 366 ΐΞΜ

1666 309 1751 364 DE
1790 306 2351 367 CllOREPlSCOPlS.

3501 318 3634 375 nos

359 399 657 495 episcopus
684 427 858 487 esset,
897 433 1235 491 nequaquam
1286 419 1517 490 scriptor
1559 419 1802 474 historiae
1846 419 1953 474 hoc
1979 420 2188 486 Alius,
2237 421 2443 491 inquit,
2488 420 2721 475 hominis
2762 420 2913 487 venit
2954 421 3166 477 salvare
3214 423 3357 494 quod
3403 428 3645 495 perierat

361 514 641 570 tacuisset.
673 511 911 568 Necdum
946 512 1189 582 Apostoli
1214 513 1282 568 ab
1305 511 1537 567 invicem
1565 512 1947 578 discesserant,

362 613 422 659 ut
448 605 505 657 in
527 601 753 673 singulis
778 601 1076 672 provinciis
1098 610 1191 656 aut
1213 600 1525 656 civitatibus
1549 601 1832 671 episcopos
1858 609 1953 655 aut

360 694 779 766 cborepiscopos
811 694 1153 761 ordinarent,
1181 694 1275 749 sed
1313 694 1369 748 in
1409 692 1952 765 Hierosolymis,tan-

361 796 474 841 tum
504 793 784 841 manentes
808 784 1177 855 praedicabant
1199 785 1423 839 verbum
1448 783 1567 849 Dei,
1607 784 1796 848 donec,
1830 783 1952 853 Spi-

358 877 499 932 ritus
540 876 713 932 sancti
764 875 1118 946 dispositione
1157 884 1383 946 agente,
1437 874 1504 930 ad
1543 874 1950 945 praedicandum

358 967 611 1037 gentibus
634 981 732 1037 per
754 968 943 1021 orbem
971 966 1161 1021 directi
1190 974 1339 1021 sunt.

431 1057 629 1128 Sitque
658 1058 837 1113 omnis
864 1058 998 1114 ordo
1025 1057 1433 1114 ecclesiasticus
1460 1058 1517 1113 in
1546 1058 1776 1130 singulis
1814 1058 1949 1115 locis

351 1151 508 1223 juxta
543 1165 730 1207 eorum
767 1150 1175 1222 dispositionem
1210 1150 1563 1219 distributus,
1591 1151 1856 1208 hactenus
1892 1152 1947 1207 in

357 1241 584 1298 ecclesia
609 1241 876 1297 catholica
907 1249 1195 1297 servatur:
1220 1250 1273 1298 et
1298 1242 1442 1299 sicut
1466 1256 1574 1297 una
1598 1241 1754 1309 ﬁdes,
1781 1258 1947 1298 unum

355 1332 623 1404 baptisma
644 1372 660 1399 ,
692 1346 798 1386 una
827 1330 1013 1404 religio
1031 1373 1046 1398 ,
1070 1347 1099 1386 a
1125 1332 1452 1388 Christianis
1479 1332 1535 1387 in
1564 1340 1680 1388 toto
1708 1334 1841 1388 orbe
1867 1339 1945 1388 te-

354 1438 516 1484 netur
539 1446 552 1483 :
575 1426 649 1483 ita
672 1428 833 1483 unius
854 1427 1204 1499 ejusdemque
1228 1428 1465 1499 Spiritus
1493 1426 1666 1483 sancti
1693 1426 1946 1483 distribu-

356 1521 503 1576 tione
531 1535 636 1592 pax
675 1528 728 1575 et
757 1520 1046 1576 concordia
1076 1520 1131 1575 in
1154 1520 1342 1577 electis
1368 1520 1465 1577 Dei
1491 1519 1694 1591 ubique
1717 1519 1948 1575 ﬁrmiter

357 1613 773 1678 corroboratur,
816 1612 1103 1682 omnisque
1149 1612 1417 1667 discordia
1465 1611 1656 1683 procul
1704 1610 1942 1682 pellitur.

356 1703 645 1772 Quoniam,
674 1701 830 1773 juxta
871 1702 1189 1774 Apostolum
1230 1701 1409 1771 (Rom.
1441 1699 1945 1772 vm),¢quicumque

2052 510 2268 582 (Matth.
2296 512 2471 581 xvrn).
2508 530 2527 563 ι
2557 511 2625 566 Et
2650 526 2866 567 rursum
2900 530 2912 565 :
2948 532 2965 563 ι
3000 513 3115 569 Νοιι
3145 516 3290 569 enim
3321 517 3467 570 venit
3496 517 3636 574 ﬁlius

2057 620 2076 653 ι
2114 603 2350 658 hominis
2375 612 2433 658 ut
2451 604 2658 674 judicet
2689 604 2970 671 mundum,
3005 607 3101 661 sed
3128 617 3185 661 ut
3213 608 3453 664 salvetur
3480 627 3637 666 mun-

2055 714 2075 746 ι
2112 696 2212 750 dus
2240 710 2337 765 per
2374 696 2547 766 ipsum
2578 696 2759 765 (Joan.
2801 697 2904 768 ιιι).
2940 717 2959 749 ι
2991 698 3062 752 At
3103 706 3288 754 contra
3319 702 3364 756 si
3399 702 3638 771 despecti

2048 788 2262 845 caeteris
2309 787 2568 843 fratribus
2608 803 2674 844 ac
2721 789 3002 844 conservis
3050 791 3281 856 nostris,
3322 793 3375 846 in
3411 793 3640 850 sublime

2049 877 2298 947 volumus
2325 878 2539 944 extolli,
2566 895 2631 935 ac
2656 879 2754 935 soli
2783 888 3031 951 potentes
3061 890 3115 937 et
3150 882 3365 953 gloriosi
3392 886 3639 955 cupimus

2049 970 2119 1026 ab
2143 960 2453 1027 hominibus
2480 972 2652 1027 videri
2691 991 2704 1027 :
2732 973 2851 1029 sine
2880 975 3043 1029 dubio
3077 975 3221 1031 illius
3252 977 3528 1033 imitamur
3553 980 3638 1048 ja-

2048 1062 2307 1117 ctantiam
2328 1104 2343 1128 ,
2382 1063 2473 1133 qui
2504 1063 2776 1134 despectis
2808 1064 3019 1120 caeteris
3055 1066 3290 1132 sanctis,
3323 1067 3633 1139 angelorum

2049 1151 2243 1207 turmis
2287 1153 2355 1208 ad
2394 1153 2817 1209 simulitudinem
2858 1154 2952 1209 Dei
2996 1170 3101 1210 non
3141 1172 3238 1225 per
3276 1158 3634 1215 humilitatem

2049 1242 2143 1297 sed
2187 1256 2288 1311 per
2330 1240 2651 1310 jactantiam
2697 1243 2864 1298 voluit
2909 1245 3222 1311 sublimari,
3272 1262 3397 1302 cum
3437 1248 3574 1305 dixit
3614 1264 3631 1301 :

2052 1351 2072 1385 ι
2105 1333 2411 1389 Ascendam
2448 1335 2504 1389 in
2551 1334 2779 1401 cmlum,
2820 1350 2983 1406 super
3019 1336 3360 1392 altitudinem
3392 1337 3643 1401 nubium,

2054 1444 2074 1478 ι
2108 1440 2306 1496 ponam
2335 1427 2588 1481 thronum
2613 1441 2793 1481 meum
2827 1428 2893 1481 ad
2921 1427 3252 1497 aquilonem,
3281 1436 3337 1482 et
3366 1443 3460 1483 ero
3484 1429 3639 1484 simi-

2053 1535 2072 1567 ‹
2109 1516 2176 1571 lis
2203 1516 2481 1572 Altissimo
2515 1515 2650 1588 (Ira.
2678 1517 2811 1587 xiv).
2845 1536 2863 1569 ι
2898 1517 3051 1573 Unde
3080 1520 3275 1574 merito
3295 1520 3363 1575 de
3387 1519 3635 1575 sublimi-

2047 1615 2158 1663 tate
2178 1608 2418 1679 angelica
2441 1607 2715 1679 proiectus
2738 1609 2792 1663 in
2817 1608 3012 1665 inferni
3036 1600 3300 1665 tartarum
3326 1611 3490 1667 draco
3514 1627 3639 1682 per-

2048 1697 2217 1764 ﬁdus‘,
2248 1699 2415 1753 traxit
2453 1714 2637 1754 secum
2670 1699 2882 1754 tertiam
2911 1710 3120 1770 partem
3149 1702 3385 1757 siderum
3416 1721 3428 1757 :
3462 1704 3551 1759 ubi
3580 1711 3638 1759 ct

361 1814 381 1847 ι
416 1796 607 1867 spiritu
646 1794 741 1850 Dei
777 1803 1039 1866 aguntur,
1080 1794 1137 1849 hi
1178 1792 1271 1848 lilii
1313 1801 1442 1847 sunt
1466 1792 1562 1848 Dei
1595 1810 1607 1846 :
1638 1793 1731 1863 qui
1760 1801 1940 1847 autem
1969 1787 2018 1849 B
2045 1806 2176 1856 nos,
2221 1791 2268 1846 si
2308 1791 2428 1862 ejus
2464 1792 2746 1861 sequimur
2783 1792 3119 1859 vecordiam,
3171 1802 3393 1863 propter
3438 1797 3637 1851 mentis

362 1904 382 1939 ι
417 1888 663 1958 spiritum
686 1887 897 1943 Christi
924 1903 1031 1942 non
1056 1886 1240 1947 habet,
1272 1886 1364 1941 hic
1393 1899 1498 1940 non
1526 1893 1610 1940 est
1639 1884 1774 1953 ejus.
1812 1904 1831 1937 ι

420 1977 657 2033 Proinde
693 1978 833 2033 idem
870 1978 1059 2033 doctor
1089 1975 1327 2047 gentium
1359 1990 1457 2030 nos
1483 1974 1739 2029 admonet
1757 1974 1943 2030 dicens

353 2068 569 2142 (Ephes.
598 2068 672 2141 tv)
705 2086 719 2123 :
758 2088 776 2121 ι
808 2066 1047 2124 Obsecro
1078 2067 1259 2137 itaque
1284 2080 1379 2120 vos
1400 2080 1501 2136 ego
1519 2065 1734 2120 vinctus
1758 2064 1811 2119 in
1837 2064 1944 2119 Do-

359 2180 378 2213 ι
416 2160 596 2226 mino,
638 2167 699 2215 ut
743 2158 917 2230 digne
953 2158 1240 2213 ambuletis
1288 2157 1570 2211 vocatione
1610 2170 1717 2239 qua
1763 2156 1941 2210 vocati

355 2273 374 2306 ι
412 2254 573 2316 estis,
611 2268 734 2307 cum
764 2253 911 2307 omni
947 2251 1248 2306 humilitate
1277 2258 1331 2303 et
1359 2248 1791 2313 mansuetudine,
1817 2262 1941 2301 cum

353 2366 372 2396 ι
413 2343 672 2415 patientia
693 2384 707 2407 ,
739 2351 1119 2413 supportantes
1145 2341 1374 2395 invicem
1398 2341 1451 2394 in
1477 2340 1761 2404 charitate,
1788 2338 1937 2393 solli-

354 2457 373 2491 ι
410 2437 506 2493 citi
553 2449 773 2490 servare
818 2434 1080 2489 unitatem
1127 2432 1362 2501 Spiritus
1406 2431 1463 2485 in
1506 2429 1722 2484 vinculo
1766 2430 1935 2499 pacis.

355 2549 374 2581 ι
410 2528 587 2586 Unum
613 2541 810 2597 corpus
836 2535 889 2581 et
912 2542 1050 2581 unus
1074 2525 1321 2595 spiritus,
1351 2523 1494 2579 sicut
1520 2523 1696 2578 vocati
1724 2524 1856 2578 estis
1884 2524 1939 2578 in

352 2639 373 2672 ι
411 2635 519 2674 una
546 2634 641 2688 spe
671 2616 968 2673 vocationis
991 2625 1204 2671 vestrae.
1238 2634 1256 2667 ι

419 2709 684 2767 Convenit
749 2711 895 2765 enim
943 2709 1247 2779 quibusque
1292 2706 1537 2763 ﬁdelibus
1584 2716 1635 2762 et
1682 2706 1940 2763 membris

349 2803 591 2873 corporis
614 2802 816 2858 Christi
846 2810 907 2855 ut
926 2801 1130 2856 honore
1157 2815 1215 2855 se
1241 2799 1471 2855 invicem
1501 2800 1850 2869 praeveniant,
1880 2814 1939 2854 se

348 2895 611 2953 suﬁ‘erant
644 2916 656 2950 :
691 2912 758 2952 ne
796 2903 985 2952 contra
1019 2893 1332 2964 Apostolum
1371 2911 1389 2943 ι
1425 2891 1729 2948 efﬁciantur
1760 2892 1938 2947 inanis

349 2991 532 3063 gloriae
555 2990 755 3059 cupidi,
784 2989 1011 3043 invicem
1040 2996 1413 3055 provocantes,
1441 2985 1670 3039 invicem
1698 2983 1938 3039 inviden-

354 3098 374 3131 ι
414 3090 491 3135 tes
534 3077 686 3151 (Gal.
722 3078 821 3151 v);
870 3098 888 3130 ι
920 3076 1022 3133 ἐεὰ
1069 3077 1242 3148 magis
1282 3075 1566 3129 unanimes
1609 3088 1798 3128 omnes
1830 3074 1939 3127 sint

2043 1892 2242 1958 nostra!
2283 1882 2590 1953 superbiam
2635 1899 2668 1938 a
2721 1893 3032 1940 sanctorum
3078 1886 3338 1941 societate
3384 1888 3633 1957 expulsi,

2041 1986 2232 2045 poenas
2255 1974 2513 2046 gehennae
2537 1988 2662 2031 cum
2689 1975 2780 2032 illo
2803 1975 3015 2033 luemus
3040 1985 3294 2032 aeternas.
3370 1966 3398 2009 ί

2112 2066 2391 2133 Quomodo
2416 2075 2596 2122 autem
2622 2076 2731 2123 tam
2752 2068 2992 2138 prmlatis
3019 2084 3182 2138 quam
3207 2069 3441 2125 subditis
3466 2086 3633 2142 agen-

2042 2156 2169 2211 dum
2201 2157 2301 2221 sit,
2328 2157 2583 2214 Ecclesia:
2612 2168 2798 2229 pastor
2826 2158 3021 2213 Petrus
3062 2159 3116 2213 in
3146 2159 3388 2230 Epistola
3411 2176 3509 2216 sua
3538 2164 3637 2217 ad-

2042 2257 2227 2303 monet
2248 2248 2436 2303 dicens
2465 2267 2477 2301 :
2515 2267 2535 2299 ι
2569 2248 2824 2304 Seniores
2850 2263 2981 2319 ergo
3001 2250 3093 2319 qui
3123 2250 3175 2305 in
3202 2250 3359 2306 vobis
3382 2261 3506 2307 sunt
3533 2254 3633 2309 ob-

2047 2357 2066 2389 ι
2109 2353 2285 2405 secro,
2314 2340 2602 2395 consenior
2625 2347 2680 2394 et
2704 2339 2857 2395 testis
2888 2339 3087 2395 Christi
3111 2341 3443 2409 passionum,
3464 2343 3556 2412 qui
3579 2351 3636 2398 et

2047 2448 2066 2481 ι
2102 2431 2218 2501 ejus
2245 2447 2363 2501 qua:
2382 2432 2438 2485 in
2464 2430 2646 2487 futuro
2666 2431 2950 2486 revelanda
2974 2438 3078 2497 est,
3113 2430 3298 2501 gloriae
3325 2434 3631 2489 communi-

2047 2540 2066 2571 ‹
2101 2531 2252 2578 cator
2284 2541 2296 2576 :
2325 2522 2533 2593 pascite
2565 2522 2657 2593 qui
2683 2523 2737 2578 in
2767 2524 2920 2578 vobis
2942 2531 3029 2579 est
3055 2538 3275 2595 gregem
3304 2524 3424 2602 Dei,
3449 2527 3633 2596 provi-

2046 2633 2065 2665 ι
2102 2615 2289 2669 dentes
2341 2629 2449 2669 non
2504 2622 2726 2679 coacte,
2782 2614 2877 2669 sed
2933 2624 3269 2684 spontanee,
3326 2618 3627 2673 secundum

2045 2724 2064 2755 ι
2100 2704 2301 2771 Deum;
2335 2720 2510 2775 neque
2538 2706 2711 2776 turpis
2743 2705 2879 2761 lucri
2923 2708 3131 2777 gratia,
3167 2697 3261 2763 sed
3291 2708 3626 2775 voluntarie;

2045 2815 2063 2847 ι
2103 2811 2275 2865 neque
2323 2804 2383 2850 ut
2427 2796 2766 2851 dominantes
2808 2796 2862 2851 in
2900 2796 3063 2852 cleris
3090 2838 3104 2863 ,
3146 2798 3239 2853 sed
3286 2796 3460 2854 forma
3504 2798 3632 2856 facti

2045 2905 2064 2938 ι
2100 2888 2278 2959 gregis
2302 2902 2369 2942 ex
2398 2889 2579 2944 animo
2612 2908 2624 2941 ε
2656 2899 2712 2943 et
2751 2905 2873 2945 cum
2912 2891 3223 2959 apparuerit
3256 2891 3505 2962 princeps
3534 2908 3632 2961 pa-

2044 2997 2062 3028 ι
2099 2985 2304 3033 storum
2328 3019 2342 3043 ,
2372 2979 2685 3049 percipietis
2713 2980 3217 3036 immarcescibilem
3257 2982 3442 3054 gloria:
3474 2999 3621 3039 coro-

2048 3088 2067 3119 ι
2100 3085 2246 3124 nam.
2274 3069 2540 3125 Similiter
2564 3072 2937 3128 adolescentes
2967 3072 3166 3129 subditi
3201 3083 3374 3129 estote
3403 3074 3634 3130 seniori-

348 3172 404 3227 in
433 3135 706 3235 oratione,
740 3135 1210 3238 cicompatientes,
1251 3164 1612 3220 fraternitatis
1638 3173 1932 3228 amatores,
1964 3135 2009 3196 δ
2047 3179 2065 3211 ι
2102 3160 2222 3224 bus,
2249 3176 2440 3219 omnes
2466 3171 2647 3217 autem
2679 3164 2908 3218 Invicem
2935 3165 3291 3222 humilitatem
3319 3167 3627 3224 insinuata:

355 3282 374 3316 ι
413 3262 821 3324 misericordes,
864 3260 1097 3315 humiles
1123 3258 1175 3330 (Ι
1220 3258 1336 3312 Pet.
1376 3256 1498 3328 tu);
1550 3275 1567 3307 ι
1604 3254 1739 3309 nihil
1774 3261 1933 3324 agant

346 3370 445 3426 per
488 3353 888 3410 contentionem
911 3391 926 3417 ,
965 3350 1091 3420 quia
1135 3364 1241 3403 non
1274 3357 1357 3403 est
1397 3345 1752 3402 dissensionis
1795 3344 1936 3399 Deus

349 3446 443 3502 sed
473 3446 642 3517 pacis.

420 3535 545 3590 llaec
572 3535 716 3591 enim
759 3533 1133 3588 tantummodo
1174 3529 1328 3584 nobis
1368 3528 1621 3585 credendi
1655 3529 1836 3598 regula
1866 3545 1933 3584 ex

347 3636 617 3699 praecepto
646 3624 925 3679 Dominico
952 3622 1297 3687 conceditur,
1335 3628 1397 3675 ut
1423 3620 1815 3675 contendamus
1840 3634 1936 3687 per

348 3727 630 3790 angustam
667 3725 876 3787 portam
910 3715 1133 3777 intrare,
1160 3722 1215 3767 et
1244 3722 1449 3767 arctam
1481 3712 1621 3765 viam
1655 3711 1935 3766 intendere

346 3827 469 3883 qua:
507 3811 653 3867 ducit
694 3810 761 3864 ad
797 3808 996 3872 vitam;
1028 3822 1133 3861 non
1166 3805 1329 3859 latam
1366 3812 1421 3860 ct
1450 3804 1741 3874 spatiosam
1767 3845 1781 3869 ,
1813 3819 1934 3873 qua:

348 3901 497 3957 ducit
532 3902 597 3956 ad
622 3908 870 3955 mortem.
916 3896 974 3951 Si
1007 3896 1149 3951 enim
1177 3896 1331 3952 bona:
1363 3895 1667 3950 devotionis
1696 3903 1752 3949 et
1776 3909 1933 3948 man—

348 3993 650 4050 suetudinis
682 3991 885 4047 indicia
926 4005 1024 4061 per
1061 3987 1381 4044 humilitatis
1414 3995 1575 4057 atque
1613 3985 1934 4057 obedientiae

346 4086 648 4156 praebemus
673 4080 843 4137 ollicia
873 4100 887 4135 :
917 4080 1031 4135 veri
1061 4079 1362 4133 imitatores
1385 4076 1482 4131 Dei
1503 4074 1701 4141 effecti,
1732 4074 1935 4130 Christi

349 4175 563 4232 Domini
588 4187 876 4243 sequemur
903 4171 1169 4240 exempla,
1198 4170 1310 4239 qui,
1334 4184 1457 4223 cunt
1482 4168 1657 4221 adhuc
1686 4174 1935 4236 peccato—

348 4284 439 4324 res
462 4282 722 4330 essemus,
750 4279 848 4334 pro
879 4262 1058 4333 impiis
1082 4263 1255 4317 servis
1297 4278 1316 4312 ι
1353 4269 1601 4314 mortuus
1626 4267 1729 4322 est,
1755 4257 1933 4326 justus

353 4378 375 4410 ι
407 4372 508 4429 pro
561 4357 774 4427 injustis
808 4374 821 4409 :
851 4362 914 4410 ut
964 4369 1065 4409 nos
1122 4352 1344 4407 oﬂ'erret
1392 4351 1525 4416 Deo,
1578 4350 1933 4405 mortiﬁcatus

352 4468 373 4501 ι
409 4448 625 4518 quidem
660 4461 852 4510 carne,
903 4445 1206 4499 vivilicatus
1250 4451 1431 4497 autem
1480 4442 1674 4511 spiritu
1719 4441 1768 4513 (I
1811 4439 1927 4495 Pet.

2048 3268 2065 3299 ι
2103 3250 2228 3319 quia
2257 3250 2399 3304 Deus
2432 3252 2680 3331 superbis
2722 3254 2959 3317 resistit,
3006 3256 3300 3313 humilibus
3331 3268 3510 3315 autem
3540 3261 3633 3316 dat

2046 3358 2065 3391 ι
2102 3340 2332 3411 gratiam
2385 3338 2445 3410 (I
2489 3337 2634 3394 Petr.
2690 3341 2772 3407 v).
2824 3362 2842 3393 ι
2884 3343 3222 3414 Quapropter
3260 3350 3626 3403 necessarium

2039 3433 2171 3487 mihi
2207 3432 2417 3486 videtur
2455 3440 2514 3485 ut
2547 3446 2736 3487 omnes
2772 3434 3119 3490 humiliemns
3161 3452 3259 3492 nos
3286 3439 3386 3493 sub
3421 3440 3623 3509 potenti

2039 3537 2202 3575 manu
2229 3522 2345 3586 Dei,
2374 3532 2636 3591 quatenus
2664 3522 2775 3592 ipse
2800 3539 2898 3577 nos
2924 3525 3123 3580 exaltet
3149 3526 3201 3580 in
3230 3537 3471 3599 tempore
3500 3531 3625 3586 visi-

2038 3612 2303 3667 tationis’:
2332 3621 2388 3668 et
2409 3613 2653 3683 quisquis
2693 3614 2744 3669 in
2772 3613 2963 3685 majori
2993 3617 3250 3688 dignitate
3276 3634 3343 3674 ex
3366 3620 3633 3678 electione

2039 3705 2230 3759 Divina
2265 3721 2325 3761 se
2373 3706 2607 3776 positum
2648 3708 2919 3777 agnoscit,
2949 3710 3343 3781 commilitones
3386 3727 3513 3768 suos
3562 3731 3626 3771 ac

2039 3796 2317 3851 ministros
2342 3797 2489 3851 omni
2514 3796 2718 3852 honore
2759 3798 2947 3868 dignos
2979 3798 3303 3867 arbitretur,
3333 3810 3388 3856 et
3412 3819 3478 3859 ex
3509 3820 3627 3859 mu-

2040 3898 2129 3945 tua
2157 3889 2443 3945 dilectione
2474 3890 2650 3945 locum
2684 3892 2763 3947 eis
2787 3895 3027 3963 prazbcat
3062 3897 3371 3965 perﬁciendi
3399 3913 3463 3953 ac
3488 3899 3626 3954 bene

2038 3981 2293 4053 operandi
2339 4000 2351 4036 :
2393 3982 2518 4053 quia
2557 3984 2775 4038 venient
2815 3983 2964 4051 dies,
3008 3989 3222 4057 quando
3257 4004 3363 4043 non
3403 3988 3626 4046 honoris

2037 4071 2356 4143 dignitates,
2402 4070 2497 4126 sed
2524 4073 2790 4129 bonorum
2829 4090 3053 4144 operum
3077 4078 3422 4147 requirentur
3450 4082 3624 4136 actio-

2039 4178 2155 4217 nes.
2191 4162 2359 4218 Filius
2385 4164 2525 4218 enim
2555 4165 2647 4219 Dei
2672 4175 2930 4223 venturus
2952 4178 3034 4224 est
3063 4170 3113 4224 in
3140 4170 3307 4242 gloria
3337 4172 3515 4229 Patris
3541 4174 3625 4228 sui

2036 4269 2160 4310 cum
2184 4255 2389 4326 angelis
2408 4255 2522 4311 suis
2547 4274 2560 4310 :
2588 4265 2642 4311 et
2667 4266 2794 4313 tunc
2814 4259 2998 4314 reddet
3022 4261 3309 4332 unicuique
3329 4265 3624 4319 secundum

2037 4362 2199 4417 opera
2232 4346 2371 4417 ejus.
2420 4367 2437 4398 ι
2486 4348 2688 4404 Omnes
2728 4350 2869 4405 enim
2914 4350 3177 4404 stabimus
3220 4360 3345 4406 ante
3390 4352 3620 4408 tribunal

2038 4436 2062 4486 ἰ
2099 4434 2324 4500 Christi,
2375 4445 2435 4490 ut
2464 4437 2665 4491 referat
2700 4434 3077 4506 unusquisque
3105 4440 3320 4509 propria
3350 4443 3617 4511 corporis,

353 4558 374 4592 ι
410 4511 515 4610 ιιι).
558 4557 578 4591 ι
613 4556 632 4589 ι
667 4535 769 4604 Qui
794 4536 1060 4592 destruxit
1083 4534 1300 4604 quidem
1332 4539 1582 4597 mortem,
1610 4511 1930 4586 illuminavit
1957 4511 2009 4570 D
2042 4547 2060 4579 ι
2099 4538 2260 4598 prout
2281 4528 2471 4599 gessit,
2508 4529 2621 4582 sive
2649 4529 2880 4593 bonum,
2911 4528 3025 4583 sive
3064 4530 3263 4585 malum
3290 4530 3461 4603 (Rom.
3504 4550 3617 4601 xiv,

353 4649 374 4681 ι
408 4637 587 4684 autem
625 4628 792 4681 vitam
840 4634 897 4683 et
941 4624 1401 4693 incorruptionem
1444 4637 1543 4692 per
1584 4622 1929 4692 Evangelium

349 4721 435 4795 (II
463 4722 598 4776 Tim.
626 4720 689 4793 ι).
730 4740 749 4773 ι
794 4719 1052 4775 Excelsus
1082 4718 1223 4772 inter
1249 4714 1499 4785 angelos,
1542 4713 1763 4769 humilis
1794 4713 1933 4768 inter

350 4814 627 4879 homines,
657 4811 968 4867 ministrare
992 4809 1188 4874 voluit,
1213 4823 1318 4862 non
1349 4806 1667 4861 ministrari.
1698 4804 1853 4863 Unde
1877 4805 1931 4860 in

350 4918 504 4959 cena
525 4902 752 4974 mystica
776 4900 1162 4971 discipulorum
1186 4899 1352 4969 pedes
1381 4897 1530 4961 lavit,
1554 4905 1609 4951 et
1636 4896 1802 4952 linteo
1823 4911 1930 4965 quo

348 5003 470 5050 erat
507 4996 829 5066 prmcinctus
856 4994 1042 5061 tersit,
1070 5008 1191 5047 cum
1225 4990 1525 5063 publicanis
1550 4996 1606 5044 et
1632 4987 1931 5059 peccatori-

349 5087 452 5141 bus
478 5083 850 5150 manducavit,
880 5082 1239 5153 peccatricem
1274 5081 1556 5136 mulierem
1591 5080 1659 5135 ad
1688 5092 1746 5134 se
1772 5093 1929 5134 acce-

349 5178 481 5235 dere
504 5177 779 5249 permisit,
803 5185 859 5231 et
884 5175 1064 5231 lavare
1094 5174 1350 5245 lacrymis
1385 5189 1448 5229 ac
1489 5180 1698 5243 tergere
1724 5169 1933 5241 capillis

346 5271 514 5343 pedes
540 5284 668 5325 suos
694 5266 999 5331 consensit,
1033 5264 1165 5320 nihil
1188 5265 1391 5321 veritus
1415 5263 1808 5319 Pharisaeorum
1836 5276 1930 5315 su—

345 5362 714 5435 perstitiosam
750 5357 1217 5428 reprehensionem
1237 5395 1251 5419 ,
1292 5362 1513 5425 propter
1545 5350 1688 5422 quod
1716 5350 1929 5430 injustis

346 5453 706 5527 querimoniis
736 5468 924 5507 eorum
965 5451 1039 5505 ita
1070 5448 1344 5519 respondit
1372 5447 1556 5502 dicens
1592 5463 1605 5498 :
1646 5463 1663 5495 ‹
1696 5443 1928 5498 Dimissa

354 5566 374 5600 ι
408 5556 537 5613 sunt
576 5547 626 5602 ei
673 5552 891 5616 peccata
940 5542 1137 5605 multa,
1176 5540 1428 5610 quoniam
1473 5538 1659 5594 dilexit
1700 5536 1929 5596 multum

354 5659 375 5692 ι
411 5638 542 5693 Luc.
597 5638 716 5709 vn).
755 5657 772 5688 ι
817 5634 883 5691 Et
920 5635 1044 5689 item
1078 5652 1091 5687 :
1131 5656 1149 5685 ι
1189 5632 1304 5687 Non
1340 5630 1483 5696 veni,
1514 5631 1707 5700 inquit,
1735 5644 1929 5686 vocare

352 5759 371 5791 ι
411 5736 602 5807 justus,
633 5731 724 5788 sed
753 5736 1063 5799 peccatores
1088 5726 1280 5797 (Marc.
1318 5723 1403 5796 ιι).
1436 5743 1455 5777 ι
1489 5723 1549 5778 Et
1578 5722 1703 5778 alibi
1734 5741 1746 5777 :
1783 5741 1801 5773 ι
1841 5721 1930 5776 Fi-

2038 4619 2067 4674 Ι
2076 4619 2100 4673 1
2129 4619 2251 4674 Cor.
2283 4619 2358 4689 v).
2395 4638 2412 4669 ι
2448 4617 2548 4685 Qui
2587 4627 2766 4674 autem
2807 4618 3079 4675 inferioris
3112 4622 3314 4692 gradus
3356 4631 3473 4688 est,
3512 4640 3617 4681 non

2037 4710 2243 4781 majora
2280 4718 2336 4765 et
2369 4726 2490 4780 qua:
2536 4711 2603 4765 ad
2639 4725 2699 4767 se
2737 4728 2843 4766 non
2878 4712 3150 4782 pertinent
3183 4730 3281 4784 per
3330 4716 3619 4775 elationem

2037 4812 2316 4874 appetens,
2350 4810 2519 4857 tentet
2547 4817 2561 4855 :
2591 4802 2686 4858 sed
2716 4810 3002 4859 contentus
3028 4805 3098 4859 sit
3130 4806 3323 4871 oﬁicio,
3349 4809 3492 4878 quod
3516 4811 3622 4867 sibi

2036 4895 2227 4950 Divina
2266 4894 2536 4949 ordinatio
2584 4894 2755 4949 voluit
2793 4894 3039 4951 conferre
3081 4914 3094 4950 :
3141 4905 3197 4953 et
3233 4899 3307 4953 ita
3352 4900 3453 4956 rite
3496 4917 3621 4958 cre-

2036 4987 2231 5053 dendo,
2258 5001 2322 5040 ac
2349 4995 2495 5041 recte
2522 4986 2762 5041 docendo
2779 5026 2794 5051 ,
2824 4987 3069 5057 beneque
3098 4989 3372 5060 operando
3393 5031 3407 5056 ,
3441 4992 3620 5061 quoti-
3692 5057 3698 5066 ί

2035 5078 2123 5147 die
2149 5078 2202 5133 in
2228 5079 2396 5135 Deum
2428 5079 2705 5148 proficiat,
2735 5088 2793 5133 ut
2823 5079 3108 5135 ministerii
3138 5083 3219 5138 sui
3248 5084 3445 5138 bonum
3472 5099 3613 5153 pne-

2038 5170 2205 5225 mium
2243 5178 2624 5240 consequatur.
2672 5170 2772 5237 Qui
2822 5170 2965 5225 enim
3014 5172 3152 5227 bene
3203 5173 3615 5240 ministraverit,

2037 5263 2262 5333 gradum
2303 5263 2404 5318 sibi
2427 5264 2625 5319 bonum
2657 5263 2909 5333 adquirit.
2943 5264 3096 5320 Unde
3124 5265 3238 5334 ipsa
3253 5265 3465 5322 Veritas
3490 5267 3566 5321 ait
3596 5283 3613 5321 :

2039 5373 2059 5405 ι
2089 5353 2191 5421 Qui
2224 5354 2354 5410 mihi
2380 5353 2670 5419 ministrat,
2698 5369 2784 5409 me
2812 5364 3072 5424 sequatur
3103 5372 3114 5407 ε
3146 5363 3202 5408 et
3231 5355 3319 5409 tibi
3341 5370 3461 5409 sum
3490 5370 3614 5426 ego,

2038 5463 2057 5496 ‹
2094 5444 2203 5500 illic
2228 5452 2284 5499 et
2317 5444 2564 5499 minister
2600 5460 2751 5500 meus
2779 5447 2899 5499 erit.
2931 5445 2990 5499 Si
3018 5444 3140 5513 quis
3164 5444 3296 5499 mihi
3333 5445 3613 5500 ministra-

2040 5554 2058 5585 ι
2092 5536 2251 5601 verit,
2281 5534 2660 5589 honoriﬁcabit
2685 5550 2807 5589 eum
2845 5535 3005 5587 Pater
3033 5550 3182 5588 meus
3217 5533 3398 5599 (Joan.
3431 5535 3551 5605 xu).
3586 5552 3607 5587 r

2033 5627 2101 5681 Et
2125 5626 2251 5681 alibi
2282 5644 2294 5679 :
2331 5644 2349 5675 ι
2382 5624 2534 5690 Volo,
2567 5645 2585 5677 ι
2617 5625 2809 5696 inquit,
2838 5624 3019 5690 Pater,
3044 5632 3104 5678 ut
3129 5625 3215 5679 ubi
3246 5640 3362 5680 sum
3387 5638 3507 5695 ego,
3538 5623 3611 5677 ibi

2037 5738 2057 5771 ι
2090 5718 2161 5773 sit
2189 5727 2243 5773 et
2266 5717 2506 5772 minister
2532 5731 2703 5772 meus.
2742 5738 2760 5767 ι
