4050 6220
322 443 346 448 κ-
381 444 387 447 ·
473 443 479 447 -
547 445 608 450 s——
661 447 1014 456 —-.____..~—..
1047 451 1070 456 -.
1091 449 1654 460 v-—-.----—_———..———~.~
1671 451 2812 462 φ“.-ς-*α--“-,--ρ-η-Α-οε-“-.σν
2845 455 2888 460 --
2917 455 2936 459 υ
2961 454 3014 460 η.--
3031 454 3074 460 ..η
3159 454 3172 459 ρ
3199 455 3220 459 ,-
3260 453 3266 458 ς
3285 457 3289 459 .
3437 451 3474 459 ..Α

331 471 402 477 -Α-
415 474 514 478 γ-μέν-
533 474 1072 485 —.___—._.__--—._.—~
1086 479 1468 488 ~—_-——.——.
1491 480 3220 490 ——_.——s—.-._—_—_—_———.——--——.~—-_—-_—.———__.o—__—_—_.
3259 483 3454 489 ...ρο---
3471 485 3486 488 _

1143 763 2190 926 PROLEGOM
2215 767 2653 927 ENA.

1616 1246 1865 1308 CAPUT
1907 1249 2235 1311 PRIMUM.

259 1428 353 1498 De
393 1431 671 1515 Georgio
744 1433 1048 1497 monacho
1092 1433 1260 1499 dicto
1305 1432 1682 1499 Bamartoio
1739 1447 1794 1498 et
1839 1434 1913 1497 de
1981 1435 2534 1499 continuatoribus
2578 1436 2849 1516 ejusdem
2895 1447 2949 1499 et
3012 1442 3548 1522 exscriplort'bus.

339 1598 530 1674 [I-V‘]
568 1599 595 1671 ς
632 1599 685 1655 I.
736 1598 1135 1658 Constantinus
1158 1602 1271 1672 jam
1306 1601 1859 1674 Porphyrogennetus
1904 1604 2049 1657 banc
2080 1600 2301 1674 Georgii
2350 1604 2603 1659 monachi
2651 1603 3167 1678 Chronographiam
3201 1609 3464 1680 excerpsit
3499 1609 3553 1663 in

263 1689 461 1747 codice
489 1686 761 1743 Vaticano
795 1685 861 1743 N.
900 1688 1063 1753 1418,
1099 1704 1156 1761 p.
1191 1689 1334 1756 I75;
1370 1690 1532 1760 cujus
1581 1690 1747 1745 verba
1791 1688 1859 1743 de
1901 1689 2145 1745 Chosroe
2174 1706 2228 1760 p.
2259 1690 2364 1746 565
2402 1692 2664 1749 editionis
2736 1706 2942 1752 nostra:
2976 1697 3333 1752 inveniuntur
3363 1696 3554 1753 confe-

256 1778 435 1832 renda
496 1791 624 1831 cum
684 1776 793 1833 illis
867 1791 987 1848 quae
1045 1792 1100 1849 p.
1170 1775 1341 1832 XXIII
1399 1778 1529 1849 (col.
1596 1777 1690 1845 26)
1759 1776 1852 1831 illo
1906 1791 1936 1830 e
2017 1777 2207 1833 codice
2261 1780 2672 1850 exscripsimus.
2738 1783 2986 1838 Alterum
3073 1783 3441 1853 fragmentum
3512 1802 3542 1839 a

261 1864 794 1937 Porphyrogenneto
832 1878 867 1920 νο
915 1864 1039 1920 Vita
1087 1863 1290 1921 Leonis
1330 1864 1507 1920 Isauri
1543 1864 1597 1919 in
1635 1864 1825 1919 codice
1853 1861 2123 1919 Vaticano
2160 1864 2368 1921 12461⁸.
2400 1866 2471 1920 40
2517 1868 2799 1924 laudatum
2840 1871 2964 1925 vide
3027 1886 3084 1941 p.
3124 1872 3227 1927 629
3290 1872 3550 1929 editionis

262 1952 445 2022 hujus
469 1954 527 2006 in
556 1967 666 2022 qua
692 1951 875 2006 solum
908 1951 1240 2020 adjectivum
1282 1951 1670 2021 Ἀτραμιτινδν
1696 1950 2067 2005 desideratur.

341 2040 563 2107 Georgii
596 2040 696 2094 loci
731 2055 761 2093 a
800 2037 969 2109 Glyca
1017 2037 1227 2093 laudati
1276 2038 1331 2092 in
1384 2047 1576 2093 nostro
1614 2038 1755 2093 libro
1801 2038 1980 2107 primo
2024 2048 2079 2094 et
2133 2038 2190 2095 in
2241 2039 2489 2096 secundo
2526 2056 2575 2096 c.
2614 2040 2683 2097 14
2718 2041 2925 2097 diserte
2952 2042 3244 2112 leguntur;
3283 2060 3390 2101 non
3423 2060 3554 2101 vero

260 2128 488 2197 Georgii
523 2126 763 2199 Syncelli
794 2137 943 2191 sunt,
974 2127 1068 2197 qui
1100 2126 1267 2181 Kaini
1299 2140 1523 2180 uxorem
1552 2142 1606 2196 p.
1648 2125 1716 2180 14
1745 2124 1975 2179 Assuam
2008 2135 2188 2192 vocat,
2235 2142 2344 2182 non
2386 2129 2624 2182 Azuram
2675 2136 2733 2183 ut
2771 2127 2972 2200 Glycas
3003 2127 3300 2200 Georgium
3331 2138 3552 2187 secutus

260 2230 323 2286 ρ.
356 2215 483 2279 221;
514 2215 659 2269 idem
690 2230 748 2286 ρ.
780 2214 886 2269 223
912 2214 1045 2269 dicit
1080 2232 1095 2269 :
1142 2213 1205 2267 '0
1231 2213 1289 2269 δὲ
1323 2212 1596 2284 Γεώργιος
1613 2212 1817 2283 οῑκτρῷ
1847 2212 1859 2265 1

1950 2215 2066 2285 άτῳ
2095 2216 2420 2287 τελευτῆσαι
2449 2217 2541 2270 τὸν
2568 2216 2711 2271 Κάῖν
2739 2217 2927 2287 φησίν,
2960 2215 3244 2288 Syncellus
3270 2234 3402 2274 vero
3437 2219 3505 2275 I9
3533 2238 3544 2274 :

263 2303 411 2357 Κάῖν
438 2303 716 2358 ἀπέθανεν
746 2303 1093 2373 ἐμπεσόντος
1138 2301 1224 2355 ἐπ’
1270 2301 1437 2354 αὑτὸν
1473 2300 1626 2354 οῐκου
1652 2306 1667 2330 ⁸
1711 2301 1805 2356 sed
1838 2300 1862 2356 (

1948 2304 2105 2375 rgius
2155 2313 2343 2360 noster
2397 2320 2452 2375 p.
2501 2302 2535 2358 5
2584 2316 2639 2360 et
2674 2305 2814 2360 hanc
2854 2314 2908 2359 et
2944 2304 3267 2361 deteriorem
3316 2315 3547 2363 mortem

263 2389 460 2457 refert,
497 2393 596 2446 sel.
628 2391 698 2445 ab
735 2390 855 2460 ipso
886 2392 999 2446 tilio
1034 2386 1195 2445 Kaini
1248 2389 1477 2445 illatam.
1518 2387 1717 2461 Glycas
1757 2404 1814 2459 p.
1859 2389 1965 2445 294
2024 2390 2293 2462 jejunium
2344 2407 2375 2447 e
2426 2392 2664 2461 Georgio
2708 2403 2979 2448 memorat
3025 2393 3221 2464 Moysis
3275 2396 3551 2465 octoginta

264 2480 483 2536 dierum
513 2484 932 2543 continuerunt,
968 2478 1116 2549 quod
1146 2477 1603 2549 chronograpbus
1636 2480 1987 2535 monasticus
2016 2480 2229 2549 primus
2261 2480 2629 2537 caleulaverat
2667 2496 2721 2551 p.
2754 2480 2845 2547 85,
2887 2495 3012 2536 cum
3043 2479 3333 2551 Syneellus
3363 2497 3416 2552 ρ.
3440 2482 3549 2537 255

263 2566 409 2623 duas
436 2576 649 2622 tantum
680 2566 1155 2637 quadragesimas,
1191 2567 1286 2621 sed
1317 2566 1458 2619 inter
1492 2579 1552 2619 se
1580 2564 1870 2620 distinctas
1910 2568 2129 2624 habeat.

342 2654 492 2730 [VI]
536 2657 654 2727 §2.
696 2656 945 2725 Scriptor
986 2655 1101 2724 ipse
1152 2668 1212 2709 se
1250 2654 1565 2709 monachum
1599 2654 1805 2723 pluries
1850 2654 2125 2725 signiﬁcat
2175 2658 2279 2724 (ce.
2332 2657 2569 2725 CXVIII,
2616 2655 2808 2725 CXIX,
2861 2657 3122 2726 CLXXV,
3169 2657 3433 2724 CLXXX,
3488 2660 3546 2722 3,

268 2742 451 2810 CXCI,
494 2747 551 2805 5,
596 2744 689 2809 1ο,
733 2741 968 2805 CXCIV,
1006 2743 1061 2805 3,
1094 2740 1306 2809 CXCV,
1339 2742 1393 2806 5,
1429 2739 1711 2807 CXCVIII,
1745 2742 1797 2807 7,
1834 2742 1867 2797 9

1945 2743 2014 2807 l0,
2058 2743 2167 2808 CC,
2193 2746 2247 2809 3,
2285 2746 2341 2810 4,
2377 2747 2465 2809 I9,
2498 2746 2652 2811 (.‘CV,
2681 2748 2839 2813 9-I2,
2868 2746 3097 2812 CCVIII,
3128 2749 3248 2814 4-7,
3285 2746 3544 2811 CCXXV,

270 2830 329 2895 6,
361 2830 642 2895 CCXXVI,
695 2839 847 2896 nota,
909 2828 1221 2895 CCXXXII,
1268 2830 1320 2895 9,
1368 2828 1700 2893 CCXXXIII,
1743 2831 1800 2893 2,
1850 2829 2270 2898 CCLI-CCLIII,
2330 2834 2421 2897 32,
2460 2833 2687 2902 CCLIV,
2720 2836 2775 2899 I,
2824 2833 3051 2900 CCLVI,
3096 2835 3144 2902 I,
3174 2835 3404 2901 CCLIX,
3456 2836 3546 2901 14,

271 2914 598 2982 CCLXVIII,
641 2918 706 2980 3,
739 2918 1038 2987 etquidem
1069 2917 1263 2971 deserti
1296 2915 1545 2972 Nitritici
1575 2916 1826 2987 (CXCIV,
1856 2917 1935 2986 3).

350 3004 468 3077 εδ.
502 3006 902 3060 Alexandrinus
938 3005 1040 3062 fuit
1075 3006 1347 3078 Georgius
1395 3006 1701 3061 monachus
1750 3014 1845 3060 aut
1891 3005 2324 3061 Alexandrinum
2370 3006 2695 3077 scriptorem
2739 3016 2865 3063 ante
2911 3023 3107 3064 omnes
3141 3011 3443 3076 consuluit,
3497 3012 3547 3065 si

268 3094 605 3149 mentionem
645 3094 811 3164 hujus
848 3095 1000 3150 urbis
1039 3104 1093 3150 et
1139 3093 1366 3166 [Egypti
1415 3095 1616 3163 saepius
1664 3094 1879 3149 caeteris
1922 3094 2181 3149 omnibus
2231 3092 2431 3148 factam
2465 3093 2784 3150 consideras
2824 3096 2936 3165 (ex.
2969 3110 3053 3165 gr.
3088 3110 3171 3150 cc.
3199 3095 3260 3161 C,
3288 3095 3543 3161 CLXXV,

266 3178 606 3246 CLXXXIII,
649 3179 928 3247 CXCVIII,
961 3181 1070 3247 CC,
1103 3180 1257 3246 CCV,
1308 3182 1396 3249 I2,
1440 3180 1717 3248 CCXXIII,
1751 3183 1839 3248 II,
1871 3181 2128 3249 CCXXV,
2162 3181 2442 3249 CCXXV],
2476 3183 2531 3245 5,
2564 3181 2848 3255 CCXXX).
2883 3184 3044 3239 Certe
3072 3184 3542 3256 Constantinopo-

270 3268 480 3324 Iitanus
524 3285 634 3324 non
678 3270 796 3335 fuit,
847 3285 972 3324 cum
1016 3279 1209 3325 contra
1255 3270 1996 3339 Constantinopolitanorum
2043 3268 2641 3341 Cmsarco-papismum
2683 3281 2739 3327 et
2780 3271 3174 3327 iconoclasiam
3208 3284 3540 3327 consensum

276 3357 436 3411 orbis
465 3357 758 3410 Christiani
782 3358 837 3411 in
870 3358 1247 3411 testiinonium
1284 3356 1478 3411 afferat
1505 3372 1555 3413 c.
1586 3356 1838 3422 CCLXII,
1875 3358 1968 3423 26,
2002 3360 2256 3429 quamvis
2288 3360 2478 3413 urbem
2514 3361 2721 3431 regiam
2757 3358 2825 3414 ad
2858 3360 3131 3421 idolorum
3160 3370 3213 3415 et
3239 3360 3544 3416 monacho-

275 3460 407 3499 rum
441 3446 639 3499 eultum
670 3447 709 3466 “
738 3462 1014 3501 reversam
1051 3461 1101 3501 c.
1136 3443 1410 3511 CCLXIII,
1443 3446 1475 3501 5
1508 3445 1815 3516 Theupolin
1843 3446 2113 3501 nominet.

351 3531 470 3602 5t.
502 3532 562 3588 In
604 3532 950 3602 Prtefatione,
1005 3532 1167 3602 cujus
1231 3533 1466 3589 formula
1538 3533 1950 3599 introductoria,

1945 3574 1954 3598 ,
2008 3534 2071 3586 Οἱ
2128 3533 2234 3599 ἔξω
2285 3534 2404 3588 κτλ.
2470 3548 2560 3603 pp.
2616 3533 2702 3601 76,
2760 3534 2864 3588 546
2927 3543 2979 3589 ct
3031 3535 3152 3601 469,
3190 3535 3257 3590 de
3312 3534 3544 3604 scripto-

268 3622 425 3676 ribus
455 3622 815 3677 saecularibus
846 3637 875 3674 a
911 3621 1336 3691 chronographo
1365 3620 1683 3676 Christiano
1716 3621 2004 3688 repetitur,
2038 3623 2343 3676 monachus
2368 3631 2554 3676 ltOSleI'
2585 3622 2690 3686 vel,
2730 3630 2789 3675 ut
2824 3622 2940 3692 ipse
2967 3636 2997 3677 e
3024 3638 3177 3678 more
3210 3622 3354 3678 inter
3384 3623 3535 3678 viros

269 3712 677 3766 ecclesiasticos
709 3712 915 3765 usitato
942 3726 1003 3766 se
1042 3720 1325 3780 nuncupat
1357 3710 1434 3781 t4,
1462 3713 1541 3779 8),
1570 3712 1598 3762 ὁ
1643 3708 2020 3779 Ἀμαρτωλὸς,
2047 3709 2314 3778 promittit
2340 3724 2398 3764 se
2419 3725 2558 3780 opus
2596 3725 2756 3764 suum
2796 3720 3034 3780 quatuor
3062 3712 3219 3767 libris
3244 3712 3530 3767 absolutu-

268 3814 417 3863 rum,
452 3815 691 3869 quorum
738 3802 969 3854 ultimus
1002 3800 1365 3870 imperatores
1392 3797 1741 3854 Christianos
1787 3796 2041 3851 exhibeat
2087 3796 2211 3850 inde
2252 3811 2282 3851 a
2332 3797 2511 3867 primo
2559 3796 2925 3853 Constantino
2971 3815 3133 3867 usque
3173 3798 3243 3853 ad
3286 3799 3541 3854 ultimum

269 3886 640 3957 (τελευταίου,
677 3888 748 3943 cl‘.
774 3905 829 3959 p.
865 3889 1016 3958 225),
1054 3903 1218 3958 quem
1250 3887 1486 3956 scriptor
1517 3894 1746 3942 noverat
1790 3883 2107 3938 Michaelem
2144 3882 2236 3949 III,
2267 3886 2351 3939 vel
2388 3886 2570 3953 potius
2602 3901 2780 3956 usque
2821 3886 2889 3942 ad
2924 3888 3228 3941 restitutum
3260 3885 3545 3941 monacho-

268 3993 389 4029 rum
427 3980 667 4032 ordinem
710 3978 787 4049 (p.
822 3978 902 4046 2),
942 3988 990 4032 et
1021 3978 1317 4049 imaginum
1346 3976 1546 4030 cultum
1576 3992 1605 4031 a
1638 3974 1870 4030 concilio
1900 3973 2031 4027 anni
2077 3971 2184 4026 842
2214 3975 2405 4027 iterum
2436 3974 2753 4029 stabititum.

340 4063 441 4119 Hic
475 4066 817 4121 orthodoxiae
838 4074 1166 4121 restaurata:
1196 4081 1380 4121 annus
1410 4066 1678 4121 terminus
1727 4078 1836 4119 non
1868 4062 2067 4127 solum,
2101 4063 2193 4118 sed
2229 4065 2392 4119 etiam
2425 4064 2549 4120 linis
2598 4063 3012 4121 conscribendas
3035 4062 3280 4123 historia
3303 4066 3540 4141 Georgio

280 4157 560 4208 monacho
588 4152 711 4217 fuit,
744 4156 889 4209 sicut
917 4161 1142 4224 apparet
1172 4168 1200 4207 c
1232 4154 1507 4220 capitibus
1528 4149 1776 4215 CCXLII,
1813 4152 1901 4215 I3,
1937 4150 2254 4218 CCXLVIII,
2289 4153 2482 4219 I0-I3,
2518 4153 2606 4217 15,
2634 4150 2889 4217 CCLXII,
2920 4152 3009 4207 I8.

350 4239 379 4313 ς
406 4241 460 4295 5.
492 4239 610 4311 Ipse
640 4256 772 4295 vero
805 4243 947 4295 haud
985 4242 1075 4295 diu
1112 4252 1229 4311 post
1263 4243 1371 4297 hazc
1410 4252 1647 4311 tempora
1691 4241 1925 4309 scripsit,
1971 4246 2116 4312 quod
2148 4241 2404 4311 colligere
2437 4242 2562 4297 licet
2592 4242 2646 4294 I°
2676 4258 2740 4297 ex
2775 4257 2842 4297 eo
2881 4242 3028 4309 quod
3061 4242 3293 4311 scriptor
3319 4242 3543 4299 Greene

274 4327 568 4383 Romanam
601 4329 893 4383 Ecclesium
924 4346 1034 4401 pra:
1062 4330 1329 4385 Orientali
1378 4330 1446 4385 ab
1496 4330 1858 4384 Iconoelastis
1905 4340 2220 4398 corruptam
2258 4329 2473 4391 extulit,
2498 4336 2552 4383 et
2585 4328 2806 4397 quidem
2860 4328 3021 4380 talem
3067 4327 3122 4380 in
3170 4328 3394 4383 modum
3444 4333 3540 4400 qui

274 4424 519 4487 tempore
555 4417 829 4473 Photiano
882 4419 1029 4487 (inde
1062 4420 1130 4473 ab
1160 4435 1213 4474 a.
1248 4418 1382 4488 854)
1432 4419 1540 4485 vel,
1590 4418 1833 4473 Ecclesia
1882 4414 2142 4470 Orientali
2194 4430 2317 4471 eum
2362 4415 2609 4469 Romana
2654 4414 2972 4479 dimicante,
3028 4414 3256 4485 cogitari
3305 4418 3543 4487 amplius

272 4508 483 4575 nequit.
520 4505 724 4561 Confer
781 4508 944 4562 etiam
998 4523 1052 4578 p.
1112 4508 1219 4564 276
1279 4507 1604 4562 traditiones
1660 4506 1936 4559 Romanas
1979 4518 2009 4558 a
2051 4504 2255 4560 Graecis
2285 4502 2554 4567 diversas,
2588 4504 2682 4558 sed
2718 4502 2841 4559 ideo
2873 4503 3103 4559 minime
3136 4503 3302 4579 [VII]
3336 4505 3542 4575 impro-

278 4595 435 4649 batas
462 4612 479 4661 ;
507 4596 569 4648 2⁵
597 4596 740 4664 quod
782 4610 838 4666 p.
873 4596 975 4651 654
1014 4596 1323 4649 litterarum
1362 4596 1597 4649 studium
1637 4592 1732 4647 sub
1771 4592 2028 4647 Michaele
2062 4602 2111 4647 et
2158 4591 2433 4647 Theodoro
2487 4602 2794 4647 renovatum
2843 4607 2967 4648 esse
3010 4592 3234 4659 dicitur,
3266 4610 3389 4664 qua
3422 4596 3543 4651 laus

275 4680 383 4746 iam
413 4680 667 4737 Ilicltaeli
702 4684 824 4737 inde
856 4682 925 4738 ab
958 4700 1011 4738 a.
1056 4682 1160 4737 856
1208 4685 1328 4739 sine
1377 4693 1548 4738 matre
1590 4684 1841 4752 regnanti
1883 4682 2118 4753 amplius
2169 4696 2275 4735 non
2324 4681 2712 4736 conveniebat.
2767 4681 2824 4735 3'
2860 4679 3300 4738 Vindobonensis
3330 4693 3539 4737 tantum

272 4768 545 4839 praelatio,
591 4784 619 4821 a
657 4784 823 4823 manu
855 4770 1061 4824 recenti
1103 4778 1429 4836 restaurata,
1464 4784 1588 4825 cum
1616 4768 1871 4823 versionil

1938 4786 1963 4824 s
2005 4767 2309 4823 Slavonicis
2350 4767 2780 4838 τελευτήσαντος
2827 4782 2926 4838 pro
2974 4767 3287 4822 τελευταίου
3338 4769 3537 4833 habet;

273 4857 420 4909 unde
441 4856 651 4911 Hodius
677 4857 753 4929 (in
788 4857 1110 4926 praefatione
1133 4860 1199 4912 ad
1239 4857 1483 4912 Malelam
1520 4872 1574 4928 p.
1609 4854 1802 4912 LXXV
1820 4858 1907 4912 ed.
1936 4856 2261 4926 Bonnensis)
2298 4855 2500 4926 aliique
2528 4856 2901 4926 coniecerunt,
2925 4870 3066 4923 opus
3093 4857 3238 4927 quod
3271 4858 3325 4910 in
3349 4870 3401 4910 ι.
3433 4854 3543 4909 842

270 4942 513 5007 desierit,
568 4958 676 4999 non
730 4961 853 5000 esse
902 4946 1149 5015 ejusdem
1203 4947 1490 5017 scriptoris
1545 4945 1638 5017 qui
1698 4961 1875 5017 usque
1919 4946 1985 4998 ad
2018 4942 2297 5002 Michaelis
2336 4955 2592 5008 mortem,
2629 4945 2729 5000 sel.
2760 4958 2935 5014 usque
2962 4944 3030 4999 ad
3066 4960 3116 4999 a.
3154 4942 3259 4999 868
3287 4942 3539 5013 progredi

273 5031 555 5086 voluisset.
586 5033 718 5099 Quae
749 5033 1070 5103 conjectura
1096 5050 1220 5089 eum
1251 5035 1403 5090 nullo
1433 5034 1542 5090 alio
1570 5049 1734 5106 quam
1787 5033 2037 5089 lectionis
2071 5030 2510 5089 Vindobonensis
2535 5042 2589 5088 et
2617 5030 2919 5088 Slavoniere
2949 5031 3306 5087 fundamento
3333 5032 3540 5086 nitatur

272 5127 471 5174 contra
503 5120 843 5189 optimorum
898 5121 1153 5178 codicum
1196 5122 1514 5190 lectionem,
1563 5127 1620 5178 4·
1658 5122 1823 5178 etiam
1871 5123 2126 5178 clausula
2175 5121 2573 5192 antiquissima
2614 5120 2968 5187 Coisliniana
2993 5119 3163 5189 (154),
3195 5117 3459 5173 Palatium
3487 5129 3542 5172 et

271 5202 588 5276 Iosquensi
638 5215 931 5278 repugnat,
968 5224 1093 5279 qua
1139 5219 1263 5280 post
1303 5210 1531 5265 relatam
1570 5209 1842 5282 synodum

1944 5212 1999 5266 ni
2032 5209 2137 5269 842
2159 5212 2386 5266 adnotat
2413 5227 2427 5265 :
2457 5210 2603 5273 Ἕως
2636 5203 2738 5263 ἄδι
2764 5208 2861 5262 τοῦ
2901 5205 3204 5276 Γεωργιου,
3240 5205 3350 5261 ἀπὸ
3384 5206 3540 5269 τοῦδε

268 5294 365 5348 τοῦ
395 5293 695 5363 Δογοθέτου
761 5296 838 5367 (p.
878 5296 1026 5367 ⁸121).
1086 5298 1241 5364 Quod
1281 5298 1327 5354 si
1392 5314 1520 5354 vero
1586 5299 1639 5354 ln
1692 5299 1797 5353 line
1845 5298 1867 5352 l‘

1939 5298 1967 5351 ri
2012 5297 2187 5366 quinti
2224 5300 2300 5366 (p.
2346 5295 2475 5363 851)
2509 5296 2728 5365 legitur,
2786 5293 3114 5359 Τετέλεσται
3176 5294 3270 5349 καὶ
3327 5293 3396 5347 τὰ
3444 5292 3538 5349 τοῦ

268 5382 601 5450 Amiano,
652 5382 781 5439 inde
817 5387 1074 5455 sequitur
1107 5386 1253 5442 hunc
1286 5388 1466 5441 solum
1501 5387 1726 5454 librum,
1754 5400 1864 5441 non
1902 5400 2033 5439 vero
2064 5381 2132 5439 IV
2162 5384 2378 5455 priores
2408 5383 2723 5454 Logotheta:
2760 5396 2898 5450 esse,
2932 5380 3092 5453 cujus
3132 5381 3325 5447 relatio
3351 5382 3542 5441 eodem

326 5600 851 5671 ‘I’agina_editionis
880 5604 1260 5671 Petropolitann
1282 5609 1361 5657 hic
1397 5608 1621 5671 numeris
1645 5607 1874 5671 Romanis
1909 5608 2132 5663 inclusis,
2162 5610 2209 5653 at
2238 5605 2285 5655 in
2334 5612 2474 5671 textu
2511 5603 2680 5671 Graeco
2717 5599 2939 5671 Arabicis
2978 5602 3325 5671 grandioribus
3361 5612 3545 5661 repur-

258 5668 532 5745 ςεξοξηξξιυς
586 5665 941 5745 εςίοῑΔθυῳηξ
974 5665 1185 5745 Lecton.
1212 5673 1370 5745 lineas
1402 5682 1498 5717 non
1526 5687 1536 5738 :_
1553 5667 1586 5737 b
1611 5668 1755 5718 initio
1776 5670 2022 5745 columnae
2046 5676 2250 5745 nostra,
2275 5670 2362 5717 sed
2385 5670 2501 5745 inde
2531 5681 2570 5737 δ’
2590 5665 2999 5745 citl'ra'grandipri
3035 5667 3387 5729 computandas
3412 5676 3541 5710 esse.

411 5726 569 5775 Verba
604 5732 693 5777 \‘II‘I
728 5728 861 5780 docti
894 5736 947 5778 et
976 5733 1040 5781 de
1076 5732 1215 5781 nobis
1250 5734 1379 5781 bene
1414 5731 1579 5783 meriti
1616 5744 1711 5781 non
1746 5739 2010 5793 mutamus,
2044 5734 2130 5781 sed
2161 5726 2322 5781 noStra
2360 5745 2454 5779 nou
2478 5727 2701 5780 facimus.
2727 5726 2862 5777 Emr.
2898 5729 3046 5779 ι’λτη.

219 5803 447 5991 ἄκί
595 5818 869 5877 ΡΑτκοι.
918 5818 1012 5880 Gn
1080 5822 1211 5885 CX.

3137 5814 3164 5876 1

152 5835 447 6104 κςκῖ
