4094 6212
341 366 403 435 13
1672 358 1860 418 P1101.
1871 353 2261 421 EGOMENA.
3520 340 3590 411 Η

339 481 544 540 codices
574 476 987 547 descripserunt
1017 474 1311 530 cxornandi
1355 474 1614 537 studium,
1650 488 1759 527 non
1796 486 1923 528 vero
1956 470 2124 525 alium
2153 466 2634 540 chronographum
2666 480 2830 537 quam
2855 465 2949 537 qui
2977 467 3191 523 ceteris
3222 468 3275 521 1n
3307 466 3590 524 codicibus

341 566 626 631 invenitur,
663 574 927 632 arguunt.

405 654 553 723 Quod
583 653 629 707 si
662 654 718 705 in
742 652 866 706 vitis
901 652 1065 706 trium
1089 650 1385 721 primorum
1418 650 1803 719 imperatorum
1832 647 2263 705 Christianorum
2301 643 2630 701 enarrandis
2668 644 2934 715 majorem
2969 644 3024 699 in
3062 645 3285 701 modum
3322 661 3491 715 quam
3534 648 3590 703 in

341 744 538 801 cteteris
564 740 883 811 discrepant
916 739 1061 794 inter
1090 754 1150 794 se
1188 738 1412 793 codices
1454 736 1824 807 Mosquensis,
1856 736 2312 791 Vindohonenses
2339 735 2471 800 duo,
2509 733 2855 789 Monacensis
2890 740 3122 802 uterque
3149 743 3204 789 et
3234 732 3595 797 Venetianus.

342 848 503 901 neque
528 831 580 883 id
610 830 784 883 alium
819 828 1143 897 scriptorem
1174 827 1349 881 fuisse
1376 826 1745 888 demonstrat,
1792 824 1888 880 sed
1924 828 2110 896 potius
2141 826 2383 879 eumdem
2419 824 2557 891 haec,
2590 839 2712 895 quae
2741 822 2791 879 ei
2826 821 3051 877 maximi
3103 824 3366 879 momenti
3410 834 3592 888 erant,

345 918 657 974 Christianae
688 914 894 983 politia:
928 915 1082 968 initia
1117 914 1291 983 (2.25)
1326 914 1520 981 διεβίω
1556 923 1896 967 retractasse.

413 1003 745 1058 Venetianus
771 1001 1012 1069 denique
1044 1008 1215 1054 totam
1248 1001 1412 1069 primi
1446 1009 1500 1054 et
1529 1000 1761 1054 secundi
1794 999 1918 1054 libri
1952 1000 2237 1054 materiam
2274 1000 2490 1069 paginis
2524 1012 2617 1054 sex
2651 1001 2960 1054 coarctavit.

409 1091 741 1145 Caeterornm
777 1097 1051 1157 quotquot
1081 1088 1201 1142 loca
1235 1088 1510 1156 exscripta
1556 1087 1760 1141 habere
1797 1088 2079 1157 potuimus
2121 1088 2375 1143 codicum
2410 1087 2573 1141 lectio
2610 1102 2734 1142 cum
2777 1086 3089 1157 Mosquensi
3130 1087 3268 1143 adeo
3303 1089 3597 1152 consentit,

348 1190 399 1233 ut
429 1178 677 1248 quamvis
712 1177 948 1231 diversis
980 1176 1328 1230 ascribantur
1358 1176 1698 1239 auctoribus,
1737 1175 1973 1243 ejusdem
2015 1186 2194 1230 tamen
2230 1176 2447 1246 Georgii
2491 1175 2658 1244 fuisse
2689 1175 3051 1245 colligendum
3084 1175 3175 1229 sit.
3207 1175 3365 1240 Quod
3395 1190 3459 1229 ea:
3480 1178 3601 1246 ipsa

345 1266 577 1319 lectionis
636 1264 889 1315 varietate
948 1263 1259 1331 apparebit,
1292 1263 1504 1317 scilicet
1537 1263 1586 1316 1°
1621 1263 1994 1332 antiquissimi
2042 1264 2251 1318 codicis
2295 1263 2621 1317 Coisliniani
2657 1263 2762 1317 310
2803 1264 2855 1316 in
2895 1261 3031 1317 Vitis
3062 1261 3390 1332 Copronymi
3425 1275 3479 1319 et
3513 1279 3601 1319 sc-

343 1354 617 1421 quentium
656 1352 1059 1418 imperatorum
1091 1365 1266 1419 usque
1299 1351 1366 1404 ad
1397 1349 1550 1403 initia
1589 1348 1869 1404 Michaelis
1910 1350 2014 1416 lll;
2059 1350 2115 1404 2°
2146 1350 2469 1405 Coisliniani
2502 1348 2609 1403 ’505
2643 1351 2694 1403 in
2732 1348 2866 1404 Vitis
2900 1347 3129 1414 Tiberii,
3182 1348 3463 1420 Caligulae,
3496 1351 3605 1405 Nc-

345 1442 489 1495 ronis
518 1447 572 1491 et
606 1438 962 1493 Constantini
997 1438 1174 1508 Magni
1206 1447 1373 1506 atque
1408 1440 1462 1492 in
1492 1438 1629 1494 locis
1658 1454 1727 1493 ex
1760 1438 2019 1493 omnibus
2046 1448 2281 1508 quatuor
2312 1438 2467 1493 libris
2515 1452 2544 1490 a
2591 1436 3000 1493 Montlauconio
3031 1438 3289 1504 laudatis,
3340 1454 3443 1495 nec
3489 1455 3604 1495 non

346 1544 431 1597 pp.
464 1526 747 1589 427-432;
783 1526 843 1578 3°
875 1524 1204 1579 Coisliniani
1253 1526 1356 1581 1⁸54
1394 1535 1451 1580 et
1495 1526 1755 1581 editionis
1802 1542 1831 1579 a
1867 1525 2199 1580 Combelisio
2242 1526 2650 1581 Parisiensihus
2696 1540 2727 1579 e
2772 1525 3058 1580 codicibus
3109 1523 3257 1597 [XI]
3291 1535 3491 1596 paratm
3545 1526 3604 1581 in

348 1614 518 1670 Leone
551 1613 620 1666 ιιι
653 1622 707 1667 et
734 1628 894 1682 seqq.
931 1612 997 1665 ad
1038 1628 1203 1682 quam
1233 1611 1433 1668 Hasius
1466 1614 1735 1670 lectiones
1765 1614 1931 1681 hujus
1961 1614 2168 1668 codicis
2198 1614 2522 1668 (Zoisliniani
2557 1629 2730 1683 usque
2761 1613 2828 1667 ad
2864 1629 2919 1683 p.
2954 1613 3060 1667 720
3110 1614 3367 1670 editionis
3401 1626 3607 1670 nostra

340 1701 679 1756 escurrentis
749 1700 1064 1766 adnotavit;
1122 1701 1178 1754 4°
1232 1702 1581 1756 Ambrosiani
1630 1718 1683 1771 p.
1754 1701 2039 1767 1-4;375,
2099 1700 2242 1765 599;
2314 1700 2579 1755 476-190.
2625 1701 2679 1754 5°
2737 1700 2979 1755 Vaticani
3060 1702 3162 1757 151
3236 1718 3288 1773 p.
3322 1702 3604 1768 4,19-27,

340 1791 401 1855 6;
436 1792 491 1844 0°
523 1788 648 1844 Vat.
680 1789 779 1843 153
817 1805 868 1845 a.
903 1788 1171 1855 812-948;
1203 1790 1257 1842 7°
1287 1800 1341 1845 et
1369 1790 1425 1844 8°
1456 1790 1848 1846 Parisiensium
1882 1789 2022 1844 1705
2051 1799 2107 1843 et
2135 1788 2308 1855 1706;
2338 1790 2394 1845 9°
2423 1798 2477 1844 et
2504 1787 2593 1842 10°
2626 1787 2945 1844 Barocciani
2980 1792 3305 1861 utriusque;
3342 1792 3431 1846 11°
3453 1791 3603 1847 Oxo-

345 1880 549 1935 niensis
585 1895 638 1949 p.
672 1880 729 1940 7,
767 1877 930 1942 6-65,
964 1878 1028 1943 2;
1064 1878 1154 1932 12°
1183 1887 1239 1931 et
1273 1879 1359 1932 ιδ’
1393 1877 1738 1934 Monacensis
1780 1880 2090 1946 utriusque,
2121 1884 2178 1931 et
2209 1877 2298 1931 14⁸
2342 1883 2397 1930 et
2438 1876 2528 1930 15°
2563 1874 3012 1932 Vindobonensis
3054 1880 3342 1948 utriusque
3375 1881 3426 1933 in
3466 1879 3606 1934 Vitis

341 1964 689 2020 Constantini
724 1965 818 2030 LL,
845 1965 1191 2030 Constantis,
1221 1964 1452 2028 Juliani,
1486 1967 1539 2020 in
1574 1967 1829 2021 Heraclio
1857 1974 1914 2019 et
1941 1964 2301 2026 lleracleona,
2334 1961 2622 2017 Stauracio
2644 1973 2698 2017 et
2718 1963 2977 2017 Micliaele
2998 1964 3371 2019 lll.Pra'tcrea
3402 1968 3606 2035 pratfa-

348 2055 543 2110 tionem
597 2052 916 2107 Vaticanam
948 2063 1004 2108 et
1027 2053 1422 2108 Coislinianam
1456 2053 1563 2107 505
1588 2069 1710 2108 cum
1746 2052 2132 2118 Ambrosiana,
2164 2052 2503 2116 Monacensi,
2534 2054 2879 2123 Augustaua,
2916 2050 3328 2110 Vindobonensi
3372 2064 3608 2125 utraque

346 2150 404 2195 et
436 2140 732 2210 Lipsiensi,
765 2157 884 2210 qua:
911 2156 1031 2194 eam
1070 2150 1320 2195 truncam
1354 2140 1543 2195 eodem
1577 2156 1641 2195 ex
1673 2140 1973 2209 exemplari
2021 2141 2378 2209 repetiernnt,
2425 2156 2527 2195 nec
2572 2156 2679 2194 non
2729 2157 2854 2195 cum
2903 2140 3175 2211 Lipsiensi
3213 2143 3437 2211 paginas
3467 2142 3603 2197 504-

349 2226 455 2283 587
485 2228 739 2282 conferre
787 2230 1093 2295 potuimus.
1148 2227 1399 2297 Denique
1429 2243 1492 2281 ea
1523 2242 1646 2297 quae
1682 2226 1880 2298 Glycas
1906 2242 1937 2281 e
1966 2227 2199 2296 Georgio
2251 2238 2307 2282 et
2353 2243 2475 2297 quae
2509 2228 2771 2281 versione:
2815 2227 3114 2282 Slaoonicte
3164 2230 3330 2283 variis
3380 2231 3433 2284 in
3472 2230 3610 2286 locis

348 2318 578 2369 laudata
607 2313 867 2378 aderunt,
898 2324 953 2369 et
985 2315 1095 2368 haec
1126 2314 1178 2367 in
1211 2313 1530 2382 Mosquensi
1566 2314 1757 2369 codice
1793 2316 1905 2369 fere
1942 2316 2127 2369 omnia
2162 2314 2540 2385 reperiuntur.
3322 2336 3325 2339 λ

408 2402 435 2474 ς
470 2402 553 2455 10.
587 2403 745 2468 Quod
776 2405 820 2457 si
860 2403 1088 2456 rubricae
1136 2402 1190 2456 in
1229 2405 1420 2457 codice
1460 2402 1770 2470 lllosqucnsi
1814 2402 1957 2456 haud
2007 2418 2200 2458 omnes
2246 2402 2599 2458 inveniuntur
2627 2417 2749 2473 qua:
2777 2402 2831 2456 in
2866 2401 3051 2457 tabula
3087 2402 3261 2458 codici
3297 2403 3609 2459 Monacensl

344 2491 590 2545 secundo
624 2489 911 2559 praemissa
948 2489 1242 2553 habentur,
1288 2489 1394 2542 hoc
1425 2503 1454 2541 e
1488 2487 1704 2542 delectu
1735 2489 2052 2559 neutiquam
2088 2490 2272 2560 colligi
2316 2500 2499 2561 potest
2525 2490 2850 2561 scriptorem
2886 2490 3052 2545 alium
3095 2491 3165 2545 ab
3193 2492 3298 2545 hoc
3324 2494 3512 2548 codice
3554 2506 3611 2548 et

343 2578 508 2631 alium
547 2578 621 2631 ab
648 2579 741 2631 illo
770 2577 1189 2647 repraesentari;
1242 2578 1335 2631 sed
1388 2576 1491 2630 hoc
1542 2579 1923 2632 tantummodo
1962 2577 2088 2632 inde
2120 2579 2276 2647 sequi
2315 2579 2547 2643 videtur,
2580 2578 2831 2632 rubricas
2861 2578 2962 2632 has
3011 2594 3134 2648 quae
3171 2579 3393 2634 diremta
3442 2582 3607 2635 etiam

341 2662 749 2719 Parisiensibus
800 2664 856 2718 in
902 2663 1190 2718 codicibus
1220 2671 1274 2717 et
1319 2662 1372 2717 in
1408 2660 1925 2720 Vindohonensibns
1969 2681 2072 2721 nec
2115 2681 2219 2721 non
2256 2666 2313 2720 in
2354 2665 2634 2722 Vaticanis
2665 2666 3036 2736 reperiuntur,
3088 2681 3195 2720 non
3230 2666 3301 2721 ab
3332 2668 3449 2737 ipso
3476 2670 3613 2724 scri-

346 2760 526 2822 ptore,
555 2766 747 2806 verum
786 2766 815 2805 a
866 2751 1303 2820 descriptoribus
1344 2751 1427 2805 vel
1466 2751 1710 2807 librariis
1743 2754 1826 2823 (ut
1856 2750 2097 2808 Mediceo
2127 2765 2179 2810 et
2212 2753 2550 2826 Mosquensi)
2583 2754 2640 2810 in
2676 2755 2923 2825 margine
2955 2755 3225 2824 ascriptas
3255 2764 3309 2809 et
3340 2757 3612 2811 recentio-

347 2840 497 2895 ribus
545 2841 599 2895 in
633 2840 921 2895 codicibus
962 2838 1162 2893 tabula:
1202 2839 1256 2893 in
1291 2837 1525 2894 formam
1559 2841 1902 2910 conscriptas
1932 2856 2076 2895 esse.

422 2948 452 3020 ς
482 2946 575 3002 11.
614 2945 845 3013 Quintus
879 2962 1010 3003 vero
1043 2946 1201 3013 liber,
1234 2947 1329 3017 qui
1357 2947 1426 3001 ab
1453 2962 1600 3002 anno
1627 2947 1733 3003 812
1759 2946 1826 3001 ad
1857 2962 1911 3002 a.
1945 2946 2052 3003 915
2076 2946 2411 3014 extenditur,
2442 2949 2536 3003 sed
2567 2949 2637 3003 ab
2664 2958 2890 3004 auctore
2922 2949 3160 3020 scriptus
3186 2951 3279 3021 qui
3313 2952 3563 3009 Romano
3590 2955 3612 3009 1

352 3037 643 3108 (917o915)
674 3048 984 3092 coaztaneus
1018 3037 1123 3091 fuit
1160 3037 1254 3099 (cf.
1283 3052 1336 3106 p.
1371 3035 1475 3090 857
1506 3047 1560 3091 et
1590 3036 1717 3099 847,
1754 3037 1830 3099 ὡς
1868 3036 1918 3088 οἱ
1943 3053 1969 3089 ν

2002 3053 2037 3086 ιν
2069 3031 2269 3105 σοφοὶ),
2311 3046 2365 3090 et
2404 3044 2554 3091 certe
2592 3051 2644 3090 a.
2686 3036 2790 3089 959
2821 3036 3000 3090 adhuc
3031 3040 3265 3103 vivebat,
3311 3055 3435 3094 cum
3483 3041 3619 3096 Por-

349 3127 749 3196 pltyrogeoneti
812 3138 990 3179 annos
1038 3133 1343 3189 enumeret,
1375 3124 1583 3180 scilicet
1617 3138 1645 3176 a
1681 3123 1952 3194 Symeone
1985 3121 2283 3194 Logothcta
2311 3123 2435 3178 inde
2463 3125 2534 3179 ab
2572 3138 2715 3177 anno
2740 3123 2845 3177 904
2875 3131 3007 3177 noto
3040 3126 3114 3192 (p.
3145 3124 3310 3191 785);
3343 3133 3396 3179 et
3430 3138 3614 3181 sextus

349 3213 443 3278 qui
471 3210 949 3264 centinuationem
984 3208 1298 3263 ulteriorem
1335 3209 1402 3263 ad
1438 3224 1489 3262 a.
1528 3209 1659 3263 1071
1703 3208 1949 3278 ejusdem
1996 3209 2313 3281 Logotheta:
2366 3211 2519 3282 operi
2554 3212 2867 3280 adjunctam
2919 3212 3163 3274 exhibet,
3206 3228 3403 3284 magna
3439 3218 3619 3271 varie-

351 3308 460 3352 tate
495 3299 549 3351 in
584 3296 821 3351 diversis
851 3312 993 3367 quos
1029 3296 1298 3352 habemus
1329 3296 1638 3362 codicibus,
1674 3297 1816 3350 inter
1846 3313 1906 3352 se
1936 3298 2283 3367 discrepant;
2313 3298 2572 3352 videntur
2615 3298 2781 3368 igitur
2831 3299 2993 3354 uarice
3036 3299 3183 3353 illius
3232 3301 3619 3374 chronographi

352 3386 593 3453 epitonia
630 3399 659 3437 a
702 3384 953 3452 pluribus
985 3381 1141 3439 factae
1170 3384 1392 3438 diversis
1431 3381 1646 3453 Georgii
1684 3385 1951 3438 codicibus
1978 3386 2250 3454 adjuncta:
2272 3400 2432 3451 esse;
2483 3400 2609 3441 nam
2642 3385 2892 3440 nonnulli
2937 3401 3003 3441 ex
3045 3388 3129 3443 his
3157 3402 3279 3442 cum
3327 3388 3469 3444 libro
3518 3395 3614 3461 qui

361 3488 507 3526 nunc
538 3471 827 3542 Synieonis
859 3469 1173 3541 Logothetae
1209 3472 1313 3526 sub
1346 3474 1568 3525 nomine
1601 3471 1797 3537 fertur,
1830 3482 1885 3526 et
1914 3473 2009 3543 qui
2043 3476 2158 3545 ipse
2188 3475 2571 3530 tantummodo
2605 3476 2878 3546 epitomen
2918 3475 3078 3545 hujus
3118 3478 3403 3547 scriptoris
3440 3477 3611 3552 [ΧΠ]

357 3558 583 3624 praebet,
617 3558 809 3627 sapius
840 3560 1178 3613 concordant
1238 3574 1400 3628 quam
1434 3559 1525 3612 alii
1556 3557 1774 3628 Georgii
1817 3557 2170 3615 codices.Ex.
2200 3576 2281 3631 gr.
2310 3559 2608 3616 Vaticanus
2637 3561 2737 3615 153
2778 3576 2902 3615 cum
2933 3561 3278 3619 versionibus
3309 3563 3619 3621 Slavonicis

353 3656 543 3699 contra
580 3646 824 3713 reliquos
862 3644 1083 3699 codices
1129 3643 1351 3699 Graecos
1396 3646 1692 3699 consentit.
1735 3643 1936 3700 Confer
1977 3647 2158 3700 varias
2190 3646 2451 3702 lectiones
2488 3648 2540 3703 in
2572 3648 2751 3718 capite
2782 3648 2963 3717 primo
2992 3646 3124 3704 Vita:
3156 3648 3438 3708 Michaelis
3466 3653 3532 3709 lll
3562 3664 3619 3708 ct

351 3748 403 3800 p.
438 3731 568 3793 819,
603 3732 694 3786 ubi
726 3733 843 3800 ipse
873 3732 1111 3801 scriptor
1152 3730 1420 3800 ampliora
1450 3732 1740 3799 promittit,
1770 3747 1891 3802 qua:
1922 3734 1975 3787 in
2006 3734 2121 3789 solo
2155 3732 2554 3791 Coutinuatore
2602 3752 2653 3790 c.
2687 3736 2721 3790 tl
2756 3736 2889 3791 \‘itte
2919 3735 3267 3792 Constantini
3300 3741 3608 3813 Porpher-

348 3821 569 3891 gcnneti
602 3821 979 3889 reperiuntur.
1017 3817 1295 3874 Interdum
1337 3834 1469 3874 vero
1499 3822 1849 3875 continuator
1888 3818 2104 3891 Georgii
2136 3825 2338 3889 editus,
2375 3824 2470 3895 qui
2517 3832 2574 3879 et
2619 3824 2676 3879 in
2725 3825 2914 3880 codice
2949 3823 3267 3896 Mosquensi
3318 3828 3614 3891 invenitur.

349 3920 477 3962 cum
502 3906 782 3978 Symeone
806 3918 1001 3961 contra
1034 3904 1362 3961 Vaticanum
1389 3908 1683 3963 consentit.
1716 3907 1799 3963 Cl“.
1828 3908 1881 3962 in
1906 3907 2027 3963 Vita
2049 3910 2236 3967 Basilii
2261 3928 2312 3968 c.
2339 3911 2408 3979 2;
2443 3914 2497 3967 in
2527 3910 2713 3968 Leone
2741 3912 2861 3982 ejus
2893 3913 3006 3967 lilio
3038 3928 3088 3969 c.
3115 3914 3185 3971 55
3213 3913 3373 3968 τοῦτο
3413 3916 3619 3972 codicis

354 3995 709 4067 Mosquensis
740 4012 794 4067 p.
835 3996 940 4050 788
988 4011 1017 4049 a
1067 3995 1339 4067 Symeone
1390 3999 1538 4051 edito
1588 3997 1893 4067 explicatur
1930 4014 1971 4050 τε

2001 4015 2030 4052 ν
2067 4001 2474 4071 τετραγαμίαν.
2526 4015 2557 4055 a
2602 4001 2791 4055 codice
2827 3998 3094 4055 Vaticano
3147 3999 3247 4072 τὴν
3291 4003 3615 4075 ἱερωσύνην.

356 4084 465 4139 Sed
493 4084 707 4154 ubique
739 4084 873 4137 idem
906 4100 1083 4137 rerum
1119 4083 1249 4136 ordo
1280 4084 1626 4148 observatur,
1665 4086 1856 4140 eadem
1889 4086 2059 4140 series
2088 4088 2497 4157 chronologica,
2546 4101 2670 4144 cum
2714 4088 3066 4157 amplitudine
3111 4098 3322 4144 tantum
3362 4100 3619 4161 excerpta

350 4171 498 4227 inter
531 4186 594 4226 se
629 4171 910 4241 iii/Terent,
944 4181 998 4225 et
1027 4171 1263 4241 Symeon
1309 4171 1488 4225 editus
1512 4172 1831 4241 plerumque
1876 4170 2094 4230 brevior
2135 4175 2210 4230 sit
2257 4175 2458 4239 verbis,
2507 4176 2602 4230 sed
2648 4176 2795 4231 notis
2832 4176 3242 4247 chronologicis
3273 4178 3618 4233 instructior.

357 4256 603 4330 Symeon
637 4261 816 4314 editus
845 4260 897 4311 in
927 4256 1292 4313 Constantino
1319 4256 1382 4312 Ρ.
1419 4272 1469 4313 c.
1499 4259 1531 4314 8
1568 4268 1796 4314 matrem
1831 4260 1949 4328 ejus
1975 4258 2121 4316 Zoen
2151 4273 2417 4317 memorat
2448 4262 2519 4316 ab
2547 4263 2858 4316 Alexandro
2895 4278 2926 4316 e
2976 4264 3177 4331 palatio
3217 4264 3471 4329 ejectam,
3507 4280 3617 4333 qua

350 4348 426 4403 de
479 4364 542 4402 re
567 4350 621 4403 in
649 4348 766 4403 Vita
796 4347 1095 4403 Alexandri
1130 4348 1278 4402 edita
1319 4348 1452 4403 nihil
1505 4347 1724 4415 legitur.
1758 4346 2024 4403 Similiter
2054 4349 2291 4419 Symeon
2326 4349 2507 4403 editus
2558 4348 2787 4403 Romani
2821 4347 2841 4401 Ι
2882 4351 2936 4403 in
2970 4347 3095 4403 Vita
3138 4363 3191 4402 c.
3222 4348 3294 4404 50
3332 4350 3398 4404 de
3432 4364 3623 4405 menso

354 4438 559 4507 aliquo
590 4437 836 4507 loquitur
890 4446 1150 4504 tanquam
1175 4436 1289 4505 jam
1324 4438 1645 4503 nominato;
1677 4438 1768 4489 sed
1801 4452 1853 4489 c.
1877 4435 1946 4492 49
1974 4438 2041 4491 de
2076 4435 2367 4489 Decembre
2397 4450 2579 4488 sermo
2606 4434 2807 4498 fuerat,
2839 4450 2946 4490 non
2978 4435 3045 4490 de
3063 4436 3336 4503 Augusto,
3357 4438 3449 4507 qui
3474 4438 3621 4506 apud

347 4536 591 4582 caeteros
625 4529 927 4597 scriptores
956 4526 1011 4579 li.
1045 4525 1081 4579 Ι.
1109 4524 1425 4591 invenitur;
1455 4525 1601 4578 unde
1637 4525 1891 4595 sequitur
1919 4525 1973 4579 in
2004 4524 2275 4596 Symeone
2305 4523 2454 4576 edito
2484 4521 2640 4592 plura
2672 4521 2880 4581 omissa
2908 4537 3054 4579 esse.
3081 4523 3138 4579 1n
3168 4539 3221 4579 c.
3253 4523 3322 4579 58
3349 4526 3621 4595 epitoma-

349 4630 441 4671 ων
472 4615 757 4685 Symeouis
792 4627 925 4683 (non
962 4627 1092 4668 vero
1117 4614 1474 4670 continuator
1504 4613 1752 4684 ejusdem
1788 4613 1912 4669 inde
1934 4613 2004 4668 ab
2031 4628 2083 4667 a.
2120 4609 2225 4668 945
2250 4610 2334 4665 vel
2364 4609 2492 4678 949)
2520 4610 2763 4666 ostendit
2794 4625 2852 4666 se
2882 4612 3050 4667 multo
3081 4614 3423 4669 recentiorem
3455 4616 3621 4671 rebus

349 4720 401 4759 a.
432 4703 548 4759 9N
581 4706 821 4758 narratis
844 4702 940 4773 (ὡς
966 4703 1017 4755 ol
1047 4700 1142 4755 νῦν
1179 4702 1383 4772 σοφοὶ),
1416 4703 1509 4758 sed
1543 4703 1831 4757 historiam
1870 4717 1966 4759 sua

2001 4718 2026 4756 n
2053 4701 2195 4759 sicut
2230 4699 2338 4757 Leo
2370 4698 2774 4757 Grammaticus
2807 4701 2901 4773 qui
2934 4704 2986 4755 a'.
3028 4702 3168 4759 1013
3198 4702 3438 4773 scripsit,
3471 4703 3618 4759 haud

348 4792 603 4861 amplius
658 4805 822 4862 quam
860 4805 1032 4861 usque
1065 4789 1133 4845 ad
1169 4791 1479 4861 dynastiam
1557 4788 2058 4865 Porphyrogenneti
2109 4798 2234 4859 post
2274 4788 2541 4859 Lecapeni
2593 4788 2826 4861 ejusque
2866 4789 3105 4845 ﬁliorum
3157 4789 3445 4846 decessum
3471 4789 3621 4861 (918)

350 4880 548 4935 denuo
575 4879 807 4933 ﬁrmiter
832 4877 1132 4931 stabilitam
1169 4877 1472 4948 perducere
1503 4877 1774 4942 voluerat,
1822 4891 1948 4932 cum
1996 4877 2344 4932 continuator
2382 4874 2730 4946 Theophanis
2770 4891 2944 4947 usque
2971 4878 3040 4931 ad
3069 4892 3124 4932 a.
3161 4876 3268 4932 965
3296 4887 3350 4934 et
3384 4876 3621 4952 Symeon

349 4970 722 5025 continuatus
754 4981 931 5037 usque
966 4966 1032 5022 ad
1062 4982 1117 5022 a.
1145 4966 1252 5022 962
1283 4977 1595 5023 excurrant.
1626 4965 1918 5037 Symeonis
1944 4975 2076 5020 tetas
2103 4965 2217 5035 jam
2252 4963 2379 5020 inde
2410 4963 2858 5033 colligitur-quod
2899 4978 2951 5033 p.
2987 4962 3089 5019 7-17
3117 4974 3170 5019 et
3201 4964 3304 5020 750
3338 4966 3407 5021 ad
3447 4980 3625 5021 annos

350 5059 471 5114 866
501 5070 552 5113 et
580 5056 683 5113 867
713 5057 901 5128 plures
932 5055 1033 5110 viri
1062 5070 1093 5110 a
1124 5054 1255 5111 ﬁliis
1278 5069 1494 5120 eorum,
1530 5063 1779 5125 tempore
1822 5053 2105 5125 scriptoris
2144 5048 2242 5128 (οη
2273 5066 2324 5105 a.
2391 5048 2519 5117 900)
2553 5050 2697 5106 noti‘s
2733 5050 3112 5120 dcsignantur,
3147 5061 3203 5108 et
3247 5053 3405 5123 quod'
3429 5065 3484 5122 p.
3524 5050 3629 5106 755

352 5144 817 5216 Tbeophylactus
866 5144 1195 5199 Abastactus
1244 5149 1703 5216 tanquampater
1757 5140 1986 5199 Romani
2035 5138 2379 5207 imperatoris
2428 5138 2578 5207 (inde
2630 5139 2697 5192 ab
2750 5152 2801 5193 a.
2852 5137 2976 5209 920)
3014 5137 3368 5205 memoratur.
3390 5132 3486 5193 'Cl'.
3519 5138 3624 5193 765

355 5251 497 5290 cum
529 5208 634 5289 770
661 5233 727 5288 de
753 5231 1117 5288 Constantino
1148 5238 1206 5287 et
1240 5208 1932 5302 loc-simuivregnantibus
1959 5227 2264 5299 (915-920).

435 5341 471 5415 §
510 5341 593 5397 12.
624 5339 818 5398 Sextus
845 5339 980 5394 liber
1012 5338 1135 5393 inde
1161 5352 1193 5393 a
1224 5353 1280 5409 p.
1313 5337 1419 5393 858
1459 5335 1926 5394 continuationem
1958 5337 2199 5404 exhibet,
2221 5353 2345 5410 qua
2378 5336 2433 5393 in
2466 5337 2749 5394 codicibus
2776 5335 3072 5394 Parisiensi
3107 5333 3246 5393 1708
3270 5344 3326 5392 et
3351 5334 3627 5393 Marciano

360 5430 481 5487 608
507 5431 745 5502 legitur;
786 5430 842 5484 in
879 5428 982 5483 hoc
1014 5424 1207 5499 [Xlll]
1242 5425 1461 5496 quidem
1495 5426 1565 5481 ab
1598 5440 1652 5482 a.
1684 5422 1792 5481 915
1818 5426 1885 5482 ad
1913 5440 1967 5481 a.
1998 5424 2137 5483 1078
2181 5436 2391 5482 tantum
2424 5434 2479 5481 ct
2502 5426 2723 5498 quidem
2762 5426 2888 5482 inde
2917 5426 2984 5481 ab
3005 5440 3057 5479 a.
3086 5425 3192 5483 965
3215 5424 3625 5485 brevissimam.

361 5518 533 5575 Vitas
560 5520 999 5589 patriarcharum
1031 5514 1216 5585 potius
1241 5513 1650 5570 describentem
1681 5529 1848 5584 quam
1880 5514 2297 5584 imperatorum.
2329 5512 2503 5582 Quam
2532 5517 2602 5571 ob
2627 5528 2743 5569 rem
2767 5529 2912 5579 eam,
2941 5514 3196 5583 quamvis
3222 5514 3502 5585 antiquior
3532 5513 3627 5571 sit.

360 5607 623 5678 ampliori
652 5604 1056 5663 continuationi
1083 5602 1294 5659 codicis
1322 5601 1674 5669 Parisiensis,
1708 5613 1820 5657 tum
1852 5618 1883 5659 e
1917 5600 2128 5659 Zonara
2160 5604 2360 5675 petite,
2402 5612 2516 5658 tum
2547 5601 2842 5659 recentiori
2894 5599 3156 5659 idiomate
3203 5603 3425 5676 scripta
3452 5601 3627 5671 subji-

359 5695 622 5750 ciendum
650 5709 777 5750 esse
803 5694 1088 5749 duximus.

455 5782 491 5855 ς
527 5784 607 5839 15.
640 5781 914 5855 Septimus
945 5781 1085 5837 liber
1119 5777 1187 5836 de
1221 5778 1496 5836 creatione
1536 5793 1565 5835 e
1606 5777 1875 5850 Symeone
1904 5789 1957 5839 et
1987 5789 2202 5835 octavus
2237 5779 2375 5837 liber
2418 5780 2485 5836 ad
2537 5793 2740 5836 annum
2783 5778 2919 5838 1N3
2948 5781 3297 5838 continuatus
3342 5777 3399 5833 in
3445 5784 3631 5833 nostro
