4050 6220
332 377 339 384 .
432 366 499 432 ,5
1784 362 2372 427 PROLEGOMENA.
3637 381 3702 447 ιϐ

425 485 614 547 codice
647 479 1003 535 inveniuntur
1037 479 1190 542 solo;
1236 479 1331 533 sed
1361 478 1634 549 lnterpres
1665 478 1996 535 Slavonicus
2025 492 2234 551 partem
2268 482 2448 538 octavi
2478 482 2601 537 libri
2646 484 2843 551 nostri,
2891 500 3009 556 qua
3038 486 3102 542 ad
3144 503 3194 545 a.
3230 490 3335 546 812
3361 496 3697 570 extenditur,

425 573 618 629 eodem
653 569 816 625 modo
853 569 1005 636 operi
1041 583 1142 623 suo
1176 577 1441 635 tanquam
1472 567 1827 637 appendicem
1862 569 2133 635 adjutixit.

500 659 530 733 ς
563 661 650 715 14.
688 659 995 719 Cedrenus,
1033 659 1124 726 qui
1156 672 1331 726 usque
1375 657 1441 710 ad
1476 672 1526 710 a.
1566 655 1703 711 1057
1738 660 1983 726 scripsit,
2034 670 2089 713 et
2130 659 2238 713 Leo
2269 658 2696 726 Grammaticus,
2742 665 2836 733 qui
2887 679 2940 719 a.
2995 666 3133 721 1013
3192 667 3693 744 chronographiam

426 764 583 805 suam
618 747 855 801 absolvit
882 760 1057 814 usque
1081 747 1146 798 ad
1180 760 1233 798 a.
1260 743 1365 798 948
1397 744 1735 814 perductam,
1776 746 2102 815 plerumque
2142 751 2413 816 epitomt-n
2462 762 2673 804 tantum
2712 750 2928 820 Georgii
2976 764 3030 808 et
3077 743 3527 817 continuatomm
3575 765 3695 835 ejus

427 839 709 893 exhibent.
747 835 901 900 Quod
939 850 1067 888 vero
1091 835 1159 887 de
1186 833 1367 887 Leone
1392 835 1599 887 dictum
1627 844 1734 897 est,
1769 836 1909 888 idem
1940 847 1992 890 ct
2015 838 2081 888 de
2107 835 2255 889 Julio
2297 837 2605 907 Polyileuce
2648 850 2701 892 et
2737 838 3051 894 Theodosio
3080 842 3324 899 Melitino
3373 850 3540 905 valet.
3592 833 3693 912 Ex.

428 941 513 996 gr.
550 925 731 977 fabula
758 925 823 976 de
852 923 1142 975 Vulnerato
1177 931 1228 975 et
1266 937 1477 983 musca,
1509 938 1675 991 quam
1710 921 1980 993 Georgius
2010 921 2195 989 CXIV,
2229 924 2286 984 ‘2,
2310 936 2554 990 enarrat,
2596 925 2665 978 ab
2715 927 2801 980 his
2847 930 3213 996 scriptoribus
3260 934 3474 988 nonnisi
3508 944 3698 1007 paucis

427 1012 610 1066 verbis
652 1011 913 1075 tangitur.
949 1008 1219 1062 Similiter
1254 1008 1417 1060 iidem
1463 1016 1636 1062 totum
1669 1017 1962 1063 tractatum
2003 1011 2071 1064 de
2100 1013 2264 1066 rebus
2291 1022 2413 1081 post
2448 1022 2676 1066 mortem
2707 1016 2989 1069 evetituris
3032 1018 3154 1072 vita:
3184 1017 3550 1091 Constantini,
3584 1026 3694 1081 He-

424 1100 583 1152 raclii
617 1099 735 1161 lilii,
770 1113 798 1150 a
828 1107 1016 1151 nostro
1051 1112 1102 1151 c.
1131 1095 1417 1151 CCXXXII
1459 1098 1723 1151 insertum
1758 1098 2043 1158 omittunt,
2070 1115 2167 1154 nec
2198 1113 2306 1152 non
2336 1100 2478 1168 quod
2518 1100 2606 1152 ille
2623 1101 2690 1153 de
2725 1102 2879 1156 clade
2906 1102 3154 1171 ejusdem
3185 1109 3497 1165 Constantis
3531 1113 3695 1166 refert

426 1184 760 1251 CCXXXIII,
794 1184 847 1249 -1,
886 1195 940 1238 et
972 1187 1129 1255 plura
1161 1187 1225 1238 tle
1254 1184 1549 1239 Palmstina
1581 1184 1910 1246 CCXXXV’I,
1945 1185 1999 1248 6,
2028 1185 2080 1240 9.
2117 1184 2220 1240 Sed
2247 1190 2375 1240 alibi
2407 1189 2688 1240 Cedrenus
2718 1191 2954 1257 amplior
2983 1202 3069 1245 est
3092 1209 3253 1261 quam
3289 1194 3574 1267 Georgius,
3600 1216 3691 1255 ex.

426 1290 508 1345 gr.
540 1288 589 1327 c.
619 1271 783 1336 CXV,
813 1274 869 1337 ἓ,
914 1274 967 1326 itt
1002 1274 1234 1340 epistola
1261 1273 1466 1327 Christi
1506 1275 1570 1326 ad
1611 1274 1909 1342 Abgarum,
1950 1273 2231 1327 CLXXVII
2262 1285 2318 1327 et
2349 1274 2609 1328 CLXXIX
2658 1276 2711 1328 in
2755 1280 2907 1333 Actis
2951 1278 3009 1333 S.
3049 1279 3323 1345 Silvestri,
3357 1283 3690 1354 CCXXXlV,

426 1361 558 1415 6ο10
592 1361 646 1414 itt
683 1370 859 1412 morte
889 1358 1213 1412 Constantis
1248 1361 1284 1411 l'.
1322 1358 1578 1424 IIcraelii,
1609 1357 1890 1412 CCXXXV
1920 1360 1973 1411 itt
2006 1360 2116 1411 vita
2150 1357 2569 1421 Mohamntedis,
2603 1360 2693 1414 ubi
2728 1370 2906 1414 tamen
2939 1362 2967 1432 §
2997 1363 3063 1416 1‘2
3091 1367 3229 1418 duas
3254 1368 3490 1435 integras
3520 1370 3694 1423 lineas

424 1448 709 1504 Cedrenus
735 1463 800 1501 ex
837 1447 1266 1501 homoiotelequ
1305 1447 1561 1501 omisisse
1590 1446 2058 1515 deprehenditur;
2113 1449 2331 1517 propria
2385 1450 2560 1501 eidem
2608 1459 2736 1502 sunt
2786 1462 3049 1518 praeterea
3086 1469 3207 1522 qua:
3238 1455 3305 1506 ad
3336 1455 3689 1524 CLXXXVII,

426 1541 481 1602 5,
514 1542 580 1593 de
613 1538 883 1593 fratribus
911 1537 1177 1607 Pogonati
1211 1539 1606 1606 opposuimus;
1640 1535 1975 1599 CCXXXIX,
2011 1537 2062 1603 1,
2098 1539 2163 1589 de
2196 1535 2498 1603 imaginum
2531 1537 2715 1603 cultu;
2744 1536 2801 1595 2.
2832 1542 2897 1592 de
2930 1543 3339 1609 oppugnatione
3369 1544 3501 1610 CP.;
3528 1545 3581 1605 8.
3624 1546 3693 1601 de

426 1627 789 1695 Bulgarorum
824 1628 1183 1693 incursione;
1222 1625 1401 1681 CCXI.
1428 1626 1495 1681 de
1527 1625 1828 1689 Mardaitis,
1862 1623 2091 1679 CCXLII
2120 1624 2188 1678 de
2238 1621 2529 1676 Iustiniani
2560 1622 2599 1675 II
2632 1624 2808 1677 reditu
2844 1641 3017 1694 usque
3052 1629 3118 1681 ad
3150 1631 3478 1685 Artemium.
3509 1630 3639 1686 Inde
3661 1647 3691 1687 a

427 1714 691 1770 Michaele
722 1715 735 1767 Ι
765 1715 993 1768 nimium
1027 1716 1203 1767 variat
1235 1714 1516 1769 Cedrenus
1556 1729 1585 1767 a
1629 1712 1860 1783 Georgio
1907 1728 2071 1780 quam
2117 1723 2175 1766 ut
2216 1726 2341 1765 cum
2375 1724 2440 1766 eo
2468 1714 2701 1781 atnplius
2728 1714 2968 1767 conferri
2999 1720 3203 1785 possit;
3235 1735 3407 1786 quare
3443 1721 3691 1775 varietati

427 1805 578 1859 illius
606 1807 710 1858 sub
737 1812 887 1857 textu
917 1802 1244 1856 adnotanda:
1279 1804 1477 1856 exinde
1506 1803 1659 1856 locus
1684 1818 1793 1855 non
1817 1814 1958 1865 erat,
1990 1801 2080 1854 ubi
2113 1800 2251 1854 alios
2276 1802 2574 1868 scriptores
2607 1810 2804 1869 praeter
2846 1800 3139 1870 Georgium
3172 1816 3419 1860 nostrum
3469 1818 3693 1863 secutus

426 1907 547 1948 esse
576 1890 968 1946 videtur..Leo
998 1887 1408 1944 Grammaticus
1444 1904 1595 1949 vero,
1644 1889 2002 1957 ejusdemque
2046 1887 2238 1941 farinae
2272 1888 2568 1956 scriptores
2617 1887 2794 1944 Julius
2829 1888 3167 1961 Polydeuces
3215 1893 3322 1965 (P.)
3356 1905 3405 1949 et
3439 1895 3695 1951 Theodo-

426 1982 541 2034 sius
573 1978 726 2047 (Tli.)
764 1979 884 2046 puri
915 1987 969 2031 et
994 1978 1112 2046 puti
1147 1977 1521 2045 exscriptores
1553 1975 1772 2045 Georgii
1802 1974 2000 2045 [XIV]
2032 1990 2156 2029 esse
2184 1975 2458 2039 videntur,
2484 1991 2611 2028 cum
2645 1978 2850 2044 proprii
2886 1979 3019 2032 nihil
3062 1980 3318 2044 habeant,
3354 1984 3445 2037 sed
3480 1984 3697 2039 brevio-

429 2071 581 2125 ribus
609 2075 822 2121 tantum
855 2067 1122 2120 verbis-et
1150 2065 1543 2119 communibus
1570 2073 1818 2125 utantur,
1850 2063 1938 2117 ubi
1969 2062 2426 2130 ehronographus
2452 2069 2641 2114 noster
2669 2061 2886 2130 longior
2912 2064 2993 2117 vel
3024 2064 3276 2119 diffusior
3301 2068 3384 2120 vel
3408 2070 3698 2123 obscurior

428 2158 620 2212 iisdem
652 2156 954 2209 videretur.
994 2152 1177 2218 Quare
1212 2154 1536 2207 varietatem
1566 2153 1761 2205 harum
1784 2153 2152 2221 epitomarum
2184 2151 2376 2218 paucis
2406 2150 2458 2203 in
2495 2150 2651 2212 locis,
2686 2152 2780 2220 qtti
2806 2154 3049 2222 corrupti
3082 2154 3313 2208 habendi
3344 2166 3489 2218 sunt,
3520 2158 3693 2212 adno-

427 2246 689 2300 tavimus.
725 2240 836 2294 Leo
864 2238 1228 2302 corrigendos
1255 2248 1340 2291 est
1376 2252 1406 2291 e
1429 2238 1689 2307 Georgio,
1723 2251 1850 2290 cum
1883 2237 2207 2304 compendia
2237 2236 2526 2305 scripturae
2574 2237 2643 2291 ab
2684 2238 2893 2293 editore
2926 2239 3127 2296 Leonis
3158 2243 3361 2312 saepius
3408 2260 3691 2315 perperam

427 2336 669 2388 resoluta
700 2332 830 2386 sint.
868 2328 954 2383 Cf.
986 2329 1041 2381 in
1074 2324 1197 2381 Vita
1227 2325 1463 2381 Romani
1498 2325 1518 2378 1
1545 2325 1572 2397 ᾗ
1599 2328 1689 2391 57,
1721 2342 1775 2395 p.
1810 2323 1935 2391 846,
1970 2335 2026 2380 et

1811 2323 1935 2391 846,
1970 2335 2026 2380 et
2055 2324 2112 2379 in
2154 2324 2197 2378 f.
2226 2322 2355 2389 851,
2392 2322 2728 2395 προτελευτᾷ
2774 2341 2873 2395 pro
2910 2327 3410 2400 Πρώ(τῃ)τελευτᾶ.

500 2446 529 2517 ᾗ
567 2446 652 2499 15.
689 2441 933 2498 ltacismi
963 2458 1169 2495 errores
1218 2442 1272 2495 in
1324 2442 1513 2495 codice
1552 2451 1744 2495 nostro
1784 2440 1979 2496 obvios
2012 2439 2177 2494 tacite
2218 2438 2658 2503 eniendavimus,
2695 2450 2750 2494 et
2794 2455 2916 2505 qure
2944 2456 3166 2495 sensum
3204 2443 3518 2511 turbabant,
3544 2462 3596 2503 v.
3638 2463 3690 2504 c.

428 2554 483 2608 p.
511 2536 634 2601 142,
670 2534 794 2592 151.
832 2530 954 2595 160,
980 2530 1312 2601 conjecturis
1343 2530 1397 2582 in
1434 2538 1639 2584 textum
1673 2528 1912 2598 receptis
1939 2543 2038 2597 pro
2069 2526 2276 2580 viribus
2311 2541 2511 2579 sanare
2544 2528 2882 2589 studuimus,
2920 2529 3128 2584 codicis
3161 2538 3339 2584 tamen
3375 2524 3608 2588 lectione
3635 2536 3692 2591 it:

428 2625 678 2693 margine
705 2619 965 2676 inferiore
999 2627 1295 2683 annotata;
1327 2628 1522 2671 caztera
1553 2617 1619 2671 iis
1653 2618 1744 2687 qui
1782 2618 2016 2671 aliorum
2062 2615 2314 2670 codicum
2368 2628 2471 2683 ope
2518 2614 2625 2667 frui
2662 2624 2945 2684 poterunt,
2978 2619 3320 2673 emendanda
3349 2621 3689 2690 reliquimus.

429 2715 579 2769 Alias
623 2711 970 2778 conjecmras
1007 2722 1131 2776 quae
1165 2706 1231 2759 ad
1268 2720 1491 2759 sensum
1523 2704 1852 2760 eliciendum
1905 2707 2087 2758 minus
2137 2708 2462 2759 necessariae
2510 2704 2859 2771 videbantur,
2915 2708 2966 2760 in
3017 2706 3347 2777 farraginem
3395 2711 3687 2766 lectionum

430 2798 834 2871 relegavimus;
870 2794 1233 2863 similiterque
1261 2792 1612 2856 solmcismis,
1640 2794 1843 2861 quibus
1877 2793 2177 2861 scriptores
2206 2792 2489 2863 Byzantini
2527 2793 2686 2861 hujus
2715 2794 2890 2848 aetatis
2918 2793 3102 2849 referti
3136 2806 3284 2858 sunt,
3310 2801 3686 2864 emendandis.

429 2889 643 2946 scilicet
672 2884 965 2956 participio
998 2883 1224 2937 relativo
1251 2882 1302 2934 in
1329 2882 1642 2935 absolutum
1674 2880 1937 2934 mutando
1964 2888 2028 2946 tu:

2087 2896 2126 2948 ρ.
2158 2879 2211 2939 8,
2236 2879 2328 2941 ‘25,
2362 2880 2447 2945 15,
2480 2880 2756 2943 117,118,
2792 2881 3216 2948 1Ξυ,151,151,
3246 2884 3371 2947 448,
3402 2885 3527 2952 478,
3558 2886 3686 2951 489,

427 2975 554 3039 502,
587 2973 713 3039 507,
743 2972 867 3038 518,
895 2970 1021 3035 541,
1053 2969 1183 3032 551,
1215 2966 1341 3031 556,
1374 2968 1498 3032 562,
1526 2968 1653 3031 571,
1687 2968 1813 3033 589,
1846 2978 1997 3033 nota,

2090 2967 2155 3032 l0,
2185 2967 2312 3031 500,
2342 2966 2467 3030 615,
2499 2967 2625 3032 655,
2656 2968 2782 3033 658,
2823 2960 2948 3033 615,
2987 2970 3112 3034 607,
3155 2970 3278 3035 719,
3310 2976 3555 3042 apparet)
3599 2988 3689 3028 su-

426 3063 807 3135 persedimus;
838 3074 963 3113 nam
988 3058 1166 3112 aetatis
1186 3056 1298 3125 jam
1324 3065 1453 3110 sunt
1478 3056 1610 3109 vitia
1642 3066 1696 3110 et
1724 3058 2029 3126 scriptoris,
2062 3073 2169 3111 non
2196 3058 2552 3127 deseriptoris
2582 3068 2677 3113 aut
2704 3060 2932 3121 codicis,
2963 3071 3019 3113 ut
3047 3072 3103 3114 et
3134 3058 3323 3116 formae
3356 3063 3684 3133 θυγατέροιν,

426 3151 581 3215 Δίαν,
613 3159 746 3212 etc.,
799 3147 855 3200 in
904 3145 1270 3214 scriptoribus
1318 3158 1538 3213 quoque
1583 3144 1977 3199 ecclesiasticis
2008 3145 2204 3198 obviae.
2254 3144 2459 3199 Confer
2503 3148 2668 3199 etiam
2722 3147 2863 3217 πλὴν
2917 3148 3308 3219 adverbialiter
3353 3162 3681 3219 usurpatum

427 3254 481 3310 p.
510 3237 612 3291 109
645 3245 701 3289 et
730 3233 852 3297 118,
887 3232 1283 3300 appositionem
1315 3231 1427 3284 alio
1454 3246 1587 3286 casu
1616 3232 1851 3301 positam
1887 3231 2012 3296 47-1,

1417 3248 1427 3281 ι
1454 3246 1587 3286 casu
1616 3232 1851 3301 positam
1887 3231 2012 3296 47-1,
2040 3231 2166 3297 622,
2208 3231 2335 3299 655,
2364 3234 2692 3290 anacolutha
2722 3235 2846 3294 676.
2892 3218 3016 3290 688.

501 3348 531 3417 §
567 3346 654 3401 16.
685 3346 817 3412 Quae
840 3343 989 3397 uncis
1020 3342 1039 3414 [
1079 3341 1099 3414 ]
1142 3343 1349 3395 inclusa
1383 3352 1533 3409 sunt,
1562 3344 1615 3398 in
1648 3345 1835 3400 codice
1868 3356 2078 3411 nostro,
2104 3346 2379 3401 excidisse
2397 3346 2650 3401 videntur
2674 3346 2884 3401 librarii
2908 3347 3146 3418 incuria,
3172 3358 3335 3423 atque
3357 3364 3387 3407 θ
3415 3348 3683 3417 Cedreoo,

428 3436 611 3491 Leone
635 3433 715 3485 vel
748 3431 869 3484 aliis
894 3444 923 3483 c
948 3429 1232 3484 codicibus
1258 3429 1475 3499 Georgii
1505 3430 1753 3501 suppleta
1778 3441 1927 3496 sunt,
1962 3440 2234 3502 quotquot
2266 3433 2425 3488 nobis
2454 3446 2652 3502 praesto
2684 3444 2862 3491 erant.

497 3520 630 3586 Quae
653 3516 816 3587 signis
848 3517 1241 3584 parcnt/iesiunt
1272 3515 1288 3585 (
1328 3517 1348 3586 )
1384 3517 1760 3586 continentur,
1786 3534 1816 3573 a
1846 3518 2099 3574 Ccdreno
2121 3521 2327 3576 omissa
2362 3530 2514 3578 sunt.

610 3626 673 3679 Α.
707 3644 780 3676 :
818 3623 987 3677 codex
1017 3622 1437 3677 Ambrosianus.

602 3693 745 3820 ἓν]
771 3694 894 3746 Atii.
922 3712 994 3742 :
1021 3693 1373 3749 Athanasius.

655 3806 666 3820 .
701 3782 774 3815 :2:
802 3763 1032 3817 Basilius
1074 3761 1320 3820 Magnus.

655 3806 666 3820 .
701 3761 774 3815 ἐς
802 3763 1032 3817 Basilius
1074 3761 1320 3829 Magnus.

608 3837 736 3889 Bar.
766 3835 819 3893 1.
854 3834 889 3886 Ξ).
922 3851 985 3881 —_:
1011 3831 1228 3887 codices
1261 3832 1576 3887 Barocciaui

603 3906 665 3962 C.
698 3903 1155 3958 :Coislinianus
1186 3902 1353 3957 codex
1390 3903 1509 3957 151.

603 3976 730 4031 Ced.
765 3992 838 4025 =
866 3972 1172 4026 Cedrenus.

603 4045 732 4100 Chr.
764 4061 836 4092 :
864 4041 1313 4111 Chrysostomus.

604 4112 768 4168 Coisl.
804 4111 909 4167 510
936 4122 991 4164 et
1020 4111 1126 4165 505
1163 4128 1226 4161 ::
1257 4112 1577 4167 Coisliniani
1610 4113 1828 4172 codices
1862 4116 1967 4171 310
1996 4127 2049 4173 et
2080 4118 2202 4174 505.

601 4184 737 4240 Cod.
766 4200 840 4233 ε
863 4182 1034 4235 codex
1064 4181 1433 4251 Mosquensis.
1986 4192 1989 4195 '

600 4256 784 4311 Const.
816 4251 1250 4309 Coustitutiones
1279 4256 1676 4311 apostolorum.

602 4324 759 4382 Com.
789 4342 861 4374 :2
888 4320 1253 4378 Continuator
1287 4320 1657 4381 Tueoohauis.

598 4392 723 4465 Cyr.
759 4412 831 4445 ::
851 4391 1106 4465 Cyrillus.

601 4463 667 4535 ιζ.
701 4480 771 4512 2:
802 4463 1100 4535 Dionysius
1122 4464 1469 4535 Areopagita.

600 4530 701 4599 Ερ.
736 4546 807 4579 2::
838 4530 1196 4598 Epiphanius.

599 4599 692 4654 Gr.
722 4616 797 4651 π
822 4599 1140 4666 Gregorius.
1441 4640 1443 4642 .

600 4670 763 4724 Hom.
794 4685 867 4719 ε
900 4666 1148 4722 Humilia:
1180 4668 1726 4732 Pseudo-Clementis
1756 4675 2011 4734 Romani.

595 4739 713 4795 J‘os.
741 4756 815 4790 -.:.
841 4736 1113 4805 Iosephus
1142 4738 1380 4794 Flavius.
1666 4744 1669 4745 ⁷

518 4840 523 4847 -
598 4810 673 4866 Is.
707 4826 783 4860 ..οε
814 4806 1085 4863 Isidorus.

596 4880 660 4945 1,.
688 4896 765 4931 :2.
800 4879 911 4933 Leo
938 4875 1362 4938 Grammaticus.

599 4949 741 5030 Lips.
765 4952 1044 5030 ςτέρομαι
1072 4948 1396 5030 Lipsiensis.

536 5064 537 5067 η
594 5019 674 5083 )1.
712 5037 787 5072 =
815 5019 1085 5075 Maximus
1115 5019 1431 5080 Confessor.

599 5093 672 5151 ιι.
710 5091 761 5159 1,
790 5095 830 5146 at
858 5092 941 5145 vel
983 5089 1130 5150 Man.
1165 5090 1295 5158 1,2.
1318 5113 1389 5144 :
1418 5097 1636 5153 codices
1682 5095 2033 5156 Monacensis:
2070 5101 2095 5152 1
2130 5110 2185 5155 et
2213 5101 2269 5160 3.

592 5164 643 5221 υ
667 5180 742 5213 :3
775 5164 946 5219 codex
975 5162 1318 5220 Oxouiensis.

593 5233 763 5307 13ης.
788 5234 958 5307 editio
983 5230 1329 5307 Parisiensis,
1360 5236 1554 5305 invito,
1588 5248 1647 5293 ut
1678 5237 1876 5295 [Iasius
1904 5249 2158 5307 Gestatur,
2186 5243 2377 5299 codice
2402 5242 2528 5299 Par.
2571 5246 2730 5303 1705.

590 5301 713 5361 Pal.
758 5322 822 5355 ε
845 5302 1018 5361 codex
1055 5300 1353 5361 Palatinus.

597 5374 733 5457 far.
757 5393 828 5457 ξ
852 5372 1071 5457 codices
1096 5371 1433 5457 Parisienses
1465 5375 1613 5457 1701
1623 5406 1697 5457 _-
1730 5376 1890 5457 170_8,
1922 5380 2194 5457 praecipue

1017 5386 1071 5457 es
1096 5371 1433 5457 I’arisieiises
1465 5375 1697 5457 _-
1730 5376 1890 5457 1708,
1922 5380 2194 5457 praecipue
2228 5378 2427 5457 Regius
2461 5386 2616 5441 I705.

592 5442 658 5515 Β.
684 5451 739 5496 et
768 5444 887 5496 Pot.
915 5460 988 5493 -.:_-
1025 5440 1381 5515 Polydeuces,
1423 5451 1545 5504 edd.
1578 5450 1841 5505 Bianconi
1875 5440 1939 5505 et'
1964 5440 2240 5508 llardtius.

591 5513 659 5566 ﬂ.
692 5530 768 5567 τε
797 5515 1004 5581 Regum
1035 5513 1179 5570 libri.

594 5584 688 5669 fit.
718 5600 799 5669 ς---ἒ
824 5582 1500 5669 'I‘Ltteodosiusnblelitious,
1531 5591 1691 5669 cujus
1720 5591 1984 5669 lectiones
2017 5592 2291 5653 variantes
2314 5597 2608 5669 exscripsit
2632 5597 2993 5657 doctissimus
3046 5601 3130 5656 vir
3168 5598 3235 5655 (ἒ.
3267 5598 3327 5655 ι..
3362 5599 3456 5656 Fr.
3491 5601 3668 5661 Tufel.

600 5652 658 5708 V.
682 5669 754 5701 ε
782 5653 831 5713 1,
859 5654 895 5702 “.1
923 5654 1139 5708 codices
1167 5652 1620 5715 Viitdobotteitses
1646 5663 1671 5715 1
1704 5675 1758 5714 et
1786 5663 1840 5716 2.

603 5722 719 5807 χαι.
752 5740 823 5773 ::
847 5724 1333 5807 cod.tces‘~'Vaticani
1362 5730 1464 5783 151
1493 5743 1544 5785 et
1573 5732 1695 5799 153,
1726 5733 1998 5803 pracipue
2036 5734 2203 5807 prior.

603 5791 727 5851 Ven.
755 5811 828 5848 ,τ-
855 5794 1025 5849 codex
1062 5791 1320 5853 Venetus.
1637 5817 1649 5839 π
1682 5791 1690 5799 ’
1726 5791 1742 5803 ’
1891 5791 1908 5803 ’
2036 5791 2055 5815 “
