4094 6212
446 230 480 291 7
1765 237 2346 296 PROLEGOMENA.
3603 242 3664 302 13

1731 376 1920 449 [XVI]
1971 376 2229 438 CAPUT
2278 377 2352 435 Il.

1708 531 1811 588 De
1872 528 2370 591 codicibus.

1851 681 2122 740 SECUIJ
2157 683 2221 736 Χ.

491 802 542 852 Ι.
582 793 747 851 Coisl.
785 799 912 853 510.
945 819 962 849 ι
989 799 1357 861 Coislinianus
1383 806 1659 868 310.0lim
1695 809 1820 871 δοῖ.
1861 809 2332 872 membranaceus,
2362 809 2407 862 Χ
2443 808 2526 874 S.,
2561 807 2814 862 foliorum
2852 809 2978 872 259,
3009 824 3242 877 quorum
3266 826 3357 866 sex
3394 813 3660 880 [septcm,

411 896 715 939 secmutnm
754 886 816 938 E.
852 887 1146 962 Millerum]
1181 892 1352 959 prima
1385 903 1438 948 et
1469 907 1706 964 quatuor
1731 898 1920 951 ultima
1949 896 2360 966 bombycinafex
2393 897 2534 950 libro
2568 897 2800 964 quodam
2824 895 2992 949 Ollicii
3023 894 3431 968 [ecclesiastici,
3455 897 3655 972 Miller]

406 982 663 1040 excerpta
698 983 850 1030 sunt.
894 974 1016 1029 Fuit
1043 977 1170 1031 olim
1210 979 1374 1034 laurae
1406 979 1463 1036 S.
1497 984 1782 1038 Athanasii
1816 984 1869 1038 in
1908 992 2092 1038 monte
2127 984 2288 1046 Atho,
2323 982 2386 1054 [l'.
2423 981 2636 1052 8°,ubi]
2667 997 2824 1035 manu
2858 983 3161 1037 recentiore
3188 984 3449 1038 scribitur
3486 985 3652 1041 Ἰστο-

412 1061 505 1129 ρῑα
539 1060 814 1130 Γεωργίου
839 1065 1096 1133 μοναχοῦ,
1131 1065 1225 1119 sed
1261 1082 1455 1122 nomen
1489 1069 1609 1138 ejus
1634 1071 1806 1138 prima
1841 1085 2000 1124 manu

2043 1080 2319 1124 exaratum
2378 1085 2482 1123 non
2516 1070 2821 1137 reperitur;
2869 1079 2924 1123 at
2950 1070 3062 1125 sive
3096 1083 3312 1124 erasum
3372 1072 3490 1126 sive
3519 1089 3660 1128 nun-

407 1163 580 1215 quam
608 1150 836 1216 positum
871 1150 1056 1215 fuerit,
1088 1155 1184 1206 hoc
1201 1155 1482 1210 chronicon
1512 1158 1648 1211 idem
1672 1159 1844 1227 ipsum
1874 1169 1950 1212 est
1981 1161 2116 1225 quod
2154 1159 2375 1212 habetur
2396 1160 2573 1212 codice
2604 1160 2727 1213 305.
2755 1159 2857 1212 Sed
2893 1160 3066 1226 in‘,hoc
3094 1175 3198 1214 ms.
3229 1159 3408 1231 [initio
3441 1163 3660 1220 scilicet

407 1235 719 1306 deﬁciente]
747 1238 1008 1305 Prologus
1035 1268 1104 1279 -
1131 1256 1234 1295 non
1291 1243 1538 1308 habetur,
1583 1246 1636 1300 in
1695 1261 1806 1314 quo
1837 1246 2042 1300 dicitur
2081 1246 2349 1315 Georgius
2393 1246 2685 1315 scripsisse
2733 1247 3042 1302 Chronicon
3079 1264 3237 1303 suum
3272 1258 3516 1317 tempore
3550 1251 3653 1306 Mi-

407 1323 616 1377 chaelis
640 1353 708 1362 —
736 1327 828 1392 qui
851 1328 1122 1395 imperare
1152 1329 1317 1397 cmpit
1347 1346 1397 1386 a.
1439 1331 1562 1385 8H.
1595 1332 1658 1388 Et
1681 1348 1812 1388 sane
1847 1333 2150 1388 Chronicon
2183 1333 2252 1386 ad
2282 1349 2442 1402 usque
2467 1334 2773 1387 inchoatum
2801 1333 3077 1388 Michaelis
3099 1344 3148 1387 et
3179 1334 3464 1390 Theodoro:
3490 1338 3656 1392 imos-

407 1412 547 1462 rium
583 1414 950 1468 continuatur.
983 1414 1202 1471 Omisso
1236 1418 1418 1486 itaque
1444 1421 1666 1488 prologo
1692 1423 1883 1477 titulus
1915 1423 1994 1476 sic

2034 1437 2082 1476 se
2114 1421 2274 1474 habet
2310 1420 2348 1474 l'.
2386 1422 2489 1476 8°:
2535 1421 2704 1490 Ἀρχὴ
2750 1423 2847 1475 σὺν
2882 1421 3001 1490 Θεῴ
3052 1424 3152 1490 τῆς
3183 1423 3476 1490 γενέσεως.
3501 1426 3651 1492 Αὕτη

405 1497 439 1565 ἡ
467 1496 648 1562 βίϐλος
675 1499 948 1564 γενέσεως
1001 1502 1305 1571 ἀνθρώπων
1436 1507 1619 1578 ἡμέρᾳ
1653 1507 1908 1572 ἔπλασεν,
1940 1507 2022 1561 xtl

2046 1547 2059 1560 .
2113 1508 2187 1582 [p.
2217 1510 2272 1568 4.
2309 1507 2419 1579 19].
2456 1508 2512 1562 In
2555 1509 2820 1578 principio
2883 1510 3127 1564 historiae
3164 1511 3346 1565 statim
3384 1512 3450 1566 de
3477 1513 3657 1581 regnis

405 1586 782 1653 Assyriorum,
836 1587 1147 1650 Persarum.
1195 1591 1573 1662 [Egyptiorum
1631 1604 1684 1650 et
1741 1595 2057 1650 Graecorum
2091 1600 2220 1666 agit,
2251 1597 2337 1651 ubi
2385 1598 2550 1651 multa
2593 1597 2658 1650 de
2684 1597 2995 1651 Alexandro
3028 1597 3221 1666 Magno
3263 1598 3465 1653 fabulis
3494 1599 3654 1668 plena

405 1671 566 1742 [liber
607 1674 860 1745 primus].
901 1675 1097 1731 Postea
1131 1694 1258 1734 vero
1291 1683 1518 1734 resumit
1553 1697 1582 1736 a
1619 1684 1786 1739 rebus
1836 1683 2185 1739 llebrteorum
2227 1701 2402 1754 usque
2448 1674 2512 1738 ad
2571 1685 2849 1740 Christum
2885 1686 3044 1757 [liber
3071 1688 3390 1758 secundus].
3423 1688 3651 1743 Domum

403 1761 654 1845 sequitur
683 1762 1053 1827 Augustorum
1082 1763 1241 1834 [liber
1281 1766 1523 1839 tertius],
1573 1769 2069 1840 imperatorumque
2100 1771 2582 1843 [Christianorunt,
2636 1773 2775 1826 liber
2810 1773 3064 1845 quartus]
3100 1775 3327 1828 historia
3362 1791 3535 1843 usque
3585 1777 3649 1832 ad

407 1844 722 1901 Michaelem
749 1848 1035 1919 Theophili
1069 1853 1261 1906 lilium.
1312 1854 1408 1910 llic
1455 1857 1693 1925 scriptor
1735 1860 1976 1914 excurrit
2019 1876 2160 1928 saepe
2197 1861 2474 1927 multaque
2517 1861 2780 1912 admiscet
2822 1860 2888 1912 ad
2933 1844 3054 1911 rem
3079 1877 3182 1912 non
3219 1862 3551 1928 pertinentia
3581 1860 3644 1916 do

403 1937 724 2003 astroIOgia,
750 1939 814 1991 de
831 1941 1030 2006 magia,
1061 1941 1127 1995 de
1145 1943 1372 1997 deorum
1397 1947 1606 2014 origine
1636 1955 1688 2000 et
1720 1948 2031 2000 nominibus
2071 1946 2304 2018 [scilicet
2331 1954 2390 1997 ut
2419 1944 2712 1997 discrimen
2739 1945 2876 1997 inter
2909 1944 3649 2015 idololatriametimaginum

410 2023 622 2076 cultum
655 2024 1019 2080 Christianum
1047 2027 1493 2104 demonstraret].
1525 2031 1641 2087 Non
1679 2050 1848 2103 pauca
1907 2034 2019 2087 loca
2055 2034 2207 2086 amart
2254 2047 2321 2085 ex
2368 2029 2604 2094 Josepho
2643 2039 2696 2082 et
2725 2030 3114 2100 Chrysostomo
3143 2039 3197 2084 ct
3228 2032 3371 2086 aliis.
3401 2050 3419 2084 ι
3455 2062 3526 2072 --
3554 2031 3645 2087 Sic

411 2107 752 2163 Monlfaucon
783 2113 834 2165 in
867 2112 1190 2169 Bibliotheca
1213 2117 1564 2182 Coisliniana,
1616 2136 1671 2188 p.
1719 2121 1844 2174 425.
1894 2120 2248 2173 Οοοιίκδὶηηις
2279 2117 2358 2170 vir
2387 2116 2509 2172 Em.
2565 2115 2758 2180 Miller,
2793 2117 2886 2185 qui
2919 2117 3098 2172 varias
3129 2119 3390 2174 lectiones
3425 2135 3455 2173 a
3499 2129 3646 2174 textu

401 2195 672 2251 llonnensi
702 2199 777 2266 (p.
814 2199 920 2254 763
945 2232 1016 2242 —
1048 2203 1171 2270 8H)
1203 2207 1256 2266 4,
1291 2216 1535 2260 nostrum
1567 2209 1619 2259 in
1647 2223 1802 2260 usum
1851 2207 2008 2260 amici

2032 2207 2176 2261 :sime
2222 2205 2450 2264 notavit,
2478 2204 2620 2257 hanc
2669 2211 2794 2271 post
2827 2204 3049 2256 verbum
3084 2205 3386 2272 ἀλάστορος
3411 2205 3488 2274 (p.
3525 2204 3649 2263 72ον

403 2281 494 2350 17)
529 2284 828 2338 clausulam
866 2288 1113 2341 invenit:
1149 2291 1315 2353 Τέλος
1353 2292 1590 2345 ἐνταῦθα
1619 2292 1712 2346 τοῦ
1744 2294 1999 2361 χρονικοῦ

2037 2291 2261 2361 βιϐλίου.
2297 2290 2579 2343 Lectiones
2609 2289 2713 2343 illae
2749 2289 2851 2342 sub
2883 2299 3028 2344 textu
3060 2291 3266 2344 codicis
3299 2291 3643 2361 Mosquensis

399 2387 428 2422 a
457 2371 614 2426 nobis
639 2375 929 2439 exscripta:
961 2377 1095 2430 satis
1115 2393 1386 2444 superque
1433 2379 1629 2446 cuique
1668 2395 1761 2434 eas
1786 2380 2086 2434 conferenti
2116 2379 2402 2432 ostendent
2456 2385 2654 2430 textum
2699 2375 3095 2429 Coislinianum
3135 2379 3383 2446 pluribus
3420 2379 3471 2431 in
3515 2379 3642 2432 loci!

394 2456 507 2525 iam
547 2474 665 2513 esse
693 2462 1032 2514 emendatum
1068 2464 1360 2531 etquidem
1391 2464 1458 2517 ab
1492 2465 1602 2527 illo,
1627 2466 1716 2533 qui
1744 2466 1980 2520 codicem
2011 2467 2153 2520 hunc
2179 2463 2505 2528 descripsit;
2537 2478 2659 2516 nam
2686 2463 2876 2514 melior
2900 2463 3013 2516 haec
3045 2464 3204 2518 lectio
3237 2466 3288 2518 in
3319 2466 3641 2519 deteriorem

398 2545 671 2613 vulgatam
704 2558 913 2600 mutata
943 2563 1063 2602 esse
1096 2565 1201 2602 non
1233 2559 1428 2618 potest,
1461 2551 1506 2605 si
1551 2553 1620 2604 ab
1656 2553 1882 2619 antiquo
1927 2553 1977 2603 in
2029 2553 2263 2620 Georgio
2313 2552 2519 2609 aderat.
2558 2565 2654 2603 nec
2702 2551 2813 2604 sola
2857 2551 3065 2604 incuria
3099 2553 3446 2606 librariorum
3489 2551 3648 2607 lectio

399 2631 609 2698 vulgata
645 2633 909 2700 explicari
940 2643 1113 2702 potest
1145 2651 1193 2690 c.
1225 2635 1427 2698 CCXll,
1458 2636 1696 2700 19—24,
1729 2639 1818 2690 ubi
1850 2637 2073 2707 argutia“:
2105 2637 2374 2692 sermonis
2400 2646 2454 2690 et
2487 2637 2644 2690 lusus
2667 2636 3061 2690 vocabulorum
3090 2638 3386 2692 secundam
3419 2639 3643 2694 demon-

396 2729 570 2773 strant
597 2719 965 2775 redaCtionem
993 2721 1069 2776 vel
1103 2723 1286 2792 potius
1317 2723 1558 2778 locorum
1588 2728 1947 2793 quorumdam
1977 2725 2332 2780 variationem
2361 2723 2660 2777 exornandi
2693 2724 2880 2791 gratire
2914 2735 3250 2794 susceptam.

1796 2861 2072 2920 ΞέΕΩῸΙΛ
2130 2861 2222 2917 ΧΙ.

475 3002 507 3055 2
540 2999 701 3055 Coisl.
756 3002 883 3056 305.
939 3000 1127 3056 Codex
1163 3001 1536 3060 Coislinianus
1578 3023 1595 3056 ι
1631 3005 1758 3066 505,
1792 3005 1919 3058 olim
1946 3004 2036 3069 66,
2074 3001 2546 3059 membranaceus.
2595 2998 2640 3051 Χ
2691 2997 2771 3051 vel
2808 2997 2878 3052 Xl
2928 2997 3009 3056 8..
3040 2997 3291 3050 foliorum
3333 3001 3460 3062 510,
3491 2998 3648 3055 initio

395 3087 869 3161 (seilicetduobus
893 3090 1084 3158 primis
1119 3090 1262 3146 foliis
1293 3095 1591 3146 secundum
1623 3091 1982 3163 Millerum]et
2011 3091 2131 3145 aliis
2166 3089 2300 3143 locis
2322 3088 2626 3142 recentiore
2647 3101 2806 3139 manu
2834 3093 3194 3138 reslauratus.
3229 3103 3248 3136 ι
3286 3084 3346 3137 lb
3380 3086 3648 3153 Χρονικον

401 3177 665 3244 σύντομον
692 3178 758 3229 ἐκ
780 3177 1055 3247 διαφόρων
1082 3179 1470 3248 χρονογράφων
1499 3196 1556 3231 τε
1589 3179 1682 3231 καὶ
1736 3179 2038 3247 ἐξηγητῶν,
2081 3177 2338 3242 συλλεγὲν
2372 3177 2467 3230 καὶ
2516 3173 2770 3227 συντεθὲν
2826 3171 2930 3224 ὑπὸ
2965 3172 3238 3241 Γεωργίου
3287 3171 3643 3242 Ἀμιρτωλοῦ

403 3264 660 3332 μοιθαχοῦ.
701 3265 975 3334 “polo-{oc
1012 3267 1267 3334 χρονικῆς
1296 3268 1559 3336 ἱστορίας.
1586 3267 1778 3318 Πολλοὶ
1811 3265 2038 3338 [omisso
2073 3264 2193 3337 μὲν]
2224 3265 2332 3317 τῶν
2367 3265 2472 3329 ἔξω
2507 3262 2805 3332 φιλολόγων
2839 3262 2932 3314 καὶ
2962 3261 3333 3330 χρονογράφοι
3370 3261 3642 3330 ἱστορικοί

400 3367 459 3402 τε
490 3354 585 3404 καὶ
610 3351 827 3420 ποιηταὶ
857 3352 950 3404 καὶ
979 3353 1344 3422 χρονογροὶφοι
1375 3353 1472 3415 τὰς
1497 3383 1564 3394 --
1599 3353 1758 3417 εὐθύς
1789 3370 1844 3406 τε
1885 3355 2295 3407 Κωνσταντϊνον
2342 3350 2452 3411 τὸν,
2495 3364 2524 3403 a
2570 3349 2808 3404 secunda
2865 3364 3062 3415 manu;
3104 3348 3166 3401 5·
3206 3366 3219 3401 :
3254 3349 3645 3400 εὐσεϐέστατον

406 3438 503 3490 καὶ
556 3439 766 3505 πρῶτον
816 3438 1041 3508 βασιλέα
1086 3439 1194 3492 τῶν
1247 3440 1587 3508 Χριστιανῶν
1648 3441 1741 3493 καὶ
1805 3441 1928 3503 τοὺς
1990 3441 2225 3510 καθεξῆς
2270 3439 2464 3508 [Χνιι]
2510 3439 2616 3499 ἕως
2670 3437 2762 3490 τοῦ
2808 3438 3120 3489 τελευταίου
3165 3436 3407 3506 Μιχαὴλ.
3441 3434 3646 3492 κ.τ.λ.

407 3542 434 3575 a
466 3525 636 3593 prima
664 3542 846 3588 manu,
886 3527 1028 3580 sicut
1055 3537 1301 3580 nostrum
1336 3528 1387 3578 in
1444 3542 1604 3581 usum
1653 3531 1931 3581 annotavit
1968 3529 2290 3583 Emmanuel
2323 3527 2582 3592 Millerns,
2618 3527 2702 3580 vel
2745 3528 3043 3581 secundum
3084 3525 3548 3579 Montfanconinm
3590 3525 3644 3581 is

401 3611 767 3680 descriptione
826 3611 1169 3667 Bibliorhecrz
1219 3613 1566 3666 Coisliniamc
1595 3629 1613 3667 :
1647 3634 1664 3665 ι
1697 3613 1830 3668 Tres
1873 3615 2080 3683 priores
2115 3614 2320 3684 prologi
2363 3615 2570 3682 pagina:
2617 3615 2785 3668 altera
2817 3615 3081 3684 longeque
3125 3613 3429 3668 recentiore
3481 3626 3643 3664 manu

397 3699 614 3768 scripta:
638 3709 785 3754 sunt.
822 3719 840 3752 ›
866 3731 937 3741 —-—
969 3719 986 3752 ι
1021 3701 1236 3755 Initium
1265 3702 1508 3756 chronici
1557 3701 1597 3755 l'.
1631 3704 1663 3756 5
1694 3701 1772 3773 [δ’]
1799 3703 1878 3757 sic
1896 3717 1954 3756 se
1990 3704 2014 3754 h

2027 3703 2146 3756 abet
2177 3719 2192 3755 :
2222 3702 2413 3766 Βίϐλος
2439 3702 2703 3768 γενέσεως
2727 3701 3032 3772 ἀνθρώπων
3125 3701 3311 3770 ἡμέρα
3350 3700 3582 3752 ἔπλασεν
3615 3701 3643 3750 6

399 3784 529 3850 θεὸς
554 3788 648 3839 τὸν
695 3787 869 3858 Ἀδὰμ
897 3789 1018 3841 κατ’
1054 3789 1238 3842 εἰκόνα
1259 3789 1353 3842 καὶ
1383 3789 1639 3858 ὁμοίωσιν
1661 3789 1849 3843 αὑτοῦ.
1889 3791 1948 3842 ’0
1979 3791 2035 3843 δὲ
2069 3791 2240 3860 Ἀδὰμ
2274 3790 2563 3859 ἐγέννησεν
2578 3791 2726 3852 υἱοὺς
2748 3795 2796 3855 γ’
2821 3790 2916 3843 καὶ
2941 3789 3250 3858 Θυγατὲρας
3280 3786 3346 3857 β’,
3369 3787 3460 3839 τὸν
3481 3789 3642 3848 Καῖν,

402 3875 496 3927 καὶ
524 3874 617 3926 τὸν
644 3875 834 3940 Ἀσελ,
861 3877 954 3928 καὶ
983 3875 1072 3928 τὸν
1087 3876 1216 3946 Σὴθ,
1252 3877 1345 3929 καὶ
1380 3876 1774 3947 τὴνἋξοὺραν,
1798 3877 1892 3930 καὶ
1906 3878 2019 3946 τὴν

2024 3879 2277 3948 Ἀσουάμ.
2315 3875 2405 3932 Sic
2423 3892 2662 3946 persaepe
2683 3886 2918 3943 nugatur
2947 3876 3022 3947 [ρ.
3059 3877 3113 3938 Α,
3145 3875 3216 3929 22
3247 3875 3378 3945 etc.]
3415 3873 3641 3927 Deorum

403 3961 642 4026 origines
692 3978 862 4016 novas
893 3964 1332 4018 comminiscitur
1380 3961 1459 4034 [ρ.
1501 3965 1549 4028 7,
1580 3963 1670 4035 5];
1732 3965 1917 4033 longas
1977 3965 2195 4020 Patrum
2243 3965 2469 4020 lacinias
2513 3964 2697 4018 Basilii
2753 3963 2809 4036 [9
2845 3961 3040 4035 locos],
3116 3962 3493 4032 Chrysostonti
3553 3959 3645 4031 [ἳο

399 4049 574 4122 locos]
604 4060 660 4106 et
706 4052 939 4106 aliorum
973 4052 1294 4116 interserit;
1327 4070 1344 4103 ι
1377 4080 1450 4092 -
1479 4070 1496 4102 ι
1535 4051 1574 4106 1.
1617 4053 1704 4115 ιδ.
1731 4053 1819 4106 ubi
1849 4053 1914 4106 de
1936 4052 2090 4108 Caini
2123 4069 2278 4122 poena
2312 4053 2686 4120 agitur,lorus
2716 4051 3248 4107 Basiliidescribitur
3293 4050 3456 4104 unius
3484 4058 3646 4117 atquo

401 4136 643 4191 dimidia:
688 4138 896 4207 pagina!
930 4136 1008 4208 [δ.
1035 4137 1221 4209 4-27];
1279 4139 1373 4191 161³
1407 4138 1560 4194 locus
1596 4139 1818 4194 Caesarii
1852 4138 2036 4196 lralris
2076 4141 2132 4196 S.
2161 4141 2404 4212 Gregorii
2450 4140 2774 4195 Nazianzeni
2808 4140 2875 4194 de
2908 4140 3180 4192 variarum
3224 4136 3464 4203 gentium
3499 4136 3632 4204 legi-

405 4224 535 4288 bus,
574 4225 733 4280 unins
792 4225 1005 4295 paginae
1070 4224 1184 4296 [26,
1211 4224 1335 4294 28];
1374 4225 1413 4281 1.
1444 4226 1508 4280 21
1544 4241 1609 4280 ex
1655 4228 2046 4296 (Jhrysostomo
2085 4229 2292 4297 pagime
2353 4228 2473 4282 dua:
2525 4227 2592 4281 de
2643 4225 2756 4280 Noe
2807 4235 2861 4279 et
2919 4225 3126 4278 diluvio
3177 4221 3328 4292 [55];
3367 4220 3404 4273 1.
3438 4220 3540 4272 211³
3574 4235 3640 4273 ex

407 4310 706 4366 Athanasio
725 4311 923 4368 Contra
955 4323 1132 4382 gentes
1173 4313 1385 4382 pagina:
1411 4322 1558 4377 octo,
1587 4313 1698 4366 imo
1735 4315 1919 4382 plures
1940 4313 2054 4385 [41.
2079 4312 2194 4385 42].
2222 4312 2411 4368 Postea
2441 4312 2621 4381 agitur
2647 4310 2715 4365 de
2744 4309 2958 4378 origine
2984 4309 3158 4375 deque
3191 4306 3356 4360 variis
3383 4303 3643 4374 augurio-

406 4413 529 4451 rum
561 4409 614 4452 et
635 4401 876 4453 ominum
908 4401 1220 4454 nominibus
1247 4400 1359 4472 [42,
1391 4401 1479 4462 5'5,
1527 4415 1634 4454 non
1685 4416 1750 4455 ex
1778 4400 2096 4464 Athanasio,
2135 4402 2226 4455 sed
2264 4398 2652 4455 eTheodoreto
2687 4413 2738 4465 p.
2767 4395 2859 4457 52,
2897 4409 3021 4448 nam
3073 4394 3225 4460 signa
3257 4391 3368 4461 (υ)
3402 4392 3644 4445 locorum

399 4486 746 4541 laudatorum
787 4497 983 4557 pneter
1013 4487 1070 4541 S.
1097 4488 1392 4555 Scripturze
1419 4494 1578 4541 antea
1611 4489 1662 4541 in
1691 4487 1876 4542 codice
1913 4487 2220 4556 Mosquensi
2262 4501 2367 4539 non
2393 4483 2572 4555 sunt];
2606 4483 2644 4537 1.
2677 4483 2776 4538 59⁸
2809 4497 2875 4535 ex
2893 4480 3094 4550 Cyrillo
3127 4479 3326 4534 Contra
3363 4477 3645 4532 lulianum

403 4576 613 4644 pagina:
647 4576 887 4645 quinque
909 4575 1022 4647 [63.
1048 4576 1107 4629 51
1133 4575 1194 4641 ?;
1235 4591 1360 4630 nam
1394 4577 1548 4645 signa
1580 4574 1626 4646 (ι
1648 4575 1692 4644 ι)
1719 4575 1771 4630 in
1805 4585 1954 4630 textu
1999 4575 2304 4645 Mosquensi
2337 4579 2388 4629 h.
2421 4575 2458 4628 l.
2487 4573 2746 4644 desunt];
2791 4573 2827 4626 l'.
2863 4571 2963 4627 43b
2998 4585 3060 4624 ex
3087 4569 3360 4624 Clemente
3395 4567 3644 4621 Romano

399 4661 652 4729 quadam
715 4661 864 4733 [66];
916 4661 956 4718 1.
1012 4662 1082 4717 44
1136 4678 1202 4716 ex
1247 4662 1483 4731 Joscpho
1533 4665 1780 4732 quredam
1838 4663 1952 4736 [66,
1980 4663 2050 4718 25
2079 4664 2196 4718 sine
2223 4661 2523 4736 signis];f.
2558 4662 2626 4716 47
2662 4677 2724 4715 ex
2770 4659 2974 4731 Cyrillo
3013 4657 3156 4712 circa
3192 4655 3642 4709 Melchisedecum

403 4750 519 4819 [71.
550 4751 609 4804 11
638 4751 662 4802 ‘l
693 4751 812 4804 sine
839 4750 1064 4821 signis];
1095 4751 1133 4805 l'.
1181 4750 1279 4805 471³
1338 4766 1400 4806 ex
1431 4750 1612 4806 Marco
1633 4752 1816 4806 divino
1843 4751 1958 4807 viro
1983 4761 2038 4806 et
2089 4749 2462 4821 Chrysostomi
2501 4747 2771 4816 discipulo
2815 4747 2960 4800 circa
3000 4742 3449 4796 Melchisedecum
3485 4738 3599 4811 [72]
3629 4759 3645 4802 ;

404 4839 442 4890 l.
483 4837 552 4892 59
608 4853 674 4891 ex
701 4837 932 4893 Eusebio
965 4840 1021 4890 ὲν
1052 4841 1163 4900 τοῖς
1195 4841 1468 4908 χρονικοῖς
1501 4840 1714 4893 κανόσι.
1761 4838 1937 4892 Locus
1971 4840 2014 4893 si

2024 4853 2051 4892 c
2080 4838 2268 4900 incipit
2295 4853 2307 4888 :
2341 4837 2403 4888 ΟΞ
2435 4835 2526 4888 οὖν
2566 4835 2811 4887 Ἰουδαῖοι
2864 4832 2964 4900 τὴν
2998 4829 3093 4883 τοῦ
3125 4829 3282 4891 ἔτους
3315 4827 3641 4898 νεομηνείαν

403 4925 498 4978 τοῦ
529 4924 664 4994 παρ’
695 4927 880 4988 αὐτοῖς
901 4926 1200 4994 λεγομένου
1239 4927 1436 4980 Νισάν.
1462 4925 1638 4981 Unius
1674 4928 1880 4996 paginze
1915 4927 2020 4981 lcet

2028 4942 2065 4979 IS
2093 4922 2206 4996 [9H
2229 4964 2242 4986 ,
2269 4923 2304 4978 l.
2340 4923 2439 4977 6tb
2467 4937 2531 4977 ex
2557 4921 2616 4976 S.
2660 4920 2860 4974 Basilio
2892 4917 3086 4987 Magno
3118 4916 3310 4986 pagina
3335 4931 3458 4969 cum
3493 4915 3645 4967 dimi‘

400 5014 489 5066 dia
535 5011 652 5082 I99,
687 5013 846 5081 100];
899 5012 938 5068 l'.
1000 5013 1067 5068 66
1117 5029 1181 5066 ex
1247 5013 1637 5083 Chrysostomo
1682 5015 1825 5068 circa
1852 5013 2018 5069 Josue
2053 5013 2258 5082 pagina:
2281 5009 2570 5082 ιιυεεμοι,
2607 5007 2764 5079 102};
2799 5006 2837 5070 1,
2869 5006 2934 5061 75
2962 5021 3027 5058 ex
3050 5005 3440 5074 Chrys'ostomo
3473 5000 3641 5054 multa

403 5103 549 5156 circa
581 5101 697 5155 lleli
722 5102 1062 5156 sacerdotem
1101 5100 1251 5173 [115.
1279 5102 1436 5174 liii];
1473 5102 1510 5156 1.
1540 5103 1605 5156 79
1631 5117 1696 5157 ex
1730 5101 2071 5157 Theodorcto
2100 5101 2344 5168 quaedam
2375 5101 2518 5153 circa
2560 5097 2812 5151 Davidem
2846 5094 2995 5165 [127⁹
3042 5094 3159 5148 sine
3198 5087 3394 5160 signis]
3420 5105 3434 5154 ;
3464 5087 3503 5142 1.
3543 5087 3644 5142 92δ

402 5206 466 5242 cx
501 5187 745 5257 Josepho
778 5189 1027 5258 quaedam
1061 5187 1126 5243 de
1153 5190 1444 5244 Salomone
1471 5199 1524 5245 et
1546 5191 1611 5245 de
1640 5192 1824 5258 regina
1855 5189 1994 5243 Saba
2021 5187 2172 5259 U33,
2199 5189 2322 5254 Hi,
2355 5185 2515 5257 Hi];
2549 5185 2584 5240 l'.
2627 5186 2694 5239 91
2732 5185 2808 5238 ait
2840 5181 3190 5235 Salomonem
3222 5185 3489 5230 mortuum
3519 5193 3643 5232 esse

404 5294 515 5346 quo
551 5288 794 5347 tempore
824 5278 1091 5335 Homerus
1133 5290 1188 5333 et
1212 5279 1478 5334 Hesiodus
1512 5278 1779 5334 ﬂorebant
1830 5277 1958 5349 [H7
1989 5275 2156 5341 Nota,
2180 5275 2426 5330 scholion
2455 5271 2660 5326 codicis
2703 5267 3043 5337 Mosquensis
3071 5281 3098 5318 a
3143 5263 3388 5317 Cedreno
3415 5273 3469 5317 ct
3490 5263 3646 5320 Cois‘

402 5365 612 5421 Iiniano
633 5366 740 5420 505
772 5368 876 5422 huc
908 5363 1293 5438 translatum];
1327 5381 1393 5420 ex
1416 5365 1759 5422 Theodoreto
1788 5366 2033 5436 quaedam
2073 5366 2138 5420 de
2161 5363 2439 5417 Roboamo
2474 5357 2624 5431 [H5]
2655 5375 2669 5423 ;
2709 5357 2746 5413 l.
2785 5358 2854 5413 95
2883 5372 2946 5408 ex
2976 5352 3177 5406 Basilio
3212 5352 3279 5406 ad
3316 5351 3643 5408 monachis»

406 5457 615 5522 lapsum
677 5456 889 5527 pagina:
926 5466 1036 5510 tres
1091 5454 1392 5527 [147,1)18,
1423 5465 1477 5510 et
1527 5455 1648 5511 sine
1679 5455 1850 5526 signis
1881 5452 2002 5524 149]
2035 5470 2050 5518 ;
2092 5451 2129 5506 1.
2169 5448 2270 5506 100
2302 5464 2367 5502 ex
2416 5445 2734 5514 apostolicis
2776 5439 3275 5499 Constitutionibus
3301 5440 3492 5510 pagina
3541 5455 3644 5494 una

407 5541 562 5606 1155,
605 5543 726 5615 156]
758 5560 774 5609 ;
813 5544 848 5598 1.
896 5544 1025 5598 ιοὶδ
1059 5559 1123 5597 ex
1159 5543 1547 5613 Chrysostomo
1576 5543 1742 5598 multa
1783 5542 1850 5596 de
1901 5541 2112 5612 angelis
2160 5549 2213 5595 et
2265 5535 2604 5604 archangeli!
2640 5533 2788 5604 [l60,
2817 5531 2871 5597 8,
2915 5529 3034 5585 sine
3083 5527 3317 5604 signis];
3352 5527 3647 5615 bilibres

406 5626 670 5700 Gregorio
708 5614 901 5702 Magno
931 5633 986 5701 (i.
1023 5650 1096 5696 ο..
1125 5641 1179 5686 ut
1213 5639 1361 5701 puto,
1399 5630 1758 5697 Nazianzcno)
1794 5631 1853 5686 de
1894 5630 2203 5699 captivitate
2237 5623 2562 5694 Babylonica
2606 5622 2720 5678 duc
2772 5619 2978 5690 pagintc
3011 5616 3162 5689 [177.
3204 5615 3353 5688 179];
3391 5614 3427 5669 1.
3467 5614 3565 5668 115
3587 5631 3647 5669 εκ
