4050 6220
460 314 524 380 ιο
1805 315 2059 376 PROLEt

2100 314 2381 376 OMENA.
2578 306 2583 313 ί
3630 319 3699 382 20

461 431 808 487 Theodoreto
838 431 1048 502 pagina:
1118 431 1240 487 dum
1299 431 1449 504 [18⁸5.
1484 429 1653 501 185];
1720 430 1759 484 ί.
1793 431 1894 486 117
1952 447 2019 487 ex
2060 432 2352 487 Anastasio
2405 431 2745 487 Antiocheno
2782 431 2930 504 [186,
2968 432 3129 504 187];
3174 431 3214 487 1.
3259 433 3360 487 127
3391 448 3458 487 ex
3495 432 3698 490 Basilio

458 518 650 590 Magno
674 534 781 573 non
808 533 976 588 pauca
1011 517 1165 590 [203,
1202 518 1283 573 vel
1336 518 1516 588 potius
1570 515 1739 587 204];
1785 515 1825 573 ί.
1867 518 1969 573 134
2010 519 2438 591 Chrysostomus
2481 518 2535 573 in
2572 518 2866 584 Danielem,
2908 519 2973 574 e'x
3011 535 3119 588 quo
3149 519 3457 575 alieruntur
3487 519 3698 589 aliquot

457 608 664 678 paginae
690 604 878 677 [218];
920 604 958 660 t‘.
994 605 1127 659 1421³
1152 621 1217 660 ex
1248 606 1637 676 Chrysostomo
1670 606 1736 659 de
1791 607 2192 661 resurrectione
2217 616 2270 661 et
2299 608 2366 662 de
2391 606 2480 662 die
2521 608 2801 662 Domiuiea
2836 618 2944 662 tres
2975 616 3278 678 quatuorve
3306 609 3517 678 pagina!
3544 608 3696 680 [230,

457 697 576 748 sine
604 691 839 763 signis];
903 693 941 745 t'.
979 693 1112 746 147b
1148 692 1371 762 Josepbi
1397 692 1706 746 testimonia
1734 692 1800 746 de
1831 691 1917 747 Jo.
1956 692 2018 745 Β.
2065 702 2117 747 et
2173 694 2241 749 de
2270 693 2489 751 Christo
2518 693 2707 767 [240];
2753 696 2789 749 ί.
2820 695 2920 749 148
2938 712 3000 749 ex
3030 697 3424 765 Chrysostomo
3448 699 3695 764 quaedam

456 779 608 845 1240.
642 778 770 851 241]
803 800 817 846 ;
851 780 890 833 ί.
946 780 1047 835 149
1104 781 1260 835 locus
1289 781 1507 835 Eusebii
1532 779 1799 850 Pamphili
1851 781 1918 836 de
1966 780 2327 849 Therapeutis
2384 793 2589 852 septem
2628 792 2817 836 octove
2850 783 3170 850 paginarum
3215 781 3372 853 [242.
3410 782 3538 845 248.
3570 784 3690 839 sine

453 865 681 938 signis];
725 867 762 920 1‘.
810 866 943 920 153h
975 867 1263 938 Dionysius
1288 868 1611 937 Areopagita
1644 869 1710 922 de
1770 869 2051 923 monachis
2080 867 2227 939 [250,
2268 869 2395 927 251.
2426 870 2544 924 sine
2573 868 2808 939 signis];
2854 868 2891 922 1.
2937 869 3070 923 154⁵
3104 868 3337 923 Basilius
3378 869 3587 923 Caesar.
3627 869 3694 923 de

455 954 761 1016 monachis,
791 953 1145 1018 longissimus
1168 954 1316 1008 locus
1346 955 1496 1025 [252.
1524 955 1651 1017 253,
1684 956 1806 1009 sine
1840 955 2074 1027 signis];
2122 956 2161 1009 ί.
2192 957 2327 1012 168b
2358 956 2423 1011 V.
2460 973 2527 1012 ex
2569 957 2843 1010 Clemente
2876 956 3123 1010 Romano
3169 956 3236 1011 de
3273 956 3495 1011 Simone
3535 970 3694 1036 mago

454 1041 621 1094 multa
654 1039 803 1113 [270,
826 1040 991 1113 2‘74];
1029 1043 1065 1095 1”.
1096 1042 1229 1095 1731'
1293 1042 1441 1096 Visio
1487 1041 1673 1097 Jacobi
1716 1042 1901 1097 lratris
1958 1043 2171 1097 Domini
2209 1042 2359 1115 [279,
2397 1043 2553 1115 19?];
2614 1043 2653 1097 1'.
2683 1042 2786 1097 182
2824 1059 2888 1096 ex
2924 1043 3317 1114 Chrysostomo
3344 1045 3554 1112 paginae
3581 1042 3692 1096 fere

451 1130 573 1183 dum
609 1126 754 1197 [299.
776 1127 948 1198 .500];
978 1127 1013 1182 ί.
1051 1129 1187 1183 184ι)
1216 1145 1281 1183 ex
1310 1128 1698 1201 Chrysostomo
1725 1131 1935 1200 paginae
1968 1133 2175 1202 aliquot
2231 1148 2295 1187 ex
2329 1133 2751 1191 Commentario.
2789 1143 2847 1187 ut
2874 1134 3104 1197 videtur,
3153 1132 3206 1185 in
3237 1131 3503 1186 Danielem
3534 1130 3686 1202 [305,

451 1215 616 1287 304];
659 1218 696 1269 ί.
749 1218 857 1271 200
903 1234 969 1270 ex
1005 1219 1246 1273 Patricio
1296 1220 1555 1288 episcopo
1590 1219 1842 1289 Προύσης
1907 1219 2027 1291 (sic)

2091 1224 2343 1289 esponsio
2373 1222 2436 1275 ad
2482 1221 2725 1276 Judicem
2760 1220 2911 1293 [529,
2946 1221 3071 1284 353,
3113 1220 3229 1274 sine
3255 1217 3480 1288 signis];
3516 1219 3551 1271 l‘.
3585 1215 3690 1271 204

451 1306 696 1375 quaedam
729 1321 792 1360 ea:
827 1305 1049 1375 Origene
1081 1309 1132 1362 in
1172 1307 1487 1361 Matt/meum
1519 1308 1685 1380 [οὕτω
1717 1309 1774 1362 δὲ
1823 1312 1918 1363 καὶ
1955 1309 1984 1360 6
2028 1329 2050 1361 τ

2092 1309 2347 1378 ιλυμαθὴς
2394 1309 2680 1379 Ὀριγένης
2730 1311 2787 1361 ὲν
2823 1312 2887 1379 τῇ
2922 1309 3063 1361 κατὰ
3106 1307 3387 1360 Ματθαίον
3426 1303 3691 1375 ἑρμηνείᾳ

452 1394 863 1447 διαϐεΰαιοῦται
890 1395 963 1459 ὼς
992 1397 1073 1449 ὅτι
1110 1397 1540 1467 μεμαρτύρηκεν
1581 1397 1797 1468 [XVIII]
1833 1398 2091 1466 Ἰωάννης
2155 1397 2220 1448 ὲκ
2259 1397 2371 1449 τῶν
2424 1396 2690 1465 διαδόχων
2721 1426 2788 1435 -
2814 1396 3055 1457 (Παπίας
3075 1395 3122 1459 ?)
3152 1396 3209 1447 ἐν
3238 1395 3315 1463 τῷ
3346 1391 3388 1461 β’
3409 1392 3551 1460 λόγῳ
3583 1389 3690 1442 τῶν

453 1481 749 1543 Κυριακῶν
771 1482 965 1549 λογίων
987 1483 1185 1550 φάσκει
1222 1484 1302 1536 ὅτι
1328 1483 1431 1536 ὑπὸ
1464 1484 1734 1537 Ἰουδαίων
1758 1484 2022 1554 ἀνῃρέθη,
2061 1484 2356 1550 πληρώσας
2388 1483 2591 1553 δηλαδὴ
2639 1484 2782 1552 μετὰ
2809 1483 2904 1535 τοῦ
2930 1481 3163 1548 ἀδελφοῦ
3196 1482 3295 1551 τὴν
3326 1479 3422 1533 τοῦ
3450 1476 3687 1547 Χριστοῦ

453 1568 583 1638 περ)⁴
623 1570 802 1622 αὐτῶν
827 1571 1135 1641 πρόρρησιν
1165 1573 1259 1623 καὶ
1292 1571 1390 1645 τὴν
1425 1570 1632 1624 ἑαυτῶν
1661 1571 1950 1640 ὁμολογίαν
1978 1572 2104 1639 περὶ
2130 1571 2321 1624 τούτου
2344 1573 2438 1624 καὶ
2476 1571 2875 1637 συγκατάθεσιν
2895 1587 2909 1600 ο
2940 1568 3111 1622 εἰπὼν
3140 1570 3248 1637 γὰρ
3274 1568 3521 1636 ὁΚύριος
3556 1564 3690 1635 πρὸς

451 1657 651 1711 αὐτούς
676 1674 689 1687 ·
731 1678 749 1711 ι
788 1658 1032 1712 Δύνασθε
1091 1662 1257 1725 πιεῖν,
1296 1678 1314 1710 ι
1359 1677 1415 1712 κ.
1468 1676 1519 1713 τ.
1553 1662 1604 1712 λ.
1637 1666 1778 1711 -θι
1833 1674 1898 1711 ex
1934 1656 2050 1711 Ειιει

2089 1659 2150 1711 bii
2191 1658 2427 1712 Historia
2459 1658 2826 1712 ecclesiastica
2853 1655 3036 1728 [336];
3090 1656 3129 1708 l'.
3158 1655 3296 1709 204b
3351 1669 3417 1708 ex
3452 1652 3688 1706 Ctesario

453 1747 620 1804 fratre
641 1750 885 1821 Gregorii
908 1748 1235 1803 Nazianzeni
1265 1750 1431 1803 multa
1468 1748 1621 1819 [336,
1679 1748 1808 1821 357]
1835 1767 1848 1815 ;
1881 1747 1920 1803 ί.
1951 1747 2052 1802 205

2133 1747 2328 1815 Μάτην
2356 1776 2426 1786 -
2459 1744 2705 1807 νοοῦντες
2757 1743 2939 1814 [338];
2986 1743 3024 1797 f.
3060 1743 3165 1796 207
3192 1758 3254 1795 ex
3288 1740 3592 1810 Epiphanio
3623 1738 3690 1793 de

452 1835 686 1904 Origene
721 1853 823 1890 una
850 1848 903 1891 et
930 1836 1154 1891 dimidia
1187 1837 1379 1903 pagina
1407 1834 1558 1905 [518,
1590 1835 1715 1897 351,
1751 1837 1870 1890 sine
1901 1831 2134 1903 signis];
2177 1831 2215 1885 f.
2244 1830 2380 1884 2115
2412 1831 2683 1884 Theodori
2729 1829 2929 1885 Raithu
2959 1830 3025 1884 de
3058 1829 3212 1883 Mane
3239 1828 3355 1883 sive
3386 1827 3687 1880 Manichao

452 1922 605 1977 locus
634 1922 903 1989 insignis;
940 1923 1067 1974 item
1099 1921 1165 1974 de
1191 1919 1414 1988 reliquis
1447 1922 1789 1985 sequentium
1824 1930 2125 1986 temporum
2163 1918 2431 1972 haereticis
2466 1918 2619 1990 [365,
2656 1918 2782 1976 368.
2813 1919 2931 1971 sine
2960 1917 3190 1987 signis];
3226 1916 3262 1968 f.
3291 1916 3431 1970 2171:
3467 1912 3687 1968 Eusebii

450 2008 692 2061 narratio
731 2009 798 2061 de
828 2006 1122 2061 Maximino
1158 2003 1348 2077 [377];
1382 2004 1417 2057 1.
1445 2004 1552 2058 220
1584 2005 1799 2060 Eusebii
1834 2005 1986 2059 locus
2009 2003 2257 2072 prolixus
2283 2002 2350 2055 de
2380 2003 2742 2056 Constantino
2778 2004 2928 2073 [587,
2961 2004 3085 2065 388,
3113 2004 3231 2056 sine
3254 1999 3490 2073 signis];
3521 2000 3558 2053 f.
3581 1998 3690 2052 224

453 2094 708 2161 Dialogus
738 2095 961 2163 quidam
1020 2092 1245 2163 μυθικὸς
1306 2092 1571 2162 Sylvestri
1633 2092 1791 2158 Papa:
1820 2092 1967 2165 [591,
2019 2089 2182 2160 398];
2219 2088 2256 2142 ί.
2296 2089 2434 2143 22.6b
2464 2103 2528 2142 ex
2574 2087 2919 2143 Theodoreto
2964 2088 3191 2141 historia
3226 2086 3456 2140 Nicaum
3497 2084 3688 2155 synodi

451 2177 578 2247 [404
601 2181 720 2234 sine
754 2178 969 2249 signis],
1001 2190 1052 2233 et
1074 2191 1255 2247 postea
1287 2180 1455 2231 multa
1501 2178 1568 2232 de
1611 2168 1903 2231 Athanasio
1947 2178 2097 2249 [412,
2122 2179 2178 2239 2.
2207 2178 2373 2248 425];
2411 2178 2573 2234 12231
2621 2195 2684 2233 ex
2720 2178 3016 2232 Athanasio
3050 2177 3116 2231 de
3140 2179 3251 2231 vita
3286 2174 3506 2229 Antonii
3540 2171 3687 2245 [426,

451 2264 577 2328 436,
612 2265 729 2320 sine
753 2264 986 2336 signis];
1020 2264 1057 2319 ί.
1094 2265 1231 2318 235b
1259 2280 1324 2318 ex
1360 2263 1585 2319 Philone
1608 2262 1796 2319 Judzno
1829 2266 2074 2335 quaedam
2109 2264 2258 2336 [430,
2292 2264 2418 2328 432,
2447 2264 2541 2318 ubi
2575 2263 2919 2334 Mosqueusis
2958 2263 3095 2336 hiat]
3123 2282 3136 2328 ;
3176 2264 3217 2317 t'.
3244 2262 3376 2317 24οδ
3403 2277 3468 2316 ex
3507 2258 3689 2313 Theo-

458 2350 650 2406 doreto
716 2350 861 2405 circa
931 2348 1208 2404 lulianum
1269 2349 1419 2419 [444.
1448 2350 1566 2403 sine
1596 2350 1764 2419 signis
1804 2368 1815 2401 :
1861 2350 2049 2419 Ἡμεῖς

2087 2352 2145 2405 δὲ
2177 2351 2225 2405 6.
2254 2354 2318 2405 ὲκ
2366 2370 2427 2405 π.
2465 2353 2622 2422 φησὶ,
2666 2352 3000 2422 Θεοδορήτου
3043 2349 3201 2415 αὖθις
3245 2351 3293 2406 ὃ.
3342 2350 3432 2403 Ἐν
3475 2348 3555 2402 Ἀ.
3588 2346 3685 2415 μὲν

448 2438 672 2509 γὰρκαὶ
700 2439 781 2505 Γ..
817 2455 870 2493 κ.
896 2456 925 2491 τ
975 2437 1082 2509 λ.];
1107 2436 1146 2491 ί.
1178 2438 1283 2491 244
1306 2452 1369 2491 σι
1404 2436 1607 2490 Basrlio
1642 2436 1807 2490 multa
1843 2436 1991 2503 [455,
2024 2454 2047 2492 s

2087 2454 2141 2492 te
2196 2438 2373 2508 signis
2409 2455 2424 2491 :
2464 2438 2556 2489 Ἐν
2596 2439 2857 2508 ἐπιστολῇ
2885 2440 3013 2507 περὶ
3047 2439 3242 2491 ἑαυτοῦ
3280 2438 3499 2505 φάσκει.
3548 2431 3686 2500 Ἐγὼ

449 2526 645 2579 πολλὸν
674 2527 866 2595 χρόνον
911 2524 1309 2595 προαναλώσας
1356 2527 1423 2594 τῇ
1463 2524 1792 2595 ματαιότητι
1827 2527 2007 2579 πᾶσαν
2054 2525 2240 2594 σχεδὸν
2278 2525 2378 2595 τὴν
2425 2525 2668 2591 ἐμαυτοῦ
2698 2524 2985 2596 νεότητα];
3023 2526 3059 2579 1⁵.
3090 2526 3190 2580 251
3220 2542 3284 2581 ea:
3311 2528 3414 2579 vita
3444 2519 3685 2589 Gregorii

452 2610 786 2667 Nazianzeni
837 2613 996 2681 [473,
1053 2612 1124 2666 6?
1187 2612 1305 2682 Ἐφ’
1362 2607 1424 2666 οὗ
1481 2612 1575 2664 καὶ
1613 2611 1707 2679 Γρ.
1749 2612 1777 2663 6
1822 2611 1872 2663 0.
1916 2614 1981 2681 τῇ
2029 2631 2051 2665 τ

2084 2612 2351 2682 ιραινὲσει
2394 2611 2489 2664 τοῦ
2530 2611 2769 2680 μεγάλου
2802 2612 3087 2665 Βασιλείου
3127 2614 3264 2683 πρὸς
3293 2613 3352 2665 τὸ
3396 2607 3683 2674 Βυζαντίον

447 2699 619 2752 ἐλθών
639 2699 682 2771 ?]
712 2716 727 2765 ;
766 2699 803 2753 1.
833 2700 942 2754 254
975 2715 1037 2754 ex
1066 2699 1295 2765 Isidoro,
1330 2709 1386 2753 ut
1417 2708 1569 2767 puto,
1599 2696 1866 2752 Pelusiota
1905 2698 2046 2769 [485.

2084 2698 2211 2769 484]
2245 2716 2258 2762 ;
2296 2697 2333 2751 1.
2363 2698 2471 2752 255
2499 2714 2563 2751 ex
2604 2698 2997 2769 Chrysostomo
3028 2699 3082 2753 in
3108 2709 3318 2755 statuas
3362 2697 3515 2767 [479,
3554 2693 3680 2755 480.

452 2786 585 2856 Περὶ
618 2781 692 2839 ὧν
726 2804 820 2857 φη.
850 2786 947 2838 καὶ
976 2789 1002 2839 ὁ
1029 2787 1177 2856 ἱερὸς
1212 2787 1318 2855 Χρ.
1352 2786 1846 2853 καταπατήσαντες
1872 2785 2051 2838 καθεῖ)

2083 2785 2186 2857 w];
2218 2784 2256 2838 t‘.
2291 2784 2399 2838 256
2446 2800 2511 2838 ea;
2549 2783 2873 2838 Theodoreta
2908 2786 3073 2838 multa
3121 2785 3270 2856 [481,
3304 2784 3423 2838 sine
3462 2781 3634 2849 signis
3668 2796 3682 2833 :

446 2870 612 2925 Ἀλλά
639 2872 827 2925 τοῦτον
851 2875 878 2925 6
904 2872 1194 2943 μισόκαλος
1224 2872 1433 2941 δαίμων
1451 2871 1747 2940 φθονήσας,
1770 2872 1844 2933 ὥς
1864 2889 1995 2940 φησι
2023 2870 2045 2923 ε

2080 2869 2405 2943 ιοδόρητσς];
2438 2869 2599 2923 12260
2630 2886 2694 2924 ex
2722 2868 2943 2925 Socrate
2989 2869 3137 2940 [489.
3182 2870 3299 2924 sine
3342 2868 3510 2936 signis
3555 2884 3569 2919 :
3609 2866 3679 2919 K.

449 2961 517 3012 11.
550 2961 623 3023 ὦς
658 2977 791 3030 φησι
817 2961 1115 3031 Σωκράτης
1142 2974 1154 2988 ·
1186 2957 1456 3029 Συνέδη];
1498 2957 1535 3012 1⁵.
1570 2958 1707 3012 2611³
1730 2974 1792 3012 ex
1830 2956 2048 3029 Chryso:

2084 2973 2218 3012 .omo
2253 2957 2401 3029 [491,
2431 2955 2594 3027 492];
2649 2955 2689 3009 1'.
2721 2955 2829 3010 265
2874 2971 2935 3008 ex
2973 2954 3180 3009 lsidoro
3218 2954 3491 3009 Pelusiota
3532 2949 3683 3021 [492,

448 3046 552 3100 493
583 3063 597 3100 :
657 3046 1147 3115 ’Υπερεθαύμαζεν
1188 3046 1275 3099 ἀεὶ
1318 3047 1412 3099 καὶ
1457 3046 1623 3097 πᾶσιν
1672 3045 2039 3114 ἀνεκήρυττεν
2065 3046 2144 3098 ἔτι
2172 3045 2276 3114 νέῳ
2296 3043 2733 3113 τυγχάνοντικαὶ
2768 3043 3094 3112 μανθάνοντι
3126 3041 3396 3109 (493,26).
3434 3039 3606 3092 Πάλιν
3630 3038 3686 3090 δὲ

445 3128 719 3197 προφάσει
774 3129 871 3182 τοῦ
928 3128 1260 3197 ἀμπελῶνος
1316 3128 1413 3196 τῆς
1468 3128 1640 3197 χήρας
1686 3128 2015 3197 ὲπικαυῆναι

2085 3129 2257 3198 ὐνέὸη
2304 3130 2404 3198 τὴν
2434 3128 2736 3192 Εὑδοξίανῖ
2766 3128 2804 3182 1“.
2838 3127 2942 3181 266
2982 3126 3275 3181 Innocentii
3304 3125 3463 3191 Papae
3496 3124 3684 3176 Romae

446 3216 672 3284 epistola
703 3215 771 3269 ad
824 3215 1137 3269 Arcadium.
1189 3213 1631 3283 1ιιὶιίιιιιιιφωνὴ
1687 3214 1922 3283 αἳματος
1954 3215 2045 3268 τοῦ

2101 3214 2331 3282 ἀδελφοῦ
2396 3232 2499 3283 μου
2541 3216 2812 3268 Ἰωάννου.
2847 3213 2976 3282 Ejus
3002 3228 3171 3282 pauca
3218 3214 3523 3266 aﬂ‘eruutur
3552 3208 3683 3281 [495

446 3304 564 3356 sine
592 3303 797 3371 signis:
826 3302 914 3365 19,
950 3300 1164 3355 aCoisL
1200 3299 1466 3370 omissa];
1501 3301 1537 3354 1'.
1573 3300 1674 3353 267
1712 3317 1776 3354 ea:
1807 3301 2045 3356 Palladia

2084 3306 2147 3356 de
2177 3304 2284 3357 vita
2312 3301 2675 3371 Chrysostomi
2706 3299 2840 3371 [Καὶ
2877 3299 3006 3368 γοῦν
3044 3302 3071 3353 ὁ
3100 3299 3241 3362 θεῖος
3278 3296 3575 3358 [Ιαλλάὸιος
3613 3296 3683 3348 τά

447 3389 574 3458 περὶ
605 3387 771 3441 αὐτοῦ
808 3386 1022 3453 διεξιὼν
1056 3386 1200 3441 οὕτω
1232 3388 1431 3456 φησίν*
1471 3390 1535 3441 Οί
1597 3388 1691 3442 οὖν
1747 3391 2076 3459 μετάγοντες
2127 3390 2289 3442 αὑτὸν
2326 3390 2654 3459 στρατιῶται
2689 3390 2782 3441 ἐπὶ
2814 3387 3070 3441 τυσοῦτον
3097 3388 3425 3453 κατέπειγον
3457 3384 3543 3438 διὰ
3580 3383 3683 3453 τῆς

444 3474 565 3529 ὁδοῦ
590 3474 843 3542 λέγοντες
873 3475 1017 3544 ἔχειν
1048 3475 1308 3544 τοιαύτην
1336 3475 1774 3547 παραγγελίαν];
1812 3476 1849 3530 ί.
1872 3477 1971 3531 271
2010 3495 2043 3532 e.

2100 3475 2367 3548 .Gregorio
2410 3476 2761 3530 Nazianzeno
2797 3476 2860 3528 de
2881 3487 3030 3542 patre
3061 3491 3155 3527 suo
3185 3472 3344 3547 [Καθ’
3371 3472 3406 3526 ἃ
3433 3472 3496 3543 δὴ
3528 3470 3623 3523 καὶ
3644 3472 3686 3523 ηὸ

449 3563 624 3632 μέγας
654 3562 1019 3630 ὑπεμφαίνων
1046 3562 1345 3632 Γρηγόριος
1382 3562 1488 3631 ἔφη
1515 3565 1643 3631 περὶ
1686 3563 1780 3617 τοῦ
1840 3564 2045 3618 οἰκείου
2092 3567 2296 3636 πατρὸς
2326 3564 2500 3627 οὕτως
2530 3580 2543 3594 ο
2580 3583 2598 3615 ι
2634 3565 2709 3616 Οὔ
2743 3564 2851 3632 γὰρ
2875 3558 2941 3635 ἦν
2984 3563 3147 3617 αὑτὸν
3171 3563 3340 3633 εὐχῆς
3373 3561 3405 3630 ἢ
3438 3560 3683 3628 κατάρας

444 3650 709 3721 προέσθαι
745 3649 914 3719 ῥῆμα.
941 3659 1071 3713 ete.,
1103 3664 1226 3702 cum
1264 3650 1514 3719 pluribus
1554 3651 2001 3707 antecedentibus

2083 3662 2101 3707 t
2146 3652 2614 3722 consequentibus
2661 3650 2827 3723 500];
2856 3652 2892 3705 1'.
2930 3652 3032 3706 281
3073 3650 3331 3720 Dogmata
3359 3647 3682 3700 Manichaeoo

444 3752 565 3789 rum
597 3734 784 3808 [529];
822 3735 859 3789 1“.
891 3735 999 3791 305
1021 3752 1083 3790 ex
1104 3735 1160 3789 S.
1193 3734 1426 3790 Maximo
1450 3736 1516 3790 ad
1549 3735 1814 3791 Joannem
1846 3736 2251 3793 Cuhicularium
2282 3739 2431 3811 [583,
2456 3736 2585 3808 584]
2611 3768 2679 3777 —
2709 3738 2837 3792 Haec
2867 3739 3139 3807 praecipue
3163 3732 3472 3789 adnotanda
3512 3745 3678 3798 sunt;

442 3837 543 3878 nec
572 3822 761 3877 dubito
783 3822 912 3893 quin
943 3823 1047 3876 alia
1080 3820 1299 3877 Patrum
1352 3824 1795 3894 scriptorumque
1825 3826 2321 3881 ecelesiasticorum
2369 3828 2484 3881 loca
2535 3826 2663 3880 hinc
2692 3824 2817 3879 inde
2852 3824 3269 3883 interserantur,
3296 3837 3419 3890 qua!
3449 3822 3683 3889 scriptor

444 3908 530 3963 hic
554 3917 799 3978 usurpat,
842 3922 947 3962 non
980 3909 1144 3962 allato
1165 3917 1448 3962 auctorum
1478 3910 1717 3963 nomine.
1750 3909 2017 3965 Caeterum
2052 3913 2220 3968 codex
2250 3923 2332 3968 est
2378 3914 2433 3969 itt
2495 3912 2602 3967 line
2643 3911 2869 3967 mutilus
2898 3911 3209 3980 desinitque
3240 3909 3295 3962 in
3329 3906 3680 3964 Constantini

439 3996 765 4065 Coprouymi
808 3995 1121 4065 imperium.
1164 4014 1181 4046 ι
1219 3993 1609 4064 (Montfaucou,
1640 3995 1781 4053 Bibl.
1805 3995 1998 4064 Coisl.,
2030 4015 2082 4069 p.
2114 4000 2407 4070 419-421).

512 4101 569 4158 ln
600 4105 719 4158 loco
751 4104 1163 4159 intricatissimo
1192 4107 1312 4159 vitae
1332 4102 1701 4171 Constantini,
1734 4108 1787 4160 in
1839 4124 1947 4179 qua
1989 4127 2181 4166 omnes
2230 4115 2343 4168 fere
2383 4114 2602 4169 codices
2650 4112 2789 4167 miro
2836 4110 2997 4165 modo
3022 4108 3260 4171 variant.
3296 4108 3409 4160 ita!!!
3437 4115 3587 4166 sum.
3622 4105 3675 4159 in

437 4193 636 4261 quibus
657 4192 1045 4259 Coislinianus,
1079 4203 1136 4248 ut
1171 4193 1233 4247 E.
1266 4193 1433 4248 Miller
1456 4194 1615 4249 nobis
1650 4196 1857 4260 retulit,
1898 4212 1927 4251 a
1953 4196 2036 4251 Mo

2079 4200 2262 4270 quensi
2298 4200 2478 4256 differt
2512 4217 2526 4253 :
2566 4216 2620 4270 p.
2662 4200 2788 4263 427,
2817 4199 2873 4262 2,
2903 4199 2930 4249 6
2966 4195 3144 4264 γέρων
3170 4196 3227 4246 ἐν
3264 4192 3433 4262 πολλῇ
3468 4190 3678 4263 ἀθυμίᾳ

438 4279 604 4348 λέγει.
633 4283 668 4336 4
700 4280 1046 4352 παράκλησιν
1082 4280 1251 4335 αὺτοῦ
1276 4281 1371 4333 καὶ
1402 4280 1510 4333 τῶν
1534 4281 1787 4352 πατέρων
1806 4299 1820 4314 ·
1856 4285 1885 4336 6
1906 4283 1963 4338 δέ
1999 4302 2165 4356 φησιν
2196 4303 2213 4321 ο
2264 4288 2392 4359 Ἐὰν
2411 4288 2510 4356 μὲν
2537 4287 2799 4359 ἀπέλθῃς.
2832 4284 2864 4339 5
2890 4285 3001 4337 Καὶ
3028 4285 3055 4335 6
3083 4281 3264 4350 γέρων
3285 4276 3407 4332 εἶπε
3427 4295 3441 4309 ο
3469 4279 3681 4332 Οὐκοῦν

440 4369 533 4421 ἐὰν
568 4368 656 4422 διά
675 4371 774 4439 τῆς
802 4368 960 4439 δόξης
988 4370 1192 4439 ταύτης
1215 4368 1401 4423 οὐκέτι
1451 4369 1705 4438 λέγομαι.
1738 4371 1772 4426 8
1802 4371 1895 4425 τοῦ
1935 4373 2191 4444 γέροντος
2252 4358 2591 4445 adjunctum.
2634 4375 2667 4430 9
2712 4358 2863 4441 Ἔφη
2892 4389 2906 4403 ο
2959 4370 3242 4439 Διάφημος
3271 4367 3363 4421 οὖν
3391 4369 3681 4437 γενόμενος

451 4455 733 4518 Ἀντώνιος
766 4457 852 4509 διὰ
887 4458 982 4519 τὰς
1012 4458 1163 4521 Θείας
1195 4458 1362 4511 αὑτοῦ
1405 4459 1500 4512 καὶ
1525 4459 1820 4528 διαφόρους
1847 4461 2048 4531 ἀρετὰς
2093 4462 2314 4530 ἔφθασε.
2354 4462 2416 4517 10
2461 4461 2735 4515 Βασιλέων
2763 4462 2796 4532 ή
2824 4460 2982 4529 φήμη
3019 4456 3186 4509 αὑτοῦ
3219 4470 3232 4484 ⁸
3287 4455 3397 4507 Καὶ
3426 4456 3535 4524 γὰρ
3569 4469 3680 4522 μα-

438 4541 645 4603 θόντες.
694 4542 754 4595 11
821 4542 1108 4606 Κώνστας,
1163 4546 1212 4595 οἱ
1266 4545 1548 4615 Καίσαρες
1611 4548 1705 4599 καὶ
1735 4549 1843 4600 uio].
1893 4550 2061 4602 αὐτοῦ
2115 4551 2377 4621 ἔγραφον.
2416 4550 2482 4604 12
2516 4551 2848 4619 ἀντίγραφα.
2890 4548 2957 4600 15
2984 4545 3278 4613 δεχόμενος
3305 4544 3433 4611 περὶ
3482 4539 3678 4594 πολλοῦ

439 4626 608 4698 [XIX]
639 4644 782 4690 τινος
809 4630 1068 4682 ἐποιεῖτο.
1102 4629 1168 4681 14
1196 4630 1271 4691 ὡς
1320 4632 1371 4682 οί
1420 4631 1603 4683 πολλοί
1630 4648 1740 4687 om.
1782 4635 1848 4687 15
1882 4636 1969 4689 ὅτε
1996 4636 2147 4704 γοῦν.
2189 4638 2251 4690 18
2294 4638 2599 4706 λελάκηκεν
2632 4640 2785 4706 ἡμῖν.
2823 4634 3155 4701 Βουλόμενος
3193 4627 3288 4682 οὖν
3318 4630 3396 4698 μὴ
3438 4628 3677 4699 παραδέ-

438 4714 652 4783 χεσθαι.
688 4710 809 4769 εἶτα
832 4715 1211 4785 παρακληθεὶς
1237 4715 1343 4767 ὑπὸ
1377 4716 1489 4768 τῶν
1521 4718 1771 4788 μοναχών
1794 4721 2013 4774 πάντων
2042 4722 2307 4791 λεγόντων
2332 4724 2437 4779 ὅτι.
2462 4724 2532 4777 20
2560 4726 2653 4777 καὶ
2684 4724 2768 4776 ἵνα
2797 4724 2871 4792 μὴ
2917 4722 2991 4781 ὡς
3028 4716 3396 4785 ἀπορηθὲν-τες
3423 4717 3504 4780 (ιιι
3536 4712 3674 4781 γι.)-

435 4803 497 4855 2|
538 4802 631 4856 οὖν
678 4818 788 4857 om.
842 4802 914 4857 24
945 4804 1032 4855 ἀεὶ
1059 4803 1260 4873 μᾶλλον
1290 4801 1381 4857 τὸν
1430 4802 1662 4857 θάνατον
1702 4806 1797 4858 καὶ
1827 4807 1926 4878 τὴν
1960 4811 2266 4881 μέλλουσαν
2291 4813 2471 4883 κρίσιν
2514 4813 2609 4866 καὶ
2656 4812 3017 4865 ἀνταπόδοσιν
3050 4836 3120 4848 ——
3153 4805 3311 4874 μόνον
3337 4804 3428 4858 τὸν
3452 4802 3586 4855 Θεὸν
3617 4804 3673 4857 ἀ.

440 4890 670 4957 βασιλέα
698 4892 794 4944 καὶ
826 4890 1065 4945 αἰώνιον.

508 4979 686 5034 428.1
725 4977 814 5049 Τῷ
846 4978 965 5049 Θεῷ
996 4995 1106 5034 om.
1142 4980 1177 5035 2
1205 4982 1527 5052 παραινέσει
1550 4983 1644 5037 τοῦ
1670 4983 1955 5057 θεοφάρου.
2010 4988 2044 5042 4
2082 4995 2130 5041 κ’
2175 4989 2271 5044 καὶ
2321 4991 2380 5043 ἐν
2442 4988 2784 5061 Νικομηδείᾳ
2814 4987 3238 5060 τελευτήσαντος
3296 4981 3433 5037 ἑτῶν
3491 4977 3583 5047 ξε’.
3629 4980 3679 5031 οι

432 5069 585 5138 τρεῖς
656 5066 764 5120 υίοὶ
811 5065 977 5120 αὑτοῦ
1030 5068 1345 5139 ἐκράτησαν
1392 5069 1501 5123 τῶν
1559 5071 1843 5140 Ῥωμαίων
1875 5084 1933 5129 ιιι
1966 5074 2028 5129 V'

2105 5079 2328 5134 omissis
2378 5078 2603 5149 reliquis
2647 5078 2828 5131 verbis
2868 5078 2895 5147 §
2925 5080 2958 5132 3
2988 5093 3110 5131 eum
3135 5076 3201 5129 iis
3228 5088 3349 5143 qua:
3388 5071 3493 5125 sub
3527 5077 3677 5122 textu

433 5158 737 5225 posuimus.
772 5156 1029 5227 Sequitur
1060 5156 1111 5210 in
1145 5157 1489 5214 Coisliniano
1525 5177 1576 5229 p.
1613 5161 1737 5224 429.
1769 5163 1803 5217 1.
1841 5180 1900 5229 ιι,
1935 5175 2032 5220 etc.

2076 5167 2109 5217 5
2136 5168 2543 5220 Κωνσταντῖνον
2574 5175 2631 5219 ιιι
2669 5164 2767 5218 γι.
2796 5165 2828 5218 4
2859 5166 2954 5234 ἐτη
2990 5163 3065 5229 ις’
3098 5174 3156 5218 ut
3192 5160 3288 5216 γι.
3313 5160 3346 5215 6
3378 5159 3675 5228 φάσκοντες

432 5244 594 5297 αὑτὸν
627 5246 684 5297 ὲν
712 5240 779 5316 τῇ
799 5245 1023 5316 τελευτῇ
1068 5245 1440 5316 βεϐαπτῖσθαι
1495 5251 1589 5302 καὶ
1633 5250 1792 5322 μέχρι
1825 5252 1949 5305 τότε
1995 5256 2055 5307 τὸ
2086 5254 2369 5325 βάπτισμα
2404 5252 2856 5321 ὑπερτιθέμενον.
2887 5252 2920 5306 8
2949 5252 3049 5319 τὴν
3088 5252 3167 5311 εἰς
3196 5248 3431 5319 Χριστὸν
3467 5247 3672 5297 πίστιν.

431 5332 500 5384 10
527 5348 590 5399 γε
631 5364 683 5374 -
717 5333 892 5401 ἁγίοις
923 5344 974 5389 ot
999 5352 1096 5386 συν
1155 5336 1206 5388 in
1246 5336 1675 5405 συνδιατὼμενος
1714 5356 1823 5394 om.
1862 5340 1919 5395 11
1954 5340 2046 5391 καὶ
2071 5338 2356 5399 νουθεσίας
2393 5352 2504 5390 out.
2538 5336 2826 5398 ἀσπασίως
2862 5351 2918 5386 τε
2959 5335 3057 5386 καὶ
3088 5364 3158 5375 —
3185 5334 3251 5386 13
3279 5331 3677 5402 βαπτίσματος.

427 5419 542 5473 Καὶ
577 5420 715 5491 ὅπερ
744 5422 923 5486 ἄλλοις
954 5424 1260 5493 κατεπήγει
1299 5424 1550 5493 δέχεσθαι
1586 5428 1682 5479 καὶ
1712 5427 1811 5497 τὴν
1845 5425 2121 5495 σωτηρίαν
2177 5426 2272 5476 καί
2319 5424 2700 5494 ἀπολύτρωσιν
2731 5424 2839 5475 τῶν
2880 5422 3300 5491 ἁμαρτημάτων
3327 5419 3520 5472 θάττον
3556 5431 3684 5483 acap-

432 5504 664 5560 ποῦσθαι
693 5507 783 5560 διά
816 5511 875 5561 τὸ
900 5511 1095 5580 ἄδηλον
1124 5511 1217 5565 τοῦ
1248 5511 1478 5567 θανάτου
1515 5514 1610 5565 καὶ
1641 5514 1930 5583 αἰφνίδιον.
1955 5514 2118 5575 αὐτὸς
2147 5514 2413 5583 ἀμέτοχος
2437 5530 2495 5567 τε
2525 5515 2620 5568 καὶ
2650 5512 2898 5585 ἀμύητος
2915 5510 3299 5582 διεκαρτέρει;
3329 5508 3404 5579 μὴ
3434 5504 3679 5575 γένοιτοῑ

435 5592 614 5660 Γέλως
651 5595 761 5669 γὰρ
783 5598 941 5651 τοῦτο
978 5602 1071 5653 καὶ
1109 5599 1275 5672 λῆρος
1309 5602 1524 5670 καὶτῆς
1564 5603 1912 5673 Ἀρειανικῆς
1946 5604 2141 5673 μανίας
2179 5603 2239 5655 τὸ
2270 5602 2664 5673 κακούργημα.
3244 5638 3245 5641 η

507 5684 631 5740 450.
669 5685 692 5739 1
730 5687 1084 5758 ὑπασπιστὴν
1114 5688 1277 5741 αὐτὸν
1310 5689 1585 5759 ἀποφῆναι
1616 5691 1779 5761 δῆθεν
1809 5692 1901 5745 καὶ
1926 5691 2029 5745 ὑπὸ
2068 5690 2362 5763 Ἀρειανῶν
2397 5690 2781 5762 βαπτισθῆναι.
2830 5690 3143 5761 Τοιγάρτοι.
3185 5685 3216 5742 6
3242 5684 3335 5740 τοῦ
3385 5677 3684 5742 δυσσεϐοῦς
