4094 6212
335 358 413 425 21
1702 358 2289 419 PROLEGOMENA.
3517 361 3587 421 22

335 494 450 529 οιιι.
510 474 543 528 6
583 474 678 528 τοῦ
720 473 1023 536 δυσσεϐοῦς
1053 488 1164 528 om.
1202 474 1234 528 9
1270 469 1714 540 ἰγκατέσπαρται
1760 470 2039 539 μυστικῶς
2090 473 2122 541 ἠ
2173 471 2511 526 διδασκαλία.
2548 471 2607 527 10
2631 472 2892 539 Καίτοιγι
2927 473 3179 528 Ἰουδαῖον
3206 475 3334 529 ὄντα
3371 476 3463 529 καὶ
3486 476 3583 546 ζη-

333 565 539 629 λωτήν.
578 561 640 616 11
694 562 1030 617 ἀπολέλοιπε
1060 570 1119 615 ut
1148 558 1216 615 Is.
1255 557 1639 628 ἀπομάχεσθαι
1667 559 1936 626 φαίνεται,
1979 558 2046 612 11
2079 563 2172 612 καὶ
2194 559 2285 611 τὸν
2306 559 2440 613 Θεὸν
2464 560 2642 627 λόγον.
2675 552 2827 624 ΠῊΕ
2855 551 2927 623 EE
2958 561 3028 616 20
3057 562 3222 628 ἁγίας
3251 579 3360 618 om.

409 649 538 705 451.
570 648 596 703 1
632 649 729 702 τοῦ
764 641 948 713 Ilva-oc.
1000 649 1035 702 2
1082 647 1236 716 φησι.
1268 645 1301 701 6
1353 647 1515 708 αὑτός
1555 661 1669 699 om.
1702 646 1735 701 8
1765 640 1883 699 εἶτα
1909 648 2009 717 ὁρᾷ
2046 647 2163 713 μετ’
2205 645 2381 714 ὀλίγα.
2413 646 2446 700 9
2484 647 2732 718 ἐμφερὴς
2760 647 2935 701 οὐδέν.
2964 649 3029 703 16
3056 652 3120 719 τῇ
3160 650 3266 718 ἰδίᾳ
3294 649 3584 720 ορησκιία.

342 738 412 792 18
438 737 535 791 καὶ
556 736 888 806 κακόσχολοι
920 735 1258 804 adjunctum.
1299 735 1368 789 20
1397 734 1475 794 είς
1506 732 1735 801 ταύτην.

417 824 549 879 152.
578 824 615 877 2
651 824 776 877 Ὅτι
807 824 868 875 ἐν
904 822 989 875 σοὶ
1011 824 1039 875 ὁ
1075 821 1227 886 Θεός.
1254 823 1285 876 AI
1316 820 1543 875 Σαϐαὼθ
1573 836 1684 877 om.
1714 821 1746 875 5
1777 821 2069 894 πρόσωπόν
2104 840 2195 876 σου
2227 821 2322 876 ἀπ’
2353 822 2507 893 ἐμοῦ.
2533 823 2565 879 6
2602 823 2699 893 τὴν
2751 825 2913 892 ἁγίαν
2951 824 3284 893 ἁνεκῆρνττε
3324 825 3592 895 μυστικὴν

344 912 583 983 Τριάδα.
610 911 681 966 15
717 909 909 979 σαφῶς
939 908 1068 980 γάρ.

1749 998 2025 1056 SECULI
2079 1000 2194 1056 XII.

349 1120 369 1162 :
422 1114 474 1166 5.
509 1112 774 1167 Medicam
798 1129 815 1162 ι
848 1107 921 1162 XI
943 1109 1414 1174 membranaceus,
1454 1111 1713 1179 optimus,
1743 1114 2043 1168 chronicon
2081 1115 2529 1185 compendiosum
2575 1131 2603 1172 e
2628 1116 2859 1172 diversis
2888 1117 3319 1188 chronographis
3341 1125 3395 1171 et
3418 1117 3591 1172 histo-

351 1200 486 1253 ricis
524 1200 805 1252 collectum
844 1197 1347 1265 concinnatumque
1375 1214 1403 1251 a
1438 1197 1661 1266 Georgio
1688 1201 1940 1253 monacho
1978 1202 2047 1255 ab
2074 1202 2205 1255 orbe
2243 1203 2461 1257 condito
2499 1218 2671 1273 usque
2701 1204 2766 1258 ad
2799 1203 3007 1258 obitum
3041 1203 3272 1259 Romani
3298 1205 3593 1274 imperato-

356 1286 438 1340 ris
469 1283 1052 1352 Constantinopolitani
1084 1281 1477 1351 (Moutfaucon,
1510 1282 1652 1338 Bibl.
1686 1285 1817 1339 bibl.
1861 1286 1895 1339 Ι.
1928 1287 1973 1340 '5'

1973 1287 2053 1357 77)
2083 1306 2101 1339 ι
2128 1289 2394 1359 Χρονικὸν
2426 1288 2691 1359 σύντομον
2714 1292 2778 1344 ὲκ
2808 1290 3079 1360 διαφόρων
3113 1292 3504 1362 χρονογράφων
3531 1307 3590 1344 τε

353 1372 451 1425 καὶ
509 1371 793 1439 ἐξηγητῶν
832 1370 1093 1436 συλλεγὲν
1146 1371 1241 1423 καὶ
1273 1370 1524 1423 συντεθὲν
1557 1372 1662 1424 ὑπὸ
1708 1373 1970 1442 Γεωργίοι

1978 1394 1982 1421 ι
2020 1376 2277 1445 μοναχοῦ.
2310 1405 2379 1416 -
2415 1375 2667 1430 Continet
2716 1377 2806 1432 hic
2848 1378 3329 1446 praestantissimus
3386 1377 3595 1448 Ἀμαρ-

351 1459 528 1514 τωλοῦ
552 1460 723 1515 codex
763 1458 979 1527 Georgii
1015 1459 1263 1511 monachi
1295 1468 1341 1513 et
1368 1459 1796 1516 archimandritw
1826 1463 1897 1531 (ί)
1930 1470 2294 1531 cognomento,
2345 1464 2487 1533 quod
2522 1465 2633 1535 ipse
2665 1466 2766 1519 sibi
2796 1481 2865 1519 ea:
2898 1465 3157 1519 modestia
3188 1467 3433 1536 sumpsit,
3468 1465 3597 1520 Pec-

353 1547 570 1611 catoris,
597 1547 741 1600 circa
771 1562 823 1600 ιι.
849 1547 978 1600 Chr.
1014 1544 1327 1600 DCCCXIJI
1357 1546 1512 1611 clari,
1533 1563 1696 1617 quem
1724 1564 1848 1603 cum
1877 1549 2127 1619 Syncello
2150 1551 2302 1605 multi
2334 1566 2617 1621 perperam
2644 1553 3010 1617 confundunt,
3029 1553 3337 1609 Chronicon
3360 1554 3423 1607 ab
3445 1552 3512 1609 Ο.
3533 1552 3597 1607 C.

352 1650 518 1704 usque
551 1634 620 1686 ad
681 1632 997 1687 Michaelem
1041 1630 1315 1699 Theophili
1380 1633 1727 1702 imperatoris
1761 1634 1951 1702 ﬁlium.

1980 1666 2042 1676 —
2074 1636 2268 1707 Incipit
2307 1638 2394 1693 bis
2425 1640 2606 1695 verbis
2638 1659 2653 1696 :
2679 1639 2870 1705 Βίϐλος
2920 1642 3190 1710 γενέσεως
3236 1635 3597 1715 ἀνθρώπωνῇ

352 1721 540 1791 ἡμέρᾳ
564 1721 801 1774 ἔπλασεν
821 1724 849 1773 ὁ
878 1719 1010 1779 Θεὸς
1034 1720 1127 1772 τὸν
1152 1719 1350 1789 ’Λδὰρη
1389 1718 1599 1775 Desinit
1623 1730 1803 1776 autem
1837 1721 1890 1776 in
1920 1722 1963 1776 11

1975 1739 2168 1779 omano
2197 1724 2528 1796 imperatore
2545 1727 3176 1797 Constantinopolitano.
3199 1727 3402 1783 Ultima
3430 1728 3592 1782 verba

356 1819 486 1863 sunt
524 1823 539 1860 :
594 1808 878 1878 Ῥωμανδς
917 1810 944 1861 ὁ
975 1806 1228 1875 βασιλεὺς
1255 1808 1312 1860 ὲν
1335 1809 1402 1878 τῇ
1428 1814 1477 1861 α’
1506 1809 1772 1875 νηστειῶν
1794 1809 2042 1880 τελευτᾷ,
2072 1811 2166 1864 καὶ
2199 1812 2259 1864 τὸ
2303 1812 2463 1882 σῶμα
2502 1812 2669 1865 αὐτοῦ
2698 1815 2757 1866 ὲν
2788 1817 2853 1884 τῇ
2884 1814 3033 1867 πόλει
3058 1815 3410 1884 διακομισθὲν
3446 1815 3505 1868 ἐν
3529 1819 3598 1886 τῇ

358 1896 528 1951 αὐτοῦ
557 1897 797 1966 ἀπετιοη
834 1897 991 1967 μονῇ.
1031 1894 1204 1965 Hujus
1239 1895 1479 1951 historiae
1511 1897 1658 1951 nulla
1690 1898 1744 1951 in
1792 1897 1963 1951 libros
1988 1897 2185 1953 divisio
2217 1897 2296 1962 tit,
2346 1900 2440 1953 sed
2474 1900 2655 1968 capita
2686 1908 2897 1953 tantum
2938 1916 3116 1954 rerum
3156 1901 3271 1954 sive
3301 1902 3597 1955 summaria

336 1993 711 2052 apponuntur
738 1983 791 2037 in
824 1981 1068 2051 margine
1096 1982 1164 2035 ab
1188 1982 1376 2036 eadem
1411 1997 1596 2036 manu.
1623 1983 1805 2036 Codex
1831 1982 2054 2038 Gnaeus
2082 1983 2537 2038 membranaceus
2565 2000 2668 2038 ms.
2702 1984 2841 2037 ἰιιοιο
2872 1985 3083 2054 majori,
3110 2000 3235 2039 szcc.
3257 1982 3347 2037 XI.
3372 1984 3601 2038 Constat

363 2071 518 2125 foliis
543 2072 762 2137 scriptis
785 2068 937 2124 270.»
974 2067 1251 2139 (Bandini,
1284 2077 1390 2123 cat.
1414 2068 1577 2124 codd.
1601 2067 1695 2124 Gr.
1726 2070 1855 2124 bibl.
1882 2067 2279 2135 Laurentianaa,
2306 2069 2594 2125 Florentiae
2623 2070 2761 2126 I768
2790 2070 2831 2123 f°
2869 2070 2954 2133 11,
2988 2070 3139 2138 671.)

438 2157 494 2211 ι.
524 2155 865 2211 Scoriatensis
906 2172 973 2223 φ.
1014 2157 1051 2208 l.
1080 2155 1132 2221 1,
1159 2163 1214 2210 et
1255 2157 1277 2209 1
1320 2154 1371 2208 Θ.
1400 2155 1454 2209 ι.
1481 2153 1572 2219 Vl,
1602 2172 1657 2223 γ.
1690 2155 1749 2211 2.
1779 2156 1882 2210 176
1920 2156 1973 2210 in
1997 2155 2055 2211 fo‘

1997 2155 2091 2211 fol.
2130 2174 2151 2206 ι
2184 2172 2250 2211 en
2281 2157 2596 2227 parchemin
2624 2158 2692 2213 de
2728 2156 2831 2211 176
2867 2157 3101 2212 feuillets
3129 2156 3299 2212 écrits
3327 2172 3422 2210 sur
3444 2157 3480 2210 2
3509 2172 3600 2211 ro-

359 2244 551 2299 ionnes
573 2252 625 2297 et
658 2242 728 2295 du
755 2251 834 2297 χι*
867 2242 1055 2297 siécle.
1089 2241 1403 2311 Chrouique
1433 2243 1497 2296 de
1519 2241 1732 2311 George
1766 2241 2113 2297 Hamartolus
2143 2243 2359 2308 (Miller,
2393 2245 2676 2314 catalogue
2715 2244 2814 2298 des
2860 2259 2992 2298 mss.
3022 2260 3178 2314 grecs
3209 2244 3275 2298 de
3318 2244 3367 2297 la
3404 2243 3602 2299 biblio-

352 2329 559 2400 theque
585 2329 986 2384 del'Escurial.
1022 2327 1175 2384 Paris
1208 2327 1345 2383 1818
1381 2329 1467 2393 4ο,
1497 2344 1551 2398 p.
1584 2327 1687 2383 110
1715 2328 1787 2384 cf.
1820 2328 1965 2384 Cave
2006 2330 2151 2399 585).
2186 2331 2492 2402 Supersunt
2527 2332 2829 2400 fragmenta
2855 2348 2885 2388 e
2920 2332 3201 2388 codicibus
3232 2334 3462 2400 integris
3489 2349 3590 2387 ex-

355 2427 530 2473 tracta
564 2417 744 2488 qualia
795 2415 1094 2473 Cramerus
1147 2416 1339 2481 edidit,
1375 2418 1582 2487 integer
1608 2432 1735 2470 vero
1784 2418 1952 2472 codex
1995 2418 2370 2476 Scorialensis
2402 2422 2656 2476 incendio
2688 2437 2739 2474 a.
2767 2422 2899 2476 1671
2947 2431 3308 2492 consumptus
3339 2431 3442 2488 est,
3470 2437 3604 2478 cum

354 2506 430 2559 cl.
462 2504 634 2559 Miller
664 2504 975 2574 catalogum
1008 2504 1338 2560 anteriorem
1366 2505 1545 2560 denuo
1569 2503 1823 2569 ediderit,
1846 2520 1951 2558 non
1978 2516 2104 2557 vero
2131 2503 2305 2571 ipsum
2347 2503 2588 2558 codicem
2620 2503 2834 2558 viderit.

430 2590 573 2665 [XX]
612 2591 667 2645 5.
699 2592 765 2647 C.
823 2591 1009 2646 Codex
1070 2592 1439 2646 Coislinianus
1478 2611 1497 2645 ι
1541 2593 1664 2658 154,
1689 2592 1816 2646 olim
1846 2592 1973 2655 501,
2026 2590 2210 2644 sreculi
2243 2589 2462 2644 circiter
2490 2606 2585 2655 xu,
2616 2591 3097 2655 membranaceus,
3146 2607 3181 2646 a
3208 2592 3391 2646 minus
3423 2591 3599 2661 perito

360 2680 582 2735 librario
601 2678 936 2747 descriptus,
966 2686 1181 2732 constat
1209 2677 1362 2734 foliis
1406 2678 1535 2734 511.
1566 2679 1832 2750 Χρονικδν
1868 2677 1977 2731 σύν·

1984 2693 2134 2743 εομον
2155 2676 2218 2728 ἔκ
2243 2675 2515 2745 διαφόρων
2534 2677 2928 2746 χρονογράερων
2952 2694 3009 2731 τε
3035 2677 3131 2732 καὶ
3153 2676 3437 2747 ἐξηγητῶν
3472 2676 3601 2730 συλ-

357 2766 514 2834 λεγὶν
542 2766 638 2819 καὶ
672 2764 935 2817 συντεθὲν
964 2765 1116 2834 παρὰ
1146 2764 1422 2835 Γεωργίου
1455 2765 1716 2836 μοναχοῦ.
1748 2765 1876 2819 Init.
1939 2763 2130 2825 Βίϐλος
2176 2761 2445 2830 γενέσεως
2472 2763 2778 2834 ἀνθρώπων
2899 2765 3086 2836 ἡμέρᾳ
3140 2764 3380 2818 ἔπλασεν
3412 2765 3440 2818 ὀ
3471 2763 3605 2826 Θεὸς

356 2855 453 2908 τὸν
498 2854 692 2924 Ἀδάμ.
721 2853 897 2922 Hujus
928 2854 1175 2909 chronici
1225 2864 1468 2909 extrema
1536 2863 1746 2908 tantum
1780 2869 1909 2922 pars
1957 2849 2101 2906 edita
2135 2857 2221 2903 est
2248 2877 2316 2891 —
2350 2849 2492 2903 inter
2527 2850 2825 2918 scriptores
2854 2858 2976 2919 post
3017 2850 3410 2920 Theophanem
3435 2878 3507 2890 —-
3541 2850 3600 2904 in

356 2956 467 2997 ms.
514 2952 692 2997 autem
737 2950 931 2997 nostro
959 2942 1040 2996 sic
1067 2942 1184 2995 sine
1209 2943 1334 2996 anni
1369 2955 1497 2997 nota
1531 2941 1569 2996 I'.
1605 2942 1711 2997 500
1739 2941 1893 2994 Μετὰ
1931 2938 1973 2991 δι

2009 2934 2227 3005 Μιχαὴλ
2260 2934 2577 2988 ἐϐασίλευσε
2614 2936 2816 2989 Λέωνό
2853 2936 3124 3007 Ἀρμένης
3147 2939 3243 2991 καὶ
3279 2936 3604 3007 παραϐάτης

358 3027 614 3100 ὕστερον.
676 3030 732 3083 In
772 3029 1132 3099 sequentibus
1187 3031 1315 3083 item
1353 3028 1589 3098 plurima
1618 3043 1923 3099 magnaque
1956 3025 2272 3081 discrimina
2309 3025 2675 3094 reperiuntur.
2708 3024 2766 3078 In
2796 3026 3005 3091 codice,
3044 3028 3138 3095 qni
3192 3029 3402 3098 integer
3428 3036 3513 3083 est
3550 3036 3609 3082 et

356 3118 616 3174 omnibus
644 3118 761 3183 suis
791 3116 1040 3187 partibus
1062 3117 1366 3184 absolutus,
1400 3116 1479 3172 sic
1511 3117 1737 3172 historia
1769 3115 1972 3171 desinit

2003 3114 2040 3169 ί.
2073 3113 2171 3170 511
2203 3141 2267 3154 —-
2298 3112 2435 3181 μήτε
2469 3112 2577 3181 μὴν
2591 3114 2657 3182 τῇ
2688 3112 2825 3181 πολῇ
2852 3113 2946 3166 καὶ
2981 3113 3270 3184 κακοδοξίᾳ
3301 3113 3395 3167 τοῦ
3437 3113 3605 3182 φένα-

358 3222 455 3268 uo;
482 3204 578 3259 xci
615 3204 918 3274 ἀλάστορος
949 3202 1027 3275 [ρ.
1067 3204 1192 3269 720,
1223 3204 1290 3257 17
1323 3203 1580 3260 editionis
1606 3201 1853 3273 nostrae].
1881 3199 1975 3256 Po:

1990 3211 2071 3256 tea
2125 3199 2374 3269 sequitur
2407 3199 2869 3269 anacephalreosis
2912 3200 3154 3255 chronici
3183 3202 3265 3256 sic
3296 3219 3311 3256 :
3352 3201 3605 3257 Γίνονται

359 3289 452 3344 οὖν
479 3290 588 3343 ἀπὸ
621 3291 723 3361 μὲν
744 3291 840 3345 τοῦ
878 3291 1052 3361 ’Δδὰμ
1105 3292 1269 3363 μέχρι
1329 3291 1424 3345 τοῦ
1485 3282 1881 3359 κατακλυσμοῦ
1906 3287 1976 3340 ἔτι

1989 3308 1996 3354 ι
2025 3284 2223 3359 ,βσμβ’,
2248 3296 2356 3341 etc.
2396 3303 2415 3338 ι
2443 3284 2820 3352 (Montfaucon
2852 3302 2905 3354 p.
2938 3285 3067 3351 205,
3089 3288 3241 3360 206).
3285 3307 3303 3341 ι
3341 3288 3453 3343 Nec
3477 3303 3606 3358 pro-

360 3377 520 3447 logus
546 3377 601 3431 in
641 3392 704 3433 eo
728 3376 1008 3431 invenitur
1054 3392 1154 3432 nec
1214 3377 1457 3447 capitum
1500 3377 1688 3433 index.
1725 3394 1744 3427 ι
1777 3374 1864 3445 (Ε.
1910 3374 2133 3446 Miller.)
2169 3392 2188 3426 ι
2220 3372 2404 3429 Codex
2435 3388 2600 3442 quem
2635 3374 2873 3429 contulit
2900 3374 3101 3431 Hasius
3131 3375 3197 3429 ad
3224 3375 3310 3431 ed.
3338 3373 3611 3431 Parisieno

371 3480 486 3520 sem
513 3484 533 3516 ι
561 3466 677 3535 (ιω.
720 3466 945 3522 Bekkeri
984 3466 1230 3535 praefatio
1265 3483 1317 3538 p.
1357 3466 1491 3537 VII).
1521 3464 1852 3523 Undolscius
1880 3464 2035 3519 alteri
2068 3461 2302 3532 Georgio
2333 3461 2721 3517 ascribendum
2760 3462 2918 3517 duxit
2944 3461 3110 3532 hujus
3140 3464 3347 3519 codicis
3379 3471 3608 3529 textum,

368 3555 620 3620 quamvis
670 3555 721 3607 in
752 3555 876 3625 ipso
903 3555 1137 3610 termino
1160 3556 1375 3611 desinat
1409 3570 1571 3622 quem
1608 3556 1841 3624 scriptor
1873 3550 2083 3622 prologi
2113 3548 2217 3604 sibi
2273 3548 2653 3604 constituerat.
2697 3546 3143 3606 'l‘lschendorflus
3167 3551 3245 3619 (in
3284 3550 3606 3616 Anecdotis,

370 3635 567 3708 Lipsiae
595 3640 751 3699 1855.
785 3656 844 3711 p.
880 3639 1110 3709 95-105)
1147 3641 1325 3711 capita
1351 3638 1514 3695 CXIV
1550 3640 1604 3705 4,
1630 3639 1771 3694 CXV
1805 3639 1858 3702 4,
1881 3636 2088 3694 CXXIII
2116 3635 2147 3689 ι
2184 3635 2289 3690 hoc
2324 3650 2355 3690 e
2388 3637 2578 3691 codice
2607 3636 2775 3693 edidit
2802 3653 2925 3693 cum
2948 3637 3069 3693 Par.
3104 3637 3249 3694 1706
3276 3639 3503 3694 collata.

432 3726 488 3781 6.
519 3725 811 3797 Synodalis
865 3728 1193 3799 Mosquensis
1238 3745 1293 3784 ιι.
1347 3728 1457 3784 252
1503 3730 1634 3798 (non
1686 3728 1788 3782 251
1832 3735 1891 3781 ιιι
1922 3724 2152 3780 Matthaai
2196 3724 2381 3793 habet)
2432 3724 2521 3779 vel
2577 3725 2708 3789 264,
2758 3727 3012 3781 foliorum
3061 3728 3607 3782 membranaceorum

364 3814 515 3868 in-L'
544 3814 677 3881 209,
724 3814 992 3869 linearum
1011 3814 1082 3869 57
1110 3829 1284 3885 usque
1313 3814 1379 3868 ad
1406 3828 1608 3868 annum
1642 3810 2044 3875 6626:“I8,
2083 3807 2177 3864 sed
2203 3808 2454 3879 adjuncta
2482 3810 2674 3864 notitia
2703 3809 2849 3867 XXV
2891 3828 3163 3868 annorum
3191 3812 3277 3866 Jo.
3317 3811 3608 3872 Comneni.

366 3902 530 3970 igitur
560 3918 738 3973 usque
783 3902 851 3957 ad
886 3918 938 3957 a.
973 3902 1115 3958 1115
1135 3902 1512 3967 continuatus,
1545 3909 1597 3955 et
1621 3902 1841 3971 quidem
1880 3898 1950 3953 ab
1982 3895 2171 3951 eadem
2202 3910 2390 3957 manu,
2423 3896 2566 3950 unde
2602 3897 2719 3966 ipse
2742 3898 2913 3953 codex
2942 3900 3086 3954 haud
3122 3899 3295 3953 multo
3330 3899 3605 3954 recentior

362 4005 481 4045 esse
514 3990 751 4045 videtur.
784 3990 1078 4059 Inscriptio
1103 4004 1228 4043 cum
1292 3986 1612 4058 praefatione
1663 3997 1718 4042 et
1754 3986 1911 4040 initio
1949 3998 2122 4052 usque
2165 3983 2233 4037 ad
2278 3998 2329 4052 p.
2366 3981 2459 4048 14,
2503 3984 2539 4039 Ι.
2572 3983 2644 4038 24
2673 3986 2890 4056 νιτικήν
2920 3985 3182 4042 editionis
3215 3996 3418 4042 nostra
3446 3985 3609 4057 periit

362 4080 528 4141 atque
552 4073 1129 4128 caeterisecodicibus
1181 4072 1299 4127 haec
1344 4071 1595 4141 suppleta
1647 4078 1798 4135 sunt,
1845 4068 1947 4123 scl.
1991 4068 2237 4137 praefatio
2276 4084 2306 4123 e
2340 4067 2606 4125 Vaticano
2646 4071 2770 4135 155,
2825 4074 3111 4138 initium,e
3163 4073 3605 4139 Monacensibus,

363 4160 660 4216 clarissimi
692 4159 887 4215 Tafelii
913 4175 1046 4215 cura
1076 4161 1390 4229 descriptis,
1422 4158 1678 4213 foliorum
1712 4170 1842 4211 vero
1876 4156 2110 4225 primum
2143 4156 2522 4225 quaternionis
2564 4156 2646 4224 ΙΖ,
2684 4158 2973 4217 Slavonice
3015 4162 3264 4231 inscripti
3287 4163 3378 4230 ῳ,
3409 4162 3462 4214 in
3495 4161 3605 4214 vita

365 4245 710 4302 Constantini
739 4248 1008 4302 omissum
1037 4262 1068 4301 e
1101 4245 1523 4302 Monacensibus
1551 4254 1604 4300 et
1632 4244 2151 4299 Vindobonensibus
2170 4260 2401 4313 quorum
2436 4246 2699 4303 lectiones
2721 4249 3078 4306 doctissimus
3103 4249 3394 4319 prmfectus
3413 4247 3607 4302 biblio-

371 4332 543 4387 theca
560 4332 998 4390 Vindohonensis
1015 4332 1294 4389 Miclosich
1327 4333 1723 4388 humanissime
1752 4333 1911 4387 nobis
1944 4332 2272 4386 transmisit.
2310 4332 2469 4386 Aliud
2513 4332 2703 4389 folium
2738 4335 3146 4407 (quaternionis
3179 4337 3225 4387 Κ
3247 4352 3319 4385 =
3342 4334 3435 4398 1H)
3460 4334 3606 4402 quod

373 4419 428 4474 in
462 4420 569 4475 vita
598 4420 885 4476 Iustiniani
911 4422 1273 4484 desideratur,
1303 4436 1405 4490 ope
1427 4420 1631 4477 codicis
1667 4419 1986 4476 Coisliniani
2023 4418 2129 4473 505
2164 4419 2233 4473 ab
2264 4418 2602 4474 amicissimo
2668 4421 2967 4478 Emanuele
3016 4420 3227 4477 Millero
3263 4430 3512 4478 nostrum
3551 4421 3606 4475 in

366 4522 529 4562 usum
553 4508 834 4580 descripti,
872 4512 1248 4565 instauratum
1283 4518 1387 4564 est.

436 4596 835 4663 Quaternioues
868 4608 1087 4655 exstant
1120 4598 1354 4653 Slavicis
1390 4596 1590 4652 litteris
1624 4597 1666 4651 Α
1691 4598 1858 4654 -ΚΖ
1896 4601 2094 4671 signati
2120 4600 2286 4668 XXII,
2314 4618 2550 4674 quorum
2583 4602 2814 4658 ultimus
2842 4600 3019 4656 tribus
3063 4609 3275 4655 tantum
3306 4598 3453 4655 loliis
3478 4614 3609 4652 con-

368 4692 495 4749 stat,
530 4686 712 4739 cmteri
740 4686 979 4753 octonis,
1011 4685 1183 4741 Graeci
1207 4694 1388 4739 autem
1418 4684 1633 4739 fuerant
1668 4687 1777 4740 duo
1797 4688 1983 4757 plures
2022 4690 2092 4744 ab
2130 4690 2325 4755 initio;
2362 4707 2483 4746 nam
2537 4708 2590 4763 p.
2630 4690 2732 4747 88h
2771 4691 2967 4762 legitur
2999 4690 3086 4754 ll‘,
3138 4687 3355 4743 Slavice
3389 4687 3480 4751 Al,
3507 4686 3609 4743 96³

369 4770 620 4835 IAzBI,
653 4773 789 4830 1011)
818 4774 968 4827 1E:
985 4773 1073 4838 ῙἸ,
1103 4772 1239 4829 127ο
1268 4773 1339 4826 IH
1362 4773 1529 4840 21,1,
1567 4772 1703 4828 159b
1732 4774 1997 4839 KB=K,
2030 4778 2163 4832 1711)
2192 4780 2496 4835 ΚΔΞΚΒ.

435 4859 653 4915 Primus
711 4867 765 4916 et
814 4861 1090 4916 secundus
1138 4861 1450 4930 quaternio,
1477 4876 1604 4915 cum
1658 4860 1854 4916 XXXII
1886 4863 2115 4933 paginas
2138 4867 2560 4931 continuissent,
2603 4881 2834 4937 quarum
2882 4865 3110 4933 singulae
3155 4863 3247 4917 uni
3281 4871 3335 4917 et
3370 4861 3611 4916 dimidiae

373 4945 484 5001 fere
525 4946 785 5003 editionis
810 4958 1013 5003 nostra:
1048 4949 1401 5018 respondent,
1441 4948 1692 5018 sequitur
1729 4950 1921 5006 iisdem
1958 4952 2011 5006 in
2042 4952 2159 5006 XVI
2182 4954 2323 5008 foliis
2351 4954 2643 5022 dcpcrditis
2667 4951 2831 5006 XLIV
2867 4953 3074 5021 primas
3108 4951 3333 5020 paginas
3360 4960 3600 5011 nostras.

372 5036 668 5106 etquidem
699 5037 928 5107 prologo
960 5052 1071 5091 non
1102 5047 1356 5107 excepto,
1383 5052 1572 5092 revera
1619 5037 1809 5094 fuisse.
1852 5038 2052 5093 Ultima
2087 5037 2213 5093 folia
2257 5038 2363 5094 205
2391 5040 2496 5095 209
2528 5055 2653 5094 cum
2688 5038 2887 5093 misere
2911 5037 3097 5091 attrita
3124 5038 3254 5097 sint,
3280 5036 3493 5090 videtur
3514 5049 3610 5088 co-

373 5122 546 5179 dicem
566 5126 684 5179 sine
706 5140 967 5196 compage
992 5125 1084 5180 diu
1113 5126 1355 5195 jacuisse
1394 5141 1459 5181 ac
1506 5142 1572 5182 co
1606 5126 1768 5181 modo
1811 5127 1968 5182 initio
2001 5142 2102 5182 suo
2125 5126 2445 5181 destitutum
2489 5141 2632 5181 esse.
2676 5125 2732 5179 In
2771 5124 2903 5180 folio
2944 5126 3237 5179 cbartacco
3277 5120 3421 5190 quod
3458 5136 3611 5176 com-

372 5222 561 5281 pactor
596 5214 857 5271 Rossicus
902 5217 956 5269 in
1012 5217 1117 5269 line
1147 5214 1410 5284 alligavit,
1440 5216 1655 5285 legitur,
1691 5215 1916 5271 Rossico
1951 5229 2221 5279 sermone,
2262 5232 2279 5265 ι
2330 5213 2388 5268 1η
2423 5213 2525 5269 hoc
2553 5214 2740 5268 codice
2773 5212 2879 5267 209
2913 5221 3040 5267 sunt
3069 5211 3221 5264 folia.
3283 5206 3503 5262 Notavit
3552 5221 3607 5263 et

375 5303 680 5357 numeravit
705 5302 901 5359 Petrus
935 5303 1303 5358 Alexandrov.
1337 5302 1401 5356 N.
1438 5303 1567 5366 252,
1594 5303 1735 5358 alius
1776 5302 1990 5357 annalis

1997 5312 2077 5366 ta;
2120 5320 2137 5353 ι
2178 5310 2232 5356 et
2262 5317 2421 5357 verso
2454 5300 2570 5370 ετῷ
2616 5300 2713 5370 μὲν
2742 5299 3044 5369 εὑτιχοῦντι
3083 5296 3283 5359 πάντες
3327 5294 3607 5365 ἂνθρωποι

376 5390 534 5456 φίλοι,
586 5392 679 5445 τὸν
735 5392 792 5445 δὲ
832 5393 1186 5463 διστυχοῦντα
1248 5392 1356 5445 οὐδ’
1408 5392 1570 5455 αὐτὸς
1627 5394 1656 5446 ὁ
1703 5392 1983 5463 γεννήτωρ

2047 5389 2211 5459 φιλεῖ,
2257 5389 2310 5443 in
2388 5390 2729 5451 membrana,
2788 5401 2918 5441 vero
2970 5386 3031 5438 1⁸
3071 5383 3297 5437 Itossico
3353 5382 3609 5437 idimnate

381 5495 399 5527 ι
431 5492 460 5533 e
495 5479 825 5535 bibliotheca
890 5479 1151 5551 Synodali
1210 5488 1264 5534 et
1318 5479 1688 5548 subscriptum
1729 5478 1887 5548 jussu
1928 5476 2287 5535 sanctissimae
2318 5476 2548 5546 synodi;
2587 5493 2604 5526 ι
2646 5476 2704 5529 In
2736 5474 2933 5543 legitur
2964 5471 3130 5526 etiam
3174 5484 3437 5524 numerus
3463 5471 3606 5524 anti-

375 5581 514 5634 quus
541 5574 615 5632 ις’
639 5567 804 5639 (XVI)
837 5568 977 5623 209ﬂ
1014 5566 1176 5621 1775.
1207 5565 1351 5621 Maio
1392 5581 1600 5622 mense.

443 5655 601 5711 Multa
630 5658 684 5713 ln
723 5658 868 5714 hunc
900 5657 1144 5713 codicem
1189 5671 1219 5711 e
1260 5655 1507 5725 margine
1529 5654 1818 5722 irrepsisse
1849 5653 2101 5709 videntur
2131 5664 2250 5721 quae
2285 5650 2344 5703 1ο
2378 5665 2442 5703 ex
2471 5648 2577 5702 alio
2602 5648 2733 5702 libro
2766 5646 2846 5720 (ἐξ
2887 5644 3047 5701 ἄλλου
3076 5643 3305 5715 βιϐλίου)
3336 5652 3595 5697 annotaia

390 5754 565 5811 erant,
594 5744 663 5803 cf.
699 5762 752 5817 p.
783 5747 869 5817 68,
898 5749 965 5814 ὃς
1005 5746 1097 5814 81,
1127 5746 1188 5813 6;
1230 5746 1346 5809 I80,
1381 5746 1401 5798 1
1431 5761 1443 5811 ;
1475 5743 1636 5811 544,8
1670 5757 1721 5799 ct
1751 5743 1848 5800 551
1896 5743 1997 5800 sub

1991 5763 1997 5795 ι
2029 5748 2199 5808 textu,
2226 5757 2343 5811 qua:
2376 5738 2594 5797 Eusebii
2628 5754 2734 5795 non
2767 5744 2917 5807 sunt,
2960 5737 3054 5795 scd
3084 5734 3333 5806 Procopii
3369 5728 3492 5791 518.
3526 5728 3608 5790 10.
