4050 6220
450 370 520 436 23
1800 368 2048 432 PROLE

2114 372 2390 432 DMENA.
3643 374 3713 436 24

449 494 505 541 et
556 489 798 553 exegeta
849 483 1199 539 Alexandrini
1258 483 1380 547 569,
1447 483 1550 547 I9;
1604 482 1674 538 cf.
1744 483 1841 538 55I
1905 485 1972 539 de
2038 480 2206 556 [XXI]
2262 484 2482 540 Iustino
2548 486 2615 549 II,
2697 485 2911 539 caeteris
2974 485 3025 537 in
3069 484 3231 539 codd.
3289 483 3713 556 desiderantur;

446 572 510 627 5ο
544 584 576 626 e
608 570 912 641 Logotheta,
960 568 1055 624 τοῦ
1105 569 1405 638 Δογοθέτου
1459 584 1513 639 p.
1568 568 1661 633 80,
1708 569 1973 641 1804⁸),
2012 570 2044 625 7

2123 611 2138 635 ,
2168 572 2222 638 4,
2258 572 2437 643 (182⁸)
2458 584 2516 627 et
2546 572 2671 636 851,
2711 571 2775 625 21
2818 569 3023 642 (205⁸).
3054 571 3189 637 Qum
3217 573 3409 627 ultima
3442 588 3567 628 cum
3602 578 3710 632 sint

447 656 681 729 Georgio
707 658 1035 723 recentiora,
1072 673 1101 713 a
1138 658 1524 713 continuatore
1579 656 1825 728 ejusdem
1873 660 1967 728 qui
2011 658 2366 729 Logothetam
2414 659 2709 726 excerpsit,
2755 657 3013 727 adjuncta
3056 669 3205 719 sunt.
3242 650 3334 714 ex.
3383 675 3469 733 gr.
3508 663 3561 715 in
3585 658 3713 721 Vita

448 742 790 817 Theophili§
832 746 993 801 19-29
1048 760 1169 815 qua”:
1210 743 1565 801 Coislinianis
1625 746 1679 800 in
1715 747 1997 802 codicibus
2043 747 2264 814 desunt,
2314 747 2409 803 sed
2443 746 2566 802 aliis
2627 747 2681 800 iu
2726 746 3011 801 codicibus
3054 746 3322 815 ampliora
3358 746 3709 807 inveniuntur

449 845 614 901 quam
654 832 707 887 in
732 832 1002 888 breviario
1034 832 1326 905 Symeonis
1352 833 1522 889 edito.
1549 834 1680 891 Post
1707 844 1867 890 notos
1894 835 2227 906 marginales
2258 834 2311 888 in
2348 842 2552 888 textum
2595 833 2855 897 insertas,
2878 832 3097 901 Georgii
3127 834 3301 902 ipsius
3335 842 3518 891 textus
3552 852 3707 892 resu-

448 923 617 975 mitur
643 921 879 976 formula
905 922 1209 993 Γεωργῑου,
1240 931 1301 976 ut
1328 922 1447 987 11⁸,
1477 922 1715 991 adjecta.
1745 923 1929 988 Quare
1953 932 2096 977 nota:
2130 922 2234 977 illae
2273 921 2397 975 aliis
2430 936 2459 975 e
2506 920 2664 975 libris
2692 920 2892 989 quibus
2924 922 3165 989 scriptor
3200 936 3334 977 usus
3368 934 3473 987 est,
3503 924 3713 980 codicis

447 1007 685 1075 margini
722 1008 974 1077 ascriptas
1003 1010 1321 1080 neutiquam
1364 1019 1690 1078 argumento
1726 1010 1990 1065 inservire
2033 1016 2269 1079 possunt
2309 1006 2487 1076 ipsum
2521 1015 2730 1061 textum
2759 1006 2975 1075 Georgii
3012 1022 3119 1060 non
3152 1022 3295 1071 esse,
3328 1009 3470 1063 sicut
3506 1010 3713 1066 Undol-

446 1094 595 1150 scius
622 1094 795 1148 voluit
828 1111 882 1164 p.
917 1096 983 1152 I0
1014 1105 1069 1152 et
1101 1097 1170 1151 55
1207 1097 1613 1153 dissertationis
1660 1113 1774 1154 suae
1812 1097 1880 1152 de
1914 1096 2237 1152 Hamartolo
2270 1095 2509 1164 scriptae,
2544 1096 2637 1150 sed
2679 1096 2863 1164 potius
2905 1096 3142 1163 probant
3181 1094 3397 1167 Georgii
3439 1100 3605 1155 verba
3643 1098 3714 1155 ab

448 1180 516 1236 iis
546 1180 747 1237 diserte
770 1181 1033 1252 distingui
1073 1198 1196 1252 quae
1232 1184 1359 1240 aliis
1388 1199 1419 1240 e
1460 1181 1705 1240 fontibus
1742 1185 1872 1239 huic
1915 1184 2092 1240 codici
2126 1199 2156 1238 a
2189 1182 2413 1237 librario
2445 1182 2651 1236 inserta
2695 1191 2845 1236 sunt.
2892 1181 3071 1237 Simili
3104 1184 3267 1238 modo
3294 1185 3467 1239 codici
3501 1186 3709 1242 inserta

445 1281 569 1324 esse
606 1268 862 1322 videntur
890 1278 943 1325 et
968 1271 1201 1341 reliqua,
1245 1284 1368 1342 que
1394 1270 1728 1342 Hosquensis
1766 1274 1911 1327 solus
1943 1272 2129 1339 habet,
2164 1285 2250 1325 ex.
2292 1284 2378 1340 gr.
2420 1283 2470 1323 c.
2496 1267 2635 1332 CXI,
2666 1269 2737 1323 20
2754 1267 2865 1332 -22,
2908 1269 2977 1323 de
3010 1278 3253 1336 quatuor
3292 1268 3526 1325 Herodis
3560 1270 3710 1339 Iiliis,

445 1354 536 1410 ubi
570 1354 851 1411 Cedrenus
879 1365 934 1411 et
987 1357 1261 1429 interpres
1304 1357 1626 1416 Slavonicus
1657 1359 1685 1432 ᾗ
1720 1360 1784 1415 21
1827 1368 2037 1415 tantum
2088 1363 2394 1420 noverunt;
2430 1352 2643 1420 CXXV,
2685 1356 2739 1420 5,
2768 1363 2822 1409 et
2861 1352 3121 1419 CXXVII,
3166 1356 3218 1417 1,
3257 1355 3323 1409 de
3358 1353 3711 1424 Vespasiano,

444 1458 570 1498 cum
598 1442 875 1499 Cedrenus
909 1446 1436 1511 secundumlocum,
1470 1462 1577 1503 non
1609 1464 1739 1503 vero
1770 1459 2066 1518 utrumque
2094 1444 2316 1509 relbrat,
2355 1444 2683 1499 Slavonicus
2712 1445 2984 1514 primum;
3013 1458 3064 1498 c.
3099 1442 3390 1504 CXXXVI.
3419 1444 3476 1509 5,
3512 1444 3713 1499 mentio

442 1528 708 1586 Cerdonis
734 1530 787 1586 in
822 1534 1048 1588 Adriani
1075 1533 1194 1589 Vita
1219 1535 1359 1591 facta
1389 1537 1530 1605 apud
1552 1535 1771 1592 eosdem
1800 1537 1975 1601 deest,
2002 1544 2055 1590 et
2086 1534 2155 1589 ab
2182 1532 2545 1603 ipsoGeorgio
2574 1532 2629 1586 in
2654 1532 2777 1586 Vita
2801 1532 3061 1586 Antonini
3090 1530 3377 1594 CXXXVI,
3405 1531 3437 1585 6
3457 1570 3471 1594 ,
3505 1533 3713 1601 reperi-

443 1625 556 1684 tur,
580 1620 668 1673 ubi
695 1618 744 1691 (§
770 1620 805 1675 4
834 1628 889 1675 et
924 1621 978 1689 5)
1012 1622 1349 1679 Bardesanes
1390 1624 1473 1680 bis
1514 1633 1869 1688 memoratur,
1901 1623 2145 1679 Cedreno
2177 1629 2231 1675 et
2259 1619 2437 1674 Leone
2468 1634 2591 1673 cum
2631 1617 2659 1689 ς
2703 1618 2736 1670 5
2766 1618 3261 1674 consentientibus.
3306 1616 3471 1672 Iidem
3520 1618 3713 1673 leones

444 1706 663 1761 occisos
692 1721 816 1762 cum
843 1708 1076 1778 Georgio
1112 1710 1292 1781 (CXL,
1324 1710 1379 1781 8)
1422 1709 1744 1776 Commodo,
1778 1727 1883 1768 non
1914 1710 2094 1764 Marco
2119 1708 2447 1767 attribuunt.
2478 1716 2538 1760 ut
2570 1703 2906 1768 CXXXVIII,
2946 1705 2979 1759 6
3015 1708 3239 1776 legitur;
3268 1721 3319 1760 c.
3357 1703 3615 1771 CXLVII,
3657 1706 3713 1761 1ο

448 1795 763 1849 nominatur
799 1795 1093 1863 Maximus,
1128 1799 1223 1867 qui
1248 1797 1307 1869 (§
1331 1798 1385 1869 5)
1410 1813 1535 1853 cum
1560 1798 1808 1853 Cedreno
1862 1808 1917 1853 et
1951 1798 2129 1852 Leone
2162 1806 2391 1849 vocatur
2420 1793 2787 1859 Maximinus;
2817 1792 2903 1847 CL
2936 1792 3408 1862 Balbinusjuuior
3433 1810 3559 1848 cum
3593 1792 3700 1847 Ce-

445 1881 617 1934 dreno
640 1889 761 1949 post
798 1881 1069 1949 Pupinum
1103 1893 1457 1950 memoratur,
1501 1884 1597 1938 sed
1626 1882 1761 1948 CLI,
1795 1884 1851 1947 2,
1894 1893 2018 1952 post
2042 1883 2423 1948 Gordiauum;
2469 1882 2577 1936 Leo
2620 1882 2765 1937 hunc
2807 1881 3197 1950 imperatorem
3235 1881 3453 1947 penitus
3486 1882 3712 1946 omisit;

444 1965 627 2030 CLIV,
660 1968 709 2026 1,
734 1968 790 2032 2,
817 1967 1145 2024 Valerianus
1174 1969 1624 2036 bisnorninatur;
1651 1970 1933 2025 Cedrenus
1963 1972 2264 2025 secundum
2290 1979 2499 2023 tantum
2533 1971 2713 2024 locum
2742 1972 2980 2037 repetiit;
3013 1968 3341 2032 CLXXXVI,
3366 1969 3401 2022 2
3427 1982 3479 2023 et
3502 1970 3555 2033 5,
3594 1969 3721 2023 Dio.

444 2052 669 2107 cletiani
704 2054 1136 2126 Maximianique
1167 2057 1292 2113 linis
1316 2058 1424 2123 bis,
1454 2073 1483 2112 a
1506 2058 1754 2114 Cedreno
1776 2058 2073 2113 secundum
2101 2058 2127 2128 ᾗ
2152 2058 2187 2111 2
2214 2065 2572 2112 memoratur.
2603 2055 2690 2110 Cf.
2718 2056 3023 2118 CLXXVII,
3058 2057 3113 2121 7,
3152 2059 3239 2118 12,
3276 2056 3561 2119 CLXXXI,
3596 2056 3626 2108 'I
3664 2066 3720 2111 et

444 2136 752 2202 CLXXXII,
787 2140 1073 2204 CLXXXI,
1126 2143 1214 2197 1-8
1248 2153 1302 2197 et
1351 2143 1682 2208 CLXXXIII,
1734 2146 1786 2209 7,
1840 2143 2170 2199 CLXXXVII
2216 2153 2269 2199 et
2314 2141 2695 2203 CLXXXVIII,
2741 2144 2791 2208 1,
2842 2141 3102 2208 CLXXX,
3142 2144 3177 2197 5
3215 2151 3268 2195 et
3298 2140 3629 2205 CLXXXIII,
3659 2146 3716 2209 2,

444 2222 772 2289 CLXXXIII,
804 2228 836 2280 6
873 2236 927 2281 et
950 2227 1284 2295 CLXXXVI,
1317 2231 1371 2293 7,
1400 2228 1506 2292 CC,
1543 2231 1592 2293 I,
1615 2230 1669 2293 5,
1694 2229 1947 2295 CCXVII,
1970 2233 2070 2285 5ει
2092 2228 2375 2294 CCXXIX,
2398 2227 2804 2292 8,CCXXX|II,
2847 2231 2867 2282 1
2900 2240 2951 2283 et
2980 2228 3335 2292 CCXXXVII,
3372 2231 3423 2293 1,
3454 2230 3720 2299 praecipuo

444 2325 579 2366 vero
594 2311 950 2379 CLXXXVII,
982 2316 1039 2380 5,
1067 2330 1189 2385 quae
1206 2316 1308 2370 sub
1330 2324 1478 2389 textu
1502 2316 1645 2371 edita
1671 2326 1820 2382 sunt,
1849 2318 1977 2386 quia
2009 2317 2159 2372 nullo
2186 2317 2295 2371 alio
2318 2318 2370 2370 in
2399 2316 2588 2371 codice
2607 2316 2982 2380 inveniuntur,
3006 2315 3233 2381 CCLIII,
3255 2319 3285 2372 7
3310 2318 3581 2373 Anastasii
3618 2332 3715 2387 pa-

448 2399 704 2456 triarcha:
737 2402 901 2457 verba
931 2411 984 2456 et
1014 2412 1244 2465 sortem,
1280 2418 1402 2472 qua:
1430 2403 1499 2457 27
1528 2404 1597 2458 de
1630 2403 1995 2460 Constantino
2025 2414 2367 2473 repetuntur,
2398 2405 2467 2457 55
2496 2412 2551 2457 et
2577 2403 2647 2457 40
2687 2405 3091 2474 expeditionem
3131 2405 3186 2459 in
3225 2405 3487 2475 Bulgaros
3520 2405 3710 2460 iisdem

445 2486 631 2543 verbis
675 2490 926 2553 relatam,
971 2489 1251 2555 CCXXVI,
1278 2491 1334 2551 6,
1363 2491 1416 2545 in
1462 2491 1567 2546 line
1594 2491 1861 2548 visionem
1900 2494 2286 2555 monamicam,
2312 2488 2593 2555 CCXXVI,
2625 2490 2679 2556 6,
2714 2490 2767 2555 7,
2795 2490 2888 2556 22,
2915 2490 3189 2557 CCLVIII,
3230 2493 3285 2555 2,
3318 2493 3372 2557 5,
3394 2494 3447 2559 4,
3468 2490 3713 2559 CCLXII,

445 2571 501 2639 1,
540 2577 596 2636 2,
621 2573 654 2627 6
699 2584 754 2630 et
778 2576 881 2629 alia
902 2575 1026 2646 plus
1054 2577 1237 2633 minus
1277 2579 1607 2648 apocrypha,
1637 2594 1724 2635 ex.
1748 2595 1833 2653 gr.
1857 2578 2197 2646 c.CCLXlll,
2233 2578 2319 2646 10,
2347 2577 2434 2644 11,
2458 2594 2582 2648 quae
2623 2578 2675 2632 in
2711 2577 2738 2649 §
2776 2579 2810 2633 5
2840 2578 3088 2649 ejusdem
3124 2580 3319 2651 capitis
3349 2589 3405 2635 et
3439 2576 3712 2646 CCLXIV,

447 2661 502 2728 3,
532 2670 874 2729 repetuntur.

516 2745 574 2801 In
627 2750 866 2819 margine
920 2763 1047 2805 vero
1092 2751 1300 2808 codicis
1330 2751 1414 2807 vel
1471 2750 1705 2818 laterali,
1735 2755 1821 2809 vel
1870 2755 2161 2825 superiori,
2194 2756 2276 2810 vel
2318 2755 2570 2812 inferiori
2615 2757 2955 2811 inveniuntur
2984 2773 3014 2812 a
3048 2757 3223 2825 prima
3266 2772 3429 2811 manu
3465 2757 3706 2825 ascripta

445 2851 564 2907 qua:
589 2834 814 2892 Cedrem‘
836 2849 883 2891 et
908 2837 1098 2894 Leonis
1135 2840 1189 2893 in
1215 2849 1417 2893 textum
1443 2842 1793 2896 transierunt.
1821 2841 2003 2897 Prima
2034 2861 2044 2896 ε

2101 2845 2302 2897 ismodi
2339 2852 2469 2897 nota
2494 2843 2689 2913 legitur
2708 2843 2747 2898 f.
2761 2844 2827 2897 21)
2860 2842 3278 2913 προσκυνοῦμεν
3302 2844 3397 2897 καὶ
3423 2843 3700 2914 κηρύττο-

451 2940 551 2993 μεν
605 2923 797 2978 τοῦτον
828 2926 991 2995 μόνον
1025 2921 1165 2979 εἶναι
1211 2926 1347 2979 Θεὸν
1401 2927 1656 2997 ἀληθινὸν
1693 2929 1786 2982 καὶ
1828 2929 2012 2999 πάσης

2109 2929 2291 2990 τίσεως
2335 2929 2611 2999 (editionis
2654 2938 2855 2985 nostra:
2900 2946 2955 3000 p.
3012 2929 3122 2999 49),
3171 2930 3409 2985 secunda
3474 2945 3495 2986 :
3548 2930 3605 2983 4·
3641 2930 3708 2984 ad

446 3027 502 3085 p.
543 3011 642 3078 53;
696 3012 1085 3066 Ἐνεοσκοπεαν
1130 3013 1351 3081 λέγεται
1401 3012 1761 3085 ἐξευρηκέναι
1812 3016 2045 3086 Τιλεγόνλ

2095 3065 2097 3074 ,
2150 3019 2305 3073 tertia
2372 3018 2440 3073 ad
2483 3018 2551 3073 55
2594 3036 2607 3072 :
2650 3018 2954 3081 Ποσιδῶνος
2982 3017 3349 3087 σύγγραμμα,
3386 3028 3581 3089 quarta
3628 3018 3694 3073 al

444 3100 516 3155 55
569 3117 587 3156 :
645 3100 818 3155 Τοῦτο
870 3101 1181 3172 συνέγραψε
1233 3102 1600 3173 Ξενοκράτης,
1642 3104 1832 3173 quinta
1878 3105 1945 3160 ad
1992 3107 2043 3160 52

2106 3147 2119 3161 .
2160 3105 2336 3160 Τοῦτο
2373 3106 2683 3178 συνέγραψε
2718 3105 2909 3170 Πόλις;
2941 3107 3004 3159 8b
3057 3106 3168 3159 Καὶ
3225 3106 3535 3174 ’Ἥφαιστος
3563 3106 3698 3175 παρ’

444 3187 769 3255 Αἰγυπτίοις
811 3189 1191 3244 ἐδυνάστευεν.
1220 3207 1295 3239 =
1326 3187 1456 3243 Ced.
1480 3190 1569 3254 55,
1602 3190 1702 3254 12ς
1736 3191 1838 3243 471)
1880 3194 1908 3245 ὀ
1943 3192 2043 3246 σεκί

2109 3210 2127 3255 ς
2156 3193 2218 3247 τὸ
2246 3194 2507 3264 τέταρτον
2540 3195 2641 3263 τῆς
2679 3193 2907 3261 οὐγγίας
2933 3192 3177 3261 (unciae).
3209 3191 3411 3246 Confer
3444 3192 3708 3248 editionis

444 3282 652 3329 nostrae
688 3288 744 3342 p.
779 3273 850 3327 85
878 3290 1003 3330 cum
1038 3273 1238 3329 Leonis
1266 3285 1320 3330 et
1348 3273 1529 3345 Glycae
1562 3276 1696 3330 locis
1724 3278 1924 3333 ibidem
1965 3279 2229 3347 laudatis,
2265 3297 2318 3351 p.
2352 3282 2453 3335 I’l'l
2500 3295 2622 3336 cum
2662 3279 2948 3344 Cedreno;
3000 3288 3127 3332 nota
3166 3294 3220 3347 p.
3264 3278 3366 3331 129
3414 3279 3468 3332 in
3510 3288 3711 3334 neutro

446 3362 755 3425 invenitur;
805 3369 948 3415 notae
979 3361 1309 3428 marginales
1340 3377 1394 3431 p.
1430 3362 1559 3418 I58.
1594 3363 1879 3429 £46,528“
1911 3381 1943 3421 a
1972 3366 2219 3423 Cedreno
2253 3378 2487 3438 recepta:
2537 3378 2686 3431 sunt,
2734 3367 2881 3422 698"
2916 3375 2972 3421 et
3017 3367 3163 3432 699‘,
3187 3382 3235 3421 c.
3270 3365 3548 3436 CCLXIII,
3586 3367 3639 3432 7,
3673 3367 3712 3423 9

449 3466 481 3505 a
512 3448 635 3504 Par.
689 3448 861 3514 I705;
899 3448 938 3505 I'.
968 3449 1070 3505 98b
1117 3450 1171 3504 in
1226 3450 1471 3517 margine
1524 3451 1719 3522 legitur
1768 3453 1959 3511 notitia
2009 3455 2077 3511 de
2128 3458 2352 3525 pulvere
2398 3472 2569 3514 aureo
2617 3455 2900 3511 Aureliani
2940 3463 3187 3523 tempore
3220 3454 3287 3508 de
3317 3455 3457 3508 cmlo
3488 3454 3718 3523 delapso

453 3538 532 3608 (ρ.
584 3536 802 3606 561⁸⁸⁶),
859 3551 1021 3608 quam
1082 3538 1199 3608 ipse
1230 3538 1468 3608 scriptor
1502 3554 1556 3610 p.
1585 3539 1689 3595 569
1743 3554 1802 3595 se
1832 3541 1951 3611 ejus
1994 3542 2342 3613 imperatoris
2374 3545 2430 3599 in
2472 3544 2582 3598 vita
2621 3542 2878 3598 retulisse
2918 3540 3187 3605 aﬂirmat;
3223 3541 3480 3595 similiter
3513 3556 3567 3609 p.
3604 3541 3705 3596 571

450 3635 505 3681 et
525 3624 633 3681 572
662 3626 826 3681 iidem
868 3637 1139 3697 martyres
1195 3626 1252 3681 in
1301 3627 1548 3697 margine
1582 3637 1980 3685 enumerantur
2006 3631 2098 3699 qui
2134 3647 2188 3702 p.
2235 3632 2343 3688 572
2387 3632 2441 3687 in
2496 3640 2645 3684 textu
2684 3640 2849 3692 sunt;
2888 3628 2982 3683 sed
3008 3642 3063 3696 p.
3103 3626 3207 3681 590
3236 3636 3361 3680 nota
3393 3627 3712 3695 marginalia

454 3712 894 3770 Vindobonensis
921 3728 952 3768 a
988 3713 1303 3784 Mosquensi
1331 3716 1385 3770 in
1422 3725 1631 3771 textum
1667 3727 1882 3787 recepta
1913 3729 2017 3784 est,
2049 3744 2053 3765 ‹

2110 3760 2122 3773 .
2155 3728 2315 3775 notas
2341 3735 2431 3789 pp.
2462 3717 2592 3781 279,
2622 3717 2749 3779 392,
2787 3715 2913 3777 399.
2935 3715 3075 3781 ⁵ιοι,
3106 3715 3233 3780 402,
3261 3714 3389 3781 409,
3418 3715 3544 3776 tis,
3578 3713 3704 3779 ut,

450 3803 579 3867 415,
617 3802 722 3858 426
752 3801 899 3873 (cum
933 3811 1084 3858 textu
1115 3803 1267 3871 457),
1298 3804 1426 3866 428,
1456 3804 1580 3867 564,
1612 3804 1738 3860 671.
1778 3806 1970 3863 Plures
2020 3821 2049 3861 n

2109 3818 2165 3862 ire
2201 3806 2536 3877 marginales
2574 3818 2749 3859 erasa:
2794 3818 2919 3858 esse
2956 3802 3233 3865 videntur,
3262 3816 3349 3856 ex.
3393 3817 3474 3872 gr.
3511 3796 3708 3873 [XXll'j

450 3891 519 3946 de
553 3888 785 3960 Origene
820 3890 942 3952 94b,
969 3890 1093 3953 99b,
1131 3889 1291 3953 109';
1320 3890 1439 3944 alia:
1470 3904 1596 3945 cum
1623 3892 1867 3962 margine
1898 3897 2046 3961 perie

2108 3902 2180 3949 int
2215 3893 2329 3965 (96,
2368 3892 2492 3957 104,
2542 3892 2665 3955 107,
2700 3890 2825 3954 108,
2864 3889 2989 3955 III),
3032 3889 3135 3945 125
3162 3889 3384 3951 -125,
3420 3890 3547 3957 151,
3580 3888 3707 3954 152,

426 3977 582 4040 -158,
611 3976 737 4041 174,
764 3976 887 4040 180,
917 3976 1039 4031 182.
1072 3976 1209 4032 Cum
1260 3978 1403 4032 notis
1435 3977 1635 4032 ibidem
1688 3979 1877 4034 deletae
1926 3995 2024 4035 sun

2107 3981 2266 4036 etiam
2314 3979 2564 4043 rubricas,
2593 3994 2714 4050 qua:
2753 3988 2866 4032 tum
2901 3977 3164 4042 minores,
3207 3986 3324 4031 tum
3358 3977 3546 4046 plures
3577 3981 3706 4030 sunt

455 4076 690 4118 numero
728 4076 893 4131 quam
926 4062 983 4117 in
1014 4061 1176 4118 codd.
1212 4063 1387 4119 Paris.
1417 4063 1557 4118 I706
1582 4074 1636 4120 et
1658 4064 1995 4122 Monacensi.
2030 4065 2281 4136 Scriptus
2313 4075 2398 4121 est
2426 4066 2515 4121 hic
2547 4065 2718 4120 codex
2763 4065 2816 4119 I°
2840 4073 3148 4119 atramento
3176 4062 3523 4127 ﬂavescentc,
3559 4060 3703 4132 quod

454 4149 658 4221 sapius
697 4151 939 4213 evanuit.
971 4150 1245 4220 praecipue
1277 4151 1331 4206 in
1377 4152 1524 4208 notis
1587 4153 1983 4224 marginalibus
2039 4164 2094 4210 et
2151 4156 2206 4211 in
2252 4156 2449 4211 litteris
2489 4155 2793 4210 initialibus
2830 4169 2952 4224 quae
2984 4153 3037 4207 in
3061 4153 3360 4222 marginem
3394 4152 3704 4207 interiorem

453 4239 596 4294 inter
624 4240 763 4295 duas
800 4239 975 4295 lineas
1009 4239 1153 4310 stylo
1184 4249 1436 4297 exaratos
1476 4241 1717 4311 positum
1751 4244 2029 4312 productas
2056 4254 2220 4313 sunt;
2249 4246 2339 4300 illa
2373 4244 2695 4316 marginalia
2741 4258 2870 4299 vero
2903 4244 3045 4297 inter
3079 4241 3375 4297 secundam
3403 4250 3461 4296 et
3491 4239 3711 4295 tertiam

450 4326 539 4383 vel
579 4336 880 4384 extremam
928 4336 1056 4384 sunt
1092 4336 1299 4393 notata,
1337 4327 1611 4384 interdum
1671 4345 1801 4387 vero
1835 4332 1919 4388 vel
1958 4333 2099 4388 intra
2146 4334 2346 4389 lineam
2394 4331 2736 4404 superiorem
2792 4330 3216 4387 transversalem
3249 4330 3333 4384 vel
3368 4344 3533 4398 supra
3566 4327 3711 4384 duas

450 4416 630 4474 lineas
670 4418 960 4475 inferiores
991 4426 1122 4474 sunt
1154 4427 1405 4474 exarata.
1441 4418 1692 4489 Nigriore
1726 4430 2034 4478 atramento
2062 4430 2116 4477 et
2140 4437 2169 4477 a
2202 4421 2442 4478 secunda
2481 4435 2671 4485 manu,
2702 4420 2935 4474 multum
2973 4418 3302 4480 recentiore,
3337 4418 3556 4485 scriptae
3582 4424 3711 4472 sunt

452 4503 862 4560 cmendationes
893 4507 1168 4560 nonnullae
1194 4508 1279 4561 vel
1309 4510 1709 4576 annotationes,
1751 4511 1870 4565 suis
1893 4511 2027 4566 locis
2062 4526 2091 4565 a
2120 4511 2279 4566 nobis
2302 4509 2485 4565 relatae
2517 4524 2605 4563 ex.
2649 4523 2701 4565 c.
2742 4507 2809 4580 ἢν
2870 4516 2997 4562 ante
3036 4506 3258 4577 ἡμέραν
3286 4519 3337 4572 ρ.
3369 4504 3495 4569 279;
3529 4502 3588 4557 2*
3620 4505 3715 4559 Iit-

452 4589 589 4645 teris
643 4590 999 4652 minusculis;
1029 4592 1085 4646 5·
1130 4592 1413 4659 spiritibus
1464 4596 1739 4658 rotundis,
1775 4599 2135 4666 apostrophes
2194 4599 2367 4667 signis
2414 4598 2615 4662 nullis;
2651 4597 2710 4651 4ο
2736 4616 2753 4650 ι
2789 4611 2888 4650 nec
2945 4595 3259 4663 subscripta
3303 4609 3404 4649 nec
3432 4593 3706 4663 ascripto;

452 4678 517 4734 5°
551 4680 771 4750 punctis
799 4687 853 4733 et
874 4678 1099 4749 virgulis
1148 4679 1445 4741 distinctis,
1474 4683 1566 4735 sed
1606 4683 1663 4736 6°
1695 4683 1859 4738 nullis
1888 4684 2331 4755 interrogationis
2358 4684 2572 4754 signis;
2605 4685 2708 4740 loci
2745 4684 2979 4738 aliorum
3014 4682 3345 4750 scriptorum
3377 4681 3432 4734 in
3462 4682 3715 4748 margine

453 4772 559 4823 hoc
596 4768 755 4837 signo
787 4765 1211 4836 >indicantur;
1254 4766 1310 4818 7°
1358 4776 1556 4836 puncta
1607 4783 1771 4838 super
1831 4787 1848 4823 ι
1900 4780 1955 4824 et
1991 4786 2023 4824 υ
2070 4785 2191 4824 rara
2235 4785 2326 4828 ex.
2361 4787 2447 4840 gr.
2491 4771 2806 4840 ὲκλῖπαρῶν
2855 4788 2909 4841 p.
2965 4769 3098 4834 282;
3134 4769 3191 4822 8⁸
3235 4767 3556 4836 compendia
3589 4767 3713 4834 plu-

451 4857 613 4923 rima,
640 4856 694 4909 in
729 4869 837 4910 una
863 4854 1054 4924 pagina
1079 4853 1208 4908 208·
1239 4853 1349 4910 fere
1383 4853 1444 4920 L,
1482 4871 1583 4911 nec
1612 4857 1731 4910 sine
1753 4858 1997 4926 periculo
2023 4858 2227 4913 erroris
2270 4859 2633 4924 resolvenda;
2663 4860 2719 4915 9°
2745 4878 2774 4912 ν
2797 4856 3205 4928 ephelcysticon
3249 4864 3376 4909 ante
3432 4866 3705 4909 eonsonas

451 4957 672 5016 quoque
698 4941 936 5010 ponitur.
973 4942 1061 4996 1οο
1084 4942 1321 4998 ltacismi
1350 4959 1566 5001 errores
1595 4944 2025 5015 frequentissimi

2106 4963 2159 5003 χ.
2194 4962 2275 5016 gr.
2310 4946 2547 5016 p.278,7
2579 4944 3198 5017 ἁντιχρήστου,οὑάλις,
3219 4944 3364 4998 sicut
3394 4952 3447 4997 et
3472 4942 3560 4996 -Il°
3592 4941 3701 4996 alia

452 5033 757 5102 sphalmata
786 5048 801 5095 ;
840 5029 913 5085 cI.
948 5046 1000 5101 p.
1032 5030 1225 5098 277,2,
1255 5031 1511 5085 ὲτελείτω
1540 5033 1843 5103 προσευχ’,
1875 5034 1907 5088 5
1934 5036 2051 5087 ὲκτε

2113 5037 2187 5104 ἧς,
2223 5037 2290 5090 14
2316 5038 2431 5099 τοῖς
2470 5064 2538 5075 -
2566 5035 2935 5099 Ναυατινούς,
2968 5033 3163 5097 286,11
3200 5030 3649 5093 καταπατοῦντας
3680 5045 3712 5084 a

451 5123 623 5192 prima
661 5136 826 5175 manu
861 5129 1191 5183 correctum,
1229 5121 1599 5189 superscripto
1624 5140 1669 5185 ε,
1707 5120 1909 5185 504,14
1938 5124 1965 5175 ὁ
2007 5123 2050 5175 θι

2112 5142 2129 5176 ι
2158 5124 2307 5194 δίκη.
2335 5124 2541 5185 505.15
2570 5124 2677 5177 τίνι
2708 5154 2779 5166 -
2809 5122 3119 5193 μεταϐολήν
3159 5121 3249 5175 12⁸
3272 5118 3437 5174 Multa
3467 5118 3521 5172 in
3562 5133 3711 5171 mar-

451 5212 575 5275 giue
604 5211 955 5266 inveniuntur
983 5209 1204 5278 aprima
1242 5224 1405 5264 manu
1447 5218 1631 5265 notata
1658 5226 1745 5264 ex.
1791 5227 1875 5279 gr.
1907 5212 1979 5282 Σή
2003 5231 2075 5262 .-_-
2095 5212 2409 5283 Σημείωται
2440 5214 2504 5266 ad
2540 5228 2592 5281 p.
2635 5212 2841 5271 27724
2873 5220 2927 5265 et
2946 5210 3113 5269 277,2
3142 5247 3159 5273 ,
3190 5217 3246 5264 et
3275 5207 3575 5277 srepissime
3611 5206 3714 5276 ὅρα

451 5299 640 5365 281,1,
680 5311 783 5356 elc.
813 5301 916 5372 ὅρα
950 5297 1011 5352 τὸ
1044 5295 1279 5351 ἐλεεινὸν
1307 5298 1370 5351 τὸ
1405 5298 1548 5366 μέγα
1579 5297 1738 5353 τοῦτο
1764 5298 1956 5362 288.6,
1978 5300 2080 5370 ὅρα
2107 5301 2201 5353 καὶ
2230 5300 2504 5366 φυλάττου
2536 5298 2647 5352 ἀπὸ
2679 5298 2789 5351 τῶν
2819 5298 3083 5352 τοιούτων
3104 5297 3329 5364 554,25,
3354 5298 3456 5367 ὅρα
3483 5293 3716 5364 φοϐερὸν

453 5385 675 5453 528,16,
701 5388 923 5442 nomina
958 5385 1348 5456 prophetarum
1383 5387 1437 5441 in
1473 5394 1625 5441 textu
1660 5384 2007 5441 laudatorum
2042 5390 2052 5439 ε

1406 5402 1437 5441 n
1473 5394 1625 5441 textu
1660 5384 2007 5441 laudatorum
2042 5388 2171 5451 295,
2206 5389 2273 5441 ὲκ
2311 5387 2406 5441 σοῦ
2447 5402 2546 5459 pro
2574 5386 2635 5451 ἐξ
2661 5381 2724 5441 οὗ
2751 5386 2879 5453 501,
2911 5386 3005 5441 20.

1854 5499 2129 5557 ΒᾹΣΕὈΙΛ
2159 5498 2298 5556 XIII.

524 5615 576 5669 7.
613 5614 745 5671 Cod.
784 5616 1099 5671 Parisienst's
1136 5618 1274 5673 I70I
1305 5636 1323 5669 ι
1365 5618 1840 5684 membranacens,
1871 5633 1979 5690 quo
2016 5618 2328 5673 continetur
2362 5615 2571 5691 Georgii
2607 5618 2854 5673 monachi
2888 5617 3191 5674 chronicon
3219 5613 3288 5669 ab
3323 5611 3456 5667 orbe
3484 5611 3712 5668 condito

454 5702 520 5757 ad
552 5711 793 5771 tempora
838 5718 1007 5773 usque
1048 5703 1299 5761 Maxentii
1327 5706 1457 5773 imp.
1502 5705 1580 5758 Ad
1638 5706 1841 5762 calcem
1874 5708 2119 5763 oceurrit
2175 5704 2469 5780 Nicephori
2524 5708 2841 5781 philosophi
2877 5714 3064 5779 caput,
3098 5702 3189 5758 ubi
3225 5699 3293 5756 de
3336 5700 3459 5757 Iiliis
3491 5694 3604 5781 Dei,
3642 5698 3710 5752 de

456 5788 763 5862 gigantibus
831 5791 895 5847 dc
937 5790 1163 5847 diluvio.
1212 5793 1257 5848 Is
1311 5794 1478 5849 codex
1505 5789 1625 5848 XIII
1665 5794 1723 5847 S"
1784 5805 2040 5855 cxaratus
2070 5796 2300 5855 videtur.
2341 5815 2358 5850 ς
2401 5793 2715 5868 (Catalogus
2748 5780 2907 5854 codl.
2951 5809 3058 5851 ms.
3095 5788 3227 5847 bibl.
3264 5785 3401 5858 Reg.
3440 5786 3500 5842 II.
3532 5780 3711 5841 I‘aris.
