4050 6220
301 333 364 397 20
1638 330 2227 394 PROLEGOMENA.
3476 340 3547 402 3o

303 439 405 491 ἀαδ
430 437 520 492 τοῦ
549 437 922 510 πατριάρχου.
972 440 1030 493 '0
1054 440 1098 493 δ’
1132 441 1296 504 αὑτ“ς
1330 442 1680 514 πατριάρχης
1713 443 1942 511 ἐποίησε
1968 443 2335 511 μοναστήριον
2366 442 2598 512 πλησίον
2630 443 2723 499 τοῦ
2754 443 2913 511 ἁγίου
2941 444 3165 500 Μωκεου
3193 446 3421 502 ιπισθςν
3449 454 3543 502 καὶ

299 526 547 580 ἐκάλεσεν
570 526 706 581 αὐτὸ
727 526 824 579 τοῦ
858 526 1118 591 Καυλέως
1150 528 1269 599 ἦτοι
1300 528 1601 594 Καύλαιος,
1632 529 2030 598 διαταξάμενος
2070 530 2297 583 κάκεῖσε
2326 530 2590 601 ταφῆναι.

1555 658 1772 732 [XXVI]
1826 658 2098 715 secum
2138 658 2277 716 XVI.

362 796 448 851 15.
486 793 621 849 Cod.
652 792 983 848 Parisiensis
1016 794 1151 849 1707
1188 813 1207 847 ι
1242 795 1427 852 Codex
1465 797 1792 853 chartaceus
1829 798 2342 863 Fonteblandcnsis,
2383 816 2493 870 quo
2546 802 2940 858 continentur:
2975 805 3026 858 l°
3055 804 3272 871 Georgii
3316 803 3543 856 Hamar-

293 885 390 939 toli
439 880 696 937 monachi
727 881 1029 935 chronicon
1077 891 1295 937 auctum
1359 894 1414 939 et
1458 884 1872 949 interpolatum.
1905 884 1981 939 lbi
2030 901 2155 954 pars
2209 894 2422 939 tantum
2474 889 2649 955 prima
2680 888 2989 950 exhibetur.
3023 904 3051 941 a
3090 888 3295 941 mundo
3350 901 3546 952 nempe

292 970 510 1026 condito
534 968 602 1022 ad
637 967 1004 1037 principatum
1036 983 1208 1037 usque
1244 967 1260 1021 Ι
1301 969 1555 1024 Caesaris.
1586 970 1838 1039 Capitum
1877 988 2093 1027 summa
2125 972 2396 1034 CCXCIII,
2420 973 2564 1027 unde
2595 973 2911 1029 deducenda
2948 984 3076 1030 sunt
3108 975 3287 1037 capita
3324 971 3542 1026 XXVIII

294 1057 580 1130 Symeouis
622 1055 801 1119 Setini,
831 1070 860 1107 a
887 1071 938 1109 c.
973 1071 1168 1125 nempe
1191 1055 1313 1109 XXI
1344 1058 1409 1110 ad
1439 1072 1489 1111 c.
1522 1056 1713 1122 XLIX,
1756 1060 1882 1114 item
1920 1061 2094 1127 capita
2121 1059 2343 1114 XXXIX
2380 1076 2407 1115 a
2440 1075 2490 1116 c.
2524 1060 2733 1116 CCLIV
2763 1063 2827 1115 ad
2860 1077 2910 1116 c.
2955 1060 3230 1122 CCXCIII.
3269 1075 3392 1129 quae
3434 1074 3542 1114 non

293 1154 419 1201 sunt
447 1143 687 1213 Georgii,
715 1142 808 1197 sed
833 1142 1074 1196 auctoris
1102 1142 1328 1210 incerti;
1363 1160 1537 1214 neque
1569 1147 1755 1199 ultima
1784 1162 1879 1202 sex
1901 1147 1967 1201 ad
1999 1150 2310 1203 institutum
2338 1152 2630 1218 pertinent.
2657 1150 2817 1203 Initio
2843 1151 3084 1204 occurrit
3118 1151 3275 1202 inde:
3306 1153 3542 1217 capitum

297 1250 405 1289 non
433 1233 626 1300 prima:
653 1230 849 1292 solum.
886 1229 978 1284 sed
1010 1240 1063 1285 et
1108 1234 1363 1286 secunda:
1414 1234 1608 1303 partis.
1647 1233 1881 1288 Iudicem
1937 1237 2187 1305 sequitur
2246 1238 2424 1292 brevis
2467 1238 2712 1306 epilogus
2746 1253 2777 1291 e
2817 1238 3136 1307 praefatione
3164 1236 3543 1303 Theophanis,

292 1321 387 1390 qui
422 1318 916 1385 chronograpbiam
946 1332 1098 1372 snam
1127 1318 1252 1373 inde
1280 1335 1439 1375 orsus
1469 1330 1554 1375 est
1584 1322 1671 1373 ubi
1705 1320 1867 1374 desiit
1891 1323 2193 1392 Syncelius.
2225 1324 2303 1376 Ad
2332 1324 2534 1377 calcem
2576 1339 2705 1377 vero
2739 1335 3093 1379 accesserunt
3118 1335 3369 1392 excerpta
3403 1324 3543 1385 tria;

294 1409 524 1480 primunt
566 1408 630 1461 de
661 1405 899 1461 Caesaris
937 1408 1180 1475 nomine,
1214 1410 1513 1463 secundum
1540 1409 1608 1465 de
1639 1408 1910 1464 Ptolemaei
1950 1406 2285 1473 Philadelphi
2318 1407 2620 1476 quaestione
2651 1408 2715 1460 ad
2751 1406 2806 1461 S.
2833 1407 3171 1477 Scripturam
3216 1408 3544 1476 pertinente,

294 1498 506 1550 tertium
536 1493 607 1548 de
629 1508 774 1563 equo
802 1493 1040 1548 Caesaris
1065 1494 1349 1550 dictatoris
1378 1496 1561 1551 lissam
1596 1498 1855 1564 ungulam
1891 1495 2140 1548 habente.
2164 1493 2221 1546 2°
2240 1493 2530 1563 Nicephori
2556 1494 2837 1549 Choniata
2859 1496 3109 1557 annales,
3135 1510 3298 1548 manu
3325 1494 3541 1548 diversa

289 1597 457 1651 caque
497 1581 684 1635 minus
724 1580 999 1648 elegante.
1028 1581 1077 1635 ls
1109 1582 1280 1637 codex
1308 1581 1367 1636 S°
1396 1582 1515 1636 XVI
1538 1594 1794 1639 exaratus
1825 1583 2060 1637 videtur.
2092 1600 2111 1633 ι
2142 1580 2362 1637 Titulus
2410 1582 2554 1637 idem
2621 1583 2713 1653 qui
2751 1583 2803 1637 in
2841 1582 3077 1649 η⁰1704,
3106 1583 3346 1653 capitum
3383 1580 3545 1638 index

293 1671 531 1725 diversus
564 1685 596 1723 a
639 1667 740 1721 N".
781 1669 923 1723 1705
954 1679 1005 1723 et
1040 1668 1179 1723 1706
1217 1682 1271 1724 et
1300 1670 1444 1726 Lion.

359 1757 441 1812 16.
471 1755 607 1811 Cod.
642 1753 973 1809 Parisiemis
1006 1756 1145 1810 1708
1182 1774 1202 1808 ι
1232 1757 1401 1813 codex
1445 1759 1792 1825 chartaceus,
1826 1758 2654 1817 Fonteblandensis—sccunda
2689 1776 2816 1832 pars
2845 1777 2871 1815 a
2906 1761 3166 1816 [Caesare
3189 1761 3258 1816 ad
3291 1760 3541 1816 Alexium

289 1860 453 1913 usque
489 1844 870 1899 Comnenum.
921 1862 940 1896 ι
978 1873 1045 1886 —-
1076 1842 1335 1899 Ultimum
1368 1856 1531 1915 caput
1567 1846 1745 1916 βασιλ.
1770 1847 1862 1901 τοῦ

863 1884 870 1898 .
921 1862 940 1896 ι
978 1873 1045 1886 —-
1076 1842 1335 1899 Ultimum
1368 1856 1531 1915 caput
1567 1846 1745 1916 βασιλ.
1770 1847 1862 1901 τοῦ
1893 1849 2138 1917 Κομνην.
2196 1846 2462 1910 Ἀλεξίου.

358 1933 439 1987 17.
472 1931 544 1987 Μ.
573 1933 629 1986 2.
665 1933 838 1986 codex
867 1930 1200 1986 Monacensis
1228 1936 1505 1989 secundus
1532 1934 1608 1988 N°
1636 1938 1757 2001 159,
1791 1935 1988 1989 Boicus
2024 1935 2103 1987 vel
2135 1934 2431 1987 Bavaricus
2468 1949 2485 1983 ι
2523 1948 2696 1999 usque
2737 1934 2802 1987 ad
2838 1933 3119 2009 Basiliutn
3170 1931 3546 2003 [Michaclem}

292 2022 671 2091 imperatorem
730 2018 1111 2074 llamartolum
1171 2020 1409 2089 praefert.
1445 2033 1635 2091 postea
1691 2023 2045 2091 Logothetam
2086 2041 2105 2074 ι
2146 2021 2438 2091 (Raderus)
2491 2039 2510 2073 ι
2549 2036 2725 2090 usque
2775 2022 2842 2075 ad
2904 2022 3211 2077 Romanum
3261 2021 3281 2075 ι
3330 2020 3544 2089 (Hardt,

292 2108 541 2179 Beitrmge
572 2109 730 2173 1807,
766 2106 860 2174 VI,
895 2108 1021 2175 295)
1051 2127 1068 2159 ι
1114 2124 1288 2179 usque
1315 2110 1381 2164 ad
1413 2110 1698 2179 imperium
1721 2110 2089 2173 Constantini,
2123 2109 2321 2165 Leonis
2354 2110 2447 2163 ﬁlii
2480 2128 2498 2162 ι
2540 2109 2817 2177 (Bandini,
2844 2120 2951 2166 cat.
2986 2111 3147 2174 mss.)
3181 2128 3198 2159 ι
3237 2108 3417 2163 eadem
3443 2123 3551 2178 qua

294 2199 629 2266 Augustam;
653 2213 846 2258 manu.
872 2198 1066 2251 charta
1110 2197 1264 2250 iirma
1296 2204 1351 2250 et
1378 2197 1652 2266 Irevigata,
1685 2198 1858 2252 titulis
1888 2206 1941 2251 et
1983 2198 2283 2253 initiaiibns
2308 2199 2479 2252 minio
2508 2200 2804 2261 distinctis,
2849 2200 3044 2254 litteris
3075 2192 3300 2253 minutis
3339 2205 3394 2250 et
3421 2212 3548 2251 cum

290 2286 724 2339 correctionibus
747 2283 1163 2352 marginalibus,
1201 2284 1256 2337 itt
1285 2283 1346 2348 I",
1374 2283 1624 2339 foliorum
1661 2285 1785 2350 Hi,
1813 2284 2044 2352 scriptus
2078 2285 2391 2354 Epidauria
2422 2285 2650 2340 Nicolao
2684 2286 2945 2342 Choniate
2975 2285 3038 2359 [1⁸.
3061 2285 3199 2340 556b
3221 2301 3236 2339 :
3257 2284 3553 2354 Τετερμάο

291 2390 451 2426 notat
477 2372 548 2441 ἢν
590 2372 750 2442 ὁρᾷς,
778 2370 927 2440 φίλε,
953 2370 1136 2434 δέλτος
1173 2371 1231 2423 ἐν
1280 2374 1345 2443 τῇ
1374 2371 1626 2443 δυστυχεῖ
1670 2373 1823 2426 πόλει
1880 2373 1981 2441 τῆς
2025 2373 2375 2443 Ἐπιδαύρου.
2404 2373 2551 2444 πόνῳ
2598 2374 2654 2427 δὲ
2682 2374 2952 2428 Νικολάου
2982 2391 3043 2426 τε
3068 2372 3166 2426 τοῦ
3197 2368 3546 2442 Χωνιάτου];

290 2460 493 2514 lacunis
525 2460 781 2522 mutilus,
824 2461 885 2513 S.
929 2457 1074 2521 XVI,
1109 2460 1314 2529 optime
1347 2470 1702 2516 conservatus
1735 2460 1887 2529 (Hart

1944 2474 1949 2519 ι
1987 2471 2041 2516 et
2095 2463 2390 2533 inscriptus
2427 2465 2704 2535 Γεωργίου
2760 2461 3094 2534 ἁμαρτωλοῦ
3148 2461 3257 2515 ἀπὸ
3286 2462 3543 2523 κτίσεως.

290 2561 323 2597 α
344 2543 705 2617 [εμοναχοῦ]
733 2546 826 2598 καὶ
852 2545 1151 2613 συγκέλλου
1181 2546 1653 2617 χρηματισθέντος
1688 2547 1780 2599 ἐπὶ
1813 2548 2114 2619 Ταρασίου,
2154 2552 2318 2621 μέχρι
2341 2551 2441 2621 τῆς
2469 2550 2751 2619 βασιλείας
2776 2549 3198 2604 Κωνσταντίνου
3230 2548 3349 2601 υἱοῦ
3380 2549 3549 2601 Λέον-

290 2649 378 2695 τος
403 2632 440 2687 f.
469 2634 527 2686 1⁸
546 2633 823 2703 Γεωργξου
852 2634 1148 2700 συγκέλλου
1181 2635 1458 2702 Ταρασίου
1481 2634 1575 2687 τοῦ
1599 2636 1907 2703 ἁγιωτάτων
1935 2639 2275 2709 πατριάρχου
2304 2655 2393 2708 χρ.
2430 2656 2576 2692 συντ.
2607 2640 2669 2691 ὲκ
2696 2638 2742 2693 δ.
2765 2655 2851 2709 χρ.
2869 2638 2961 2691 καὶ
2981 2637 3059 2701 ἐξ.
3080 2636 3230 2689 συλλ.
3264 2636 3359 2689 καὶ
3399 2651 3550 2689 συντ.

294 2721 400 2775 ὕπὸ
436 2720 718 2790 Γεωργίου
744 2721 1098 2790 άμαρτωλοῦ.
1125 2721 1312 2785 Πίναξ.
1333 2723 1499 2792 ἀρχὴ,
1518 2732 1646 2787 etc.,
1676 2722 1856 2777 tabula
1887 2745 1893 2772 ι

1952 2739 2051 2778 tam
2082 2741 2210 2779 cura
2243 2725 2546 2780 doctissimi
2571 2723 2763 2779 Taielii
2794 2733 3042 2778 nostrum
3071 2724 3123 2777 in
3155 2737 3315 2777 usum
3342 2720 3551 2775 deseri-

290 2820 435 2878 ptam
464 2809 529 2863 ad
569 2808 773 2862 calcem
808 2808 969 2877 hujus
1001 2808 1336 2877 praafationis
1382 2811 1726 2865 exhibemus.
1770 2809 1885 2865 lloc
1916 2827 1947 2866 e
1980 2815 2167 2869 codice
2200 2815 2335 2869 1607
2383 2816 2644 2885 Augusta:
2689 2816 2743 2869 in
2792 2816 2846 2870 8°
2886 2814 3130 2869 ediderat
3176 2813 3270 2872 Mt.
3303 2813 3551 2867 Raderus

291 2898 584 2967 Syntagtna
610 2896 676 2950 de
706 2904 852 2949 Statu
913 2897 1256 2950 morientimn
1294 2897 1410 2968 [pp.
1444 2897 1709 2969 578-587]
1748 2913 1815 2952 ex
1864 2914 2000 2963 mss,
2048 2901 2207 2954 codd.
2264 2902 2618 2957 Maximiliani
2684 2913 2738 2957 et
2782 2905 3018 2972 August.
3068 2900 3542 2970 depromptum,'t

292 2992 484 3053 postea
509 2981 645 3038 16H
679 2982 950 3036 Monacbii
980 2982 1036 3037 8°
1079 2985 1313 3052 repetiit.
1342 3001 1553 3041 necnon
1584 2985 1729 3055 quod
1787 2986 1980 3053 legitur
2012 2985 2066 3040 in
2101 2990 2563 3042 Annotationibus
2612 2989 2680 3042 ad
2741 2988 3064 3042 Viridarium
3121 2988 3225 3042 SS.
3266 3002 3296 3040 e
3330 2986 3549 3041 Memeis

292 3073 609 3125 Graecorum
639 3070 1002 3139 fragmentum
1035 3069 1287 3124 Latinum
1334 3073 1403 3127 de
1426 3074 1689 3129 miraculo
1724 3073 1869 3128 facto
1900 3074 1953 3128 in
1987 3074 2124 3129 urbe
2166 3073 2497 3145 Carthagine
2545 3077 2649 3128 sub
2690 3075 2921 3139 imperio
2956 3072 3189 3126 Heraclii
3222 3069 3546 3142 [575-578].

294 3157 581 3213 Lectiones
615 3161 890 3212 variantes
932 3158 1167 3211 vitarum
1226 3159 1571 3213 Constantini
1612 3160 1704 3220 Μ..
1733 3161 2042 3215 Constantii
2074 3171 2127 3215 et
2160 3159 2362 3216 Juliani
2427 3163 2504 3233 (p.
2556 3160 2983 3229 389.1-45l,l6)
3029 3174 3059 3213 a
3089 3156 3415 3213 doctissimo
3448 3155 3551 3210 Mi-

296 3246 587 3301 klositcbio
612 3247 677 3300 ad
712 3257 919 3299 textum
958 3244 1429 3301 Vindobonensem
1466 3248 1777 3317 exscriptas
1808 3248 2138 3303 humanitati
2185 3248 2434 3313 eiusdem
2479 3249 2579 3303 viri
2622 3249 2909 3304 debemus.
2947 3246 3057 3301 Nos
3098 3261 3218 3299 vero
3262 3243 3544 3314 prologum

297 3334 618 3387 contulimus
640 3344 687 3388 et
719 3336 891 3401 prima
920 3341 1090 3385 textus
1118 3335 1369 3387 vocabula
1403 3350 1578 3404 usque.
1611 3337 1675 3390 ad
1709 3336 1838 3397 5.9.5
1868 3352 1896 3390 e

1955 3336 2115 3391 linem
2145 3337 2345 3398 815,19
2377 3336 2621 3406 ἀπετέθη
2650 3338 2809 3406 μονῇ.
2840 3336 2913 3389 De
2939 3335 3141 3403 quibus
3172 3331 3544 3402 Appendicem

302 3422 530 3476 consule
560 3423 823 3476 variantes
853 3420 1198 3474 exhibentem
1236 3421 1479 3488 ejusdem
1528 3424 1731 3491 operis,
1776 3439 1885 3477 non
1947 3440 2077 3479 vero
2122 3426 2468 3480 diversarum
2527 3424 3095 3495 chronographiarum
3130 3421 3415 3475 lectiones.
3457 3417 3544 3473 Cf.

302 3510 475 3564 ctiam
509 3509 631 3571 5H.
672 3510 735 3564 18
762 3512 840 3578 ἐφ’
864 3503 931 3575 ᾧ,
953 3508 1025 3562 ευ
1052 3509 1269 3577 εἴρηκε.
1296 3510 1360 3564 21
1422 3513 1619 3582 ἐρῤυπ.
1656 3513 1901 3568 Raderus

1951 3514 2169 3583 quidem
2214 3513 2302 3586 (ad
2335 3513 2535 3568 Nicetze
2591 3514 2768 3566 Vitam
2807 3512 3021 3582 Ignatii,
3054 3508 3371 3579 ingolstadii
3411 3506 3550 3561 16H.

295 3598 532 3664 editam)
567 3600 800 3665 perhibet
839 3597 1223 3656 Hamartoium
1256 3601 1532 3654 diversum
1560 3616 1682 3654 esse
1729 3616 1758 3654 a
1802 3600 2040 3669 Georgio
2080 3598 2326 3668 Syncello
2358 3600 2634 3668 (codicum
2669 3598 2932 3654 Palatinae
2963 3598 3220 3652 Boiorum
3254 3607 3307 3649 et
3360 3596 3552 3664 Augu-

288 3698 467 3741 stanae
495 3688 886 3757 bibliothecae);
920 3692 1015 3744 sed
1059 3690 1199 3745 falso
1229 3689 1281 3743 bi
1307 3688 1526 3743 codices
1562 3704 1683 3741 eum
1724 3686 2038 3759 Syncellum
2081 3687 2390 3751 nominant,
2419 3702 2544 3741 cum
2596 3688 2743 3740 hunc
2792 3687 2970 3740 solum
3005 3684 3258 3739 noverint
3304 3681 3546 3738 chrono-

290 3776 583 3845 graphum.
611 3776 876 3831 Praeterea
906 3780 1031 3845 jure
1059 3779 1286 3832 adnotat
1314 3776 1568 3839 Allatius,
1603 3794 1621 3826 ι
1659 3773 1965 3829 Discrimen
2000 3782 2180 3827 tamen
2212 3774 2352 3827 inter
2375 3788 2469 3827 eos
2511 3775 2720 3827 nullum
2756 3771 3000 3826 adducit.
3036 3791 3055 3823 ι

282 3908 283 3911 η
362 3863 454 3916 18.
482 3861 619 3917 Cod.
651 3863 1010 3919 Baroccianus
1045 3864 1121 3919 N°
1159 3865 1281 3925 191.
1309 3865 1656 3924 chartaceus,
1689 3861 1946 3915 foliorum
1977 3862 2045 3916 55
2073 3862 2176 3933 (?);
2211 3862 2416 3931 absque
2440 3863 2555 3915 ulto
2583 3862 2665 3915 vel
2705 3861 2926 3915 nomine
2964 3859 3210 3914 auctoris
3253 3857 3335 3912 vel
3364 3857 3551 3924 operis

291 3950 452 4004 titulo
475 3950 556 4005 sic
580 3952 775 4020 incipit
801 3969 815 4005 :
845 3952 1039 4005 Πολλοὶ
1067 3952 1177 4005 τῶν
1213 3951 1318 4015 ἔξω
1347 3949 1630 4019 φιλόσοφοι
1669 3950 1764 4001 καὶ
1798 3947 1890 4016 φιλ

1953 3967 2098 4017 .ογοι,
2126 3968 2179 4003 κ.
2204 3967 2257 4003 τ.
2282 3949 2331 4003 λ.
2366 3946 2607 4020 |XXV|I]
2657 3948 2921 4018 Excerpta
2970 3948 3212 4001 continet
3252 3961 3282 4000 e
3311 3944 3411 3999 Ge.
3446 3942 3552 3997 Ha—

289 4039 510 4091 niartoli
540 4040 823 4101 cbronico.
865 4039 1007 4093 edita
1052 4041 1105 4093 in
1142 4039 1385 4094 Cramcri
1431 4047 1470 4089 t.
1503 4032 1571 4088 Ν
1618 4034 2045 4089 Anecdotorum.
2078 4036 2323 4098 Oxoniae,
2361 4053 2413 4104 p.
2441 4034 2710 4095 218-246.
2742 4035 2838 4089 scl.
2875 4052 2904 4088 a
2940 4033 3064 4087 libri
3110 4030 3273 4101 primi
3300 4030 3476 4098 capite
3508 4028 3552 4081 II

290 4140 342 4192 p.
378 4127 431 4190 7,
474 4127 514 4181 Ι.
542 4125 636 4189 24,
673 4142 847 4195 usque
879 4129 945 4181 ad
982 4128 1101 4181 libri
1140 4125 1364 4182 secundi
1398 4134 1561 4194 caput
1589 4122 1728 4184 Vlll.
1760 4138 1814 4191 p.
1851 4125 1942 4186 59,
1972 4125 2007 4179 I.
2040 4124 2131 4182 25.
2157 4123 2444 4179 Lectiones
2471 4123 2691 4193 optimae
2729 4133 2868 4177 notae
2897 4122 2965 4176 ab
2996 4121 3063 4173 iis
3088 4136 3227 4190 quas
3256 4134 3286 4173 e
3321 4117 3467 4172 Mon.
3500 4126 3554 4170 et

287 4212 466 4284 Husq.
504 4217 662 4272 codd.
698 4217 997 4280 edidimus,
1037 4218 1414 4286 discrepantes
1460 4214 1579 4268 vide
1608 4214 1663 4267 in
1698 4214 1999 4283 appendice
2035 4215 2103 4267 ad
2148 4230 2200 4283 p.
2248 4209 2909 4277 8,2—8.ii,50—-30,H;
2946 4207 3307 4272 “ﬁt-45,1;
3357 4204 3553 4265 52.95-

292 4302 382 4369 59,
415 4304 509 4357 24.

363 4393 460 4455 15.
505 4395 552 4445 1.
588 4394 773 4456 Πάλας
827 4394 924 4447 καὶ
989 4393 1227 4463 καθεξῆς
1282 4392 1446 4463 μέχρι
1492 4390 1602 4445 τῶν
1635 4388 1946 4444 κτιτὰντων
1970 4388 2068 4457 τὴν
2131 4387 2352 4456 Ῥώμην
2394 4386 2489 4438 καὶ
2520 4381 2963 4455 βασιλευσάντων
3006 4380 3063 4431 ὲν
3110 4376 3283 4446 αὐτῇ·
3314 4370 3456 4447 ἦσαν
3490 4372 3549 4426 δὲ

288 4473 434 4532 οὗτοι
464 4481 523 4531 ἐν
546 4482 661 4543 τοῖς
690 4482 903 4549 χρόνοις
945 4482 1114 4551 Ἀχὰξ
1143 4481 1238 4533 τοῦ
1282 4480 1544 4550 βασιλέως
1583 4478 1876 4531 Ἰουδαίων.
1913 4476 2103 4538 Οὕτως
2131 4476 2225 4528 καὶ
2262 4476 2310 4527 0i.
2355 4474 2636 4543 Ἀσσύριοι
2663 4467 2927 4539 βασιλεῖς.

364 4568 454 4631 Η,
490 4568 567 4622 9?
599 4570 768 4639 Ἀρχὴ
793 4568 901 4621 τῶν
918 4570 1283 4639 Φαραωνίτων
1306 4568 1597 4639 βασιλέων.
1618 4594 1689 4607 -—
1716 4565 1808 4626 '50,
1849 4561 1914 4617 15
1940 4576 1956 4627 ;
1981 4560 2074 4622 14,
2108 4557 2199 4611 21.

360 4672 448 4726 19.
482 4675 798 4728 Ozoniensis
829 4674 844 4727 I
880 4673 964 4742 (F.
1001 4674 1055 4738 6,
1086 4673 1200 4741 26),
1237 4672 1588 4743 llumphredo
1622 4670 1796 4724 I‘lodio
1824 4668 1875 4720 in
1911 4662 2309 4735 prolegomenis
2343 4662 2407 4716 ad
2442 4660 2689 4716 Maielam
2720 4658 2827 4731 (ed.
2881 4657 3051 4712 Bonn.
3102 4653 3339 4723 LXXIII)
3381 4670 3555 4724 usque

284 4762 354 4814 ad
394 4771 625 4815 mortem
658 4762 934 4817 Michaelis
966 4762 1029 4815 Ill
1073 4762 1290 4817 extendi
1317 4763 1534 4822 dicitur,
1572 4761 1665 4813 sed
1699 4758 1770 4813 cf.
1806 4754 2113 4811 Fabricium
2146 4749 2260 4817 (Vl,
2298 4751 2419 4813 154.
2451 4751 2579 4818 555)
2606 4768 2618 4803 :
2643 4767 2663 4801 ι
2702 4749 2846 4805 Idem
2888 4760 2969 4803 est
3003 4750 3196 4800 horum
3234 4743 3553 4811 (Excerpto-

287 4848 435 4913 runt)
465 4849 679 4901 initium
742 4865 866 4903 cum
926 4851 1083 4904 initio
1114 4850 1568 4919 chronographim
1606 4846 1823 4910 Georgii
1867 4842 2167 4898 Ilamartoli
2200 4841 2344 4910 quod
2385 4856 2414 4892 e
2444 4840 2635 4893 codice
2675 4855 2781 4894 ms.
2813 4854 2842 4893 a
2879 4837 2942 4891 L.
2981 4837 3183 4889 Allatio
3217 4836 3268 4886 in
3306 4832 3549 4884 Diatriba

284 4932 365 4988 De
402 4934 640 5005 Georgii:
697 4938 987 4992 exhibetur
1024 4918 1352 5007 ιΧρονικδνί
1407 4936 1674 5006 σύντομον
1750 4935 1814 4986 ἑκ
1866 4935 1883 4986 ε

1960 4936 2140 5002 φῖρων
2207 4930 2600 5001 χρονογράῳων
2681 4946 2739 4982 τε
2812 4929 2907 4983 καὶ
2967 4925 3246 4996 ἐξηγητῶν
3297 4918 3555 4986 omne.

286 5024 388 5073 καὶ
427 5024 688 5076 συντεθὲν
717 5025 820 5078 ὑπὸ
848 5026 1124 5093 Γεωργίου
1162 5024 1494 5097 ἀμαρτωλοῦ
1532 5021 1791 5093 μοναχοῦ.
1825 5022 2015 5083 Βίϐλος
2054 5021 2321 5090 γενέσεως
2351 5013 2711 5090 ἀνθρώπωνῇ
2739 5019 2927 5087 ἡμέρᾳ.
2951 5016 3189 5069 ἔπλασεν
3219 5014 3247 5065 ὁ
3286 5010 3425 5071 Θεὸς
3456 5007 3551 5060 τὸν

300 5110 479 5182 Ἀδάμ
508 5114 632 5166 κατ’
656 5114 843 5168 εἰκόνα
869 5116 961 5167 καὶ
980 5114 1245 5181 ὁμοίωσιν
1280 5113 1445 5168 αὑτοῦ
1468 5129 1481 5143 ·
1512 5115 1540 5166 ὁ
1566 5112 1623 5165 δὲ
1669 5110 1842 5177 Ἀδὰμ
1876 5111 1899 5161 ὲ

1949 5109 2170 5176 ἐκίνησεν
2225 5107 2376 5169 υἱοὺς
2403 5104 2471 5174 γ’.
2510 5105 2698 5173 Neque
2763 5109 2940 5159 solum
2979 5118 3043 5155 ex
3093 5100 3249 5154 initio
3298 5102 3548 5164 apparet,

284 5180 483 5253 rerum
521 5202 683 5257 etiam
717 5218 746 5256 e
792 5180 1139 5268 Praefatimte,
1178 5203 1335 5257 initio
1369 5204 1422 5255 in
1450 5202 1639 5257 codice
1671 5216 1774 5255 ms.
1805 5198 1936 5272 [non
1984 5211 2113 5250 vero
2163 5194 2500 5249 Barocciano
2535 5191 2607 5245 N°
2654 5192 2775 5253 104,
2821 5192 3136 5249 chartacco,
3172 5184 3212 5238 I'.
3245 5187 3339 5272 νγ⁹Δ
3360 5180 3551 5233 πολλοὶ

281 5286 399 5337 τῶν
427 5288 533 5351 ἔξω
562 5290 1053 5360 φιλοσόφων-τὰ
1110 5292 1286 5346 πάντα
1332 5289 1521 5363 ἔϐησε]
1583 5290 1728 5345 unde
1771 5270 1871 5344 sua

1960 5283 2291 5338 lhilmeadus
2353 5280 2669 5351 descripsit,
2728 5278 3034 5350 praemissa,
3078 5288 3199 5343 qua:
3244 5270 3554 5363 cadem_est

282 5377 538 5442 omnino,
577 5356 747 5447 quam
768 5356 989 5434 ibidem
1020 5382 1173 5450 ponit
1205 5356 1439 5433 Allatius
1472 5356 1535 5433 ei:
1565 5379 1804 5448 Georgio
1831 5374 2178 5428 Ilamartolo.
2208 5400 2278 5413 -—-
2310 5370 2385 5426 Ex
2415 5371 2604 5425 eodem
2640 5370 2804 5424 etiam
2839 5366 3108 5433 Excerpta
3140 5359 3410 5415 dederunt
3440 5356 3552 5413 Leo

283 5462 524 5518 Allatius
552 5469 605 5519 in
648 5467 790 5520 libro
837 5468 903 5522 de
941 5466 1311 5523 Ecclesiarum
1344 5468 1712 5522 consensione
1743 5464 1799 5537 [ο
1834 5465 1994 5521 codd.
2029 5461 2202 5534 Vat.],
2236 5461 2323 5516 .lo.
2362 5461 2633 5517 Meursius
2688 5461 2740 5515 in
2775 5459 3044 5530 glossario
3090 5453 3553 5510 Graeco-barbaro

280 5559 339 5601 et
373 5548 700 5611 Dufresuius
759 5559 811 5611 in
839 5557 1108 5628 glossario
1140 5556 1329 5612 mediae
1359 5565 1412 5609 et
1449 5556 1650 5609 intima:
1681 5554 2011 5618 Grcecitatis,
2047 5563 2122 5617 et,
2149 5552 2279 5611 nisi,
2312 5566 2397 5605 me
2434 5550 2572 5604 fallit
2595 5550 2882 5609 memoria.
2920 5547 2975 5602 in
3002 5544 3158 5601 Notis
3210 5543 3277 5599 ad
3311 5542 3552 5598 Annales

276 5629 368 5689 Io.
412 5637 659 5698 Zouarae.
690 5642 763 5698 De
801 5660 889 5708 eo.
921 5644 1013 5715 qui
1049 5646 1202 5715 plura
1237 5644 1417 5707 vellet.
1456 5644 1617 5697 adeat
1658 5669 1732 5689 --
1766 5642 2069 5697 Diatribam
2108 5648 2356 5695 nostram
2387 5638 2453 5694 de
2490 5638 2855 5708 scriptoribus
2881 5634 3087 5693 Graecis
3130 5635 3320 5696 variis,
3366 5632 3457 5687 ubi
3482 5659 3549 5671 -

282 5728 634 5801 castigantur
670 5732 964 5789 Allatiana.
996 5732 1067 5790 De
1104 5733 1195 5789 ilIo
1229 5732 1314 5789 hic
1338 5732 1440 5789 loci
1467 5732 1569 5790 hoc
1597 5731 1774 5787 solum
1811 5731 2159 5802 subiungam,
2184 5728 2386 5784 vixisse
2438 5741 2561 5783 eum
2595 5726 2784 5784 eodem
2819 5741 2942 5782 cum
2976 5723 3164 5781 Malela
3191 5722 3411 5788 szeculo,
3436 5720 3549 5801 [Le-
