4094 6212
328 342 409 407 65
1533 346 1998 407 CHRONICON.
2038 371 2110 383 -
2147 348 2293 410 LIB.
2338 350 2389 410 Ῑ.
3511 357 3583 422 ϐϐ

335 457 516 527 μαίων
554 460 810 526 σειομένη
846 458 941 510 καὶ⁵
966 456 1016 509 οι
1049 456 1211 527 δῆμοι
1242 458 1423 511 αὐτῶν
1455 459 1513 489 ’κ’
1528 460 1650 513 καθ’
1685 461 1894 514 ἑαυτοὺς

2017 461 2119 516 dite
2146 462 2330 517 nullus
2358 462 2481 517 linis
2523 473 2665 518 esset
2696 466 3105 534 sciscitaturus;
3158 468 3347 540 Pythia
3402 470 3581 527 haereo

329 545 670 609 στασιάζειν,
714 546 777 611 ἐξ
823 540 885 601 οὗ
922 548 1027 618 ιθ
1069 566 1131 601 τε
1170 548 1263 601 τὸν
1305 548 1435 601 ἴδιον
1489 550 1715 618 ἀδελφὸν
1768 552 1894 604 ἀνεῖι

2016 556 2292 623 respondit
2317 570 2331 607 :
2357 574 2373 606 ι
2417 555 2578 620 Urbs,
2608 564 2661 610 te
2686 557 2827 621 vivo,
2877 558 3205 614 factionibus
3244 564 3433 631 agitari
3470 580 3581 619 non

323 638 416 691 λεν
455 638 524 690 ⁸⁸.
560 637 729 691 Ὅθεν
784 639 1071 710 ἀπορήσας
1101 641 1195 693 καὶ
1238 640 1318 703 είς
1364 640 1425 693 τὸ
1461 644 1713 711 μαντεῖον
1744 642 1894 694 άπελ·

2011 645 2281 708 cessabit,
2336 647 2509 701 donec
2538 647 2705 702 frater
2744 657 2871 703 tuus
2902 651 3100 704 solium
3142 654 3349 723 regium
3392 664 3579 710 tecum

324 725 437 779 θὼν
466 728 568 780 καὶ
604 728 989 798 ἐπερωτήσας,
1012 728 1080 781 δι’
1115 729 1181 799 ἢν
1210 729 1391 782 αἰτίαν
1416 729 1669 799 διηνεκὴς
1704 730 1888 798 γίνετα

2011 746 2289 804 occupet.»
2313 735 2477 791 Facta
2505 738 2665 807 igitur
2684 754 2750 793 ex
2772 754 2907 793 auro
2924 740 3106 795 fratris
3128 742 3298 810 effigie
3320 740 3585 799 etsecun-

327 819 581 887 σεισμὸς,
603 818 810 889 ἐρρέθη
852 819 1002 890 αύτῷ
1044 819 1195 890 παρὰ
1228 820 1329 890 τῆς
1372 821 1579 884 Πυθίας
1612 823 1658 853 ⁸⁸
1700 822 1872 885 οὕτως

2012 826 2139 879 dum
2191 828 2397 883 oraculi
2426 838 2626 883 sortem
2672 830 2724 884 in
2779 832 2977 887 throno
2999 835 3195 902 posita,
3226 851 3309 889 res
3357 840 3585 892 turbata:

334 926 354 958 ι
388 909 454 961 Et
490 910 566 980 μὴ
594 910 939 980 συγκαθήσει
969 926 1051 963 σοι
1086 912 1114 963 ὁ
1151 910 1381 973 ἀδελφός
1413 927 1507 963 σου
1550 912 1609 963 ὲν
1638 911 1717 981 τῷ
1753 911 1894 979 βασι-

2014 914 2066 967 in
2102 916 2389 985 pristinum
2413 919 2656 973 ordinem
2684 921 2979 976 redierunt.
3012 924 3101 978 Sic
3135 926 3299 994 igitur
3330 941 3435 978 una
3458 942 3581 979 cum

330 999 470 1071 λικῷ
492 1001 692 1071 θρόνῳ,
721 1002 784 1055 οὐ
830 1002 907 1072 μὴ
937 1000 1124 1072 παύσῃ
1153 1000 1247 1054 τοῦ
1298 1002 1539 1054 σείεσθαι
1583 1004 1616 1072 ὴ
1654 1004 1809 1065 πόλις
1848 1005 1894 1055 ἐι

2016 1007 2183 1061 fratre
2214 1023 2380 1063 aureo
2412 1012 2674 1079 regnavit,
2721 1023 2775 1066 et
2827 1015 3088 1084 quidquid
3122 1018 3418 1081 mandavit,
3443 1035 3586 1073 sem-

334 1091 460 1153 ταῖς
512 1091 749 1161 ἡμέραις
807 1106 923 1154 σου,
984 1090 1106 1143 ουδὲ
1162 1090 1333 1161 δῆμος
1384 1092 1425 1123 ⁶¹
1485 1092 1750 1162 ἡσυχάσει
1810 1091 1894 1144 τοί

2014 1112 2072 1148 er
2106 1115 2124 1148 ι
2159 1097 2495 1161 Mandamus,
2531 1103 2808 1159 sancimus
2844 1124 2863 1157 ι
2902 1105 3136 1160 formula
3173 1117 3255 1161 est
3287 1125 3439 1162 usus.

340 1186 670 1251 στασιάζειν.
711 1204 730 1237 ι
768 1186 877 1239 Καὶ
902 1187 1138 1257 ποιήσας
1154 1185 1388 1255 χρυσοῦν
1457 1185 1747 1257 στηθάριον
1781 1187 2087 1259 ἐκτύπωμα
2124 1191 2218 1244 τοῦ
2263 1191 2498 1260 ἀδελφοῦ
2568 1193 2735 1246 αὐτοῦ
2805 1197 2900 1248 καὶ
2941 1196 3054 1260 θεὶς
3085 1199 3189 1250 ὑπὸ
3252 1199 3342 1251 τὸν
3374 1198 3582 1273 θρόνον,

330 1279 461 1333 ἕνθα
503 1279 741 1348 ἐκάθητο
778 1278 1009 1347 πλησίον
1050 1280 1079 1331 ό
1119 1277 1348 1345 ἀδελφὸς
1380 1276 1569 1341 αὑτοῦ,
1601 1278 1839 1331 ἔπαυσεν
1869 1280 1896 1331 ό
1938 1282 2164 1349 σεισμὸς
2233 1282 2457 1348 αὐτίκα,
2492 1287 2584 1337 καὶ
2655 1286 2932 1355 ἡσύχασεν
2971 1289 3003 1358 ἡ
3043 1290 3314 1360 δημοτικὴ
3340 1295 3579 1362 ταραχή.

331 1376 443 1427 Καὶ
489 1372 667 1436 οὕτως
693 1372 1031 1437 ἐϐασίλευσε,
1059 1371 1472 1443 συγκαθημένου
1493 1371 1641 1442 αύτῷ
1668 1372 1763 1425 τοῦ
1804 1373 2003 1444 χρυσοῦ
2026 1375 2421 1445 ἐκτυπὼματος
2453 1377 2546 1430 τοῦ
2592 1379 2819 1447 ἀδελφοῦ
2851 1381 3017 1435 αὐτοῦ
3061 1382 3341 1451 Ῥωμύλου
3373 1385 3437 1438 ⁸⁸.
3473 1387 3582 1438 Καὶ

329 1467 384 1517 ιι
410 1482 464 1518 τι
495 1466 559 1518 ἂν
583 1465 866 1528 ἐκέλευσε,
901 1462 1175 1527 θεσπίζων
1219 1463 1403 1530 ἔλεγεν
1436 1464 1511 1527 ὡς
1542 1464 1637 1533 ἀφ’
1663 1463 1859 1517 ἑαυτοῦ
1888 1481 1901 1495 ο
1948 1483 1965 1516 ι
2008 1465 2411 1537 Εκελεύσαμεν,
2452 1467 2839 1539 ὲθεσπίσαμεν.
2884 1489 2899 1523 t

684 1576 783 1630 IE'.
822 1576 960 1644 Περὶ
997 1575 1116 1629 τῶν
1148 1575 1557 1644 Βρουμαλίων.

413 1697 471 1750 Ὀ
500 1695 663 1759 αὐτὸς
694 1694 740 1726 ⁸³
778 1692 993 1763 Ῥῶμος
1029 1692 1125 1744 καὶ
1167 1691 1237 1744 τὰ
1285 1691 1554 1760 λεγόμενα
1586 1691 1899 1761 Βρουμάλια

2437 1578 2555 1637 XV.
2588 1611 2659 1622 —
2687 1582 2762 1636 De
2790 1583 3156 1641 Brumalibus.

2071 1690 2215 1747 ldem
2253 1694 2457 1751 Romus
2487 1696 2780 1763 Brumalia,
2814 1708 2873 1752 ut
2910 1711 3127 1765 vocant,
3160 1707 3484 1773 excogitavit
3510 1707 3580 1761 ub

327 1786 596 1855 ιπενόησε
631 1785 720 1838 διὰ
748 1782 1007 1850 τοιαύτην
1049 1780 1252 1836 αἰτίαν.
1282 1782 1422 1834 Φασὶ
1460 1783 1562 1853 γὰρ
1614 1782 1781 1835 αὐτὸν
1806 1784 1894 1835 καὶ

2007 1783 2207 1840 hancce
2233 1802 2477 1841 causam.
2507 1790 2627 1858 Ipse
2653 1802 2702 1844 et
2736 1791 2901 1845 frater
2929 1794 3070 1861 ejus,
3105 1795 3179 1849 uti
3213 1796 3353 1850 iutcr
3383 1814 3577 1853 omnes

328 1881 424 1933 τὸν
452 1879 677 1947 ἀδελφὸν
713 1874 876 1929 αὑτοῦ
936 1875 1195 1943 διδύμους
1242 1874 1306 1926 ἐκ
1340 1874 1597 1944 πορνείας
1639 1872 1902 1941 τεχθῆναι

334 1974 433 2026 καὶ
467 1973 686 2043 ῥιφῆναι
724 1970 779 2022 ὲν
812 1966 1044 2021 ἀλσώδει
1071 1966 1241 2035 τόπῳ,
1269 1966 1364 2017 καὶ
1395 1963 1500 2017 ὑπό
1542 1981 1687 2025 τινος
1715 1967 1905 2034 ἀγροι-

335 2066 505 2135 κικῆς
559 2062 805 2133 γυναικὸς
861 2058 1111 2129 πρόϐατα
1170 2056 1445 2126 νεμούσης
1498 2055 1822 2125 εὑρεθέντας
1856 2056 1902 2086 ⁸⁵

331 2156 730 2227 άνατραφῆναι.
766 2150 1011 2213 Ὀνειδος
1047 2150 1104 2202 δὲ
1133 2149 1347 2218 ὑπῆρχε
1399 2147 1551 2218 παρὰ
1607 2147 1901 2218 Ῥωμαίοις

323 2250 386 2302 τὸ
431 2251 491 2315 ἐξ
535 2247 831 2318 ἀλλοτρίων
858 2244 1220 2318 ἐκτρέφεσθαι
1258 2260 1415 2297 τιναο
1456 2242 1537 2295 διὸ
1577 2242 1670 2296 καὶ
1699 2243 1756 2294 ὲν
1786 2244 1899 2306 τοῖς

324 2341 651 2411 συμποσίοις
692 2339 927 2400 ἕκαστος
955 2337 1017 2389 τδ
1046 2337 1178 2389 ῐδιον
1205 2334 1400 2405 βρῶμα
1422 2336 1517 2387 καὶ
1552 2332 1709 2401 πόμα
1737 2332 1901 2401 κομί-

322 2431 434 2495 ζων
496 2433 590 2484 καὶ
642 2433 724 2493 είς
776 2429 837 2483 τὸ
897 2428 1076 2482 κοινὸν
1123 2426 1194 2481 τὰ
1238 2426 1417 2479 πάντα
1466 2423 1898 2495 παρατιθέμενοι

322 2525 535 2595 ᾕσθιον.
566 2523 628 2576 τὸ
656 2523 858 2586 δνειδος
904 2520 1286 2590 ἐκφεύγοντες,
1337 2519 1413 2590 μὴ
1466 2518 1689 2573 ἀκούειν
1739 2516 1897 2571 ἀλλο-

319 2618 632 2688 τριοφάγοι,
691 2611 751 2669 οὗ
806 2615 865 2668 δὲ
917 2614 964 2646 ⁸⁸
1013 2612 1172 2684 χάριν
1227 2612 1491 2681 ἐπενόησε
1560 2610 1773 2679 Ῥῶμος
1828 2608 1897 2661 τά

322 2712 661 2781 Βρουμάλια,
697 2706 963 2779 εἰρηκὼς,
995 2706 1291 2774 ἀναγκαῖον
1337 2700 1475 2756 εἶναι
1529 2702 1754 2773 τρέφειν
1804 2701 1894 2755 τὸν

321 2798 551 2869 βασιλέα
579 2798 678 2866 τὴν
707 2794 900 2848 ἑαυτοῦ
931 2794 1234 2864 σύγκλητον
1271 2792 1347 2854 ὡς
1375 2794 1433 2845 ὲν
1458 2791 1504 2822 θ’
1530 2792 1607 2861 τῷ
1640 2790 1894 2861 χειμῶνι,

318 2896 451 2947 ὅταν
483 2891 784 2961 ἠρεμοῦσιν
816 2891 880 2943 έκ
906 2888 1001 2941 τοῦ
1033 2887 1272 2958 πολέμου
1301 2902 1314 2917 ·
1349 2887 1445 2940 καὶ
1479 2886 1685 2958 ἧρξατο
1709 2885 1896 2938 καλεῖν

316 2988 448 3047 τοὺς
478 2986 584 3038 ἀπὸ
630 2983 777 3051 ἄλφα
823 2983 1046 3052 ἔχοντας
1089 2980 1280 3049 ὄνομα,
1308 2978 1403 3031 καὶ
1446 2976 1757 3039 ἀκολούθως
1791 2976 1896 3040 ἕως

316 3079 411 3131 τοῦ
463 3095 547 3130 ω’
591 3075 857 3137 κελεύσας
905 3073 998 3127 καὶ
1057 3072 1156 3142 τὴν
1209 3070 1514 3141 σύγκλητον
1573 3070 1760 3123 καλεῖν
1815 3068 1894 3138 τῷ
1922 3107 1965 3164 c

318 3170 471 3240 αὐτῷ
500 3170 764 3239 σχήματι,
783 3165 879 3219 καὶ
910 3164 1196 3233 ἐκτρέφειν
1228 3162 1319 3215 τὸν
1334 3160 1377 3191 ⁸⁷
1402 3157 1630 3230 στρατὸν
1657 3158 1892 3211 ἅπαντα.

319 3263 486 3316 Ὀθεν
511 3261 563 3313 οἱ
602 3257 935 3329 στρατιῶται
984 3257 1064 3317 εἰς
1095 3255 1220 3315 τοὺς
1255 3252 1436 3314 οἴκους
1485 3250 1739 3311 ἀπιόντες
1782 3248 1891 3300 τῶν

319 3351 667 3406 καλεσάντων
693 3347 891 3408 αὐτοὺς
922 3344 1009 3398 ἐπ’
1048 3343 1275 3413 ἀρίστῳ,
1300 3340 1393 3409 ἀφ’
1417 3341 1658 3409 ἑσπέρας
1690 3337 1890 3408 ηύλουν

326 3444 425 3495 καὶ
455 3441 697 3509 ἐχόρευον
723 3436 860 3507 πρὸς
891 3434 951 3487 τὸ
981 3434 1181 3503 γνῶναι
1206 3432 1433 3497 πάντας,
1462 3432 1543 3484 ὅτι
1581 3432 1710 3500 παρ’
1742 3429 1891 3499 αὐτῷ

321 3532 517 3601 αὔριον
555 3530 941 3600 τραφήσονται.
973 3524 1145 3578 Τοῦτο
1188 3518 1281 3576 οὗν
1326 3521 1593 3589 πεποίηκε
1655 3520 1888 3589 Ῥῶμος,

312 3626 394 3688 ὡς
426 3625 662 3694 εῐρηται,
695 3622 830 3693 πρὸς
864 3618 924 3675 τὸ
961 3616 1344 3686 ἀπαλλαγῆναι
1386 3616 1486 3686 τῆς
1540 3614 1751 3684 ὕϐρεως
1787 3613 1889 3666 αύ-

310 3716 431 3779 τοῦ,
477 3716 716 3774 καλέσας
769 3712 830 3765 τὸ
863 3712 1034 3781 ὄνομα
1090 3710 1185 3762 τοῦ
1223 3706 1447 3775 ἀρίστου
1480 3704 1875 3777 Βρωμαλιουμ.

308 3818 341 3867 ὃ
390 3816 512 3867 ἐστι
584 3810 888 3880 Ῥωμαϊστὶ
946 3810 1010 3861 ἐκ
1055 3805 1164 3860 τῶν
1221 3804 1519 3874 ἀλλοτρίων
1583 3801 1881 3872 τραφῆναι.
1951 3804 2026 3871 (‘2)

2006 1886 2239 1940 constat,
2266 1893 2293 1929 a
2325 1879 2552 1933 muliere
2588 1880 2709 1949 lupa
2739 1893 2895 1950 partu
2926 1899 3035 1937 uno
3061 1885 3187 1938 editi
3211 1896 3263 1940 ct
3292 1888 3411 1942 loco
3442 1904 3579 1957 quo-

2004 1966 2127 2021 dam
2165 1969 2428 2037 paludoso
2477 1972 2748 2039 expositi,
2785 1988 2813 2025 a
2866 1973 3063 2029 femina
3114 1979 3342 2042 rustica,
3390 1982 3573 2034 ovium

2004 2061 2246 2124 custode,
2290 2060 2492 2115 inventi
2538 2078 2602 2117 ac
2644 2064 2831 2117 nutriti
2883 2075 3036 2120 sunt.
3093 2066 3198 2121 Sed
3243 2084 3367 2123 cum
3434 2073 3577 2140 apud

2005 2146 2281 2203 Romanos
2312 2165 2412 2219 pro
2441 2150 2631 2206 infami
2665 2153 2957 2209 haberetur
2986 2157 3299 2228 quicunque
3346 2161 3413 2215 ab
3440 2163 3577 2217 alie-

2000 2240 2086 2295 nis
2116 2240 2480 2309 nutriebatur,
2550 2246 2935 2317 unusquisque
2966 2263 3145 2303 escam
3179 2259 3476 2323 potumque
3507 2256 3575 2309 ad

2002 2335 2252 2389 convivia
2285 2344 2583 2405 apportans
2611 2352 2781 2395 caena:
2803 2344 3187 2399 communione
3214 2348 3437 2415 parasiti
3479 2365 3579 2402 no-

2000 2430 2108 2477 tam
2125 2426 2383 2480 evitabat.
2404 2427 2576 2496 llujus
2595 2429 2763 2499 igitur
2782 2432 2853 2485 rei
2878 2434 3048 2502 gratia
3068 2435 3272 2491 Romus
3293 2439 3436 2507 regis
3456 2456 3577 2494 esse

1998 2513 2135 2567 dixit
2164 2526 2442 2571 senatores
2473 2534 2604 2574 suos
2626 2522 2854 2585 nutrire,
2880 2526 3177 2591 praesertim
3210 2526 3404 2582 hiemis
3432 2536 3576 2582 tem-

1999 2619 2148 2671 porc,
2178 2621 2287 2674 quo
2322 2622 2472 2661 arma
2498 2610 2741 2675 silerent,
2765 2613 2994 2683 ideoque
3030 2630 3221 2671 omnes
3248 2619 3311 2671 ad
3360 2635 3572 2674 co'nam

1999 2695 2246 2750 invitavit
2285 2697 2353 2751 ab
2385 2698 2478 2753 illo
2522 2700 2678 2769 cujus
2721 2717 2917 2758 nomen
2960 2705 3028 2759 ab
3058 2706 3097 2759 A
3131 2708 3196 2761 ad
3230 2709 3380 2763 illum
3418 2712 3576 2781 cujus

1997 2800 2194 2839 nomen
2246 2787 2315 2840 ab
2364 2790 2406 2841 Ω
2455 2792 2783 2860 incipiebat,
2812 2794 3086 2867 jussitque
3134 2800 3480 2856 senatoribus
3516 2814 3576 2856 ut

1997 2876 2236 2930 vicissim
2261 2880 2451 2933 eodem
2480 2883 2643 2935 modo
2666 2889 3207 2943 omnem'exercitum
3259 2891 3572 2947 invitarent.

1999 2967 2153 3023 Unde
2184 2968 2382 3024 milites
2416 2971 2481 3023 ad
2514 2971 2707 3027 domos
2737 2989 2927 3028 eorum
2954 2992 2983 3029 a
3014 2980 3215 3046 quibus
3245 2981 3460 3036 fuerant
3488 2986 3573 3037 in-

1998 3060 2171 3123 vitati,
2226 3064 2538 3126 venientes,
2577 3065 2724 3120 tibiis
2784 3067 3276 3139 saltationibusque
3351 3080 3573 3144 vespere

2001 3153 2281 3217 ludebant,
2323 3170 2433 3224 quo
2468 3170 2658 3210 omnes
2717 3158 2922 3213 scirent
2966 3175 3024 3215 se
3079 3163 3223 3232 apud
3270 3164 3413 3219 hunc
3478 3177 3574 3221 aut

1996 3246 2146 3299 illum
2198 3256 2416 3314 postero
2473 3248 2562 3302 die
2609 3259 2942 3305 cmnaturos.
2992 3252 3048 3306 Id
3101 3251 3285 3323 igitur,
3336 3267 3392 3310 ut
3433 3258 3572 3312 dixi-

1996 3354 2139 3403 mus,
2174 3337 2303 3393 fecit
2345 3336 2552 3393 Romus
2584 3349 2641 3393 ut
2670 3341 3024 3409 opprobrium
3063 3343 3206 3398 istud
3258 3357 3571 3413 averteret,

1997 3430 2332 3485 Brumalium
2371 3431 2617 3486 vocando
2656 3432 2801 3501 quod
2849 3434 2990 3503 apud
3025 3433 3301 3491 Romanos
3350 3437 3575 3490 elimen-

1999 3532 2111 3577 tum
2149 3537 2214 3577 ex
2251 3521 2372 3577 aliis
2406 3532 2683 3593 sumptum
2716 3522 2938 3579 indicat.
2963 3526 3067 3579 Sed
3092 3528 3307 3582 tandem
3337 3530 3570 3583 vindicta

1996 3614 2179 3668 divina
2221 3615 2559 3669 fratricidam
2591 3615 2802 3686 attigit;
2853 3617 3122 3687 siquidem
3181 3619 3235 3673 in
3270 3620 3449 3675 medio
3487 3636 3572 3674 εει-

1997 3717 2124 3761 nutu
2156 3707 2462 3762 trucidatus
2498 3716 2622 3775 post
2650 3707 2720 3761 57
2748 3722 3021 3765 annorum
3063 3725 3292 3780 regnum
3338 3711 3566 3767 interiit.

2098 3803 2162 3855 'H
2216 3803 2275 3855 δὲ
2334 3803 2453 3856 θεία
2501 3803 2624 3875 δίκη
2669 3802 2860 3859 τοῦτον
2905 3807 3043 3877 μετὰ
3104 3807 3278 3862 ταῦτα
3332 3809 3417 3861 διὰ
3473 3809 3571 3880 τὴν

314 3911 419 3981 17
474 3908 573 3962 τοῦ
626 3903 856 3973 ἁδελφοῦ
906 3902 1189 3973 ἀναίρεσιν
1239 3900 1494 3970 μετῆλθε.
1556 3900 1665 3952 Καὶ
1722 3899 1886 3962 αὐτὸς
1922 3899 2228 3970 ἀναιρεῖται
2261 3900 2521 3970 μεληδὸνΔ
2555 3900 2935 3971 κατατμηθεὶς
3002 3903 3060 3954 ἐν
3096 3902 3172 3973 τῷ
3200 3902 3301 3974 τῆς
3349 3903 3569 3975 Ῥώμης

311 4000 709 4073 βουλευτηρίῳ,
742 3998 1065 4069 βασιλεύσας
1089 3997 1170 4049 ἔτι
1209 3994 1306 4060 λζ’.

383 4098 464 4165 (5)
516 4096 673 4149 Μετὰ
726 4092 783 4144 δὲ
839 4090 1052 4162 Ῥῶμον
1109 4090 1306 4159 συνέϐη
1360 4090 1459 4159 τὴν
1516 4087 1735 4159 Ῥώμην
1784 4088 1891 4140 ὑπὸ

309 4191 540 4242 ὑπάτων
570 4183 891 4239 διοικεῖσθαι
921 4184 1015 4235 καὶ
1051 4180 1375 4252 στρατηγῶν
1407 4180 1504 4249 έτη
1533 4178 1654 4243 υξς⁹
1677 4194 1689 4207 ⁸
1732 4179 1791 4243 ἐξ
1816 4173 1890 4231 ὧν

308 4283 505 4351 γέγονέ
540 4297 622 4343 τις
654 4276 983 4347 στρατηγὸς,
1029 4273 1253 4343 ὀνόματι
1282 4272 1521 4335 Μάλιος⁶
1560 4271 1655 4324 καὶ
1688 4272 1890 4340 φθονη·

309 4376 423 4437 θεὶς
464 4374 554 4425 διὰ
584 4371 681 4441 τὴν
706 4368 956 4439 ἀνδρείαν
980 4365 1144 4420 αὑτοῦ
1180 4364 1285 4418 ύπό
1316 4381 1461 4427 τινος
1502 4362 1886 4433 συγκλητικοῦ,

306 4467 539 4535 ὀνόματι
573 4460 961 4532 Φεϐρουαρίου,
1010 4456 1388 4528 παρεσκεύασε
1429 4457 1553 4518 τοὺς
1594 4456 1882 4523 συγκλητι-

308 4559 444 4619 κοὺς
501 4553 759 4621 ἐκδιῶξαι
813 4553 879 4604 ὲκ
924 4551 1023 4621 τῆς
1067 4549 1275 4611 πόλεως
1329 4547 1418 4601 τὸν
1467 4546 1694 4601 Μάλιον.
1755 4541 1888 4598 Εἶτα

305 4647 645 4710 ἀπελθόντες
672 4648 718 4678 ⁸⁸
748 4648 796 4698 οἱ
827 4645 1017 4698 Γάλλοι
1053 4641 1358 4711 παρέλαϐον
1400 4640 1591 4702 νυκτὸς
1615 4638 1712 4709 τὴν
1751 4639 1888 4691 Ῥώο

308 4760 444 4813 μην,
474 4742 568 4794 καὶ
601 4738 828 4800 πολλοὺς
859 4735 1205 4804 κατέσφαξαν
1234 4736 1299 4804 τῇ
1330 4732 1503 4786 εἰκάδι
1536 4730 1629 4784 τοῦ
1659 4729 1889 4799 λεγομέ-

306 4850 404 4887 νου
438 4830 709 4897 Σεξτιλίου
741 4827 929 4899 μηνός.
971 4827 1034 4879 Oi
1072 4826 1129 4879 δὲ
1164 4824 1519 4893 συγκλητικοὶ
1547 4821 1762 4889 γνόντες
1788 4820 1886 4891 τὴν

310 4924 633 4993 παράληψιν
674 4923 777 4992 τῆς
836 4919 1035 4981 πόλεως
1073 4919 1168 4970 καὶ
1211 4916 1473 4986 φυγόντες
1516 4910 1885 4983 πῳσκαλοῦσι

310 5016 485 5070 πάλιν
518 5013 652 5083 μετὰ
682 5011 1083 5083 παρακλήσεως
1112 5009 1203 5061 τὸν
1235 5005 1540 5076 στρατηγὸν
1569 5003 1776 5058 Μάλιον
1807 5003 1888 5065 εἰς

308 5106 637 5177 ἐπικουρίαν
661 5122 675 5138 ⁸
724 5104 818 5158 καὶ
864 5100 1187 5168 συναγαγὼν
1200 5101 1246 5132 “
1279 5098 1482 5167 πλῆθος
1514 5093 1767 5167 στρατοῦ,
1794 5094 1890 5147 καὶ

310 5197 650 5271 παραλαϐὼν
676 5199 801 5260 τοὺς
833 5194 1026 5257 ἄλλους
1065 5192 1110 5225 ⁷⁸
1140 5190 1316 5245 ἀνεῖλε
1358 5190 1583 5252 πάντας.
1619 5188 1729 5243 Καὶ
1756 5203 1890 5257 κρα-

305 5298 482 5363 τήσας
525 5287 681 5353 αὖθις
719 5290 819 5358 τὴν
856 5285 1079 5357 Ῥώμην
1116 5284 1322 5346 Μόλιος
1359 5283 1454 5334 καὶ
1496 5280 1760 5350 λυπηθεὶς
1801 5276 1890 5331 διὰ

307 5388 407 5454 τὴν
448 5380 769 5453 παράληψιν
801 5378 973 5448 αὐτῆς
1008 5379 1065 5429 ὲν
1097 5376 1173 5446 τῷ
1213 5372 1468 5443 Σεξτιλίῳ
1512 5371 1663 5442 μηνὶ,
1705 5368 1888 5423 ἐκολό-

2074 4087 2204 4142 Post
2239 4086 2473 4144 Romum
2507 4088 2760 4144 consules
2806 4103 2871 4144 ac
2918 4088 3085 4146 duces
3120 4106 3213 4160 per
3252 4091 3354 4147 466
3393 4108 3566 4145 annos

2001 4178 2129 4234 Urbi
2162 4179 2444 4249 praefuere.
2478 4181 2555 4234 Ex
2611 4181 2696 4235 his
2732 4180 2834 4235 fuit
2872 4180 3138 4246 Manlius;
3182 4185 3270 4237 cui
3321 4194 3563 4247 senator,

1996 4267 2327 4322 Februarius
2361 4270 2601 4326 nomine.
2632 4268 2704 4321 oh
2728 4268 2982 4321 virtutem
3020 4268 3264 4321 bellicam
3298 4268 3566 4332 invidens,

1995 4356 2473 4412 senatusconsulto
2499 4354 2640 4410 Urbe
2662 4372 2785 4409 eum
2811 4358 3035 4425 expulit.
3064 4356 3344 4425 lnterjecto
3372 4357 3567 4411 deinde

1998 4460 2239 4517 tempore
2278 4445 2417 4501 Galli
2454 4446 2595 4501 Urtc
2619 4462 2711 4515 per
2745 4456 2959 4501 noctem
2995 4454 3148 4516 capta
3185 4462 3435 4519 magnam
3471 4448 3568 4501 lto-

1998 4538 2204 4592 minmn
2235 4537 2443 4591 cladem
2463 4578 2477 4601 ,
2512 4536 2771 4592 vicesima
2818 4540 3021 4592 mensis
3053 4535 3277 4593 Sextilis
3307 4539 3414 4605 die,
3447 4539 3567 4593 edi-

1998 4630 2211 4684 derunt.
2234 4628 2353 4695 Quo
2370 4628 2608 4700 cognito,
2629 4639 2910 4684 senatores
2927 4628 3483 4701 fngientes,blanlittm
3509 4632 3564 4686 in

1990 4722 2248 4775 auxilium
2281 4731 2638 4788 revocarunt;
2687 4722 3064 4790 qui,exercitu
3116 4736 3331 4789 coacto,
3377 4725 3564 4779 hostes

1989 4828 2186 4868 omnes
2232 4813 2532 4867 interemit.
2572 4812 2664 4867 Sic
2710 4812 2882 4867 Roma
2934 4825 3275 4883 recuperata,
3322 4829 3562 4869 mensem

1993 4905 2251 4960 Sextilem
2283 4921 2392 4974 quo
2424 4906 2509 4959 illa
2546 4904 2687 4960 foede
2729 4916 2883 4975 capta
2928 4907 3057 4961 olim
3083 4907 3278 4971 fuerat,
3310 4908 3562 4970 mutavit,

1989 4997 2258 5053 nefastum
2297 4999 2428 5055 Urbi
2464 5016 2661 5054 nomen
2691 5002 2871 5071 ipsum
2896 5002 3240 5058 declarando.
3266 5002 3560 5073 Postquam

1987 5091 2181 5146 deinde
2211 5091 2493 5146 inimicum
2532 5091 2890 5148 Februarium
2924 5095 3190 5165 cepisset,
3243 5095 3400 5149 bonis
3443 5110 3563 5150 om-

1989 5186 2151 5241 nibus
2187 5201 2250 5239 ac
2300 5185 2641 5241 vestimentis
2675 5185 2809 5254 ipsis
2833 5198 3054 5241 exutum
3080 5226 3095 5249 ,
3139 5200 3347 5256 querna
3379 5198 3561 5242 storea

1988 5277 2390 5331 circumdatum
2427 5292 2456 5329 a
2505 5275 2781 5330 lictoribus
2797 5277 2930 5331 caedi
2977 5277 3166 5345 jussit,
3197 5295 3215 5329 t
3250 5277 3432 5347 Apage
3457 5278 3561 5340 sis,

1989 5367 2275 5434 Februari,
2304 5386 2321 5420 ι
2362 5365 2743 5424 clamantibus.
2786 5368 2877 5424 Sic
2913 5366 3058 5425 Urbe
3090 5384 3213 5423 cum
3264 5369 3561 5439 ignominia

1514 5484 1714 5546 Varias
1756 5484 2070 5547 lectiones
2109 5487 2170 5543 et
2205 5486 2399 5548 nota.

374 5597 423 5629 "
453 5597 504 5650 δ.
537 5597 695 5648 αὐτοὶ
732 5593 859 5659 -ὲξ
902 5593 989 5646 ὅτε
1028 5591 1119 5645 τόν
1151 5588 1236 5646 B’.
1275 5591 1373 5659 “"7
1395 5585 1832 5659 dﬁeiebvdvsixt
1859 5584 2067 5659 B'.__“
2101 5579 2441 5659 τῂν-Πυθίαν
2627 5583 2693 5659 ’σί
2718 5581 2854 5659 *οὔτε
2890 5587 2918 5637 δ
2957 5585 3129 5659 δῆμοΞ
3169 5584 3255 5641 Bs.
3286 5657 3300 5659 Δ
3331 5588 3377 5621 οι
3408 5587 3562 5641 ἀδελ,

375 5667 407 5721 ὖ
452 5668 663 5736 Ῥήμου
701 5664 797 5741 ps.
840 5650 1003 5741 'un'p
1042 5660 1202 5741 nisi);
1242 5657 1334 5741 οὖν
1362 5658 1445 5711 ις’.
1522 5650 1567 5687 (³
1602 5650 2057 5741 εύρεςίξντοςβὶι
2109 5650 2338 5741 ⁶⁸ὲρῗζθνδή
2376 5650 2497 5741 B't.“
2539 5653 2585 5685 “
2612 5652 2687 5716 ὡς
2714 5654 2968 5725 ἐντίμους
2996 5650 3053 5709 ἐν
3093 5655 3177 5712 B'.
3256 5657 3301 5690 "
3323 5659 3415 5712 τόν
3443 5674 3556 5712 om.

344 5688 407 5721 Ου
471 5688 663 5736 riuum
714 5688 797 5717 D'.
877 5688 917 5694 "
962 5688 1003 5715 U
1042 5688 1201 5723 ausu,
1242 5688 1333 5711 υυν
1362 5688 1445 5711 tr.
1602 5688 1814 5725 ευγςυει

304 5688 391 5791 δ’.
486 5738 533 5768 ⁵⁸
564 5734 881 5797 ιπελθάντες
910 5731 994 5787 B‘.
1073 5732 1116 5765 "
1147 5730 1203 5793 ὃς
1234 5733 1323 5782 καὶ
1382 5725 1699 5796 συναγαγὼν
1732 5724 1814 5780 ις’.

1903 5725 1946 5757 τ’
1980 5726 2102 5789 τοὺς
2155 5722 2387 5789 Γάλλους
2436 5720 2518 5777 B'.
