4094 6212
346 233 425 297 89

1570 241 2028 305 CHRONICON.
2073 270 2141 280 —
2179 248 2326 310 LIB.
2367 251 2421 313 Ι.
3543 275 3612 336 90

347 345 551 399 Δουκᾶ
564 344 668 407 ἕως
690 341 783 395 τοῦ
813 342 945 414 Σήθ,
967 346 1061 399 καὶ
1091 365 1109 397 ι
1140 344 1237 399 τοῦ
1266 345 1437 416 ’Δδάμ
1462 348 1668 402 καὶτοῦ
1694 350 1921 420 Θεοῦῂι

2038 356 2318 426 justorum
2354 374 2529 428 genus
2558 359 2741 417 delere
2772 365 3056 434 studebat;
3092 373 3217 441 quia
3270 374 3441 444 pietas
3488 394 3613 449 pec-

349 435 423 486 τὸ
456 434 559 502 μὲν
581 433 601 463 ⁸
635 433 779 485 κατά
806 435 991 504 σάρκα
1020 437 1080 500 ἐξ
1110 436 1310 501 αὐτῶν,
1352 438 1411 489 τὸ
1444 438 1501 490 δὲ
1542 439 1682 493 κατά
1717 440 1937 511 πνεῦμα

352 533 422 579 εκ
467 524 561 577 τοῦ
596 523 758 577 Θεοῦ.
796 525 1024 595 Πνεῦμα
1072 527 1181 597 γὰρ
1211 531 1239 581 6
1267 529 1421 592 Θεὸς.
1456 530 1786 595 Ἐσπούδαζε
1826 536 1936 605 γὰρ

344 613 461 666 τῶν
490 612 716 666 ἀσεϐῶν
746 614 975 684 σπέρμα
1014 615 1378 670 τῶνδικαίων
1422 618 1614 689 ἐξᾶραι
1646 620 1708 672 τὸ
1755 620 1933 688 γένος,

341 704 539 773 ἐπειδὴ
568 705 682 774 γὰρ
716 703 993 776 βδέλυγμα
1026 707 1341 778 ἁμαρτωλῷ
1367 708 1671 765 θεοσέϐειαο
1708 714 1934 786 καὶγὰρ

340 793 407 846 τὸ
433 794 600 862 γένος
635 795 733 848 καὶ
769 798 996 867 σπέρμα
1031 798 1129 852 τοῦ
1184 798 1326 853 Καῒν
1376 803 1698 875 κατηράθη,
1752 805 1847 858 τοῦ
1877 806 1935 859 δὲ

341 885 459 956 Σὴθ
497 887 801 958 εὑλογήθη’
859 891 955 942 καὶ⁴
982 890 1086 943 οὐκ
1132 891 1385 946 ἐϐούλετο
1412 896 1440 947 6
1472 895 1605 959 Θεὸς
1650 898 1934 967 ἐπιμιξίαν

346 976 614 1044 γενέσθαι
640 979 748 1032 τῶν
775 979 1005 1034 δικαίων
1042 982 1103 1034 τὸ
1145 982 1301 1049 γένος
1348 987 1487 1054 πρὸς
1537 987 1648 1040 τῶν
1696 989 1931 1055 ἀσεϐῶν,

341 1070 468 1124 ἀλλ’
502 1069 920 1142 ἐξαλειφθῆναι.
965 1073 1118 1127 Ἐπεὶ
1164 1070 1259 1127 οὖν
1317 1076 1575 1146 ἐφόνευον
1625 1081 1720 1133 καὶ
1765 1082 1933 1151 ἐλάμ-

348 1162 517 1215 ϐανον
537 1164 636 1225 τὰς
660 1167 929 1231 γυναῖκας
951 1165 1156 1231 αὐτῶν,
1182 1166 1400 1233 ἐξαίσια
1431 1169 1635 1241 τέρατα
1656 1172 1932 1228 ἐτίκτοντο

344 1253 402 1304 oi
433 1254 714 1321 γίγαντες,
739 1254 810 1307 δι’
834 1253 930 1318 οὓς
967 1256 1064 1309 καὶ
1108 1259 1137 1310 6
1170 1259 1555 1329 κατακλυσμὸς
1585 1262 1755 1316 ἐλθὼν
1789 1267 1930 1318 πάν-

341 1362 447 1408 τας
471 1346 646 1416 ἄρδην
678 1347 986 1401 ἀπώλεσεν.
1028 1350 1140 1402 Καὶ
1187 1350 1347 1420 μόνος
1388 1354 1706 1424 εὑρίσκεται
1741 1359 1769 1409 6
1803 1358 1927 1410 Νῶε

338 1437 556 1500 δίκαιος
614 1439 675 1490 ἐν
727 1441 794 1509 τῇ
846 1442 1009 1512 γενεᾷ
1071 1442 1279 1495 αὐτοῦ’
1340 1445 1421 1497 διὸ
1473 1448 1569 1499 καὶ
1622 1449 1927 1521 ἐφυλάχθη.

341 1529 363 1559 ¹
386 1530 463 1597 (0)
483 1530 612 1583 Νῶε
638 1530 701 1584 δὲ
720 1532 1013 1602 γενόμενος
1033 1534 1171 1588 ἐτῶν
1188 1534 1240 1604 φ’
1262 1533 1550 1609 ἐγέννησεν
1572 1542 1722 1605 υἱοὺς
1741 1550 1808 1611 γ’,
1836 1545 1929 1597 τὸν

340 1622 483 1691 Σήμ,
532 1623 629 1677 τὸν
681 1624 837 1695 Χάμ,
886 1626 979 1678 τὸν
1025 1626 1228 1695 Ἰἀφεθ.
1272 1629 1294 1660 ⁸
1327 1631 1485 1684 Μετά
1516 1632 1573 1685 δὲ
1626 1634 1720 1705 ἐτη
1756 1642 1799 1706 ρ’
1828 1637 1925 1690 τοῦ

340 1715 606 1787 τεχθῆναι
641 1718 773 1780 τοὺς
810 1718 963 1780 υἱοὺς
1015 1719 1185 1773 αὑτοῦ
1244 1723 1464 1791 εἰσῆλθε
1484 1726 1586 1796 τὴν
1614 1728 1635 1759 ⁹
1664 1729 1920 1794 κιϐωτὸν,
1958 1715 1998 1770 Β

340 1807 610 1878 ὑπάρχων
639 1808 779 1862 ἐτῶν
817 1810 866 1880 χ’
898 1810 996 1864 καὶ
1018 1810 1227 1880 γίνεται
1256 1815 1299 1846 ¹⁶
1321 1816 1350 1868 6
1377 1818 1787 1888 κατακλυσμὸς,
1813 1821 1925 1874 Καὶ

341 1900 406 1952 ἐν
435 1898 514 1969 τῷ
559 1900 643 1953 ἐνὶ
689 1902 783 1954 καὶ
818 1909 866 1972 χ’
905 1903 1017 1956 ἔτει
1072 1905 1171 1975 τῆς
1201 1906 1350 1978 ζωῆς
1409 1908 1576 1963 αὑτοῦ
1608 1911 1832 1981 ἐξῆλθεν
1861 1916 1925 1969 ἐκ

341 1989 445 2058 τῆς
476 1989 733 2045 κιϐωτοῦ.
765 1992 874 2045 Καὶ
908 1994 1049 2062 μετά
1079 1996 1171 2049 τὸν
1194 1999 1589 2069 κατακλυσμὸν
1609 2002 1805 2073 ἔζησεν
1828 2006 1921 2077 ἐτη

342 2078 427 2133 ,ενι
459 2082 525 2143 ιι,
554 2082 652 2135 καὶ
671 2085 903 2140 ἀπέθανε
927 2087 1101 2157 ζήσας
1115 2089 1186 2142 τὰ
1210 2090 1390 2143 πάντα
1415 2092 1510 2162 ἔτη
1528 2096 1639 2160 @v’.
1671 2096 1777 2149 Τοῦ
1804 2098 1859 2151 δέ
1883 2100 1923 2130 ¹²

346 2175 737 2245 κατακλυσμοῦ
773 2180 1071 2248 γενομένου
1106 2182 1200 2236 ἐπὶ
1238 2184 1457 2256 ἡμέρας
1490 2193 1564 2256 μ’,
1624 2190 1775 2242 πᾶσα
1822 2191 1925 2260 μὲν

341 2264 376 2332 ἦ
417 2266 488 2335 γῆ
541 2266 822 2339 ἑκαλύφθη
866 2270 960 2323 ἐπὶ
1010 2273 1227 2344 ἡμέρας
1252 2282 1357 2347 ρκ’.
1397 2279 1606 2343 Παντὸς
1660 2280 1717 2334 δὲ
1762 2282 1922 2353 ὅρους

339 2354 685 2424 ὑψηλοτάτου
716 2358 778 2410 τὸ
811 2358 956 2430 ὕδωρ
1006 2361 1147 2431 ὑπὲρ
1183 2364 1295 2416 ἀνω
1347 2364 1537 2432 γέγονε
1586 2370 1804 2438 πήχεων
1837 2376 1919 2425 ιε’.

338 2445 456 2516 Τῆς
492 2448 549 2501 δὲ
574 2449 815 2503 κιϐωτοῦ
839 2453 907 2505 τὰ
938 2451 1169 2522 λείψανα
1192 2454 1300 2518 ἕως
1330 2455 1453 2526 ἄρτι
1478 2457 1614 2526 πρὸς
1643 2461 1920 2525 ἀπόδειξιν

335 2537 450 2589 τῶν
503 2540 888 2609 γεγενημένων
936 2542 1211 2597 δείκνυται
1272 2545 1329 2597 ἐν
1377 2546 1455 2616 τῷ
1511 2548 1629 2617 ὄρει
1679 2551 1919 2622 Ἀραράτ

334 2628 617 2698 ἀναμέσον
642 2630 741 2700 τῆς
788 2631 1078 2702 Ἀρμενίας
1106 2637 1199 2688 καὶ
1229 2636 1333 2707 τῆς
1360 2638 1642 2708 Παρθικῆς
1669 2640 1711 2670 ⁸³
1735 2642 1919 2711 χώρας

337 2719 433 2771 καί¹
460 2718 569 2793 34
596 2722 696 2792 τῆς
726 2722 835 2777 τῶν
865 2726 1149 2795 Διαϐηνῶν
1174 2729 1360 2798 χώρας
1391 2730 1452 2783 υ.
1492 2732 1584 2784 Ἐκ
1618 2732 1726 2803 γὰρ
1749 2732 1920 2797 ξύλων

334 2808 605 2879 ἀσήπτων
648 2811 682 2882 ἢ
714 2813 979 2883 κεδρίνων
1006 2816 1049 2847 ⁸⁸
1092 2818 1213 2870 ἐστὶ
1241 2822 1755 2891 κατασκευασμένη.
1784 2824 1920 2895 Φησὶ

337 2901 475 2972 γάρ’
509 2920 527 2953 ι
558 2903 671 2955 Καὶ
693 2899 847 2957 εἶπεν
865 2906 1068 2977 Κύριος
1092 2907 1291 2972 δΘεός·
1315 2911 1389 2963 Οὐ
1423 2911 1499 2983 μὴ
1527 2914 1831 2984 καταμείνῃ
1858 2918 1919 2968 τὸ

336 2990 564 3061 πνεῦμά
599 3011 701 3063 μου
739 2996 797 3048 ὲν
825 2998 938 3061 τοῖς
969 2997 1280 3069 ἀνθρώποις
1308 3001 1521 3064 τούτοις
1554 3002 1645 3056 διὰ
1683 3005 1743 3055 τὸ
1777 3001 1916 3059 εἶναι

336 3083 541 3146 αὐτοὺς
564 3086 797 3155 σάρκας.
824 3089 1079 3144 Ἔσονται
1110 3091 1169 3144 αί
1202 3094 1405 3165 ἡμέραι
1439 3094 1620 3150 αὐτῶν
1643 3102 1725 3166 ρκ’
1752 3095 1904 3167 ἐτη.»

338 3175 453 3229 Καὶ
482 3179 681 3246 ἐπάγει
734 3186 767 3247 ἠ
804 3182 997 3253 Γραφὴ
1044 3184 1301 3253 λέγουσα*
1331 3205 1349 3236 ι
1376 3187 1485 3240 Καὶ
1518 3182 1671 3241 εἶπεν
1712 3191 1740 3241 6
1778 3189 1912 3254 θεὸς

336 3267 479 3335 πρὺς
517 3268 641 3323 Νῶε
662 3287 677 3303 ’
703 3272 911 3343 Καιρὺς
947 3276 1146 3340 παντὸς
1184 3277 1474 3348 ἀνθρώπου
1504 3280 1628 3349 ἥκει
1668 3281 1911 3335 ἐναντίον

341 3376 472 3427 μου,
507 3364 590 3415 ὅτι
619 3364 865 3437 ἐπλήσθη
892 3368 926 3438 ή
963 3369 1034 3439 γῆ
1063 3369 1279 3433 ἀδικίας
1314 3372 1412 3425 ἀπ’
1436 3373 1637 3426 αὐτῶν·
1670 3375 1765 3428 καὶ
1800 3374 1910 3428 ἰδοὺ

342 3451 463 3519 ὲἸὼ
493 3457 834 3527 καταφθείρω
855 3461 1052 3525 αὐτοὺς
1076 3464 1171 3515 καὶ
1199 3463 1296 3533 τὴν
1317 3463 1423 3534 γῆν
1448 3465 1510 3518 ισ,
1543 3484 1562 3517 ι
1608 3465 1754 3537 Πλὴν
1784 3467 1843 3519 οὐ
1870 3467 1910 3499 η

338 3538 487 3599 εἶναι
518 3546 613 3617 τὴν
660 3550 805 3622 ζωὴν
858 3552 1039 3607 αὐτῶν
1094 3560 1426 3628 περιώρισεν
1465 3564 1550 3629 ρκ’
1599 3558 1719 3630 ἔτη,
1774 3559 1911 3613 ἀλλὰ

336 3635 782 3709 πλημμυροῦσαν
811 3645 913 3712 τὴν
943 3646 1218 3718 ἁμαρτίαν
1244 3649 1369 3701 ίδὼν
1399 3649 1494 3702 καὶ
1521 3648 1791 3716 αὔξουσαν
1811 3652 1912 3704 οὐκ

330 3724 586 3796 ἀνέμεινε
617 3732 716 3803 τὴν
746 3736 990 3805 κυρείαν,
1020 3738 1158 3792 ἀλλά
1193 3741 1293 3811 τήν
1341 3741 1721 3812 προσθεσμίαν
1780 3760 1907 3795 συν-

330 3824 518 3892 τεμὼν
549 3826 657 3879 τῶν
692 3828 738 3899 ρ’
768 3829 923 3895 ἐτῶν,
948 3835 1112 3886 πᾶσιν
1137 3836 1387 3905 ἐπήγαγε
1413 3836 1504 3890 τὸν
1544 3837 1949 3907 κατακλυσμόν.

2040 450 2212 502 caturi
2250 449 2611 506 abominatio.
2640 455 2793 509 Caini
2817 458 2960 511 enim
2994 474 3180 517 semen
3202 480 3265 519 ac
3293 482 3462 535 genus
3496 485 3613 526 nia-

2039 539 2294 594 letlictum
2321 581 2335 602 .
2375 551 2429 595 et
2466 543 2618 597 Sellti
2664 548 3011 604 benedictum
3061 556 3372 623 promiscue
3421 560 3612 618 haberi

2038 630 2214 685 noluit
2240 632 2403 699 Deus,
2436 633 2549 689 itno
2576 636 2705 690 illud
2733 638 3023 695 delendum
3056 648 3287 702 censuit.
3311 648 3609 722 Postquam

2038 720 2234 778 deinde
2266 726 2581 781 occisorum
2616 745 2818 786 uxores
2846 733 3164 802 duxissent,
3204 720 3613 815 gigantesvpor-

2037 817 2233 871 tentosi
2272 821 2539 885 procreati
2571 834 2720 887 sunt,
2764 835 2981 894 propter
3007 843 3147 897 quos
3188 832 3454 889 diluvium
3486 852 3575 893 om
3596 868 3612 881 -

2036 907 2124 959 nia
2160 909 2417 977 perdidit.
2452 910 2565 966 Noe
2606 915 2757 970 solus
2804 916 2859 970 in
2904 917 3007 972 ista
3033 923 3381 989 generatione
3414 927 3610 995 justus

2034 999 2433 1067 reperiebatur,
2461 1004 2532 1057 ob
2564 1005 2725 1074 idque
2759 1019 3007 1065 servatus
3036 1020 3141 1067 est.
3171 1013 3284 1069 Noe
3313 1032 3488 1075 annos
3514 1037 3610 1077 na-

2036 1093 2123 1141 tus
2157 1089 2488 1157 quingentos
2524 1095 2713 1159 genuit
2756 1105 2869 1152 tres
2922 1099 3085 1168 ﬁlios,
3133 1101 3283 1168 Sem,
3335 1105 3505 1163 Cham
3555 1124 3610 1167 et

2031 1176 2247 1247 Japhet.
2292 1178 2421 1235 Post
2466 1192 2685 1238 centum
2740 1187 2999 1259 deinceps
3052 1208 3264 1261 annos,
3321 1212 3609 1259 sexcentos

2033 1281 2192 1323 natus
2225 1288 2417 1338 annos,
2450 1275 2502 1328 in
2531 1291 2714 1331 arcam
2758 1278 3040 1349 ingressus
3074 1294 3159 1340 est
3193 1294 3434 1357 tempore
3467 1293 3609 1347 dilu-

2031 1361 2099 1414 vii
2155 1372 2208 1414 et
2261 1377 2518 1431 egressus
2548 1378 2633 1420 est
2665 1378 2783 1438 post
2815 1386 3017 1427 annum
3070 1391 3263 1432 unum.
3306 1380 3451 1435 Vixit
3505 1400 3606 1437 au—

2032 1462 2134 1506 tem
2169 1463 2293 1523 post
2345 1456 2609 1511 diluvium
2668 1468 2939 1518 trecentos
2988 1466 3381 1539 quinquaginta
3430 1488 3606 1529 annos

2028 1553 2081 1598 et
2133 1555 2383 1603 mortuus
2447 1561 2530 1604 est
2599 1564 2907 1621 nongentos
2969 1560 3366 1631 quinquaginta
3433 1580 3606 1622 annos

2031 1646 2214 1696 natus.
2285 1639 2414 1695 Erat
2487 1654 2667 1699 autem
2732 1647 2995 1703 diluvium
3066 1655 3426 1726 quadraginta
3492 1661 3607 1715 die-

2028 1743 2148 1783 rum
2199 1747 2362 1799 super
2419 1743 2617 1789 terram
2682 1754 2804 1807 qua:
2837 1750 2948 1794 tota
3006 1759 3101 1813 per
3142 1756 3359 1803 centum
3416 1752 3601 1822 viginti

2027 1820 2143 1874 dies
2178 1814 2366 1889 aperta
2392 1834 2530 1878 erat.
2556 1826 2879 1891 Quindecim
2914 1834 3113 1889 cubitis
3145 1837 3309 1892 altior
3336 1839 3435 1895 fuit
3461 1814 3600 1912 aqua

2026 1924 2193 1978 super
2222 1921 2435 1966 montes
2471 1913 2790 1970 altissimos.
2836 1920 2991 1973 Area:
3018 1922 3211 1976 rudera
3249 1927 3303 1979 in
3340 1926 3468 1983 facti
3505 1932 3600 1984 do-

2026 2013 2336 2058 cumentum
2369 2005 2421 2059 in
2456 2016 2639 2062 monte
2664 2008 2860 2063 Ararat
2888 2009 3160 2067 Armenia:
3191 2025 3246 2069 et
3280 2017 3514 2074 Parthiae
3546 2032 3602 2075 et

2027 2091 2290 2147 Diabenes
2329 2096 2568 2164 regionis
2606 2098 2673 2151 ad
2716 2099 2858 2152 hunc
2911 2116 3086 2170 usque
3124 2105 3268 2159 diem
3303 2109 3603 2163 ostendun-

2026 2190 2145 2248 tur;
2181 2183 2325 2236 cedri
2364 2185 2509 2238 enim
2538 2186 2687 2254 ligno
2721 2188 3135 2258 imputrescibili
3174 2193 3423 2250 confecta
3455 2209 3594 2253 erat.

2030 2293 2047 2324 ι
2088 2273 2153 2327 Et
2183 2274 2464 2341 Dominus,
2498 2279 2700 2347 inquit,
2726 2280 2867 2336 Deus
2892 2282 3032 2336 dixit
3061 2300 3073 2336 :
3113 2283 3233 2339 Non
3262 2291 3604 2356 permanebit

2022 2368 2247 2437 spiritus
2277 2370 2499 2424 meusin
2524 2370 2743 2427 nomine
2769 2372 2822 2427 in
2853 2382 3140 2442 aeternum,
3164 2380 3292 2448 quia
3318 2396 3446 2435 caro
3474 2395 3557 2437 est
3584 2402 3598 2449 ;

2021 2469 2293 2529 eruntque
2326 2462 2442 2517 dies
2488 2463 2636 2518 illius
2671 2476 2891 2520 centum
2926 2478 2981 2522 et
3010 2469 3195 2539 viginti
3242 2488 3536 2530 annorum.
3575 2496 3594 2528 ι

2021 2552 2099 2604 Ad
2133 2554 2278 2620 quod
2306 2553 2455 2608 addit
2505 2554 2787 2624 Scriptura
2818 2572 2832 2609 :
2870 2576 2888 2610 ι
2920 2556 3071 2615 Finis
3116 2561 3387 2617 universa:
3413 2568 3598 2622 carnis

2022 2644 2165 2697 venit
2200 2659 2385 2697 coram
2416 2660 2504 2699 me
2535 2663 2549 2700 :
2593 2648 2793 2715 repleta
2833 2657 2916 2704 est
2950 2657 3092 2703 terra
3133 2649 3419 2721 iniquitate
3453 2670 3481 2708 a
3510 2656 3597 2710 [ιι-

2021 2733 2103 2787 cie
2135 2748 2347 2797 eorum,
2385 2741 2439 2787 et
2467 2748 2568 2801 ego
2607 2734 2919 2803 disperdam
2965 2752 3063 2793 eos
3103 2754 3226 2792 cum
3262 2748 3431 2795 terra.
3467 2761 3485 2795 ι
3533 2745 3599 2797 Iit

2021 2825 2272 2894 quamvis
2300 2827 2365 2879 ad
2394 2836 2611 2880 centum
2638 2828 2827 2898 viginti
2863 2830 3163 2885 vindictam
3196 2834 3593 2906 prolongasset,

2021 2910 2358 2982 iniquitatem
2388 2913 2574 2968 videns
2618 2916 2672 2968 in
2713 2917 2856 2971 diem
2891 2920 3117 2988 augeri,
3151 2922 3404 2979 rescissis
3463 2941 3597 2981 cen-

2022 3010 2138 3056 tum
2168 3001 2349 3067 annis,
2371 3002 2640 3057 diluvium
2665 3020 2832 3075 super
2859 3017 3059 3061 terram
3094 3010 3263 3063 misit.
3284 3012 3424 3067 Dicit
3446 3018 3591 3069 enim

2019 3091 2270 3147 Noemo:
2312 3114 2331 3144 ι
2374 3092 2480 3146 Fac
2507 3093 2602 3148 tibi
2629 3109 2836 3161 aream,
2875 3112 2937 3150 ex
2980 3096 3146 3166 lignis
3179 3098 3594 3170 quadrangula-

2020 3186 2173 3241 ribus
2220 3184 2584 3251 incorruptis;
2617 3187 2956 3241 mansiculas
2997 3188 3188 3255 facies,
3220 3200 3277 3244 et
3324 3192 3594 3250 bitumine

2019 3279 2175 3333 linies
2211 3278 2565 3333 intrinsecus.
2598 3278 2661 3332 Et
2684 3280 2765 3334 sic
2803 3280 2973 3335 facies
3022 3296 3140 3336 eam
3177 3300 3192 3338 :
3223 3291 3588 3340 trecentorum

2020 3370 2328 3426 cubitorum
2360 3372 2467 3425 erit
2502 3370 2805 3441 longitudo,
2849 3374 3245 3444 quinquaginta
3276 3377 3588 3433 cubitorum

2019 3463 2266 3529 latitudo,
2303 3474 2353 3518 et
2378 3462 2598 3533 triginta
2625 3464 2935 3520 cubitorum
2963 3467 3194 3523 altitudo
3218 3483 3378 3524 areae.
3414 3468 3589 3527 Fene-

2016 3567 2185 3612 stram
2234 3556 2287 3609 in
2338 3572 2463 3611 arca
2494 3556 2684 3622 facies,
2735 3568 2790 3613 et
2838 3560 2892 3613 in
2943 3560 3129 3614 cubito
3183 3562 3590 3619 consummabis

2018 3651 2386 3705 summitatem
2412 3649 2553 3720 ejus.
2586 3650 2800 3705 Ostium
2832 3661 3015 3706 autem
3054 3667 3196 3708 arca:
3224 3668 3395 3723 pones
3424 3655 3480 3709 in
3512 3656 3592 3709 la-

2018 3748 2152 3806 tere,
2179 3740 2457 3804 deorsuin,
2493 3742 2795 3807 cmnacula,
2828 3751 2882 3797 et
2910 3743 3128 3813 tristega
3161 3745 3328 3801 facies
3359 3746 3413 3800 in
3443 3762 3528 3802 ea.
3564 3765 3585 3799 ι

1995 3836 2157 3890 Ὅθεν
2207 3837 2383 3906 φησί’
2414 3855 2432 3888 ι
2463 3837 2697 3909 Ποίησον
2741 3838 2952 3908 σεαυτῷ
3004 3839 3236 3892 κιϐωτὸν
3282 3842 3349 3893 ὲκ
3419 3841 3590 3906 ξύλων

328 3922 695 3989 τετραγώνων
748 3928 1009 3998 ἀσήπτων
1045 3930 1087 3961 ’⁸
1114 3946 1126 3958 ·
1181 3933 1403 3996 νοσσιάς
1453 3934 1701 4004 ποιήσεις
1732 3935 1774 3966 ⁸³
1814 3937 1911 3987 καὶ
1948 3933 2330 4002 ἀσφαλτώσεις
2397 3936 2568 4005 αὐτὴν
2599 3933 2803 3989 ἔσωθεν
2826 3935 2872 3966 ²⁰
2897 3937 2961 4004 τῇ
3023 3935 3304 4007 ἀσφάλτῳ,
3325 3938 3417 3991 καὶ
3447 3937 3592 3992 οὔτε»

328 4014 586 4083 ποιήσεις
612 4016 785 4086 αὐτὴν
813 4023 856 4069 τ’
892 4020 1110 4087 πήχεων
1144 4020 1197 4072 :6
1231 4023 1406 4092 μῆκος
1430 4022 1672 4076 acab/7.6
1700 4023 1903 4087 πλάτος
1941 4026 2039 4078 καὶ
2072 4023 2116 4077 λ’
2154 4024 2216 4076 τὸ
2271 4022 2426 4092 ὕψος.
2465 4022 2919 4093 Ἐπισυναγαγὼν
2936 4025 2979 4055 ⁸⁸
3039 4030 3288 4095 ποιήσεις
3328 4027 3500 4101 αὐτὴν
3518 4029 3591 4096 ⁸³,

330 4105 681 4168 συντελέσεις
709 4108 880 4177 αὐτὴν
914 4108 1142 4163 ἀνωθεν.
1176 4112 1285 4182 Τὴν
1313 4112 1370 4164 δὲ
1404 4112 1575 4183 θύραν
1605 4114 1906 4182 ἐκπλαγίου
1945 4113 2211 4185 διώροφα,
2240 4116 2335 4167 καὶ
2371 4113 2657 4185 τριώροφα
2687 4118 2937 4185 ποιήσεις
2959 4116 3007 4147 ³³
3045 4120 3218 4187 αὑτήν
3238 4120 3304 4173 ³⁸.
3340 4140 3359 4172 ι

406 4201 520 4268 (ιο)
564 4201 706 4253 Ἀλλ’
748 4202 841 4255 οὖν
897 4205 961 4271 γε
1012 4222 1158 4269 τινες
1193 4207 1302 4260 τῶν
1348 4206 1618 4279 Ἑλλήνων
1666 4209 1906 4280 ἐπιλαμ·

329 4291 626 4361 ϐανόμενοι
644 4293 709 4346 τὸ
742 4295 906 4363 ῥητὸν
926 4294 1156 4364 ἔφασαν,
1182 4297 1256 4361 ὠς
1280 4298 1541 4352 ἀδύνατον
1565 4296 1633 4370 ἦν
1657 4302 1908 4372 χωρῆσαι

2086 4211 2246 4265 Hunc
2275 4217 2480 4263 textum
2513 4209 2824 4263 Griecorum
2860 4210 3082 4278 quidam
3126 4211 3432 4267 cribrantes
3470 4214 3585 4268 ﬁeri

2013 4316 2174 4371 posse
2204 4311 2471 4371 negarunt
2501 4310 2558 4354 ut
2590 4301 2646 4353 in
2683 4310 3049 4353 trecentorum
3071 4300 3379 4354 cubitorum
3410 4303 3586 4371 spatio

327 4381 573 4435 τοσαῦτα
613 4383 868 4453 πολυειδῆ
902 4390 996 4437 καὶ
1030 4385 1234 4457 ἄπειρα
1283 4388 1417 4460 γένη
1456 4390 1566 4441 τῶν
1618 4388 1773 4452 ζώων
1801 4390 1907 4460 πή-

2023 4403 2093 4447 ιοι
2121 4406 2315 4461 genera
2342 4392 2657 4445 animalium
2684 4391 3083 4445 contineantur.
3103 4390 3208 4445 Sed
3236 4390 3289 4445 lii
3314 4391 3463 4447 scioli
3491 4395 3583 4464 qui

327 4489 448 4543 χεις
486 4475 809 4544 τριακοσίας
844 4477 941 4529 καὶ
974 4477 1153 4546 μόνον.
1188 4480 1297 4531 Καὶ
1329 4481 1432 4533 οὐκ
1461 4481 1642 4532 ἴσασιν
1669 4481 1719 4532 oi
1746 4480 1907 4551 δῆθεν

2023 4485 2128 4539 Deo
2182 4483 2417 4537 creatori
2472 4492 2737 4552 praecepta
2774 4480 2907 4537 dare
2944 4491 3285 4552 praesumunt
3333 4484 3586 4540 nesciunt

332 4568 492 4632 σοφοὶ
550 4566 648 4620 καὶ
698 4568 1122 4638 ἀπερισκέπτως
1152 4571 1196 4601 ³⁵
1242 4573 1335 4624 καὶ
1389 4571 1618 4641 ἀμαθῶς
1661 4571 1729 4625 τὰ
1784 4572 1907 4625 θεῖα

327 4657 488 4727 λόγια
527 4658 1135 4731 πολυπραγμονοῦντες,
1185 4663 1267 4715 ὅτι
1316 4679 1420 4735 περ
1458 4664 1487 4715 6
1534 4664 1909 4735 συγγραφεὺς,

327 4747 661 4819 γεωμέτρης
726 4750 990 4821 ὑπάρχων
1037 4751 1728 4827 Αἰγύπτου-ἐπαιδεύθη
1779 4756 1911 4829 γὰρ,

331 4844 490 4909 φησὶ,
526 4842 767 4912 Μωυσῆς
808 4844 958 4915 πάσῃ
997 4847 1163 4916 σοφίᾳ
1204 4845 1617 4914 Δίγυπτίων-
1645 4847 1728 4900 ὅτι
1773 4863 1913 4915 γεω-

330 4931 606 5003 μετρικὴν
649 4932 835 5003 πῆχυν
868 4933 998 5005 ἔφη,
1050 4936 1173 5005 ἦτις
1205 4937 1431 5007 ὀργυιὰν
1466 4938 1730 5009 μεγίστην
1771 4937 1910 5008 ἔχει.

329 5026 450 5094 Τὴν
486 5026 597 5095 γάρ
624 5026 709 5080 τοί
738 5044 803 5096 γε
826 5030 1173 5099 γεωμετρίαν
1202 5028 1516 5097 Αἰγύπτιοι,
1544 5028 1728 5097 φασιν,
1751 5028 1915 5098 ἐφεῦ-

329 5134 453 5188 ρον,
478 5121 545 5171 ἐκ
576 5119 668 5173 τοῦ
698 5122 932 5175 ἀπλέτου
957 5122 1054 5192 τῆς
1081 5122 1184 5192 γῆς
1207 5121 1306 5192 τὴν
1335 5121 1597 5193 διαίρεσιν
1623 5121 1901 5192 διδαχθέν-

2014 4577 2335 4645 scriptorem
2366 4584 2612 4629 nostrum
2639 4583 2973 4644 geometram
2995 4590 3120 4632 esse
3145 4576 3413 4645 (eruditus
3437 4578 3582 4634 enim

2008 4676 2088 4723 est
2132 4667 2346 4737 Moyses
2384 4666 2437 4720 in
2471 4666 2622 4720 omni
2656 4666 2923 4737 sapientia
2955 4665 3364 4738 Egyptiorum)
3398 4678 3451 4723 et
3484 4684 3585 4725 cu-

2010 4760 2182 4814 bitum
2219 4757 2609 4828 geometricum
2643 4757 2883 4812 indicare
2903 4758 3323 4827 amplissimum.
3356 4756 3586 4812 Geome-

2011 4852 2168 4906 triam
2204 4850 2405 4905 etenim
2439 4847 2677 4920 Egyptii
2710 4849 2985 4904 invenisse
3014 4849 3271 4905 dicuntur
3301 4863 3472 4919 eaque
3497 4850 3581 4904 usi

2011 4944 2078 4998 ad
2113 4943 2588 5013 agrimensuram;
2636 4950 2862 4996 caeteras
2890 4942 3083 4996 deinde
3118 4951 3305 5012 gentes
3336 4949 3579 4994 mutuam

2011 5034 2306 5104 accepisse.
2336 5032 2420 5087 0b
2467 5034 2609 5085 lianc
2658 5032 2823 5101 igitur
2860 5031 3143 5087 scientiam
3177 5030 3453 5102 egregiam
3484 5046 3581 5085 eus

2009 5123 2168 5177 laude
2204 5120 2523 5178 cumulavit.
2554 5119 2659 5174 Sed
2689 5121 2832 5175 aliud
2868 5137 3085 5192 quoque
3111 5121 3325 5186 diluvii,
3348 5121 3394 5175 si
3420 5119 3581 5175 Juse-

1523 5212 1724 5274 Variae
1778 5211 2086 5274 lectiones
2131 5219 2193 5273 et
2232 5218 2423 5273 notae.

397 5318 418 5348 '
450 5315 587 5370 an.
644 5331 729 5380 Ill,
770 5313 865 5378 9.8,
888 5329 1002 5370 om.
1034 5313 1150 5369 καί.
1226 5314 1247 5345 ⁸
1277 5312 1339 5365 τὸ

328 5386 522 5440 ἑαυτοῦ
576 5388 835 5458 τεχθῆναι
866 5386 918 5439 ὑ.
961 5387 1008 5438 ὲ.
1049 5387 1131 5447 είς
1166 5385 1269 5455 τήν
1301 5380 1392 5438 Ο.’
1443 5383 1484 5414 ⁸ο
1518 5384 1612 5435 καὶ
1644 5380 1805 5435 οἱ)τώ
1826 5380 2033 5451 γίνεται
2059 5387 2121 5436 0.
2200 5384 2237 5414 “
2273 5380 2318 5435 τ’
2357 5381 2500 5433 Mun.

330 5458 375 5488 "
403 5457 751 5523 Παρθενικῆς
795 5453 942 5509 Mon.
1018 5455 1063 5488 "‘
1107 5456 1243 5510 Gen.
1297 5472 1368 5517 ιι,
1412 5455 1467 5509 5.
1546 5453 1589 5483 ¹⁸
1621 5453 1884 5522 ἀσήπτων
1941 5454 2060 5523 ἦτοι
2123 5453 2383 5523 κεδρίνων
2430 5448 2491 5500 l”

1980 5471 2060 5505 τοι
2123 5468 2383 5522 γλορινων
2430 5468 2512 5500 ιη.

330 5458 375 5488 ’³
403 5453 751 5528 Παρθενικῆς
795 5453 942 5509 Men.
1018 5453 1269 5528 “ﬁeri.
1297 5472 1368 5517 ιι,
1412 5455 1467 5528 ζό.
1546 5453 1589 5528 ¹ᾕ⁸
1621 5453 1884 5528 adﬁrmem

1380 5313 1478 5383 μὲν
1500 5342 1568 5351 --
1598 5312 1874 5383 ἐφυλάχθη
1896 5314 1921 5366 Ξ

2023 5329 2107 5366 im.
2143 5311 2207 5366 o.
2285 5309 2477 5383 1,3547
2504 5308 2709 5383 (alia),
2738 5379 2761 5383 _
2787 5308 3211 5383 ομδιιηξειιε),
3242 5310 3308 5383 __'_
3340 5307 3388 5377 ρ’
3414 5309 3583 5383 τοῦςῖ

2579 5382 2621 5409 ⁸³
2668 5379 2764 5432 Γοῦ
2797 5380 2854 5431 δέ
2883 5409 2951 5417 -—
2978 5380 3089 5431 δέει
3144 5378 3308 5443 35,25
3360 5397 3471 5434 om.
3509 5380 3575 5435 Ο.

2593 5451 2636 5481 ’³
2669 5449 2804 5503 Gen.
2854 5465 2927 5507 vt.
2990 5451 3076 5503 l3.
3156 5450 3199 5481 ¹⁷
3246 5448 3336 5502 διὰ
3390 5450 3581 5504 τοῦτοί

330 5528 374 5557 ’³
402 5518 544 5583 lien.
569 5544 640 5590 ιι,
674 5518 756 5592 ιεὶ,
783 5528 1043 5595 ἀσήπτων
1065 5525 1098 5597 ἢ
1121 5526 1380 5597 κεδρίνων
1414 5525 1466 5578 in
1496 5518 1725 5597 sclruliog
1806 5526 1921 5597 "Afri

2023 5518 2242 5575 κιϐωτόν
2273 5522 2411 5574 Gen.
2491 5520 2535 5549 ²⁰
2570 5520 2662 5572 καὶ
2686 5518 2886 5581 ἔξωθεν
2911 5518 3047 5574 Gen.
3124 5520 3167 5551 ιι
3203 5518 3578 5597 ignava-qm"

324 5598 461 5652 Gen.
500 5615 577 5661 τι,
614 5601 701 5651 lli.
744 5590 822 5629 ⁷³³
854 5590 946 5649 καὶ
973 5598 1053 5658 είς
1086 5590 1262 5665 πῆχυν
1289 5596 1427 5649 Gen.
1506 5595 1551 5626 “
1580 5594 1627 5646 0.
1666 5592 1763 5662 τῆς
1796 5594 1921 5647 κιϐιι

2023 5596 2030 5643 i
2063 5595 2305 5663 ποιήσεις
2330 5594 2390 5643 ἐκ
2420 5590 2659 5657 πλαγίων
2689 5591 2964 5655 κχτάγαια
2996 5592 3127 5647 Gen.

326 5670 371 5701 ”
399 5672 835 5740 hrczpmnémw;
878 5666 916 5722 Ι.
959 5668 1401 5739 ἀπερισκέπτως.

3208 5592 3250 5623 ’⁵
3279 5592 3415 5661 αὐτῇ
3437 5596 3575 5663 Aug.
