4094 6212
508 274 607 337 ιω

1709 271 2025 334 GEORGII
2066 273 2520 337 HAMARTOLI

3651 278 3758 344 108

502 388 691 454 verbo,
711 387 955 443 omnium
987 384 1078 454 qui
1111 384 1162 438 in
1205 380 1347 437 idola
1391 380 1733 437 insanierunt
1758 383 2065 453 discrepans

2177 386 2311 450 Θεὸς
2342 388 2423 450 εἱς
2461 386 2633 448 πάθος
2674 383 2957 451 ἀτιμίας.»
2995 384 3106 454 (l8)
3137 386 3245 439 Καὶ
3268 386 3405 449 ὅλως
3440 386 3549 441 τῶν
3583 389 3642 443 ἐν
3687 393 3755 445 εἰ·

502 486 585 533 est
621 479 807 547 opinio
836 484 891 530 et
920 474 1125 538 cultus,
1161 488 1260 528 nec
1310 473 1499 528 eadem
1551 474 1691 543 apud
1736 473 1884 543 ipsos
1927 474 2078 528 inve~

503 570 745 625 niuntur.
777 567 840 619 Et
858 566 982 634 jure
1002 566 1258 635 quidem;
1281 562 1413 619 illud
1434 564 1578 618 enim
1606 578 1711 617 nou
1736 580 1961 633 parvum
1991 580 2079 619 ar-

499 661 813 731 gumentum
843 666 926 712 est
956 656 1249 727 impietatis
1280 670 1491 711 corum.
1515 653 1648 709 Cum
1676 656 1823 710 enim
1862 656 1995 710 varii
2025 666 2081 711 et

499 747 655 803 multi
688 749 801 803 sint
829 748 883 802 in
914 762 1259 817 quacumque
1292 747 1511 815 regione
1534 746 1634 808 dii,
1656 747 1831 802 altero
1850 748 2077 804 alterius

496 841 657 895 deum
688 840 934 905 tollente,
972 840 1239 895 tolluntur
1280 853 1493 894 omnes.
1545 838 1755 893 Etenim
1803 842 1897 910 qui
1934 844 2075 911 apud

497 931 633 990 alios
663 930 736 985 dii
768 930 1045 997 coluntur,
1082 931 1151 985 iis
1182 931 1274 1000 qui
1316 930 1459 999 apud
1511 931 1649 985 alios
1696 931 1959 987 dicuntur
1997 932 2073 986 dii

498 1022 851 1075 immolantur
880 1030 933 1076 et
963 1021 1363 1076 saerilicaulur.
1396 1018 1634 1089 Egyptii
1658 1021 1814 1089 Apim
1845 1022 2070 1075 vitulum

497 1123 828 1169 venerantur
852 1122 906 1169 et
931 1113 1268 1169 Mendesium
1299 1112 1534 1177 hircum,
1569 1127 1708 1183 quos
1734 1113 1956 1183 quidem
1982 1115 2073 1170 alii

496 1205 615 1261 Ιονί
654 1206 972 1272 immolant;
1004 1206 1156 1276 Libyi
1187 1219 1316 1259 oves
1345 1205 1598 1268 adorant,
1629 1214 1683 1258 et
1706 1204 1773 1257 ab
1797 1204 1920 1260 aliis
1943 1221 2073 1261 oves

500 1299 566 1353 ad
617 1299 902 1354 victimam
952 1297 1294 1367 iugulantur.
1364 1295 1479 1350 lndi
1538 1296 1814 1351 Bacchum
1883 1298 2075 1353 colunt

497 1389 794 1458 symbolice
834 1390 1014 1458 ipsum
1068 1389 1252 1441 vinum
1314 1387 1668 1456 appellantes,
1703 1395 1755 1440 et
1790 1386 1879 1441 alii
1924 1388 2070 1443 istud

496 1481 703 1548 libant;
734 1481 827 1535 alii
883 1495 1013 1535 vero
1049 1479 1275 1535 ﬂumina
1332 1486 1388 1534 et
1435 1477 1637 1544 fuittes,
1694 1486 1749 1532 et
1802 1481 2071 1549 przecipuc

496 1576 731 1647 Egyptii
767 1590 963 1646 aquam
991 1575 1164 1646 pluris
1196 1574 1441 1630 fecerunt
1472 1582 1527 1628 et
1566 1574 1726 1628 deum
1755 1573 2068 1629 declarave-

493 1680 640 1725 runt.
709 1670 865 1739 Apud
918 1669 1136 1723 eosdem
1194 1674 1403 1721 tantum
1444 1679 1610 1734 super
1643 1678 1835 1719 omnes
1882 1674 2099 1743 gentes

2181 475 2373 538 δὼλοις
2410 474 2693 544 μανέντων
2730 473 2947 527 πάντων
2979 474 3231 542 διάφορός
3257 476 3410 529 ἐστιν
3441 478 3475 547 ὴ
3508 477 3637 545 δόξα
3669 482 3759 532 καὶ

2181 565 2213 633 ἡ
2252 563 2540 634 θρησκεία.
2572 562 2665 617 καὶ
2693 564 2753 616 οὐ
2787 563 2858 616 τὰ
2882 562 3022 615 αὐτά
3059 564 3211 634 παρά
3254 567 3368 627 τοῖς
3428 566 3616 631 αὐτοῖς
3667 570 3753 621 εὐ-

2184 656 2451 724 ρίσκεται.
2484 657 2592 707 Καὶ
2614 655 2840 717 εἰκότως
2875 671 2888 684 ’
2923 655 3081 709 τοῦτο
3102 656 3212 725 γὰρ
3230 657 3293 710 οὐ
3320 658 3518 728 μικρὸς
3538 660 3762 731 ἔλεγχός

2179 748 2296 799 ἐστι
2313 746 2410 814 τῆς
2437 746 2617 799 αὐτῶν
2644 745 2938 816 ἀθεότητος
2956 763 2971 780 ·
3003 746 3280 819 διαφόρων
3311 748 3422 819 γὰρ
3451 750 3628 806 όντων
3661 756 3761 806 καὶ

2181 836 2392 890 πολλῶν
2428 840 2571 891 κατὰ
2600 836 2786 908 χώραν
2814 838 2974 902 θεῶν,
2997 839 3089 893 τοῦ
3110 840 3299 909 ἐτέρου
3328 839 3420 892 τὸν
3448 841 3545 894 τοῦ
3568 842 3760 912 ἐτέρου

2178 928 2300 982 θεὸν
2326 930 2346 960 ⁶
2376 930 2751 1001 ἀναιροῦντος,
2790 932 2838 981 οἱ
2870 930 3072 992 πάντες
3104 929 3459 999 ἀναιροῦνται
3480 947 3495 962 ⁸
3532 933 3628 986 καὶ
3652 936 3761 1002 γὰρ

2178 1022 2226 1075 οἱ
2255 1023 2388 1093 παρ’
2418 1022 2601 1083 ἄλλοις
2635 1020 2986 1091 νομιζόμενοι
3045 1022 3159 1074 θεοὶ
3219 1022 3328 1075 τῶν
3397 1024 3530 1093 παρ’
3581 1024 3761 1078 ἄλλων

2177 1115 2486 1184 λεγομένων
2511 1114 2649 1167 θεῶν
2681 1113 2924 1180 γίνονται
2965 1114 3191 1167 σπονδαὶ
3222 1116 3318 1168 καὶ
3350 1115 3553 1169 θυσίαι.
3585 1116 3757 1184 Αἰγύ-

2178 1224 2324 1259 πτιοι
2358 1208 2456 1275 μὲν
2487 1207 2577 1259 τὸν
2605 1202 2772 1259 τΔπτιν
2805 1205 2936 1274 βοῦν
2964 1206 3165 1275 μόσχον
3208 1207 3340 1259 ὄντα
3395 1207 3615 1260 σέϐουσι
3663 1210 3755 1262 καὶ

2174 1300 2267 1351 τὶν
2299 1298 2606 1368 Μενδήσιον
2655 1297 2881 1366 τράγον,
2943 1298 3171 1362 τούτους
3225 1299 3281 1351 δὲ
3343 1299 3493 1353 ἄλλοι
3538 1301 3613 1367 τῷ
3674 1302 3758 1354 Διῖ

2174 1388 2414 1441 θύουσιν.
2442 1389 2642 1452 Λίϐυες
2668 1390 2687 1419 ⁷
2712 1388 2769 1440 δὲ
2809 1387 3456 1458 προϐατοθεοποιοῦντες,
3474 1392 3570 1443 καὶ
3598 1391 3759 1444 τοῦτο

2175 1482 2305 1552 παρ’
2345 1481 2550 1548 ἑτέρων
2577 1480 2598 1512 ⁸
2622 1482 2703 1542 εἰς
2735 1479 2926 1533 Θυσίαν
2957 1478 3254 1547 σφάττεται
3279 1481 3321 1533 ⁸.
3366 1480 3516 1533 Ἰνδοὶ
3557 1481 3616 1534 δὲ
3662 1481 3758 1533 τὸν

2173 1575 2425 1626 Διόνυσον
2456 1571 2842 1644 θρησκεύουσι,
2897 1571 3247 1642 συμϐολικῶς
3285 1573 3447 1626 αὐτὸν
3504 1570 3648 1627 οἶνον
3713 1575 3758 1605 ⁸⁸

2172 1665 2549 1734 ὀνομάζοντες.
2583 1665 2694 1716 Καὶ
2723 1662 2874 1717 ἄλλοι
2902 1662 3093 1717 τοῦτον
3118 1664 3428 1731 σπένδουσι,
3463 1664 3643 1735 ἕτεροι
3700 1665 3757 1717 δὲ

493 1760 956 1831 superabundavit
1002 1762 1227 1815 insanus
1273 1759 1547 1813 idolorum
1591 1757 1805 1821 cultus,
1851 1767 1911 1810 ut
1956 1772 2065 1811 non

2174 1756 2457 1826 ποταμοὺς
2485 1758 2580 1809 καὶ
2604 1757 2786 1826 πηγάς
2812 1755 2853 1786 ¹¹
2877 1772 2889 1785 ·
2925 1758 3016 1810 καὶ
3052 1757 3269 1811 πάντων
3327 1757 3531 1825 μᾶλλον
3584 1758 3757 1825 Δὶγύο

492 1855 668 1910 solum
701 1854 868 1907 boves
898 1861 952 1905 ct
981 1852 1187 1915 hircos,
1234 1864 1401 1904 canes
1438 1860 1492 1902 et
1531 1848 1722 1903 simias
1748 1847 2067 1912 adorarent,

491 1946 581 2000 sed
614 1954 667 1999 et
692 1944 818 1998 allia
849 1951 903 1999 et
930 1956 1091 2013 cepas
1120 1949 1173 1996 et
1196 1941 1368 1995 multa
1396 1940 1525 1994 vilia
1554 1939 1702 1994 olera
1732 1940 1866 1995 deos
1894 1953 2060 1993 voca-

491 2044 613 2091 rent
644 2044 699 2091 et
728 2036 1021 2091 adorarent
1069 2049 1180 2103 pra:
1210 2034 1378 2087 nimia
1429 2032 1727 2102 impietate.
1756 2031 1823 2086 Et
1868 2045 2065 2101 aquam

490 2129 715 2199 quidem
772 2127 876 2181 Nili
920 2128 1345 2189 venerabantur,
1397 2134 1582 2194 utpote
1620 2139 1740 2194 qua:
1790 2124 2067 2196 regionem

495 2221 741 2290 ipsorum
776 2219 1074 2289 irrigabat;
1108 2218 1295 2272 bovem
1323 2222 1505 2269 autem
1541 2216 1737 2269 divinis
1767 2214 2072 2271 adiciebant

489 2310 810 2376 honoribus,
832 2320 891 2365 ut
908 2309 1296 2378 agriculturam
1328 2314 1717 2377 exsequentem
1734 2317 1788 2361 et
1805 2306 2065 2361 alimenta

492 2414 805 2473 parantem;
859 2402 1070 2457 hircum
1122 2416 1249 2455 vero
1272 2411 1326 2455 et
1366 2416 1499 2455 oves
1554 2400 1624 2454 ob
1681 2415 1868 2454 earum
1922 2399 2069 2453 utili-

496 2506 662 2553 talem
686 2513 701 2565 ;
731 2505 955 2551 cazteras
985 2496 1446 2561 abominationes,
1473 2507 1747 2564 canesque
1775 2502 1831 2548 et
1857 2494 2069 2561 simias,

485 2595 540 2644 et
590 2587 834 2642 marinas
881 2586 1086 2642 bestias
1131 2594 1185 2641 et
1240 2585 1347 2640 alia
1405 2585 1642 2641 absurda
1701 2584 1960 2639 animalia
2015 2591 2069 2637 ct

486 2668 636 2734 olera
665 2679 940 2743 colebant,
968 2692 1043 2733 eo
1095 2678 1245 2749 quod
1292 2678 1522 2733 salutem
1567 2678 1881 2748 praebebant
1928 2685 2071 2732 tern-

484 2784 617 2840 pore
647 2770 802 2827 exitii
837 2768 1174 2838 ,Pharsonis.
1213 2768 1445 2835 Quando
1483 2770 1627 2823 enim
1671 2768 1774 2824 iste
1806 2766 2060 2823 lsraelem

485 2877 820 2933 persequens
850 2863 1171 2919 submersus
1204 2872 1311 2928 est,
1337 2862 1731 2933 ;unusquisque
1766 2861 1899 2915 illud
1937 2875 2064 2931 pro-

484 2964 605 3025 pter
625 2955 770 3025 quod
798 2954 1093 3024 impeditus
1121 2952 1301 3009 fuerat
1332 2968 1401 3009 ue
1430 2952 1776 3009 Pharaonem
1810 2966 2063 3023 sequere-

482 3054 592 3113 tur,
625 3057 680 3103 et
710 3047 871 3118 cujus
900 3050 1194 3103 occasione
1240 3046 1427 3103 salvus
1461 3053 1733 3112 evaserat,
1768 3045 1896 3099 illud
1920 3085 1933 3109 ,
1974 3046 2062 3099 in-

481 3153 670 3209 quam,
702 3138 893 3194 divino
925 3138 1104 3195 all‘ecit
1153 3138 1386 3205 honore,
1413 3138 1642 3193 dicens:
1676 3154 1696 3189 ι
1740 3137 1883 3192 Deus
1908 3151 2064 3192 meus

481 3230 661 3287 factus
714 3244 773 3286 es
810 3231 971 3286 hodie
997 3230 1324 3301 praesertim,
1369 3244 1465 3301 per
1510 3244 1673 3300 quem
1718 3229 1902 3285 salvus
1955 3245 2062 3285 non

482 3319 620 3392 perii
658 3334 783 3375 cum
814 3320 1120 3389 Pharaone,
1164 3321 1458 3390 impeditus
1497 3321 1600 3375 ista
1640 3320 2003 3388 providentia.
2037 3338 2055 3371 ι

2174 1863 2319 1901 πτιοι
2350 1848 2410 1900 τὸ
2431 1847 2578 1917 ὕδωρ
2602 1849 3043 1919 προτετιμήκασι
3073 1847 3169 1901 καὶ
3200 1848 3323 1901 θεὸν
3349 1850 3752 1919 ἀνηγόρευσαν.

2182 1940 2295 2013 (19)
2342 1939 2433 1993 Ἐν
2470 1934 2553 2004 οἷς
2570 1943 2665 1992 καὶ
2698 1940 2952 1993 τοσοῦτον
2977 1940 3455 2011 ὑπερεπλεόνασεν
3507 1944 3541 2011 ἡ
3598 1943 3756 1995 είδω-

2173 2034 2407 2104 λομανία
2443 2033 2486 2065 ¹³
2515 2032 2669 2102 παρὰ
2699 2034 2767 2086 τὰ
2800 2032 2929 2104 ἔθνη
2958 2035 3157 2100 πάντα,
3193 2034 3267 2097 ὡς
3301 2035 3363 2086 οὐ
3412 2036 3575 2104 μόνον
3624 2035 3756 2105 βόας

2171 2143 2232 2178 τε
2262 2126 2355 2179 καὶ
2386 2125 2623 2195 τράγους
2652 2129 2745 2178 καὶ
2768 2125 2938 2189 κύνας
2972 2128 3065 2178 καὶ
3092 2126 3361 2197 πιθήκους
3392 2127 3754 2197 θεραπεῦσαι,

2172 2217 2308 2271 ἀλλὰ
2336 2216 2447 2288 46
2492 2217 2587 2270 καὶ
2625 2217 2857 2287 σκόροδα
2895 2218 2989 2270 καὶ
3037 2218 3257 2287 κρόμυα
3292 2220 3389 2271 καὶ
3426 2218 3600 2272 πολλὰ
3642 2220 3754 2272 τῶν

2170 2308 2405 2362 εὐτελῶν
2434 2309 2477 2340 ¹³
2509 2307 2761 2376 λαχάνων
2795 2307 2951 2371 θεοὺς
2980 2308 3252 2379 ὀνομάσαι
3300 2310 3344 2340 ⁸⁵
3374 2316 3470 2362 καὶ
3501 2326 3754 2380 προσκυ-

2170 2401 2445 2471 νῆσαιδιά
2484 2401 2576 2454 τὸν
2608 2400 2843 2454 πλοῦτον
2894 2404 2994 2472 τῆς
3046 2402 3326 2466 ἀσεϐείας.
3382 2403 3494 2456 Καὶ
3532 2403 3595 2455 τὸ
3652 2403 3757 2471 μὲν

2172 2491 2319 2565 ὓδωρ
2358 2493 2452 2547 τοῦ
2490 2492 2685 2548 Νείλου
2716 2493 2971 2548 ἐσέϐοντο
2985 2494 3061 2555 ὼς
3081 2496 3181 2563 τὴν
3204 2496 3390 2565 χώραν
3419 2496 3531 2566 (Ib)
3568 2496 3756 2549 αὐτῶν

2169 2583 2398 2653 ἁρδεῦον
2427 2585 2469 2616 ¹⁸
2495 2599 2507 2612 ⁸
2556 2583 2649 2637 τὸν
2678 2584 2735 2637 δὲ
2759 2583 2888 2655 βοῦν
2912 2584 3228 2639 ἐθεοποίουν
3260 2587 3303 2619 ’⁸
3333 2587 3409 2648 ὼς
3433 2586 3533 2656 τὴν
3574 2603 3754 2656 γεωρ-

2171 2676 2297 2743 γίαν
2327 2675 2680 2728 ἐπιτελοῦντα
2710 2674 2806 2729 καὶ
2830 2678 2931 2745 τὴν
2961 2676 3169 2747 τροφὴν
3221 2677 3539 2749 πορίζοντα,
3569 2676 3663 2729 τὸν
3695 2676 3754 2730 δὲ

2167 2766 2371 2838 τράγον
2407 2768 2501 2819 καὶ
2527 2766 2596 2820 τά
2630 2766 2879 2837 πρόϐατα
2901 2768 2989 2821 διὰ
3021 2769 3124 2839 τὴν
3182 2768 3244 2833 ἐξ
3296 2768 3477 2824 αὐτῶν
3506 2768 3704 2838 χρῆσιν
3735 2782 3752 2799 ⁸

2164 2860 2233 2913 τὰ
2261 2860 2318 2912 δὲ
2345 2860 2509 2912 λοιπά
2545 2858 2898 2929 βδελύγματα
2925 2901 2941 2927 ,
3002 2861 3173 2925 κύνας
3216 2878 3274 2913 τε
3333 2862 3431 2915 καὶ
3474 2861 3751 2932 πιθήκους

2165 2952 2261 3007 καὶ
2291 2952 2540 3006 κνώδαλα
2571 2954 2667 3005 καὶ
2707 2953 2806 3023 τὴν
2829 2953 3025 3024 λοιπὴν
3057 2955 3370 3022 ἀπρέπειαν
3421 2954 3535 3008 τῶν
3590 2953 3752 3018 ζώων

2166 3061 2228 3097 τε
2260 3046 2353 3098 καὶ
2381 3046 2632 3116 λαχάνων
2657 3046 2992 3118 ἐθεράπευον
3017 3048 3087 3113 ⁸⁷,
3118 3048 3311 3101 καθότι
3342 3047 3625 3118 πρόφασις
3651 3048 3749 3100 αὐ-

2168 3143 2278 3204 τοῖς
2309 3141 2365 3195 αἱ
2398 3142 2527 3211 περὶ
2554 3140 2726 3194 ταῦτα
2771 3144 2955 3212 χρεῖαι
2993 3142 3281 3212 γεγόνασι,
3320 3142 3485 3212 δῆθεν
3519 3143 3671 3196 αἴτια
3704 3140 3748 3172 ⁸⁸

2172 3231 2447 3301 σωτηρίας
2466 3232 2524 3283 ἐν
2543 3230 2620 3300 τῷ
2638 3232 2817 3302 καιρῷ
2843 3232 2942 3301 τῆς
2968 3231 3061 3284 τοῦ
3087 3232 3287 3303 Φαραὼ
3310 3229 3750 3299 πανολεθρξας¹⁹.

2185 3321 2379 3375 Ἦνίκα
2407 3322 2515 3391 γάρ
2545 3322 2752 3385 ἐκεῖνος
2800 3321 2890 3374 τδν
2946 3321 3167 3393 Ἰσραὴλ
3222 3319 3435 3373 διώκων
3475 3331 3749 3371 κατεπον⁹

479 3414 660 3483 τίσθη,
698 3416 931 3476 ἕκαστος
956 3413 1158 3485 περὶῳ
1221 3411 1621 3483 άπησχολίσθη,
1676 3413 1752 3481 μὴ
1799 3412 2233 3484 ἐξακολουθήσας
2290 3413 2368 3484 τῷ
2387 3413 2587 3484 Φαραῷ
2649 3414 2746 3467 καὶ
2811 3412 3161 3483 περισωθεὶς,
3215 3412 3377 3465 τοῦτο
3426 3408 3748 3477 ἐθεοποίησε

480 3508 653 3578 λέγων
687 3525 701 3541 ⁸
734 3509 893 3571 «Θεός
954 3527 1056 3579 μου
1108 3507 1342 3577 γέγονας
1382 3508 1623 3578 σήμερον
1644 3506 1900 3578 μάλιστα,
1930 3504 1997 3558 δι’
2024 3500 2085 3560 οὐ
2126 3508 2221 3561 καὶ
2284 3507 2479 3572 σωθεὶς
2518 3508 2579 3560 οὐ
2629 3506 3034 3578 συναπόλμωην
3065 3506 3142 3578 τῷ
3210 3505 3437 3579 Φλραῷ,
3479 3502 3749 3564 κωλυθεὶς

479 3603 569 3661 διὰ
592 3607 692 3675 τῆς
721 3604 914 3657 τούτου
947 3600 1230 3673 προνοίας.
1260 3619 1277 3651 ι

552 3806 678 3861 Post
714 3803 1158 3875 tempustigitur,
1206 3810 1261 3855 et
1306 3800 1461 3870 juxta
1497 3798 1702 3869 justam
1740 3797 2051 3868 periodum,

476 3897 744 3970 Egyptiis
800 3895 1133 3951 nascebatur
1194 3891 1319 3955 bos,
1353 3890 1563 3970 habens
1611 3889 1765 3959 signa
1803 3888 2052 3959 quaedam

476 3964 643 4060 super
684 3989 866 4058 lingua
912 3994 965 4040 et
1026 3985 1080 4039 in
1126 3981 1321 4047 cauda,
1375 3964 1582 4052 quiblts
1631 3980 2053 4051 dignoscebatur

477 4079 609 4148 Apis
658 4077 774 4132 sive
822 4074 958 4130 deus
1017 4086 1180 4138 esse;
1241 4068 1386 4125 unde
1432 4069 1632 4126 festum
1682 4066 2050 4135 celebrabant,

473 4171 629 4242 quasi
663 4168 799 4225 deus
834 4166 974 4221 inter
1017 4179 1115 4221 eos
1143 4176 1438 4219 mansurus
1486 4159 1820 4227 advenisset,
1843 4170 1897 4216 et
1926 4160 2052 4216 bovi

476 4263 687 4318 lautum
722 4261 776 4316 in
807 4258 1037 4331 praesepi
1068 4254 1415 4329 apponebant
1438 4253 1774 4321 convivium,
1797 4254 1871 4309 ita
1887 4253 2051 4309 deum

474 4369 632 4409 suum
662 4352 839 4425 epulis
867 4352 1230 4410 celebrantes.
1262 4348 1529 4405 Similiter
1560 4355 1615 4403 et
1641 4346 1856 4403 hircum
1892 4362 2053 4403 vene-

2238 3794 2348 3867 (20)
2392 3793 2565 3865 ’Υπὲρ
2595 3793 2869 3865 χρόνονδέ
2902 3795 3084 3847 τοίνυν
3140 3794 3232 3847 καὶ
3293 3792 3437 3847 κατὰ
3486 3792 3745 3864 περίοδόν

2159 3905 2282 3942 τινα
2330 3888 2445 3951 τοῖς
2505 3887 2835 3956 Αἰγυπτίοις
2919 3888 3179 3956 ἐγεννᾶτο
3230 3886 3360 3956 βοῦς
3430 3885 3572 3957 ἔχων
3639 3903 3743 3957 ση-

2161 3982 2291 4049 μεῖά
2317 3998 2441 4035 τινα
2488 3981 2618 4051 περὶ
2657 3980 2760 4052 τὴν
2784 3979 3039 4050 γλῶσσαν
3068 3981 3163 4034 καὶ
3198 3979 3301 4051 τὴν
3325 3980 3546 4051 κίρκον,
3575 3977 3637 4046 ἐξ
3664 3975 3745 4035 ὧν

2159 4073 2513 4146 ἐγνωρίζετο,
2532 4075 2616 4128 ὃτι
2645 4069 2816 4137 *Δπίς
2840 4075 2993 4129 ἐστιν
3018 4074 3088 4139 ³⁸,
3111 4075 3279 4145 ἤγουν
3306 4073 3452 4140 θεὸς,
3484 4072 3611 4127 ὅθεν
3645 4074 3746 4129 καὶ

2158 4166 2355 4239 ἑορτὴν
2381 4167 2622 4233 ἐποίουν,
2648 4164 2725 4232 ὡς
2755 4166 2882 4221 θεοῦ
2928 4168 3115 4232 αὐτοῖς
3169 4168 3603 4239 ἐνδημῆσαντος,
3644 4171 3745 4223 καὶ

2157 4258 2529 4331 παρατιθέασι
2557 4259 2636 4331 τῷ
2671 4259 2757 4330 βοῒ
2794 4260 3122 4315 πανδαισίαν
3146 4263 3188 4295 ⁸⁸
3213 4262 3275 4315 ἐν
3298 4264 3370 4332 τῇ
3386 4261 3571 4336 φάτνῃ
3608 4260 3743 4314 πολ-

2158 4353 2279 4423 λὴν,
2312 4353 2389 4417 ὡς
2412 4352 2479 4408 ἂν
2512 4354 2563 4408 εἰ
2593 4353 2935 4424 εὐωχοῦντες
2966 4353 3062 4407 τὸν
3099 4353 3223 4408 θεὸν
3273 4354 3477 4410 αὐτῶν.
3539 4352 3739 4407 Ὡσαύ-

476 4418 762 4506 rabantur,
798 4458 961 4512 quem
993 4441 1219 4498 Mendcn
1252 4440 1538 4504 vocabant,
1560 4448 1615 4494 et
1624 4437 1781 4509 juxta
1810 4437 2050 4509 linguam

2170 4418 2271 4510 ruis
2293 4445 2351 4499 δὲ
2382 4445 2595 4499 καὶτὸν
2636 4418 2846 4517 τράγον
2881 4446 3169 4516 σεϐόμενοι
3216 4449 3262 4480 ⁸³
3309 4445 3531 4516 Μένδην
3583 4445 3744 4513 λεγό-

474 4544 631 4587 suam
663 4541 924 4601 tanquam
970 4542 1353 4588 consecratum
1402 4532 1624 4588 aiebant
1668 4530 1890 4602 genitali
1935 4532 2047 4585 vir-

473 4626 595 4692 tuti,
641 4626 798 4695 cujus
826 4624 965 4679 hirci
1008 4624 1263 4693 templum
1292 4624 1564 4685 exstabat.
1624 4625 1678 4679 in
1727 4640 1836 4693 quo
1865 4634 2046 4679 statua

470 4727 587 4773 erat
647 4717 876 4774 hircinis
928 4715 1217 4781 cruribus,
1295 4725 1474 4770 erecta
1528 4716 1761 4769 verenda
1815 4716 2042 4770 habens.

2162 4552 2325 4605 μενον
2354 4535 2449 4590 καὶ
2487 4536 2534 4568 ’³
2567 4536 2713 4590 κατά
2742 4539 2843 4607 τὴν
2875 4537 3088 4591 ἑαυτῶν
3122 4536 3378 4605 γλῶσσαν
3404 4537 3478 4601 ὡς
3512 4537 3741 4593 ἀνακεί-

2159 4644 2320 4696 μενον
2348 4627 2593 4695 εφασκον
2634 4630 2702 4698 τῇ
2732 4628 2949 4700 γονίμῳ
2986 4629 3239 4699 δυνάμει,
3289 4624 3499 4693 οὗτινος
3528 4630 3739 4699 τράγοι)

2155 4718 2250 4771 καὶ
2288 4719 2432 4789 ἱερὸν
2456 4721 2702 4793 ὑπῆρχεν
2732 4723 2791 4776 ὲν
2810 4716 2854 4791 ᾧ
2892 4718 2961 4793 ἦν
2988 4723 3368 4794 τραγοσκελὴς
3395 4722 3443 4755 ’⁸
3462 4723 3650 4793 ὄρθιον
3678 4723 3741 4775 τὸ

1646 4937 1849 4999 Variae
1899 4938 2201 5003 lectiones
2232 4947 2289 5005 et
2329 4950 2513 5005 noue.

540 5184 559 5216 ¹
588 5184 781 5246 Λίϐυες
816 5180 872 5235 δὲ
907 5180 1181 5252 πρόϐατον
1211 5180 1517 5233 θεοποιοῦσι
1559 5178 1633 5243 ὡς
1653 5178 1786 5233 Θεόν
1827 5180 1910 5234 B‘.
1988 5182 2012 5213 ⁸
2045 5183 2251 5251 ἑτέροις
2282 5183 2365 5236 B‘.

540 5253 565 5304 ,l.
591 5258 797 5304 κρήνας
819 5251 901 5304 Βι.
980 5254 1023 5284 ⁸³
1050 5250 1452 5304 εἰδωλοιιανίαὼ
1481 5251 1563 5304 Β¹.
1676 5250 1720 5281 ⁸³
1743 5251 1976 5304 εὐτελῶν
2010 5268 2119 5304 om.
2150 5254 2237 5304 B'.
2356 5256 2365 5285 ¹

1743 5267 1976 5305 ευτεΑων
2010 5268 2119 5305 Olli.
2150 5267 2206 5304 U'
2220 5290 2237 5308 ο

470 5253 565 5324 καὶ
591 5251 901 5324 κρήναςᾼιν.
954 5250 1023 5284 ³⁸
1050 5250 1452 5324 εἰδωλομανίαῲ
1481 5251 1563 5306 Β¹.

474 5323 518 5356 ¹⁶
538 5318 913 5377 ἐθεοποιοῦντο
964 5329 1018 5377 et
1071 5334 1183 5376 om.
1243 5318 1343 5391 τήν
1378 5320 1435 5374 Βι
1466 5351 1537 5360 -
1578 5318 1753 5391 βδελλ.

470 5392 873 5463 ἐνασχολεῖσθαι
927 5394 1008 5456 εἰς
1056 5392 1196 5464 αὐτά
1222 5390 1311 5464 ζὸτι
1350 5409 1404 5447 κ.
1444 5390 1699 5464 ποτέτοῦ
1750 5411 1781 5464 χ

470 5462 659 5517 codex.
734 5464 780 5493 "
805 5464 1046 5531 δεόμενοι
1070 5463 1145 5517 Μ.
1176 5462 1425 5531 λέγουσιν
1456 5479 1511 5517 κ.
1554 5462 1651 5530 τὴν
1692 5465 1738 5517 ὲ.

1862 5322 1900 5352 ⁸⁷
1933 5322 2265 5392 ἐθεράπευον
2314 5340 2423 5378 om.
2486 5322 2571 5377 8‘.

1824 5392 1945 5445 όνου
1972 5393 2063 5459 ὲγε

2170 5410 2218 5444 το
2239 5410 2288 5447 τ.
2324 5395 2403 5447 ’A.
2458 5394 2584 5465 βοῦς
2624 5393 2708 5446 Βί.
2785 5394 2833 5426 ¹⁶
2861 5395 3011 5448 ἐστίν
3066 5410 3180 5449 om.
3216 5394 3302 5449 B‘.
3361 5392 3404 5426 “
3435 5396 3737 5449 πανδεσίαν

1815 5467 2057 5518 ιάλεκτον

2170 5465 2301 5516 πανεὶ
2343 5462 2495 5520 item.
2527 5464 2610 5518 B‘.
2687 5465 2733 5496 ⁸³
2762 5465 2855 5518 καί
2895 5466 3017 5520 dele
3059 5467 3114 5520 in
3154 5465 3340 5520 codice
3360 5465 3640 5520 deﬁciens.
3666 5496 3735 5507 —

2986 5184 3029 5215 "
3054 5170 3167 5237 οἷον
3195 5185 3249 5237 ά.
3284 5184 3362 5236 ὀν.
3401 5183 3487 5237 B‘.
3600 5187 3637 5215 “
3674 5203 3735 5240 π.

3039 5255 3083 5285 ⁸⁸
3107 5255 3351 5324 ἀρδεύων
3404 5257 3463 5307 B'
3494 5264 3550 5309 et
3609 5260 3736 5309 cod.

3053 5325 3096 5355 "
3122 5325 3478 5394 πανολεθρίας
3532 5325 3625 5378 διὰ
3677 5328 3738 5378 τὸ

2442 5188 2462 5215 ⁹
2496 5182 2667 5251 σφάζε
2679 5200 2760 5235 ται
2794 5185 2876 5236 B‘.

2356 5254 2397 5286 “
2427 5255 2786 5323 ὀνομάζουσιν
2832 5254 2917 5309 B‘.

2356 5340 2423 5374 m.
2486 5323 2571 5374 B‘.
2681 5323 2724 5355 ⁸⁸
2747 5324 2917 5374 αἴτιον

2747 5339 2943 5379 αιτιον.

468 5532 758 5608 πανδεσζαν
788 5532 875 5608 B‘,
894 5532 981 5608 Δὼς
1008 5532 1074 5587 ἂν
1109 5535 1297 5608 εἰ-οιιι.
1319 5534 1403 5594 Β¹.
1480 5534 1526 5565 ²’⁶
1558 5535 1913 5602 τραγοσκελίς
1946 5534 2065 5589 codt

2179 5535 2269 5589 sed
2301 5533 2371 5588 cf.
2414 5532 2745 5590 Herodotum
2793 5535 2854 5602 Il,
2889 5536 2960 5591 46
2985 5564 3055 5576 --
3075 5536 3450 5608 τραγοσκελὴς
3475 5536 3560 5602 Βι,
3594 5552 3733 5606 τρα-

468 5602 746 5671 γοσκελές,
771 5604 863 5655 sed
891 5603 1028 5672 ἔχων
1080 5604 1204 5659 cod.
