4050 6220
303 299 412 364 109

1509 296 1976 358 CHRONICON.
2018 321 2086 332 —
2124 295 2274 356 LIB.
2329 300 2367 355 Ι.

3450 303 3554 375 110

303 409 508 464 αἰδοῖον
537 404 696 474 ἔχων.
735 405 858 457 Ἔτι
890 405 998 476 μὴν
1031 407 1123 458 καὶ
1184 406 1307 469 τοὺς
1363 405 1760 476 κροκοδείλους,
1797 406 1890 458 καὶ

1996 405 2310 459 Crocodilos
2333 416 2554 474 quoque
2583 412 2640 458 et
2671 413 2973 476 serpentes,
3003 417 3058 465 et
3094 411 3250 477 feles,
3295 423 3350 471 et
3378 417 3559 487 pisces

305 502 434 560 τοὺς
463 499 638 566 ὄφεις,
663 496 908 559 καὶτοὺς
931 497 1240 567 αἰλούρους,
1279 498 1376 549 καὶ
1405 499 1534 560 τοὺς
1563 497 1752 567 ἰχθύας
1796 514 1881 550 τι-

304 590 542 660 μῶντες,
603 587 664 651 ἐξ
731 586 931 656 ἀλόγου
991 590 1157 659 τιμῆς
1199 588 1428 658 ἀτιμίαν
1464 588 1683 651 ἑαυτοῖς
1722 606 1885 660 περι-

298 680 590 735 ποιοῦνται
620 681 689 734 ⁸⁵.
719 680 834 750 (2|)
876 680 1014 751 Ἤδη
1047 679 1102 732 δέ
1135 697 1276 743 τινες
1305 682 1386 744 είς
1414 680 1690 752 τοσαύτην
1718 681 1883 735 suos-

298 787 456 824 νειαν
489 771 588 825 καὶ
611 772 1052 840 παραφροσύνην
1075 772 1404 842 ὲξήχθησαν,
1435 771 1512 835 ώς
1543 773 1638 826 καὶ
1667 770 1884 842 ἀνθρώ-

295 881 441 927 πους
472 866 586 926 τοῖς
616 862 940 932 παράύτῶν
968 864 1286 932 ψευδοθέοις
1323 865 1728 932 κατασφάττειν
1793 861 1887 917 καὶ

296 957 382 1019 είς
415 955 611 1009 θυσίαν
633 954 964 1025 προσάγειν.
1001 954 1114 1026 (9.2)
1147 957 1311 1011 Ὀθεν
1343 953 1887 1027 προασφαλιζόμενος

297 1048 513 1104 ἀνωθεν
560 1049 589 1099 ό
641 1048 790 1110 θεῖος
817 1047 975 1116 λόγος
1012 1048 1105 1102 τὸν
1134 1048 1199 1101 ὲκ
1230 1049 1490 1119 τοιαύτης
1518 1049 1637 1080 ’⁸⁸⁸⁸
1677 1047 1888 1116 πλάνης

296 1139 691 1208 ἀπαλλαγέντα
710 1138 843 1192 λαὸν
879 1139 1158 1207 ἔφασκεν·
1224 1140 1331 1194 ιΟὐ
1389 1140 1624 1210 ποιήσῃς
1673 1137 1888 1208 σεαυτῷ

298 1227 529 1280 εἷὸωλον
553 1229 671 1281 οὐδὲ
694 1228 805 1281 πᾶν
834 1229 1089 1298 ὁμοίωμα
1114 1229 1217 1282 ὅσα
1263 1229 1322 1282 ἐν
1372 1229 1452 1298 τῷ
1503 1229 1722 1298 οὐρανῷ
1749 1230 1884 1293 ἀνω,

298 1319 397 1370 καὶ
424 1319 527 1370 ὅσα
549 1319 640 1370 ἐπὶ
673 1318 774 1386 τῆς
798 1319 903 1387 γῆς
942 1320 1114 1385 κάτω,
1143 1321 1238 1373 καὶ
1265 1321 1325 1373 ού
1356 1321 1741 1390 προσκυνήσῃς
1793 1319 1889 1373 αύ-

294 1411 432 1472 τοῖς,
469 1409 598 1462 οὐδὲ
651 1408 728 1480 μὴ
754 1408 1062 1480 λατρεύσῃς
1091 1411 1332 1473 αὐτοῖς.»
1386 1411 1474 1475 Ὠς
1501 1408 1597 1464 οὖν
1622 1411 1888 1480 διαφορᾶς

295 1500 468 1570 οὔσης
503 1501 712 1570 μεταξὺ
744 1502 970 1554 εἰδώλου
999 1501 1096 1555 καὶ
1121 1501 1491 1572 ὁμοιώματος,
1514 1502 1737 1566 εἰκότως
1778 1503 1886 1574 47

295 1590 454 1646 εἶπεν
479 1609 494 1623 ·
534 1593 645 1646 ιού
668 1594 904 1664 ποιήσῃς
933 1593 1149 1663 σεαυτῷ
1174 1593 1392 1648 εἴδωλον
1419 1594 1541 1648 οὐδὲ
1571 1594 1844 1666 ὁμοίωμαο
1862 1611 1880 1645 ι

297 1684 359 1739 τὸ
386 1685 487 1753 μὲν
513 1684 629 1754 γὰρ
658 1685 887 1738 εἴδωλον
919 1685 1183 1754 οὐδεμίαν
1215 1684 1516 1739 ὑπόστασιν
1562 1686 1696 1756 ἔχει,
1729 1687 1790 1740 τὸ
1830 1685 1888 1741 δὲ

1987 497 2232 552 colentes
2253 511 2317 550 ex
2337 496 2696 550 irrationabili
2723 497 2931 554 honore
2951 499 3185 558 dedecus
3205 505 3308 560 sibi
3329 522 3555 581 compa-

1989 595 2133 640 rant.
2186 585 2420 656 Jamque
2461 585 2683 656 quidam
2733 588 2799 641 ad
2838 598 3044 645 tantam
3080 592 3442 653 inﬁrmitatem
3503 613 3560 657 et

1988 678 2304 749 amentiam]
2331 677 2551 734 adducti
2598 687 2727 734 sunt
2757 688 2816 733 ut
2847 681 3093 740 homines
3139 701 3356 758 quoque
3409 690 3559 750 falsis

1988 770 2108 825 suis
2187 769 2504 825 numinibus
2557 770 2834 840 jugulatos
2900 775 3291 835 sacriﬁcarent.
3352 779 3559 841 Idcirco

1993 862 2362 932 praemuniens
2391 863 2519 918 olim
2573 865 2788 919 divinus
2843 877 3024 920 sermo
3079 870 3338 938 populum
3383 887 3414 927 a
3465 875 3559 931 tali

1993 967 2180 1008 errore
2206 953 2521 1019 liberatum,
2551 953 2797 1009 dicebat:
2824 954 2981 1011 «Non
3015 957 3180 1015 facies
3198 960 3296 1016 tibi
3331 961 3557 1031 idolum,

1991 1058 2169 1113 neque
2189 1059 2405 1099 omnem
2441 1045 2856 1102 similitudinem
2894 1063 3015 1118 qua:
3040 1059 3120 1105 est
3143 1050 3197 1106 in
3228 1051 3368 1108 coelo
3396 1054 3563 1111 desu-

1990 1151 2106 1206 pcr,
2154 1144 2209 1190 et
2249 1151 2372 1206 quae
2401 1137 2452 1190 in
2503 1144 2648 1193 terra
2684 1138 2960 1206 deorsum,
3001 1157 3102 1196 nec
3131 1142 3446 1201 adoraveris
3472 1162 3559 1212 ea.

1991 1242 2170 1296 neque
2195 1227 2433 1282 colueris
2462 1242 2547 1284 ea.
2575 1246 2591 1280 ι
2627 1229 2764 1284 Cum
2793 1245 2955 1300 porro
2998 1232 3067 1286 sit
3097 1232 3390 1290 discrimen
3419 1235 3562 1293 inter

1991 1319 2196 1373 idolum
2229 1328 2284 1373 et
2314 1319 2748 1388 similitudinem,
2796 1321 2919 1392 jure
2949 1322 3086 1377 dixit
3119 1340 3134 1377 :
3175 1341 3195 1376 ι
3233 1325 3356 1381 Non
3393 1323 3562 1384 facies

1990 1409 2088 1465 tibi
2134 1411 2360 1475 idolum,
2415 1426 2592 1481 neque
2617 1413 3067 1483 similitudinem;
3099 1433 3117 1467 ι
3159 1417 3366 1472 idolum
3412 1421 3560 1476 enim

1991 1502 2196 1557 nullam
2226 1516 2514 1572 personam
2552 1503 2739 1570 habet,
2790 1506 3091 1562 similitudo
3139 1519 3316 1564 autem
3371 1511 3564 1582 cujus-

1989 1595 2114 1650 dam
2134 1605 2216 1650 est
2246 1596 2454 1666 species
2484 1604 2538 1651 et
2561 1596 2757 1667 imago.
2790 1597 2925 1653 Cum
2957 1613 3086 1667 ergo
3111 1597 3284 1656 Graeci
3305 1599 3562 1673 eﬂngant

1991 1685 2198 1740 formas
2229 1701 2349 1755 quae
2394 1686 2448 1740 in
2476 1697 2672 1742 natura
2705 1702 2813 1742 non
2841 1696 2988 1756 sunt,
3024 1689 3293 1761 Sphinges
3339 1700 3393 1749 ct
3435 1690 3562 1750 Trio

295 1777 558 1846 ὁμοίωμά
616 1777 768 1840 τινός
816 1777 963 1829 ἐστιν
1038 1775 1270 1846 ῐνδαλμα
1343 1777 1439 1831 καὶ
1535 1778 1885 1847 ἀπείκασμα.

1996 1790 2149 1833 tones
2174 1788 2229 1833 et
2259 1777 2586 1842 Centauros,
2633 1787 2688 1833 ct
2713 1777 2953 1850 Egyptii
2983 1781 3179 1835 canina
3207 1780 3347 1836 facie
3373 1781 3561 1848 deum,

311 1871 534 1936 Ἐπειδὴ
606 1870 794 1923 τοίνυν
847 1869 1107 1938 Ἕλληνες
1177 1869 1584 1924 ἀναπλάττουσι
1635 1870 1735 1932 τάς
1787 1870 1887 1940 οὐχ

299 1962 628 2030 ὑφεστώσας
717 1960 956 2032 μορφὰς,
1005 1959 1272 2028 Σφίγγας,
1326 1961 1422 2013 καὶ
1446 1959 1749 2030 Τρίτωνας,
1793 1961 1888 2014 καὶ

302 2053 662 2123 Κενταύρους
699 2091 716 2118 ,
790 2051 887 2105 καὶ
961 2052 1253 2120 Αἰγύπτιοι
1313 2053 1358 2085 ²⁹
1441 2052 1887 2121 κυνοπρόσωπον

298 2143 393 2194 καὶ
429 2141 812 2210 Βουκὰραλον,
848 2140 1043 2193 εἴδωλα
1075 2140 1233 2194 καλεί
1259 2142 1328 2194 τά
1350 2140 1462 2194 τῶν
1491 2142 1590 2212 οὐχ
1638 2141 1886 2210 ὑφεστώ-

295 2252 406 2289 των
437 2238 771 2305 μιμήματα,
805 2234 1134 2306 ὁμοιώματα
1172 2235 1232 2290 δὲ
1269 2236 1340 2289 τά
1391 2234 1504 2289 τῶν
1551 2232 1884 2303 ὑφεστώτων

294 2328 640 2397 εἰκάσματα,
697 2324 812 2382 οἷον
876 2327 1028 2399 ήλίου
1059 2369 1074 2394 ,
1157 2327 1436 2398 σελήνης,
1495 2327 1734 2400 ἄστρων,
1795 2327 1878 2380 ἀνι

295 2421 566 2490 θρώπων,
602 2421 832 2492 θηρίων,
856 2421 1104 2492 ἑρπετῶν
1128 2422 1222 2478 καὶ
1249 2422 1360 2476 τῶν
1406 2423 1672 2486 τοιούτοις
1707 2439 1888 2490 παρα-

297 2512 552 2583 πλησίων
571 2529 586 2544 °
621 2514 836 2576 τούτοις
861 2513 919 2566 δὲ
947 2513 1187 2567 κελεύων
1223 2513 1300 2583 μὴ
1328 2515 1661 2584 προσκυνεῖν
1690 2511 1828 2581 μηδὲ
1841 2511 1887 2542 ³⁸

295 2590 620 2671 λατρεύειν,
671 2605 770 2674 οὐχ
820 2605 1008 2668 ἁπλῶς
1036 2604 1374 2676 ἀπαγορεύει
1437 2605 1514 2676 (2)
1561 2604 1882 2674 ἀμφότερα·

295 2695 415 2748 ἀλλ’
449 2696 647 2767 ἐπειδὴ
677 2700 933 2766 σημαίνει
955 2697 1110 2761 τινὰς
1137 2698 1518 2768 προσκυνῆσαι
1553 2697 1654 2767 μὲν
1707 2696 1888 2765 ἀμφό-

1989 1885 2043 1929 et
2068 1872 2460 1942 Bucephalam,
2509 1871 2652 1926 idola
2701 1882 2861 1926 vocat
2895 1873 3142 1927 ilotarum
3177 1888 3358 1928 rerum
3386 1875 3564 1929 imita-

1992 1972 2195 2029 menta,
2233 1962 2624 2017 similitudines
2669 1969 2852 2016 autem
2902 1961 3168 2030 imagines
3212 1977 3395 2018 rerum
3437 1977 3566 2021 vero

1992 2051 2397 2115 exsistentium,
2433 2058 2492 2105 ut
2522 2050 2672 2116 solis,
2721 2051 2886 2118 lunae,
2918 2050 3221 2116 stellarum,
3256 2052 3563 2119 hominum,

1991 2139 2254 2207 ferarum,
2303 2142 2635 2211 serpentium
2666 2150 2723 2201 et
2755 2141 2842 2198 his
2888 2141 3172 2197 similium.
3233 2141 3562 2213 Huiusmodi

1991 2231 2289 2303 prohibens
2336 2245 2403 2286 ne
2445 2230 2735 2287 adorarent
2762 2237 2858 2286 aut
2879 2231 3140 2296 colerent,
3166 2247 3274 2288 non
3306 2231 3568 2302 simplici-

1990 2333 2074 2382 ter
2126 2332 2423 2396 utrumq-ue
2474 2324 2762 2394 prohibet;
2815 2323 2908 2380 sed
2945 2326 3252 2394 praevidens
3296 2322 3562 2394 quosdam

1989 2427 2225 2487 utraque
2275 2417 2596 2472 adoraturos
2645 2428 2771 2471 esse
2823 2423 3044 2486 propter
3109 2424 3315 2470 metum
3365 2415 3568 2471 "homi-

1990 2525 2146 2574 num,
2187 2523 2288 2565 nec
2334 2519 2513 2563 tamen
2568 2510 2710 2564 intra
2753 2523 2851 2564 cor
2888 2523 3011 2565 esse
3053 2508 3323 2574 culturos,
3378 2507 3570 2563 docuit

1991 2611 2288 2671 utrumque
2315 2615 2440 2656 esse
2477 2601 2727 2671 impium,
2759 2610 2814 2658 et
2839 2602 2953 2658 Deo
2996 2601 3272 2666 odiosum,
3307 2609 3360 2656 ct
3384 2599 3562 2655 omni-

1999 2709 2070 2748 no
2100 2691 2550 2748 abominandum.

296 2804 435 2856 τερα
461 2789 553 2842 διὰ
586 2788 754 2859 φόϐον
791 2789 1157 2860 ἀνθρώπινον,
1204 2790 1265 2843 ού
1319 2789 1428 2861 μὴν
1485 2789 1542 2843 δὲ
1586 2788 1887 2858 λατρεῦσαι
1939 2785 2079 2839 κατά
2131 2783 2333 2856 ψυχὴν,
2369 2783 2610 2870 ὲϐίδαξεν
2644 2783 2721 2850 ώς
2770 2783 3033 2856 ἑκάτερον
3063 2781 3260 2847 ἀσεϐὲς
3313 2781 3407 2835 καὶ
3439 2779 3563 2836 θεο-

303 2885 507 2955 amt;
529 2885 626 2939 καὶ
645 2884 765 2938 λίαν
796 2885 1129 2957 ἀπόϐλητον.

545 3087 625 3140 Ε’.
656 3086 802 3154 Περί
834 3076 952 3140 τῶν
983 3085 1300 3154 τεσσάρων
1328 3085 1664 3154 στοιχείων.

374 3270 477 3324 Διά
512 3269 578 3339 δὴ
607 3269 766 3323 τοῦτο
797 3269 982 3335 πάλιν,
1020 3270 1110 3324 ἵνα
1146 3269 1221 3340 μή
1266 3285 1414 3331 τινες
1464 3267 1540 3332 ώς
1592 3260 1764 3333 οὗτοι,
1815 3265 1895 3338 τῷ

305 3362 496 3415 κάλλει
520 3361 633 3414 τῶν
659 3362 978 3432 κτισμάτων
1003 3361 1439 3432 ἀποϐλέψαντες,
1495 3361 1592 3431 οὐχ
1632 3360 1708 3424 ώς
1736 3360 1898 3430 ἔργον

313 3453 474 3517 Θεοῦ,
500 3454 614 3507 ἀλλ’
650 3454 726 3517 ώς
767 3455 926 3518 Osci);
975 3455 1310 3525 τιμήσωσιν,
1344 3453 1617 3522 είσάγει³¹
1654 3453 1897 3524 προσφό-

318 3545 479 3614 ρωςή
505 3546 696 3618 Γραφὴ
723 3545 957 3614 λέγουσα
981 3563 995 3577 ·
1030 3546 1103 3597 ι⁸’
1124 3547 1235 3599 Καὶ
1301 3546 1378 3616 μὴ
1436 3544 1749 3616 ἀναϐλέψῃς
1785 3545 1899 3607 τοῖς

309 3636 607 3707 ὀφθαλμοῖς
644 3638 776 3691 ἰδεῖν
799 3637 891 3691 τὸν
928 3637 1082 3710 ἥλιον
1123 3639 1218 3691 καὶ
1253 3637 1353 3709 τὴν
1383 3637 1617 3709 σελήνην
1649 3636 1768 3670 ³⁸·³¹⁶
1803 3635 1898 3688 καὶ

307 3727 486 3781 πάντα
521 3728 618 3780 τὸν
672 3727 881 3798 κόσμον
924 3728 1018 3781 τοῦ
1080 3726 1314 3798 ούρανοῦ
1340 3768 1354 3794 ,
1383 3728 1524 3797 (καὶ)
1596 3724 1894 3796 πλανηθεὶς

307 3821 705 3894 προσκυνήσῃς
777 3822 969 3886 αὐτοῖς
1020 3820 1163 3886 ⁸⁵·³⁸,
1210 3819 1246 3874 ἃ
1290 3820 1560 3890 ἀπένειμε
1629 3818 1834 3886 Κύριος
1871 3818 1901 3871 ό

305 3914 440 3976 Θεός
487 3930 584 3966 σου
629 3913 762 3967 πᾶσι
784 3915 904 3977 τοῖς
950 3913 1217 3978 ἔθνεσινρ
1265 3911 1532 3982 ἀπένειμε
1575 3911 1634 3965 δὲ
1665 3910 1786 3981 ούχὶ
1819 3910 1901 3974 είς

313 4006 374 4058 τδ
427 4001 573 4058 εἶναι
607 4004 764 4068 θεοὺς
797 4005 985 4068 αὐτοῖς
1013 4003 1210 4069 ταῦτα,
1262 4003 1378 4057 ἀλλ’
1442 4003 1529 4057 ἵνα
1557 4005 1634 4074 ,τῇ
1693 4001 1900 4055 τούτων

315 4096 574 4167 ἐνεργείᾳ
598 4095 642 4126 ⁸⁷
670 4096 1013 4164 γινώσκωσιν
1037 4095 1085 4148 oi
1102 4095 1211 4148 ἀπὸ
1242 4093 1348 4149 τῶν
1370 4094 1540 4146 ἐθνῶν
1561 4093 1652 4147 τὸν
1682 4093 1901 4147 πάντων

309 4187 653 4258 δημιουργὸν
683 4190 778 4242 καὶ
796 4186 1029 4257 Κύριον·
1063 4189 1127 4240 ὲκ
1150 4187 1258 4255 γὰρ
1288 4185 1556 4255 μεγέθους
1591 4185 1687 4239 καὶ
1712 4184 1902 4238 καλλο-

314 4281 410 4351 νῆς
437 4281 759 4351 κτισμάτων
788 4279 1071 4347 ἀναλόγως
1097 4281 1124 4332 ὁ
1148 4279 1536 4350 γενεσιουργὸς
1580 4277 1891 4347 θεωρεῖται,

315 4375 408 4425 καὶ
447 4375 548 4426 «τὰ
585 4374 794 4444 ἀόρατα
848 4371 1017 4426 αὑτοῦ
1076 4373 1185 4426 ἀπὸ
1226 4371 1459 4435 κτίσεως
1519 4370 1727 4440 κόσμου
1781 4371 1896 4432 τοίς

319 4467 587 4536 ποιήμασι
629 4464 894 4533 νοούμενα
958 4463 1265 4534 καθορᾶται
1310 4462 1411 4529 ³⁸»,
1445 4461 1540 4514 καὶ
1567 4460 1647 4513 toi
1666 4460 1890 4529 οὐρανοὶ

319 4557 638 4627 διηγοῦνται
698 4557 857 4623 δόξαν
902 4554 1062 4619 Θεοῦ,
1103 4554 1321 4625 ποίησιν
1368 4553 1425 4606 δὲ
1477 4552 1679 4622 χειρῶν
1728 4550 1894 4606 αὑτοῦ

322 4649 613 4716 ἀναγγελεί
665 4649 724 4701 τὸ
771 4650 1095 4719 στρερέωμα
1148 4648 1216 4710 ³³,
1251 4664 1272 4698 ι
1333 4643 1477 4698 καθά
1559 4642 1894 4714 γέγραπται.

324 4739 398 4810 (ε)
441 4740 504 4796 Ὀ
537 4740 640 4810 μὲν
674 4735 768 4794 οὖν
808 4741 1036 4807 κτίστης
1062 4739 1195 4802 Θεὸς
1248 4739 1452 4802 τέλειός
1482 4739 1602 4791 ἐστι
1637 4737 1733 4791 καὶ
1763 4753 1899 4807 προ-

325 4833 546 4899 τέλειος,
611 4833 867 4904 ἀνενδεὴς
909 4831 1049 4885 κατά
1088 4832 1265 4885 πάντα
1295 4829 1530 4901 τρόπον·
1567 4828 1638 4882 τά
1682 4829 1740 4882 δὲ
1781 4827 1899 4881 κτί-

329 4937 508 4988 σματα
536 4921 717 4974 λαϐών
747 4937 851 4985 τις,
893 4916 1005 4973 οἷον
1033 4918 1187 4989 ἥλιον
1225 4917 1345 4972 καθ’
1377 4916 1572 4971 ἑαυτὸν
1607 4917 1769 4987 μόνον
1802 4916 1899 4967 καὶ

333 5014 579 5084 σελήνην,
617 5012 722 5082 γῆν
750 5029 810 5065 τε
838 5007 906 5067 αὗ
942 5012 1037 5066 καὶ
1067 5012 1244 5080 ἀστρα
1265 5010 1409 5064 “xui.
1438 5009 1538 5081 τὴν
1562 5007 1774 5080 θερμὴν
1803 5007 1900 5059 καὶ

1923 3065 1971 3124 C

2405 3076 2471 3132 V.
2512 3077 2586 3132 De
2617 3082 2845 3148 quatuor
2882 3074 3174 3145 principiis.

2072 3259 2278 3315 Idcirco
2328 3271 2546 3326 rursus,
2597 3270 2667 3313 ne
2711 3253 2954 3327 quidam,
3007 3261 3068 3310 ut
3095 3251 3194 3318 illi,
3228 3252 3295 3309 ad
3325 3251 3568 3325 pulchri-

1999 3352 2240 3408 tudinem
2270 3359 2648 3405 creaturarum
2701 3346 2893 3402 oculos
2921 3353 3324 3409 convertentes,
3369 3357 3476 3400 non
3508 3351 3570 3400 ut

2001 3444 2093 3499 Dei
2125 3457 2286 3513 Opus,
2339 3440 2433 3497 sed
2469 3449 2726 3510 tanquam
2792 3437 2925 3492 deos
2974 3445 3384 3502 venerarentur,
3430 3450 3569 3492 con-

1999 3533 2278 3590 venienter
2329 3530 2481 3586 addit
2528 3527 2808 3597 Scriptura
2855 3524 3095 3580 dicens:
3132 3521 3228 3578 «Et
3276 3537 3345 3578 ne
3391 3521 3572 3577 eleves

2001 3627 2190 3683 oculos
2239 3632 2298 3678 ut
2341 3623 2525 3677 videas
2576 3611 2742 3675 solem
2788 3625 2843 3672 et
2890 3615 3074 3670 lunam
3120 3622 3174 3671 et
3205 3613 3390 3669 omnia
3424 3622 3572 3669 astra

2002 3716 2148 3782 caeli,
2199 3723 2255 3770 et
2297 3727 2487 3769 errore
2541 3711 2800 3780 deceptus
2849 3705 3044 3763 adores
3095 3719 3156 3761 ea
3208 3718 3331 3775 quae
3381 3702 3574 3758 tribuit

2004 3807 2270 3864 Dominus
2321 3806 2466 3860 Deus
2526 3812 2652 3858 tuus
2713 3798 2928 3856 cunctis
2986 3797 3272 3868 gentibus;
3308 3815 3327 3849 ι
3381 3795 3574 3851 tribuit

2003 3910 2185 3958 autem
2226 3913 2334 3954 non
2366 3906 2425 3952 ut
2451 3902 2635 3951 essent
2663 3894 2743 3948 eis
2773 3891 2870 3957 dii,
2898 3889 2993 3946 sed
3023 3896 3080 3942 ut
3108 3887 3340 3943 istorum
3369 3886 3572 3942 virtute

2003 3999 2332 4064 cognoscant
2361 3973 2547 4060 gentes
2572 3982 2815 4040 universi
2840 3980 3149 4037 Creatorem
3168 3983 3221 4032 ct
3241 3975 3530 4030 Dominum
3553 4017 3570 4042 ,

2002 4085 2204 4142 ctenim
2235 4098 2300 4138 ex
2347 4076 2725 4149 magnitudine
2755 4082 2810 4131 et
2849 4069 3254 4143 pulchritudine
3281 4075 3566 4124 creatura-

2002 4192 2124 4232 rum
2157 4184 2280 4245 apte
2310 4172 2536 4228 Creator
2567 4165 2926 4240 dignoscitur,
2957 4171 3011 4218 et
3049 4160 3369 4215 «invisibilia
3401 4159 3574 4228 ipsius

2003 4284 2035 4324 a
2067 4275 2321 4324 creatura
2365 4261 2576 4326 mundi,
2613 4274 2711 4329 per
2745 4272 2817 4324 ea
2865 4267 2986 4324 qua
3020 4252 3160 4306 facta
3212 4259 3357 4314 sunt,
3413 4247 3575 4300 intel-

2006 4359 2169 4423 lecta,
2201 4353 2635 4423 conspiciuntur,
2667 4367 2685 4400 ι
2722 4358 2775 4402 et
2824 4364 2840 4396 ι
2874 4342 2996 4398 εωιὶ
3046 4347 3309 4396 enarrant
3345 4337 3571 4409 gloriam

2003 4451 2118 4516 Dei,
2135 4456 2188 4504 et
2203 4460 2365 4516 opera
2379 4455 2634 4498 manuum
2663 4440 2782 4508 ejus
2802 4431 3087 4490 annuntiat
3115 4431 3536 4497 ﬁrmamentum,
3550 4449 3569 4484 ι

2000 4552 2060 4598 ιιι
2088 4540 2349 4609 scriptum
2385 4545 2485 4592 est.
2512 4532 2740 4590 Creator
2765 4542 2896 4600 ergo
2924 4527 3066 4582 Deus
3094 4523 3365 4597 perlectus
3392 4534 3476 4581 est
3524 4535 3579 4582 et

1998 4627 2462 4698 aeternusmullius
2482 4638 2707 4696 prorsus
2719 4621 2797 4678 rei
2815 4619 3084 4689 indigens;
3101 4624 3384 4673 creaturas
3397 4628 3577 4672 autem

2002 4730 2047 4790 si
2077 4725 2201 4799 quis
2229 4730 2432 4791 sumat,
2455 4731 2516 4778 ut
2538 4720 2706 4777 solem
2741 4718 2794 4775 in
2826 4732 2886 4774 se
2914 4716 3117 4780 solum,
3147 4721 3203 4772 et
3233 4713 3443 4774 lunam,
3466 4718 3578 4766 ter-

2002 4833 2231 4890 ramque
2291 4823 2346 4874 et
2375 4813 2583 4879 stellas,
2607 4819 2662 4869 et
2690 4808 2924 4867 calorem
2956 4812 3024 4875 et;
3049 4806 3248 4878 frigus,
3272 4811 3326 4860 et
3356 4801 3576 4860 siccita-

2008 4921 2117 4969 tem
2167 4920 2223 4967 et
2263 4910 2574 4974 humorem,
2623 4915 2884 4975 separatis
2936 4913 2965 4954 a
3017 4894 3360 4954 connexione
3405 4904 3575 4962 quam

2009 5004 2212 5060 habent
2258 5000 2328 5056 ad
2382 4998 2637 5064 invicem,
2681 5003 2736 5050 et
2791 5000 3234 5062 unamquamque
3262 4985 3461 5042 barum
3488 4994 3573 5037 re-

1505 5212 1705 5275 Variae
1749 5211 2056 5274 lectiones
2086 5213 2148 5271 et
2185 5212 2382 5270 note.

399 5408 444 5438 "
474 5404 892 5474 περιεποιοῦντο
922 5404 1010 5463 B‘.
1123 5404 1242 5438 ¹⁶ο¹⁸
1270 5406 1334 5457 ὲκ
1362 5403 1461 5473 τῆς
1497 5404 1756 5473 τοιαύτης
1775 5403 1902 5460 cod.

334 5479 374 5509 “
413 5479 626 5545 εἰσάγει
654 5476 692 5530 Ι.
723 5476 920 5544 ὲπάγει
952 5475 1073 5530 cod.

1189 5476 1233 5507 ³¹
1267 5459 1526 5535 ῡθιιιίῖν,
1563 5475 1652 5535 l9,
1697 5459 1912 5543 Rutula
1946 5473 2002 5528 ἀ.
2045 5473 2125 5533 εἰς
2148 5459 2246 5543 τὸν
2282 5464 2515 5543 οὐρανόν
2528 5459 2642 5543 ’καὶ
2667 5459 2808 5543 ἰϐών.

2005 5403 2050 5434 ι’
2071 5398 2356 5489 enim
2377 5394 2414 5450 '-
2446 5389 2890 5489 siccate“-
2930 5380 3578 5489 .ἷῗ.ἐλὲξξ1;,.εὲλτξ.ἓ2ἒ;

2981 5451 3050 5489 ’³⁸
3074 5451 3166 5510 καὶ
3191 5451 3319 5517 τοὺς
3340 5451 3580 5521 ἀστέρας

337 5522 488 5600 mat:
504 5522 1252 5616 ᾟὶςξιῖειῖρξιξῇξιςηοτς
1272 5522 1440 5598 una:
1513 5522 1652 5574 ιιι-ξιτ
1667 5522 1808 5616 ιτα
1833 5522 1911 5598 5.:

1996 5522 2002 5527 I
2051 5522 2394 5606 v'7'évspysl'q
2433 5530 2744 5600 καὶθεωρίᾳ
2765 5528 3124 5598 γινώσκουσιν
3156 5526 3277 5584 cod.
3335 5522 3377 5555 ⁸⁸
3419 5522 3574 5577 Rom.

340 5621 482 5681 t,‘£0.
562 5617 605 5647 ³⁹
637 5617 728 5671 Ps.
781 5601 894 5681 Σιί,
934 5601 1044 5668 Lu-
1075 5617 1122 5646 ⁸⁸
1151 5601 1324 5686 ἄστρα
1355 5615 1390 5667 l.
1429 5614 1563 5684 όέρα
1600 5614 1716 5666 cod.
