4094 6212
421 264 517 332 111
1615 256 1935 316 GEORGII
1976 254 2421 315 HAMARTOLI
3561 247 3664 314 112

417 397 543 438 cum
571 385 812 438 assumat
841 377 894 432 in
929 372 1104 441 seipsa
1135 376 1188 425 et
1217 367 1526 439 singulatim
1577 380 1800 440 spectet.
1833 386 1986 438 [υτον-

2093 367 2186 438 τὴν
2211 367 2423 438 ψυχρὰν
2447 365 2543 418 καί
2564 363 2734 434 ξηρὰν
2767 362 2860 416 καὶ
2885 360 3054 432 ὑγρὰν
3075 360 3290 427 οὐσίαν,
3314 359 3542 429 διαιρῶν
3565 361 3676 415 ἀπὸ

426 492 522 530 sus
578 471 777 526 videbit
823 465 956 520 nihil
1008 463 1110 519 sibi
1159 460 1426 525 sufﬁcere,
1494 463 1587 516 sed
1629 474 1824 518 cuncta
1870 463 1992 517 aliis

2093 460 2187 527 τῆς
2232 457 2369 526 πρὸς
2424 453 2534 526 48
2590 451 2826 523 ἀλλήλας
2899 451 3222 518 συναφείας,
3290 450 3385 503 καὶ
3441 449 3676 502 ἕκαστον

427 565 657 618 invicem
716 557 999 624 indigere,
1049 562 1105 607 et
1157 553 1361 607 mutuis
1411 550 1626 605 auxiliis
1672 552 1989 606 subsistere.

428 654 516 706 Sol
548 651 689 714 enim
725 647 819 701 toti
852 645 992 701 casio
1015 640 1454 700 circumvertitur
1495 649 1548 694 et
1595 643 1904 696 continetur
1938 645 1990 697 in

423 759 509 806 eo,
535 752 586 795 et
608 728 728 794 sine
757 738 900 793 illius
931 737 1162 791 circuitu
1196 734 1429 791 tenebrae
1458 749 1739 803 nunquam
1767 743 1990 799 essent;

424 836 550 886 luna
576 841 848 900 autemet
880 829 1051 885 stellae
1085 836 1352 884 testantur
1385 827 1727 900 splendorem
1770 842 1929 896 quem
1962 841 1990 879 a

424 924 538 978 sole
566 922 877 992 accipiunt;
911 931 1052 976 terra
1096 936 1227 976 vero
1271 922 1390 976 sine
1416 920 1614 991 pluviis
1645 919 1853 974 fructus
1883 933 1992 973 non

425 1013 559 1078 edit,
607 1021 660 1066 et
709 1011 924 1080 pluviae,
977 1009 1085 1064 nisi
1131 1010 1241 1064 sint
1285 1009 1481 1075 nubes,
1517 1023 1624 1063 non
1656 1008 1996 1063 descendunt

427 1118 591 1172 super
621 1111 859 1167 terram;
914 1099 1048 1154 nihil
1082 1101 1286 1169 absque
1311 1114 1435 1154 aere
1465 1098 1724 1169 gignitur,
1772 1098 1863 1153 sed
1901 1112 1995 1152 aer

427 1209 535 1248 non
567 1207 662 1262 per
689 1193 950 1262 seipsum,
985 1190 1080 1245 sed
1128 1206 1224 1260 per
1264 1190 1466 1246 aethera
1522 1188 1908 1254 inﬂammatur,
1944 1198 1997 1243 et

434 1300 530 1355 per
558 1284 726 1339 solem
762 1283 1063 1337 illustratus
1115 1282 1296 1337 clarus
1344 1281 1592 1336 efﬁcitur.
1633 1278 1835 1335 Fontes
1866 1281 1994 1335 item

426 1387 480 1429 et
510 1375 730 1430 ﬂumina
782 1389 889 1428 non
941 1376 1148 1443 absque
1201 1381 1344 1427 terra
1393 1373 1693 1428 subsistent
1731 1387 1994 1441 unquam,

431 1479 572 1521 terra
599 1475 800 1533 autem,
826 1481 931 1520 non
969 1480 1134 1535 super
1158 1464 1393 1535 seipsam
1430 1464 1666 1529 firmata,
1695 1465 1789 1518 sed
1835 1478 1999 1532 super

429 1573 692 1627 aquarum
748 1558 1105 1612 substantiam
1139 1555 1484 1611 constabilita
1512 1563 1632 1622 est;
1687 1555 1999 1610 continetur

428 1660 481 1703 et
498 1650 615 1720 ipsa
638 1650 690 1704 in
714 1649 892 1704 medio
915 1649 1065 1704 orbis
1084 1647 1322 1703 universi
1338 1656 1387 1701 et
1413 1662 1518 1702 una
1544 1646 1809 1713 vinciturg;
1827 1663 1997 1711 mare,

2092 547 2310 602 ὲκλάὸοι
2371 546 2492 600 καθ’
2529 546 2571 576 ⁸¹
2629 544 2824 598 ἑαυτὸν
2884 543 2980 596 καί¹
3040 543 3145 612 ἰδίᾳ
3179 541 3534 611 θεωρήσειεν,
3587 542 3681 594 εὐ·

2095 641 2252 710 ρήσει
2275 641 2318 670 ⁸⁸
2355 639 2570 700 πάντως
2635 637 2802 707 μηδὲν
2865 635 3220 704 ἰκανούμενον
3275 633 3476 701 ἑαυτῷ,
3539 633 3678 686 ἀλλὰ

2092 733 2191 800 τῆς
2219 730 2463 799 ἀλλήλων
2493 727 2684 799 χρείας
2711 727 3040 797 ὲπιδεόμενα
3067 724 3164 778 καὶ
3188 726 3310 786 ταῖς
3341 726 3475 796 παρ’
3507 723 3678 793 ants-

2095 822 2202 876 λων
2244 822 2586 892 ἐπικουρίαις
2645 820 3044 889 συνιστάμενα·
3091 817 3246 888 ἡλιος
3297 816 3398 885 μὲν
3445 815 3556 886 γὰρ
3598 815 3678 885 τῷ

2099 913 2378 984 σύμπαντι
2406 911 2621 983 οὐρανῷ
2650 912 3080 981 περιστρέφεται
3111 908 3208 962 καὶ
3259 908 3680 978 ἐμπεριέχεται,

2096 1007 2191 1060 καὶ
2219 1005 2406 1068 σκότος
2439 1006 2567 1057 ἄνευ
2601 1006 2698 1074 τῆς
2727 1004 2937 1057 ἐκείνου
2964 1001 3333 1072 κυκλοφορίας
3365 1001 3412 1031 ⁸⁸
3456 1000 3556 1052 οὐκ
3613 1000 3680 1052 ἄν

2096 1115 2228 1151 ποτε
2267 1098 2479 1166 γένοιτο
2499 1113 2513 1127 ο
2558 1096 2758 1165 σελήνη
2790 1095 2844 1150 δὲ
2871 1095 2963 1148 καὶ
2998 1096 3176 1164 ἄστρα
3207 1092 3550 1164 μαρτυροῦσι
3575 1092 3680 1159 τὴν

2097 1190 2254 1259 παρὰ
2294 1189 2445 1259 ἡλίου
2507 1188 2808 1258 γενομένην
2859 1187 3045 1250 αὐτοῖς
3080 1185 3401 1254 φωταυγίαν
3426 1201 3439 1216 ’
3481 1184 3555 1253 γῆ
3619 1184 3678 1235 δὲ

2099 1281 2261 1334 πάλιν
2321 1281 2422 1333 οὐκ
2474 1280 2603 1334 ἄνευ
2641 1280 2814 1333 ὑετῶν
2857 1281 2983 1342 τοὺς
3036 1280 3287 1347 καρποὺς
3344 1275 3679 1330 ἀποδιδοῦσα

2101 1371 2388 1439 φαίνεται·
2443 1372 2492 1424 οἱ
2521 1371 2577 1424 δὲ
2627 1371 2772 1424 ὑετοὶ
2818 1372 2987 1440 χωρὶς
3037 1371 3141 1440 τῆς
3189 1371 3298 1423 τῶν
3341 1372 3584 1439 νεφελῶν
3635 1373 3681 1404 ⁸⁵

2099 1462 2283 1532 χρείας
2310 1463 2409 1515 οὐκ
2439 1460 2504 1516 ἂν
2555 1461 2648 1515 ἐπὶ
2677 1463 2776 1531 τῆς
2825 1461 2930 1530 γῆς
2969 1461 3396 1516 καταὸαίνουσιν
3422 1463 3466 1494 ⁸⁸
3490 1478 3506 1493 ⁸
3563 1464 3681 1515 ἀλλ’

2100 1553 2258 1607 οὐδὲν
2288 1553 2386 1622 ἔφυ
2431 1553 2476 1584 ⁵⁸
2531 1554 2702 1625 χωρὶς
2738 1552 2834 1606 τοῦ
2871 1553 3054 1624 ἀέρος,
3092 1554 3244 1606 καὶὸ
3273 1554 3382 1624 ἀὴρ
3436 1554 3537 1624 οὐχ
3590 1555 3681 1623 ὑφ’

2103 1644 2320 1711 ἑαυτοῦ,
2339 1645 2451 1698 ἀλλ’
2487 1645 2590 1698 ὐπὸ
2631 1644 2732 1714 μὲν
2756 1643 2850 1696 τοῦ
2881 1643 3099 1713 αἰθέρος
3129 1643 3458 1710 διακαίεται,
3491 1644 3598 1696 ὐπὸ
3623 1645 3683 1697 δι

428 1751 482 1796 et
526 1742 622 1812 qui
657 1742 998 1796 extrinsecus
1052 1741 1361 1794 universam
1415 1747 1614 1792 terram
1671 1736 1998 1793 circumﬂuit

2104 1734 2255 1806 ἡλίου
2317 1735 2819 1805 καταλαμπόμενος
2871 1735 3284 1804 λαμπρύνεται.
3344 1735 3457 1791 Καὶ
3502 1735 3685 1803 πηγαὶ

430 1848 660 1901 magnus
689 1847 953 1895 oceanus,
1007 1832 1182 1886 ventis
1235 1833 1472 1898 agitatur
1516 1839 1570 1884 et
1617 1828 1808 1892 fertur,
1861 1845 1997 1897 quo-

429 1937 664 1991 cumque
693 1923 868 1992 ipsum
903 1923 986 1977 vis
1014 1931 1299 1976 ventorum
1346 1920 1607 1985 alliserit,
1639 1920 1783 1974 venti
1815 1932 1995 1974 autem

433 2026 541 2064 non
597 2010 651 2064 in
681 2011 898 2080 seipsis,
928 2010 1050 2076 sed,
1078 2011 1234 2080 juxta
1270 2010 1392 2064 illos
1421 2009 1515 2078 qui
1535 2009 1612 2063 de
1642 2009 1840 2065 talibus
1865 2011 1998 2065 scri-

428 2110 676 2170 pserunt,
701 2116 766 2156 ex
805 2102 973 2156 odore
1003 2100 1261 2156 et~colore
1295 2100 1496 2168 quibus
1529 2114 1626 2169 per
1665 2099 1868 2154 aethera
1907 2115 1999 2156 ac-

429 2190 677 2243 cenditur
702 2205 813 2254 aer,
842 2189 896 2242 in
940 2191 1057 2259 ipso
1083 2203 1208 2244 aere
1242 2188 1580 2254 formantur,
1614 2197 1665 2243 et
1696 2203 1792 2258 per
1816 2188 1994 2258 ipsum

429 2279 639 2346 spirant
667 2278 844 2334 ubivis
877 2287 1163 2332 terrarum.

2105 1829 2205 1897 μὲν
2255 1829 2349 1880 καὶ
2390 1827 2626 1895 ποταμοὶ
2674 1825 2775 1878 οὐκ
2824 1824 2952 1878 ἄνευ
2997 1825 3097 1894 τῆς
3157 1827 3260 1893 γῆς
3317 1828 3684 1896 συστήσονταί

2098 1933 2230 1969 ποτε
2251 1933 2264 1947 ·
2304 1917 2377 1986 γῆ
2407 1916 2463 1968 δὲ
2494 1916 2596 1985 οὐχ
2628 1914 2719 1981 ὐφ’
2751 1915 2951 1984 ἑαυτῆς
2987 1917 3303 1985 ὲρήρεισται
3323 1916 3367 1946 ⁵⁷
3398 1931 3414 1946 ’
3456 1915 3578 1969 ἀλλ’
3638 1916 3685 1949 ⁸³

2105 2010 2198 2061 ἐπὶ
2230 2007 2329 2077 μὲν
2363 2007 2463 2076 τῆς
2493 2006 2602 2061 τῶν
2630 2006 2837 2060 ὑδάτων
2868 2005 3058 2069 οὐσίας
3095 2005 3430 2077 συνέστηκεν
3452 2047 3467 2072 ,
3502 2009 3682 2077 ὲμπεο

2110 2099 2350 2169 ριέχεται
2377 2099 2435 2152 δὲ
2462 2098 2556 2152 καί.
2577 2097 2718 2169 αὐτὴ
2747 2098 2889 2151 κατὰ
2922 2097 2983 2150 τὸ
3018 2097 3182 2167 μέσον
3202 2097 3296 2152 τοῦ
3321 2099 3525 2161 παντὸς
3557 2115 3686 2151 συν·

2106 2190 2341 2254 δεθεῖσα,
2376 2190 2411 2260 ἡ
2434 2206 2493 2242 τε
2525 2190 2770 2244 θάλασσα
2801 2189 2895 2242 καὶ
2922 2190 2950 2242 ό
2983 2187 3181 2251 ἔξωθεν
3205 2190 3519 2259 περιρρέων
3542 2190 3686 2256 σύμ-

2107 2297 2288 2334 πασαν
2319 2280 2419 2351 τὴν
2442 2282 2545 2349 γῆν
2583 2280 2756 2351 μέγας
2785 2280 3037 2343 Ὠκεανὸς
3064 2280 3170 2332 ὐπὸ
3194 2281 3412 2351 ἀνέμων
3446 2283 3685 2333 κινεῖται

429 2375 523 2428 καὶ
571 2376 794 2446 φέρεται
814 2375 946 2428 ὅπου
975 2374 1087 2427 δ’ἆν
1134 2372 1474 2442 αὐτζνὴτῶν
1504 2373 1723 2442 ἀνέμων
1769 2373 2050 2446 προσρὴξη
2093 2375 2202 2446 βία.
2231 2377 2341 2429 Καὶ⁸
2374 2372 2439 2431 αὖ
2481 2376 2643 2429 πάλιν
2696 2377 2745 2428 οί
2775 2374 2967 2444 ἄνεμοι
3008 2375 3107 2426 οὐκ
3173 2377 3231 2428 ὲν
3275 2376 3509 2440 ἑαυτιῐς,
3545 2373 3687 2428 ἀλλὰ

428 2470 570 2524 κατὰ
609 2471 732 2530 τοὺς
763 2468 892 2537 περὶ
945 2467 1149 2520 τούτων
1202 2466 1456 2528 εἰπόντας
1478 2465 1544 2530 ⁸⁸³,
1575 2467 1638 2518 ὲκ
1691 2466 1787 2533 τῆς
1840 2466 1977 2534 πρὸς
2005 2466 2094 2520 τὸν
2133 2465 2270 2537 ἀέρα
2299 2467 2391 2522 τοῦ
2433 2466 2648 2539 αἰθέρος
2680 2466 3018 2530 διακαύσεως
3060 2469 3173 2537 καὶι
3203 2466 3558 2538 θερμότητος,
3619 2470 3683 2518 ὲν

431 2565 581 2637 αὐτῷ
610 2563 687 2633 τῷ
718 2566 840 2635 ἀέρι
867 2562 1232 2640 συνίστανται,
1269 2563 1361 2615 καὶ
1391 2560 1460 2615 δι’
1495 2559 1661 2616 αὐτοῦ
1694 2561 1968 2630 πανταχοῦ
2007 2559 2282 2618 πνέουσιν.

507 2723 580 2778 De
629 2728 868 2794 quatuor
917 2730 1096 2776 autem
1141 2719 1446 2788 elementis,
1501 2717 1700 2790 quibus
1747 2717 1999 2775 consistit

431 2828 720 2885 corporum
759 2823 971 2878 natura,
1009 2814 1242 2868 calorem
1274 2813 1396 2868 dico
1425 2821 1477 2868 et
1525 2811 1698 2881 frigus
1735 2820 1789 2866 et
1829 2812 1991 2868 sicci-

429 2913 596 2963 tatem
627 2913 680 2959 et
708 2906 1010 2969 humorem,
1063 2903 1188 2973 quis
1237 2905 1442 2958 nesciat
1496 2904 1658 2959 simul
1702 2906 1997 2976 conjuncta

430 2997 536 3050 ista
563 2996 882 3060 consistere,
919 2997 1090 3055 divisa
1136 3005 1316 3050 autem
1363 3005 1416 3051 et
1464 2997 1518 3051 in
1570 3013 1630 3053 se
1664 3000 1908 3053 resoluta
1940 3012 2000 3053 se

427 3087 656 3142 invicem
675 3085 1262 3142 abolere?‘Calor-enim
1286 3085 1489 3158 frigore
1510 3088 1799 3154 tollitur,et
1821 3089 1996 3158 frigus

427 3180 609 3236 calore
632 3178 901 3245 aboletur,
932 3188 985 3233 et
1033 3180 1232 3233 humor
1278 3180 1526 3235 siccitate
1555 3181 1812 3236 durescit.
1849 3181 1996 3247 Quo-

430 3271 593 3327 modo
622 3269 787 3338 lgitur
820 3269 894 3323 dii
923 3277 1106 3323 essent
1135 3269 1258 3333 ista,
1296 3269 1506 3337 quibus
1534 3271 1763 3324 aliorum
1794 3272 1996 3324 auxilio

427 3373 567 3428 opus
599 3367 702 3424 est,
750 3367 803 3413 et
837 3358 930 3428 qul
974 3357 1077 3412 sibi
1104 3357 1335 3412 invicem
1377 3358 1578 3413 bellum
1629 3357 1888 3425 inferunt,
1943 3369 1996 3414 et

428 3450 705 3523 quomodo
739 3450 870 3505 deos
898 3464 1097 3503 vocare
1124 3463 1220 3519 par
1249 3449 1358 3504 sit?
1404 3447 1686 3514 Quomodo
1707 3449 1869 3504 etiam
1903 3450 1996 3522 qui

431 3553 740 3601 creaturam
808 3543 994 3601 divino
1053 3541 1259 3597 donant
1325 3541 1551 3597 numine
1623 3556 1730 3595 non
1788 3542 1996 3611 vident,

430 3638 555 3694 dum
608 3634 691 3691 sul
733 3633 833 3689 sub
869 3643 1013 3687 terra
1061 3643 1330 3697 versatur,
1375 3634 1557 3687 lumen
1590 3631 1728 3701 ejus,
1774 3632 1845 3687 ab
1879 3633 1998 3702 ipso

429 3739 773 3790 concessum,
820 3737 928 3778 non
964 3723 1150 3778 lucere
1187 3723 1529 3788 mortalibus,
1575 3724 1870 3794 lunamque
1904 3741 2000 3792 per

429 3817 570 3871 diem
623 3816 756 3871 solis
807 3814 1014 3869 lumine
1057 3822 1112 3870 et
1159 3813 1446 3883 splendore
1491 3814 1791 3880 abscondi;
1843 3825 2000 3869 terra:

427 3907 636 3961 fructus
693 3905 958 3978 grandine
1005 3919 1148 3974 saepe
1204 3903 1345 3965 laedi,
1385 3912 1434 3957 et
1481 3903 1659 3984 ignem
1696 3905 1998 3958 inundante

429 4011 570 4066 aqua
612 3994 927 4067 exstingui?
995 3995 1053 4049 Si
1083 3993 1157 4048 dii
1185 4001 1389 4058 essent,
1421 3992 1707 4062 oportebat
1733 3993 1847 4061 ipsa
1893 4007 1997 4047 non

427 4087 532 4141 alia
562 4087 630 4147 ab
657 4087 778 4142 aliis
812 4084 1059 4156 superari
1089 4093 1142 4140 et
1178 4083 1462 4148 abscondi,
1509 4082 1601 4136 sed
1628 4097 1844 4152 semper
1869 4098 2000 4139 con-

427 4179 612 4234 cordia
635 4193 757 4233 esse
779 4187 834 4234 et
859 4189 1180 4233 communes
1207 4174 1371 4230 simul
1389 4176 1732 4244 operationes
1751 4178 1999 4246 exsequi.

426 4269 551 4326 Ideo
600 4285 700 4326 nec
744 4272 846 4336 sol,
875 4286 1052 4341 neque
1078 4271 1230 4336 luna,
1263 4280 1440 4336 neque
1473 4265 1577 4320 alia
1600 4266 1841 4335 quaedam
1877 4283 2000 4338 pars

2176 2719 2252 2790 (3)
2289 2718 2425 2792 Περί
2459 2719 2567 2789 γὰρ
2600 2721 2709 2774 τῶν
2737 2720 2781 2774 δ’
2800 2720 3102 2790 στοιχείων,
3132 2719 3192 2784 ἐξ
3214 2713 3287 2774 ὧν
3303 2719 3398 2772 καί⁵
3417 2720 3688 2791 συνέστη-

2105 2828 2198 2866 κεν
2226 2812 2378 2884 ἡτῶν
2395 2813 2659 2881 σωμάτων
2670 2813 2851 2880 φύσις,
2871 2814 2966 2884 τὴν
2986 2814 3191 2883 θερμὴν
3205 2813 3345 2879 λέγω
3360 2815 3453 2866 καὶ
3465 2814 3564 2884 τὴν
3583 2815 3686 2884 diu.

2105 2904 2264 2975 χρὰν,
2286 2903 2457 2975 ξηράν
2474 2921 2535 2957 τε
2553 2908 2648 2958 καὶ
2665 2907 2838 2975 ὑγρὰν
2851 2905 3059 2967 οὐσίαν,
3078 2905 3161 2967 τίς
3173 2903 3239 2956 ἂν
3256 2905 3301 2935 ⁵⁶
3316 2905 3496 2975 (2)οὐκ
3515 2903 3678 2971 οἶδεν,

2106 2996 2182 3059 ὡς
2218 2996 2352 3066 ὁμοῦ
2390 2996 2490 3064 μὲν
2529 2997 2854 3068 συνημμένα
2901 2994 3100 3048 ταῦτα-
3127 2995 3497 3061 συνίστανεαι,
3540 2997 3684 3051 διαι-

2109 3086 2348 3159 ρούμενα
2377 3086 2435 3139 δὲ
2463 3087 2587 3141 καθ’
2612 3087 2783 3142 ἑαυτά
2812 3087 3072 3156 γινόμενα
3106 3085 3289 3138 λοιπὸν
3318 3089 3414 3139 καὶ
3433 3087 3684 3158 ἀλλήλων

2105 3181 2246 3232 εἰσὶν
2283 3179 2642 3249 ἁναιρετικάς
2695 3179 2770 3231 Τὸ
2796 3179 2902 3248 γὰρ
2945 3177 3146 3248 θερμὸν
3200 3178 3304 3231 ὑπὸ
3341 3177 3437 3230 τοῦ
3467 3179 3682 3249 ψυχροῦ

2105 3272 2431 3340 ἀναιρεῖται,
2478 3269 2572 3322 καὶ
2606 3268 2666 3322 τὸ
2688 3269 2894 3340 ψυχρὸν
2932 3269 3034 3323 ὐπὸ
3092 3269 3185 3321 τοῦ
3232 3267 3438 3340 θερμοῦ
3478 3271 3684 3338 ἀφανί-

2106 3361 2278 3424 ζεται,
2304 3362 2396 3412 καὶ
2423 3361 2484 3413 τὸ
2520 3361 2684 3430 ὐγρδν
2721 3361 2824 3413 ὐπὸ
2853 3359 2946 3413 τοῦ
2973 3361 3140 3431 ξηροῦ
3172 3361 3487 3432 ξηραίνεται
3513 3379 3527 3395 υ
3555 3364 3685 3427 Πῶς

2105 3451 2196 3504 οὖν
2237 3452 2388 3504 ταῦτ’
2415 3452 2480 3505 ἂν
2523 3448 2633 3505 εῐεν
2669 3453 2801 3518 θεοί,
2858 3453 3092 3522 δεόμενα
3146 3453 3243 3523 τῆς
3298 3455 3429 3524 παρ’
3478 3454 3687 3523 ἑτέρων

2107 3544 2428 3614 ἐπικουρίας
2466 3543 2560 3597 καὶ
2586 3543 2836 3614 ἀλλήλοις
2863 3543 3171 3614 μαχόμενα,
3221 3543 3316 3597 καὶ
3349 3543 3507 3608 θεοὺς
3553 3547 3690 3598 ἀναε-

2107 3634 2354 3704 γορεύειν
2385 3633 2569 3702 seu»;
2605 3634 2727 3696 Πῶς
2756 3634 2813 3686 δὲ
2842 3633 3004 3688 πάλιν
3036 3634 3085 3686 oi
3110 3634 3208 3705 τὴν
3240 3635 3418 3688 κτίσιν
3469 3635 3658 3691 θεοποι

2107 3725 2290 3786 οῦντες
2315 3725 2412 3794 οὐχ
2427 3726 2626 3796 ὁρῶσιν
2660 3725 2812 3796 ἥλιον
2840 3726 2937 3794 μὲν
2969 3725 3071 3778 ὑπὸ
3093 3728 3192 3796 τὴν
3229 3727 3333 3795 γῆν
3369 3726 3682 3796 γινόμενον,

2107 3818 2202 3868 καί
2221 3817 2278 3868 τὸ
2299 3817 2413 3884 φῶς
2449 3816 2616 3871 αὐτοῦ
2653 3817 2728 3887 μὴ
2746 3819 2974 3887 ὁρᾶσθαι
2997 3818 3266 3871 ὑπἀὐτοῦ
3299 3819 3343 3850 ³¹
3370 3820 3658 3891 συγχωρού

2109 3922 2309 3976 μενον;
2345 3906 2573 3977 σελήνην
2587 3907 2642 3959 δὲ
2663 3908 2814 3978 ἥλιος
2847 3906 3081 3978 κρύπτει
3115 3908 3234 3978 μεθ’
3265 3909 3477 3980 ἡμέραν
3506 3913 3574 3981 τῇ
3589 3910 3687 3964 τοῦ

2108 3997 2286 4066 φωτὸς
2334 3998 2666 4067 λαμπηδόνι·
2713 4001 2806 4052 καὶ
2830 4001 2928 4068 γῆς
2969 3999 3069 4069 μὲν
3097 4001 3221 4063 τούς
3269 4002 3379 4072 49
3434 4005 3688 4071 καρποὺς

2109 4084 2318 4153 χάλαζα
2345 4085 2604 4148 πολλάκις
2636 4085 2881 4155 βλάπτει,
2905 4089 2966 4140 τὸ
2991 4089 3046 4141 δὲ
3066 4088 3199 4161 πῦρ,
3224 4089 3329 4160 πλη
3341 4091 3688 4164 μμυροῦντος

2109 4174 2321 4240 ὕδατος,
2359 4176 2684 4244 σ6ἐννυται;
2737 4180 2895 4250 εἴπερ
2940 4175 3078 4249 ἦσαν
3137 4181 3270 4245 θεοὶ,
3311 4182 3417 4234 ἔδει
3458 4185 3687 4250 τούτους

2111 4267 2238 4336 μηδ’
2276 4269 2367 4320 ὐπ’
2423 4269 2671 4337 ἀλλήλων
2754 4270 3026 4338 ἡττᾶσθαι
3094 4271 3190 4324 καὶ
3224 4273 3683 4344 ἐπικρύπτεσθαι,

426 4363 743 4427 creationis,
797 4363 1079 4433 multoque
1119 4361 1304 4416 minus
1332 4356 1550 4431 lapidea
1607 4357 1692 4412 vel
1725 4373 1887 4413 aurea
1919 4357 1998 4415 vel

2107 4356 2243 4409 ἀλλὰ
2275 4359 2508 4412 πάντοτε
2541 4359 2793 4430 ἀλλήλοις
2827 4365 3070 4415 συνεῖναι
3096 4365 3189 4416 καί
3221 4365 3401 4425 κοινὰ,
3437 4366 3554 4438 ἅμα
3583 4369 3686 4434 τὰς

425 4466 489 4504 ex
507 4452 626 4504 aliis
656 4453 895 4506 materiis
916 4453 1231 4517 simulacra,
1258 4466 1436 4522 neque
1462 4449 1605 4521 apud
1634 4458 1824 4519 poetas
1845 4449 2000 4504 fabu-

427 4542 542 4593 lose
599 4541 801 4592 narrati
849 4541 1059 4609 Jupiter
1108 4553 1162 4597 et
1211 4543 1404 4618 Apollo
1457 4553 1510 4597 et
1559 4541 1741 4596 caeteri
1771 4555 1894 4595 vere
1925 4540 1998 4595 dii

426 4643 545 4684 esse
590 4637 845 4698 possunt,
894 4641 955 4685 ut
1002 4633 1258 4687 traditum
1289 4641 1390 4695 est,
1413 4632 1504 4686 sed
1536 4633 1694 4687 exiis
1750 4631 1997 4699 quaedam

427 4731 554 4776 sunt
586 4736 711 4791 pars
741 4721 1053 4787 creationis,
1091 4721 1194 4775 alia
1230 4721 1412 4776 anima
1472 4731 1678 4788 carent,
1720 4721 1826 4776 alia
1869 4734 2000 4774 vero

427 4813 772 4870 solummodo
803 4813 1054 4868 homines
1084 4811 1341 4866 mortales
1383 4810 1602 4865 fuerunt
1631 4812 1713 4865 vel
1745 4820 1894 4866 sunt.

2108 4448 2394 4517 ἐνεργείας
2413 4450 2706 4502 ἐπιτελεῖν.
2746 4449 2908 4503 Ὅθεν
2948 4452 3174 4515 εἰκότως
3199 4453 3322 4507 οὔτε
3351 4454 3522 4523 ἥλιος,
3557 4455 3686 4512 οὖτα

2109 4540 2331 4611 σελήνη,
2362 4539 2486 4593 οὐτε
2520 4541 2623 4612 μὴν
2653 4541 2782 4594 ἄλλο
2809 4559 2861 4594 τι
2895 4543 3062 4613 μέρος
3097 4545 3193 4614 τῆς
3217 4545 3470 4610 κτίσεως,
3501 4547 3627 4600 πολ)
3641 4549 3691 4618 ᾧ

2105 4631 2161 4682 δὲ
2189 4633 2350 4684 πλέον
2399 4631 2524 4685 οὐτε
2550 4634 2617 4685 τὰ
2647 4635 2704 4686 ὲν
2729 4633 2897 4695 λίθοις
2947 4636 3040 4688 καί
3077 4636 3266 4705 χρυσῷ
3305 4641 3398 4690 καὶ
3433 4641 3551 4702 ταῖς
3589 4639 3692 4693 ἄλ..

2107 4719 2228 4781 λαις
2255 4720 2407 4783 ’ύλαις
2439 4721 2753 4791 ἀγάλματα,
2794 4722 2904 4775 οὐδ’
2934 4724 2983 4775 οί
3028 4724 3181 4793 παρὰ
3214 4727 3467 4793 ποιηταῖς
3518 4726 3688 4796 μυθο-

2107 4811 2424 4880 λογούμενοι
2455 4813 2590 4876 Ζεὺς
2634 4815 2730 4868 καὶ
2771 4815 3067 4882 Ἀπόλλων,
3102 4816 3195 4869 καὶ
3230 4818 3281 4870 oi
3332 4817 3514 4872 λοιποὶ
3575 4815 3689 4871 εἶεν

425 4905 641 4980 ἀληθῶς
686 4906 818 4972 θεοὶ,
850 4906 924 4968 ῶς
974 4907 1001 4959 ό
1061 4905 1222 4974 λόγος
1254 4904 1560 4968 ἀπέδειξεν,
1598 4903 1737 4957 ἀλλὰ
1770 4905 1835 4956 τὰ
1890 4903 1994 4974 μὲν
2034 4904 2216 4958 αὐτῶν
2248 4906 2391 4976 μέρη
2417 4907 2518 4976 τῆς
2549 4907 2782 4972 κτίσεως
2815 4909 2942 4974 είσι,
2974 4909 3042 4963 τὰ
3079 4910 3135 4965 δὲ
3182 4910 3363 4982 ἄψυχα
3401 4912 3686 4981 τυγχάνει,

424 4997 492 5053 τὰ
517 4998 571 5050 δὲ
594 4997 754 5069 μόνον
813 4996 1092 5070 ἄνθρωποι
1123 4995 1308 5071 θνητοί
1339 4996 1628 5069 γεγόνασιν
1660 4995 1692 5070 ἡ
1728 4993 2090 5067 ὑπάρχουσιν.

1610 5176 1810 5238 Varias
1856 5174 2162 5239 lectiones
2193 5182 2256 5238 et
2290 5183 2479 5237 noue.

499 5374 542 5407 "
577 5376 695 5429 καθ’
736 5378 771 5430 1.
817 5377 911 5430 καὶ
949 5377 1068 5431 καθ’
1121 5375 1240 5430 cod.
1319 5373 1362 5404 “
1386 5375 1598 5480 εὐρήση
1629 5373 1824 5427 codex.
1901 5372 1946 5404 “
1985 5371 2374 5443 κυκλοφορίας,
2427 5369 2788 5439 διαμενούσης
2826 5369 2904 5422 vel
2934 5370 3381 5442 διασωζομένηςτ
3451 5373 3497 5406 ⁸⁸
3523 5391 3688 5440 νεφε-

499 5461 533 5480 tu
561 5444 574 5480 1
653 5447 828 5480 ιιεηητιυ
876 5447 972 5480 nn.l
1103 5447 1145 5476 ιι
1179 5443 1554 5480 νηιι-ηειιίυηνςυ
1696 5444 1741 5474 ⁸⁸
1790 5443 1890 5480 Ern-ri
1942 5446 2105 5480 μιιιίμν
2206 5442 2247 5472 ⁸⁷
2277 5441 2574 5480 ἕηςῖηίητηι
2608 5443 2768 5480 Dnrltw
2870 5441 2914 5470 ⁸⁸
2948 5441 3060 5480 ἀλλ’
3091 5473 3159 5480 ....
3208 5444 3324 5480 κᾶλλ’
3436 5445 3480 5475 δ’
3515 5444 3684 5480 cru-ﬂ.

1445 5461 1554 5495 οιεν
1582 5461 1592 5495 ί

428 5443 533 5496 λῶν
561 5444 596 5498 1.
653 5447 828 5514 νεφῶν
875 5447 997 5501 cod.
1103 5447 1145 5476 “
1179 5443 1442 5497 κατασαίν

1696 5444 1741 5474 ⁸⁸
1789 5443 1892 5512 ἔφη
1942 5446 2130 5497 codex.
2206 5441 2247 5472 ⁸⁷
2277 5441 2576 5509 ὲρείρισται
2608 5443 2793 5494 codex.
2870 5441 2914 5470 “
2948 5441 3060 5492 ἀλλ’
3091 5473 3159 5480 —-
3208 5441 3344 5496 ἀλλ’.

3436 5445 3480 5475 δ’
3514 5463 3532 5496 ε
3547 5444 3684 5502 ὐπον

428 5513 618 5570 codex.
694 5512 828 5571 “av
857 5531 966 5569 om.
1006 5519 1126 5570 cod.
1206 5516 1246 5546 “
1280 5514 1367 5570 ὕπ’
1398 5514 1562 5566 αὐτοῦ
1602 5515 1636 5565 l.
1665 5515 1755 5568 ὐπ’
1787 5515 1951 5583 αὐτῆς
1981 5523 1994 5580 (

2093 5531 2123 5566 :.
2154 5512 2300 5580 cod.)
