4094 6212
470 309 570 374 119

1664 307 1986 370 GEOllGll
2030 306 2476 370 HAMARTOLI

3609 290 3708 358 I20

457 431 516 480 et
569 420 984 478 lamentationes
1015 432 1136 487 quae
1173 416 1316 472 circa
1349 417 1600 486 sepulcra
1653 418 1787 472 tiunt
1817 437 1830 482 ;
1864 431 2027 471 vene-

2142 415 2218 467 τοῦ
2245 415 2497 474 Τυανέως
2530 408 2879 477 θεσπίσματα
2900 407 2964 460 δι’
2991 403 3209 472 άγαθῶν
3249 402 3537 470 γεγόνασιν
3557 414 3572 430 ⁸
3593 403 3628 472 ή
3652 404 3710 455 δὲ

463 516 644 573 licium
682 522 860 568 autem
917 519 1003 564 est
1050 510 1273 579 quando
1333 510 1398 562 ad
1455 509 1661 564 amoris
1709 509 2027 564 illecebram

462 606 625 660 datur
669 599 834 654 alicui
879 598 1083 654 letliale
1130 599 1414 670 poculum.
1452 599 1715 655 Similiter
1755 599 2032 669 auguralis

460 693 720 767 scientia‘
768 691 1149 760 complectitur
1215 693 1396 746 avium
1460 691 1871 762 inspectionem,
1926 691 2030 744 alia

459 783 846 838 divinationem
920 799 985 837 ex
1046 784 1114 838 iis
1187 799 1307 853 quae
1373 784 1542 848 domi,
1623 797 1748 852 quae
1815 783 1869 836 in
1921 782 2029 847 via,

459 890 581 945 quae
609 875 661 930 in
710 875 971 929 manibus
1008 875 1400 941 observantur;
1434 875 1723 944 augurium
1756 873 1899 942 quod
1926 873 2030 926 du-

459 967 604 1019 citur
658 980 722 1018 ex
783 965 1162 1034 palpitatione.
1206 965 1294 1020 Fit
1355 967 1645 1035 augurium
1703 981 1797 1034 per
1849 964 2029 1018 avium

466 1057 890 1126 inspectionem,
928 1057 1150 1125 quando
1185 1058 1287 1112 hac
1328 1056 1408 1112 vel
1453 1057 1538 1110 illa
1576 1056 1661 1110 avi
1716 1057 1930 1110 volante
1980 1065 2034 1111 et

461 1157 722 1218 vergente
746 1163 928 1202 coram
962 1149 1045 1201 vel
1077 1157 1247 1210 retro,
1273 1149 1461 1202 dextra
1490 1149 1572 1202 vel
1603 1148 1758 1212 larva,
1806 1147 2028 1202 dicunt:

465 1259 481 1291 ι
518 1240 634 1295 Hoc
663 1240 746 1294 vel
772 1240 902 1294 illud
941 1241 1225 1310 contingit.
1252 1260 1269 1293 ι
1309 1239 1394 1295 Fit
1415 1240 1702 1310 augurium
1745 1254 1809 1293 ex
1854 1239 2029 1308 palpi-

462 1333 688 1396 tatione,
718 1332 938 1400 quando
975 1332 1239 1386 indicium
1288 1347 1354 1385 ex
1393 1331 1744 1400 palpitatione
1792 1329 2032 1393 ducitur,

462 1422 612 1478 verbi
641 1422 838 1492 gratia,
872 1421 1092 1491 quando
1121 1423 1404 1492 palpitavit
1441 1423 1630 1476 dexter
1675 1428 1767 1475 aut
1813 1419 2034 1475 sinister

459 1512 673 1575 oculus,
735 1511 819 1566 vel
881 1511 1165 1578 humerus,
1221 1512 1304 1566 vel
1362 1511 1562 1573 femur,
1606 1509 1689 1564 vel
1752 1525 1904 1573 crus,
1951 1508 2034 1562 vel

459 1603 679 1672 quando
706 1602 950 1672 pruritus
995 1603 1048 1656 in
1084 1603 1221 1672 pede
1274 1601 1526 1665 sentitur,
1568 1608 1663 1654 aut
1708 1613 1868 1654 aures
1923 1599 2033 1652 tin-

2134 508 2360 574 γοητεία
2412 501 2701 572 ἐπίκλησίς
2760 501 2876 551 ἐστι
2919 495 3192 565 δαιμόνων
3226 491 3543 546 κακοποιῶν
3579 493 3714 561 περὶ

2133 597 2259 657 τοὺς
2292 594 2496 660 τάςρους
2525 590 2823 658 τελουμένη
2871 588 2965 640 ἐπὶ
3013 582 3188 638 κακοῦ
3226 600 3374 645 τινος
3404 581 3672 635 σύστασιν
3696 599 3711 614 ·

2133 687 2256 738 ὅθεν
2285 688 2378 738 καὶ
2415 684 2640 752 γοητεία
2675 683 2941 752 κέκληται
2975 679 3082 732 άπὸ
3112 678 3220 729 τῶν
3270 674 3414 743 γοῶν
3461 675 3555 726 καὶ
3602 674 3712 725 τῶν

2136 777 2350 847 θρήνων
2373 777 2480 830 τῶν
2510 776 2641 846 περὶ
2685 777 2810 836 τοὺς
2851 773 3062 842 τάφους
3095 770 3400 838 γινομένων
3432 784 3446 797 ·
3483 784 3713 837 φαρμα-

2135 868 2262 920 κεία
2295 868 2350 920 δὲ
2384 869 2512 920 ὅταν
2551 867 2639 919 διά
2663 884 2808 928 τινος
2838 865 3137 925 σκευασίας
3161 862 3538 930 θανατοφόρου
3573 862 3712 930 πρὸς

2136 957 2361 1027 φίλτρον
2392 958 2517 1026 δοθῇ
2548 975 2652 1009 τινι
2699 957 2787 1010 διά
2826 956 3095 1024 στόματος
3129 955 3195 1006 ⁸⁸.
3237 953 3349 1022 (l0)
3394 952 3631 1020 Ὁμοίως
3657 953 3714 1005 δὲ

2137 1049 2231 1100 καὶ
2257 1048 2357 1117 τῆς
2385 1049 2637 1118 οίωνικῆς
2679 1049 2740 1100 τὸ
2788 1050 2889 1116 μέν
2923 1049 3042 1099 ἐστι
3091 1045 3537 1115 ὁρνεοσκοπικδν,
3562 1045 3626 1096 τὸ
3657 1045 3714 1097 δὲ

2138 1139 2548 1201 οἱκοσκοπικὸν,
2582 1137 2644 1189 τὸ
2675 1137 2733 1191 δὲ
2756 1137 2978 1200 ἐνόδιον,
3010 1136 3072 1189 τὸ
3102 1137 3160 1189 δὲ
3190 1137 3629 1204 χειροσκοπικὸν,
3653 1137 3716 1188 τὸ

2135 1228 2195 1280 δὲ
2247 1230 2592 1299 παλματαῖον
2639 1230 2728 1284 ⁸¹’.
2761 1231 2873 1283 Καὶ
2933 1229 3358 1298 ὁρνεοσκοπικὸν
3413 1228 3513 1296 μέν
3568 1230 3712 1292 ἐστι,

2139 1321 2290 1384 ὅταν,
2325 1321 2626 1389 πετομένου
2649 1322 2694 1352 ⁸³
2730 1320 2883 1374 τοῦδε
2913 1321 2944 1390 ἥ
2975 1320 3128 1373 τοῦδε
3154 1319 3370 1386 ὄρνιθος
3400 1319 3714 1388 ἔμπροσθεν

2140 1412 2173 1481 ἢ
2209 1412 2462 1479 ὄπισθεν,
2520 1415 2552 1483 ἦ
2597 1413 2749 1480 δεξιά
2796 1415 2828 1484 ἦ
2869 1412 3140 1484 ἀριστερά
3163 1413 3431 1474 νεύοντος,
3479 1414 3710 1466 εἴπωσι·

2145 1524 2162 1556 ι
2199 1506 2330 1558 Τόδε
2357 1506 2456 1576 "il
2482 1506 2599 1559 τόδε
2634 1506 2922 1576 συμϐαίνει
2953 1525 2972 1558 ι
3000 1521 3016 1538 ο
3042 1507 3174 1575 περὶ
3232 1505 3288 1557 δὲ
3343 1505 3642 1572 ἁλματικδν
3667 1506 3715 1536 ⁸⁸

2139 1595 2198 1648 τὸ
2239 1595 2328 1648 διά
2376 1596 2478 1665 τῆς
2533 1597 2786 1658 ⁴ιιεάλσεως
2837 1597 2932 1650 τοῦ
2988 1596 3240 1665 σώματος
3277 1597 3711 1666 γνωριζόμενον,

459 1696 642 1759 niunt,
723 1702 778 1749 et
833 1695 1080 1749 dicunt:
1127 1713 1144 1744 ι
1214 1694 1329 1748 Hoc
1386 1693 1471 1746 vel
1505 1692 1634 1746 illud
1688 1690 1888 1744 accidit
1943 1698 2034 1744 aut

2142 1680 2250 1739 οἷον
2281 1686 2487 1755 ὲπάλθη
2510 1689 2538 1739 ό
2575 1687 2806 1756 δεξιὸςῆ
2854 1689 2882 1739 ό
2924 1687 3216 1756 ἀριστερὸς
3261 1687 3570 1755 ὀφθαλμὸς,
3602 1687 3634 1754 ἢ
3680 1690 3708 1738 ὁ

460 1787 690 1841 accidet.
724 1804 742 1838 ι
778 1786 1052 1840 Divinatio
1072 1801 1138 1840 ex
1174 1786 1242 1840 iis
1265 1799 1387 1854 qua:
1417 1784 1566 1838 domi
1614 1791 1930 1851 spectantur
1949 1781 2032 1835 lo-

2142 1769 2368 1846 ὧμος.ἢ
2403 1777 2602 1846 μηρός,
2624 1777 2656 1846 ἢ
2681 1779 2903 1845 κνημὶς,
2948 1777 2980 1846 ἢ
3030 1777 3259 1846 κνισμὸς
3316 1779 3374 1830 ὲν
3408 1777 3488 1847 τῷ
3523 1778 3646 1830 ποδὶ
3669 1778 3715 1810 ⁸³

458 1891 583 1928 cum
614 1875 793 1939 habet,
828 1873 1047 1944 quando
1078 1888 1200 1943 quae
1229 1873 1378 1927 domi
1416 1872 1738 1940 contingunt
1779 1870 2030 1924 indicans

2142 1867 2378 1935 γέγονεν,
2414 1869 2445 1936 ἢ
2481 1870 2617 1939 πρὸς
2643 1870 2705 1922 τὸ
2723 1865 2817 1930 οὖς
2842 1865 2976 1938 ἦχος
2994 1869 3232 1936 ἐγένετο,
3259 1887 3277 1919 ι
3301 1868 3375 1920 Τό
3389 1869 3466 1929 δὲ,
3494 1870 3628 1936 φησὶ
3645 1869 3713 1932 ⁸⁸,

459 1965 660 2036 aliquis
693 1965 826 2020 dicit
856 1981 871 2020 :
909 1984 927 2017 (
962 1963 1076 2020 Hoc
1107 1965 1334 2031 accidit;
1375 1982 1392 2016 ι
1423 1963 1570 2018 verbi
1597 1963 1789 2032 gratia,
1813 1964 2032 2016 intecto

2142 1957 2427 2025 συμϐαίνει
2479 1960 2511 2029 ἦ
2566 1960 2906 2029 συμϐήσεται
2944 1976 2992 2010 ο»
3038 1959 3424 2014 οίκοσκοπικὸν
3465 1960 3558 2024 δὲ,
3584 1961 3714 2011 ὅταν

461 2065 683 2125 apparet
724 2053 958 2114 mustela
993 2064 1087 2110 aut
1126 2069 1350 2123 serpens
1388 2062 1482 2107 aut
1524 2068 1665 2116 mns,
1708 2051 1792 2106 vel
1817 2050 2030 2105 exhau-

2142 2048 2205 2101 τὰ
2230 2050 2288 2101 ὲν
2313 2051 2390 2118 τῷ
2429 2051 2561 2116 οἴκῳ
2592 2051 2960 2122 συμϐαίνοντα
2987 2053 3115 2121 εἴπῃ
3149 2053 3195 2086 ⁸⁷
3229 2069 3310 2115 τις
3332 2071 3346 2082 ·
3385 2071 3404 2104 ι
3430 2053 3560 2104 Τόδε
3582 2070 3714 2122 συει·

462 2160 610 2204 stum
643 2158 726 2202 est
758 2148 960 2214 oleum,
993 2158 1085 2202 aut
1113 2147 1240 2207 mel,
1265 2154 1359 2200 aut
1391 2146 1604 2209 viuum,
1629 2153 1722 2198 aut
1753 2143 1916 2205 cinis,
1942 2142 2024 2197 vel

2142 2140 2312 2194 ϐαίνει
2343 2163 2360 2192 ι
2389 2159 2403 2173 ’
2434 2140 2547 2196 οἷον
2577 2145 2634 2195 ἐν
2692 2147 2756 2214 τῇ
2787 2146 2954 2216 στέγῃ
2989 2148 3147 2211 φανεῖ
3169 2145 3310 2214 γαλῆ
3337 2145 3405 2210 ⁸³,
3442 2145 3474 2213 ἦ
3502 2145 3647 2212 ὄφις,
3678 2146 3712 2211 ἦ

462 2240 666 2295 stridor
702 2239 761 2292 lit
786 2237 942 2307 ligni,
987 2238 1073 2292 vel
1123 2237 1401 2306 quidpiam
1459 2234 1628 2299 aliud,
1665 2241 1718 2287 et
1765 2232 1982 2286 additur
2019 2248 2032 2284 :

2142 2229 2268 2298 μῦς,
2307 2231 2338 2300 ἢ
2366 2233 2638 2302 ἐκκενωθῇ
2666 2233 2868 2297 ἔλαιον,
2893 2236 2924 2296 ἢ
2961 2234 3102 2304 μέλι,
3129 2235 3162 2305 ἢ
3189 2231 3349 2299 οἶνος,
3387 2236 3417 2304 ἢ
3449 2236 3647 2304 τέφρα.
3680 2235 3714 2304 ἢ

468 2352 487 2384 ι
532 2330 646 2386 Hoc
694 2328 986 2400 signiﬁcat.
1031 2348 1051 2382 ›
1115 2328 1383 2382 Divinatio
1436 2342 1503 2381 ex
1571 2325 1638 2379 iis
1683 2339 1803 2393 quae
1844 2323 1900 2376 in
1947 2322 2034 2376 via

2142 2321 2366 2390 τρισμὸς
2393 2323 2437 2357 ⁸*
2465 2324 2689 2392 γένηται
2719 2324 2876 2388 ξύλου
2908 2327 2941 2396 ἢ
2977 2326 3104 2379 ἄλλο
3136 2343 3227 2380 τι·
3263 2346 3282 2380 ι
3326 2327 3457 2379 Τόδε
3491 2343 3712 2396 προμη-

463 2430 780 2494 spectantur
808 2423 888 2487 ﬁt,
925 2421 1146 2492 quando
1172 2435 1291 2490 quae
1319 2421 1373 2473 in
1402 2419 1489 2472 via
1518 2426 1814 2473 occurrunt
1836 2415 2036 2485 aliquis

463 2522 686 2570 enarrat
737 2514 977 2572 dicens:
1017 2531 1035 2564 ι
1073 2511 1133 2568 Si
1213 2511 1305 2564 tibi
1389 2509 1606 2565 obviam
1674 2515 1931 2562 occurrat
1990 2506 2036 2560 is

465 2606 654 2670 homo,
685 2613 779 2660 aut
806 2604 858 2659 id
893 2611 1142 2674 portans,
1199 2603 1303 2656 hoc
1337 2602 1430 2656 tibi
1461 2601 1689 2656 accidet.
1725 2619 1742 2651 ι
1785 2599 1887 2652 Per
1951 2598 2036 2651 in-

467 2696 802 2765 spectionem
854 2710 1119 2750 manuum
1171 2693 1443 2749 divinatio
1490 2692 1569 2758 ﬁt,
1655 2690 1878 2760 quando
1944 2703 2039 2756 per

465 2781 840 2836 utensionem
882 2796 1146 2837 manuum
1198 2778 1531 2834 aﬂirmantes
1578 2775 1771 2830 dicunt
1807 2792 1820 2828 :
1865 2791 1883 2825 ι
1925 2772 2037 2830 Hoc

465 2874 541 2930 illi
572 2874 683 2929 lict.
721 2892 743 2934 ι,

538 3056 776 3113 Litteras
831 3071 997 3126 porro
1053 3071 1083 3111 a
1136 3055 1489 3112 Pbmnicibus
1546 3056 1792 3112 inventas
1865 3057 2038 3111 ϐιαιθὶ

2141 2411 2254 2462 νύει
2292 2430 2309 2462 ι
2342 2428 2354 2441 ’
2387 2413 2584 2466 ὲνόδιον
2614 2415 2697 2479 δὲ,
2731 2416 2860 2468 ὅταν
2885 2415 3214 2486 ἐξηγήσεται
3238 2434 3319 2478 τις
3342 2416 3411 2471 τὰ
3441 2418 3498 2468 ἐν
3525 2420 3589 2485 τῇ
3614 2416 3718 2485 ὁδῷ

2141 2503 2466 2558 ὑπαντῶντα
2502 2505 2675 2571 λέγων
2706 2523 2719 2538 ο
2764 2525 2782 2558 ι
2839 2508 2966 2561 Ἐάν
3011 2527 3094 2562 σοι
3145 2510 3442 2579 ὑπαντήσει
3470 2509 3716 2570 τοιοῦτος

2141 2593 2429 2662 ἄνθρωπος
2447 2597 2493 2628 ’⁸
2518 2597 2548 2662 ἢ
2577 2597 2694 2650 τόδε
2715 2597 3019 2667 βαστάζων,
3040 2600 3158 2653 τόδε
3181 2617 3264 2653 σοι
3287 2600 3662 2669 συμϐήσεται·
3691 2621 3710 2652 ι

2143 2686 2559 2753 χειροσκοπικδν
2601 2687 2679 2753 δὲ,
2724 2689 2856 2742 ὅταν
2894 2687 2982 2742 διὰ
3022 2689 3121 2756 τῆς
3155 2689 3429 2752 ἐκτάσεως
3459 2690 3567 2743 τῶν
3602 2708 3717 2759 χει-

2144 2775 2256 2844 ρῶν
2287 2776 2678 2849 διατεινόμενοι
2719 2780 2762 2812 ’⁸
2797 2780 2990 2834 εἴπωσι
3042 2797 3057 2811 ο
3127 2798 3145 2832 ι
3205 2781 3336 2838 Τόδε
3370 2782 3522 2851 αὐτῷ
3551 2784 3716 2850 γενή-

2145 2882 2316 2922 σεται.
2366 2887 2384 2920 ι

2217 3055 2328 3126 (ll)
2362 3057 2472 3109 Kal.
2518 3056 2586 3110 τὰ
2629 3058 2728 3126 μὲν
2771 3057 3075 3128 γράμματα
3116 3056 3372 3119 Φοίνικας
3416 3057 3716 3128 εὑρηκέναι

467 3151 683 3216 dicunt,
711 3159 825 3205 eta
878 3149 1086 3204 Cadmo
1142 3150 1196 3203 in
1242 3149 1508 3203 Grai-ciam
1573 3148 1804 3213 allatas;
1861 3148 2034 3203 medi-

2146 3149 2309 3217 φασὶν
2347 3149 2630 3218 Ἕλληνες,
2654 3150 2746 3203 καὶ
2776 3151 2868 3203 τὸν
2897 3153 2943 3183 ’³
2976 3151 3196 3216 Κάδμον
3242 3150 3415 3204 ταῦτα
3449 3151 3587 3222 πρὸς
3616 3151 3716 3221 τὴν

463 3243 642 3296 cinam
669 3252 850 3306 autem
879 3258 1136 3297 exercere
1160 3243 1472 3314 Egyptinm
1505 3245 1661 3313 Apim
1691 3244 1962 3315 incepisse
1985 3253 2038 3299 et

465 3334 778 3403 Asclepium
824 3335 963 3387 hanc
1032 3334 1255 3389 auxisse
1311 3346 1480 3389 artem
1524 3353 1537 3389 :
1585 3336 1783 3404 quibus
1857 3345 2034 3390 tamen

466 3423 725 3478 omnibus
777 3421 991 3476 Hebraei
1041 3425 1378 3493 antiquiores
1426 3436 1571 3480 sunt.
1635 3425 1898 3479 Similiter
1943 3426 2035 3480 alii

469 3515 629 3577 aliter
667 3513 733 3568 de
763 3513 1114 3584 dogmatibus
1143 3515 1538 3570 disseruerunt.
1577 3516 1734 3568 Enim
1765 3529 1894 3567 vero
1943 3513 2036 3568 alii

470 3605 708 3662 visibilia
727 3615 930 3670 creata,
954 3605 1046 3659 alii
1068 3620 1172 3660 non
1194 3614 1400 3670 creata,
1424 3605 1514 3660 sed
1537 3604 1758 3660 fortuita
1785 3603 2040 3658 dixerunt

467 3713 632 3764 esse;
695 3697 786 3752 alii
830 3700 1094 3752 mundum
1144 3697 1458 3751 universum
1515 3697 1694 3750 anima
1747 3693 2034 3757 viviticari,

467 3788 564 3854 alii
596 3799 776 3844 mente
807 3803 1013 3843 carere.
1041 3788 1396 3856 Anaxagoras
1427 3789 1574 3851 enim
1625 3796 1678 3841 et
1712 3785 2038 3854 Protagoras

466 3899 590 3937 cum
637 3882 692 3936 in
751 3880 1049 3952 Egyptum
1085 3881 1383 3946 venissent,
1426 3888 1481 3933 et
1529 3893 1651 3933 cum
1697 3877 2037 3947 sapientibus

469 3974 746 4045 Egyptiis
779 3983 835 4027 et
879 3971 1125 4026 Hebraeis
1163 3970 1359 4025 ibidem
1392 3971 1700 4026 conuersati
1730 3977 1934 4033 essent,
1970 3968 2037 4021 de

466 4065 534 4118 iis
576 4079 698 4134 quae
725 4061 1236 4131 suntcognitionem
1269 4061 1414 4123 nacti
1446 4068 1595 4123 sunt,
1621 4072 1675 4113 et
1701 4068 1885 4127 postea
1920 4059 2035 4126 ipse

465 4155 619 4209 Plato
653 4155 757 4208 rite
790 4154 1042 4208 initiatus
1074 4162 1175 4216 est,
1221 4163 1278 4207 ut
1309 4152 1362 4206 in
1423 4153 1540 4207 suis
1575 4150 1851 4206 Parallclis
1900 4149 2038 4204 dixit

465 4247 815 4313 Plutarchus.
847 4245 1087 4316 Egyptii
1114 4256 1240 4299 ante
1268 4245 1404 4300 alios
1433 4244 1531 4299 soli
1567 4253 1620 4298 et
1646 4242 1788 4297 lunae
1823 4241 2034 4294 indide-

469 4348 598 4396 runt
631 4340 874 4402 nomina,
907 4340 1078 4394 solem
1121 4339 1319 4394 Osirim
1349 4344 1626 4401 vocantes,
1649 4335 1833 4390 lunam
1871 4333 2032 4400 lsim;

467 4444 592 4500 quae
610 4441 758 4484 astra
775 4430 919 4500 quod
942 4431 1224 4484 currentia
1244 4429 1515 4492 viderent,
1541 4428 1672 4482 deos
1689 4441 1716 4479 a
1737 4442 1868 4481 voce
1894 4427 2036 4479 θέειν

2159 3241 2383 3296 Ἐλλάδα
2409 3243 2657 3309 κομίσαι,
2703 3244 2958 3314 ἰατρικῆς
2987 3245 3042 3296 δὲ
3075 3245 3167 3298 τὸν
3208 3245 3506 3312 Αἰγύπτιον
3541 3239 3716 3300 *Απιν

2146 3334 2333 3398 ἔλεξαν
2378 3334 2536 3404 ἄρξαι
2575 3337 2668 3389 καὶ
2715 3337 2805 3388 τὸν
2856 3337 3189 3406 Ἀσκληπιὸν
3230 3338 3276 3369 ’⁸
3332 3337 3559 3406 αὐξῆσαι
3611 3341 3717 3410 τὴν

2144 3427 2361 3497 τέχνην,
2408 3445 2482 3480 ων
2537 3429 2754 3481 πάντων
2807 3429 3052 3498 Ἑϐραῖοι
3103 3431 3544 3499 προγενέστεροι.
3601 3433 3715 3501 (l2)

2147 3517 2301 3569 Οὕτω
2333 3518 2426 3570 καὶ⁵
2452 3519 2578 3587 περὶ
2606 3518 2712 3570 τῶν
2745 3518 3032 3586 δογμάτων
3055 3517 3434 3587 διαφερόμενοι
3457 3519 3576 3551 ⁹³ὀδ
3598 3519 3716 3576 δια-

2146 3607 2330 3678 φόρως
2384 3609 2769 3677 ἑδογμάτισαν.
2803 3611 2866 3672 Oi
2909 3611 3008 3680 μὲν
3058 3611 3166 3679 γὰρ
3211 3609 3279 3662 τά
3327 3611 3580 3681 ὁρώμενα
3625 3628 3720 3678 γε⁹

2145 3699 2300 3768 νητὰ,
2335 3701 2384 3750 οἱ
2411 3700 2467 3752 δὲ
2494 3701 2734 3770 ἀγένητα
2767 3702 2858 3753 καὶ
2915 3703 2979 3754 ἐκ
3025 3703 3382 3772 ταὺτομάτων
3425 3703 3717 3770 γενέσθαι·

2146 3791 2237 3843 καὶ
2261 3792 2308 3843 oi
2351 3791 2450 3860 μὲν
2507 3791 2750 3861 ἔμψυχον
2811 3789 2951 3845 εἶναι
3007 3793 3066 3845 τὸ
3126 3796 3254 3858 πᾶν,
3289 3795 3338 3846 οί
3399 3794 3454 3846 δὲ
3514 3794 3720 3863 ἄψυχον

2145 3881 2370 3950 ἔφασαν.
2413 3883 2781 3951 Ἀναξαγόρας
2825 3883 2932 3952 γάρ
2967 3885 3060 3935 καὶ
3115 3883 3473 3952 Πυθαγόρας,
3505 3886 3582 3944 εἰς
3628 3883 3720 3940 Ατ-

2145 3990 2352 4045 γυπτον
2386 3974 2710 4043 άςρικόμενοι
2733 3976 2825 4026 καὶ
2852 3977 2965 4035 τοῖς
2984 3975 3302 4042 Αἰγυπτίων
3327 3975 3421 4027 καὶ
3448 3974 3721 4046 Ἑϐραῗων

2147 4065 2254 4136 54
2285 4065 2471 4117 αὐτόθι
2523 4067 2703 4132 σοφοῖς
2736 4065 3264 4138 προσομιλήσαντες,
3298 4065 3398 4134 τὴν
3445 4067 3576 4134 περὶ
3611 4065 3721 4117 τῶν

2143 4157 2311 4209 ὀντων
2342 4157 2544 4225 γνῶσιν
2574 4157 3004 4227 ἠκουτίσθησαν,
3038 4157 3228 4227 ὥσπερ
3258 4157 3320 4227 δὴ
3370 4159 3507 4228 μετὰ
3544 4155 3720 4209 ταῦτα

2147 4248 2239 4301 καὶ
2272 4248 2492 4301 Πλάτων
2529 4250 2742 4319 ἐμυήθη
2783 4250 3007 4318 μᾶλλον,
3037 4250 3218 4313 καθὼς
3254 4251 3310 4301 ὲν
3347 4253 3458 4314 τοῖς
3502 4251 3722 4320 Παραλ-

2145 4339 2327 4409 λήλοις
2356 4339 2457 4409 ἔφη
2508 4339 2878 4410 Πλούταρχος.
2905 4340 3018 4408 (12)
3051 4341 3126 4393 Οὐ
3161 4343 3266 4411 μὴν
3294 4341 3350 4393 δὲ
3380 4343 3423 4374 ’⁵
3456 4341 3593 4394 ἀλλὰ
3624 4344 3720 4392 καὶ

2148 4430 2300 4494 θεοὺς
2336 4430 2624 4499 Αἰγύπτιοι
2673 4431 2877 4498 πρῶτοι
2922 4431 3032 4481 τῶν
3066 4431 3238 4482 ἄλλων
3277 4431 3366 4483 τὸν
3431 4431 3584 4501 ἥλιον
3623 4434 3721 4494 καὶ

471 4497 641 4586 (quod
662 4529 746 4572 est
772 4497 1018 4588 currere)
1067 4522 1499 4588 appellaverunt,
1545 4527 1599 4574 et
1645 4519 1712 4574 iis
1760 4519 2034 4572 sacriﬁca-

2146 4525 2244 4594 τήν
2292 4523 2520 4594 σελήνην
2571 4523 2884 4592 ὠνόμασαν,
2927 4523 3260 4584 καλέσαντες
3299 4525 3388 4576 τὸν
3423 4524 3521 4592 μὲν
3561 4523 3720 4592 ἥλιον

470 4615 690 4664 verunt.
723 4607 904 4678 Ignem
929 4623 1147 4677 quoque
1178 4609 1506 4675 Vulcanum,
1530 4619 1734 4666 terram
1765 4611 2038 4672 Cererem,

473 4699 755 4758 humidam
789 4699 1151 4755 substantiam
1210 4701 1512 4761 Oceanum,
1564 4700 1876 4770 cupidinem
1931 4702 2038 4754 Ve-

470 4805 656 4860 nerem
737 4801 792 4850 et
866 4791 1142 4856 Amorem,
1204 4791 1339 4845 iram
1412 4790 1662 4854 Martem,
1719 4790 2037 4855 ebrietatem

2152 4619 2388 4687 Ὄσιριν,
2439 4620 2538 4687 τὴν
2593 4618 2648 4670 δὲ
2701 4617 2929 4687 σελήνην
2977 4613 3158 4670 Ἶσινο
3208 4616 3302 4668 ἆτε
3347 4613 3440 4668 οὖν
3483 4617 3722 4685 ὁρῶντες

2147 4709 2343 4770 αὐτοὺς
2374 4709 2550 4770 ἰόντας
2591 4709 2776 4778 δρόμῳ
2818 4710 2908 4762 καὶ
2947 4709 3190 4774 θέοντας,
3224 4709 3380 4772 θεοὺς
3426 4709 3624 4770 αὐτοὺς
3654 4709 3720 4758 ἐκ

2147 4799 2241 4861 τοῦ
2269 4799 2412 4851 θέειν
2465 4800 2842 4870 άνηγόρευσάν
2890 4817 2948 4854 τε
3005 4803 3099 4854 καὶ
3131 4800 3351 4855 ἔθυσαν.
3390 4801 3501 4853 Καὶ
3524 4800 3583 4852 τὸ
3619 4798 3723 4868 μὲν

1645 5025 1842 5088 Variae
1877 5027 2183 5090 lectiones
2216 5033 2276 5090 et
2315 5035 2500 5096 notae,

538 5277 583 5309 ⁸⁸
613 5275 890 5340 στόματος.
945 5271 1391 5338 Ὀρνεοσκοπικὸν
1442 5270 1495 5322 δὲ
1539 5270 1752 5334 λέγεται
1787 5269 2034 5340 ἐξευρηκέ

2194 5267 2348 5340 τοῦτο
2387 5267 2594 5334 πρῶτος
2634 5268 2932 5340 Τηλέγονος
2973 5265 3135 5340 (quod
3192 5265 3439 5340 codexjn
3475 5267 3722 5340 margine

472 5346 506 5399 lt
527 5345 681 5414 ibet).
711 5339 946 5414 Ὀμοίως
981 5343 1036 5414 5g
1068 5343 1160 5394 καὶ
1191 5343 1290 5414 τῆς
1317 5342 1659 5414 οίωνιςτικῆς
1692 5339 1770 5414 B_’.

1868 5337 1935 5369 ιι·
1956 5339 2016 5389 τὸ
2036 5338 2092 5390 δὲ
2130 5339 2473 5407 παλματικόν
2507 5341 2587 5391 B'.

2687 5338 2733 5410 δέ
2774 5337 3091 5410 πετωμένου
3133 5340 3342 5410 ὄρνιθος
3371 5337 3454 5410 β’.
3531 5339 3578 5369 ⁸⁸
3603 5339 3722 5390 τόδε

474 5408 760 5482 συμϐαίνει
781 5408 822 5483 ’ἦ
863 5415 982 5467 τόδε
1006 5412 1091 5466 Β⁸.
1169 5414 1214 5445 ⁸⁸
1245 5413 1305 5463 τὸ
1349 5412 1405 5465 δὲ
1431 5408 1812 5483 παλματικόν
1840 5440 1908 5449 -——
1936 5408 2232 5483 ἅλματικδν
2289 5409 2432 5483 esse
2635 5408 2680 5439 ⁸⁵
2715 5409 2877 5483 ἐντῷ
2907 5408 3300 5483 mammeata;
3333 5408 3422 5483 li”.
3465 5410 3536 5483 _“
3561 5411 3718 5483 φησι,

481 5485 838 5551 συμϐήσεται.
881 5485 965 5538 B’.
1044 5484 1089 5514 ³⁷
1132 5486 1261 5552 εἴπῃ

475 5554 683 5620 suam,
692 5569 759 5622 σῃ
809 5553 892 5605 B’.

472 5623 590 5656 οισι
622 5621 1096 5694 προδιαφερόμενοι
1144 5623 1226 5679 Β¹.
1319 5623 1363 5657 ⁸³
1393 5624 1464 5675 Οὐ
1503 5623 1607 5690 μὴν
1640 5621 1694 5673 δέ

1234 5499 1278 5554 ῃᾼ
1312 5485 1348 5536 Ι.
1399 5481 1684 5554 εἴποι-Βκ
1751 5481 1893 5554 citrei.
1940 5481 2061 5554 cod.

997 5553 1042 5585 ’⁸
1085 5548 1368 5622 βαστάζων
1414 5553 1444 5620 ἢ
1496 5550 1613 5603 τόδε
1656 5549 1994 5676 συμϐήσεταί
2036 5565 2117 5600 σοι
2138 5549 2268 5628 ,τόδε
2315 5548 2399 5603 B‘.
2476 5553 2516 5582 ν’
2548 5548 2942 5620 διατεινόμενος
2970 5551 3052 5607 B'.

997 5640 1096 5676 ενοι
1144 5623 1226 5679 Β¹.
1319 5623 1363 5657 ⁸⁵
1393 5624 1464 5675 Οὐ
1503 5623 1607 5690 μὴν
1640 5621 1694 5673 δέ
1749 5663 1759 5674 .
1797 5622 1870 5673 Οὐ
1915 5619 2021 5690 μὴν
2046 5619 2155 5691 (ιδ)
2185 5620 2260 5675 δέ,

2154 5480 2365 5550 "Vinia
2397 5480 2525 5546 γαίη
2575 5482 2657 5534 B’.
2765 5480 2810 5550 θ’
2856 5482 3094 5550 πρισμὺς
3143 5478 3314 5544 ξύλων
3374 5479 3512 5548 (ξυλ.
3571 5478 3721 5550 coll.)

3166 5554 3211 5584 θ’
3242 5553 3327 5603 καὶ
3359 5551 3450 5603 τόν
3479 5565 3585 5603 om.
3633 5548 3715 5599 B‘.
