4050 6220
343 281 467 350 121,
1021 249 1060 288 η
1550 296 2008 358 CIIRONICON.
2053 322 2121 332 —
2167 299 2307 358 ua.
2355 298 2399 357 ι.
3500 294 3600 359 122

347 401 469 473 πῦρ
514 403 838 471 Ἥφαιστον,
882 405 1180 477 Δήμητραν
1234 407 1289 459 δὶ
1345 407 1444 478 τὴν
1496 408 1623 476 γῆν,
1673 410 1765 462 καὶ
1824 408 1918 479 τὴν

2026 407 2325 473 Bacchum,
2360 408 2563 461 hirtum
2593 402 2946 467 Mercurium,
3001 404 3347 473 prudentiam
3401 404 3600 462 Minrc-

347 494 526 565 ὑγρᾶν
569 494 762 547 οὐσίαν
835 497 1092 553 Ὠκεανὸν
1156 498 1450 552 ὲπέθεσαψ
1492 502 1588 553 καὶ
1657 500 1756 570 τὴν
1820 503 1918 569 μὲν

2024 515 2145 554 vam
2206 510 2261 555 et
2317 514 2513 554 rursus
2568 493 2873 550 Vulcanum
2933 504 3078 551 artes
3153 496 3595 563 nominaverunt,

342 586 647 654 ἐπιθυμίαν
726 588 1050 658 ’Δφροδίτην
1119 590 1211 643 καὶ
1274 592 1493 661 Ἔρωτα
1560 592 1917 663 κεκλήκασιν,

344 678 522 745 Ἀρεα
559 678 620 731 δὶ
648 680 741 732 τὸν
792 678 988 745 θυμὸν,
1021 681 1114 736 καὶ
1156 682 1257 752 τὴν
1296 683 1469 753 μίθην
1506 682 1785 749 Διόνυσον,
1821 683 1922 752 τὴν

334 768 633 838 δὶκλοπὴν
685 769 919 841 Ἑρμῆν,
954 772 1045 824 καὶ
1094 773 1193 841 τὴν
1239 762 1503 843 φρόνησιν
1541 775 1794 843 Ἀθηνᾶν,
1829 776 1924 827 καὶ

338 861 508 915 πάλιν
540 862 849 931 Ἥφαιστον
897 864 998 927 τὰς
1026 864 1242 933 τέχνας,
1276 867 1352 928 ὼς
1382 867 1519 937 πυρὶ
1558 867 1822 936 συνεργὸν
1851 866 1918 897 ⁸⁵·

337 955 688 1024 κεχρημένον
712 971 728 986 ο
769 955 1025 1009 τοσοῦτον
1072 957 1181 1027 γὰρ
1229 960 1352 1020 ταῖς
1396 959 1650 1027 αίσχραῖς
1697 956 1923 1011 ἐδουλώ-

338 1046 520 1115 θησαν
557 1047 800 1116 ήδοναῖς,
833 1047 912 1111 ὡς
939 1047 1035 1101 καὶ
1067 1049 1161 1102 τὸν
1183 1049 1397 1119 τράγον,
1425 1049 1515 1103 διὰ
1555 1050 1656 1119 τὴν
1698 1052 1778 1112 εἰς
1817 1048 1916 1111 τὰς

340 1140 525 1209 μίξεις
562 1141 760 1209 μανίαν
779 1140 905 1195 θεὸν
932 1142 1263 1214 ὁμολογῆσαι
1293 1144 1392 1197 καὶ
1414 1143 1599 1196 θῦσαι.
1624 1142 1920 1213 Μενδήσιοι

335 1231 398 1283 δὲ
421 1230 617 1284 τοῦτον
645 1232 1016 1304 διαφερόντως
1039 1234 1330 1305 ὶτίμησαν,
1357 1235 1435 1298 ὡς
1457 1236 1550 1288 καὶ
1577 1238 1693 1297 τοῖς
1727 1235 1914 1296 ἄλλοις

332 1318 505 1385 ζώοις
550 1324 608 1375 αί
655 1323 813 1378 ἄλλαι
866 1325 1051 1389 πόλεις
1095 1326 1377 1395 θεολογίας
1418 1327 1575 1390 τινὰς
1626 1326 1915 1395 ἀνέφερον.

336 1412 574 1467 Ἐσεϐον
601 1413 663 1467 δι
699 1414 800 1469 καὶ
827 1417 1113 1487 Μεμφῖται
1152 1420 1246 1472 τὸν
1284 1419 1503 1491 ταῦρον,
1540 1419 1637 1472 καὶ
1669 1420 1920 1472 Λυκοπο-

2020 593 2221 664 quippe
2276 591 2373 661 qui
2446 592 2567 658 igne
2618 597 2883 643 uteretur.
2938 586 3092 643 Adeo
3136 587 3281 644 enim
3344 591 3596 661 turpibus

2022 685 2337 740 servierunt
2380 681 2773 750 voluptatibus,
2832 689 2892 734 ut
2924 679 3161 741 hircum,
3212 679 3286 733 ob
3335 681 3593 736 eﬂ'renam

2021 778 2378 847 voluptatem,
2456 777 2615 829 deum
2682 772 3095 843 proﬁterentur,
3174 773 3334 842 eique
3384 774 3595 825 sacriti-

2020 879 2231 924 carent.
2258 869 2415 924 llunc
2448 877 2633 922 autem
2668 865 2933 920 Mendesii
2968 865 3237 933 praecipue
3265 865 3551 919 coluerunt
3579 883 3595 929 ;

2021 976 2148 1015 nam
2181 961 2303 1015 alia:
2350 961 2514 1015 urbes
2548 959 2671 1014 aliis
2703 956 3080 1012 animantibus
3108 958 3314 1009 cultum
3349 957 3596 1010 divinum

2020 1052 2375 1108 exhibebant.
2400 1050 2713 1120 Memphim:
2745 1050 2967 1119 quidem
3023 1058 3263 1112 taurum,
3307 1048 3597 1117 Lycopoli-

2021 1145 2131 1198 tani
2164 1145 2373 1213 lupum,
2431 1142 2814 1213 Cynopolitani
2846 1157 3063 1204 canem,
3120 1140 3213 1194 alii
3264 1138 3447 1203 ielem.
3502 1140 3595 1195 alii

2023 1235 2367 1291 crocodilum
2426 1235 2854 1290 venerabantur.
2933 1232 3152 1289 Priores
3230 1231 3393 1303 igitur
3462 1232 3597 1286 deos

2022 1328 2447 1381 nominaverunt
2504 1324 2746 1396 ngyptii
2802 1333 2858 1379 et
2902 1323 3212 1388 Phteniees,
3269 1338 3335 1377 ex
3394 1322 3597 1391 quibus

2021 1418 2194 1473 Graeci
2229 1426 2561 1487 acceperunt
2616 1417 2807 1481 solem,
2844 1417 3050 1480 lunam,
3096 1416 3304 1479 stellas,
3365 1415 3594 1478 coelum.

332 1506 480 1559 λῖται
531 1507 628 1560 τὸν
670 1507 859 1574 λύκον,
914 1511 1011 1564 καὶ
1062 1512 1426 1565 Κυνοπολῖται
1474 1512 1568 1565 τὸν
1605 1511 1769 1573 κύνα,
1822 1512 1919 1564 καὶ

332 1597 486 1650 ἄλλοι
537 1597 637 1649 τον
685 1598 963 1670 αίλουρον,
1015 1602 1111 1655 καὶ
1169 1602 1347 1673 ἕτεροι
1400 1602 1492 1656 τδν
1545 1602 1914 1670 κροκόδειλον.

333 1686 448 1756 (l3)
476 1687 694 1743 οὐκοῦν
722 1690 939 1760 ⁸πρῶτοι
966 1691 1123 1755 θεοὺς
1144 1691 1441 1763 ὠνόμασαν
1471 1694 1516 1726 ³⁸
1547 1692 1599 1745 oi
1626 1692 1916 1760 Αἰγύπτιοι

2022 1695 2146 1749 illos
2184 1695 2279 1764 qui
2348 1710 2407 1748 se
2468 1694 2763 1758 beneﬁcos,
2826 1704 2922 1749 aut
2974 1694 3025 1747 in
3084 1694 3288 1763 przeliis
3340 1700 3597 1747 strenuos

332 1780 429 1832 καὶ
475 1779 755 1846 Φοίνικες,
797 1781 982 1853 ὐφ’ὦν
1029 1784 1286 1855 Ἕλληνες
1321 1785 1723 1855 παρειλήφασιν
1763 1784 1917 1854 ἥλιον

2022 1763 2387 1854 praebuerant,
2445 1784 2597 1836 verbi
2651 1784 2849 1853 gratia,
2903 1784 3141 1838 validum
3199 1794 3255 1837 et
3307 1792 3593 1836 strenuum

333 1870 432 1923 καὶ
458 1872 967 1945 σελήνην,ἀστέρας
994 1893 1053 1929 τε
1076 1877 1171 1930 καὶ
1190 1876 1437 1947 οὐρανὸν,
1463 1876 1561 1930 καί⁸
1573 1876 1697 1945 γῆν,
1724 1878 1821 1929 καὶ
1847 1875 1917 1929 τὰ

2022 1874 2330 1937 Herculem,
2360 1874 2563 1928 divinis
2612 1875 3013 1928 decoraverunt
3046 1875 3370 1934 honoribus.
3403 1882 3459 1928 et
3494 1874 3599 1926 As-

332 1963 471 2016 ἇλλα
509 1968 758 2036 στοιχεῖα
801 1970 1303 2040 προσκυνήσαντες,
1343 1972 1419 2032 ὡς
1460 1970 1615 2032 θεοὺς
1656 1970 1917 2039 ἐλάτρευ-

2023 1966 2283 2035 clcpium,
2315 1965 2385 2019 ob
2412 1964 2546 2018 artis
2593 1963 2819 2017 medica:
2857 1964 3169 2026 scientiam,
3201 1972 3323 2030 post
3362 1971 3591 2015 mortem

334 2070 457 2109 σαν.
490 2057 694 2128 Χρόνῳ
727 2059 787 2112 δὲ
827 2058 1053 2131 ὕστερον
1096 2062 1191 2114 καὶ
1222 2061 1351 2124 τοὺς
1398 2060 1460 2114 εὖ
1492 2078 1543 2113 τι
1584 2061 1916 2132 δεδρακότας

2022 2056 2437 2111 deincaverunt.
2485 2052 2548 2106 Et
2582 2068 2690 2108 non
2723 2053 2899 2108 solum
2938 2053 3059 2107 illos
3090 2052 3183 2121 qui
3215 2051 3420 2120 aliquid
3464 2050 3593 2106 boni

333 2150 365 2215 ἢ
399 2150 458 2202 ιν
504 2150 775 2222 πολέμοις
820 2152 1337 2223 ἀνδραγαθήσαντας
1387 2151 1463 2214 ὡς
1501 2153 1591 2205 τὸν
1636 2152 1915 2223 Ἡρακλέα

2022 2156 2263 2219 egerant,
2285 2146 2379 2201 sed
2406 2146 2569 2201 etiam
2585 2145 2938 2215 impudicitiae
2954 2154 3009 2200 et
3024 2144 3292 2199 scelerum
3316 2142 3599 2199 convictos

331 2241 583 2307 γενναῖον
641 2242 741 2295 καὶ
796 2244 1041 2313 ἀνδρεῖον
1089 2242 1448 2314 ὲθεοποίησαν
1482 2242 1765 2311 Ἕλληνες,
1815 2242 1912 2296 καὶ

2022 2241 2166 2295 viros
2188 2248 2241 2294 ct
2274 2238 2507 2294 feminas
2541 2238 2778 2293 venerati
2809 2246 2941 2293 sunt
2969 2246 3023 2293 et
3062 2237 3249 2293 divino
3278 2236 3428 2291 cuitu
3464 2250 3595 2303 pro-

329 2330 421 2383 τὸν
460 2332 810 2404 Ἀσκληπιὸν
864 2334 952 2387 διὰ
1003 2336 1100 2402 τὴν
1156 2334 1408 2403 ἰατρικὴν
1441 2334 1756 2403 ἐπιστήμην
1786 2332 1909 2386 θεὸν
2018 2332 2216 2389 secuti.

329 2426 742 2497 τελευτήσαντα
767 2429 815 2461 "
848 2428 1297 2500 προσηγόρευσαν
1331 2446 1344 2460 ·
1376 2428 1469 2480 καὶ
1494 2428 1555 2480 οὗ
1591 2427 1752 2498 μόνον
1796 2428 1925 2491 τοὺς
1960 2426 2166 2496 ἀγαθόν
2204 2442 2259 2478 τι
2288 2424 2621 2496 δράσαντας,
2643 2422 2783 2478 ἀλλὰ
2819 2424 2915 2477 καὶ
2977 2422 3105 2485 τοὺς
3152 2419 3466 2490 ἀσελγείαις
3501 2418 3597 2471 καλ⁵

2020 1519 2224 1565 terram
2260 1520 2564 1580 caeteraque
2602 1509 2867 1579 principia
2901 1509 3216 1573 adorantes,
3246 1518 3298 1562 et
3334 1516 3596 1577 tanquam

2020 1602 2128 1658 diis
2162 1602 2370 1657 cultum
2403 1603 2471 1657 iis
2500 1603 2845 1657 exhibentes.
2899 1601 3099 1657 Postea
3134 1615 3264 1655 vero
3313 1600 3488 1655 Graeci
3541 1610 3599 1654 et

336 2525 617 2601 μυσαραῖς
648 2524 913 2593 πράξεσιν
953 2525 1177 2589 ἁλόντας
1208 2524 1408 2595 ἄνδρας
1436 2539 1495 2576 τε
1523 2524 1617 2577 κα)⁸
1645 2526 1914 2594 γυναῖκας
1952 2524 2332 2592 ἐσεϐάσθησαν
2366 2521 2463 2575 καὶ
2493 2521 2856 2593 ἐλάτρευσαν.

474 2702 553 2755 Ζ⁶.
599 2702 740 2772 Περὶ
775 2701 895 2757 τῶν
928 2704 1414 2774 θεοποιησάντων
1449 2703 1767 2773 Ῥωμαίων.

416 2887 511 2952 Ἐξ
539 2880 618 2941 ὧν
660 2886 923 2959 Ῥωμαῖοι
963 2887 1346 2959 μεμαθηκότες
1392 2889 1520 2951 τοὺς
1557 2889 1722 2952 ίδίους
1758 2889 1914 2959 βασι-

331 2976 444 3039 λεῖς
480 2978 624 3047 μετά
665 2977 893 3030 Θάνατον
933 2980 1310 3046 ἑθεοποίησαν,
1349 2980 1441 3031 καὶ
1483 2979 1545 3031 οὐ
1592 2978 1754 3048 μόνον
1787 2980 1914 3040 τοὺς

2286 2698 2396 2755 Vll.
2464 2698 2542 2753 De
2561 2700 2832 2769 apotheou'
2859 2697 3000 2773 apud
3030 2696 3323 2753 Romanos.

2092 2885 2345 2948 Romani,
2376 2900 2406 2939 a
2434 2884 2640 2941 Graecis
2671 2884 2870 2951 edocti,
2910 2885 3272 2955 imperatores
3309 2898 3441 2940 suos
3468 2892 3597 2954 post

2022 2986 2256 3033 mortem
2291 2976 2435 3031 inter
2459 2976 2596 3030 deos
2624 2975 2955 3037 retulerunt,
2991 2985 3047 3030 et
3073 2990 3182 3029 non
3220 2989 3318 3029 eos
3348 2983 3596 3028 tantum-

335 3068 584 3136 ἐννόμως
632 3068 1088 3138 βεϐασιλευκότας
1146 3072 1191 3103 ’⁸
1247 3072 1341 3125 καὶ
1394 3071 1499 3141 55
1548 3071 1641 3125 τοῦ
1703 3070 1915 3125 δικαίου

2022 3069 2186 3125 modo
2214 3067 2308 3139 qui
2352 3066 2593 3136 legitime
2638 3065 3041 3134 imperaverant
3089 3072 3143 3119 et
3178 3065 3449 3132 justitiam
3504 3080 3599 3120 co-

334 3160 775 3226 πεφροντικότας
825 3161 892 3220 ",
924 3160 1060 3213 ἀλλά
1102 3161 1198 3214 καὶ
1248 3162 1376 3224 τοὺς
1430 3162 1774 3232 τυραννικῶς
1822 3161 1917 3215 καὶ

332 3249 583 3311 ἀδίκωςί
631 3266 690 3301 τε
739 3251 835 3303 καὶ
857 3251 1193 3323 παρανόμως
1232 3254 1334 3322 τὴν
1378 3254 1555 3324 ἀρχὴν
1606 3253 1913 3317 ίθύναντας.

334 3340 450 3393 Καὶ
480 3342 593 3409 γὰρ
629 3342 859 3413 Νέρωνα
887 3345 907 3378 '
935 3346 1113 3397 πᾶσαν
1167 3345 1310 3398 Ιδέαν
1342 3346 1641 3409 ἀκολασίας
1674 3353 1769 3399 καὶ
1814 3364 1918 3398 παο

347 3433 611 3499 ρανομίας
642 3433 785 3486 κατὰ
824 3434 985 3503 κόρον
1019 3435 1439 3506 μετεληλυθότα,
1462 3439 1555 3489 καὶ
1574 3438 1915 3506 Δομιτιανὶιν,

346 3520 447 3572 καὶ
478 3521 719 3591 Κόμοδον
762 3524 857 3576 καί
900 3540 962 3591 γε
991 3524 1182 3589 ἄλλους
1223 3527 1547 3597 μιαιφόνους
1587 3528 1683 3581 καὶ
1730 3528 1917 3597 λαγνι-

342 3613 576 3675 στάτους
614 3613 811 3682 ἄνδρας
857 3615 937 3686 τῷ
979 3618 1087 3670 τῶν
1133 3618 1413 3689 σφετέρων
1456 3619 1596 3672 θεῶν
1633 3619 1918 3692 καταλόγῳ

338 3705 666 3772 συνέταξαν.
695 3706 775 3778 (2)
819 3707 893 3760 υῦ
942 3708 1051 3777 μὴν
1081 3708 1159 3773 δὲ,
1192 3709 1329 3762 ἀλλὰ
1384 3712 1478 3763 καὶ
1529 3712 1656 3774 τοὺς
1692 3728 1919 3782 παμπο-

335 3797 543 3867 νήρους
612 3798 871 3871 δαίμονας
922 3801 1315 3873 ὲθεοποίησαν,
1367 3804 1499 3875 παρ’
1550 3798 1625 3859 ὧν
1673 3806 1768 3875 καὶ
1818 3806 1919 3869 τὰς

335 3889 601 3959 γοητείας
654 3892 748 3944 καὶ
800 3896 1140 3962 μαγγανείας
1190 3896 1597 3965 μεμαθηκότες,
1654 3901 1917 3969 πονηραῖς

338 3982 749 4051 κακοτεχνίαις,
768 3984 984 4049 θυσίαις
1008 3987 1103 4040 καὶ
1135 3988 1375 4049 τελεταῖς
1399 3989 1592 4052 αὐτοὺς
1626 3990 1916 4059 ἐτίμησαν,

337 4071 434 4134 οὓς
507 4075 674 4142 ἡμεῖς
732 4077 795 4128 ἐκ
861 4076 1160 4147 διαμέτρου
1234 4079 1632 4148 βδελυττόμεθα
1696 4081 1919 4144 δικαίως

337 4161 481 4230 ἄγαν
501 4164 581 4229 ὡς
615 4164 888 4234 θεομισεῖς
917 4170 1131 4240 καὶτῆς
1157 4171 1376 4228 αἰωνίου
1408 4172 1681 4236 κολάσεως
1718 4172 1916 4245 προξέ-

340 4272 464 4320 νους
471 4295 489 4317 φ

2019 3163 2256 3226 luerant,
2302 3158 2401 3215 sed
2432 3159 2556 3214 illos
2580 3172 2801 3228 quoque
2828 3154 2922 3226 qui
2974 3154 3258 3226 tyrannice
3298 3164 3354 3210 et
3393 3154 3597 3223 injuste

2018 3254 2292 3325 impieque
2325 3251 2557 3321 imperio
2591 3249 2945 3320 praal'uerant.
2975 3246 3247 3303 Neronem
3270 3247 3443 3313 enim,
3494 3247 3593 3316 qui

2018 3361 2233 3402 omnem
2265 3342 2676 3399 incontinentia:
2704 3353 2760 3398 et
2808 3340 3111 3411 impietatis
3164 3339 3387 3395 modum
3436 3338 3596 3399 inso-

2018 3436 2190 3492 ienter
2244 3444 2582 3498 excesserat,
2634 3431 3027 3495 Domitianum,
3086 3429 3473 3495 Commodum,
3538 3438 3595 3484 et

2018 3528 2157 3584 alios
2176 3526 2481 3582 homicidas
2503 3537 2556 3581 et
2574 3523 3065 3581 libidinosissimos
3087 3522 3341 3578 homines
3365 3523 3595 3578 deorum

2018 3634 2244 3675 suorum
2274 3615 2522 3685 catalogo
2582 3614 2974 3681 ascripserunt.
3020 3610 3173 3679 Quin
3210 3612 3321 3666 imo
3368 3619 3423 3664 et
3462 3625 3595 3677 ,sce-

2019 3708 2347 3765 lestissimos
2373 3707 2651 3761 daemones
2680 3720 2778 3774 pro
2820 3706 2926 3759 diis
2954 3702 3285 3767 habuerunt.
3334 3717 3364 3756 a
3393 3701 3598 3772 quibus

2022 3802 2423 3858 incantationes
2451 3807 2503 3853 et
2545 3798 2812 3857 veneficia
2862 3797 3063 3861 edocti,
3117 3794 3377 3864 pessimis
3410 3793 3597 3847 maie-

2022 3897 2185 3961 liciis,
2218 3895 2509 3953 sacriﬁciis
2541 3906 2597 3951 et
2630 3895 2909 3967 mysteriis
2940 3894 3088 3963 ipsos
3111 3893 3422 3957 coluerunt,
3453 3906 3596 3961 quos

2023 4005 2123 4044 nos
2180 4005 2210 4043 e
2260 3996 2764 4065 contra/tanquam
2821 3986 2929 4041 Deo
2989 3984 3199 4040 invisos
3256 3990 3323 4045 et,
3368 3980 3591 4036 αξιοι-πίε

2024 4080 2309 4152 suppliciis
2340 4081 2630 4152 deputatos
2660 4077 3065 4135 abominamur.

425 4442 652 4514 Ἐπειδὴ
702 4445 756 4498 δὲ
802 4447 896 4499 καὶ
959 4448 1228 4519 δαιμόνων
1280 4452 1584 4521 ἐμνήσθην,
1637 4452 1917 4524 προῦργου

2094 4454 2364 4520 Quoniam
2395 4458 2700 4510 dmmonum
2715 4450 3049 4508 mentionem
3072 4447 3197 4513 feci,
3214 4462 3326 4504 non
3353 4446 3597 4503 alienum

339 4531 496 4603 οἶμαι
546 4537 643 4588 καὶ
679 4538 809 4607 περὶ
859 4539 1074 4606 τούτου,
1106 4542 1207 4609 ἄγε
1252 4542 1318 4613 δὴ
1359 4543 1733 4613 δοξαζομένων
1768 4546 1920 4616 παρὰ

340 4625 451 4679 τῶν
468 4626 727 4680 ἐλεεινῶν
755 4628 850 4682 καὶ
882 4632 975 4684 τοῦ
1006 4633 1271 4689 ἀσϐέστου
1314 4636 1490 4705 πυρὸς
1521 4636 1688 4703 ἀξίων
1732 4638 1924 4691 διασα-

342 4716 544 4785 φῆσαι.
571 4718 678 4771 Τὸν
706 4721 813 4791 γὰρ
844 4721 1052 4776 τούτων
1088 4725 1331 4797 ἄρχοντα
1373 4727 1622 4780 Σατανᾶν
1674 4727 1744 4781 τὰ
1800 4730 1921 4783 θεῖα

342 4812 820 4880 προσαγορεύουσι
852 4815 1032 4882 λόγια,
1061 4817 1212 4887 δηλοῖ
1229 4819 1287 4872 δὲ
1307 4818 1550 4892 τοῦνομα
1565 4823 1658 4873 τὸν
1684 4823 1923 4875 ἀποστα-

341 4917 444 4969 την
489 4903 634 4955 κατὰ
684 4906 784 4974 τὴν
835 4906 1019 4977 φωνὴν
1059 4908 1168 4960 τῶν
1224 4909 1513 4981 Ἐϐραίων.
1564 4912 1821 4982 ὀνομάζει
1867 4913 1924 4967 δὲ

343 4990 510 5043 αιτδν
534 4992 793 5047 Διάϐολον
831 4995 907 5059 ὡς
934 4997 1026 5051 τὸν
1069 4997 1203 5051 Θεὸν
1252 4999 1390 5070 πρὸς
1434 5002 1558 5064 τοὺς
1601 5002 1924 5073 ἀνθρώπους

348 5085 796 5152 συκοφαντοῦντα
854 5088 947 5141 καὶ
1000 5089 1183 5152 αὐτοῖς
1222 5092 1278 5144 δὲ
1323 5092 1421 5163 (5')
1468 5096 1579 5158 τοῖς
1614 5094 1927 5164 ἀνθρώποις

2026 4548 2166 4612 puto
2194 4542 2260 4596 de
2296 4540 2403 4595 illis
2452 4539 2748 4603 disserere,
2783 4539 2879 4609 qui
2938 4554 2969 4594 a
3022 4537 3240 4594 miseris
3287 4544 3343 4592 et
3396 4546 3603 4591 aeterno

2026 4636 2150 4706 igne
2183 4636 2365 4706 dignis
2395 4634 2684 4704 gloriﬁcati
2730 4643 2879 4689 sunt.
2912 4631 3120 4688 Horum
3164 4630 3467 4702 principem
3499 4628 3602 4684 Sa-

2026 4740 2209 4786 tanam
2284 4731 2466 4785 divina
2529 4730 2822 4784 nominant
2879 4729 3126 4795 oracula,
3188 4728 3347 4797 cujus
3403 4740 3604 4780 nomen

2028 4833 2272 4893 apostata
2293 4824 2560 4880 Hebraice
2594 4824 3027 4895 interpretatur;
3052 4821 3301 4876 diabolus
3330 4819 3491 4873 etiam
3521 4817 3607 4870 di-

2030 4915 2172 4973 citur
2196 4925 2382 4985 utpote
2411 4918 2504 4985 qui
2540 4916 2709 4969 Deum
2760 4915 2903 4984 apud
2931 4914 3184 4967 homines
3215 4909 3601 4969 calumniatur,

2031 5017 2084 5060 et
2106 5007 2246 5062 inter
2273 5006 2527 5062 homines
2547 5007 2695 5075 ipsos
2719 5007 2845 5061 lites
2862 5014 2916 5061 et
2936 5003 3324 5059 contentiones
3339 4998 3601 5055 seminat.

2036 5095 2149 5152 Hos
2188 5112 2293 5152 non
2318 5097 2493 5155 malos
2519 5098 2586 5152 ab
2610 5097 2766 5152 initio
2788 5112 2816 5151 a
2842 5095 2953 5152 Deo
2987 5095 3367 5150 universorum
3391 5098 3605 5145 creatos

1536 5271 1737 5335 Varia)
1767 5272 2073 5337 lectiones
2104 5284 2163 5337 et
2194 5282 2383 5338 notae.

416 5482 804 5553 ’³’συνεργῴἳ
906 5484 1261 5554 ⁹⁶ὠνόμασαν
1299 5491 1347 5541 oi
1384 5490 1463 5542 'A.
1522 5488 1557 5542 1.
1619 5489 1911 5561 ὠνόμασαν
1967 5490 2254 5556 Αἰγύπτιοι
2311 5490 2435 5541 cod.

437 5551 867 5614 βεκουλευκότας
893 5555 979 5607 B’.
1083 5557 1128 5589 *θ
1160 5560 1534 5614 φρονήσαντας
1609 5558 1690 5614 B'.
1806 5564 1821 5592 ¹
1860 5562 1955 5614 καὶ
2013 5562 2096 5614 ἀδ.
2158 5576 2213 5611 τε
2271 5561 2360 5609 καὶ
2430 5579 2435 5589 ε

1860 5578 1955 5615 και
2013 5578 2096 5614 αο.

369 5554 392 5584 ⁸
437 5551 867 5619 βεκουλευκότας
893 5555 979 5607 B’.

1083 5557 1128 5589 *θ
1160 5560 1534 5630 φρονήσαντας
1609 5558 1690 5614 B'.

345 5626 523 5684 ttav‘iv
544 5626 566 5679 ?

2545 5490 2589 5521 "’
2624 5490 3041 5559 τελευτήσαντα
3084 5487 3121 5541 1.
3183 5485 3603 5559 τελευτήσαντα.

2158 5576 2213 5611 τε
2271 5561 2360 5609 καὶ
2430 5574 2488 5610 π.
2556 5573 2665 5612 om.
2722 5556 2849 5612 B'.'
2917 5556 3199 5629 ’Νέρωνα
3273 5556 3607 5627 καὶήΔομι-
