4094 6212
403 244 505 307 123
1598 246 1921 307 GEORGII
1964 247 2413 308 HAMARTULI
2768 288 2771 289 ν
3542 244 3641 311 im

397 376 522 417 esse
556 360 816 424 dicimus,
868 372 963 410 nec
995 356 1153 407 talem
1189 355 1412 410 sortitos
1442 370 1565 412 esse
1608 366 1835 423 statum,
1874 359 1966 413 sed
2003 384 2014 417 λ

2031 380 2039 418 ι
2073 358 2191 427 ἔριν
2222 356 2356 425 πρὸς
2389 355 2647 424 ἀλλήλους
2682 356 2774 408 καὶ
2804 356 2981 427 μάχην
3018 355 3382 429 ἐμϐάλλοντα.
3409 357 3648 419 Τούτους

399 452 787 523 depravatione
819 446 1017 501 tuentis
1061 462 1089 499 a
1129 446 1450 503 melioribus
1473 448 1541 502 ad
1590 448 1777 519 pejora
1830 450 1971 505 ceci-

2072 449 2237 517 ήμεῖς
2268 447 2333 498 ού
2379 448 2652 516 πονηροὺς
2701 446 2762 511 ἐξ
2810 449 2986 518 ἀρχῆς
3032 447 3181 517 παρά
3221 447 3320 502 τοῦ
3363 446 3507 501 Θεοῦ
3537 446 3650 498 τῶν

399 545 545 599 disse
571 548 763 611 sponte
794 548 848 593 et
880 538 1083 605 libere;
1140 550 1199 595 et
1230 539 1317 594 his
1349 555 1459 595 non
1506 542 1751 596 contenti
1811 542 1973 597 bouis

2072 540 2209 593 ὅλων
2242 537 2718 610 δημιουργηθῆναι
2765 539 2968 609 φαμὲν,
3012 539 3136 594 οὐδὲ
3168 539 3385 593 τοιάνδε
3412 538 3528 605 ῑξιν
3563 538 3656 592 λα-

404 649 527 703 quae
556 647 585 685 a
624 631 898 685 ‘Creatore
962 639 1307 699 acceperant,
1355 629 1468 685 imo
1520 633 1733 702 majora
1798 646 1971 702 appe-

2073 633 2209 701 χεῖν,
2254 630 2391 684 ἀλλά
2437 632 2506 701 τῇ
2558 632 2893 702 παρατροπῇ
2949 630 3047 698 τῆς
3098 628 3330 700 γνώμης
3378 628 3491 681 ἀπδ
3541 628 3652 680 τῶν

401 733 600 785 tentes,
652 712 936 789 ~‘superbia
1000 722 1350 788 intumuisse,
1407 732 1463 778 et
1526 725 1597 778 ab
1668 724 1972 793 antiquitus

2075 723 2377 792 ἀμεινόνων
2398 723 2480 785 είς
2499 723 2569 776 τά
2590 721 2810 793 χείρονα
2837 722 3027 775 πεσεῖν
3046 720 3383 790 αὐθαιρέτως
3403 719 3501 773 καὶ
3520 719 3652 772 αύτ-

398 811 521 864 data
565 810 732 878 gloria
777 810 1094 867 decidisse:
1143 812 1339 866 deinde
1390 812 1656 868 adversus
1699 813 1971 873 homines.

2074 814 2351 881 εξουσίως,
2374 815 2468 869 καὶ
2499 818 2615 879 τοῖς
2646 814 2800 885 παρά
2832 795 2928 868 τοῦ
2979 813 3342 884 πεποιηκότος
3370 828 3656 881 παρασχε-

397 904 465 956 ad
522 904 815 975 imaginem
864 905 958 959 Dei
1012 914 1256 970 creatos,
1320 905 1468 959 rabie
1517 916 1669 961 actos
1733 921 1874 971 esse,
1923 915 1976 960 et

2075 907 2215 961 θεῖσι
2242 906 2342 959 οὐκ
2370 905 2736 977 ἀρκεσθέντες
2760 906 2803 971 ³,
2841 905 2981 960 ἀλλά
3004 903 3273 974 μειζόνως
3294 902 3653 973 ὀρεχθέντες,

397 1005 589 1051 contra
620 1012 717 1052 eos
756 997 954 1052 bellum
1002 999 1332 1069 suscepisse.
1392 997 1565 1053 Porro
1605 998 1853 1060 Creator,
1904 1012 1971 1052 ex

2076 996 2416 1062 εἰσδέξασθαι
2460 996 2562 1067 μιν
2597 997 2693 1050 τοῦ
2732 996 2906 1065 τύφου
2949 996 3014 1049 τὸ
3054 994 3249 1058 πάθος,
3282 993 3550 1047 ἱκπεσεῖν
3594 990 3656 1047 δὲ

401 1103 508 1141 una
538 1096 715 1157 parte,
757 1088 1027 1142 bonorum
1077 1086 1395 1157 angelorum
1445 1086 1693 1142 custodia
1738 1085 1976 1142 servavit

2074 1089 2174 1157 τῆς
2210 1087 2451 1158 ἀρχῆθεν
2490 1086 2743 1157 δοθείσης
2787 1086 2956 1157 τιμῆς
2980 1099 2995 1114 ⁸
3046 1080 3170 1138 εἶτα
3216 1083 3364 1137 κατά
3404 1083 3517 1137 τῶν
3555 1083 3653 1136 ἀνο

406 1181 689 1233 lmminum
722 1193 915 1249 genus,
946 1193 1014 1232 ne
1040 1178 1091 1233 vi
1130 1188 1186 1234 et
1214 1178 1498 1251 tyrannica
1534 1186 1804 1248 potestate
1840 1192 1974 1232 usus

2077 1178 2310 1248 θρώπων
2328 1177 2411 1241 ὥς
2439 1178 2611 1232 εἰκόνι
2658 1178 2781 1250 θείᾳ
2829 1175 3219 1247 τετιμημένων
3254 1174 3522 1244 λυττῆσαι
3557 1172 3655 1227 καὶ

402 1270 707 1339 etimpune
767 1270 1054 1334 invadens,
1108 1284 1249 1340 quos
1310 1284 1419 1339 prae
1490 1269 1694 1324 invidia
1759 1270 1972 1335 oderat,

2075 1270 2166 1322 τδν
2194 1271 2314 1323 κατ’
2340 1269 2521 1325 αὐτῶν
2550 1268 2918 1334 ἀναδέξασθαι
2939 1268 3179 1336 πόλεμον
3199 1280 3215 1295 ⁸
3261 1264 3356 1318 τὸν
3392 1263 3452 1316 δὲ
3494 1280 3657 1333 ποιη-

404 1371 612 1416 temere
641 1359 897 1415 diabolus
926 1362 1210 1430 perderet;
1256 1375 1325 1415 ex
1360 1362 1528 1415 altera
1572 1371 1750 1430 parte.
1802 1368 1975 1415 certa-

2077 1361 2176 1426 τὴν
2195 1363 2260 1432 τῇ
2295 1361 2395 1431 μὲν
2417 1361 2529 1414 τῶν
2552 1360 2725 1430 ἁγίων
2744 1359 2996 1430 ἀγγέλων
3024 1356 3320 1426 ἐπιστασίᾳ
3343 1355 3658 1427 φρουρῆσαι

405 1452 573 1507 minis
600 1452 901 1507 discrimen
927 1467 1036 1508 non
1083 1452 1387 1523 impedivit,
1447 1463 1508 1508 ut
1552 1452 1792 1523 Optimos
1831 1453 1975 1508 lucta

2077 1453 2187 1506 τῶν
2219 1452 2527 1526 ἀνθρώπων
2555 1454 2614 1507 τὸ
2637 1453 2821 1521 γένος,
2842 1453 2992 1513 ὅπως
3018 1451 3094 1521 μὴ
3122 1449 3217 1521 βίᾳ
3250 1449 3345 1502 καὶ
3371 1447 3659 1518 τυραννίδι

405 1543 746 1608 ostenderet,
778 1552 834 1598 et
857 1543 1200 1600 fortitudinis
1239 1544 1571 1614 exemplaria
1596 1543 1809 1599 ﬁerent.
1856 1542 1975 1610 Qua

2079 1544 2360 1616 χρώμενος
2397 1545 2644 1617 ἀοράτως
2671 1543 2867 1607 ἐπιὼν,
2906 1540 3001 1605 οὓς
3022 1542 3113 1595 διά
3140 1539 3340 1609 φθόνον
3370 1538 3661 1608 ἐμίσησεν,

405 1637 476 1691 de
500 1650 669 1694 causa
693 1636 988 1693 violentum
1015 1636 1162 1691 illius
1184 1636 1448 1704 impetum
1490 1645 1750 1703 tanquam
1781 1634 1979 1689 exitia-
2013 1696 2022 1707 ι

2048 1702 2053 1707 _
2079 1636 2253 1700 ἀδεῶς
2284 1636 2575 1707 διαφθείρῃ
2608 1636 2631 1668 ⁸
2654 1651 2671 1667 ·
2700 1635 2803 1707 τὴν
2829 1634 2888 1688 δὲ
2909 1632 3283 1703 ἀγωνιστικὴν
3312 1630 3414 1683 οὐκ
3450 1627 3665 1683 ἐκώλυε

408 1727 511 1783 lem
545 1743 646 1799 per
668 1728 987 1800 angelorum
1014 1727 1319 1793 custodiam
1360 1725 1724 1793 compescuit,
1760 1725 1976 1795 cogita-
2013 1696 2025 1752 1

2048 1702 2057 1752 ί
2087 1696 2292 1797 μάχην,
2318 1696 2406 1780 ἵνα
2433 1696 2584 1798 δείξῇ
2624 1696 2770 1788 τοὺς.
2784 1696 3045 1795 ἀρίστους
3077 1724 3110 1792 ἠ
3141 1696 3291 1792 πάλη
3321 1720 3416 1774 καὶ¹
3449 1720 3665 1786 γένων-

407 1817 625 1870 tionum
651 1825 837 1871 autem
871 1826 954 1871 est
984 1830 1246 1871 assensus
1274 1815 1582 1879 certamini,
1632 1822 1693 1869 ut
1723 1824 1982 1871 strenuos

2084 1833 2176 1869 ται
2197 1815 2577 1887 ἀνδραγαθιῶν
2598 1816 2886 1887 ἀρχέτυπα
2910 1829 2924 1844 ο
2960 1807 3023 1868 οὗ
3045 1812 3109 1883 δὴ
3140 1812 3329 1866 εἵνεκα
3352 1809 3453 1881 τὴν
3476 1807 3668 1879 βιαίαν

404 1906 602 1976 dignos
657 1906 879 1961 coronis
917 1905 1251 1968 ostenderet,
1303 1919 1481 1974 neque
1530 1906 1646 1976 ipse
1694 1906 1860 1961 istum
1912 1905 1981 1961 ad

2087 1907 2297 1962 ἐκείνου
2338 1906 2647 1979 προσϐολὴν
2685 1908 2760 1970 ὡς
2801 1905 3047 1977 ὀλέθριον
3075 1904 3421 1965 διακωλύσας
3450 1904 3518 1971 τῇ
3550 1899 3668 1955 τῶν

404 1994 588 2049 aemuli
619 1994 993 2052 conditionem
1019 2002 1170 2050 sorte
1197 1994 1417 2063 delegit,
1441 1996 1533 2051 sed
1561 1997 1626 2050 ad
1660 2011 1800 2066 opus
1820 2010 1982 2052 suum

2088 1996 2341 2065 ἀγγέλων
2389 1998 2625 2068 φρουρᾷ,
2674 1998 2743 2066 τῇ
2795 1995 2904 2048 τῶν
2934 1994 3216 2063 λογισμῶν
3273 1989 3667 2060 συνεχώρησεν

406 2084 568 2140 istius
602 2085 808 2142 malitia
840 2100 976 2141 usus
1006 2095 1111 2150 est,
1152 2087 1614 2157 quemadmodum
1658 2088 1851 2144 medici
1907 2087 1989 2142 vi-

2090 2089 2322 2160 ἀγωνίᾳ,
2348 2089 2498 2151 ὅπως
2533 2088 2659 2151 τοὺς
2698 2086 3006 2151 ἀξιονίκους
3036 2084 3300 2154 ἀποφήνῃ
3340 2082 3525 2146 ἀξίους
3554 2080 3667 2133 τῶν

407 2176 553 2245 peris
583 2178 649 2232 ad
677 2178 901 2232 morbos
930 2179 1232 2247 pellendos.

2089 2180 2393 2249 στεφάνων,
2426 2180 2527 2234 οὐκ
2570 2179 2737 2243 αὐτὸς
2788 2180 2996 2233 ἐκεῖνον
3043 2178 3125 2241 είς
3170 2174 3473 2231 ἀντιπάλου
3508 2172 3667 2237 τάξιν

407 2264 829 2337 ἀποκληρώσας,
865 2268 980 2321 ἀλλ’
1044 2268 1154 2339 56
1184 2268 1263 2331 είς
1316 2272 1436 2323 δεον
1469 2271 1534 2341 τῇ
1566 2269 1586 2301 ⁸
1647 2268 1861 2323 ἐκείνου
1906 2271 2190 2342 ’πονηρίᾳ⁸
2270 2271 2644 2343 χρησάμενος,
2683 2270 2874 2341 ὥσπερ
2919 2272 2971 2324 οῖ
3022 2269 3201 2341 ἰατροὶ
3254 2269 3377 2329 ταῖς
3430 2264 3668 2334 ἐχίδναις

408 2354 489 2418 ei;
510 2354 833 2428 ἀπαλλαγὴν
860 2358 1206 2428 νοσημάτων.

488 2552 657 2609 Porro
679 2556 939 2625 quoniam
973 2555 1146 2611 Graeci
1192 2568 1469 2626 apostolos
1492 2566 1546 2613 et
1598 2574 1697 2615 nos
1755 2558 1986 2617 barbara

2160 2560 2239 2631 (3)
2280 2561 2434 2614 Ἐπεὶ
2469 2559 2561 2614 οῦν
2594 2559 3055 2629 βαρϐαροφώνους
3083 2558 3347 2626 ’Έλληνες
3374 2558 3499 2620 τοὺς
3530 2559 3664 2612 ἀπο-

413 2644 603 2714 lingua
650 2646 797 2716 loqui
848 2646 1026 2712 aiunt,
1075 2646 1253 2703 sciant
1304 2649 1716 2720 nobismetipsis
1769 2650 1990 2709 Grmcos

2089 2652 2307 2715 στόλους
2352 2653 2449 2705 καὶ
2502 2652 2649 2721 ἡμᾶς
2699 2648 3093 2714 ἀποκαλοῦσιν,
3139 2648 3378 2702 ίστωσαν
3437 2648 3515 2712 ὡς
3570 2648 3666 2702 καὶ

412 2750 608 2791 omnes
659 2737 890 2807 Scythas
921 2739 1090 2795 videri
1126 2756 1143 2794 :
1176 2740 1279 2794 hoc
1330 2741 1471 2795 enim
1523 2741 1724 2798 Paulus
1764 2744 1990 2799 demon-

2088 2744 2223 2815 ἡμῖν
2279 2743 2485 2807 πάντες
2541 2742 2802 2810 Ἕλληνες
2860 2740 3243 2802 σκυθίζουσιν·
3276 2740 3439 2793 τοῦτο
3480 2741 3591 2811 γάρ
3637 2742 3667 2792 ὁ

415 2829 613 2883 stravit
646 2829 876 2885 dicens:
916 2848 935 2883 ι
977 2829 1033 2886 Si
1055 2846 1187 2901 ergo
1212 2833 1459 2888 nesciero
1496 2834 1753 2890 virtutem
1812 2836 1983 2898 vocis,
2013 2855 2032 2915 (

2049 2856 2058 2914 ς
2091 2834 2302 2899 Παῦλος
2352 2834 2593 2904 ἐδήλωσε
2634 2832 2890 2901 φάσκων
2934 2850 2953 2883 ι
2991 2830 3122 2884 Ἐάν
3154 2830 3230 2900 μὴ
3266 2830 3381 2899 γνῶ
3422 2831 3524 2901 τὴν
3573 2830 3666 2884 δύ-

414 2936 515 2977 ero
555 2923 606 2977 ei
641 2926 737 2992 qui
796 2924 1041 2993 loquitur
1077 2924 1364 2979 barbarus.
1403 2943 1422 2976 ι
1460 2924 1669 2981 Revera
1723 2926 1988 2995 quemadc

2092 2930 2370 2997 ναμιντῆς
2394 2927 2600 2996 φωνῆς,
2639 2926 2837 2997 ἔσομαι
2874 2924 2953 2994 τῷ
2980 2922 3232 2978 λαλοῦντι
3269 2923 3547 2993 βάρϐαρος
3567 2925 3588 2954 ⁷
3606 2939 3624 2956 ⁸
3644 2942 3664 2977 ι

416 3015 639 3069 modum
662 3010 868 3069 Grecis
899 3015 1064 3087 Illyrii
1088 3023 1146 3069 et
1169 3016 1386 3071 l‘azones
1415 3026 1466 3070 et
1492 3017 1674 3072 caeteri
1702 3017 1988 3075 barbarico

2090 3018 2169 3089 τῷ
2218 3018 2332 3072 ϐντι
2376 3017 2486 3088 γὰρ
2535 3016 2728 3088 ὥσπερ
2777 3018 2890 3078 τοῖς
2942 3015 3202 3086 Ἕλλησιν
3241 3013 3517 3084 Ἰλλύριοι,
3572 3016 3670 3068 καὶ

414 3105 566 3176 loqui
643 3108 917 3170 videntur,
963 3108 1044 3164 sic
1103 3107 1190 3162 his
1245 3117 1299 3163 et
1360 3109 1632 3164 similibus
1676 3112 1990 3181 quicunque

2093 3111 2345 3174 Παίονες,
2402 3110 2497 3163 καὶ
2552 3109 2700 3164 ἄλλοι
2757 3107 3111 3180 βαρϐαρίζειν
3159 3104 3440 3167 δοκοῦσιν,
3492 3105 3668 3169 οὕτως

414 3197 732 3255 Graecorum
786 3200 1140 3262 artiﬁciosam
1187 3199 1610 3271 disputationem
1660 3210 1714 3257 et
1756 3204 1990 3272 garruli-

2091 3203 2325 3265 ὲκείνοις
2373 3202 2615 3264 καὶτοῖς
2663 3199 2931 3262 τοιούτοις
2960 3200 3078 3252 ὅσοι
3128 3198 3229 3267 τῆς
3271 3196 3521 3257 Ἑλλάδος
3568 3197 3669 3248 καὶ

416 3300 582 3346 tatem
647 3293 926 3362 percipere
988 3299 1287 3362 nequeunt,
1370 3293 1470 3361 ipsi
1543 3292 1763 3347 barbari
1809 3293 1992 3349 viden-

2090 3293 2191 3361 τῆς
2220 3292 2545 3362 Ἑλληνικῆς
2565 3288 2917 3360 τεχνολογίας
2953 3289 3052 3342 καὶ
3091 3287 3405 3358 στωμυλίας
3449 3286 3666 3340 ὲπαῖειν

417 3392 508 3437 tur
564 3398 707 3439 esse.
758 3384 1019 3438 liumdem
1067 3397 1291 3440 sensum
1343 3384 1522 3440 omnis
1580 3385 1763 3454 lingua
1805 3386 1989 3453 habet;

2092 3385 2152 3437 ού
2183 3384 2460 3447 δύνανται,
2494 3382 2757 3455 βάρϐαροι
2800 3380 3050 3436 δοκοῦσιν
3089 3376 3252 3435 εἶναι.
3309 3381 3433 3433 ὀτι
3468 3379 3527 3431 δὲ
3568 3377 3671 3447 τὴν

416 3475 605 3530 eadem
636 3475 783 3531 enim
833 3476 1081 3529 omnium
1128 3477 1414 3530 hominum
1463 3485 1681 3543 natura,
1736 3484 1792 3532 et
1829 3492 1993 3548 expe-

2093 3476 2265 3547 αύτὴν
2291 3475 2405 3546 ἔχει
2436 3477 2585 3529 πᾶσα
2629 3474 2850 3545 γλῶσσα
2893 3474 3155 3536 διάνοιαν,
3198 3474 3297 3541 μία
3332 3471 3444 3542 γὰρ
3474 3472 3508 3543 ἡ
3535 3471 3671 3525 πάν-

418 3566 613 3622 rientia
645 3566 926 3636 magistra.
954 3565 1243 3623 Enimvero
1266 3568 1512 3624 invenire
1538 3578 1625 3625 est
1650 3570 1815 3624 etiam
1848 3572 1989 3641 apud

2092 3584 2199 3623 των
2251 3567 2557 3639 ἀνθρώπων
2622 3566 2806 3638 φύσις,
2852 3567 2947 3621 καὶ
3007 3568 3040 3638 ἡ
3098 3569 3263 3634 πεῖρα
3319 3564 3668 3626 διδάσκαλος.

418 3658 693 3712 Barbaros
723 3666 871 3711 artes
895 3665 948 3711 et
970 3657 1229 3715 scientias
1260 3669 1313 3713 et
1346 3660 1399 3714 in
1440 3660 1591 3715 bellis
1621 3660 1903 3727 virtutem,
1935 3670 1993 3717 et

2097 3663 2255 3716 Ἔστι
2287 3662 2394 3731 γὰρ
2426 3662 2606 3731 εὑρεῖν
2656 3661 2747 3714 καὶ
2779 3659 2929 3729 παρὰ
2975 3661 3089 3719 τοῖς
3122 3656 3423 3728 βαρϐάροις
3471 3655 3673 3725 τέχνας

422 3750 565 3803 inter
617 3750 765 3819 ipsos
809 3749 1029 3819 quidam
1101 3751 1401 3805 acutiorem
1463 3751 1777 3806 Gra'corum
1826 3752 1993 3809 disci—

2095 3756 2189 3809 xatl.
2226 3755 2540 3825 ἐπιστήμας
2573 3754 2667 3807 καὶ
2696 3754 2794 3815 τὰς
2817 3753 2878 3806 ὲν
2902 3752 3167 3822 πολέμοις
3192 3746 3567 3821 ἀνδραγαθίας
3608 3748 3674 3800 ὲκ

423 3841 631 3910 pliuam
694 3856 761 3897 ac
820 3841 1206 3912 loquacitatem
1262 3844 1533 3900 sermonis
1587 3845 1851 3900 brevitate
1894 3860 1992 3899 su-

2096 3847 2439 3918 περιουσίας,
2490 3846 2624 3900 ἔνιοι
2664 3846 2719 3899 δὲ
2770 3846 2980 3899 τούτων
3022 3844 3117 3898 καὶ
3170 3841 3488 3912 σοφωτέραν
3521 3839 3544 3871 ⁸
3571 3838 3675 3909 τὴν

422 3942 637 4002 perant.
674 3932 832 3999 Quod
863 3931 1228 3987 testiﬁcantur
1263 3933 1446 3989 Persa
1474 3937 1534 4007 ei
1568 3944 1781 3990 veteres
1826 3935 1995 3990 histo-

2106 3940 2378 4010 Ἑλλήνων
2418 3939 2667 3993 παιδείαν
2713 3939 2807 3992 καὶ
2859 3935 3185 4005 πολυλογίαν
3227 3932 3567 4005 βραχυλογίᾳ
3596 3948 3677 3984 νι-

422 4024 550 4086 rici,
577 4032 631 4077 et
651 4023 696 4077 si
725 4023 847 4092 quis
885 4036 1033 4076 nunc
1061 4022 1294 4094 legatus,
1344 4033 1439 4078 aut
1469 4024 1603 4089 dux,
1634 4034 1730 4079 aut
1783 4040 1994 4080 merca-

2098 4032 2320 4094 κῶντες.
2361 4031 2439 4101 (4)
2472 4028 2646 4083 Τοῦτο
2674 4028 2784 4099 γάρ
2812 4028 2876 4099 δὴ
2910 4030 3005 4081 καὶ
3039 4030 3059 4060 ⁸
3098 4027 3307 4097 Πέρσαι
3327 4021 3673 4095 μαρτυροῦσι

422 4126 599 4169 turam
647 4130 913 4171 exercens
965 4131 1089 4170 cum
1137 4116 1217 4171 eis
1264 4127 1700 4183 conversaretur,
1746 4118 1992 4188 peritiam
2031 4187 2039 4191 _

2098 4123 2193 4177 καλ⁵
2217 4124 2267 4176 oi
2295 4123 2511 4176 παλαιοῖ
2551 4124 2908 4191 συγγραφεῖς,
2945 4119 3040 4174 καὶ
3075 4120 3129 4172 εί
3166 4136 3249 4182 τις
3284 4118 3384 4171 νῦν
3413 4114 3678 4187 πρεσϐευ·

422 4223 614 4263 eorum
646 4216 703 4264 et
734 4206 1130 4277 malignitatem
1164 4211 1355 4278 utique
1385 4187 1757 4281 experiretur.
1800 4210 1995 4265 Dicunt
2031 4187 2039 4241 ¹

2061 4193 2268 4285 ’τῶνῆ
2304 4187 2708 4284 στρατηγῶν
2736 4187 3007 4283 ἐμπορίαν
3049 4210 3172 4265 τινὰ
3206 4209 3407 4280 μετιὼν
3453 4205 3678 4274 συνεγέ-

421 4301 570 4356 enim
618 4317 714 4358 eos
758 4311 916 4357 acute
963 4301 1237 4372 percipere
1263 4318 1577 4357 sermonum
1624 4302 1893 4357 versutias
1945 4312 2001 4357 et.

2102 4323 2249 4369 νετο,
2274 4307 2367 4361 xal.
2395 4307 2697 4376 πεπείρατο
2748 4304 2927 4371 καλῶς
2971 4304 3070 4374 τῆς
3111 4302 3337 4357 ἐκείνων
3389 4298 3676 4368 ἀγχινοίας

419 4389 604 4455 dolos,
633 4400 690 4445 et
720 4392 913 4459 paucis
947 4392 1130 4448 verbis
1158 4393 1414 4461 subigere
1445 4406 1541 4448 eos
1584 4393 1676 4462 qui
1707 4400 1837 4447 ante
1880 4392 1998 4447 dis-

2101 4398 2197 4452 xai.
2228 4397 2584 4469 πανουργίας.
2620 4396 2757 4452 Φασὶ
2803 4396 2914 4465 γάρ
2966 4395 3165 4457 αὐτοὺς
3200 4393 3368 4459 ὀξέως
3398 4392 3541 4444 νοεῖν
3575 4388 3677 4449 τάς

424 4488 738 4532 seruerunt.
771 4480 1019 4549 Magnam
1047 4485 1211 4538 etiam
1258 4484 1620 4539 ratiocinandi
1658 4484 1764 4539 vim
1797 4483 1997 4539 habere

2100 4491 2210 4545 τῶν
2236 4492 2411 4560 λόγων
2435 4491 2641 4553 πλοκὰς
2667 4507 2726 4543 τε
2744 4490 2837 4543 καὶ
2866 4488 3071 4550 κλοπὰς
3093 4488 3185 4540 καὶ
3212 4482 3559 4553 ὲπικρύψεις,
3584 4480 3684 4533 καὶ

420 4568 688 4622 dicuntur
718 4578 775 4622 et
800 4569 977 4624 idonei
997 4587 1122 4627 esse
1146 4574 1215 4627 ad
1242 4575 1400 4629 facile
1424 4576 1744 4630 solvendum
1774 4576 1843 4631 ab
1875 4577 1996 4633 aliis

2098 4582 2256 4651 ὀλίγα
2295 4582 2707 4653 φθεγγομένους
2749 4581 2906 4651 νικᾷν
2949 4580 3077 4641 τοὺς
3121 4572 3672 4648 προδιαλεγομένους⁸

427 4674 593 4726 nexa,
644 4667 698 4714 et
739 4662 1044 4731 proverbiis
1073 4664 1153 4717 uti
1201 4672 1258 4719 et
1314 4668 1697 4736 aanigmatibus
1750 4667 1998 4723 disertis-

2104 4673 2199 4726 καί
2244 4689 2307 4741 γε
2360 4673 2801 4741 ξυλλογιστικοὺς
2849 4672 2991 4740 ἄγαν
3038 4663 3674 4724 εἷναιδιαϐεϐαιοῦνται,

424 4752 624 4818 simis;
654 4768 761 4808 non
795 4752 942 4807 enim
975 4754 1366 4825 philosophicis
1397 4766 1451 4811 et
1482 4757 1767 4812 rhetoricis
1793 4757 1990 4812 imbuti

2104 4761 2202 4813 xui
2248 4760 2491 4815 διαλύειν
2541 4763 2759 4826 ἱκανοὺς
2812 4762 2881 4815 τὰ
2919 4760 3050 4831 παρ’
3097 4757 3300 4828 ἑτέρων
3358 4753 3675 4823 πλεκόμενα

424 4845 791 4911 sermonibus.
819 4855 1070 4900 naturam
1096 4848 1266 4903 solam
1302 4848 1579 4903 habebant
1608 4848 1946 4919 magistram.

2102 4854 2326 4924 ῥᾳδίως.
2368 4855 2465 4908 καὶ
2491 4855 2811 4926 παροιμίαις
2844 4851 3147 4924 κεχρῆσθαι
3196 4848 3536 4920 σοφωτάταις
3580 4841 3678 4895 καὶ

427 4937 749 5011 αἰνίγμασιν
780 4959 798 4975 ο
829 4942 892 4997 ού
919 4942 1030 5015 γάρ
1052 4944 1225 5012 δήπου
1263 4943 1696 5014 φιλοσοφικοῖςῆ
1732 4945 2041 5012 ῥητορικοῖς
2080 4946 2455 5019 ἐνετρύφησαν
2502 4948 2704 5018 λόγοις,
2754 4947 2889 5001 ἀλλά
2930 4947 3032 5016 τὴν
3077 4947 3241 5019 φύσιν
3325 4943 3491 5015 μόνην
3530 4932 3680 5005 εἶχαν

424 5032 773 5092 διδάσκαλον.

2996 5126 3031 5141 ,ν

1630 5261 1827 5322 Variae
1858 5261 2158 5323 lectiones
2188 5263 2249 5324 et
2282 5263 2464 5323 note).

542 5498 563 5530 ⁸
600 5498 1058 5565 ἀρκεσθέντας-
1089 5496 1451 5567 ὁρεχθένταςῖ
1550 5496 1569 5527 ⁸
1595 5495 1876 5567 διαφθερεῖ
1923 5502 1976 5548 et
2027 5492 2159 5567 _6st'.§

2061 5492 2211 5567 ἱείξει
2264 5492 2398 5567 ροιὶΖ
2510 5492 2530 5524 ³
2557 5488 2676 5560 τήν.
2814 5490 2831 5520 ⁸
2876 5488 3139 5560 πονηρίαν
3191 5488 3308 5544 cod.
3346 5505 3370 5539 ε
3405 5505 3420 5540 ι
3460 5486 3678 5543 subscr.

441 5570 461 5603 ν
496 5569 513 5623 1
551 5560 675 5621 Cur.
709 5582 817 5626 xw.
848 5560 955 5621 ΙΙ(
1006 5569 1025 5599 ⁵
1055 5560 1388 5629 σοφώτεροιῖ
1460 5568 1477 5598 ε’
1516 5567 1639 5628 περὶ
1683 5560 1904 5627 Περσῶν
1961 5564 2058 5619 vel.

783 5584 817 5626 γ.
848 5560 955 5621 ΙΙᾙ
1006 5569 1025 5599 ⁵
1055 5560 1388 5629 σοφώτεροιῖ
1460 5568 1477 5598 ε’
1516 5567 1639 5628 περὶ
1683 5560 1904 5627 Περσῶν
1961 5564 2063 5619 vel.
2124 5560 2400 5631 Πέρσαιςὶ³
