4094 6212
427 260 537 327 1Ω5
1639 266 1995 329 CHRONICt

2102 313 2106 323 .
2144 290 2215 305 --
2253 269 2398 328 LIB.
2440 269 2484 328 Ι.
3592 269 3693 341 126

504 378 588 449 (5)
620 374 756 439 Τοὺς
784 372 841 427 δὲ
872 372 1079 437 Γίνδεις
1110 374 1431 429 καὶτούτων
1464 376 1643 445 πολλῷ
1666 381 1995 448 σοφωτέρου.

2189 379 2393 436 Gindes
2448 381 2621 435 multo
2655 383 2817 434 etiam
2875 382 3233 451 sapientiores
3267 392 3319 437 et
3379 383 3693 438 solertiori-s

428 472 681 541 λέγουσιν
734 466 875 524 εἶναι
908 471 1002 525 καὶ
1040 472 1515 543 έντρεχεστέρους.
1570 472 1645 545 (6)
1678 476 1788 528 Καὶ
1823 475 1933 545 (5ὶι)
1964 493 1992 528 ο

2121 471 2226 526 illis
2254 487 2378 526 esse
2403 473 2678 527 dicuntur.
2715 472 2779 525 Et
2819 472 2957 542 apud
2991 488 3089 527 nos
3120 472 3386 528 nomades
3419 483 3475 528 et
3501 472 3686 525 rustici

426 566 559 636 παρ’
587 565 722 634 ἡμῖν
750 564 809 617 δὲ
832 562 1067 634 νομάδες
1099 567 1195 619 καὶ
1231 566 1531 638 πρόχωροι,
1562 567 1691 630 τοὺς
1731 568 1995 638 Ἰσμαηλί·

2118 565 2321 635 populi,
2351 564 2656 620 lsmaelitas
2692 564 2836 629 dico,
2883 565 2975 635 qui
3008 567 3059 619 in
3096 565 3332 621 desertis
3360 567 3523 619 vitam
3577 567 3691 635 agi-

424 674 522 720 τας
551 655 727 725 φημὶ,
784 655 914 718 τοὺς
961 656 1023 709 έν
1067 658 1189 720 ταῖς
1248 659 1481 728 ἐρήμοις
1521 659 1869 729 βιοτεύοντας
1919 661 1995 715 κα¹

2116 663 2258 717 tant,
2318 655 2564 725 nihilque
2632 671 2697 709 ex
2748 655 3059 710 Graecorum
3126 656 3345 728 scriptis
3416 657 3688 724 legerunt,

426 746 595 817 μηδὲν
615 746 726 799 τῶν
754 745 1085 815 Ἑλληνικῶν
1105 747 1556 819 ξυγγραμμάτων
1586 752 1995 821 ἐπισταμένους,

2115 745 2336 802 solertia
2372 762 2569 817 magna
2604 756 2658 801 ct
2711 747 3070 818 intelligentia
3112 757 3163 801 et
3213 753 3382 801 multa
3424 758 3688 801 ornantur

420 838 680 909 ἀγχινοίᾳ
710 837 905 909 πολλῇ,
935 838 1152 894 συνέσει
1178 858 1237 894 τε
1261 842 1360 896 καὶ
1383 842 1718 915 πολυπειρία
1738 844 1995 914 κοσμοῦν⁴

2112 837 2758 909 experientia,judicium
2796 847 2974 893 tamen
3009 839 3209 892 habent
3236 846 3289 893 et
3337 839 3687 893 calliditatem

421 948 539 996 ται,
571 928 673 983 καὶ
702 929 949 984 διάνοιαν
1010 930 1193 1001 έχουσι
1220 933 1316 987 καὶ
1342 935 1682 1003 πανουργίαν
1718 934 1995 1007 ὀξυτάτην1

2114 930 2516 995 acutissimam,
2567 931 2770 1001 quippe
2799 929 2890 999 qui
2922 930 3160 984 maxime
3188 945 3375 983 verum
3412 930 3689 999 percipere

420 1025 507 1077 ὃτι
562 1023 804 1092 μάλιστα
838 1021 1072 1089 ξυνιδεῖν
1116 1022 1351 1093 τάληθὲς
1394 1024 1685 1094 δυνάμενοι
1731 1026 1776 1057 ⁸⁸
1808 1026 1901 1079 καὶ
1928 1028 1995 1078 δι-

2111 1030 2165 1076 et
2220 1022 2533 1077 discernere
2586 1022 2957 1087 mendacium,
2989 1030 3045 1076 et
3105 1020 3307 1075 bonum
3357 1037 3387 1075 a
3438 1020 3580 1073 malo
3600 1021 3689 1074 di-

421 1113 646 1181 ελέγεαι
667 1114 728 1166 τὸ
754 1110 955 1183 ψεῦδος
975 1111 1073 1167 καὶ
1095 1113 1371 1184 διακρῖναι
1402 1114 1465 1168 τὸ
1491 1116 1741 1186 κρεῖττον
1774 1115 1885 1170 ἀπὸ
1913 1114 1995 1169 τοί

2102 1111 2355 1181 iudicare
2389 1122 2639 1183 possunt.
2702 1111 2777 1167 De
2842 1112 3111 1184 [Egyptiis
3158 1113 3308 1182 loqui
3353 1112 3687 1181 superﬂuunt

420 1206 690 1277 χείρονος.
709 1205 787 1275 (7)
811 1205 950 1274 Περὶ
986 1204 1044 1258 δι
1067 1205 1180 1259 τῶν
1215 1208 1531 1275 Αἰγυπτίων
1562 1206 1820 1277 περιττὸν
1850 1203 1995 1277 οἶμαι

2112 1205 2253 1262 duco
2281 1224 2295 1269 ;
2330 1206 2535 1261 etenim
2562 1206 2818 1277 praecipui
2848 1207 2992 1261 inter
3029 1205 3389 1277 philosophos
3435 1203 3690 1258 dixerunt

417 1293 640 1361 λέγειν’
666 1294 763 1346 καὶ
815 1292 927 1365 γάρ
978 1293 1138 1347 αὐτοὶ
1191 1295 1303 1349 τῶν
1354 1296 1661 1367 φιλοσόφων
1706 1298 1756 1350 oi
1797 1297 1995 1367 πρῶτοι

2115 1296 2239 1352 illos
2284 1297 2741 1353 celebratissimis
2798 1298 3121 1353 Grazcorum
3172 1296 3401 1350 anteire.
3455 1294 3685 1349 Romani

420 1384 713 1455 κρείττους
739 1382 882 1439 εἶναι
908 1376 1138 1450 τούτους
1180 1387 1389 1456 ἔφασαν
1418 1388 1525 1461 57
1564 1389 1677 1444 τῶν
1704 1390 2005 1461 ὀνομαστο-

418 1479 608 1532 τάτων
637 1479 1025 1550 γεγενημένων
1063 1479 1197 1550 παρ’
1227 1481 1511 1551 Ἕλλησιν.
1546 1482 1623 1551 (8)
1660 1483 1923 1553 Ῥωμαῖοι
1949 1482 2007 1536 δὲ

420 1572 519 1625 καὶ
542 1572 774 1641 ποιητὰς
810 1569 970 1639 [σχον
1000 1573 1097 1627 καὶ
1128 1572 1489 1643 συγγραφέας
1523 1574 1617 1628 καὶ⁵
1650 1574 1912 1644 ῥήτορας,
1931 1573 2008 1638 ὡς

420 1660 589 1731 φασιν
614 1662 666 1713 oi
695 1660 906 1731 ταύτην
937 1661 1202 1732 κάκείνην
1242 1662 1547 1733 ἠσκημένοι
1579 1664 1681 1733 τὴν
1710 1663 1961 1732 γλῶτταν
1988 1676 2001 1690 ⁸

419 1756 519 1812 καὶ
546 1756 866 1827 πυκνότερα
908 1756 1003 1810 καὶ
1034 1755 1316 1829 δεινότερα
1355 1757 1465 1812 τῶν
1490 1757 1825 1828 Ἑλληνικῶν
1858 1753 2002 1811 εἶναι

419 1850 495 1906 τά
522 1848 728 1905 τούτων
765 1850 1132 1920 ινθυμήματα
1164 1850 1263 1903 καὶ
1293 1849 1714 1919 συντομωτέρας
1744 1850 1862 1919 ἀμα
1907 1850 2005 1903 καὶ

423 1941 727 2013 βαθυτέρας
756 1941 856 2003 τὰς
880 1939 1131 2012 γνώμας.
1167 1940 1244 2012 (9)
1277 1941 1466 1996 Ταῦτα
1503 1942 1683 2009 λέγων
1711 1942 1776 2007 η,
1812 1942 1874 1994 ού
1904 1942 2005 2011 τὴν

435 2032 671 2091 Ἐλλάδα
693 2030 1008 2103 σμικρύνων
1034 2031 1239 2102 φωνὴν,
1272 2032 1395 2087 οὐδὲ
1432 2032 1657 2087 ἐναντία
1686 2050 1752 2101 γε
1789 2032 1932 2103 αὐτῇ
1960 2034 2004 2063 ¹¹

427 2124 849 2195 παραδείγματα
902 2123 1183 2196 παρέχων,
1211 2124 1351 2179 ἀλλά
1391 2124 1502 2178 τῶν
1558 2124 1652 2178 ἐπὶ
1699 2125 1875 2197 ταύτῃ
1904 2142 2003 2196 με-

420 2212 843 2283 γαλαυχούντων
897 2212 1207 2267 συστέλλων
1254 2212 1357 2284 τὴν
1398 2213 1601 2282 γνάθον
1659 2214 1704 2248 ¹³
1756 2215 1853 2266 καὶ
1903 2212 2005 2285 τὴν

413 2305 595 2376 ὀφρῦν
626 2304 952 2371 κατασπῶν,
975 2305 1070 2358 καὶ
1100 2304 1371 2359 διδάσκων
1404 2305 1481 2376 μὴ
1510 2304 1798 2376 κωμῳδεῖν
1822 2302 2001 2373 γλῶσο

2113 1404 2330 1459 quoque
2367 1399 2553 1460 poetas
2590 1391 2896 1446 habuerunt
2925 1400 2976 1445 et
3011 1389 3312 1444 historicos
3338 1397 3391 1443 ct
3414 1388 3686 1451 rhetores,

2110 1490 2169 1535 ut
2199 1480 2398 1536 dicunt
2430 1481 2464 1535 ii
2489 1482 2581 1551 qui
2629 1482 2681 1536 in
2707 1482 2950 1552 ipsorum
2976 1481 3257 1536 exercitati
3302 1489 3429 1534 sunt
3478 1478 3682 1549 lingua.

2110 1572 2275 1627 Plura
2327 1582 2381 1629 et
2425 1574 2677 1643 graviora
2724 1590 2846 1629 esse
2899 1575 3093 1627 horum
3153 1582 3473 1641 argumenta
3519 1586 3684 1639 quam

2109 1663 2444 1729 Grtecorum,
2478 1675 2529 1719 et
2553 1666 2833 1718 breviores
2854 1666 3138 1734 magisque
3154 1663 3465 1717 reconditas
3484 1662 3687 1715 habere

2110 1756 2415 1810 sententias
2460 1765 2730 1810 asserunt.
2768 1754 2892 1810 llrec
2927 1756 3049 1809 dico
3083 1770 3187 1809 no"
3223 1755 3469 1809 Grtecam
3501 1752 3686 1805 immi-

2113 1863 2292 1902 nuens
2325 1847 2588 1917 linguam,
2616 1864 2712 1902 nec
2736 1849 2984 1918 opposita
3010 1849 3057 1902 ei
3091 1848 3415 1902 documenta
3443 1846 3682 1905 tradens,

2117 1942 2209 1996 sed
2249 1949 2305 1993 ut
2340 1956 2527 1995 eorum
2559 1939 2651 2009 qui
2696 1940 2761 1994 de
2819 1940 2907 1993 illa
2966 1955 3024 1994 se
3069 1940 3297 2008 jactant,
3368 1938 3569 1991 buccas
3627 1945 3685 1988 et

2107 2033 2459 2102 supercilium
2520 2031 2863 2096 contraham,
2909 2031 3047 2085 altos
3102 2029 3329 2099 spiritus
3368 2028 3683 2096 reprimam,

2106 2124 2353 2178 docendo
2389 2140 2497 2177 non
2525 2124 2878 2178 deridendam
2909 2123 3292 2193 esselinguam
3341 2120 3554 2175 veritati
3600 2120 3683 2172 in-

2108 2216 2459 2281 servientem,
2491 2232 2668 2284 neque
2713 2216 2924 2271 ornatis
2976 2225 3030 2270 et
3077 2215 3249 2269 variis
3312 2211 3682 2273 sermonibus,

2105 2308 2197 2363 sed
2229 2309 2442 2362 veritati
2460 2308 2844 2363 consentaneis
2890 2308 3074 2378 gloria:
3110 2323 3227 2363 sua:
3282 2306 3685 2362 consulentem.

415 2419 523 2459 σαν
584 2400 819 2473 ἀληθείᾳ
860 2399 904 2431 ίδ
959 2398 1425 2471 λαμπρυομένην,
1494 2398 1631 2471 μηδὲ
1698 2398 2059 2472 βρενθύεσθαι
2114 2402 2213 2472 μὲν
2260 2404 2350 2457 ἐπὶ
2398 2403 2578 2473 λόγοις
2634 2403 2939 2477 κομψοτικῇ
2992 2404 3158 2476 τέχνῃ
3216 2386 3681 2472 πεποικιλμένοις,

410 2495 555 2554 ἀλλά
582 2498 651 2567 τῇ
688 2493 920 2568 ἀληθείᾳ
944 2496 1440 2567 γεγυμνασμένοις.

631 2718 716 2774 ll'.
745 2719 886 2789 nep!
920 2718 1245 2788 Πλάτωνος
1280 2719 1389 2775 τοῦ
1419 2719 1782 2790 φιλυσόςρου.

2416 2734 2549 2790 Vlll.
2585 2765 2655 2776 -—-
2698 2735 2770 2790 De
2797 2736 3023 2791 Platone
3047 2734 3376 2805 philosOpho.

484 2907 595 2961 Καὶ
626 2905 740 2976 γὰρ
768 2903 1025 2959 έντεῦοεν
1056 2906 1105 2957 oi
1141 2904 1240 2976 μὲν
1268 2905 1447 2976 ἆτομά
1472 2921 1529 2959 τε
1559 2904 1652 2958 καὶ
1677 2905 1858 2975 ἀμερῆ
1895 2904 1995 2957 σώ-

2180 2918 2305 2972 ldro
2340 2917 2562 2986 quidam
2596 2927 2810 2972 atomos
2842 2919 3193 2973 ctindividua
3215 2934 3443 2989 corpora
3477 2937 3677 2991 regno-

416 3017 562 3071 ματα
614 2997 1082 3069 προσηγόρευσαν
1133 2998 1222 3050 διὰ
1286 2998 1350 3050 τὸ
1398 2997 1608 3059 ἀπαθὲς
1668 2997 1699 3065 ἢ
1765 2996 1999 3065 σμικρὸν

412 3093 578 3160 ἄγαν,
607 3090 707 3145 ἀτε
753 3091 863 3161 μὴν
907 3088 1007 3143 νῦν
1038 3090 1082 3121 ¹⁵
1106 3089 1280 3160 τομὴν
1312 3090 1406 3144 καὶ
1435 3090 1703 3161 διαίρεσιν
1740 3090 1998 3156 δέξασθαι

419 3183 493 3253 μὴ
522 3181 847 3243 δυνάμενον.
872 3178 1029 3232 Οῦτω
1057 3179 1167 3251 γὰρ
1195 3180 1454 3233 καλοῦσιν
1483 3180 1682 3233 ἐκεῖνοι
1704 3178 1773 3232 τὰ
1804 3180 1999 3233 λεπτόν

416 3289 555 3327 τατα
580 3272 678 3324 καὶ
722 3268 1069 3341 σμικρότατα
1098 3268 1347 3341 σώματα,
1374 3270 1410 3324 ἀ
1451 3270 1537 3323 διὰ
1585 3269 1693 3322 τῶν
1722 3287 1995 3338 φωταγω-

422 3363 535 3434 γῶν
561 3360 863 3416 εἰσϐάλλων
901 3361 930 3414 ύ
970 3362 1143 3435 ἣλιος,
1181 3361 1454 3415 δείκνυσιν
1501 3361 1694 3415 ἑαυτὸν
1745 3361 1859 3415 ἄνω
1902 3362 1997 3414 καὶ

426 3453 577 3507 κάτω
612 3453 785 3508 παλλό
792 3470 977 3524 μενον.

489 3636 551 3688 οι
596 3636 654 3689 δὲ
688 3646 865 3709 τυχην
914 3635 1012 3689 καὶ
1053 3636 1399 3707 εἱμαρμένην
1432 3638 1727 3706 ἐδόξασαν·
1759 3640 1850 3693 καὶ
1895 3640 1996 3710 τὴν

419 3726 521 3800 μέν
556 3727 907 3799 εἱμαρμένην
948 3728 1364 3800 ἀναγκαστικὴν
1397 3729 1626 3799 δύναμιν
1668 3727 1820 3785 εἷπον
1856 3728 1995 3786 εἶναι

416 3817 513 3869 καὶ
555 3817 657 3886 τῆς
707 3816 839 3889 ὕλης
888 3821 1195 3889 κινητικὴν,
1234 3819 1334 3882 τὴν
1383 3821 1441 3874 δὲ
1492 3821 1664 3893 τύχην
1696 3825 1723 3876 ὁ
1771 3824 1995 3877 Πλάτων

415 3909 598 3964 αἰτίαν
621 3908 725 3984 ἔφη
749 3910 891 3965 κατὰ
940 3911 1287 3983 συμϐεϐηκὸς
1315 3913 1657 3985 γινομένηνῆ
1683 3914 1993 3985 ξύμπτωμα

417 3994 635 4063 φύσεως
679 3998 713 4068 ἢ
754 3999 1153 4070 προαιρέσεως.
1198 4000 1279 4073 (2)
1329 4003 1439 4057 Καὶ
1477 4003 1610 4072 γοῦν
1657 4008 1994 4077 Δημόκριτος

416 4088 547 4158 περὶ
595 4090 789 4141 τούτου
828 4089 1004 4154 οὓτως
1035 4089 1222 4145 εἶπενο
1252 4093 1297 4125 ³⁸
1337 4112 1355 4146 ι
1393 4095 1498 4148 Kal.
1517 4097 1624 4168 γὰρ
1675 4098 1744 4150 τὰ
1798 4098 1896 4169 μὲν
1930 4099 1994 4153 ὲκ

414 4178 552 4233 Θεοῦ
584 4180 789 4245 πάντες
838 4181 1058 4254 ἔχομεν,
1085 4185 1152 4238 τά
1184 4185 1240 4239 δὲ
1269 4188 1334 4240 ἐκ
1378 4189 1479 4259 τῆς
1522 4192 1864 4261 εἱμαρμένης
1900 4192 1993 4246 καὶ

2104 3012 2469 3076 ntinaverunt,
2526 3010 2651 3078 quia
2724 3011 2930 3063 minuta
3004 3011 3169 3065 nimis
3240 3012 3496 3065 sensibus
3566 3029 3674 3066 non

2105 3103 2412 3173 subiacent,
2457 3111 2644 3171 utpote
2696 3118 2819 3171 quae
2880 3101 3177 3155 sectionem
3238 3112 3291 3155 ct
3348 3104 3675 3157 t|i\‘isi0ttcm

2101 3195 2286 3249 subire
2308 3204 2605 3263 nequeunt.
2659 3192 2752 3248 Sic
2777 3192 2921 3246 enim
2952 3200 3149 3247 vocant
3204 3192 3259 3246 hi
3310 3194 3671 3248 subtilissima

2101 3295 2154 3339 et
2194 3284 2562 3338 minutissima
2604 3284 2929 3353 corpuscula
2978 3299 3099 3353 quae
3132 3300 3227 3354 per
3280 3286 3544 3341 fenestras
3594 3287 3673 3340 sol

2101 3376 2367 3442 immittit,
2394 3392 2612 3432 sursum
2642 3386 2696 3430 et
2727 3376 2985 3431 deorsum
3020 3377 3237 3444 agitata.

2173 3653 2276 3708 Alii
2310 3669 2440 3708 vero
2489 3655 2723 3709 fortuna:
2770 3663 2825 3709 et
2879 3652 2990 3709 fato
3045 3654 3235 3709 conlisi
3290 3662 3460 3710 sunt:
3502 3654 3671 3709 fatum

2097 3745 2315 3815 quidem
2345 3746 2683 3800 necessitatis
2720 3746 2831 3799 vim
2881 3761 3021 3809 esse,
3080 3747 3361 3801 materiam
3419 3748 3667 3801 movendi

2097 3837 2356 3893 facultate
2388 3838 2667 3907 przeditam
2697 3837 2941 3893 dicentes
2963 3881 2976 3905 ,
3006 3838 3161 3894 Plato
3193 3848 3373 3894 autem
3403 3839 3672 3894 fortunam

2104 3944 2327 3984 causam
2380 3928 2663 3984 fortuitam
2703 3940 2909 3984 natura:
2950 3940 3044 3984 aut
3071 3930 3369 3984 voluntatis
3414 3931 3568 3984 dixit.
3609 3932 3671 3983 Et

2100 4038 2228 4076 vero
2284 3995 2627 4077 Democritus
2681 4023 2747 4077 de
2796 4022 2900 4077 hoc
2947 4023 3027 4077 sic
3076 4021 3365 4092 loquitur:
3400 4039 3418 4072 ι
3458 4021 3667 4075 Etenim

2100 4116 2348 4182 quredam
2380 4130 2445 4169 ex
2486 4113 2597 4170 Deo
2629 4130 2820 4169 omnes
2862 4116 3143 4181 habemus,
3168 4120 3414 4184 qumdam
3446 4130 3574 4168 vero
3604 4130 3670 4167 ex

2102 4207 2213 4261 fato
2241 4218 2295 4262 et
2331 4208 2572 4274 fortuna,
2638 4217 2691 4263 et
2728 4209 3111 4263 minutissimis
3158 4209 3263 4262 illis
3308 4210 3670 4276 corpusculis,

412 4271 583 4343 τύχης
614 4274 848 4329 καὶτῶν
886 4279 1268 4347 σμικροτάτων
1315 4280 1541 4335 ἐκείνων
1577 4284 1869 4355 σωμάτων,
1901 4286 1995 4340 καὶ

2102 4297 2408 4367 perspicue,
2458 4310 2675 4351 sursum
2710 4305 2764 4350 et
2811 4297 3065 4352 deorsum
3123 4298 3374 4359 vibratis,
3434 4298 3670 4350 circum-

416 4366 704 4438 προδήλως
761 4368 1103 4441 φερομένων,
1132 4372 1244 4426 ἀνω
1291 4374 1387 4427 καὶ
1434 4376 1589 4430 κάτω
1635 4376 1992 4448 παλλομένων

412 4461 507 4521 καὶ
538 4462 1023 4534 περιπλεκομένων
1070 4483 1125 4518 τε
1158 4468 1253 4521 καὶ
1280 4467 1647 4539 διισταμένων
1696 4470 1790 4522 καὶ
1832 4488 1990 4541 περι-

414 4555 742 4625 φερομένων
785 4555 845 4621 ἐξ
871 4557 1139 4629 ἀνάγκης,
1174 4577 1193 4612 ι
1220 4561 1313 4628 ἀφ’
1343 4555 1421 4614 ὧν
1468 4561 1527 4614 οὐ
1567 4561 1726 4632 μόνον
1761 4562 1989 4616 πλοῦτον

406 4644 504 4703 καὶ
516 4644 731 4712 πενίαν,
751 4647 845 4701 καὶ
858 4647 1091 4717 ὑγίειαν,
1118 4650 1211 4702 καὶ
1228 4650 1405 4717 νόσον,
1426 4651 1519 4705 καὶ
1542 4652 1811 4718 δουλείαν,
1841 4652 1986 4725 [καὶ]

406 4733 754 4808 ἐλευθερίαν,
798 4738 895 4790 καὶ
962 4738 1220 4810 πόλεμον,
1253 4741 1345 4794 καὶ
1399 4744 1625 4815 εἰρήνην
1685 4744 1983 4814 διανέμειν,

404 4824 546 4881 ἀλλὰ
616 4829 713 4881 καὶ
771 4829 972 4900 ἀρετὴν
1040 4832 1135 4884 καὶ
1190 4833 1390 4886 κακίαν
1450 4835 1801 4906 ἀποκληροῦν
1855 4836 1981 4906 ἔφη.

409 4917 490 4987 (3)
524 4920 637 4976 Kal.
662 4921 801 4991 πρὸς
844 4922 1106 4995 ἀλλήλους
1136 4924 1306 4989 ἄλλας
1333 4926 1651 4991 δοξάζονται
1685 4930 1983 4999 ἀντιπαραο

408 5004 667 5071 τάξαντες
709 5010 755 5041 ’⁷
784 5009 874 5063 διὰ
901 5012 963 5064 τὸ
992 5012 1321 5083 ἀσύμφωνον
1351 5017 1445 5069 καὶ
1473 5018 1847 5089 ἀκατάλληλον
1875 5020 1981 5090 58

407 5098 520 5159 τῶν
561 5101 861 5172 τηνικαῦτα
918 5105 1209 5177 δογμάτων
1264 5109 1362 5162 καὶ
1418 5110 1555 5181 πρὸς
1605 5113 1704 5176 τὰς
1735 5114 1983 5183 ἀλλήλων

2096 4386 2383 4456 plexisque
2419 4394 2472 4437 et
2506 4384 2800 4450 distinctis,
2832 4393 2884 4437 et
2944 4399 3009 4437 ex
3060 4384 3383 4437 necessitate
3429 4384 3670 4435 circum-

2096 4478 2250 4541 latis,
2296 4496 2313 4529 ι
2350 4491 2472 4546 qum
2506 4490 2613 4530 non
2646 4475 2822 4530 solum
2868 4475 3088 4529 divitias
3148 4485 3202 4529 ct
3268 4476 3669 4543 paupertatem,

2099 4568 2388 4624 sanitatem
2441 4578 2494 4621 et
2553 4567 2827 4634 morbum,
2866 4567 3183 4623 servitutem
3234 4576 3287 4621 et
3335 4567 3664 4624 libertatem,

2099 4659 2303 4715 bellum
2340 4667 2393 4714 et
2424 4674 2608 4729 pacem
2643 4658 2995 4724 distribuere,
3045 4660 3139 4714 sed
3194 4659 3358 4714 etiam
3404 4658 3662 4711 virtutem

2089 4762 2185 4807 aut
2215 4750 2478 4806 malitiam
2524 4750 2824 4820 unicuique
2864 4751 3047 4822 largiri
3100 4752 3261 4806 dixit.
3296 4750 3362 4803 Et
3397 4750 3524 4819 quia
3567 4749 3657 4802 alii

2098 4844 2164 4898 ad
2187 4860 2368 4900 .vcrsus
2427 4844 2568 4899 alios
2623 4843 2908 4912 opiniones
2956 4850 3352 4912 opposuerunt,
3406 4848 3462 4893 et
3510 4842 3666 4908 quasi

2089 4936 2354 4991 instructa
2383 4936 2501 4991 acie
2532 4935 2964 4997 dimicaverunt,
3007 4943 3226 5003 pr0pter
3277 4931 3657 4985 absonantiam

2088 5040 2139 5081 et
2174 5027 2543 5081 diversitatem
2572 5027 2973 5090 doctrinarum,
3010 5040 3131 5093 qua:
3165 5033 3294 5077 tunc
3320 5032 3459 5081 erat,
3491 5020 3655 5089 glori-

2094 5120 2361 5183 licantur;
2400 5119 2521 5189 jure
2548 5133 2677 5172 vero
2704 5118 2793 5171 alii
2819 5118 3052 5171 aliorum
3109 5116 3275 5170 falsns
3327 5114 3665 5167 diremerunt

1598 5281 1791 5343 Varia:
1834 5280 2139 5344 lectiones
2168 5291 2229 5344 et
2278 5290 2459 5344 nutze.

472 5509 517 5540 ¹⁶
546 5508 872 5585 δυναμένοις
894 5517 1015 5568 eod.
1100 5517 1139 5546 “
1178 5517 1320 5585 λέγω
1342 5520 1364 5558 7

400 5574 459 5637 ι..
508 5595 583 5643 Ix,
616 5574 704 5641 59'.
781 5584 820 5614 "
853 5574 1264 5652 νὰντεπαοαταξί
1298 5590 1417 5643 cod.

1442 5521 1485 5549 "
1508 5520 1648 5591 αὐτή
1682 5521 1799 5575 cod.
1883 5520 1923 5551 ⁸⁵
1946 5518 2145 5590 γράοον
2175 5521 2294 5574 cod.

2406 5520 2621 5592 “d).q0.
2692 5522 2813 5577 cod.
2888 5522 2927 5554 ιε
2954 5521 3044 5573 νῦν
3083 5521 3346 5575 υιιι,ςοιι,
3430 5522 3469 5552 ιο
3504 5520 3654 5589 Diog.
