4050 6220
272 277 368 346 I33

1501 275 1960 341 CHRONICON.
2010 303 2071 312 -
2118 277 2262 338 LIB.
2312 278 2360 337 Ι.

3456 284 3555 352 ιιι

271 386 493 457 δημίους
520 384 685 447 τινὰς
735 384 1002 453 γενέσθαι
1056 387 1329 458 συγχωρεῖ
1380 387 1505 450 τοὺς
1551 388 1871 459 τυράννους,

1981 400 2158 453 sores,
2202 401 2309 442 non
2340 386 2654 457 probantes,
2678 389 2771 445 sed
2802 400 3023 447 econtra
3043 406 3255 450 summo
3282 396 3406 451 cdio
3430 413 3554 467 pro-

272 478 406 533 ὥστε
439 476 537 531 διὰ
581 475 805 529 τούτων
866 478 1063 550 ποινὴν
1115 479 1240 542 τοὺς
1282 478 1738 549 παρανομοῦντας
1779 478 1875 532 καὶ

273 567 615 633 ἀπδοῦντας
643 568 1018 639 εἰσπράττειν
1043 584 1057 601 ’
1108 567 1334 638 ὕστερον
1363 568 1420 621 δὲ
1444 569 1537 621 καὶ
1578 569 1735 622 αὐτοὶ
1768 588 1876 622 πα-

276 660 680 732 ραδοθήσονται
743 660 1075 731 τιμωρίαις,
1127 661 1433 733 ἐπειδήπερ
1489 662 1589 733 οὐχ
1632 663 1708 726 ὡς
1755 662 1874 733 Θεῷ

274 753 689 819 διακονοῦντες,
730 752 854 807 ἀλλ’
892 753 1076 824 οἰκείᾳ
1121 754 1358 827 πονηρίᾳ
1410 754 1778 820 δουλεύοντες,
1808 754 1876 807 τά

273 845 423 900 δεινὰ
456 845 804 915 δεδράκασιν
863 845 1075 899 ἐκεῖνα.
1133 845 1317 909 Οὕτως
1374 847 1735 919 ἡμαρτηκότα
1783 846 1874 902 τὸν

286 936 507 1008 Ἰσραὴλ
540 941 612 1009 τῇ
635 937 753 991 τῶν
795 935 1110 1007 ’Δσσυρίων
1153 936 1399 1007 ὠμότητι
1436 939 1741 1008 παρέδωκε,
1780 940 1873 992 καὶ

278 1028 468 1099 ἐπειδὴ
514 1028 577 1082 δὲ
632 1028 733 1081 τὸν
795 1028 1045 1082 τοιοῦτον
1076 1027 1178 1084 οὐκ
1217 1028 1468 1098 ἔγνωσαν
1502 1032 1727 1096 σκοπὸν,
1780 1033 1875 1086 καὶ

280 1118 486 1171 τούτων
504 1117 837 1180 καταλύσας
856 1117 958 1187 τὴν
986 1118 1334 1185 δυναστείαν,
1360 1119 1570 1191 ἑτέροις
1598 1120 1872 1176 δουλεύειν

284 1208 629 1276 ἧνάῒκασεντ
660 1208 740 1271 ὡς
771 1208 1077 1281 διαρρήδην
1128 1210 1180 1262 οἱ
1211 1210 1492 1283 προφῆται
1531 1212 1869 1278 διδάσκουσι,

283 1300 416 1369 παρ’
448 1291 523 1352 ὧν
552 1302 583 1353 ὁ
618 1300 855 1353 Πλάτων
905 1299 1005 1363 τὰς
1053 1300 1311 1370 ἀφορμάς
1350 1300 1633 1371 κεκλοφὼς
1691 1288 1903 1356 τοιάδε

282 1390 384 1461 ἔφη
418 1392 552 1454 τοὺς
601 1393 845 1453 ἀνιάτως
874 1392 1255 1462 διακειμένους
1273 1394 1355 1456 εἰς
1374 1392 1644 1463 ὠφέλειαν
1665 1392 1871 1462 ἑτέρων

284 1484 668 1538 παιδεύεσθαι.
700 1483 783 1555 (8)
795 1484 905 1537 Καὶ
931 1486 1037 1554 μέν
1061 1483 1144 1537 τοί
1176 1500 1237 1551 γε
1258 1486 1354 1537 καὶ
1377 1486 1507 1555 περὶ
1528 1484 1637 1539 τῶν
1659 1484 1870 1554 λήξεων

286 1579 381 1630 καὶ
402 1574 857 1645 ἀποκληρώσεως
885 1574 996 1630 τῶν
1030 1574 1219 1645 ψυχῶν
1246 1576 1276 1627 ό
1313 1574 1626 1644 σοφώτατος
1678 1580 1734 1628 ὲν
1761 1576 1869 1646 62

283 1668 360 1738 τῷ
388 1668 675 1725 Φαίδωνα
699 1668 860 1721 πάλιν
890 1668 1058 1738 φησίν
1078 1667 1155 1698 ⁸³·
1183 1686 1201 1719 ι
1239 1669 1297 1721 '0
1331 1666 1430 1735 μὲν
1452 1668 1733 1732 ἀτέλεστος
1776 1668 1869 1722 καὶ

1979 484 2269 546 sequentes
2299 476 2697 544 carniﬁcinam,
2746 479 2963 535 illorum
3011 491 3191 539 tamen
3235 486 3549 545 adhibentes

1979 568 2343 624 ministerium
2402 569 2472 623 ob
2530 570 2936 636 necessitatem,
2997 572 3069 628 ita
3116 576 3550 643 mundillector,

1978 659 2297 714 carniﬁcum
2344 660 2488 723 loco,
2548 661 2680 717 sinit
2709 677 2830 718 esse
2857 672 3139 734 tyrannos,
3190 674 3253 720 ut
3281 680 3377 735 per
3407 669 3553 736 ipsos

1976 765 2192 820 pmnam
2247 751 2691 820 praevaricatores
2748 761 2801 808 ct
2864 754 3017 823 impii
3086 756 3439 824 persolvant;
3498 770 3554 814 at

1980 850 2168 910 postea
2202 841 2486 896 tradentur
2516 840 2621 911 ipsi
2670 856 2889 912 quoque
2940 845 3244 914 suppliciis,
3296 848 3550 915 quoniam

1978 945 2086 985 non
2117 932 2273 1001 quasi
2308 931 2418 987 Deo
2450 933 2848 999 ministrantes,
2878 936 2971 991 sed
3009 951 3123 991 sua:
3147 936 3390 1006 ipsorum
3427 954 3552 993 ser-

1976 1021 2183 1077 vientes
2216 1023 2457 1089 malitiae,
2488 1039 2553 1080 ea
2583 1025 2790 1082 scelera
2829 1037 3231 1097 perpetrat-unt.
3301 1028 3395 1084 Sic
3424 1044 3550 1086 cum

1973 1125 2257 1182 peccasset
2284 1113 2474 1181 Israel,
2530 1115 2707 1185 ipsum
2751 1118 3065 1175 crudelibus
3098 1120 3341 1190 Assyriis
3384 1122 3551 1175 tradi-

1972 1207 2074 1271 dit,
2105 1216 2157 1260 et
2192 1222 2314 1262 cum
2342 1208 2482 1263 hanc
2514 1223 2624 1263 non
2655 1210 3006 1281 agnovissent
3050 1220 3310 1276 mentem,
3360 1229 3552 1271 everso

1974 1299 2218 1367 ipsorum
2248 1315 2435 1370 regno,
2473 1300 2595 1357 aliis
2637 1302 2844 1357 servire
2869 1303 3065 1373 coegit,
3095 1314 3155 1357 ut
3189 1313 3372 1372 aperte
3418 1319 3547 1371 pro-

1973 1393 2148 1457 pheta:
2206 1391 2437 1458 docent;
2509 1407 2539 1445 a
2591 1392 2792 1462 quibus
2839 1393 2994 1450 Plato
3063 1406 3363 1464 opportune
3413 1396 3549 1451 dixit

1972 1497 2067 1538 eos
2095 1484 2185 1551 qui
2218 1484 2549 1540 insanabiles
2597 1496 2728 1541 sunt
2776 1486 2843 1543 ad
2898 1487 3187 1545 utilitatem
3222 1498 3543 1543 cceterorum

1972 1575 2250 1644 castigari.
2290 1573 2561 1631 Praeterea
2592 1576 2663 1634 de
2688 1578 2994 1633 animarum
3047 1588 3193 1633 sorte
3238 1588 3360 1649 post
3392 1594 3545 1633 mor-

1978 1672 2121 1728 tem,
2179 1666 2618 1734 sapientissimns
2674 1668 2763 1722 ille
2807 1669 2891 1723 vir
2940 1669 2994 1721 in
3040 1667 3304 1723 Phwdone
3355 1684 3545 1723 rursus

282 1761 605 1832 ἀκάθαρτος
633 1764 717 1826 εἰς
742 1761 911 1833 ’ᾼδην
949 1760 1285 1831 ἀφικόμενος
1321 1763 1379 1815 ἐν
1406 1762 1658 1832 βορϐόρῳ
1685 1761 1869 1815 κείσε-

1976 1756 2195 1810 ᾱὶοἱίει
2254 1756 2614 1824 Imperfectus
2642 1768 2697 1813 et
2747 1760 2992 1827 impurus
3044 1775 3169 1817 eum
3212 1761 3278 1814 ad
3335 1759 3545 1816 inferos

285 1871 413 1907 ται·
450 1856 484 1908 ό
529 1855 591 1908 δὲ
643 1853 1035 1923 τετελεσμένος
1087 1855 1184 1908 καὶ
1232 1853 1651 1925 κεκαθαρμένος
1689 1843 1870 1906 exciere"

289 1944 696 2016 μεταχωρήσας
750 1943 889 2013 μετά
921 1944 1059 1997 Θεοῦ
1108 1936 1422 1999 οἰκειώσει·
1475 1944 1569 1997 τὸν
1602 1943 1702 2015 μὲν
1760 1943 1871 2013 γὰρ

287 2033 533 2097 δικαίως
554 2034 644 2087 τὸν
674 2034 780 2103 βίον
812 2033 1227 2106 μετεληλυθότα
1273 2037 1368 2091 καὶ
1413 2036 1604 2102 ὁσίως,
1647 2035 1871 2091 ἐπειδὰν

292 2122 639 2193 τελευτήσει,
676 2126 745 2187 είς
776 2127 1064 2197 Μακάρων
1096 2129 1298 2194 νήσους
1345 2127 1580 2182 ἀπιόντα
1604 2128 1777 2182 οίκείν
1813 2129 1870 2181 ὲν

296 2213 458 2283 πάσῃ
496 2214 801 2286 εὐδαιμονίᾳ
828 2216 1019 2270 κακῶν
1050 2215 1229 2283 ἐκτὸς,
1282 2216 1374 2270 τὸν
1427 2216 1486 2270 δὲ
1542 2215 1743 2281 ἀδίκως
1776 2218 1870 2271 καὶ

289 2304 479 2367 ἀθέως
500 2308 582 2369 εἱς
608 2306 667 2359 τὸ
685 2305 786 2377 τῆς
818 2306 1057 2377 κρίσεώς
1072 2325 1132 2363 τε
1161 2309 1256 2364 καὶ
1284 2308 1442 2377 δίκης
1466 2308 1864 2381 δεσμωτήριον,

290 2394 409 2465 δδίνι
436 2397 720 2469 Τάρταρον
750 2399 1035 2468 καλοῦσιν,
1096 2400 1238 2455 ίέναι
1284 2401 1379 2454 καὶ
1428 2399 1573 2455 οὕτω
1635 2400 1864 2471 γυμνὸν,

294 2486 486 2540 ἔπειτα
515 2490 731 2560 κριτέον
759 2490 1015 2546 ἁπάντων
1036 2490 1243 2546 τούτων
1261 2508 1274 2523 ·
1305 2490 1607 2556 τεθνεῶτας
1622 2491 1731 2561 γάρ
1754 2492 1865 2562 (71³)

292 2574 360 2647 δὴ
385 2577 691 2647 κρίνεσθαι,
728 2578 812 2634 ἵνα
850 2580 1042 2635 δικαία
1070 2583 1103 2652 ή
1130 2581 1312 2651 κρίσις
1340 2580 1437 2635 τοῦ
1467 2582 1660 2653 κριτοῦ
1704 2583 1864 2653 γένη-

293 2680 406 2720 ται.
449 2685 471 2719 ι
509 2667 699 2734 Οὕτως
754 2672 783 2725 ό
814 2671 1044 2727 Πλάτων
1093 2672 1340 2744 ἀκριϐῶς
1374 2672 1697 2728 ἐπίστευσεν
1720 2669 1866 2728 εἶναι

295 2757 365 2810 τά
385 2760 445 2811 ὲν
469 2759 633 2828 ’ᾍδου
664 2764 942 2837 κριτήρια.
997 2764 1075 2835 (9)
1134 2763 1403 2835 Ἐντυχὼν
1435 2763 1543 2835 γὰρ
1590 2763 1865 2835 Ἑϐραίοις

298 2849 357 2901 εν
410 2853 697 2924 Αἰγύπτῳ,
755 2855 863 2908 τῶν
923 2854 1281 2925 προφητικῶν
1335 2854 1533 2923 λογίων
1579 2851 1866 2916 ἀσπασίως

298 2938 497 3009 ἢκουσε
528 2944 736 2999 καὶτὸν
760 2945 854 2999 τοῦ
888 2947 1060 3018 πυρὸς
1090 2947 1338 3018 ποταμὸν
1365 2947 1594 3018 ἔμαθεν,
1629 2946 1689 3000 ὃν
1712 2946 1741 2998 ὀ
1772 2945 1869 3015 μέ-

301 3045 404 3097 γας
439 3033 705 3090 ἐθεάσατο
732 3038 953 3110 Δανιὴλ,
981 3042 1077 3093 καὶ
1109 3040 1236 3104 τοὺς
1273 3038 1504 3093 Ἦσαῖου
1528 3037 1626 3092 τοῦ
1658 3036 1868 3091 θειοτά-
1893 3074 1937 3133 c

299 3137 394 3175 του
428 3126 710 3198 μεμύηται
737 3128 950 3198 λόγους,
984 3130 1044 3184 ὲν
1074 3126 1155 3194 οἷς
1209 3147 1347 3203 φησι
1372 3131 1502 3202 περὶ
1545 3129 1654 3182 τῶν
1687 3129 1869 3201 ἁμαρ-

300 3216 486 3271 τωλῶν
519 3218 569 3251 ⁸⁹
596 3236 610 3248 ·
648 3239 668 3274 ι
714 3220 772 3275 '0
801 3221 1019 3294 σκώληξ
1046 3221 1229 3277 αὐτῶν
1274 3222 1335 3276 οὐ
1371 3222 1624 3294 τελευτᾷ,
1675 3224 1771 3276 καὶ
1807 3222 1869 3275 τὸ

302 3307 411 3378 πῦρ
468 3310 533 3364 ού
577 3310 979 3385 σϐεσθήσεται,
1018 3331 1038 3367 ι
1100 3314 1263 3369 ml.“
1293 3329 1308 3345 ·
1347 3331 1367 3367 ι
1417 3314 1514 3379 Τίς
1572 3314 1869 3384 ἀναγγελεί

307 3397 435 3464 ὑμῖν
462 3400 554 3455 τὸν
579 3402 797 3458 αἰώνιον
820 3405 1021 3474 τόπον;
1055 3425 1075 3461 ι
1107 3408 1275 3463 Ὥστε
1300 3404 1396 3464 οῦν
1421 3408 1672 3475 Πλάτων,
1697 3411 1725 3463 ό
1758 3410 1868 3463 τῶν

320 3488 584 3561 Ἐλλήνων
600 3494 817 3551 πάντων
838 3497 1150 3572 σοφώτερος
1184 3502 1286 3565 καὶ
1323 3500 1623 3571 ὑπέρτερός
1657 3518 1717 3553 τε
1772 3501 1866 3555 καὶ

303 3579 607 3654 διαϐόητος,
656 3587 715 3640 ὲν
746 3588 1010 3660 Αἰγύπτῳ
1061 3591 1201 3664 πρὸς
1241 3592 1369 3656 τοὺς
1425 3590 1727 3663 φρονίμους
1774 3593 1870 3645 καὶ

305 3673 503 3741 σοφοὺς
546 3675 655 3728 τῶν
705 3677 1022 3747 Δίγυπτίων
1071 3682 1329 3752 ἀφίκετο,
1363 3681 1729 3753 πολυπειρίαν
1771 3681 1869 3733 καὶ

304 3764 655 3835 φυσιολογίαν
680 3769 1080 3845 ἀκριϐεστέραν
1114 3773 1523 3845 μαθησόμενος,
1560 3773 1638 3837 ὡς
1670 3771 1868 3844 Ἕλλη-

305 3873 390 3920 νες
416 3858 753 3928 ἱστοροῦσιν⁸
781 3862 953 3934 ἔμαθε
981 3864 1038 3917 δὲ
1078 3865 1212 3938 παρ’
1251 3865 1531 3938 Ἑϐραίοις
1562 3867 1656 3921 καὶ
1685 3865 1870 3920 θεολο-

304 3948 446 4016 γίαν,
487 3952 539 4003 εἰ
567 3952 661 4006 καὶ
690 3954 767 4025 μὴ
795 3956 1143 4028 σαφεστάτην
1192 3959 1288 4011 καὶ
1340 3958 1646 4030 ἀκραιφνῆ,
1682 3957 1868 4023 καθὼς

306 4040 633 4113 παρειλήφει
660 4044 747 4099 διά
802 4046 901 4116 τὴν
938 4049 1403 4119 προκατέχουσαν
1456 4050 1622 4105 αὑτὸν
1682 4049 1868 4121 δεινὴν

306 4129 492 4186 ἀθεῑαν
553 4137 646 4189 καί
685 4135 923 4210 χαλεπὴν
962 4139 1045 4193 ἔτι
1080 4140 1291 4212 πλάνην
1339 4141 1721 4213 ἀκμάζουσαν,
1750 4142 1866 4195 ἀλλ’

308 4217 396 4274 οὖν
452 4223 796 4296 ἐξηγήσατο*
833 4230 928 4283 καὶ
974 4230 1082 4303 γάρ
1144 4230 1214 4286 τὰ
1269 4232 1545 4289 Μωσαῖκά
1613 4249 1867 4303 σφετερι-

310 4312 543 4383 σάμενος
592 4316 717 4386 ἰερά
769 4320 1062 4391 πάμπολλα
1101 4323 1199 4377 καὶ
1255 4325 1615 4396 μεταφράσας
1677 4324 1865 4394 λόγια,

1973 1845 2202 1911 venerit,
2260 1846 2315 1899 in
2347 1862 2503 1901 coeno
2532 1848 2768 1916 jaccbit;
2827 1851 3098 1920 perfectus
3144 1864 3324 1909 autem
3356 1862 3412 1908 et
3443 1870 3545 1923 pu-

1974 1937 2216 1992 riticatus
2250 1952 2375 1991 cum
2402 1938 2594 1993 eodem
2624 1940 2960 2009 migraverit,
2979 1957 3103 1997 cum
3128 1942 3237 1997 Deo
3255 1944 3540 1999 habitabit.

1973 2029 2025 2084 Is
2056 2029 2198 2084 enim
2233 2030 2327 2100 qui
2357 2030 2507 2099 justo
2532 2044 2586 2085 et
2617 2040 2805 2088 sancte
2836 2034 3001 2087 vitam
3039 2034 3241 2103 exegit,
3295 2042 3419 2104 post
3462 2035 3544 2088 in-

1972 2122 2193 2178 teritum
2254 2121 2321 2176 ad
2378 2121 2804 2178 Fortunatorum
2875 2124 3087 2179 insulas
3134 2124 3541 2190 transmittitur,

1970 2213 2063 2267 ubi
2124 2211 2391 2268 malorum
2440 2213 3087 2286 immmiibmnninoque
3140 2216 3332 2271 beatus
3394 2230 3543 2271 com-

1970 2314 2251 2372 moratur;
2301 2306 2393 2360 ille
2425 2316 2605 2365 autem
2640 2307 2733 2378 qui
2765 2308 2967 2378 injuste
2996 2318 3051 2364 ct
3094 2309 3257 2379 impie
3285 2311 3441 2374 vixit,
3486 2311 3540 2365 in

1964 2394 2160 2464 iudicii
2186 2406 2240 2451 ct
2265 2396 2492 2466 iustitia:
2521 2413 2795 2454 carcerem
2842 2401 3011 2466 vadit,
3042 2416 3204 2471 quem
3249 2402 3540 2457 Tartarum

1972 2496 2188 2554 vocant,
2224 2488 2314 2543 ubi
2349 2490 2497 2543 omni
2522 2505 2582 2545 re
2608 2490 2865 2558 nudatus,
2906 2492 2977 2547 de
3002 2494 3253 2547 omnibus
3286 2494 3542 2563 operibus

1968 2577 2081 2634 suis
2105 2578 2423 2649 judicatur;
2470 2590 2685 2650 oportet
2714 2583 2861 2638 enim
2885 2583 3116 2653 judicari
3147 2595 3391 2640 mortuos
3419 2599 3541 2639 om-

1968 2684 2088 2736 nes,
2125 2678 2183 2724 ut
2221 2671 2433 2741 justum
2482 2672 2681 2743 judicia
2721 2673 2989 2743 judicium
3037 2676 3182 2730 ﬁat.»
3247 2676 3339 2733 Sic
3386 2675 3541 2733 Plato

1968 2761 2198 2815 omnino
2248 2763 2480 2817 credidit
2518 2779 2639 2820 esse
2682 2765 2737 2820 in
2786 2767 2980 2823 inferis
3025 2767 3341 2824 tribunalia.
3400 2768 3538 2825 Cum

1970 2850 2119 2905 enim
2154 2866 2277 2904 cum
2303 2850 2544 2908 Hebraeis
2568 2856 2622 2909 in
2658 2855 2897 2927 Egypto
2937 2872 3376 2924 conrersaretur,
3411 2877 3538 2931 pro-

1970 2941 2185 3012 phetica
2216 2942 2439 2997 oracula
2466 2944 2696 2999 libenter
2717 2948 2947 3012 audivit,
2978 2959 3033 3002 et
3062 2950 3275 3019 igneum
3310 2953 3539 3009 ﬂuvium

1972 3048 2095 3089 esse
2139 3032 2367 3097 didicit,
2425 3047 2587 3103 quem
2637 3049 2868 3105 magnus
2913 3040 3172 3104 spectavit
3227 3042 3437 3104 Daniel,
3486 3051 3542 3097 et

1971 3125 2359 3197 sapientissimi
2414 3125 2569 3182 Isaiae
2621 3125 2867 3183 initiatus
2916 3135 3001 3183 est
3048 3130 3428 3199 sermonibus,
3484 3132 3539 3186 in

1966 3221 2169 3291 quibus
2190 3220 2331 3279 dicit
2351 3220 2419 3278 de
2446 3223 2825 3293 peccatoribus
2857 3241 2873 3281 :
2911 3222 3161 3280 tVermis
3202 3238 3393 3280 eorum
3432 3239 3538 3283 non

1970 3313 2224 3381 moritur,
2257 3323 2313 3371 et
2340 3315 2483 3386 ignis
2506 3330 2614 3371 non
2644 3318 3022 3385 exstinguetur
3040 3334 3090 3384 ς»
3118 3326 3173 3372 et
3204 3332 3219 3370 :
3248 3335 3267 3369 ι
3288 3314 3425 3381 Quis
3452 3330 3543 3372 re-

1967 3405 2241 3462 nuntiabit
2266 3406 2424 3462 vobis
2452 3407 2849 3477 sempiternum
2885 3408 3060 3463 locum
3080 3408 3131 3461 7»
3171 3407 3322 3463 Plato
3353 3406 3540 3477 igitur,

1967 3495 2279 3552 Graecorum
2344 3496 2785 3568 sapientissimus
2832 3499 3433 3569 prtestantissimusque
3485 3508 3541 3554 et

1968 3586 2111 3643 fama
2143 3588 2494 3658 percelebris,
2557 3588 2610 3642 in
2644 3588 2945 3660 A'ngptum
2976 3589 3126 3645 venit
3151 3590 3217 3644 ad
3244 3589 3542 3659 prudentes

1965 3690 2021 3735 ct
2069 3682 2349 3751 sapientes
2401 3680 2544 3735 inter
2594 3679 2906 3751 Egyptios,
2979 3690 3039 3737 ut
3092 3696 3258 3753 quam
3285 3682 3543 3738 eruditis-

1966 3770 2141 3826 simus
2187 3769 2363 3831 lieret.
2415 3779 2471 3825 et
2520 3768 2975 3840 perfectissimam
3022 3772 3091 3827 de
3136 3782 3328 3829 natura
3358 3789 3540 3829 rerum

1965 3860 2248 3918 scientiam
2301 3860 2634 3930 acquireret,
2694 3871 2754 3916 ut
2805 3860 2981 3918 δι’κοί
3032 3870 3279 3919 narrant.
3346 3862 3545 3917 Didicit

1965 3962 2151 4008 autem
2178 3951 2248 4007 ab
2282 3949 2528 4030 Hebraeis
2550 3959 2605 4008 et
2631 3952 2984 4025 theologiam,
3034 3969 3144 4008 non
3173 3953 3537 4010 certissimam

1966 4060 2099 4102 sane
2128 4055 2183 4101 et
2215 4059 2449 4116 puram;
2499 4053 2817 4115 susceperat
2867 4046 3015 4102 enim
3060 4060 3204 4109 eam,
3257 4055 3543 4115 grassante

1967 4140 2151 4195 adhuc
2210 4139 2429 4196 fortiter
2476 4139 2772 4204 atheismo,
2822 4141 3144 4209 vigenteque
3172 4138 3227 4194 in
3254 4139 3372 4210 ipso
3420 4154 3545 4208 per-

1970 4234 2184 4290 nicioso
2221 4249 2431 4300 errore,
2488 4233 2635 4290 male
2662 4234 2942 4287 simulato.
3008 4234 3143 4289 Cum
3192 4234 3337 4287 enim
3381 4245 3539 4287 sacra

1971 4324 2178 4395 Moysis
2206 4324 2429 4380 oracula
2460 4323 2565 4378 sibi
2583 4323 2848 4392 permulta
2877 4323 3162 4377 ascivisset
3194 4332 3251 4376 et
3279 4322 3543 4391 interpre-

306 4404 477 4476 ταύτῃ
504 4424 587 4461 τοι
610 4411 864 4482 πειρᾶται
892 4411 1191 4485 λεληθότως
1247 4415 1663 4486 αἰνιγματωδῶς
1692 4417 1865 4468 ποιεῖ-

1975 4423 2119 4471 tatus
2166 4423 2334 4481 esset,
2383 4414 2473 4469 bis
2520 4412 2709 4466 furtim
2756 4426 2891 4467 usus
2918 4412 3314 4481 amigmaticam
3372 4421 3542 4468 tentat

310 4492 431 4546 σθαι
449 4493 551 4564 τὴν
594 4498 867 4569 ἀφήγησιν
896 4516 913 4534 ⁸
944 4501 1068 4555 ὅθεν
1109 4504 1204 4557 καὶ
1239 4504 1378 4575 πρός
1431 4518 1556 4555 τινα
1599 4499 1761 4556 τοῦτο
1806 4500 1874 4572 δὴ

310 4587 780 4654 παρυπεμφαίνων
810 4590 869 4644 εὖ
898 4592 1045 4662 μάλα
1072 4592 1177 4666 ἔφη
1200 4609 1216 4625 ο
1251 4612 1271 4648 ι
1299 4592 1573 4665 Φραστέον
1605 4591 1668 4663 δή
1691 4608 1777 4645 σοι
1803 4590 1873 4645 δι’

308 4675 647 4745 αἰνιγμάτων
671 4679 739 4744 ⁸⁸,
769 4680 836 4733 ἶν’
863 4684 929 4737 ἀν
973 4701 1027 4739 τι
1050 4686 1084 4756 ἡ
1114 4685 1295 4749 δέλτος
1322 4686 1370 4720 ’⁸
1412 4687 1447 4757 ἢ
1481 4686 1677 4740 πόντου
1703 4684 1738 4757 ἢ
1764 4683 1872 4754 γῆς

309 4758 368 4812 ὲν
394 4764 623 4832 πτυχαῖς
658 4765 802 4840 πάθη
822 4770 887 4835 ⁸³,
933 4773 961 4826 ό
1015 4773 1279 4843 ἀναγνοὺς
1315 4774 1392 4846 μὴ
1418 4774 1533 4848 γνῷ
1556 4788 1574 4806 ⁸
1602 4768 1705 4829 ὧδε
1757 4774 1872 4846 γὰρ

309 4850 423 4921 ἔχει
453 4868 468 4884 ο
495 4855 633 4926 Περὶ
677 4858 769 4913 τδν
822 4863 1037 4919 πάντων
1095 4864 1322 4937 βασιλέα
1371 4867 1553 4922 πάντα
1602 4868 1722 4921 ἐστὶ
1769 4868 1865 4919 καὶ⁸

308 4941 518 4996 ἐκείνου
548 4946 594 4979 ⁸⁸
625 4950 804 5005 εἵνεκα
830 4956 1027 5023 πάντα,
1050 4958 1147 5013 καὶ
1174 4959 1353 5014 ἐκεῖνο
1378 4960 1598 5014 πάντων
1618 4959 1730 5013 τῶν
1765 4974 1867 5012 κα-

311 5031 420 5087 λῶν
448 5038 639 5109 αῐτιον,
665 5042 912 5119 δεύτερον
942 5049 999 5105 δὲ
1029 5053 1243 5120 περὶτὰ
1282 5052 1534 5125 δεύτερα,
1560 5054 1656 5108 καὶ
1682 5053 1869 5125 τρίτον

1972 4502 2392 4567 narrationem;
2444 4499 2588 4555 unde
2613 4499 2679 4554 ad
2705 4499 3020 4569 quemdam,
3052 4498 3183 4554 illud
3230 4514 3362 4555 sane
3410 4502 3542 4556 insi-

1975 4607 2177 4659 nuans,
2209 4593 2348 4648 scite
2376 4589 2514 4646 dixit
2546 4606 2563 4646 :
2600 4606 2618 4643 ι
2658 4588 3016 4661 Loquendum
3044 4598 3127 4645 est
3160 4589 3255 4644 tibi
3285 4606 3380 4659 per
3411 4593 3544 4647 aani-

1971 4694 2175 4756 gmata,
2194 4692 2256 4739 ut
2279 4683 2325 4739 si
2353 4682 2647 4754 pugillares
2663 4680 2872 4750 aliquid
2896 4680 3011 4736 sive
3037 4680 3206 4734 maris
3234 4679 3350 4734 sive
3384 4691 3542 4736 teme

1974 4778 2028 4833 in
2067 4775 2298 4832 ﬂexibus
2348 4775 2648 4847 patiantur,
2697 4774 2793 4845 qui
2853 4772 3047 4845 legerit
3094 4786 3201 4826 non
3253 4772 3541 4842 intelligat.

1973 4868 2054 4926 lta
2096 4868 2246 4924 enim
2285 4882 2375 4924 res
2407 4882 2467 4923 se
2506 4865 2689 4923 habet.
2716 4865 2874 4921 Circa
2924 4863 3165 4920 universi
3196 4878 3377 4935 regem
3415 4875 3544 4919 sunt

1970 4975 2105 5031 ergo
2158 4959 2385 5027 omnia,
2435 4968 2491 5016 et
2542 4958 2673 5014 illud
2722 4959 2967 5014 omnium
3021 4959 3292 5014 bonorum
3352 4974 3543 5024 causa,

1970 5050 2274 5110 secundum
2323 5059 2506 5107 autem
2540 5050 2683 5107 circa
2733 5050 2998 5119 secunda,
3049 5060 3103 5107 et
3138 5050 3356 5108 tertium
3397 5051 3541 5105 circa

1484 5309 1680 5373 Variae
1698 5309 2005 5375 lectiones
2033 5318 2095 5376 et
2126 5319 2313 5380 notae.

390 5506 433 5539 ι·
459 5507 558 5586 tos
585 5510 746 5586 Αη-ς-
774 5511 874 5586 ιιι
911 5515 973 5581 c,
1006 5526 1307 5575 contracta.
1381 5520 1427 5554 υ
1456 5518 1640 5586 LXVI,
1661 5521 1753 5578 et.

1852 5524 1900 5555 ”
1936 5518 2176 5587 XXXI",
2211 5522 2300 5577 14.

318 5590 411 5628 ταν
436 5581 557 5634 cod.
659 5582 704 5615 ”
735 5583 883 5651 μάθη
902 5614 963 5626 -
997 5604 1058 5642 π.
1099 5589 1191 5643 τοῦ
1221 5607 1281 5647 π.
1324 5590 1588 5657 ϐασιλέως
1614 5581 1697 5647 δτι
1724 5593 1845 5647 cod.

1996 5595 2078 5646 ἐκ.
2108 5581 2173 5645 δὲ’
2217 5594 2299 5646 σοί
2346 5594 2467 5651 eod.

2408 5524 2451 5599 ’Ϊ
2486 5525 2758 5597 αἰνιγμῶν
2790 5527 2888 5599 Ep.
2918 5543 2981 5597 tl,
3007 5528 3111 5585 ’512
3140 5529 3200 5587 D.
3269 5534 3316 5567 θ’
3351 5553 3401 5591 τι
3426 5534 3546 5590 δέλ-
