4050 6220
507 290 607 356 135

1705 282 2027 346 GEORGII
2072 281 2522 345 IIAMARTOLI

3640 282 3741 348 138

505 402 683 460 tertia.
699 421 718 456 ι
750 401 817 456 Ut
855 408 1033 454 autem
1058 398 1374 453 summatim
1395 406 1449 453 et
1462 398 1698 453 breviter
1714 399 1782 454 de
1801 400 1935 469 ipsis
1959 413 2070 452 rur-

2187 400 2307 469 περὶ
2338 397 2409 450 τὰ
2435 397 2615 468 τρίτα.
2657 416 2675 449 ι
2712 396 2826 468 (l0)
2858 395 2969 449 Καὶ
3000 393 3186 457 ἁπλῶς
3209 396 3278 459 ’⁸,
3312 394 3402 449 ἴνα
3444 392 3747 469 συλλήϐδην

505 510 600 552 sus
626 494 822 555 dicam,
854 491 1036 545 multa:
1059 498 1112 545 et
1137 490 1467 545 omnimodae
1498 491 1720 545 luerunt
1770 490 2065 544 electorum

505 588 795 655 impiorum
855 582 1051 645 turbae,
1134 582 1457 652 diversaque
1533 582 1637 636 tela
1688 581 2068 651 blasphemim;

504 676 875 744 multiﬁdoqne
924 683 980 729 ct
1025 676 1176 730 vario
1223 676 1508 731 mendacio
1555 676 1816 745 voluptati
1862 674 2074 729 fabula-

503 784 624 823 rum
685 768 976 832 permixto,
1028 768 1486 837 miscellaneaque
1539 776 1793 837 tanquam
1853 766 2073 836 potione

502 860 744 921 condita,
794 860 1137 931 polytheismi
1183 875 1371 914 errore
1426 861 1675 915 homines
1728 858 1884 928 quasi
1933 856 2071 912 ebrii

504 948 631 1003 laeti
683 959 831 1003 sunt.
875 950 1145 1018 Saphistae
1193 958 1375 1005 autem
1410 960 1413 967 '
1450 950 1577 1003 trita
1632 958 1687 1004 et
1734 949 1854 1002 alba
1902 956 2070 1013 veste,

504 1042 670 1096 barba
712 1042 920 1111 prolixa
952 1051 1006 1095 et
1045 1055 1202 1096 coma
1254 1041 1446 1108 capitis
1497 1040 1892 1111 philosophiam
1936 1038 2071 1093 deti-

508 1136 753 1196 nientes,
804 1144 1085 1203 poetarum
1130 1132 1415 1201 theologiae
1462 1132 1751 1187 ridiculum
1807 1130 2071 1193 videntes,

504 1227 639 1281 alias
668 1226 1114 1296 excogitaverunt
1137 1226 1361 1280 semitas
1391 1224 1595 1279 erroris
1627 1238 1746 1293 quae
1798 1222 1863 1276 ad
1894 1222 2073 1291 ipsum

505 1316 844 1370 deducebant
876 1324 1157 1383 poetarum
1192 1316 1533 1370 barathrum.
1596 1313 1662 1367 lli
1709 1314 1930 1383 quidem
1961 1327 2077 1367 ser-

508 1409 688 1462 monis
734 1407 1001 1476 elegantia
1047 1416 1101 1462 et
1140 1405 1191 1461 vi
1226 1406 1621 1463 sententiarum
1674 1405 1885 1475 poetica
1930 1402 2075 1459 foeda

508 1499 753 1553 facinora
819 1500 1045 1553 deorum
1088 1508 1146 1553 et
1182 1498 1576 1568 turpiloquium
1634 1496 2074 1560 absconderunt;

508 1594 584 1647 illi
617 1601 796 1646 autem
828 1592 1099 1662 perversis
1124 1591 1407 1648 all‘ectibus
1431 1590 1671 1645 divinam
1700 1590 2076 1658 imposuerunt

508 1685 948 1754 appellationem,
980 1694 1143 1752 atque
1173 1685 1523 1753 voluptatem,
1549 1691 1608 1735 ut
1632 1680 1763 1745 disi,
1786 1679 2076 1745 Venerem,

510 1776 644 1829 iram
688 1775 940 1838 Martem,
983 1776 1304 1830 ebrietatem
1350 1773 1650 1836 Bacchum,
1684 1772 1886 1827 furtum
1939 1772 2079 1826 Mer-
2111 1759 2154 1816 Β

508 1872 743 1929 ειη-ιυιιι,
792 1866 1136 1935 prudentiam
1172 1866 1470 1921 Minervam
1521 1866 1948 1936 appellaverunt,
2005 1873 2085 1919 ta-

506 1960 689 2028 liaque
724 1968 970 2013 monstra
1002 1959 1240 2028 superbo
1277 1972 1403 2012 cum
1453 1956 1746 2028 supercilio
1806 1965 1860 2011 et
1907 1957 2084 2011 Attica

509 2051 840 2120 loquacitate
880 2050 1163 2121 tingentes,
1213 2050 1500 2120 plerosque
1538 2048 1788 2103 homines
1836 2050 1889 2102 in
1921 2049 2084 2103 aliam

509 2144 711 2197 erroris
745 2142 977 2196 formam
1010 2141 1390 2207 adduxerunt;
1435 2152 1488 2195 et
1517 2141 1611 2211 qui
1643 2155 1702 2194 se
1731 2140 2085 2210 philosophos

509 2233 851 2296 dictitabant,
901 2240 955 2286 et
997 2243 1218 2302 propter
1252 2231 1496 2285 habitum
1529 2230 1598 2284 ab
1629 2230 1884 2284 omnibus
1916 2230 2088 2284 hono-

510 2340 623 2378 rem
676 2323 992 2393 carpebant,
1042 2332 1096 2378 et
1131 2338 1162 2376 a
1210 2337 1270 2377 se
1314 2320 1542 2376 allectus
1575 2320 1715 2374 vinci
1782 2320 2081 2390 iactabant,

514 2418 888 2487 imprudenter
909 2424 1201 2472 suaserunt
1224 2416 1540 2469 hominibus
1566 2422 1624 2467 ut
1643 2412 1869 2469 allectus
1888 2429 2087 2484 pravos

511 2508 881 2575 adorarent,et
903 2507 1268 2577 animum,qui
1293 2505 1518 2561 allectus
1534 2505 1700 2559 libera
1719 2506 2089 2571 potestatedo-

513 2600 712 2654 minari
748 2609 802 2653 et
836 2606 1099 2668 tanquam
1123 2598 1314 2669 auriga
1338 2612 1523 2667 regere
1540 2597 1723 2662 debet,
1742 2598 2087 2651 immolarent

510 2692 990 2762 concupiscentiae,
1047 2691 1161 2755 im,
1191 2692 1359 2757 furto,
1383 2691 1635 2746 ebrietati
1664 2699 1715 2744 et
1733 2690 1938 2744 ca‘teris
1957 2703 2087 2758 pra-

515 2788 596 2841 vis
625 2786 1035 2855 cupiditatibus.
1070 2784 1176 2838 Alii
1206 2798 1427 2853 quoque
1462 2782 1599 2836 nihil
1631 2793 1824 2852 praeter
1852 2779 2088 2834 visibilis

515 2879 757 2949 cogitare
783 2878 1047 2939 valentes.
1071 2878 1166 2932 sed
1200 2876 1345 2929 intra
1371 2874 1653 2931 sensibilis
1681 2873 2088 2942 intelligentiam

513 2979 844 3033 coercentes,
861 2982 983 3037 quae
998 2968 1174 3022 oculis
1192 2967 1419 3022 videnda
1441 2967 1742 3036 subiacent,
1762 2966 1894 3019 deos
1912 2964 2093 3019 decla-

517 3072 796 3129 raverunt,
821 3074 876 3118 et
898 3062 1209 3118 venerabile
1225 3077 1449 3127 nomen,
1473 3071 1719 3117 sanctum
1745 3059 2091 3115 audientibus

515 3157 790 3211 incutiens
836 3156 1147 3221 horrorem,
1177 3156 1229 3208 hi
1256 3155 1476 3225 quidem
1506 3154 1810 3219 elementis,
1839 3153 1931 3207 alii
1962 3168 2091 3208 vero

516 3248 708 3302 horum
765 3249 1012 3317 partibus
1060 3248 1459 3315 imposuerunt.
1500 3246 1606 3300 Alii
1655 3262 1782 3301 casu
1825 3246 2087 3301 mundum

516 3336 716 3391 factum
771 3350 895 3390 esse
953 3336 1246 3401 dixerunt;
1295 3336 1516 3391 luerunt
1572 3338 1665 3406 qui
1718 3338 1903 3407 plures
1960 3340 2091 3393 deos

516 3428 678 3481 unius
716 3425 836 3480 loco
872 3424 1323 3495 imaginarentur.
1387 3428 1492 3481 Alii
1525 3426 1695 3483 Deum
1733 3444 1960 3498 prorsus
2004 3444 2094 3483 ne-

517 3526 814 3587 gaverunt;
845 3516 937 3571 alii
967 3518 1133 3571 Deum
1165 3517 1398 3575 confessi
1432 3528 1578 3587 sunt,
1615 3522 1710 3576 sed
1743 3535 2091 3591 nequaquam

520 3608 775 3663 universo
804 3608 1217 3676 consulentem;
1251 3609 1343 3665 alii
1378 3610 1542 3664 Deum
1578 3610 1842 3666 mundum
1871 3612 2091 3682 quidem

519 3715 713 3755 curare
755 3700 1033 3766 dixerunt,
1086 3702 1183 3757 sed
1234 3702 1425 3757 leviter
1460 3704 1564 3758 hoc
1612 3704 1812 3770 lacere,
1859 3711 1913 3757 et
1961 3704 2091 3757 luna

520 3791 747 3847 delinire
793 3793 1218 3863 providentiam,
1269 3801 1603 3864 caeterasque
1660 3794 1850 3849 mundi
1909 3804 2093 3865 partes

520 3894 723 3940 temere
778 3885 945 3951 ferri,
1012 3884 1108 3939 lati
1165 3886 1482 3941 necessitati
1544 3887 1688 3940 haud
1748 3887 1918 3941 libere
1973 3903 2095 3941 ser-

520 3978 747 4033 vientes.
788 3976 884 4033 His
909 3987 962 4031 et
984 3976 1254 4032 similibus
1275 3988 1457 4047 aperte
1482 3967 1801 4047 agitavimus
1822 3978 1964 4043 illos,
1986 3992 2093 4033 non

520 4068 696 4122 solum
727 4068 985 4131 invicem,
1038 4068 1132 4122 sed
1161 4068 1381 4123 eosdem
1414 4069 1480 4123 de
1514 4067 1703 4123 iisdem
1752 4070 1916 4124 rebus
1961 4084 2095 4123 con-

521 4160 691 4214 trario
721 4160 1033 4230 scripsisse,
1084 4159 1490 4230 maximamque
1547 4159 1907 4226 discordiam,
1959 4160 2091 4215 dum

520 4253 705 4323 gloria:
735 4252 917 4308 studio
942 4262 995 4308 et
1024 4253 1231 4307 malitia
1264 4268 1323 4309 se
1356 4252 1584 4307 invicem
1636 4260 1907 4321 premunt,
1964 4252 2093 4307 επο-

521 4348 686 4413 cisse,
747 4354 948 4401 terram
1004 4345 1443 4411 conturbavisse,
1494 4352 1549 4400 et
1608 4358 1731 4399 cum
1787 4342 2095 4415 semetipsis

522 4440 826 4507 perdidisse
857 4441 1076 4493 multos.

2182 492 2307 559 napi
2345 491 2453 543 τῶν
2481 489 2661 544 αὐτῶν
2686 485 2847 554 αὖθις
2880 486 3272 557 κεφαλαιωδῶς
3298 485 3439 539 εἴπω
3467 489 3562 541 καὶ
3589 494 3741 560 περι

2178 582 2483 651 ληπτικῶς,
2512 582 2681 634 πολλὰ
2714 582 2811 651 μὲν
2856 578 2950 633 οὖν
2998 579 3092 633 καὶ
3145 578 3461 631 παντοδαπά
3497 580 3605 649 63
3639 582 3746 633 τῶν

2189 673 2463 727 δυσσεόῶν
2492 674 2833 742 αίρουμένων
2852 671 2921 724 τά
2956 669 3120 739 στίφη
3142 670 3209 703 ’⁸⁸
3238 670 3333 722 καὶ
3369 670 3603 742 διαφορα
3651 672 3749 740 τῆς

2181 764 2535 835 βλασφημίας
2565 764 2634 817 τά
2663 764 2816 833 βέλη,
2846 760 3168 833 πολυσχιδὲς
3200 761 3255 814 δὲ
3287 762 3384 815 xui.
3415 762 3660 815 ποικίλον
3688 765 3750 816 «is

2178 854 2370 923 ψεῦδος
2400 856 2446 886 ⁵⁸
2474 853 2552 925 τῷ
2581 853 2803 925 τερπνῷ
2857 852 2953 906 τοῦ
3007 852 3287 921 μυθώδους
3314 853 3599 923 κεράσασα
3657 859 3751 909 καὶ

2179 943 2290 1001 οἷον
2324 948 2576 1002 κυκεῶνα
2604 946 3090 1011 κατασκευάσασα,
3120 945 3221 1015 τῆς
3244 944 3511 999 πολυθέου
3539 947 3750 1018 πλάνης

2181 1041 2280 1109 τὴν
2310 1039 2487 1109 μέθην
2516 1041 2630 1102 τοῖς
2665 1037 2975 1109 ἀνθρώποις
3022 1038 3436 1110 προσήνεγκενο
3490 1040 3525 1111 ἡ
3573 1038 3631 1093 δὶ
3660 1056 3751 1092 σοι

2182 1131 2410 1201 φιστικὴ
2437 1133 2495 1184 ἐν
2526 1130 2755 1201 τρίϐωνι
2810 1128 2992 1199 λευκῷ
3029 1129 3126 1185 καὶ
3154 1128 3379 1197 πώγωνι
3425 1131 3622 1202 μακρῷ
3652 1132 3752 1185 καὶ.

2184 1226 2328 1295 κόμη
2376 1223 2620 1293 κεφαλῆς
2650 1222 2751 1294 τὴν
2777 1220 3095 1291 φιλοσοφίαν
3124 1223 3441 1292 ὁριζομένη,
3470 1223 3571 1292 τῆς
3602 1240 3753 1291 ποιη-

2180 1316 2340 1385 τικῆς
2385 1315 2665 1383 θεολογίας
2716 1314 2775 1367 τὸ
2835 1312 3246 1381 καταγέλαστον
3295 1313 3501 1383 ὁρῶσα,
3538 1315 3753 1384 ξὲτέρας

2184 1407 2393 1474 πλάνης
2434 1406 2719 1476 ἐνενόησεν
2751 1405 3053 1475 ἀτραποὺς,
3074 1407 3155 1467 είς
3180 1405 3422 1465 αὐτὸπδ
3466 1409 3754 1476 ποιητικὸν

2183 1499 2359 1550 ικεϊνο
2398 1495 2676 1567 βάραθρον
2700 1496 3042 1563 ἀπαγούσας.
3077 1496 3140 1547 Οἱ
3172 1496 3272 1566 μὲν
3306 1494 3416 1566 γὰρ
3449 1499 3515 1566 τῇ
3539 1497 3587 1529 ’⁷
3613 1514 3756 1568 κομ-

2185 1586 2317 1657 ὡείᾳ
2346 1585 2441 1638 τοῦ
2475 1586 2639 1653 λόγου
2672 1584 2769 1639 καὶ
2798 1588 2867 1654 τῇ
2906 1584 3016 1638 τῶν
3040 1584 3446 1656 δνθυμημάτων
3488 1587 3757 1658 δεινότητι

2184 1681 2252 1750 τῇ
2287 1680 2547 1748 ποιητικῇ
2568 1678 2668 1747 τὴν
2716 1676 2985 1747 περὶτῶν
3036 1675 3177 1729 θεῶν
3219 1677 3612 1748 αἰσχρουργίαν
3662 1679 3758 1731 καὶ

2185 1768 2572 1840 αἰσχρολογίαν
2619 1769 2665 1801 ⁸⁸
2699 1766 2980 1834 ἐκάλυψαν
3008 1783 3021 1797 ·
3053 1768 3105 1819 oi
3161 1768 3217 1822 δὲ
3251 1770 3363 1831 τοῖς
3403 1767 3600 1823 πάθεσι
3657 1770 3758 1838 τὴν

2186 1862 2337 1915 Θείαν
2375 1860 2753 1931 προσηγορίαν
2774 1860 2988 1925 ἔθεσαν,
3028 1861 3123 1912 καὶ
3152 1860 3250 1930 τὴν
3275 1862 3372 1930 μὲν
3419 1861 3634 1931 ἡδονὴν,
3680 1863 3760 1924 ὡς

2185 1954 2344 2025 ἔφην,
2361 1953 2684 2023 ’Δφροδίτην
2710 1952 3022 2022 ὠνόμασαν,
3046 1954 3221 2025 Ἀρεα
3237 1953 3295 2006 δὲ
3326 1954 3415 2007 τὸν
3440 1954 3635 2023 θυμὸν,
3656 1954 3759 2023 τὴν

2183 2048 2240 2101 δὲ
2274 2046 2445 2118 μέθην
2475 2046 2751 2109 Διόνυσον,
2793 2044 3005 2117 Ἑρμῆν
3035 2044 3093 2097 δὲ
3142 2046 3242 2116 τὴν
3284 2045 3516 2116 κλοπὴν,
3546 2047 3652 2116 τὴν
3697 2046 3757 2098 δὲ

2185 2137 2448 2208 φρόνησιν
2479 2136 2738 2206 ’Δθηνᾶν,
2760 2136 2854 2188 καὶ
2893 2134 3120 2189 τοιαῦτά
3149 2153 3272 2189 τινα
3314 2136 3453 2207 μετά
3512 2135 3762 2201 ἀλαζονι-

2185 2230 2286 2299 κῆς
2310 2226 2514 2299 ὀφρύος
2536 2230 2631 2282 καὶ
2660 2229 2760 2298 τῆς
2782 2228 3036 2299 Ἀττικῆς
3068 2227 3375 2298 στωμυλίας
3394 2230 3764 2299 τερατευόμεο

2185 2341 2285 2389 νοι,
2316 2323 2448 2386 τοὺς
2498 2322 2731 2385 πολλοὺς
2767 2320 2877 2374 τῶν
2908 2320 3213 2392 ἀνθρώπων
3241 2323 3320 2385 είς
3362 2322 3557 2394 ἑτέραν
3589 2323 3763 2386 εῐδους

2186 2417 2403 2486 ἀπάτην
2438 2416 2747 2486 μετήγαγον
2765 2431 2780 2446 ο
2807 2415 2903 2467 καὶ
2925 2415 2976 2467 oi
3002 2414 3311 2485 φιλοσοφεῖν
3336 2414 3763 2486 ὑπισχνούμενοι

2186 2510 2282 2563 καὶ
2313 2510 2413 2579 τὴν
2440 2508 2552 2563 ἀπὸ
2580 2506 2675 2560 τοῦ
2709 2509 2993 2578 σχήματος
3018 2507 3187 2578 τιμὴν
3215 2509 3369 2578 παρά
3395 2508 3614 2562 πάντων
3642 2509 3765 2579 δρε-

2189 2600 2415 2670 πόμενοι
2445 2597 2552 2668 (8³)
2582 2597 2676 2652 καὶ
2707 2599 2818 2651 τῶν
2856 2598 3048 2652 παθῶν
3088 2601 3316 2670 κρατεῖν
3345 2598 3764 2668 ἔπαγγελλόμε-

2188 2711 2267 2747 νοι
2300 2694 2625 2761 προσκυνεῖν
2646 2692 2713 2745 τὰ
2741 2691 2883 2762 πάθη
2910 2692 3037 2755 τοὺς
3075 2674 3399 2762 ἀνθρώπους
3444 2691 3765 2756 ἀνέπεισαν,

2190 2786 2286 2840 καὶ
2317 2786 2408 2839 τὸν
2439 2785 2820 2856 αὐτοκράτορα
2854 2785 2980 2838 νοῦν
3014 2784 3124 2839 τῶν
3165 2786 3354 2839 παθῶν
3400 2786 3497 2839 καὶ
3550 2785 3767 2855 ἡνίοχον

2193 2878 2344 2932 θύειν
2367 2877 2652 2948 ἐπιθυμίᾳ,
2679 2878 2774 2929 καὶ
2799 2877 2980 2947 θυμῷ,
3009 2878 3103 2931 καὶ
3136 2878 3332 2948 κλοπῇ,
3364 2878 3457 2931 καὶ
3478 2877 3638 2948 μέθῃ,
3667 2878 3769 2930 καὶ

2192 2972 2307 3032 τοῖς
2358 2969 2540 3033 ἄλλοις
2599 2969 2855 3031 πάθεσιν,
2925 2970 3168 3034 ἀνοήτως
3240 2969 3584 3023 πεπείκασιν.
3650 2968 3766 3037 (li)

2199 3061 2381 3115 Ἀλλοι
2403 3061 2461 3115 δὲ
2492 3061 2655 3114 πάλιν
2681 3060 2836 3115 οὐδὲν
2859 3061 3000 3132 ὑπὲρ
3021 3061 3091 3114 τά
3117 3062 3372 3133 ὁρώμενα
3394 3063 3581 3131 νοῆσαι
3602 3062 3768 3130 δυνη-

2195 3155 2401 3220 θέντες,
2428 3154 2564 3207 ἀλλὰ
2584 3156 2695 3218 τοῖς
2716 3154 2995 3225 αἰσθητοῖς
3022 3153 3115 3207 τδν
3133 3153 3258 3208 νοῦν
3287 3153 3766 3225 ἐγκαθείρξαντες,

2191 3246 2259 3299 τά
2317 3248 2428 3308 τοῖς
2482 3245 2783 3315 ὀφθαλμοῖς
2856 3248 2936 3309 εἰς
2984 3246 3116 3300 θέαν
3197 3247 3553 3317 προκείμενα,
3606 3244 3772 3306 θεοὺς

2194 3336 2672 3407 προσηγόρευσαν,
2714 3337 2809 3390 καὶ
2857 3336 2918 3391 τὸ
2950 3338 3147 3391 σεπτὸν
3193 3338 3365 3409 ὄνομα
3415 3338 3505 3391 καὶ
3556 3336 3769 3407 φρίκην

2193 3427 2455 3496 ἐμποιοῦν
2486 3430 2599 3490 τοῖς
2632 3429 2925 3481 ἀκούουσιν
2982 3430 3030 3481 oi
3071 3428 3171 3494 μὲν
3216 3431 3329 3492 τοῖς
3370 3430 3673 3499 στοιχείοις,
3716 3430 3769 3480 οἱ

2192 3521 2247 3574 δὲ
2275 3524 2389 3584 τοῖς
2427 3522 2620 3592 μέρεσι
2671 3522 2880 3575 τούτων
2923 3522 3233 3593 ἐπέθηκαν·
3286 3524 3380 3576 καὶ
3411 3524 3458 3576 οί
3499 3522 3597 3593 μὲν
3660 3523 3772 3575 ἀπὺ

2192 3613 2535 3682 ταύτομάτου
2560 3614 2894 3683 γεγενῆσθαι
2926 3614 3020 3666 τδν
3067 3614 3297 3685 κόσμον,
3338 3616 3385 3667 oi
3443 3616 3501 3667 δὲ
3536 3613 3774 3677 πολλοὺς

2200 3704 2357 3767 θεοὺς
2384 3705 2503 3757 ἀνθ’
2531 3706 2649 3767 ἑνὸς
2679 3705 3103 3777 ἐφαντάσθησαν
3128 3726 3141 3739 ·
3185 3709 3278 3760 καλ⁸
3306 3708 3354 3759 oi
3381 3706 3485 3772 μὲν
3523 3707 3598 3776 μὴ
3627 3701 3775 3759 εἶναι.

2195 3796 2475 3859 παντελῶς
2506 3797 2565 3849 τὸ
2594 3796 2769 3861 Θείον,
2810 3797 2858 3849 oi
2887 3796 2945 3850 δὲ
2976 3794 3114 3851 εἷναι
3153 3799 3272 3867 μὲν,
3306 3796 3522 3859 οὐδενὸς
3552 3797 3608 3848 δὲ
3657 3796 3773 3847 τῶν

2198 3888 2370 3940 όντων
2403 3887 2812 3956 ἐπιμελεῖσθαι·
2841 3888 2890 3939 oi
2917 3887 2974 3941 δὲ
3001 3887 3381 3958 ἐπιμελεῖσθαι
3412 3887 3512 3958 μὲν
3538 3886 3775 3954 ἔφασαν,

2196 3978 2418 4048 σμικρῷ
2449 3978 2593 4047 λόγῳ
2626 3981 2683 4032 δὲ
2708 3978 2869 4032 τοῦτο
2900 3982 3074 4031 ποιεῖν
3125 3980 3221 4032 καὶ
3260 3981 3329 4049 τῇ
3385 3978 3579 4049 σελήνη
3615 3993 3781 4047 περι-

2193 4066 2398 4137 ορίζειν
2433 4068 2535 4139 τὴν
2560 4068 2915 4137 πρόνοιαν,τὸ
2943 4069 3000 4121 δὲ
3022 4068 3210 4122 λοιπὸν
3237 4068 3330 4121 τοῦ
3350 4069 3555 4137 κόσμου
3580 4067 3647 4138 μέ
3658 4084 3720 4134 ρο
3738 4086 3778 4129 ·,

2195 4159 2271 4224 ὡς
2324 4160 2505 4229 ἔτυχε,
2550 4160 2813 4229 φέρεσθαι
2868 4163 2933 4230 τῇ
2991 4163 3092 4231 τῆς
3133 4159 3485 4230 Εἱμαρμένης
3553 4160 3778 4230 ἀνάγκη

2192 4251 2467 4305 δουλεύειν
2496 4252 2879 4323 βεϐιασμένον.
2912 4252 3024 4323 (12)
3059 4253 3157 4305 Διὰ
3195 4253 3259 4321 δὴ
3305 4251 3512 4305 τούτων
3538 4250 3631 4303 καὶ
3662 4249 3780 4302 τῶν

2193 4348 2453 4401 τοιούτων
2509 4348 2696 4418 σαφῶς
2747 4349 3014 4418 ἔγνωμεν,
3051 4350 3126 4412 ὠς
3165 4348 3223 4402 ού
3286 4348 3445 4419 μόνον
3482 4346 3777 4415 ἀλλήλους,

2125 4432 2169 4488 Β
2197 4440 2332 4495 ἀλλά
2358 4441 2468 4513 64
2497 4458 2561 4510 γε
2586 4444 2681 4494 κοιλ⁷
2705 4438 2887 4510 σφίσιν
2909 4442 3097 4504 αὐτοῖς
3126 4443 3254 4512 περὶ
3283 4442 3392 4495 τῶν
3414 4438 3596 4494 αὐτῶν
3615 4442 3781 4491 hav-

518 4531 610 4581 τία
639 4532 948 4596 γεγράφασι
974 4534 1065 4583 καὶ
1112 4532 1385 4600 μεγίστων
1412 4534 1462 4565 ’⁵
1515 4533 1815 4601 διαφωνίαν
1841 4530 2119 4603 φιλοδοξία
2157 4549 2216 4585 τε
2249 4536 2343 4588 καὶ
2406 4534 2713 4605 κακουργία
2748 4531 3063 4604 πιεζόμενοι
3104 4536 3241 4605 προς
3285 4534 3551 4605 ἀλλήλους
3583 4533 3782 4604 εἰργά-

531 4638 694 4674 σαντο
728 4622 823 4672 καὶ
856 4623 955 4690 τὴν
981 4625 1307 4694 οἰκουμένην
1336 4626 1608 4695 ἐτάραξαν
1635 4627 1729 4679 καὶ
1763 4630 1859 4680 σὺν
1885 4628 2095 4689 ἑαυτοῖς
2133 4627 2361 4692 πολλοὺς
2391 4628 2704 4684 ἀπώλεσαν.

591 4791 799 4845 Tantus
824 4791 985 4860 igitur
1002 4806 1157 4846 error
1175 4791 1302 4845 olim
1324 4792 1582 4847 mundum
1600 4797 1904 4865 occupavit,
1923 4814 2083 4868 quen.

521 4885 748 4938 omnino
776 4883 1059 4952 dissipavit
1088 4886 1363 4955 etexpulit
1382 4887 1556 4955 palam
1599 4904 1629 4941 a
1654 4890 1809 4944 nobis
1835 4890 2089 4948 adoratus

525 4978 888 5033 Dorninus.Et
941 4977 1166 5032 verbum
1216 4986 1482 5033 testantur
1526 4993 1710 5049 opera,
1743 4989 1996 5050 terraque
2040 4991 2093 5036 et

524 5082 673 5121 mare
697 5068 863 5138 priori
903 5067 1210 5139 ignorantia
1238 5080 1291 5122 et
1322 5068 1594 5138 impietate
1617 5070 1860 5137 liberata,
1880 5072 2094 5126 sublato

2267 4800 2380 4871 (i5)
2416 4801 2669 4874 Τοσαύτη
2710 4800 2841 4872 γοῦν
2866 4803 2911 4835 ¹⁹⁹
2966 4803 3134 4858 πάλαι
3185 4803 3364 4874 πλάνη
3414 4806 3642 4875 κατεῖχε
3676 4804 3783 4861 τὸν

2198 4890 2405 4961 κόσμον
2432 4905 2447 4921 ·
2483 4890 2620 4947 ἀλλὰ
2667 4892 2871 4965 ταύτην
2902 4895 3072 4967 ἄρδην
3100 4897 3332 4966 ἠφάνισε
3390 4898 3485 4950 καὶ
3540 4898 3787 4967 πάμπαν

2199 4981 2428 5052 ἐξήλασε
2487 4985 2771 5055 προδήλως
2814 4988 2843 5039 ό
2891 4987 3021 5056 παρ’
3076 4988 3233 5058 ἡμῶν
3291 4987 3789 5058 προσκυνούμενος

2202 5073 2427 5145 Κύριος.
2460 5077 2570 5131 Καὶ
2605 5081 2876 5149 μαρτυρεῖ
2901 5078 2978 5149 τῷ
3004 5078 3148 5149 λόγῳ
3174 5079 3240 5131 τὰ
3265 5080 3585 5149 πράγματα,
3617 5080 3690 5148 γῆ
3716 5096 3787 5132 τι

1700 5319 1895 5381 Variae
1954 5318 2253 5383 lectiones
2284 5331 2345 5385 et
2378 5330 2566 5385 nolte.

603 5553 649 5590 ³⁸
676 5552 730 5605 ἀ.
763 5552 861 5606 ἀπ.
891 5554 1000 5605 τῶν
1041 5574 1092 5609 κ,
1122 5554 1200 5608 ΡΙ.
1314 5554 1384 5585 ⁹⁸⁹
1416 5555 1593 5623 στήφη
1626 5555 1747 5609 cod.

526 5624 595 5656 ³⁸⁸
627 5624 930 5683 μεγίστηνῖ
1028 5626 1073 5657 ⁹⁹
1117 5625 1351 5686 Τοιαύτη
1381 5621 1473 5677 οὖν
1509 5621 1631 5678 Par.
1668 5624 1722 5679 2.

1844 5558 1890 5588 “
1932 5558 1964 5629 ἠ
1990 5556 2318 5627 φιλοσονρίατ

2440 5560 2484 5592 ογ
2509 5561 2596 5629 τῇ,
2711 5559 2757 5591 ιι
2779 5558 3144 5631 αἰσχρουργίᾳ
3164 5557 3255 5613 καὶ
3274 5558 3631 5634 αἱσχο),οργ’ᾳ
3652 5562 3797 5620 cod.
