4050 6220
502 295 527 350 .i
544 293 608 350 ἐξ)

1705 278 2024 337 GEORGII
2070 275 2519 338 HAMAR'I‘OLI

3654 273 3764 334 uti

500 418 704 457 norum
730 440 744 462 ,
769 411 822 454 et
853 400 904 448 in
937 407 1093 448 sacra
1125 390 1366 443 initiatus
1386 397 1548 453 esset,
1581 386 1823 455 increpat
1875 395 2079 453 patrem

2191 381 2328 447 θεὶς,
2350 380 2625 434 ἐνουθέτει
2654 380 2746 433 τὸν
2779 379 2992 448 πατέρα
3019 377 3183 431 αὑτοῦ
3210 377 3385 446 λέγων
3413 392 3425 405 '
3471 396 3485 428 ι
3535 378 3599 430 Τί
3628 380 3772 433 πλαι

509 512 667 552 suum
693 494 875 545 dicens
909 505 921 540 :
961 506 976 536 ι
1000 484 1109 540 Cur
1135 483 1382 539 homines
1401 495 1586 536 errare
1609 479 1743 534 facis
1774 482 1844 533 ob
1867 479 2075 532 lucrum

507 557 778 645 nloxium?
809 583 921 636 Non
954 582 1096 636 alius
1118 580 1365 636 est-Deus
1395 578 1500 633 nisi
1543 579 1637 646 qui
1698 578 1752 631 in
1790 577 1948 632 caelis
1979 587 2080 638 est,

495 675 602 743 qui
632 672 948 743 universum
985 668 1245 722 mundum
1275 667 1498 729 erravit,
1527 686 1546 716 ι
1584 676 1640 719 ct
1667 667 1746 721 sic
1768 665 1966 720 dicitur
1987 663 2078 717 Dei

477 741 817 830 cognitione
867 761 1062 830 dignus
1103 774 1224 814 esse
1283 759 1520 814 habitus.
1551 757 1746 811 Videns
1775 757 1918 811 enim
1949 770 2082 810 cutt-

508 865 626 910 trtos
655 855 905 908 homines
953 852 1223 907 creaturis
1261 851 1578 912 servientes,
1622 859 1677 902 et
1714 847 1945 902 visibilia
1985 846 2084 900 sub

509 947 672 1000 variis
699 945 926 999 deorum
977 941 1394 1010 cognominibus
1428 941 1740 1002 adorantes.
1767 937 2088 1004 circumibat

509 1037 748 1105 quotidie
784 1034 1016 1088 amictus
1042 1044 1096 1086 ct
1131 1031 1297 1084 Deum
1333 1046 1517 1085 verum
1555 1029 1848 1098 exquirens
1879 1028 2087 1080 sincera

509 1141 709 1182 mente.
783 1125 849 1179 Et
911 1127 990 1178 sic
1051 1124 1324 1193 aspiciens
1373 1125 1568 1178 coelum
1629 1121 1791 1174 modo
1851 1119 2088 1187 splendi-

507 1225 656 1283 dum,
683 1220 841 1272 modo
876 1217 1249 1280 tenebrosum,
1273 1215 1414 1284 apud
1447 1230 1506 1270 se
1545 1215 1788 1268 dicebat:
1818 1229 1836 1263 t
1862 1211 1978 1266 Non
2008 1222 2091 1265 est

515 1317 610 1367 hoc
665 1312 804 1364 ltrus
846 1324 916 1372 »ς
967 1307 1215 1363 similiter
1268 1318 1321 1360 et
1375 1306 1542 1360 solem
1593 1317 1647 1359 et
1681 1307 1886 1369 lunam,
1923 1319 2088 1356 unum

513 1405 731 1474 quidem
786 1400 1170 1456 abscouditum
1225 1408 1278 1454 et
1324 1400 1673 1454 obscuratum
1757 1412 1924 1464 saepe,
1961 1397 2091 1450 alte-

509 1513 622 1551 tam
647 1495 984 1550 deﬁcientem
1017 1502 1072 1548 et
1120 1501 1557 1555 evanescentem,
1595 1492 1854 1546 dicebat:
1918 1508 1938 1538 ι
1980 1489 2089 1542 Nec

512 1593 610 1643 ista
632 1590 850 1658 quidem
900 1587 974 1639 dii
1035 1595 1162 1640 sunt
1214 1603 1267 1651 r;
1298 1584 1410 1639 imo
1443 1584 1717 1639 stellarum
1772 1597 1993 1636 cursum
2042 1590 2094 1634 ct

510 1691 712 1734 lltOltltlt
764 1679 980 1732 curiose
1043 1687 1392 1746 perscrutans
1444 1677 1595 1748 (erat
1641 1676 1784 1728 enim
1847 1686 2089 1729 esttam»

511 1776 670 1826 miam
705 1788 734 1825 a
784 1782 934 1841 patre
965 1769 1250 1837 edoctus),
1291 1783 1393 1824 uec
1435 1768 1487 1822 in
1516 1768 1622 1822 illis
1652 1765 1748 1820 nec
1779 1766 1830 1819 in
1867 1766 1987 1819 aliis
2014 1766 2091 1816 vi-

509 1865 757 1917 sibilibus
801 1863 1084 1916 inveniens
1140 1861 1335 1914 horum
1378 1868 1653 1912 auctorem
1681 1898 1694 1922 ,
1765 1858 2090 1927 gravabatur

517 1953 671 2006 valde
702 1961 756 2005 ct
780 1949 1152 2019 despondebat
1188 1949 1450 2002 animum.
1482 1947 1651 2016 Cujus
1686 1946 2009 2000 desiderium
2039 1954 2091 1998 cl.

509 2053 698 2098 votum
738 2043 923 2095 videns
963 2042 1054 2109 qui
1105 2040 1259 2093 ﬁttxit
1309 2038 1469 2094 corda
1515 2047 1697 2092 nostra
1755 2046 1808 2091 ct
1843 2037 2092 2105 intelligit

514 2137 565 2184 in
602 2131 855 2184 omnibus
887 2131 1143 2198 operibus
1179 2130 1316 2189 suis,
1351 2127 1599 2196 apparuit
1637 2127 1686 2180 ei
1710 2166 1725 2191 ,
1759 2135 1812 2179 et
1845 2127 2089 2179 invitavit

495 2235 572 2296 [ut
598 2224 649 2276 in
671 2232 868 2276 terram
922 2221 1302 2289 promissionis
1345 2222 1468 2282 iret,
1501 2221 1727 2274 dicens:
1768 2239 1784 2269 ι
1827 2221 2090 2291 Egredere

513 2318 580 2369 de
610 2326 753 2369 terra
788 2324 902 2377 tua,
939 2323 992 2367 ct
1026 2315 1092 2365 tle
1122 2312 1444 2382 cognatione
1481 2321 1592 2376 tua,
1631 2323 1682 2366 et
1710 2313 1775 2366 de
1802 2313 2088 2380 demopa-

509 2410 615 2462 .tris
656 2409 752 2469 lui,
785 2419 837 2460 et
871 2407 994 2460 veni
1035 2407 1087 2458 in
1108 2415 1306 2459 terram
1339 2420 1502 2473 quam
1551 2405 1869 2458 monstrabo
1907 2405 2024 2458 tibi.
2058 2423 2075 2454 ι

508 2499 822 2554 -Εοιιΐοειὶιη
856 2498 1000 2552 idola
1035 2512 1132 2551 sua
1171 2497 1366 2565 partim
1392 2495 1614 2564 frangit,
1652 2496 1847 2564 partim
1874 2497 2086 2548 incendi

513 2591 832 2659 seceditque
854 2605 976 2643 cum
998 2599 1148 2658 patre
1188 2604 1288 2642 suo
1315 2588 1381 2641 de
1414 2596 1551 2641 terra
1588 2587 1994 2651 Chaldaeorum,
2038 2597 2091 2640 et

523 2697 646 2735 rum
700 2682 933 2735 venisset
978 2683 1030 2734 iu
1069 2679 1304 2742 Cltaran,
1362 2688 1609 2733 mortuus
1648 2688 1728 2733 est
1765 2687 1916 2748 pater
1946 2679 2086 2745 ejus.

525 2771 592 2826 Et
630 2787 884 2841 egressus
936 2771 1084 2823 illinc
1123 2770 1336 2833 iterum,
1376 2767 1528 2836 juxta
1578 2768 1800 2821 verbum
1852 2765 2084 2832 Domini,

516 2864 800 2917 venitcum
839 2875 1007 2915 uxore
1029 2874 1125 2914 sua
1153 2861 1285 2913 Sara
1321 2867 1378 2913 et
1421 2858 1522 2912 Lot
1559 2859 1668 2912 lilio
1699 2844 1884 2914 fratris
1914 2859 1998 2913 sui
2034 2867 2088 2914 et

523 2954 772 3008 universa
801 2954 1042 3022 ipsorum
1064 2951 1368 3004 substantia
1396 2951 1448 3002 iu
1484 2963 1680 3004 terram
1706 2950 1961 3005 Chanaan
1981 2953 2085 3006 sibi

2186 479 2282 547 νᾷς
2335 479 2462 541 τοὺς
2504 476 2828 548 ἀνθρώπους
2883 476 2973 530 διὰ
3046 476 3239 544 κέρδος
3284 473 3620 544 ὲπιζήμιον;
3653 477 3769 528 Οὐκ

2183 571 2331 624 ἐστιν
2378 571 2538 634 ἄλλος
2571 570 2701 633 Θεὸς
2735 573 2784 622 εί
2829 569 2961 638 μὴὸ
3005 570 3061 621 ἐν
3109 571 3220 630 τοῖς
3269 569 3542 635 οὐρανοῖς,
3591 571 3618 621 ὁ
3676 573 3772 624 καὶ

2186 668 2364 718 πάντα
2406 666 2494 717 τὸν
2526 665 2731 734 κόσμον
2763 665 2996 732 ποιήσας
3019 676 3031 691 ⁸
3076 683 3096 715 ι
3135 662 3309 724 οὕτως
3341 663 3383 692 ⁸⁸
3411 662 3633 728 λέγεται
3671 665 3771 730 τῆς

2187 757 2519 826 θεογνωσίας
2546 757 2847 826 ἀξιωθῆναι
2877 757 2948 788 ¹⁹·
2981 756 3122 826 ὁρῶν
3153 756 3263 824 γάρ
3289 757 3414 818 τοὺς
3445 755 3770 824 ἀνθρώπους

2188 850 2397 910 πάντας
2429 847 3036 918 κτισματολατροῦντας
3070 847 3165 898 καὶ
3214 846 3506 915 διαφόρους
3537 847 3579 876 ³ο
3612 847 3767 907 θεοὺς

2189 941 2256 994 τὰ
2273 940 2578 1008 φαινόμενα
2598 937 3107 1009 προσαγορεύοντας
3119 937 3212 990 καὶ
3234 935 3677 1004 προσκυνοῦντας
3699 938 3769 998 ³⁸,

2193 1035 2528 1104 περιήρχετο
2555 1032 2677 1086 καθ’
2700 1033 2941 1098 ἑκάστην
2973 1030 3190 1100 ἡμέραν
3211 1028 3644 1096 διαπονούμενος
3675 1031 3772 1082 καὶ

2191 1121 2283 1174 τὸν
2313 1122 2481 1183 ὅντως
2507 1122 2638 1174 ὄντα
2659 1121 2792 1174 Θεὸν
2822 1118 3072 1189 ἐκζητῶν
3103 1120 3168 1170 ἐκ
3213 1118 3466 1185 φιλοθέου
3501 1119 3732 1188 καρδίας
3753 1135 3766 1147 ·

2195 1213 2289 1266 καὶ
2320 1214 2463 1266 οὓτω
2485 1213 2699 1283 βλέπων
2727 1212 2957 1284 οὐρανὸν
2999 1211 3130 1264 ποτὲ
3168 1210 3271 1279 μὲν
3321 1212 3595 1280 λαμπρὸν,
3634 1212 3768 1264 ποτὲ

2192 1309 2248 1360 δὲ
2302 1305 2598 1370 σκοτεινὸν,
2633 1306 2820 1373 ἔλεγεν
2849 1307 2906 1356 ἐν
2959 1303 3170 1373 ἐαυτῷο
3207 1320 3225 1352 t
3265 1303 3379 1354 Οὐκ
3427 1303 3574 1356 ἐστιν
3609 1298 3770 1364 οὗτος

2187 1399 2326 1460 Θεὸς
2353 1413 2364 1426 ·
2405 1416 2422 1448 ι
2459 1397 2661 1466 ὁμοίως
2684 1397 2740 1450 δὲ
2796 1397 2888 1449 καὶ
2921 1394 3072 1464 ἥλιον
3125 1394 3220 1446 καὶ
3255 1393 3511 1462 σελήνην,
3538 1395 3628 1445 τὸν
3667 1395 3771 1461 μὲν

2193 1489 2682 1559 ἀποκρυπτόμενον
2713 1489 2744 1559 ἢ
2783 1485 3205 1557 ἀμαυρούμενον
3249 1485 3536 1548 πολλάκις,
3580 1487 3680 1553 τὴν
3709 1485 3770 1536 δὲ

2197 1582 2494 1650 φθίνουσαν
2525 1581 2618 1635 καὶ
2641 1580 3047 1648 ἀπολήγουσαν,
3083 1578 3348 1646 ἔφασκενο
3401 1596 3418 1628 ι
3471 1579 3591 1629 Οὐδ’
3618 1570 3772 1630 οὗτοί

2198 1675 2306 1724 είσι
2336 1671 2487 1724 θεοί·
2526 1690 2543 1721 ι
2577 1671 2672 1723 καὶ
2713 1673 2899 1738 μέντοι
2929 1668 3027 1737 τὴν
3066 1667 3178 1720 τῶν
3239 1668 3458 1738 ἄστρων
3503 1669 3677 1735 φοράν
3706 1685 3771 1720 τε

2197 1764 2288 1814 καὶ
2321 1763 2538 1832 κίνησιν
2564 1761 3040 1831 πολυπραγμονῶν
3059 1790 3128 1799 —
3155 1755 3223 1829 ἦν
3281 1763 3390 1831 γὰρ
3433 1762 3772 1831 ἀστρονόμος

2196 1855 2365 1922 ἄκρος
2399 1855 2463 1905 ὲκ
2495 1854 2587 1906 τοῦ
2639 1853 2846 1921 πατρὸς
2892 1852 3332 1921 πεπαιδευμένος
3371 1882 3440 1893 --
3484 1856 3579 1906 καὶ
3630 1856 3766 1922 μήτε

2195 1946 2283 1998 διὰ
2305 1946 2504 1998 τούτου
2533 1949 2670 2015 μήτε
2713 1947 2822 2014 μὴν
2861 1946 2925 1997 δι’
2950 1943 3125 1998 ἄλλων
3153 1943 3319 1999 τινῶν
3352 1946 3647 2015 ὁρωμένων
3674 1947 3770 1996 εὐ-

2199 2037 2402 2104 ρίσκων
2429 2038 2520 2090 τὸν
2546 2037 2748 2090 τούτων
2789 2035 3144 2107 δημιουργὸν,
3185 2035 3515 2106 ἐδυσχέρηνε
3558 2038 3769 2107 σφόδρα

2193 2131 2290 2182 καὶ
2319 2129 2542 2198 ἠθύμει,
2575 2123 2636 2181 οὗ
2664 2130 2756 2182 τὸν
2793 2129 2958 2182 πόθον
2991 2132 3084 2183 καὶ
3123 2131 3223 2200 τὴν
3256 2130 3553 2200 ἐπιθυμίαν
3583 2128 3707 2181 ἰδὼν
3743 2133 3769 2180 ὁ

2193 2220 2405 2281 πλάσας
2431 2221 2742 2289 καταμόνας
2760 2221 2982 2291 δετὰς
3003 2222 3231 2292 καρδίας
3258 2221 3417 2290 ἡμῶν
3445 2221 3539 2272 καὶ
3563 2220 3770 2281 συνιεὶς

2193 2312 2272 2371 εἰς
2312 2311 2487 2362 πάντα
2513 2315 2580 2364 τὰ
2609 2311 2745 2380 ἔργα
2771 2312 2960 2378 αὑτοῦ,
2993 2312 3149 2383 ὤφθη
3178 2312 3328 2381 αύτῷ
3377 2313 3470 2364 καὶ
3502 2311 3637 2380 πρὸς
3667 2312 3769 2380 τὴν

2196 2401 2300 2468 γῆν
2326 2404 2421 2470 τῆς
2439 2403 2777 2469 ἐπαγγελίας
2800 2407 3027 2476 πορείαν
3051 2403 3502 2472 παρεκελεύσατο
3529 2403 3702 2468 λέγων
3723 2405 3769 2433 ι’

2197 2511 2215 2544 ι
2261 2495 2440 2560 ἔξελθε
2470 2499 2534 2549 ἐκ
2585 2497 2687 2564 τῆς
2743 2498 2846 2568 γῆς
2893 2513 2986 2549 σου
3029 2499 3124 2551 καὶ
3165 2498 3230 2550 ἐκ
3283 2497 3384 2566 τῆς
3441 2496 3768 2563 συγγενείας

2195 2603 2288 2639 σου
2320 2589 2415 2640 καί
2444 2591 2506 2639 ὲκ
2529 2589 2623 2641 τοῦ
2648 2589 2800 2642 οἴκου
2825 2590 2919 2642 τοῦ
2952 2592 3159 2660 πατρός
3205 2608 3299 2643 σου
3345 2591 3438 2642 καὶ
3481 2589 3642 2659 δεῦρο
3683 2591 3766 2652 εἰς

2192 2679 2296 2748 γῆν
2329 2680 2394 2750 ἥν
2427 2680 2492 2733 ἄν
2519 2698 2602 2733 σοι
2632 2681 2812 2744 δείξω.
2851 2702 2869 2733 ι
2907 2682 2983 2752 (5)
3017 2685 3128 2737 Καὶ
3172 2682 3236 2753 δὴ
3276 2683 3628 2753 παραχρῆμα
3667 2683 3766 2735 λα-

2193 2773 2303 2825 ϐὼν
2339 2773 2408 2825 τὰ
2435 2773 2630 2825 εἴδωλα
2661 2776 2755 2827 καὶ
2788 2775 2855 2826 τὰ
2887 2776 2983 2845 μὲν
3007 2776 3234 2837 κλάσας,
3259 2775 3327 2827 τὰ
3349 2775 3403 2826 δὲ
3431 2777 3762 2843 ἐμπυρήσας
3806 2757 3814 2798 τ

2191 2864 2459 2933 ἀνεχώρει
2493 2868 2632 2932 μετὰ
2661 2865 2754 2918 τοῦ
2785 2868 2994 2936 πατρὸς
3022 2865 3188 2919 αὑτοῦ
3225 2869 3287 2917 ἐκ
3323 2866 3428 2936 γῆς
3450 2866 3759 2930 Χαλδαίων,
3809 2849 3813 2852 λ

2191 2955 2286 3007 καὶ
2328 2956 2436 3024 (9⁸)
2474 2957 2648 3009 ἐλθὼν
2672 2962 2748 3020 εἰς
2774 2958 2998 3028 Χαρρὰν
3031 2958 3386 3028 ἐτελεύτησεν
3407 2960 3435 3010 ὁ
3458 2961 3642 3028 πατὴρ
3661 2961 3761 3011 αύ-

518 3043 777 3104 tlebitam,
817 3056 979 3108 quam
1039 3038 1331 3094 Cltanamei
1390 3039 1667 3109 tyrannice
1714 3041 1964 3094 tenebant
2027 3049 2085 3095 ut

2192 3045 2308 3097 τοῦ.
2363 3047 2473 3098 Καὶ
2525 3046 2758 3109 ἐξελθὼν
2799 3049 3010 3100 ἐκεῖθεν
3065 3049 3228 3102 πάλιν
3268 3053 3324 3100 ὲν
3367 3049 3511 3118 λόγῳ
3556 3051 3760 3115 Κυρίου

517 3143 717 3186 terram
755 3133 1029 3185 hostilem.
1063 3129 1138 3186 De
1159 3145 1267 3199 quo
1296 3129 1546 3185 Clemens
1575 3131 1876 3194 Romanus.
1906 3132 2083 3200 philo-

517 3227 724 3293 sophus
753 3236 806 3278 ct
825 3225 1005 3294 magni
1028 3225 1172 3278 Petri
1201 3238 1324 3277 vere
1352 3223 1672 3292 discipulus,
1702 3224 1773 3276 ita
1812 3224 2081 3293 loquitur:

523 3339 540 3370 ι
579 3321 716 3374 Cum
759 3319 929 3373 latnes
982 3320 1120 3372 facta
1179 3327 1340 3384 esset,
1396 3320 1578 3373 relicta
1629 3329 1770 3372 terra
1800 3319 2081 3388 Chanaan,

518 3412 715 3464 Abram
765 3410 899 3463 abiit
937 3411 988 3461 in
1039 3407 1345 3478 Egyptum.
1379 3450 1393 3463 .
1453 3411 1589 3464 Cum
1632 3421 1813 3463 autem
1851 3427 2075 3466 uxorem

514 3504 631 3570 ejus
684 3503 816 3554 Sara
891 3518 980 3554 rex
1023 3502 1336 3554 Abimeleclt
1375 3502 1678 3570 rapuisset,
1725 3503 1905 3556 statim
1941 3502 2085 3558 hunc

519 3595 658 3647 Deus
711 3593 1041 3646 examinavit
1099 3604 1152 3646 et
1192 3602 1400 3647 terrore
1469 3594 1743 3662 perculit;
1806 3597 1968 3649 simul
2030 3604 2084 3650 et

520 3687 884 3738 membrorum
909 3685 1219 3754 languorem
1243 3685 1474 3748 induxit,
1493 3685 1736 3754 dixitque
1752 3686 1800 3739 ci
1821 3702 1836 3740 :
1855 3705 1873 3736 ι
1905 3687 2085 3742 Redde

515 3779 795 3830 mulierem
825 3778 963 3841 viro,
997 3779 1122 3845 quia
1141 3776 1404 3845 propheta
1441 3787 1557 3841 est,
1585 3785 1638 3830 et
1671 3779 1848 3832 orabit
1875 3795 1970 3847 pro
1997 3789 2046 3833 te
2067 3820 2082 3846 ,

520 3881 572 3923 cl.
602 3869 780 3923 vires:
818 3869 861 3920 si
900 3882 1025 3921 vero
1058 3883 1161 3920 non
1195 3868 1513 3930 reddideris,
1550 3869 1688 3921 scito
1715 3870 1858 3937 quod
1887 3872 2084 3924 morie-

519 3967 594 4018 ris
630 3973 681 4016 tu
727 3975 780 4015 ct
809 3974 1146 4029 qtuecttnque
1188 3959 1282 4011 tibi
1315 3969 1460 4012 sunt.
1486 3959 1603 4030 »γει
1631 3961 1701 4012 ita
1751 3961 2082 4025 impollutam

517 4059 649 4108 sura
676 4057 876 4122 recepit.
909 4052 1134 4110 Abram.
1165 4060 1218 4103 et
1251 4059 1501 4118 precatus
1520 4060 1632 4116 est,
1672 4062 1728 4106 et
1759 4063 1984 4107 sanatus
2001 4063 2084 4108 est

515 4145 826 4200 Abimeleeh
844 4161 872 4196 a
896 4145 1170 4212 languore,
1187 4153 1234 4195 et
1255 4156 1445 4196 omnes
1459 4143 1737 4198 domestici
1756 4144 1873 4214 ejus
1887 4160 1914 4198 a
1932 4145 2083 4215 plaga

517 4254 677 4306 quam
713 4237 851 4291 Deus
885 4235 1206 4288 immiserat.
1232 4232 1358 4288 Ideo
1382 4243 1564 4302 postea
1593 4245 1850 4305 tauquam
1874 4237 2082 4306 justum

514 4353 559 4386 et
583 4332 674 4386 Dei
699 4347 913 4386 servum
934 4329 1099 4383 coluit
1121 4344 1242 4382 eum
1261 4339 1445 4391 rex,et
1468 4327 1708 4382 animum
1757 4328 1984 4383 advertit
2017 4329 2084 4383 iis

2190 3132 2322 3205 ἦλθε
2365 3139 2462 3189 σὺν
2492 3141 2558 3206 τῇ
2590 3140 2811 3203 γυναικὶ
2838 3139 3003 3191 αὑτοῦ
3049 3139 3233 3210 Σάρρᾳ
3281 3140 3374 3192 καὶ
3435 3141 3509 3208 τῷ
3551 3141 3764 3208 ἀνεξιιῷ

2187 3229 2353 3280 αὑτοῦ
2401 3229 2523 3281 Λὼτ
2571 3231 2706 3299 μετά
2749 3231 2928 3300 πάσης
2961 3232 3144 3284 αὐτῶν
3187 3233 3289 3300 τῆς
3327 3232 3638 3300 ἀποσκευῆς
3674 3235 3762 3295 εἰς

2185 3319 2286 3389 τὴν
2313 3320 2677 3390 ὀφειλομένην
2726 3323 2830 3390 γῆν
2877 3323 3121 3386 Χαναὰν,
3151 3323 3218 3392 ἣν
3260 3325 3308 3373 οἱ
3343 3325 3630 3375 Χαναναῖοι
3659 3341 3761 3374 τι·

2195 3411 2464 3478 ραννικῶς
2508 3411 2753 3481 ᾠκησαν,
2823 3414 3098 3482 πολεμικῇ
3156 3419 3490 3484 χρησάμενοι
3527 3414 3637 3483 βία.
3677 3416 3758 3484 (6)

2188 3503 2322 3572 Περὶ
2347 3497 2408 3556 οὗ
2437 3503 2624 3571 μέντοι
2672 3506 2766 3556 καὶ
2798 3505 3028 3573 Κλήμης
3054 3507 3081 3556 ὁ
3123 3506 3392 3574 Ῥωμαῖος
3441 3509 3532 3557 καὶ
3578 3506 3761 3574 σοφώ-

2185 3609 2346 3655 τατος
2387 3596 2480 3646 καὶ
2511 3594 2762 3664 μαθητὴς
2808 3595 3018 3664 Πέτρου
3084 3597 3178 3648 τοῦ
3222 3596 3462 3665 μεγάλου
3533 3601 3758 3664 γνήσιος

2185 3683 2358 3746 οὕτως
2391 3684 2494 3754 ἔφη
2527 3687 2605 3716 ³³·
2655 3706 2672 3736 ι
2717 3685 2894 3755 Λιμοῦ
2949 3686 3006 3737 δὲ
3089 3687 3384 3755 γενομένου
3443 3685 3762 3739 καταλιπὼν

2199 3777 2414 3846 Ἀὁράμ
2439 3780 2536 3847 τὴν
2573 3778 2889 3830 Χαναναίαν
2911 3778 3034 3846 γῆν,
3073 3781 3149 3841 εἰς
3180 3779 3455 3843 Αἴγυπτον
3479 3779 3664 3849 ἀπῄει,
3699 3771 3762 3830 οὗ

2186 3870 2285 3938 τὴν
2324 3873 2558 3936 γυναῖκα
2592 3871 2810 3942 Σάρραν
2867 3871 3454 3950 Ἀϐιμέ).εχ.άρπάσας
3511 3874 3537 3920 ὁ
3597 3873 3758 3938 βασι-

2187 3959 2333 4026 λεὺς,
2364 3961 2564 4014 αὐτίκα
2587 3964 2778 4015 τοῦτον
2805 3965 2832 4014 ὁ
2863 3962 3016 4025 Θεὸς,
3054 3963 3251 4022 ὲτάσας
3291 3959 3386 4012 καὶ
3414 3960 3535 4013 λίαν
3580 3962 3760 4013 ἐκδει-

2189 4052 2469 4122 ματώσας,
2506 4054 2622 4121 ἅμα
2675 4054 2772 4106 καὶ
2834 4054 3069 4122 πάρεσιν
3129 4050 3236 4102 τῶν
3293 4051 3472 4119 μελῶν
3512 4051 3760 4116 ἐπάξας·

2194 4161 2212 4194 t
2259 4143 2482 4206 ’Δπόδος
2507 4146 2571 4209 ’⁸,
2606 4145 2735 4213 ἔφη,
2791 4144 2888 4212 τὴν
2918 4147 3154 4209 γυναῖκα
3212 4142 3290 4211 τῷ
3335 4141 3627 4211 ἀνθρώπῳ,
3675 4143 3762 4193 ὅτι

2187 4235 2472 4306 προρήτης
2504 4237 2639 4298 ἐστὶ,
2681 4236 2774 4287 καὶ
2811 4234 3172 4304 προσεύξεται
3226 4234 3355 4301 περὶ
3406 4231 3501 4284 σοῦ
3536 4233 3630 4284 καὶ
3659 4231 3764 4300 ζὴ·

2189 4345 2303 4390 σεις
2328 4343 2342 4358 ο
2375 4330 2422 4379 εί
2453 4327 2509 4380 δὲ
2537 4329 2609 4396 μὴ
2637 4327 2870 4396 ἀποδῷς,
2897 4328 3064 4394 γνῶθι
3094 4327 3174 4377 ὅτι
3207 4324 3452 4392 ἀποθανῇ
3482 4325 3545 4374 σὺ
3576 4323 3668 4374 καὶ
3693 4322 3764 4374 τὰ

515 4441 636 4489 qua:
689 4424 758 4476 ab
795 4425 882 4477 illo
908 4424 1246 4486 dicebantur,
1275 4433 1327 4475 et
1357 4422 1612 4493 magister
1648 4422 1862 4491 pietatis
1903 4432 1958 4476 et
1990 4426 2085 4477 do-

2191 4423 2260 4476 σὰ
2312 4424 2510 4476 πάντα.
2562 4439 2580 4471 ι
2619 4421 2729 4472 Καὶ
2767 4419 2940 4480 οὕτως
2995 4413 3284 4470 ἀπολαῦὼν
3335 4417 3362 4466 ὁ
3397 4413 3620 4482 Ἀϐραμ
3662 4414 3765 4483 τὴν

515 4511 701 4562 ctrina:
733 4510 903 4562 iactus
929 4522 1012 4564 est
1043 4512 1286 4579 (Abram)
1309 4511 1595 4583 .‘Egyptiis.
1624 4531 1643 4563 ι
1679 4513 1892 4568 Primus
1916 4515 2083 4579 enim,

519 4611 576 4652 ut
596 4601 666 4651 ait
689 4597 980 4667 Ιυειιιιιιιιε,
1005 4603 1202 4654 Abram
1227 4613 1526 4657 creatorem
1553 4605 1719 4658 Deum
1752 4606 2082 4673 praedicavit,

517 4701 569 4745 ct
603 4692 809 4760 primus
828 4708 948 4744 cum
985 4695 1035 4743 in
1062 4691 1352 4761 Aigyptum
1385 4695 1774 4760 descendisset,
1825 4698 2085 4748 arithme-

520 4785 679 4835 ticam
700 4791 752 4836 et
782 4782 1171 4834 astronomiam
1194 4781 1400 4844 docuit,
1429 4781 1786 4849 atnabilisque
1815 4783 1887 4834 ita
1910 4792 1963 4835 et
1982 4783 2084 4835 ho-

517 4888 738 4932 noratus
760 4876 932 4932 factus
961 4886 1064 4940 est,
1083 4885 1136 4928 et
1157 4876 1408 4944 dignatus
1435 4883 1516 4928 est
1541 4888 1632 4927 rex
1663 4875 1728 4927 ab
1753 4874 1842 4927 illo
1872 4873 2083 4928 discere

515 4969 862 5039 astrologiam
881 4979 934 5024 et
968 4969 1198 5037 magiam
1221 5007 1236 5031 ,
1282 4974 1463 5034 utpote
1489 4965 1602 5016 viro
1631 4964 2000 5018 eruditissimo
2030 4976 2084 5019 et

514 5060 802 5126 Chaldaeo;
859 5059 1151 5129 astrologia
1207 5055 1436 5112 enimet
1489 5056 1666 5124 magia
1723 5070 1749 5107 a
1796 5053 2080 5123 Magusazis

2189 4517 2405 4588 Σάρραν
2431 4513 2694 4584 ἀμίαντον
2722 4513 2813 4564 καὶ
2843 4510 3300 4580 προσευξάμενος,
3337 4509 3459 4576 ἰάθη
3489 4507 3586 4575 τῆς
3622 4524 3768 4578 παρ-

2199 4609 2368 4669 έσεως
2398 4608 2426 4659 ὅ
2464 4623 2524 4658 τε
2570 4604 2860 4674 ’Λσιμέλεχ
2915 4604 3010 4656 καὶ
3048 4601 3252 4663 πάντες
3294 4600 3346 4651 οε
3407 4601 3465 4650 ὲν
3500 4597 3577 4666 τῷ
3627 4601 3767 4666 οῐκῳ

2188 4695 2354 4746 αὐτοῦ
2389 4698 2452 4746 ὲκ
2481 4695 2579 4763 τῆς
2601 4694 2866 4763 θεηλάτου
2895 4691 3137 4762 πληγῆς.
3170 4708 3188 4740 ι
3229 4690 3306 4760 (7)
3346 4689 3512 4740 Ὅθεν
3542 4686 3604 4754 δὴ
3646 4687 3766 4738 λοι-

2191 4786 2290 4837 πὺν
2317 4785 2394 4848 ὡς
2428 4785 2639 4837 δίκαιον
2669 4784 2861 4838 ἔκτοτε
2906 4785 3001 4837 καὶ
3039 4782 3133 4834 τοῦ
3183 4780 3320 4834 Θεοῦ
3351 4778 3538 4831 δοῦλον
3582 4778 3767 4845 τιμῶν

2189 4876 2351 4929 αὑτὸν
2380 4878 2408 4928 ὀ
2429 4875 2681 4944 βασιλεὺς
2715 4876 2811 4929 καὶ
2842 4874 3125 4944 προσέχων
3154 4875 3264 4934 τοῖς
3292 4870 3382 4922 ὑπ’
3411 4867 3578 4922 αὐτοῦ
3608 4867 3769 4934 λεγο-

2195 4965 2399 5032 μένοις,
2432 4964 2754 5028 διδάσκαλος
2785 4964 3068 5026 εὐσεϐείας
3131 4963 3222 5015 καὶ
3267 4959 3631 5028 πολυπειρίας
3668 4960 3767 5009 Αί-

2191 5060 2441 5125 γυπτίοις
2475 5057 2710 5126 ἐγένετο.
2758 5077 2776 5109 ι
2817 5057 3044 5127 Πρῶτος
3079 5053 3207 5125 γὰρ,
3255 5053 3329 5116 ὥς
3386 5069 3519 5122 φησι
3566 5049 3763 5104 Ἰώση-

1719 5301 1916 5363 Varitze
1947 5299 2250 5363 lectiones
2295 5306 2355 5362 et
2400 5305 2588 5360 notae.

549 5469 555 5478 ⁷
586 5480 722 5540 ’⁸,δέ
749 5478 872 5534 Par.
896 5481 950 5537 2.
1031 5480 1073 5512 ¹⁹
1108 5497 1168 5532 π.
1209 5496 1258 5534 τ.
1289 5477 1338 5530 ά.
1368 5475 1488 5531 Par.
1513 5478 1567 5532 2.
1615 5453 1617 5457 ι
1645 5478 1690 5510 ¹⁰
1720 5475 1992 5545 διαφόρως
2023 5474 2300 5541 κτίσματα
2334 5469 2846 5545 λαμπρρύνταςκαὶ
2888 5466 3167 5545 δια-φᾴὸον
3208 5464 3258 5518 θ.
3296 5461 3526 5545 Par.
3582 5459 3762 5545 "lot‘p,

515 5551 603 5601 καὶ
635 5547 992 5616 λατρεύοντας
1023 5550 1146 5606 Par.
1220 5550 1264 5579 ²¹
1302 5547 1436 5601 Gen.
1467 5565 1560 5608 XII.
1600 5547 1647 5602 1.

519 5620 816 5672 Abrahatun
848 5622 1040 5690 agitur.

1727 5547 1772 5577 "
1809 5528 2080 5607 Cletuens,
2118 5528 2294 5612 recog.
2353 5528 2590 5612 l.'55;§i_
2625 5528 2813 5612 devius
2861 5528 3205 5612 ttilti|_"lta_bet
3257 5550 3356 5612 nec
3403 5531 3534 5612 alibi
3557 5528 3646 5584 ubi
3679 5531 3765 5583 ide

1120 5622 1162 5652 ”
1195 5619 1328 5673 Gen.
1364 5635 1458 5683 xu,
1505 5604 1608 5683 ii);
1651 5634 1734 5680 sx,
1763 5617 1816 5681 Ξ,
1860 5617 1986 5671 Ccd.
2043 5604 2085 5670 55

2191 5604 2617 5679 l,'55,|9-56,8,
2663 5609 2816 5679 Glyc.
2856 5607 3158 5674 256,19-22
3209 5623 3238 5661 e
3267 5604 3521 5671 Joscpho.
