4094 6212
323 326 399 391 141
1510 329 1882 391 (:IIRONICC

2017 353 2077 361 -ο-
2118 327 2265 388 LlB.
2309 328 2359 386 Ι.

3460 338 3561 399 142

324 459 406 503 πος
430 440 493 504 ³⁸,
536 438 763 509 Ἀδραμ
818 439 1162 509 δημιουργὸν
1198 440 1291 493 τὸν
1327 439 1460 494 Θεὸν
1512 440 1875 511 ἀνεκήρυξεν,

1989 437 2097 492 sive
2117 437 2299 491 Persis
2327 436 2550 503 incepit.
2576 436 2752 491 Persae
2780 438 2967 509 Magog
2993 442 3061 495 ab
3087 443 3359 513 indigenis
3388 450 3568 501 nomi-

329 538 401 588 (αὶ
440 532 657 602 πρῶτος
704 531 995 584 κατελθὼν
1044 534 1124 596 είς
1170 533 1448 600 Αἴγυπτον
1501 532 1878 603 ἀριθμητικὴν

321 628 398 680 καὶ
435 625 801 696 ἀστρονομίαν
858 625 1062 687 αὐτοὺς
1103 625 1314 690 ἐδίδαξε
1340 665 1356 689 ,
1436 625 1732 679 κάντεῦθεν
1784 626 1881 678 £1:-

320 722 523 788 ἐραστος
542 720 637 771 καὶ
660 719 1055 788 παγγέραστος
1069 718 1387 787 γενόμενος,
1407 716 1644 786 ἠξίωσεν
1665 718 1693 769 δ
1720 716 1876 786 βασι-

317 812 421 873 λεὺς
452 812 542 864 ὑπ’
576 809 747 863 αὑτοῦ
796 810 1189 879 γυμνασθῆναι
1234 813 1303 863 τὰ
1352 813 1481 879 περὶ
1518 810 1878 880 ἀστρολογίας

317 903 392 956 καὶ
412 904 642 971 μαγείας
665 902 762 956 {ita
788 903 1106 973 πολυπείρῳ
1129 906 1223 956 καὶ
1249 904 1505 973 Χαλδαίῳ
1527 906 1877 972 τυγχάνοντισ

315 994 624 1063 ἀστρολογία
651 994 762 1063 γὰρ
802 996 898 1046 καὶ
953 995 1158 1063 μαγεία
1196 998 1309 1049 ἀπὸ
1357 995 1726 1063 Μαγουσαίων
1758 995 1878 1065 ἦτοι

319 1086 521 1155 Περσῶν
551 1086 758 1156 ἤρξατο
781 1104 795 1117 ·
835 1086 886 1138 οἱ
912 1085 1023 1157 γάρ
1045 1104 1129 1138 τοι
1158 1087 1373 1156 Πέρσαι
1396 1085 1610 1155 Μαγὼγ
1644 1087 1748 1139 ὑπὸ
1768 1086 1877 1138 τῶν

316 1178 578 1248 ἐγχωρίων
611 1178 982 1248 ὠνομάζοντο.
1018 1180 1127 1249 67
1184 1180 1295 1233 Καὶ
1354 1181 1420 1250 δὴ
1460 1182 1568 1232 τῶν
1620 1178 1880 1250 ἀστρολό-

315 1287 415 1337 γων
444 1272 537 1324 καὶ
586 1272 780 1339 μάγων
838 1271 1368 1341 συναθροισθέντων,
1401 1272 1429 1323 ὁ
1470 1272 1723 1341 βασιλεὺς
1762 1272 1878 1341 ἅμα

312 1356 379 1424 τῷ
412 1357 631 1425 Ἀδραμ
669 1357 763 1410 καὶ
804 1362 916 1421 τοῖς
952 1360 1210 1427 συνήθεσι
1242 1360 1536 1429 ὲκαθέσθη.
1597 1361 1711 1414 Καὶ
1739 1363 1877 1431 ἡσυ-

313 1447 418 1517 χίας
446 1449 773 1517 γενομένης,
806 1452 834 1502 ὁ
872 1450 1098 1520 Ἀδραμ
1128 1450 1232 1520 ἔφη
1259 1468 1275 1482 ·
1315 1470 1334 1502 ι
1374 1453 1584 1505 Μαθεῖν
1616 1451 1881 1523 βούλομαι

313 1539 428 1609 παρ’
464 1541 619 1609 ὑμῶν
658 1541 770 1594 τῶν
803 1542 1007 1610 σοφῶν,
1041 1545 1091 1595 εἰ
1118 1543 1349 1597 δύναται
1391 1544 1612 1612 γένεσις
1647 1548 1740 1599 καὶ
1776 1562 1881 1613 μα·

310 1632 419 1698 γεία
452 1632 653 1702 βλάψαι
685 1633 869 1703 τινάἢ
930 1636 1211 1705 ὠφελῆσαι
1265 1637 1408 1690 κατὰ
1469 1637 1568 1705 τὴν
1603 1637 1878 1706 ὑμετέραν

307 1723 449 1787 δόξαν
475 1740 489 1754 ·
533 1743 553 1775 ι
591 1725 686 1791 ἀφ’
715 1719 791 1777 ὧν
842 1727 1167 1798 ἀποκριθεὶς
1219 1728 1517 1795 Αἰγύπτιος
1549 1729 1877 1799 ἀστρολόγος

310 1818 393 1868 καὶ
436 1817 609 1886 μάγος
646 1813 806 1870 εἶπεν
828 1835 842 1851 ο
893 1836 911 1869 ι
947 1820 1218 1887 Μεγάλων
1250 1822 1383 1890 ἡμῖν
1416 1822 1513 1875 καὶ
1559 1822 1880 1889 ἀναγκαίων
1917 1804 1955 1857 Β

310 1908 638 1978 ζητημάτων
697 1909 879 1978 ἀγαθὴ
936 1911 1237 1981 πρόφασις,
1271 1907 1316 1964 ὦ
1349 1912 1663 1977 διδάσκαλε,
1713 1916 1875 1985 γίνῃ·

306 2000 398 2053 καὶ
434 2000 583 2062 ἄξιόν
615 2002 729 2053 ἐστι
794 2002 960 2072 μηδὲν
1001 2002 1427 2073 ἀποκρύψασθαί
1456 2022 1515 2057 σε
1578 2005 1690 2057 τῶν
1744 2003 1879 2075 παρ’

303 2094 438 2162 ἡμῖν
475 2094 820 2165 ἀπορρήτων,
849 2095 1060 2158 πάντας
1102 2094 1290 2162 οίομεν
1342 2095 1633 2166 ἀθρὼπους
1665 2099 1878 2165 γενέσει

304 2186 402 2238 καὶ
424 2187 730 2258 εἱμαρμένῃ
772 2186 1048 2240 δουλεύειν
1069 2200 1083 2217 ⁸
1139 2188 1403 2243 ἀδύνατον
1455 2191 1565 2259 γάρ
1598 2192 1747 2243 ἐστιν
1780 2190 1878 2244 ἆν-

302 2278 526 2347 θρωπον
550 2279 887 2349 φονευθῆναι
919 2279 951 2350 ἢ
987 2280 1318 2349 τελευτῆσαι
1372 2284 1529 2351 παρά
1574 2283 1813 2349 γένεσιν.
1856 2302 1874 2333 ι

305 2368 438 2421 Ὀδὲ
469 2370 692 2440 Ἀϐραμ
718 2372 821 2441 ἔφη
848 2387 862 2401 ⁸
893 2388 912 2421 ι
965 2372 1283 2443 Ἦπατήθης
1310 2372 1480 2436 ὅντως
1500 2374 1675 2426 εἰπεῖν
1695 2374 1878 2437 τοῦτο,

294 2460 372 2531 μὴ
398 2460 558 2524 εἰδὼς
589 2464 673 2514 ὅτι
707 2463 801 2515 ἐπὶ
828 2463 1021 2533 κριτοῦ
1049 2463 1317 2533 βασιλέως
1349 2465 1507 2534 ἔφης,
1562 2466 1620 2528 ὃς
1650 2464 1838 2537 ἀνθρώ
1858 2497 1878 2506 -

291 2571 413 2606 πων
451 2553 554 2623 τὴν
585 2554 837 2618 ἐξουσίαν
865 2554 997 2626 ἔχει.
1040 2574 1059 2607 ι
1100 2557 1254 2610 Καὶὸ
1277 2557 1529 2627 βασιλεὺς
1562 2560 1879 2629 ἀγανακτή-

292 2660 395 2706 σας
427 2645 535 2713 ἑφη
561 2645 701 2713 πρὸς
735 2644 827 2697 τὸν
870 2646 1201 2716 ἀστρολόγον
1227 2660 1242 2674 ο
1284 2648 1397 2700 Νῦν
1418 2644 1535 2712 οὖν,
1566 2647 1660 2701 ἐὰν
1712 2665 1881 2717 μετα-

289 2736 612 2805 πέμψωμεν
640 2737 752 2789 τῶν
774 2738 1035 2808 ὑπηκόων
1062 2738 1369 2808 ἀνθρώπων
1396 2740 1513 2805 ἕνα,
1544 2743 1639 2793 καὶ
1671 2740 1880 2809 σκεψά⁴

290 2845 458 2897 μενος
490 2830 579 2897 ἐφ’
618 2831 778 2898 ἡμῶν
811 2830 995 2901 εἴπῃς,
1030 2830 1182 2899 ζωῆς
1239 2832 1407 2884 αὐτὸν
1444 2834 1639 2902 χρόνον
1668 2833 1818 2903 ἔχειν
1848 2835 1881 2905 ἢ

290 2920 369 2991 μὴ
412 2922 588 2991 ἔχειν,
622 2922 737 2989 ἐγὼ
775 2923 1094 2976 τούναντίον
1129 2924 1269 2993 πρὸς
1291 2923 1482 2978 τοῦτον
1530 2927 1744 2996 ποιήσω
1785 2944 1882 2995 γε·

283 3013 512 3078 νέσθαι,
548 3015 608 3066 οὐ
633 3015 827 3083 σαφῶς
854 3014 1142 3085 ὲλήλεγξαι
1168 3015 1411 3086 ψεύστης
1430 3018 1700 3089 ὑπάρχειν
1728 3037 1742 3084 ;
1774 3021 1883 3071 Καὶ

285 3108 402 3175 γὰρ
426 3108 527 3159 ἐὰν
562 3108 727 3179 εἴπῃς
757 3108 924 3161 αὑτὸν
976 3108 1057 3159 ἔτι
1092 3110 1288 3178 χρόνον
1320 3109 1467 3179 ἔχειν
1513 3110 1681 3180 ζωῆς,
1718 3111 1883 3175 εὐθὺς

284 3200 545 3253 κελεύσω
574 3201 743 3254 αὑτὸν
771 3200 1136 3271 ἀναιρεθῆναι
1159 3218 1174 3233 ’
1212 3203 1260 3254 εί
1315 3201 1372 3255 δὲ
1425 3204 1501 3273 μὴ
1549 3204 1695 3273 ἔχειν
1719 3205 1883 3259 αὐτὸν

284 3290 528 3358 χρόνους
563 3291 933 3360 λειπομένους
969 3288 1080 3361 (9δ)
1108 3291 1273 3363 λέξῃς
1306 3292 1453 3361 πλὴν
1478 3294 1578 3361 τὴν
1607 3296 1881 3348 συνεστῶ-

284 3394 396 3432 σαν
422 3379 601 3449 ὥραν,
628 3380 797 3433 αὑτὸν
830 3380 933 3448 μὲν
959 3382 1057 3450 τῆς
1082 3383 1390 3453 καταδίκης
1414 3384 1694 3451 ἀπολύσω,
1730 3387 1788 3439 σὲ
1827 3386 1882 3439 δὲ

285 3472 557 3541 παρευθὺ
598 3473 669 3534 ὡς
695 3472 1026 3541 ψευδολόγον
1092 3473 1185 3526 τοῦ
1247 3473 1346 3545 ζῇν
1410 3476 1761 3546 προεκκόψω,
1794 3480 1883 3531 ἵνα

277 3563 495 3616 λοιπὸν
523 3563 552 3615 δ
570 3563 801 3628 θάνατός
832 3582 926 3618 σου
954 3566 1121 3637 πείσῃ
1149 3567 1357 3629 πάντας
1380 3569 1582 3621 αὐτίκα
1609 3568 1884 3638 μηδεμίαν

277 3656 565 3727 ἀληθείας
595 3657 837 3726 ἔμφασιν
867 3657 1017 3728 ἔχειν
1054 3660 1124 3710 τὰ
1170 3660 1303 3728 περὶ
1361 3661 1459 3729 τῆς
1516 3662 1883 3731 ἀστρολογίας

278 3763 381 3798 σου
416 3747 902 3817 μυθολογούμενα.
949 3767 967 3799 ι
1028 3748 1215 3802 Ταῦτα
1244 3749 1301 3802 δὲ
1348 3751 1445 3803 τοῦ
1505 3751 1772 3821 βασιλέως
1804 3756 1882 3807 εἰ-

280 3840 513 3903 πόντος,
573 3842 603 3891 ὀ
674 3840 979 3907 Αἰγύπτιος
1039 3841 1306 3910 ἔντρομος
1368 3844 1662 3913 γενόμενος
1718 3844 1881 3899 ἔπεσε

279 3931 535 4001 πρηνὴς,
601 3930 859 3998 δεόμενος
896 3932 1082 3995 ἐλέους
1137 3938 1340 4004 τυχεῖν,
1379 3936 1541 3999 αὐτός
1594 3954 1655 3989 τε
1696 3938 1790 3990 καὶ
1833 3940 1881 3991 οἱ

275 4023 602 4093 δμὲφρονες
637 4023 829 4076 αὐτοῦ.
874 4025 983 4076 Καὶ
1014 4027 1041 4076 ὁ
1067 4023 1328 4093 βασιλεὺς
1364 4025 1443 4094 τῷ
1477 4025 1704 4097 Ἀϐραμ
1727 4045 1887 4097 χαρι-

278 4112 526 4180 ζόμενος
563 4112 639 4175 ὡς
677 4112 992 4183 διδασκάλῳ
1021 4116 1115 4167 καὶ
1132 4115 1231 4182 τὴν
1256 4114 1466 4185 πλάνην
1498 4117 1745 4187 ἐναργῶς
1778 4135 1883 4187 φα-

278 4206 602 4274 νερώσαντι
634 4205 702 4258 δι’
733 4208 983 4266 ἐπινοίας
1013 4210 1109 4260 xal.
1164 4208 1305 4278 ὑπὲρ
1343 4208 1457 4260 τῶν
1510 4210 1884 4277 ματαιολόγων

282 4298 749 4352 συνικετεύσαντι
791 4301 1176 4370 συνεχώρησεν
1221 4303 1419 4365 αὐτοὺς
1469 4303 1536 4366 ’⁸,
1569 4305 1661 4355 ἐπὶ
1706 4303 1885 4357 πλεῖον

282 4388 654 4460 κωμῳδήσας
690 4389 792 4461 τὴν
823 4390 1024 4458 ἄλογον
1070 4392 1252 4445 αὐτῶν
1292 4393 1452 4459 δόξαν
1476 4392 1556 4457 ὼς
1592 4395 1887 4464 ἀνίσχυρον

1986 528 2277 582 nabantur.
2312 525 2448 580 Tum
2470 528 2759 597 astrologis
2787 540 2842 584 et
2876 535 3050 601 magis
3073 540 3437 606 congregatis,
3473 556 3567 595 rex

1983 632 2108 675 cum
2142 622 2343 675 Abram
2374 631 2423 675 et
2459 621 2822 677 familiaribus
2849 626 3010 688 sedit,
3031 637 3105 690 et,
3144 628 3287 682 facto
3317 630 3565 696 silentio,

1986 715 2123 768 dixit
2179 717 2415 767 Abram:
2460 731 2476 766 t
2510 715 2553 766 A
2590 715 2744 769 vobis
2772 717 3111 785 sapientibus
3154 719 3366 777 discere
3407 728 3570 795 cupio

1983 822 2051 861 an
2076 808 2335 860 nativitas
2375 816 2429 860 et
2462 808 2638 876 magia
2698 823 2897 862 nocere
2934 811 3013 863 vel
3070 814 3330 880 prodesse
3362 821 3571 884 possint

1983 898 2146 950 alicui
2210 897 2366 965 juxta
2426 908 2665 952 vestram
2711 900 3050 968 opinionem.
3131 922 3149 953 ι
3210 904 3571 974 Ιὶοδνοιιιῖυιιιι

1983 987 2296 1058 .‘Egyptius,
2339 991 2646 1060 astrologus
2679 1001 2733 1046 et
2783 1009 2993 1063 magus,
3053 996 3226 1051 dixit:
3266 1017 3285 1047 ι
3346 998 3567 1068 Magna-

1984 1096 2101 1135 rum
2141 1082 2298 1135 nobis
2340 1091 2392 1136 et
2427 1085 2863 1138 neCessat-iarum
2911 1090 3278 1155 qua-stimium
3310 1091 3463 1145 bona:
3507 1093 3571 1145 ﬁs

1983 1174 2222 1237 occasio,
2243 1190 2274 1226 ο
2293 1174 2572 1244 magister,
2599 1186 2651 1229 et
2679 1176 2886 1245 justum
2914 1188 2998 1233 est
3034 1195 3133 1233 nos
3156 1182 3289 1234 nihil
3316 1192 3367 1235 te
3398 1184 3574 1237 Celare

1982 1277 2046 1315 ex
2075 1263 2293 1317 arcanis
2331 1265 2573 1318 nostris:
2622 1277 2878 1334 putamus
2912 1270 3161 1324 homines
3207 1286 3399 1325 omnes
3431 1274 3573 1325 nati-

1990 1353 2139 1406 vitati
2177 1365 2227 1407 et
2255 1355 2366 1408 fato
2406 1356 2644 1424 servire;
2710 1360 3048 1428 impossibile
3085 1372 3168 1417 est
3197 1364 3341 1417 enim
3394 1365 3573 1420 homi-

1988 1461 2108 1498 nem
2138 1447 2312 1500 occidi
2351 1448 2428 1501 t'el
2472 1450 2608 1502 mori
2658 1461 2853 1518 prmter
2906 1455 3271 1508 natiiitatem.
3317 1474 3335 1507 ι
3372 1458 3572 1511 Abram

1986 1536 2163 1590 dixit:
2223 1556 2240 1588 ι
2271 1539 2474 1593 Errasti
2524 1555 2648 1594 vere
2696 1544 2884 1599 dicens
2933 1546 3062 1610 hoc,
3118 1549 3370 1603 nesciens
3428 1553 3570 1617 quod

1986 1642 2167 1680 coram
2214 1645 2338 1698 rege
2360 1630 2544 1698 judice
2583 1636 2798 1687 locutus
2828 1651 2907 1698 es,
2983 1639 3107 1690 vitae
3167 1638 3449 1691 hominum
3473 1640 3573 1692 do-

1987 1720 2159 1773 mino.
2198 1719 2309 1773 Rex
2351 1724 2662 1792 indignatus
2706 1726 3183 1797 dixitastrologo:
3223 1749 3240 1779 ι
3276 1730 3427 1784 “Nunc
3446 1746 3573 1786 vero

1989 1814 2032 1866 si
2070 1814 2456 1867 accersiverim
2486 1830 2652 1869 unum
2686 1834 2751 1871 ex
2787 1821 3042 1885 subditis,
3076 1832 3128 1874 et
3164 1831 3220 1875 tu
3263 1824 3571 1878 deliberans

1990 1906 2195 1960 dixeris
2251 1906 2402 1959 illum
2436 1908 2559 1962 vitze
2590 1919 2807 1978 tempus
2842 1912 3038 1965 habere
3092 1914 3172 1966 vel
3201 1929 3308 1967 non
3346 1916 3566 1980 habere,

1991 2012 2086 2065 per
2136 2013 2221 2050 me
2252 2013 2377 2051 vero
2420 1999 2495 2052 illi
2530 2004 2867 2055 contrarium
2903 2007 3167 2070 evenerit,
3226 2022 3407 2059 nonne.
3457 2010 3571 2061 evi-

1990 2090 2183 2142 denter
2209 2090 2473 2159 impostor
2508 2094 2847 2150 invenieris?
2872 2095 3083 2150 Etenim
3108 2100 3151 2153 si
3186 2099 3391 2152 dixeris
3419 2101 3570 2155 illum

1990 2179 2166 2232 adhuc
2196 2190 2409 2249 tempus
2437 2183 2560 2236 vitae
2588 2185 2811 2249 habere,
2837 2187 3019 2240 statim
3044 2189 3248 2256 jubebo
3282 2192 3454 2259 ipsum
3481 2209 3572 2247 oc-

1989 2270 2091 2323 cidi
2122 2287 2136 2334 ;
2170 2272 2214 2325 si
2251 2286 2380 2326 vero
2417 2274 2589 2342 ipsum
2613 2276 2723 2343 jam
2748 2293 2852 2330 non
2879 2278 3079 2333 habere
3096 2281 3305 2351 reliqua
3330 2291 3573 2353 tempora

1989 2359 2193 2414 dixeris
2236 2373 2432 2430 pra-ter
2482 2378 2806 2433 praesentem
2840 2367 3029 2423 horam
3055 2410 3069 2432 ,
3130 2374 3305 2442 ipsum
3346 2376 3570 2443 quidem

1990 2469 2150 2522 pinna
2202 2455 2487 2509 liberatum
2544 2458 2837 2523 dimittam,
2876 2470 2926 2513 te
2984 2478 3110 2516 vero
3170 2466 3466 2520 confestim
3516 2478 3575 2523 ut

1992 2544 2304 2599 mendacem
2338 2558 2511 2601 morte
2538 2552 2780 2604 multabo
2802 2562 2859 2605 ιιι
2886 2553 3143 2623 deinceps
3168 2573 3315 2610 mors
3343 2567 3429 2611 tua
3456 2575 3575 2614 om-

1992 2637 2150 2692 nibus
2178 2639 2505 2707 persuadeat
2525 2652 2769 2696 artutum
2811 2646 3011 2698 nullam
3035 2646 3191 2701 fiderit
3213 2649 3343 2703 dare
3359 2651 3425 2703 iis
3448 2668 3573 2719 qua:

1992 2730 2057 2784 de
2086 2731 2383 2799 astrolOgia
2407 2734 2649 2802 nugaris.
2684 2752 2703 2785 ι
2737 2734 2867 2800 Quae
2903 2751 3029 2791 cum
3066 2755 3158 2793 rex
3192 2742 3439 2809 dixisset,
3471 2755 3576 2799 tre-

1992 2837 2150 2877 mens
2178 2823 2466 2893 Aigyptius
2490 2842 2697 2894 pronus
2726 2828 2946 2896 cecidit,
2990 2831 3424 2889 misericordiam
3479 2854 3571 2891 ro-

1993 2928 2148 2983 gans,
2182 2915 2299 2983 ipse
2331 2923 2383 2969 et
2404 2918 2539 2970 socii
2595 2919 2735 2988 ejus.
2791 2923 2905 2977 ilex
2950 2938 3141 2993 gratus
3195 2942 3314 2979 esse
3349 2933 3575 2997 cupiens

1992 3004 2193 3059 Abram
2227 3015 2285 3060 ut
2315 3007 2597 3075 magistro,
2633 3019 2687 3062 et
2708 3013 2835 3078 quia
2867 3027 3106 3067 errorem
3132 3031 3311 3084 aperte
3340 3020 3573 3072 demon-

1994 3106 2263 3152 straverat
2301 3100 2611 3167 prudentia,
2640 3113 2692 3155 et
2730 3118 2828 3171 pro
2859 3104 3169 3175 vaniloquis
3217 3109 3381 3161 simul
3415 3125 3571 3177 ruga-

1990 3198 2164 3254 verat,
2204 3191 2535 3245 condonavit
2560 3192 2664 3246 illis
2700 3195 3049 3250 vehementer
3070 3198 3473 3266 reprehendens
3496 3200 3575 3254 it:-

1988 3293 2179 3335 sanam
2211 3294 2400 3334 eorum
2434 3282 2743 3349 opinionem
2777 3290 3034 3352 tanquam
3065 3301 3258 3340 vanam
3310 3299 3362 3341 et
3398 3304 3573 3359 pupu-

1988 3370 2042 3428 lo
2060 3371 2336 3427 infestam.
2360 3372 2533 3429 Porro
2552 3375 2741 3444 jussit.
2771 3386 3033 3445 tanquam
3054 3378 3253 3432 Abram
3278 3380 3573 3449 instigante

1988 3464 2188 3518 adduci
2218 3466 2511 3532 quemdam
2550 3467 2619 3519 ad
2656 3468 2835 3536 ignem
2879 3470 3221 3535 damnatum,
3257 3483 3311 3525 et
3364 3488 3570 3540 praece-

1988 3559 2067 3629 pit
2099 3568 2160 3613 ut
2190 3559 2243 3612 in
2268 3560 2609 3612 nativitatem
2644 3560 2766 3628 ejus
2797 3570 2848 3616 et
2881 3561 3155 3614 interitum
3181 3564 3570 3632 inquireretur,

1986 3658 2042 3703 et
2090 3658 2374 3719 postquam
2443 3649 2920 3715 deliberaverunt,
2985 3660 3043 3704 ut
3102 3653 3344 3707 dicerent
3399 3670 3571 3724 genus

1988 3741 2201 3794 mortis.
2234 3738 2372 3794 cum
2408 3755 2536 3793 vero
2572 3741 2659 3795 isti
2710 3742 2932 3796 cordate
2983 3742 3468 3809 deliberavissent,
3520 3761 3575 3800 et

1986 3832 2260 3887 dixissent
2293 3833 2445 3886 illum
2480 3834 2605 3904 igne
2656 3835 2957 3903 periturum
2988 3850 3144 3901 esse,
3180 3838 3462 3891 nativitate
3521 3840 3571 3892 id

1987 3936 2174 3994 aperte
2214 3925 2617 4027 inducenteret
2661 3927 2923 3996 iubente,
2971 3928 3067 3983 sed
3109 3930 3289 3983 adhuc
3358 3931 3572 3985 vivendi

1989 4030 2204 4088 tempus
2245 4020 2445 4074 habere
2476 4061 2490 4085 ,
2532 4020 2720 4091 neque
2785 4022 2899 4088 jam
2941 4031 3151 4092 tempus
3208 4023 3403 4077 mortis
3476 4024 3574 4077 διί-

1993 4112 2229 4179 venisse,
2275 4113 2410 4168 dicit
2436 4126 2532 4168 rex
2571 4134 2585 4168 :
2648 4134 2668 4165 ι
2704 4114 2816 4185 Ego
2866 4117 3029 4170 hodie
3062 4118 3225 4169 istum
3258 4116 3502 4169 liberabo
3536 4136 3564 4167 ιι

1988 4207 2358 4270 rrematione,
2388 4206 2587 4275 jubens
2642 4221 2783 4275 aqua
2834 4208 3009 4276 ipsum
3061 4206 3272 4271 occidi,
3329 4218 3387 4259 ut
3416 4207 3570 4259 vobis

1993 4298 2136 4352 facto
2163 4297 2455 4352 manifeste
2480 4298 2849 4353 demonstrem
2904 4299 3107 4366 aliquid
3141 4308 3335 4367 praeter
3378 4299 3542 4350 horas

1992 4404 2187 4459 eoputn
2224 4391 2341 4444 fieri
2362 4406 2522 4459 posse
2562 4409 2579 4441 ι
2609 4408 2624 4453 ;
2660 4400 2715 4444 et
2750 4392 2823 4443 ita
2854 4388 3154 4444 confutavit
3178 4391 3382 4460 optime
3436 4391 3574 4443 vati-

280 4479 384 4529 καὶ
418 4478 757 4532 λαοπλάνον.
812 4483 923 4533 Καὶ
957 4481 1022 4551 δὴ
1074 4481 1341 4544 κελεύσας
1401 4484 1479 4547 ὡς
1514 4484 1573 4549 ἐξ
1608 4483 1882 4553 ὑποϐολῆς

1993 4483 2198 4537 ciuium
2237 4484 2476 4552 ipsorum
2506 4484 2572 4537 de
2613 4484 2737 4537 vita:
2767 4492 3008 4552 tempore
3048 4491 3102 4537 et
3127 4498 3325 4552 genere
3362 4485 3574 4537 inertis.

283 4570 529 4641 Ἀϐραμ
598 4571 836 4641 ἀχθῆναί
884 4591 1010 4626 τινα
1063 4576 1656 4644 προκαταδικασθέντα
1727 4576 1885 4646 πυρί-

278 4678 538 4713 καυστον
564 4663 852 4728 γενέσθαι,
892 4666 1233 4735 προσέταξεν
1259 4669 1352 4719 ἐπὶ
1393 4670 1617 4721 πάντων
1651 4669 1882 4739 εὑρεθῆ-

277 4772 378 4807 ναι
402 4758 508 4827 τὴν
539 4759 805 4827 γέννησιν
836 4759 1004 4812 αὑτοῦ
1023 4762 1117 4813 καὶ
1140 4762 1234 4813 τὸν
1257 4762 1516 4831 θάνατον,
1544 4764 1638 4816 καὶ
1666 4764 1887 4816 διασκε-

274 4851 575 4917 ψαμένους
599 4852 642 4882 ³²
668 4854 848 4903 εἰπεῖν
880 4854 972 4904 τὸν
1002 4855 1205 4920 τρόπον
1235 4853 1330 4906 τοῦ
1374 4855 1630 4906 θανάτου.
1670 4854 1793 4905 Τῶν
1828 4853 1886 4905 δὲ

276 4944 572 5011 ’.συνεχῶς
628 4944 725 4997 ἐπὶ
772 4946 907 4997 πολὺ
951 4944 1413 5015 διασκεψαμὲνων
1454 4947 1549 4998 καὶ
1594 4947 1886 5008 εἰπόντων,

273 5038 373 5085 ὅτι
427 5035 548 5105 88
598 5038 973 5107 πυρποληθεὶς
1025 5038 1408 5103 ἀποθανεῖται,
1465 5042 1562 5109 τῆς
1620 5042 1887 5106 γενέσεως

276 5128 621 5199 ἑπαγούσης
658 5131 752 5182 καὶ
808 5129 1249 5202 διαγορευούσης
1293 5132 1457 5183 τοῦτο
1501 5132 1710 5199 σαςῶς,
1747 5131 1887 5183 ἀλλά

275 5222 389 5271 νῦν
424 5221 513 5273 ἔτι
538 5223 728 5291 χρόνον
762 5222 879 5291 ἔχει
919 5224 1089 5292 ζωῆς,
1127 5224 1396 5277 καὶοῦπω
1420 5223 1678 5293 ἐλήλυθεν
1700 5224 1726 5274 ὁ
1760 5224 1885 5293 χρό-

1993 4573 2128 4626 Cum
2157 4585 2352 4627 omnes
2400 4573 2818 4637 conticuissent,
2865 4576 3065 4627 Abram
3097 4576 3280 4628 dicere
3338 4576 3570 4644 incepit:

2000 4684 2018 4716 ι
2055 4665 2168 4719 Rex
2200 4667 2435 4720 maxime
2463 4675 2515 4720 et
2542 4668 2791 4722 veritatis
2814 4681 3162 4737 summopere
3193 4684 3407 4730 amans,
3432 4684 3574 4736 quo-

1998 4761 2145 4814 niam
2175 4774 2224 4816 te
2258 4762 2414 4814 video
2444 4761 2733 4830 propositae
2755 4762 3045 4831 quaestioni
3071 4761 3223 4816 valde
3244 4764 3575 4822 studentem,

1996 4855 2140 4921 quod
2178 4854 2360 4907 verius
2390 4864 2470 4907 est
2503 4868 2603 4923 ego
2634 4854 2731 4907 tibi
2779 4853 3032 4922 pratbebo
3065 4853 3453 4919 compendiOse
3474 4893 3489 4917 ,
3521 4852 3574 4904 in

1998 4946 2252 4999 omnibus
2282 4962 2402 4998 sera
2438 4947 2666 5013 loquens
2694 4962 2708 5011 ;
2746 4961 2866 5000 sum
2884 4946 3031 5001 enim
3057 4945 3298 4999 veritatis
3318 4959 3442 4997 vere
3463 4960 3553 4996 ser

1996 5051 2119 5089 vus.
2137 5056 2152 5086 ι
2176 5038 2423 5106 Cumque
2448 5052 2539 5090 rex
2559 5037 2838 5099 dixissem
2867 5035 3032 5091 Valde
3049 5036 3181 5089 mibi
3199 5045 3387 5104 gratus
3406 5034 3569 5095 eris,s

1998 5130 2077 5183 sic
2109 5130 2325 5185 locutus
2372 5141 2454 5184 est
2502 5131 2746 5184 Abram:
2790 5130 2953 5184 «Non
3017 5129 3118 5184 soli
3182 5128 3433 5182 homines
3481 5127 3574 5182 sed

1998 5226 2161 5279 etiam
2183 5228 2439 5280 animalia
2464 5227 2674 5281 ratione
2693 5227 2935 5282 carentia
2955 5225 3223 5280 nativitati
3252 5223 3536 5292 subjacent
3560 5239 3573 5288 ;

1474 5450 1671 5509 νηπίω
1721 5450 2032 5509 lectiones
2088 5457 2145 5507 et
2180 5456 2367 5507 nouo.

362 5699 410 5729 "
437 5699 507 5751 Α.
533 5700 581 5753 1.
611 5696 716 5750 νιι.
763 5700 779 5750 l
848 5697 974 5752 \‘lll.

1133 5699 1174 5728 ²⁶
1208 5698 1388 5760 αὐτοῖς
1418 5699 1528 5750 (od.

1631 5700 1672 5729 "
1706 5694 2126 5765 διασκεψάμενοι
2170 5698 2290 5750 cod.
