4050 6220
486 322 519 386 1‘
532 325 589 383 ιο

1686 316 2006 377 GEORGII
2048 315 2491 376 HAMARTOLI

3620 312 3720 374 lii

486 449 725 493 attamen
749 433 997 487 homines
1022 428 1227 499 aliquid
1253 428 1307 482 iu
1357 427 1780 497 soipsis-habent
1808 428 2038 482 liberum

2156 447 2245 491 νος
2268 428 2363 482 τοῦ
2388 427 2647 492 θανάτου,
2676 427 2845 497 φησίν
2890 430 2919 480 6
2951 426 3205 497 βασιλεύς
3231 441 3243 454 ⁶
3282 442 3304 478 t
3365 424 3508 492 Ἐγὼ
3548 426 3722 495 σήμεο

483 527 749 585 nativiiati
775 540 879 578 non
907 523 1199 590 subiacens
1219 536 1283 575 eo
1305 522 1447 590 quod
1478 521 1768 588 nativitate,
1788 519 2053 574 istudan-

485 622 688 686 tiquius
705 616 795 677 sit;
820 613 1026 666 et-illud
1059 623 1142 666 est
1170 611 1223 665 in
1252 610 1566 664 hominibus
1588 610 1757 663 libera
1789 617 2049 677 potestas,

478 725 601 780 qua:
628 724 656 760 a
702 706 807 760 Deo
824 706 979 759 nobis
1009 705 1131 758 data
1170 718 1274 767 est,
1307 719 1414 772 qua
1436 702 1612 756 brutis
1632 702 2042 770 praestantiores

480 803 595 871 ipsa
640 797 1000 853 interficiendi
1034 808 1233 851 natura
1262 795 1531 850 licentiam
1573 795 1856 848 habemus.
1888 793 2052 847 Nobis

478 892 567 962 qui
620 891 789 943 nostri
843 888 983 954 juris
1044 901 1234 939 sumus
1261 894 1313 938 tu
1349 887 1693 955 praestantior
1714 898 1814 948 ~es,
1852 884 1944 952 qui
1996 885 2048 936 in

481 996 580 1035 nos
632 978 903 1031 licentiam
950 976 1139 1030 habes.
1200 974 1667 1040 Quemadmodum
1728 976 1889 1044 igitur
1934 989 2050 1029 tuos

481 1073 657 1127 brutis
681 1111 696 1135 ,
747 1086 869 1125 cum
921 1070 1170 1123 meliores
1204 1069 1400 1131 simus,
1438 1068 1789 1137 imperamus,
1825 1068 1895 1120 ita
1950 1083 2052 1120 no-

483 1166 591 1225 bis,
631 1172 684 1216 tu
730 1177 857 1226 rex,
906 1175 1027 1215 cum
1082 1160 1427 1229 praestantior
1474 1159 1587 1225 sis,
1627 1158 1781 1226 juxta
1836 1158 2047 1227 imperii

482 1257 746 1310 rationem
781 1254 1054 1307 licentiam
1088 1252 1276 1316 habes,
1310 1267 1413 1303 non
1439 1251 1594 1319 quasi
1629 1260 1680 1303 te
1712 1251 2052 1319 prtestantior

479 1349 551 1403 sit
611 1348 808 1410 homo,
865 1346 956 1398 sed
1007 1345 1147 1398 Deus
1181 1342 1464 1396 invisibilis
1497 1343 1739 1394 ninnium
1778 1344 1951 1395 factor
1996 1351 2051 1395 et

481 1440 744 1493 Dominus
778 1453 807 1491 a
857 1452 967 1506 quo
1026 1436 1153 1504 quid
1202 1433 1449 1503 expediat
1488 1445 1668 1503 petere
1722 1446 2042 1490 convenam

480 1534 615 1587 Cum
648 1534 815 1585 multa
853 1531 1047 1585 similia
1070 1528 1298 1582 dixisset
1325 1527 1522 1579 Abram
1548 1528 1842 1595 Spectantia
1872 1537 2043 1582 astro-

481 1623 675 1690 logiam
706 1663 719 1685 ,
755 1637 878 1691 rege
921 1620 1285 1689 approbante,
1335 1616 1628 1669 multos-ex
1663 1616 1930 1688 Egyptiis
1976 1628 2049 1673 at—

478 1714 646 1767 traxit
680 1714 744 1767 ad
788 1713 1100 1780 religionem
1133 1718 1188 1763 et
1219 1708 1410 1761 falsam
1444 1723 1632 1762 eorum
1661 1710 1945 1763 scientiam
1980 1712 2048 1766 de

2156 538 2248 591 ρον
2282 522 2470 574 τοῦτον
2502 519 2797 586 ἀπαλλάξω
2820 519 2913 572 τοῦ
2935 520 3021 571 διὰ
3048 517 3218 586 πυρδς
3249 517 3503 580 Θανάτου,
3530 517 3725 570 κελεύ-

2152 630 2251 676 σας
2285 613 2439 666 ὕδατι
2481 613 2646 667 αὑτὸν
2700 612 3083 683 ἀναιρεθῆναι,
3137 612 3227 665 ἵνα
3268 613 3402 683 ὑμῖν
3430 612 3579 682 ἔργῳ
3614 628 3726 665 πα-

2154 708 2409 775 ραστήσω
2457 707 2758 777 προδήλως,
2813 707 2896 759 ὅτι
2934 706 3163 759 δύναταί
3223 724 3274 759 τι
3314 707 3465 774 ποιρά
3503 707 3725 775 γένεσιν

2152 798 2428 864 γενέσθαι·
2464 816 2482 850 ι
2522 798 2616 850 καὶ
2644 797 2816 859 οὕτως
2842 798 3073 870 ἤλεγξεν
3103 798 3286 851 αὑτῶν
3324 792 3385 850 εὖ
3435 798 3581 867 μάλα
3620 799 3726 868 τὴν

2152 886 2282 956 περί
2309 887 2417 939 τῶν
2454 888 2661 956 χρόνων
2692 889 2820 960 περί
2844 888 2945 958 τῆς
2980 889 3125 957 ζωῆς
3154 889 3464 959 πρόρρησιν
3501 891 3596 942 καὶ
3621 887 3726 957 τῆς

2152 976 2412 1047 τελευτῆς
2459 980 2755 1047 ἀπόφασιν.
2816 980 3245 1049 Ἡσυχασάντων
3283 976 3378 1033 οὖν
3420 982 3661 1045 πάντων,
3695 983 3727 1033 6

2157 1073 2379 1144 Ἀὑραμ
2401 1072 2496 1125 τοῦ
2526 1073 2707 1140 λέγειν
2733 1072 2970 1143 ἤρξατο·
3009 1092 3027 1123 ι
3062 1073 3303 1139 Μέγιστε
3345 1074 3436 1125 καὶ
3487 1072 3724 1142 φιλαληο

2154 1164 2381 1218 θέστατε
2400 1164 2648 1235 βασιλεῦ,
2671 1164 2861 1234 ἐπειδὴ
2889 1164 3001 1234 ὁρῶ
3032 1180 3091 1215 σε
3118 1163 3474 1233 φροντίζοντα
3514 1166 3725 1235 σφόδρα

2151 1258 2249 1326 τῆς
2274 1257 2649 1328 προκειμένης
2678 1255 2988 1327 ζητήσεως,
3023 1256 3084 1309 τὸ
3111 1256 3475 1325 ἀληθέστερον
3501 1258 3609 1324 ἐγώ
3640 1274 3726 1311 σοι

2155 1348 2376 1418 παρέξω
2431 1348 2499 1401 δι’
2560 1348 2857 1417 ἐπιτομῆς,
2895 1346 3181 1417 ἀληθεύων
3214 1349 3273 1399 ὲν
3296 1350 3485 1412 πᾶσιν,
3514 1348 3587 1411 ὡς
3623 1349 3726 1419 τῆς

2157 1440 2418 1511 ἀληθείας
2445 1440 2615 1504 ὅντως
2650 1440 2856 1503 δοῦλος.
2888 1459 2906 1492 ι
2945 1439 3052 1493 Τοῦ
3075 1439 3131 1493 δὲ
3160 1440 3429 1509 βασιλέως
3450 1441 3724 1505 εἰπόντος’

2162 1551 2180 1584 t
2220 1534 2484 1604 Μεγάλην
2518 1551 2607 1603 μοι
2646 1533 2850 1602 ταύτην
2897 1534 3148 1602 ποιήσεις
3206 1534 3389 1604 χάριν,
3432 1552 3450 1584 ι
3502 1535 3671 1603 φησὶν
3698 1535 3728 1586 6

2161 1625 2383 1696 ⁸ἔΑὸραμ
2407 1642 2421 1657 ·
2447 1645 2464 1676 ι
2495 1625 2570 1677 υὺ
2597 1625 2756 1694 μόνον
2783 1625 2833 1676 οἰ
2859 1624 3159 1693 ἄνθρωποι,
3181 1624 3433 1678 ἀλλὰκαὶ
3457 1625 3525 1677 τά
3551 1625 3728 1692 ἄλογα

2157 1718 2271 1783 ζῶα
2299 1718 2509 1781 γενέσει
2542 1718 2855 1769 ὑπόκεινται
2882 1730 2895 1744 ·
2926 1716 2976 1767 οί
3021 1716 3203 1785 μέντοι
3230 1716 3508 1785 ἄνθρωποι
3537 1717 3728 1787 ἔχουσί

480 1804 771 1871 astrologia
822 1812 876 1855 et
911 1802 1084 1871 magia
1134 1800 1443 1853 emendavit
1471 1799 1693 1855 dicens;
1742 1822 1759 1850 ι
1794 1802 2045 1871 Magnum

2158 1827 2211 1861 τι
2243 1810 2300 1861 ἐν
2328 1810 2542 1870 ἑαυτοῖς
2584 1806 2889 1875 ἐλεύθερον,
2935 1808 3151 1873 γενέσει
3199 1807 3274 1875 μὴ
3328 1806 3719 1875 ὑποκείμενον,

481 1895 775 1948 discrimen
821 1903 937 1956 est,
1009 1906 1042 1943 o
1091 1890 1210 1953 viri,
1290 1890 1427 1942 inter
1486 1892 1767 1944 veritatem
1818 1903 1872 1946 et
1910 1910 2043 1948 cou—

475 1987 813 2041 suetudinem
841 2000 856 2047 ;
890 1983 1086 2037 veritas
1118 1982 1285 2045 enim,
1317 1997 1441 2035 eum
1497 1982 1709 2037 sincere
1760 1987 2044 2054 quaeritur,

474 2077 698 2131 omnino
753 2075 1064 2139 invenitur;
1122 2074 1459 2128 consuetudo
1517 2089 1646 2127 vero
1690 2076 1806 2131 sive
1853 2093 2047 2133 secun-

474 2172 602 2222 dum
657 2170 963 2233 veritatem,
1010 2168 1124 2221 sive
1175 2170 1473 2221 secundum
1515 2166 1850 2232 falsitatem,
1909 2171 2047 2225 citra

471 2259 736 2330 judicium
814 2274 907 2327 per
977 2258 1211 2326 seipsam
1271 2258 1664 2319 confirmatur,
1727 2266 1781 2311 et
1828 2258 1919 2325 qui
1986 2261 2050 2313 i|«

476 2354 585 2407 lam
640 2352 880 2422 suscepit
930 2366 996 2405 ne
1065 2351 1287 2405 veritate
1357 2353 1575 2420 quidem
1636 2353 1872 2419 gaudet,
1947 2370 2045 2410 nec

475 2448 615 2504 falso
642 2448 992 2518 indignatur;
1030 2461 1135 2500 non
1168 2447 1314 2501 enim
1352 2445 1586 2515 judicio,
1625 2447 1717 2500 sed
1752 2448 2041 2517 anticipata

480 2542 759 2609 opinione,
787 2541 833 2594 is
857 2554 1117 2594 assensus
1139 2548 1222 2592 est
1242 2538 1523 2591 sententia:
1571 2554 1758 2593 eorum
1794 2541 1884 2609 qui
1915 2551 2040 2594 ante

476 2650 535 2686 se
554 2632 793 2697 fuerunt,
820 2632 1036 2685 incertae
1056 2632 1283 2685 fortuna:
1301 2646 1397 2684 sua
1424 2631 1596 2701 ipsius
1615 2647 1709 2701 spe
1730 2634 2045 2687 conunissa.

476 2721 661 2793 Neque
693 2723 806 2793 jam
840 2720 996 2777 facile
1050 2721 1283 2791 patrium
1329 2720 1599 2791 deponere
1632 2722 2039 2786 vestimentum,

475 2815 602 2870 licet
661 2829 885 2885 prorsus
942 2814 992 2869 ei
1047 2824 1381 2869 monstretur
1436 2814 1725 2869 stultitiam
1775 2816 1881 2870 hoc
1925 2832 2049 2871 esse

476 2906 590 2961 risu
627 2907 867 2976 dignam.
910 2905 1171 2975 hquidem
1205 2906 1322 2959 sine
1353 2920 1500 2958 mora
1539 2905 1676 2960 hanc
1702 2922 2045 2975 paganorum

473 2998 817 3067 disciplinam
865 3007 921 3051 et
972 2998 1334 3066 nugacitatem
1371 2996 1496 3050 mali
1540 2996 1809 3051 dannmuis
1863 2998 2046 3066 perni-

474 3090 841 3145 ciosissimam
876 3088 1276 3159 suggestionem
1316 3103 1435 3143 esse
1464 3088 1621 3151 dico;
1655 3089 1872 3156 quidam
1904 3093 2044 3143 enim

2156 1899 2347 1953 καθότι
2375 1899 2475 1967 τῆς
2504 1900 2769 1965 γενέσεως
2789 1900 2969 1951 ἐκεῖνο
2992 1898 3387 1969 πρεσϐύτερον,
3418 1900 3552 1970 ὅπερ
3576 1901 3728 1954 ἐστὶν

2152 1992 2210 2042 ἐν
2245 1990 2555 2059 ἀνθρώποις
2582 1989 3020 2059 αὑτεξουσιότης,
3072 1990 3197 2059 ἣτις
3227 1991 3291 2042 ἐκ
3324 1991 3460 2043 Θεοῦ
3507 1991 3726 2045 δοθεῖσα

2156 2085 2310 2151 ἡμῖν,
2344 2082 2469 2134 ὅθεν
2523 2083 2633 2133 τῶν
2668 2081 2879 2148 ἀλόγων
2916 2082 3212 2151 κρείττους
3266 2082 3422 2145 ὄντες
3460 2085 3564 2136 καὶ
3598 2085 3723 2137 κατ’

2155 2172 2408 2237 ἐξουσίαν
2478 2174 2725 2240 ἀναιρεῖν
2782 2174 2883 2240 μὲν
2945 2173 3109 2241 ἡμεῖς
3159 2173 3303 2226 αὑτὰ
3366 2172 3723 2242 πεφύκαμεν·

2162 2265 2321 2336 ἡμῶν
2383 2265 2440 2317 δὲ
2480 2265 2578 2332 τὴν
2644 2261 2892 2326 ἐξουσίαν
2920 2262 3108 2315 αὑτῶν
3156 2265 3411 2332 ἐχόντων,
3447 2265 3511 2317 σὺ
3559 2264 3727 2317 πάλιν

2154 2358 2418 2428 κρείττων
2446 2356 2491 2388 ’⁸
2516 2356 2801 2423 ὑπάρχεις,
2834 2354 2992 2423 ἡμῶν
3021 2354 3159 2423 ἔχων
3189 2356 3290 2422 τὴν
3319 2355 3587 2421 ἐξουσίαν.
3636 2356 3728 2418 Ὠς

2150 2448 2244 2505 οὖν
2314 2452 2477 2519 ἡμεῖς
2527 2448 3036 2518 καταλογικώτερον
3102 2446 3212 2499 τῶν
3280 2448 3493 2514 ἀλόγων
3540 2445 3722 2512 ζώων,

2153 2544 2376 2613 ἄμεινον
2404 2541 2580 2604 ὄντες,
2626 2541 2892 2610 ἄρχομεν,
2934 2541 3109 2603 οὑτως
3144 2540 3305 2609 ἡμῶν
3339 2542 3427 2604 σὺ,
3462 2540 3724 2609 βασιλεῦ,

2152 2630 2418 2702 κρείττων
2466 2632 2510 2660 ²⁹
2566 2631 2847 2699 ὑπάρχων,
2894 2633 3043 2684 κατὰ
3076 2630 3170 2684 τὸν
3214 2629 3316 2700 τῆς
3350 2630 3525 2700 ἀρχῆς
3563 2629 3727 2696 λόγον

2150 2726 2249 2791 τὴν
2280 2723 2530 2787 ἐξουσίαν
2575 2723 2741 2790 ἔχεις,
2776 2722 2968 2791 ὥσπερ
3005 2721 3070 2790 δὴ
3099 2720 3192 2774 καί
3242 2722 3337 2774 σοῦ
3373 2724 3644 2791 κρείττων
3676 2721 3726 2753 ⁸⁸

2151 2817 2252 2869 οὑκ
2290 2816 2599 2885 ἄνθρωπος,
2630 2815 2745 2868 ἀλλ’
2773 2816 2801 2868 6
2828 2814 2960 2876 Θεὸς
3007 2815 3034 2866 ὁ
3069 2814 3302 2883 ἀόρατος
3347 2814 3444 2866 καὶ
3492 2813 3727 2883 ποιητὴς

2150 2907 2370 2960 πάντων
2400 2907 2494 2959 καὶ
2521 2906 2815 2975 δεσπότης,
2843 2903 2976 2973 παρ’
2999 2897 3060 2956 οὗ
3094 2905 3188 2956 καὶ
3215 2905 3273 2956 τὸ
3305 2904 3587 2974 συμφέρον
3630 2904 3726 2955 αἰ-

2149 2996 2361 3050 τεῖσθαι
2416 2999 2705 3067 προσήκει.
2750 3014 2767 3047 ι
2808 2993 2983 3048 [Ιολλά
3020 2994 3077 3046 δέ
3128 3010 3186 3064 γε
3232 2994 3456 3047 τοιαῦτα
3505 2995 3662 3061 λέξας
3690 2996 3723 3046 6

2154 3090 2378 3158 Ἀδραμ
2418 3091 2500 3151 εἰς
2529 3090 2621 3141 τὸν
2652 3089 2751 3155 τῆς
2780 3087 3140 3158 ἀστρολογίας
3168 3087 3369 3139 σκοπὸν
3399 3086 3477 3155 τῷ
3507 3086 3727 3155 βασιλεῖ

474 3200 539 3239 ex
588 3183 695 3236 illis
724 3182 930 3235 multos
960 3182 1091 3235 deos
1128 3181 1636 3233 introduxerunt’et
1668 3182 1765 3234 hos
1802 3184 1935 3235 viles
1991 3193 2043 3235 et

2152 3182 2538 3251 χαριζόμενος,
2580 3180 2809 3243 πολλοὺς
2855 3179 2964 3233 τῶν
3009 3179 3331 3247 Αἰγυπτίων
3371 3179 3725 3231 ἐπεσπάσατο

476 3273 735 3327 omnibus
768 3271 1160 3339 cupiditatibus
1223 3270 1457 3337 deditos,
1509 3281 1568 3323 ut
1608 3272 1792 3326 volens
1848 3276 2047 3343 aliquis

477 3363 678 3418 similia
731 3369 895 3429 ag'ere
957 3375 1063 3414 non
1099 3361 1406 3425 erubescat,
1454 3363 1595 3429 quod
1644 3363 1880 3418 hominis
1919 3381 2046 3433 pru-

480 3452 654 3523 prium
679 3462 763 3506 est
792 3451 1069 3520 exemplar
1116 3452 1321 3506 habens
1354 3453 1645 3521 pessimam
1700 3465 1754 3507 ct
1812 3455 2047 3509 inhone-

482 3552 623 3598 stam
669 3543 835 3597 vitam
874 3542 1141 3597 falsorqu
1171 3542 1385 3597 illorum
1418 3546 1666 3606 deorum,
1726 3544 2047 3614 sublatoque

478 3635 687 3706 pudore
742 3650 808 3689 ne
842 3634 1173 3704 poenitentiae
1218 3634 1439 3704 quidem
1495 3650 1644 3707 spem
1676 3636 1767 3689 ille
1823 3637 2047 3691 omnino

477 3728 703 3798 prazbet.
739 3727 845 3780 Alii
874 3742 1001 3781 vero
1040 3726 1138 3781 fati
1169 3727 1294 3782 ficto
1328 3743 1537 3793 errore,
1565 3727 1711 3782 aliud
1745 3729 2047 3783 nativitatis

479 3819 700 3873 nomine
730 3820 850 3873 sine
878 3833 984 3887 qua
1013 3818 1147 3872 nihil
1170 3819 1280 3888 pati
1312 3828 1407 3874 aut
1431 3817 1608 3874 facere
1639 3820 1840 3889 aliquis
1855 3820 2035 3888 possit

478 3912 716 3966 absurde
755 3908 1018 3980 efﬁngunt
1067 3918 1121 3963 et
1147 3912 1250 3964 hoc
1286 3909 1404 3979 ipso
1459 3924 1645 4013 errore
1677 3919 1731 3964 et
1772 3910 2047 3980 impietate

476 4003 795 4068 offendunt;
840 4002 886 4057 si
914 4000 1186 4070 putaverit
1218 4000 1363 4055 enim
1402 4000 1601 4070 aliq'uis
1627 4010 1825 4070 praeter
1852 4004 2048 4056 nativi-

479 4102 665 4157 tatem,
701 4092 815 4147 sive
855 4092 1049 4157 fatum,
1088 4090 1220 4145 nihil
1251 4090 1529 4146 hominem
1579 4093 1685 4161 pati
1711 4102 1806 4146 aut
1871 4092 2047 4148 facere

476 4202 659 4259 posse,
696 4185 852 4242 facile
878 4185 1179 4255 pecudibus
1208 4184 1403 4240 similis
1428 4183 1496 4238 ad
1529 4194 1749 4253 peccata
1776 4185 2045 4240 deﬂectet.

478 4277 545 4333 Et
576 4287 700 4349 post
741 4286 959 4349 peccata
984 4291 1090 4330 non
1130 4275 1280 4329 illum
1312 4277 1538 4346 ptenitet
1595 4275 1910 4345 impietatis,
1946 4290 2045 4329 ex-

477 4372 815 4426 cusationem
867 4368 1160 4424 absurdam
1216 4367 1527 4429 habentem,
1587 4366 1870 4421 nativitate
1893 4382 1953 4423 se
1980 4367 2046 4421 ad

478 4463 581 4515 ista
622 4461 865 4514 facienda
906 4472 1177 4515 coactum.
1228 4459 1499 4515 Cmterum
1563 4458 1656 4528 qui
1704 4459 2044 4513 nativitatem

477 4551 753 4619 corrigere
779 4552 987 4619 nequit,
1007 4553 1153 4605 hunc
1174 4567 1283 4606 non
1310 4553 1475 4620 pudet
1496 4566 1770 4620 peccasse.
1796 4551 2043 4607 Aliivero

478 4641 849 4699 inconsultum
885 4642 1174 4710 impulsum
1229 4642 1511 4706 inducunt,
1558 4643 1801 4697 dicentes
1860 4646 2041 4698 omnia

478 4745 682 4791 temere
710 4732 1010 4787 consistere
1033 4740 1084 4783 et
1113 4729 1240 4783 ferri
1286 4732 1432 4784 nullo
1484 4730 1711 4797 juvante
1735 4732 1961 4787 domino
1992 4744 2045 4786 et

477 4838 709 4883 rectore.
750 4825 953 4881 Idcirco
970 4823 1114 4878 haud
1134 4822 1395 4887 facile,ne
1415 4824 1591 4877 dicam
1614 4840 1915 4892 nunquam,
1952 4825 2042 4893 qui

477 4922 604 4976 talia
640 4920 882 4974 sentiunt
913 4916 1272 4974 emendantur
1302 4925 1356 4970 et
1385 4916 1450 4968 ad
1508 4914 1828 4982 sapientiam
1884 4916 2047 4969 redu-

479 5018 702 5064 cuntur.
727 5027 744 5059 ι
779 5007 887 5062 Rex
915 5020 1240 5077 magnopere
1262 5004 1498 5059 laudavit
1530 5018 1675 5069 eum,
1699 5003 1767 5058 ab
1794 5005 2047 5059 omnibus

478 5103 741 5171 siquidem
775 5101 829 5156 in
864 5098 1223 5157 admiratione
1254 5096 1438 5151 haberi
1471 5095 1677 5157 videns,
1709 5105 1756 5148 cl
1796 5096 2045 5149 maximis

2151 3274 2233 3334 εἰς
2286 3270 2622 3335 θεοσέϐειαν,
2683 3270 2781 3322 καὶ
2801 3269 2901 3339 τὴν
2951 3268 3303 3339 ὲσφαλμένην
3357 3268 3489 3340 (10⁸)
3532 3266 3723 3320 αὑτῶν

2149 3362 2351 3430 γνῶσιν
2387 3363 2482 3415 καὶ
2522 3361 2775 3416 παιδείαν
2805 3362 2934 3430 περί⁵
2967 3359 3330 3432 ἀστρολογίας
3356 3361 3449 3412 καὶ
3480 3357 3723 3428 μαγείας

2147 3453 2496 3521 διωρθώσατο
2530 3453 2754 3521 φάσκων
2773 3468 2786 3483 ·
2829 3470 2846 3503 ι
2889 3451 3064 3521 Πολλή
3093 3469 3200 3515 τις.
3234 3445 3280 3505 ὦ
3307 3453 3519 3522 ἄνδρες,
3545 3453 3579 3519 ἡ
3602 3450 3725 3503 δια⁹

2149 3545 2291 3613 φορά
2320 3545 2467 3597 ἐστιν
2501 3542 2759 3613 ἀληθείας
2790 3544 2884 3597 καὶ
2913 3542 3232 3613 συνηθείας·
3263 3545 3295 3613 ἡ
3333 3544 3433 3613 μὲν
3454 3543 3563 3613 γὰρ
3584 3542 3725 3611 ἀλή-

2149 3635 2269 3687 θεια
2310 3635 2549 3705 γνησίως
2584 3634 2894 3705 ζητουμένη
2936 3635 3153 3698 πάντως
3189 3636 3529 3707 εὑρίσκεται,
3562 3634 3625 3688 τδ
3661 3635 3724 3688 δὲ

2149 3724 2268 3787 ἔθος
2283 3727 2465 3777 δποίον
2494 3724 2559 3777 ἂν
2584 3723 2917 3794 παραληφθῇ
2950 3725 3058 3777 είτε
3082 3723 3319 3794 ἀληθῶς,
3346 3724 3458 3776 εἴτε
3485 3721 3721 3790 ψευδῶς,

2148 3816 2387 3886 ἀκρίτως
2444 3817 2534 3885 ὑφ’
2575 3812 2773 3868 ἑαυτοῦ
2830 3814 3185 3885 κρατύνεται,
3211 3814 3305 3867 καὶ
3353 3812 3476 3867 οὕτε
3528 3813 3727 3884 ἀληθεῖ

2149 3907 2298 3976 αὑτῴ
2328 3908 2368 3938 ³¹
2402 3908 2589 3977 ἥδεται
2620 3909 2647 3959 6
2673 3906 3032 3977 παραλαϐὼν,
3059 3905 3171 3976 69
3196 3904 3320 3959 οὔτε
3339 3905 3417 3969 ὡς
3446 3904 3643 3975 ψευδὲς
3675 3906 3721 3938 ³⁸

2150 3996 2375 4066 ἄχθεται
2404 4012 2417 4027 ’
2454 3996 2516 4049 οὑ
2551 3997 2660 4064 γὰρ
2693 3996 2897 4065 κρίσει,
2927 3995 3069 4048 ἀλλά
3117 3994 3390 4065 προλήψει
3419 3997 3447 4047 6
3478 3994 3724 4056 τοιοῦτος

2151 4087 2481 4140 πεπίστευκε
2511 4086 2707 4159 γνώμῃ
2731 4087 2840 4140 τῶν
2898 4087 3005 4157 πρὸ
3045 4084 3233 4150 αὑτοῦ,
3256 4087 3344 4139 ἐπ’
3366 4085 3547 4156 ἀδήλῳ
3583 4084 3726 4158 τύχῃ

2150 4182 2248 4253 τὴν
2282 4181 2419 4235 ἰδίαν
2474 4182 2819 4245 ἐπιδεδωκὼς
2872 4182 3088 4236 ἐλπίδα.
3129 4180 3242 4233 Καὶ
3275 4180 3464 4233 οὐκέτι
3518 4177 3723 4249 ῥᾳδίως

2150 4276 2526 4331 ἀποδύσασθαι
2556 4275 2654 4346 τὴν
2673 4277 2901 4343 πάτριον
2928 4274 3245 4345 περιϐολὴν,
3272 4272 3375 4326 κᾶν
3398 4272 3539 4324 πάνυ
3569 4268 3725 4337 αὑτῷ

2150 4369 2425 4423 δείκνυται
2486 4368 2666 4438 μωρία
2718 4368 2812 4420 καὶ
2864 4366 3274 4435 καταγέλαστος
3303 4362 3462 4418 οὖσα.
3512 4361 3725 4415 Δὺτίκα

2079 4485 2123 4542 D
2150 4461 2243 4515 οὖν
2268 4460 2379 4529 ἐγὼ
2410 4460 2507 4531 τὴν
2532 4460 2664 4530 παρ’
2700 4459 2971 4529 Ἐλλήνων
2998 4458 3248 4511 παιδείαν
3279 4456 3373 4510 καὶ
3412 4452 3727 4523 φληναφίαν

2153 4552 2326 4606 κακοῦ
2351 4551 2606 4622 δαίμονος
2632 4550 3029 4620 χαλεπωτάτην
3060 4549 3318 4601 ὑπόθεσιν
3363 4542 3504 4599 εἶναι
3533 4544 3685 4611 λέγω
3710 4558 3723 4572 ·

2152 4647 2202 4699 οἱ
2236 4648 2333 4715 μὲν
2388 4644 2497 4715 γὰρ
2526 4643 2708 4698 αὑτῶν
2740 4642 2969 4704 πολλοὺς
3019 4640 3177 4702 θεοὺς
3217 4638 3582 4709 εἰσηγήσαντο
3625 4634 3730 4687 καὶ

2152 4737 2375 4799 τούτους
2398 4735 2635 4804 φαύλους
2666 4736 2761 4789 κει)⁸
2801 4733 3189 4796 παντοπαθεῖς.
3233 4731 3320 4784 ἵνα
3370 4733 3398 4784 6
3454 4728 3523 4782 τά
3559 4728 3729 4795 ὅμοια

2153 4827 2414 4897 πράττειν
2441 4827 2640 4881 ἐθέλων
2683 4826 2817 4897 μηδὲ
2846 4826 3058 4896 αἰδῆται
3089 4826 3156 4889 ³³,
3183 4825 3319 4893 ὅπερ
3343 4823 3476 4877 tam
3507 4821 3724 4889 ἀνθρώ-

2154 4935 2281 4983 που,
2317 4918 2668 4988 παράδειγμα
2702 4918 2812 4971 τῶν
2861 4916 3349 4987 μυθολογουμένων
3398 4913 3537 4966 θεων
3580 4912 3727 4981 ἔχων

2151 5010 2276 5073 τοὺς
2304 5009 2599 5073 κακίστους
2627 5010 2721 5063 καὶ
2749 5009 3028 5081 ἀσέμνους
3055 5008 3229 5078 βίους,
3272 5007 3352 5076 τῷ
3381 5006 3426 5039 ³⁸
3457 5005 3515 5059 δὶ
3542 5004 3617 5075 μὴ
3650 5005 3730 5055 αἱ-

2150 5101 2357 5157 δείσθαι
2391 5101 2513 5156 οὑδὲ
2549 5102 2841 5172 μετανοίας
2890 5100 3084 5155 ἐλπίδα
3146 5099 3366 5163 πάντως
3407 5098 3436 5151 6
3476 5095 3729 5161 τοιοῦτο-ς

1664 5349 1857 5410 Varia:
1889 5350 2191 5413 lectiones
2235 5360 2296 5414 et
2339 5361 2528 5416 notas.

550 5580 592 5611 ’⁸
624 5580 769 5646 κρείτ
786 5596 864 5631 τον
901 5582 1021 5634 eod.

1100 5583 1142 5614 ”
1178 5584 1424 5653 κρεῖττον
1473 5584 1593 5638 cod.

485 5652 612 5705 cad.
694 5647 736 5678 "
776 5650 829 5701 τό
870 5653 991 5702 cod.

1682 5582 1725 5613 ³⁸
1759 5585 2002 5652 κρεῖττον
2037 5584 2155 5639 cod.

2248 5584 2289 5618 “
2322 5585 2477 5654 ἀληθ.
2514 5588 2672 5642 αὑτόν
2718 5591 2841 5645 cod.
2933 5593 2975 5623 “
3010 5591 3180 5661 ψευδῆ
3216 5593 3338 5648 cod.
3418 5593 3460 5625 "
3496 5591 3736 5647 αἰδεῖται
