  <div class='ocr_page' id='page_1' title='image "/cluster/home/n/w/nwhite01/storage/ocr_20150623/110/hvd.32044073502296/082.png"; bbox 0 0 4050 6220; ppageno 0'>
   <div class='ocr_carea' id='block_1_1' title="bbox 303 316 1904 384">
    <p class='ocr_par' dir='ltr' id='par_1_1' title="bbox 303 316 1904 380">
     <span class='ocr_line' id='line_1_1' title="bbox 303 316 1904 380; baseline -0.002 0"><span class='ocrx_word' id='word_1_1' title='bbox 303 316 398 380; x_wconf 61' lang='grc' dir='ltr'>Ιόῒ</span> <span class='ocrx_word' id='word_1_2' title='bbox 1538 316 1904 378; x_wconf 76' lang='lat' dir='ltr'><strong>CHRONICC</strong></span> 
     </span>
    </p>
   </div>
   <div class='ocr_carea' id='block_1_2' title="bbox 2011 316 3600 384">
    <p class='ocr_par' dir='ltr' id='par_1_2' title="bbox 2044 319 3600 384">
     <span class='ocr_line' id='line_1_2' title="bbox 2044 319 3600 384; baseline 0.003 -5"><span class='ocrx_word' id='word_1_3' title='bbox 2044 344 2110 354; x_wconf 81' lang='grc'><strong>-</strong></span> <span class='ocrx_word' id='word_1_4' title='bbox 2154 319 2302 381; x_wconf 79' lang='lat' dir='ltr'><strong>LIB.</strong></span> <span class='ocrx_word' id='word_1_5' title='bbox 2346 320 2392 379; x_wconf 84' lang='grc' dir='ltr'>ι.</span> <span class='ocrx_word' id='word_1_6' title='bbox 3505 324 3600 384; x_wconf 67' lang='grc'><strong>154</strong></span> 
     </span>
    </p>
   </div>
   <div class='ocr_carea' id='block_1_3' title="bbox 303 427 1904 505">
    <p class='ocr_par' dir='ltr' id='par_1_3' title="bbox 303 427 1904 500">
     <span class='ocr_line' id='line_1_3' title="bbox 303 427 1904 500; baseline -0.001 -19"><span class='ocrx_word' id='word_1_7' title='bbox 303 448 420 491; x_wconf 71' lang='grc' dir='ltr'>ταις</span> <span class='ocrx_word' id='word_1_8' title='bbox 480 430 636 482; x_wconf 67' lang='grc' dir='ltr'>κατὰ</span> <span class='ocrx_word' id='word_1_9' title='bbox 692 429 1029 497; x_wconf 70' lang='grc' dir='ltr'>συγγένειαν</span> <span class='ocrx_word' id='word_1_10' title='bbox 1090 429 1406 500; x_wconf 75' lang='grc' dir='ltr'><strong>πηξάμενος</strong></span> <span class='ocrx_word' id='word_1_11' title='bbox 1478 430 1708 498; x_wconf 83' lang='grc' dir='ltr'>σκηνήν.</span> <span class='ocrx_word' id='word_1_12' title='bbox 1781 427 1904 480; x_wconf 75' lang='grc' dir='ltr'>Τότε</span> 
     </span>
    </p>
   </div>
   <div class='ocr_carea' id='block_1_4' title="bbox 2011 427 3598 505">
    <p class='ocr_par' dir='ltr' id='par_1_4' title="bbox 2022 433 3598 505">
     <span class='ocr_line' id='line_1_4' title="bbox 2022 433 3598 505; baseline 0.001 -20"><span class='ocrx_word' id='word_1_13' title='bbox 2022 433 2408 499; x_wconf 77' lang='lat' dir='ltr'><strong>cOgnationem</strong></span> <span class='ocrx_word' id='word_1_14' title='bbox 2470 436 2640 502; x_wconf 79' lang='lat' dir='ltr'><strong>figens</strong></span> <span class='ocrx_word' id='word_1_15' title='bbox 2704 434 3076 489; x_wconf 82' lang='lat' dir='ltr'><strong>tabernacula.</strong></span> <span class='ocrx_word' id='word_1_16' title='bbox 3154 435 3308 492; x_wconf 80' lang='lat' dir='ltr'><strong>Tunc</strong></span> <span class='ocrx_word' id='word_1_17' title='bbox 3366 438 3598 505; x_wconf 85' lang='lat' dir='ltr'><strong>primum</strong></span> 
     </span>
    </p>
   </div>
   <div class='ocr_carea' id='block_1_5' title="bbox 308 516 1904 596">
    <p class='ocr_par' dir='ltr' id='par_1_5' title="bbox 308 516 1904 591">
     <span class='ocr_line' id='line_1_5' title="bbox 308 516 1904 591; baseline -0.001 -18"><span class='ocrx_word' id='word_1_18' title='bbox 308 522 520 591; x_wconf 79' lang='grc' dir='ltr'>πρῶτον</span> <span class='ocrx_word' id='word_1_19' title='bbox 571 519 841 591; x_wconf 74' lang='grc' dir='ltr'>Ἀϐραὰμ</span> <span class='ocrx_word' id='word_1_20' title='bbox 878 520 984 591; x_wconf 81' lang='grc' dir='ltr'>τῆς</span> <span class='ocrx_word' id='word_1_21' title='bbox 1040 519 1419 591; x_wconf 75' lang='grc' dir='ltr'><strong>σκηνοπηγίας</strong></span> <span class='ocrx_word' id='word_1_22' title='bbox 1474 517 1570 572; x_wconf 75' lang='grc' dir='ltr'><strong>ἐπὶ</strong></span> <span class='ocrx_word' id='word_1_23' title='bbox 1606 516 1653 583; x_wconf 79' lang='grc' dir='ltr'><strong>ζ’</strong></span> <span class='ocrx_word' id='word_1_24' title='bbox 1703 518 1904 588; x_wconf 66' lang='grc' dir='ltr'>ἡμέρας</span> 
     </span>
    </p>
   </div>
   <div class='ocr_carea' id='block_1_6' title="bbox 2011 516 3603 596">
    <p class='ocr_par' dir='ltr' id='par_1_6' title="bbox 2031 521 3603 596">
     <span class='ocr_line' id='line_1_6' title="bbox 2031 521 3603 596; baseline 0.001 -21"><span class='ocrx_word' id='word_1_25' title='bbox 2031 521 2308 578; x_wconf 75' lang='lat' dir='ltr'><strong>Abraham</strong></span> <span class='ocrx_word' id='word_1_26' title='bbox 2355 524 2833 579; x_wconf 73' lang='lat' dir='ltr'><strong>tabernaculorum</strong></span> <span class='ocrx_word' id='word_1_27' title='bbox 2876 541 2968 595; x_wconf 93' lang='lat' dir='ltr'><strong>per</strong></span> <span class='ocrx_word' id='word_1_28' title='bbox 3017 534 3221 595; x_wconf 78' lang='lat' dir='ltr'><strong>septem</strong></span> <span class='ocrx_word' id='word_1_29' title='bbox 3252 526 3368 580; x_wconf 63' lang='lat' dir='ltr'><strong>dies</strong></span> <span class='ocrx_word' id='word_1_30' title='bbox 3394 526 3603 596; x_wconf 77' lang='lat' dir='ltr'><strong>peragit</strong></span> 
     </span>
    </p>
   </div>
   <div class='ocr_carea' id='block_1_7' title="bbox 304 609 1904 687">
    <p class='ocr_par' dir='ltr' id='par_1_7' title="bbox 304 609 1904 687">
     <span class='ocr_line' id='line_1_7' title="bbox 304 609 1904 687; baseline -0.003 -21"><span class='ocrx_word' id='word_1_31' title='bbox 304 612 546 667; x_wconf 68' lang='grc' dir='ltr'>ἐπιτελεῖ</span> <span class='ocrx_word' id='word_1_32' title='bbox 579 612 685 685; x_wconf 77' lang='grc' dir='ltr'>τὴν</span> <span class='ocrx_word' id='word_1_33' title='bbox 710 613 939 687; x_wconf 68' lang='grc' dir='ltr'>ἑορτὴν,</span> <span class='ocrx_word' id='word_1_34' title='bbox 1000 614 1070 686; x_wconf 78' lang='grc' dir='ltr'>ἢν</span> <span class='ocrx_word' id='word_1_35' title='bbox 1118 614 1289 667; x_wconf 77' lang='grc' dir='ltr'>ιίσὲτι</span> <span class='ocrx_word' id='word_1_36' title='bbox 1341 612 1439 666; x_wconf 86' lang='grc' dir='ltr'>καὶ</span> <span class='ocrx_word' id='word_1_37' title='bbox 1472 610 1571 665; x_wconf 76' lang='grc' dir='ltr'><strong>νῦν</strong></span> <span class='ocrx_word' id='word_1_38' title='bbox 1625 610 1654 663; x_wconf 92' lang='grc' dir='ltr'><strong>ό</strong></span> <span class='ocrx_word' id='word_1_39' title='bbox 1700 609 1904 680; x_wconf 71' lang='grc' dir='ltr'>ἰσραὴί</span> 
     </span>
    </p>
   </div>
   <div class='ocr_carea' id='block_1_8' title="bbox 2011 609 3600 687">
    <p class='ocr_par' dir='ltr' id='par_1_8' title="bbox 2028 612 3600 685">
     <span class='ocr_line' id='line_1_8' title="bbox 2028 612 3600 685; baseline 0.003 -19"><span class='ocrx_word' id='word_1_40' title='bbox 2028 612 2402 673; x_wconf 88' lang='lat' dir='ltr'><strong>festivitatem.</strong></span> <span class='ocrx_word' id='word_1_41' title='bbox 2428 629 2592 683; x_wconf 83' lang='lat' dir='ltr'><strong>quam</strong></span> <span class='ocrx_word' id='word_1_42' title='bbox 2622 615 2785 668; x_wconf 85' lang='lat' dir='ltr'><strong>etiam</strong></span> <span class='ocrx_word' id='word_1_43' title='bbox 2823 631 2965 669; x_wconf 88' lang='lat' dir='ltr'><strong>nunc</strong></span> <span class='ocrx_word' id='word_1_44' title='bbox 2983 616 3149 670; x_wconf 88' lang='lat' dir='ltr'><strong>Israel</strong></span> <span class='ocrx_word' id='word_1_45' title='bbox 3171 616 3402 670; x_wconf 77' lang='lat' dir='ltr'><strong>celebrat</strong></span> <span class='ocrx_word' id='word_1_46' title='bbox 3432 616 3600 685; x_wconf 78' lang='lat' dir='ltr'><strong>ﬁgens</strong></span> 
     </span>
    </p>
   </div>
   <div class='ocr_carea' id='block_1_9' title="bbox 300 698 1904 778">
    <p class='ocr_par' dir='ltr' id='par_1_9' title="bbox 300 698 1904 778">
     <span class='ocr_line' id='line_1_9' title="bbox 300 698 1904 778; baseline -0.002 -20"><span class='ocrx_word' id='word_1_47' title='bbox 300 706 556 775; x_wconf 75' lang='grc' dir='ltr'><strong>ἑορτάζει</strong></span> <span class='ocrx_word' id='word_1_48' title='bbox 593 707 994 778; x_wconf 81' lang='grc' dir='ltr'>σκηνοπηγῶν.</span> <span class='ocrx_word' id='word_1_49' title='bbox 1039 706 1117 777; x_wconf 71' lang='grc'><strong>(2)</strong></span> <span class='ocrx_word' id='word_1_50' title='bbox 1157 708 1252 761; x_wconf 77' lang='grc' dir='ltr'><strong>Κε⁹</strong></span> <span class='ocrx_word' id='word_1_51' title='bbox 1283 706 1364 771; x_wconf 76' lang='grc' dir='ltr'><strong>δὲ,</strong></span> <span class='ocrx_word' id='word_1_52' title='bbox 1394 706 1586 776; x_wconf 72' lang='grc' dir='ltr'>φασὶν,</span> <span class='ocrx_word' id='word_1_53' title='bbox 1611 704 1750 757; x_wconf 66' lang='grc' dir='ltr'>ἐτῶν</span> <span class='ocrx_word' id='word_1_54' title='bbox 1787 698 1856 773; x_wconf 78' lang='grc' dir='ltr'>ἦν</span> <span class='ocrx_word' id='word_1_55' title='bbox 1891 704 1904 754; x_wconf 79' lang='grc' dir='ltr'><strong>ί</strong></span> 
     </span>
    </p>
   </div>
   <div class='ocr_carea' id='block_1_10' title="bbox 2011 698 3598 778">
    <p class='ocr_par' dir='ltr' id='par_1_10' title="bbox 2026 701 3598 772">
     <span class='ocr_line' id='line_1_10' title="bbox 2026 701 3598 772; baseline 0 -14"><span class='ocrx_word' id='word_1_56' title='bbox 2026 704 2285 758; x_wconf 86' lang='lat' dir='ltr'><strong>tentoria.</strong></span> <span class='ocrx_word' id='word_1_57' title='bbox 2319 701 2650 758; x_wconf 75' lang='lat' dir='ltr'><strong>Yicesimum</strong></span> <span class='ocrx_word' id='word_1_58' title='bbox 2687 704 2960 772; x_wconf 86' lang='lat' dir='ltr'><strong>quintum,</strong></span> <span class='ocrx_word' id='word_1_59' title='bbox 3011 715 3069 758; x_wconf 87' lang='lat' dir='ltr'><strong>ut</strong></span> <span class='ocrx_word' id='word_1_60' title='bbox 3106 706 3350 771; x_wconf 75' lang='lat' dir='ltr'><strong>tradum,</strong></span> <span class='ocrx_word' id='word_1_61' title='bbox 3397 721 3598 760; x_wconf 87' lang='lat' dir='ltr'><strong>annum</strong></span> 
     </span>
    </p>
   </div>
   <div class='ocr_carea' id='block_1_11' title="bbox 300 795 1904 869">
    <p class='ocr_par' dir='ltr' id='par_1_11' title="bbox 300 795 1904 869">
     <span class='ocr_line' id='line_1_11' title="bbox 300 795 1904 869; baseline -0.003 -19"><span class='ocrx_word' id='word_1_62' title='bbox 300 797 513 862; x_wconf 76' lang='grc' dir='ltr'>Ἰσαὰκ,</span> <span class='ocrx_word' id='word_1_63' title='bbox 543 799 640 853; x_wconf 75' lang='grc' dir='ltr'><strong>ὅτε</strong></span> <span class='ocrx_word' id='word_1_64' title='bbox 674 800 816 869; x_wconf 80' lang='grc' dir='ltr'>πρὸς</span> <span class='ocrx_word' id='word_1_65' title='bbox 848 798 1043 852; x_wconf 79' lang='grc' dir='ltr'><strong>θυσίαν</strong></span> <span class='ocrx_word' id='word_1_66' title='bbox 1069 799 1309 869; x_wconf 76' lang='grc' dir='ltr'>ἀνήχθη·</span> <span class='ocrx_word' id='word_1_67' title='bbox 1345 800 1427 861; x_wconf 83' lang='grc' dir='ltr'>είς</span> <span class='ocrx_word' id='word_1_68' title='bbox 1470 799 1682 851; x_wconf 69' lang='grc' dir='ltr'>ἐκεῖνον</span> <span class='ocrx_word' id='word_1_69' title='bbox 1731 795 1789 848; x_wconf 79' lang='grc' dir='ltr'><strong>δὲ</strong></span> <span class='ocrx_word' id='word_1_70' title='bbox 1829 795 1904 848; x_wconf 75' lang='grc' dir='ltr'>τὸ·</span> 
     </span>
    </p>
   </div>
   <div class='ocr_carea' id='block_1_12' title="bbox 2011 795 3598 869">
    <p class='ocr_par' dir='ltr' id='par_1_12' title="bbox 2025 795 3598 867">
     <span class='ocr_line' id='line_1_12' title="bbox 2025 795 3598 867; baseline -0.001 -15"><span class='ocrx_word' id='word_1_71' title='bbox 2025 797 2218 867; x_wconf 79' lang='lat' dir='ltr'><strong>agebat</strong></span> <span class='ocrx_word' id='word_1_72' title='bbox 2265 795 2417 852; x_wconf 82' lang='lat' dir='ltr'><strong>Isaac</strong></span> <span class='ocrx_word' id='word_1_73' title='bbox 2451 812 2576 852; x_wconf 88' lang='lat' dir='ltr'><strong>cum</strong></span> <span class='ocrx_word' id='word_1_74' title='bbox 2627 798 2694 850; x_wconf 83' lang='lat' dir='ltr'><strong>ad</strong></span> <span class='ocrx_word' id='word_1_75' title='bbox 2761 799 3091 853; x_wconf 78' lang='lat' dir='ltr'><strong>sacrificium</strong></span> <span class='ocrx_word' id='word_1_76' title='bbox 3140 801 3337 855; x_wconf 85' lang='lat' dir='ltr'><strong>ductus</strong></span> <span class='ocrx_word' id='word_1_77' title='bbox 3373 808 3457 855; x_wconf 82' lang='lat' dir='ltr'><strong>est</strong></span> <span class='ocrx_word' id='word_1_78' title='bbox 3493 818 3507 853; x_wconf 87' lang='lat'><strong>:</strong></span> <span class='ocrx_word' id='word_1_79' title='bbox 3545 800 3598 852; x_wconf 89' lang='lat' dir='ltr'><strong>in</strong></span> 
     </span>
    </p>
   </div>
   <div class='ocr_carea' id='block_1_13' title="bbox 301 887 1919 961">
    <p class='ocr_par' dir='ltr' id='par_1_13' title="bbox 301 887 1919 961">
     <span class='ocr_line' id='line_1_13' title="bbox 301 887 1919 961; baseline -0.002 -17"><span class='ocrx_word' id='word_1_80' title='bbox 301 890 467 944; x_wconf 76' lang='grc' dir='ltr'>τόπον</span> <span class='ocrx_word' id='word_1_81' title='bbox 517 891 580 943; x_wconf 78' lang='grc' dir='ltr'>τὸ</span> <span class='ocrx_word' id='word_1_82' title='bbox 615 891 1014 960; x_wconf 74' lang='grc' dir='ltr'><strong>θυσιαστήριον</strong></span> <span class='ocrx_word' id='word_1_83' title='bbox 1056 890 1164 961; x_wconf 75' lang='grc'><strong>⁷5</strong></span> <span class='ocrx_word' id='word_1_84' title='bbox 1225 890 1586 961; x_wconf 76' lang='grc' dir='ltr'><strong>ᾠκοδόμησεν</strong></span> <span class='ocrx_word' id='word_1_85' title='bbox 1638 887 1919 959; x_wconf 75' lang='grc' dir='ltr'>Ἀδραὰμο</span> 
     </span>
    </p>
   </div>
   <div class='ocr_carea' id='block_1_14' title="bbox 301 981 1486 1053">
    <p class='ocr_par' dir='ltr' id='par_1_14' title="bbox 301 981 1486 1053">
     <span class='ocr_line' id='line_1_14' title="bbox 301 981 1486 1053; baseline 0.003 -19"><span class='ocrx_word' id='word_1_86' title='bbox 301 982 428 1035; x_wconf 67' lang='lat' dir='ltr'><strong>{v01</strong></span> <span class='ocrx_word' id='word_1_87' title='bbox 468 981 714 1053; x_wconf 72' lang='grc' dir='ltr'>ὕστερον</span> <span class='ocrx_word' id='word_1_88' title='bbox 749 983 913 1036; x_wconf 72' lang='grc' dir='ltr'><strong>Δαυῖδ</strong></span> <span class='ocrx_word' id='word_1_89' title='bbox 945 983 1006 1036; x_wconf 74' lang='grc' dir='ltr'>τὸ</span> <span class='ocrx_word' id='word_1_90' title='bbox 1039 984 1187 1053; x_wconf 70' lang='grc' dir='ltr'>ἱερὸν</span> <span class='ocrx_word' id='word_1_91' title='bbox 1210 982 1486 1053; x_wconf 68' lang='grc' dir='ltr'>ἱδρύσατο.</span> 
     </span>
    </p>
   </div>
   <div class='ocr_carea' id='block_1_15' title="bbox 594 1160 1635 1230">
    <p class='ocr_par' dir='ltr' id='par_1_15' title="bbox 594 1160 1635 1230">
     <span class='ocr_line' id='line_1_15' title="bbox 594 1160 1635 1230; baseline 0.001 -16"><span class='ocrx_word' id='word_1_92' title='bbox 594 1161 697 1215; x_wconf 71' lang='grc' dir='ltr'><strong>ιε’.</strong></span> <span class='ocrx_word' id='word_1_93' title='bbox 746 1162 884 1230; x_wconf 76' lang='grc' dir='ltr'><strong>Περὶ</strong></span> <span class='ocrx_word' id='word_1_94' title='bbox 918 1160 1025 1215; x_wconf 86' lang='grc' dir='ltr'>τοῦ</span> <span class='ocrx_word' id='word_1_95' title='bbox 1058 1160 1246 1216; x_wconf 81' lang='grc' dir='ltr'><strong>Ἡσαῦ</strong></span> <span class='ocrx_word' id='word_1_96' title='bbox 1273 1163 1370 1215; x_wconf 79' lang='grc' dir='ltr'><strong>καί</strong></span> <span class='ocrx_word' id='word_1_97' title='bbox 1399 1160 1635 1225; x_wconf 75' lang='grc' dir='ltr'>Ἰακώβ.</span> 
     </span>
    </p>
   </div>
   <div class='ocr_carea' id='block_1_16' title="bbox 373 1342 1913 1411">
    <p class='ocr_par' dir='ltr' id='par_1_16' title="bbox 373 1342 1913 1411">
     <span class='ocr_line' id='line_1_16' title="bbox 373 1342 1913 1411; baseline 0.001 -15"><span class='ocrx_word' id='word_1_98' title='bbox 373 1344 419 1375; x_wconf 82' lang='grc'><em>⁸³</em></span> <span class='ocrx_word' id='word_1_99' title='bbox 461 1343 525 1396; x_wconf 87' lang='grc' dir='ltr'>Ὀ</span> <span class='ocrx_word' id='word_1_100' title='bbox 556 1343 618 1396; x_wconf 66' lang='grc' dir='ltr'><strong>δὲ</strong></span> <span class='ocrx_word' id='word_1_101' title='bbox 667 1342 886 1404; x_wconf 76' lang='grc' dir='ltr'>Ἰσαὰκ,</span> <span class='ocrx_word' id='word_1_102' title='bbox 914 1344 1191 1411; x_wconf 72' lang='grc' dir='ltr'><strong>γεννήσας</strong></span> <span class='ocrx_word' id='word_1_103' title='bbox 1213 1342 1306 1395; x_wconf 79' lang='grc' dir='ltr'>τὸν</span> <span class='ocrx_word' id='word_1_104' title='bbox 1352 1343 1522 1396; x_wconf 81' lang='grc' dir='ltr'><strong>Ἦσαῦ</strong></span> <span class='ocrx_word' id='word_1_105' title='bbox 1557 1346 1647 1397; x_wconf 77' lang='grc' dir='ltr'>καὶ</span> <span class='ocrx_word' id='word_1_106' title='bbox 1676 1345 1767 1397; x_wconf 64' lang='grc' dir='ltr'><strong>τὸν</strong></span> <span class='ocrx_word' id='word_1_107' title='bbox 1811 1348 1913 1398; x_wconf 80' lang='grc' dir='ltr'><strong>Ἰα-</strong></span> 
     </span>
    </p>
   </div>
   <div class='ocr_carea' id='block_1_17' title="bbox 2023 891 3598 962">
    <p class='ocr_par' dir='ltr' id='par_1_17' title="bbox 2023 891 3598 962">
     <span class='ocr_line' id='line_1_17' title="bbox 2023 891 3598 962; baseline -0.003 -15"><span class='ocrx_word' id='word_1_108' title='bbox 2023 892 2131 947; x_wconf 89' lang='lat' dir='ltr'><strong>isto</strong></span> <span class='ocrx_word' id='word_1_109' title='bbox 2159 908 2289 947; x_wconf 86' lang='lat' dir='ltr'><strong>vero</strong></span> <span class='ocrx_word' id='word_1_110' title='bbox 2320 893 2441 947; x_wconf 89' lang='lat' dir='ltr'><strong>loco</strong></span> <span class='ocrx_word' id='word_1_111' title='bbox 2475 894 2643 947; x_wconf 86' lang='lat' dir='ltr'><strong>altare</strong></span> <span class='ocrx_word' id='word_1_112' title='bbox 2665 892 2936 946; x_wconf 77' lang='lat' dir='ltr'><strong>exstruxit</strong></span> <span class='ocrx_word' id='word_1_113' title='bbox 2967 891 3265 958; x_wconf 82' lang='lat' dir='ltr'><strong>Abraham,</strong></span> <span class='ocrx_word' id='word_1_114' title='bbox 3295 893 3386 947; x_wconf 91' lang='lat' dir='ltr'><strong>ubi</strong></span> <span class='ocrx_word' id='word_1_115' title='bbox 3413 899 3598 962; x_wconf 62' lang='lat' dir='ltr'><strong>postea</strong></span> 
     </span>
    </p>
   </div>
   <div class='ocr_carea' id='block_1_18' title="bbox 2029 985 2867 1054">
    <p class='ocr_par' dir='ltr' id='par_1_18' title="bbox 2029 985 2867 1054">
     <span class='ocr_line' id='line_1_18' title="bbox 2029 985 2867 1054; baseline -0.005 -14"><span class='ocrx_word' id='word_1_116' title='bbox 2029 985 2194 1040; x_wconf 84' lang='lat' dir='ltr'><strong>David</strong></span> <span class='ocrx_word' id='word_1_117' title='bbox 2231 986 2492 1054; x_wconf 86' lang='lat' dir='ltr'><strong>templum</strong></span> <span class='ocrx_word' id='word_1_118' title='bbox 2527 985 2867 1038; x_wconf 74' lang='lat' dir='ltr'><strong>construxit.</strong></span> 
     </span>
    </p>
   </div>
   <div class='ocr_carea' id='block_1_19' title="bbox 2445 1158 3133 1217">
    <p class='ocr_par' dir='ltr' id='par_1_19' title="bbox 2445 1158 3133 1217">
     <span class='ocr_line' id='line_1_19' title="bbox 2445 1158 3133 1217; baseline 0.001 -1"><span class='ocrx_word' id='word_1_119' title='bbox 2445 1162 2562 1217; x_wconf 77' lang='lat' dir='ltr'><strong>XV.</strong></span> <span class='ocrx_word' id='word_1_120' title='bbox 2604 1163 2676 1217; x_wconf 88' lang='lat' dir='ltr'><strong>De</strong></span> <span class='ocrx_word' id='word_1_121' title='bbox 2707 1161 2849 1215; x_wconf 79' lang='lat' dir='ltr'><strong>Esau</strong></span> <span class='ocrx_word' id='word_1_122' title='bbox 2874 1158 3133 1217; x_wconf 72' lang='lat' dir='ltr'><strong>ellacob.</strong></span> 
     </span>
    </p>
   </div>
   <div class='ocr_carea' id='block_1_20' title="bbox 2088 1339 3600 1416">
    <p class='ocr_par' dir='ltr' id='par_1_20' title="bbox 2088 1339 3600 1416">
     <span class='ocr_line' id='line_1_20' title="bbox 2088 1339 3600 1416; baseline -0.011 -9"><span class='ocrx_word' id='word_1_123' title='bbox 2088 1354 2240 1409; x_wconf 77' lang='lat' dir='ltr'><strong>Isaac</strong></span> <span class='ocrx_word' id='word_1_124' title='bbox 2266 1358 2448 1404; x_wconf 87' lang='lat' dir='ltr'><strong>autem</strong></span> <span class='ocrx_word' id='word_1_125' title='bbox 2478 1362 2603 1401; x_wconf 89' lang='lat' dir='ltr'><strong>cum</strong></span> <span class='ocrx_word' id='word_1_126' title='bbox 2634 1344 2912 1416; x_wconf 77' lang='lat' dir='ltr'><strong>genuisset</strong></span> <span class='ocrx_word' id='word_1_127' title='bbox 2944 1345 3083 1397; x_wconf 79' lang='lat' dir='ltr'><strong>Esau</strong></span> <span class='ocrx_word' id='word_1_128' title='bbox 3115 1350 3167 1395; x_wconf 89' lang='lat' dir='ltr'><strong>et</strong></span> <span class='ocrx_word' id='word_1_129' title='bbox 3198 1339 3367 1394; x_wconf 79' lang='lat' dir='ltr'><strong>Jacob</strong></span> <span class='ocrx_word' id='word_1_130' title='bbox 3400 1356 3465 1393; x_wconf 76' lang='lat' dir='ltr'><strong>ex</strong></span> <span class='ocrx_word' id='word_1_131' title='bbox 3506 1340 3600 1391; x_wconf 81' lang='lat' dir='ltr'><strong>Ite-</strong></span> 
     </span>
    </p>
   </div>
   <div class='ocr_carea' id='block_1_21' title="bbox 304 1430 1904 1509">
    <p class='ocr_par' dir='ltr' id='par_1_21' title="bbox 304 1433 1904 1504">
     <span class='ocr_line' id='line_1_21' title="bbox 304 1433 1904 1504; baseline 0.003 -16"><span class='ocrx_word' id='word_1_132' title='bbox 304 1434 419 1488; x_wconf 76' lang='grc' dir='ltr'>κὼσ</span> <span class='ocrx_word' id='word_1_133' title='bbox 452 1438 522 1487; x_wconf 74' lang='grc' dir='ltr'>ὲκ</span> <span class='ocrx_word' id='word_1_134' title='bbox 564 1435 665 1502; x_wconf 82' lang='grc' dir='ltr'>τῆς</span> <span class='ocrx_word' id='word_1_135' title='bbox 697 1433 1030 1496; x_wconf 75' lang='grc' dir='ltr'>Ῥεδέκκας,</span> <span class='ocrx_word' id='word_1_136' title='bbox 1062 1434 1152 1487; x_wconf 84' lang='grc' dir='ltr'>τὸν</span> <span class='ocrx_word' id='word_1_137' title='bbox 1219 1436 1321 1504; x_wconf 78' lang='grc' dir='ltr'>μὲν</span> <span class='ocrx_word' id='word_1_138' title='bbox 1363 1434 1565 1489; x_wconf 81' lang='grc' dir='ltr'>Ἰακὼὸ</span> <span class='ocrx_word' id='word_1_139' title='bbox 1612 1438 1904 1504; x_wconf 76' lang='grc' dir='ltr'><strong>εὐλόγησεν</strong></span> 
     </span>
    </p>
   </div>
   <div class='ocr_carea' id='block_1_22' title="bbox 2011 1430 3598 1509">
    <p class='ocr_par' dir='ltr' id='par_1_22' title="bbox 2017 1430 3598 1509">
     <span class='ocr_line' id='line_1_22' title="bbox 2017 1430 3598 1509; baseline -0.013 -6"><span class='ocrx_word' id='word_1_140' title='bbox 2017 1449 2202 1505; x_wconf 71' lang='lat' dir='ltr'><strong>bacca,</strong></span> <span class='ocrx_word' id='word_1_141' title='bbox 2225 1441 2396 1496; x_wconf 87' lang='lat' dir='ltr'><strong>Jacob</strong></span> <span class='ocrx_word' id='word_1_142' title='bbox 2418 1438 2511 1509; x_wconf 88' lang='lat' dir='ltr'><strong>qui</strong></span> <span class='ocrx_word' id='word_1_143' title='bbox 2545 1435 2981 1492; x_wconf 88' lang='lat' dir='ltr'><strong>benedictionem</strong></span> <span class='ocrx_word' id='word_1_144' title='bbox 3017 1430 3199 1486; x_wconf 77' lang='lat' dir='ltr'><strong>fratris</strong></span> <span class='ocrx_word' id='word_1_145' title='bbox 3227 1430 3598 1498; x_wconf 79' lang='lat' dir='ltr'><strong>subripuerat,</strong></span> 
     </span>
    </p>
   </div>
   <div class='ocr_carea' id='block_1_23' title="bbox 302 1526 1910 1599">
    <p class='ocr_par' dir='ltr' id='par_1_23' title="bbox 302 1526 1910 1599">
     <span class='ocr_line' id='line_1_23' title="bbox 302 1526 1910 1599; baseline 0.003 -20"><span class='ocrx_word' id='word_1_146' title='bbox 302 1528 589 1595; x_wconf 76' lang='grc' dir='ltr'>κλέψαντα</span> <span class='ocrx_word' id='word_1_147' title='bbox 612 1528 714 1596; x_wconf 76' lang='grc' dir='ltr'><strong>τὴν</strong></span> <span class='ocrx_word' id='word_1_148' title='bbox 741 1527 997 1594; x_wconf 74' lang='grc' dir='ltr'>εὐλογίαν</span> <span class='ocrx_word' id='word_1_149' title='bbox 1022 1526 1117 1580; x_wconf 84' lang='grc' dir='ltr'>τοῦ</span> <span class='ocrx_word' id='word_1_150' title='bbox 1143 1527 1401 1599; x_wconf 78' lang='grc' dir='ltr'><strong>ἀδελφοῦ,</strong></span> <span class='ocrx_word' id='word_1_151' title='bbox 1433 1528 1611 1596; x_wconf 71' lang='grc' dir='ltr'>λέγων</span> <span class='ocrx_word' id='word_1_152' title='bbox 1646 1532 1690 1561; x_wconf 84' lang='grc'><strong>⁶²</strong></span> <span class='ocrx_word' id='word_1_153' title='bbox 1728 1544 1740 1557; x_wconf 73' lang='grc' dir='ltr'>ο</span> <span class='ocrx_word' id='word_1_154' title='bbox 1766 1530 1910 1584; x_wconf 79' lang='grc' dir='ltr'><strong>«Δώ-</strong></span> 
     </span>
    </p>
   </div>
   <div class='ocr_carea' id='block_1_24' title="bbox 300 1620 1908 1695">
    <p class='ocr_par' dir='ltr' id='par_1_24' title="bbox 300 1620 1908 1695">
     <span class='ocr_line' id='line_1_24' title="bbox 300 1620 1908 1695; baseline 0.004 -22"><span class='ocrx_word' id='word_1_155' title='bbox 300 1639 384 1674; x_wconf 72' lang='grc' dir='ltr'><strong>σει</strong></span> <span class='ocrx_word' id='word_1_156' title='bbox 415 1638 503 1674; x_wconf 87' lang='grc' dir='ltr'>σοι</span> <span class='ocrx_word' id='word_1_157' title='bbox 535 1624 569 1673; x_wconf 83' lang='grc' dir='ltr'><strong>ό</strong></span> <span class='ocrx_word' id='word_1_158' title='bbox 590 1621 728 1684; x_wconf 77' lang='grc' dir='ltr'><strong>Θεὸς</strong></span> <span class='ocrx_word' id='word_1_159' title='bbox 764 1620 872 1674; x_wconf 80' lang='grc' dir='ltr'><strong>ἀπὸ</strong></span> <span class='ocrx_word' id='word_1_160' title='bbox 904 1622 1003 1691; x_wconf 84' lang='grc' dir='ltr'>τῆς</span> <span class='ocrx_word' id='word_1_161' title='bbox 1032 1622 1227 1693; x_wconf 81' lang='grc' dir='ltr'>δρόσου</span> <span class='ocrx_word' id='word_1_162' title='bbox 1267 1624 1362 1677; x_wconf 83' lang='grc' dir='ltr'><strong>τοῦ</strong></span> <span class='ocrx_word' id='word_1_163' title='bbox 1393 1625 1626 1695; x_wconf 80' lang='grc' dir='ltr'>οὐρανοῦ</span> <span class='ocrx_word' id='word_1_164' title='bbox 1678 1629 1769 1679; x_wconf 68' lang='grc' dir='ltr'>καὶ</span> <span class='ocrx_word' id='word_1_165' title='bbox 1801 1628 1908 1679; x_wconf 73' lang='grc' dir='ltr'><strong>ἀπὸ</strong></span> 
     </span>
    </p>
   </div>
   <div class='ocr_carea' id='block_1_25' title="bbox 302 1714 1903 1787">
    <p class='ocr_par' dir='ltr' id='par_1_25' title="bbox 302 1714 1903 1787">
     <span class='ocr_line' id='line_1_25' title="bbox 302 1714 1903 1787; baseline 0.004 -22"><span class='ocrx_word' id='word_1_166' title='bbox 302 1718 403 1781; x_wconf 82' lang='grc' dir='ltr'>τῆς</span> <span class='ocrx_word' id='word_1_167' title='bbox 444 1714 714 1787; x_wconf 74' lang='grc' dir='ltr'><strong>πιότητος</strong></span> <span class='ocrx_word' id='word_1_168' title='bbox 734 1715 835 1780; x_wconf 83' lang='grc' dir='ltr'>τῆς</span> <span class='ocrx_word' id='word_1_169' title='bbox 874 1714 981 1783; x_wconf 80' lang='grc' dir='ltr'>γῆς</span> <span class='ocrx_word' id='word_1_170' title='bbox 1009 1715 1105 1767; x_wconf 79' lang='grc' dir='ltr'>καὶ</span> <span class='ocrx_word' id='word_1_171' title='bbox 1148 1717 1353 1787; x_wconf 80' lang='grc' dir='ltr'>πλῆθος</span> <span class='ocrx_word' id='word_1_172' title='bbox 1405 1718 1554 1772; x_wconf 87' lang='grc' dir='ltr'>σίτου</span> <span class='ocrx_word' id='word_1_173' title='bbox 1596 1721 1690 1772; x_wconf 76' lang='grc' dir='ltr'>καὶ</span> <span class='ocrx_word' id='word_1_174' title='bbox 1733 1720 1903 1781; x_wconf 75' lang='grc' dir='ltr'>οἴνου,</span> 
     </span>
    </p>
   </div>
   <div class='ocr_carea' id='block_1_26' title="bbox 302 1804 1904 1881">
    <p class='ocr_par' dir='ltr' id='par_1_26' title="bbox 302 1804 1904 1881">
     <span class='ocr_line' id='line_1_26' title="bbox 302 1804 1904 1881; baseline 0.004 -26"><span class='ocrx_word' id='word_1_175' title='bbox 302 1806 394 1856; x_wconf 77' lang='grc' dir='ltr'>καὶ</span> <span class='ocrx_word' id='word_1_176' title='bbox 422 1804 890 1859; x_wconf 68' lang='grc' dir='ltr'>δωλευσάτωσάν</span> <span class='ocrx_word' id='word_1_177' title='bbox 922 1823 1007 1860; x_wconf 84' lang='grc' dir='ltr'>σοι</span> <span class='ocrx_word' id='word_1_178' title='bbox 1032 1806 1183 1875; x_wconf 74' lang='grc' dir='ltr'>ἔθνη,</span> <span class='ocrx_word' id='word_1_179' title='bbox 1217 1808 1313 1861; x_wconf 85' lang='grc' dir='ltr'>καὶ</span> <span class='ocrx_word' id='word_1_180' title='bbox 1359 1811 1904 1881; x_wconf 75' lang='grc' dir='ltr'>προσκυνησάτωσαν</span> 
     </span>
    </p>
   </div>
   <div class='ocr_carea' id='block_1_27' title="bbox 299 1893 1905 1966">
    <p class='ocr_par' dir='ltr' id='par_1_27' title="bbox 299 1893 1905 1966">
     <span class='ocr_line' id='line_1_27' title="bbox 299 1893 1905 1966; baseline 0.004 -23"><span class='ocrx_word' id='word_1_181' title='bbox 299 1909 387 1946; x_wconf 89' lang='grc' dir='ltr'>σοι</span> <span class='ocrx_word' id='word_1_182' title='bbox 407 1893 683 1963; x_wconf 68' lang='grc' dir='ltr'>ἄρχοντες</span> <span class='ocrx_word' id='word_1_183' title='bbox 714 1909 728 1922; x_wconf 77' lang='grc'><strong>⁸</strong></span> <span class='ocrx_word' id='word_1_184' title='bbox 758 1893 853 1947; x_wconf 70' lang='grc' dir='ltr'>καὶ</span> <span class='ocrx_word' id='word_1_185' title='bbox 880 1894 1035 1961; x_wconf 82' lang='grc' dir='ltr'>γίνου</span> <span class='ocrx_word' id='word_1_186' title='bbox 1065 1894 1255 1966; x_wconf 78' lang='grc' dir='ltr'>κύριος</span> <span class='ocrx_word' id='word_1_187' title='bbox 1285 1896 1378 1950; x_wconf 81' lang='grc' dir='ltr'>τοῦ</span> <span class='ocrx_word' id='word_1_188' title='bbox 1409 1897 1642 1966; x_wconf 76' lang='grc' dir='ltr'>ἀδελφοῦ</span> <span class='ocrx_word' id='word_1_189' title='bbox 1670 1914 1787 1963; x_wconf 90' lang='grc' dir='ltr'>σου,</span> <span class='ocrx_word' id='word_1_190' title='bbox 1811 1899 1905 1951; x_wconf 58' lang='grc' dir='ltr'><strong>καὶ¹</strong></span> 
     </span>
    </p>
   </div>
   <div class='ocr_carea' id='block_1_28' title="bbox 302 1986 1906 2060">
    <p class='ocr_par' dir='ltr' id='par_1_28' title="bbox 302 1986 1906 2060">
     <span class='ocr_line' id='line_1_28' title="bbox 302 1986 1906 2060; baseline 0.004 -23"><span class='ocrx_word' id='word_1_191' title='bbox 302 1986 764 2055; x_wconf 72' lang='grc' dir='ltr'>προσκυνήσουσί</span> <span class='ocrx_word' id='word_1_192' title='bbox 793 2004 877 2039; x_wconf 92' lang='grc' dir='ltr'><strong>σοι</strong></span> <span class='ocrx_word' id='word_1_193' title='bbox 899 1989 950 2039; x_wconf 90' lang='grc' dir='ltr'><strong>οί</strong></span> <span class='ocrx_word' id='word_1_194' title='bbox 982 1988 1090 2041; x_wconf 71' lang='lat' dir='ltr'><strong>uici.</strong></span> <span class='ocrx_word' id='word_1_195' title='bbox 1114 1989 1210 2042; x_wconf 82' lang='grc' dir='ltr'><strong>τοῦ</strong></span> <span class='ocrx_word' id='word_1_196' title='bbox 1241 1990 1451 2060; x_wconf 81' lang='grc' dir='ltr'>πατρός</span> <span class='ocrx_word' id='word_1_197' title='bbox 1484 2007 1601 2044; x_wconf 91' lang='grc' dir='ltr'>σου.</span> <span class='ocrx_word' id='word_1_198' title='bbox 1639 1990 1697 2043; x_wconf 80' lang='grc' dir='ltr'><strong>Ὀ</strong></span> <span class='ocrx_word' id='word_1_199' title='bbox 1737 2007 1906 2043; x_wconf 86' lang='grc' dir='ltr'>κατα-</span> 
     </span>
    </p>
   </div>
   <div class='ocr_carea' id='block_1_29' title="bbox 306 2077 1903 2153">
    <p class='ocr_par' dir='ltr' id='par_1_29' title="bbox 306 2077 1903 2153">
     <span class='ocr_line' id='line_1_29' title="bbox 306 2077 1903 2153; baseline 0.003 -22"><span class='ocrx_word' id='word_1_200' title='bbox 306 2077 563 2148; x_wconf 73' lang='grc' dir='ltr'>ρώμενός</span> <span class='ocrx_word' id='word_1_201' title='bbox 594 2096 657 2132; x_wconf 77' lang='grc' dir='ltr'>σε</span> <span class='ocrx_word' id='word_1_202' title='bbox 702 2082 1133 2153; x_wconf 71' lang='grc' dir='ltr'>ἑπικατὰρκτος,</span> <span class='ocrx_word' id='word_1_203' title='bbox 1180 2084 1208 2135; x_wconf 84' lang='grc' dir='ltr'><strong>ό</strong></span> <span class='ocrx_word' id='word_1_204' title='bbox 1244 2084 1300 2137; x_wconf 76' lang='grc' dir='ltr'><strong>δὲ</strong></span> <span class='ocrx_word' id='word_1_205' title='bbox 1333 2083 1580 2151; x_wconf 80' lang='grc' dir='ltr'>εὐλογῶν</span> <span class='ocrx_word' id='word_1_206' title='bbox 1636 2098 1695 2135; x_wconf 77' lang='grc' dir='ltr'>σε</span> <span class='ocrx_word' id='word_1_207' title='bbox 1752 2082 1903 2136; x_wconf 84' lang='grc' dir='ltr'>εὐλο-</span> 
     </span>
    </p>
   </div>
   <div class='ocr_carea' id='block_1_30' title="bbox 300 2171 1903 2246">
    <p class='ocr_par' dir='ltr' id='par_1_30' title="bbox 300 2171 1903 2246">
     <span class='ocr_line' id='line_1_30' title="bbox 300 2171 1903 2246; baseline 0.004 -22"><span class='ocrx_word' id='word_1_208' title='bbox 300 2171 573 2240; x_wconf 73' lang='grc' dir='ltr'>γημένος.</span> <span class='ocrx_word' id='word_1_209' title='bbox 614 2191 634 2224; x_wconf 74' lang='grc' dir='ltr'><strong>ι</strong></span> <span class='ocrx_word' id='word_1_210' title='bbox 669 2172 750 2243; x_wconf 73' lang='grc'><strong>(2)</strong></span> <span class='ocrx_word' id='word_1_211' title='bbox 781 2172 927 2243; x_wconf 73' lang='grc' dir='ltr'>Πρὸς</span> <span class='ocrx_word' id='word_1_212' title='bbox 959 2173 1016 2227; x_wconf 69' lang='grc' dir='ltr'><strong>δὲ</strong></span> <span class='ocrx_word' id='word_1_213' title='bbox 1067 2174 1158 2228; x_wconf 79' lang='grc' dir='ltr'>τὸν</span> <span class='ocrx_word' id='word_1_214' title='bbox 1201 2174 1374 2229; x_wconf 83' lang='grc' dir='ltr'><strong>Ἡσαῦ</strong></span> <span class='ocrx_word' id='word_1_215' title='bbox 1403 2193 1571 2246; x_wconf 82' lang='grc' dir='ltr'>φησιν</span> <span class='ocrx_word' id='word_1_216' title='bbox 1600 2176 1645 2208; x_wconf 80' lang='grc'>⁸³</span> <span class='ocrx_word' id='word_1_217' title='bbox 1684 2192 1731 2228; x_wconf 80' lang='grc' dir='ltr'><strong>ἰ</strong></span> <span class='ocrx_word' id='word_1_218' title='bbox 1770 2176 1903 2231; x_wconf 73' lang='grc' dir='ltr'><strong>Ἰδοὺ</strong></span> 
     </span>
    </p>
   </div>
   <div class='ocr_carea' id='block_1_31' title="bbox 302 2261 1904 2336">
    <p class='ocr_par' dir='ltr' id='par_1_31' title="bbox 302 2261 1904 2336">
     <span class='ocr_line' id='line_1_31' title="bbox 302 2261 1904 2336; baseline 0.004 -23"><span class='ocrx_word' id='word_1_219' title='bbox 302 2261 415 2314; x_wconf 74' lang='grc' dir='ltr'><strong>ἀπὸ</strong></span> <span class='ocrx_word' id='word_1_220' title='bbox 449 2263 558 2331; x_wconf 76' lang='grc' dir='ltr'>τῆς</span> <span class='ocrx_word' id='word_1_221' title='bbox 586 2262 849 2332; x_wconf 80' lang='grc' dir='ltr'><strong>πιότητος</strong></span> <span class='ocrx_word' id='word_1_222' title='bbox 882 2264 983 2333; x_wconf 77' lang='grc' dir='ltr'>τῆς</span> <span class='ocrx_word' id='word_1_223' title='bbox 1012 2264 1115 2335; x_wconf 83' lang='grc' dir='ltr'>γῆς</span> <span class='ocrx_word' id='word_1_224' title='bbox 1139 2264 1292 2319; x_wconf 78' lang='grc' dir='ltr'>ἔσται</span> <span class='ocrx_word' id='word_1_225' title='bbox 1317 2267 1349 2336; x_wconf 78' lang='grc' dir='ltr'>ἡ</span> <span class='ocrx_word' id='word_1_226' title='bbox 1382 2266 1638 2320; x_wconf 83' lang='grc' dir='ltr'>κατοικία</span> <span class='ocrx_word' id='word_1_227' title='bbox 1683 2283 1777 2319; x_wconf 87' lang='grc' dir='ltr'>σου</span> <span class='ocrx_word' id='word_1_228' title='bbox 1805 2268 1904 2320; x_wconf 81' lang='grc' dir='ltr'>καὶ</span> 
     </span>
    </p>
   </div>
   <div class='ocr_carea' id='block_1_32' title="bbox 300 2353 1906 2430">
    <p class='ocr_par' dir='ltr' id='par_1_32' title="bbox 300 2353 1906 2430">
     <span class='ocr_line' id='line_1_32' title="bbox 300 2353 1906 2430; baseline 0.004 -25"><span class='ocrx_word' id='word_1_229' title='bbox 300 2353 411 2405; x_wconf 72' lang='grc' dir='ltr'><strong>ἀπὸ</strong></span> <span class='ocrx_word' id='word_1_230' title='bbox 431 2353 539 2422; x_wconf 78' lang='grc' dir='ltr'>τῆς</span> <span class='ocrx_word' id='word_1_231' title='bbox 565 2353 766 2424; x_wconf 73' lang='grc' dir='ltr'>δρόσου</span> <span class='ocrx_word' id='word_1_232' title='bbox 789 2354 885 2408; x_wconf 79' lang='grc' dir='ltr'><strong>τοῦ</strong></span> <span class='ocrx_word' id='word_1_233' title='bbox 916 2355 1148 2425; x_wconf 79' lang='grc' dir='ltr'>οὐρανοῦ</span> <span class='ocrx_word' id='word_1_234' title='bbox 1168 2356 1377 2411; x_wconf 78' lang='grc' dir='ltr'>ἄνωθεν</span> <span class='ocrx_word' id='word_1_235' title='bbox 1408 2373 1422 2388; x_wconf 88' lang='grc'><strong>·</strong></span> <span class='ocrx_word' id='word_1_236' title='bbox 1448 2359 1542 2411; x_wconf 68' lang='grc' dir='ltr'><strong>ἐπὶ</strong></span> <span class='ocrx_word' id='word_1_237' title='bbox 1563 2360 1628 2430; x_wconf 79' lang='grc' dir='ltr'>τῇ</span> <span class='ocrx_word' id='word_1_238' title='bbox 1658 2358 1906 2430; x_wconf 78' lang='grc' dir='ltr'>μαχαίρᾳ</span> 
     </span>
    </p>
   </div>
   <div class='ocr_carea' id='block_1_33' title="bbox 304 2443 1903 2516">
    <p class='ocr_par' dir='ltr' id='par_1_33' title="bbox 304 2443 1903 2516">
     <span class='ocr_line' id='line_1_33' title="bbox 304 2443 1903 2516; baseline 0.006 -22"><span class='ocrx_word' id='word_1_239' title='bbox 304 2459 404 2495; x_wconf 81' lang='grc' dir='ltr'><strong>σου</strong></span> <span class='ocrx_word' id='word_1_240' title='bbox 439 2443 616 2513; x_wconf 77' lang='grc' dir='ltr'><strong>ζήσῃ,</strong></span> <span class='ocrx_word' id='word_1_241' title='bbox 657 2447 750 2497; x_wconf 73' lang='grc' dir='ltr'>καὶ</span> <span class='ocrx_word' id='word_1_242' title='bbox 788 2444 869 2513; x_wconf 79' lang='grc' dir='ltr'>τῷ</span> <span class='ocrx_word' id='word_1_243' title='bbox 902 2446 1118 2516; x_wconf 74' lang='grc' dir='ltr'><strong>ἁδελφῷ</strong></span> <span class='ocrx_word' id='word_1_244' title='bbox 1147 2465 1243 2501; x_wconf 86' lang='grc' dir='ltr'>σου</span> <span class='ocrx_word' id='word_1_245' title='bbox 1271 2448 1577 2512; x_wconf 74' lang='grc' dir='ltr'>δουλεύσεις</span> <span class='ocrx_word' id='word_1_246' title='bbox 1612 2466 1628 2482; x_wconf 75' lang='grc' dir='ltr'>ο</span> <span class='ocrx_word' id='word_1_247' title='bbox 1663 2449 1818 2503; x_wconf 78' lang='grc' dir='ltr'>ἔσται</span> <span class='ocrx_word' id='word_1_248' title='bbox 1844 2450 1903 2503; x_wconf 68' lang='grc' dir='ltr'><strong>δὲ</strong></span> 
     </span>
    </p>
   </div>
   <div class='ocr_carea' id='block_1_34' title="bbox 303 2535 1902 2609">
    <p class='ocr_par' dir='ltr' id='par_1_34' title="bbox 303 2535 1902 2609">
     <span class='ocr_line' id='line_1_34' title="bbox 303 2535 1902 2609; baseline 0.008 -24"><span class='ocrx_word' id='word_1_249' title='bbox 303 2535 477 2601; x_wconf 70' lang='grc' dir='ltr'>ἡνίκα</span> <span class='ocrx_word' id='word_1_250' title='bbox 501 2535 572 2587; x_wconf 74' lang='grc' dir='ltr'>ἂν</span> <span class='ocrx_word' id='word_1_251' title='bbox 613 2536 851 2609; x_wconf 80' lang='grc' dir='ltr'><strong>καθέλῃς</strong></span> <span class='ocrx_word' id='word_1_252' title='bbox 890 2539 1117 2593; x_wconf 72' lang='grc' dir='ltr'>ἑλκύσαι</span> <span class='ocrx_word' id='word_1_253' title='bbox 1147 2540 1239 2594; x_wconf 86' lang='grc' dir='ltr'><strong>τὸν</strong></span> <span class='ocrx_word' id='word_1_254' title='bbox 1266 2540 1431 2609; x_wconf 79' lang='grc' dir='ltr'>ζυγὸν</span> <span class='ocrx_word' id='word_1_255' title='bbox 1459 2541 1627 2596; x_wconf 84' lang='grc' dir='ltr'>αὐτοῦ</span> <span class='ocrx_word' id='word_1_256' title='bbox 1667 2545 1775 2596; x_wconf 76' lang='grc' dir='ltr'><strong>ἀπὸ</strong></span> <span class='ocrx_word' id='word_1_257' title='bbox 1804 2543 1902 2597; x_wconf 76' lang='grc' dir='ltr'><strong>τοῦ</strong></span> 
     </span>
    </p>
   </div>
   <div class='ocr_carea' id='block_1_35' title="bbox 302 2625 1901 2702">
    <p class='ocr_par' dir='ltr' id='par_1_35' title="bbox 302 2625 1901 2702">
     <span class='ocr_line' id='line_1_35' title="bbox 302 2625 1901 2702; baseline 0.007 -26"><span class='ocrx_word' id='word_1_258' title='bbox 302 2625 591 2695; x_wconf 78' lang='grc' dir='ltr'>τραχήλου</span> <span class='ocrx_word' id='word_1_259' title='bbox 627 2645 742 2690; x_wconf 85' lang='grc' dir='ltr'>σου,</span> <span class='ocrx_word' id='word_1_260' title='bbox 785 2650 803 2681; x_wconf 72' lang='grc' dir='ltr'><strong>ι</strong></span> <span class='ocrx_word' id='word_1_261' title='bbox 836 2630 1241 2702; x_wconf 77' lang='grc' dir='ltr'><strong>πλημμελήσας</strong></span> <span class='ocrx_word' id='word_1_262' title='bbox 1268 2632 1618 2702; x_wconf 79' lang='grc' dir='ltr'>πλημμὲλιαν</span> <span class='ocrx_word' id='word_1_263' title='bbox 1646 2633 1901 2688; x_wconf 70' lang='grc' dir='ltr'>θανάτου.</span> 
     </span>
    </p>
   </div>
   <div class='ocr_carea' id='block_1_36' title="bbox 306 2718 1898 2799">
    <p class='ocr_par' dir='ltr' id='par_1_36' title="bbox 306 2718 1898 2799">
     <span class='ocr_line' id='line_1_36' title="bbox 306 2718 1898 2799; baseline 0.007 -29"><span class='ocrx_word' id='word_1_264' title='bbox 306 2718 386 2786; x_wconf 79' lang='lat'><strong>(3}</strong></span> <span class='ocrx_word' id='word_1_265' title='bbox 427 2718 573 2771; x_wconf 80' lang='grc' dir='ltr'>Ἀλλ’</span> <span class='ocrx_word' id='word_1_266' title='bbox 611 2721 670 2772; x_wconf 87' lang='grc' dir='ltr'><strong>αί</strong></span> <span class='ocrx_word' id='word_1_267' title='bbox 704 2722 804 2790; x_wconf 74' lang='grc' dir='ltr'>μὲν</span> <span class='ocrx_word' id='word_1_268' title='bbox 830 2723 1074 2791; x_wconf 73' lang='grc' dir='ltr'>εὐλογίαι</span> <span class='ocrx_word' id='word_1_269' title='bbox 1104 2726 1242 2795; x_wconf 75' lang='grc' dir='ltr'>πρὸς</span> <span class='ocrx_word' id='word_1_270' title='bbox 1272 2728 1366 2779; x_wconf 79' lang='grc' dir='ltr'>τὸν</span> <span class='ocrx_word' id='word_1_271' title='bbox 1404 2727 1605 2780; x_wconf 76' lang='grc' dir='ltr'>Ἰακώϐ</span> <span class='ocrx_word' id='word_1_272' title='bbox 1651 2728 1898 2799; x_wconf 72' lang='grc' dir='ltr'>ὲρῤήθη-</span> 
     </span>
    </p>
   </div>
   <div class='ocr_carea' id='block_1_37' title="bbox 309 2814 1906 2889">
    <p class='ocr_par' dir='ltr' id='par_1_37' title="bbox 309 2814 1906 2889">
     <span class='ocr_line' id='line_1_37' title="bbox 309 2814 1906 2889; baseline 0.007 -27"><span class='ocrx_word' id='word_1_273' title='bbox 309 2825 435 2874; x_wconf 82' lang='grc' dir='ltr'>σαν,</span> <span class='ocrx_word' id='word_1_274' title='bbox 481 2814 574 2881; x_wconf 69' lang='grc' dir='ltr'><strong>ἐφ’</strong></span> <span class='ocrx_word' id='word_1_275' title='bbox 620 2815 846 2883; x_wconf 71' lang='grc' dir='ltr'>ἐτέρους</span> <span class='ocrx_word' id='word_1_276' title='bbox 879 2815 938 2868; x_wconf 69' lang='grc' dir='ltr'><strong>δὲ</strong></span> <span class='ocrx_word' id='word_1_277' title='bbox 985 2818 1389 2888; x_wconf 70' lang='grc' dir='ltr'>ὲκεκλήρωντο,</span> <span class='ocrx_word' id='word_1_278' title='bbox 1420 2818 1674 2889; x_wconf 74' lang='grc' dir='ltr'>καθάπερ</span> <span class='ocrx_word' id='word_1_279' title='bbox 1717 2820 1906 2873; x_wconf 80' lang='grc' dir='ltr'>καὶτὸ</span> 
     </span>
    </p>
   </div>
   <div class='ocr_carea' id='block_1_38' title="bbox 305 2900 1907 2983">
    <p class='ocr_par' dir='ltr' id='par_1_38' title="bbox 305 2900 1907 2983">
     <span class='ocr_line' id='line_1_38' title="bbox 305 2900 1907 2983; baseline 0.007 -34"><span class='ocrx_word' id='word_1_280' title='bbox 305 2900 402 2954; x_wconf 68' lang='grc' dir='ltr'><strong>ἰπὶ</strong></span> <span class='ocrx_word' id='word_1_281' title='bbox 436 2902 534 2957; x_wconf 77' lang='grc' dir='ltr'>τοῦ</span> <span class='ocrx_word' id='word_1_282' title='bbox 563 2903 793 2974; x_wconf 83' lang='grc' dir='ltr'>Συμεὼν</span> <span class='ocrx_word' id='word_1_283' title='bbox 822 2908 919 2959; x_wconf 74' lang='grc' dir='ltr'>καὶ</span> <span class='ocrx_word' id='word_1_284' title='bbox 947 2905 1078 2958; x_wconf 70' lang='lat' dir='ltr'><strong>Aeni</strong></span> <span class='ocrx_word' id='word_1_285' title='bbox 1116 2910 1269 2983; x_wconf 66' lang='grc' dir='ltr'>παρὰ</span> <span class='ocrx_word' id='word_1_286' title='bbox 1314 2906 1409 2961; x_wconf 77' lang='grc' dir='ltr'><strong>τοῦ</strong></span> <span class='ocrx_word' id='word_1_287' title='bbox 1452 2907 1650 2979; x_wconf 83' lang='grc' dir='ltr'>Ἰακὼβ</span> <span class='ocrx_word' id='word_1_288' title='bbox 1680 2910 1907 2979; x_wconf 78' lang='grc' dir='ltr'>εἰρημέ-</span> 
     </span>
    </p>
   </div>
   <div class='ocr_carea' id='block_1_39' title="bbox 307 2995 1907 3075">
    <p class='ocr_par' dir='ltr' id='par_1_39' title="bbox 307 2995 1907 3075">
     <span class='ocr_line' id='line_1_39' title="bbox 307 2995 1907 3075; baseline 0.006 -27"><span class='ocrx_word' id='word_1_289' title='bbox 307 3011 403 3048; x_wconf 83' lang='grc' dir='ltr'><strong>νον</strong></span> <span class='ocrx_word' id='word_1_290' title='bbox 437 2995 589 3049; x_wconf 72' lang='grc' dir='ltr'>ἔστιν</span> <span class='ocrx_word' id='word_1_291' title='bbox 622 2998 754 3051; x_wconf 72' lang='grc' dir='ltr'><strong>ἰδεῖν</strong></span> <span class='ocrx_word' id='word_1_292' title='bbox 797 3017 810 3029; x_wconf 75' lang='grc' dir='ltr'>ο</span> <span class='ocrx_word' id='word_1_293' title='bbox 849 3000 895 3032; x_wconf 69' lang='grc'><strong>⁴⁸</strong></span> <span class='ocrx_word' id='word_1_294' title='bbox 933 3018 951 3050; x_wconf 85' lang='grc' dir='ltr'><strong>ι</strong></span> <span class='ocrx_word' id='word_1_295' title='bbox 988 3003 1264 3074; x_wconf 78' lang='grc' dir='ltr'>Διαμεριῶ</span> <span class='ocrx_word' id='word_1_296' title='bbox 1294 3003 1427 3075; x_wconf 81' lang='grc' dir='ltr'>γὰρ,</span> <span class='ocrx_word' id='word_1_297' title='bbox 1479 3005 1667 3075; x_wconf 82' lang='grc' dir='ltr'>φησὶν,</span> <span class='ocrx_word' id='word_1_298' title='bbox 1707 3004 1907 3067; x_wconf 76' lang='grc' dir='ltr'>αὐτοὺς</span> 
     </span>
    </p>
   </div>
   <div class='ocr_carea' id='block_1_40' title="bbox 2014 1520 3601 1594">
    <p class='ocr_par' dir='ltr' id='par_1_40' title="bbox 2014 1520 3601 1594">
     <span class='ocr_line' id='line_1_40' title="bbox 2014 1520 3601 1594; baseline -0.014 0"><span class='ocrx_word' id='word_1_299' title='bbox 2014 1535 2292 1594; x_wconf 78' lang='lat' dir='ltr'><strong>benedixit</strong></span> <span class='ocrx_word' id='word_1_300' title='bbox 2319 1532 2511 1588; x_wconf 89' lang='lat' dir='ltr'><strong>dicens</strong></span> <span class='ocrx_word' id='word_1_301' title='bbox 2545 1550 2557 1584; x_wconf 89' lang='lat'>:</span> <span class='ocrx_word' id='word_1_302' title='bbox 2597 1549 2615 1582; x_wconf 77' lang='grc' dir='ltr'><strong>ι</strong></span> <span class='ocrx_word' id='word_1_303' title='bbox 2661 1527 2820 1582; x_wconf 85' lang='lat' dir='ltr'><strong>Dabit</strong></span> <span class='ocrx_word' id='word_1_304' title='bbox 2857 1525 2952 1580; x_wconf 86' lang='lat' dir='ltr'><strong>tibi</strong></span> <span class='ocrx_word' id='word_1_305' title='bbox 2983 1524 3124 1577; x_wconf 79' lang='lat' dir='ltr'><strong>Deus</strong></span> <span class='ocrx_word' id='word_1_306' title='bbox 3146 1522 3213 1577; x_wconf 91' lang='lat' dir='ltr'><strong>de</strong></span> <span class='ocrx_word' id='word_1_307' title='bbox 3237 1536 3360 1576; x_wconf 88' lang='lat' dir='ltr'><strong>rore</strong></span> <span class='ocrx_word' id='word_1_308' title='bbox 3392 1520 3513 1575; x_wconf 69' lang='grc' dir='ltr'>σαιιί</span> <span class='ocrx_word' id='word_1_309' title='bbox 3547 1529 3601 1574; x_wconf 90' lang='lat' dir='ltr'><strong>et</strong></span> 
     </span>
    </p>
   </div>
   <div class='ocr_carea' id='block_1_41' title="bbox 2012 1614 3600 1700">
    <p class='ocr_par' dir='ltr' id='par_1_41' title="bbox 2012 1614 3600 1700">
     <span class='ocr_line' id='line_1_41' title="bbox 2012 1614 3600 1700; baseline -0.013 -14"><span class='ocrx_word' id='word_1_310' title='bbox 2012 1635 2081 1686; x_wconf 84' lang='lat' dir='ltr'><strong>de</strong></span> <span class='ocrx_word' id='word_1_311' title='bbox 2111 1627 2445 1700; x_wconf 88' lang='lat' dir='ltr'><strong>pinguedine</strong></span> <span class='ocrx_word' id='word_1_312' title='bbox 2492 1636 2673 1687; x_wconf 61' lang='lat' dir='ltr'><strong>terra,</strong></span> <span class='ocrx_word' id='word_1_313' title='bbox 2712 1631 2765 1675; x_wconf 87' lang='lat' dir='ltr'><strong>et</strong></span> <span class='ocrx_word' id='word_1_314' title='bbox 2800 1618 3198 1674; x_wconf 85' lang='lat' dir='ltr'><strong>abundantiam</strong></span> <span class='ocrx_word' id='word_1_315' title='bbox 3242 1614 3505 1669; x_wconf 87' lang='lat' dir='ltr'><strong>frumenti</strong></span> <span class='ocrx_word' id='word_1_316' title='bbox 3546 1625 3600 1666; x_wconf 78' lang='lat' dir='ltr'><strong>et</strong></span> 
     </span>
    </p>
   </div>
   <div class='ocr_carea' id='block_1_42' title="bbox 2017 1707 3601 1785">
    <p class='ocr_par' dir='ltr' id='par_1_42' title="bbox 2017 1707 3601 1785">
     <span class='ocr_line' id='line_1_42' title="bbox 2017 1707 3601 1785; baseline -0.011 -9"><span class='ocrx_word' id='word_1_317' title='bbox 2017 1723 2146 1785; x_wconf 82' lang='lat' dir='ltr'><strong>\‘ini,</strong></span> <span class='ocrx_word' id='word_1_318' title='bbox 2167 1729 2225 1774; x_wconf 87' lang='lat' dir='ltr'><strong>ut</strong></span> <span class='ocrx_word' id='word_1_319' title='bbox 2242 1718 2484 1774; x_wconf 80' lang='lat' dir='ltr'><strong>serviant</strong></span> <span class='ocrx_word' id='word_1_320' title='bbox 2502 1715 2595 1769; x_wconf 85' lang='lat' dir='ltr'><strong>tibi</strong></span> <span class='ocrx_word' id='word_1_321' title='bbox 2618 1713 2824 1783; x_wconf 85' lang='lat' dir='ltr'><strong>populi,</strong></span> <span class='ocrx_word' id='word_1_322' title='bbox 2843 1723 2897 1767; x_wconf 90' lang='lat' dir='ltr'><strong>et</strong></span> <span class='ocrx_word' id='word_1_323' title='bbox 2921 1711 3148 1765; x_wconf 88' lang='lat' dir='ltr'><strong>adorent</strong></span> <span class='ocrx_word' id='word_1_324' title='bbox 3165 1718 3216 1763; x_wconf 90' lang='lat' dir='ltr'><strong>te</strong></span> <span class='ocrx_word' id='word_1_325' title='bbox 3236 1707 3530 1778; x_wconf 88' lang='lat' dir='ltr'><strong>principes.</strong></span> <span class='ocrx_word' id='word_1_326' title='bbox 3548 1719 3601 1759; x_wconf 88' lang='lat' dir='ltr'><strong>et</strong></span> 
     </span>
    </p>
   </div>
   <div class='ocr_carea' id='block_1_43' title="bbox 2008 1797 3595 1870">
    <p class='ocr_par' dir='ltr' id='par_1_43' title="bbox 2008 1797 3595 1870">
     <span class='ocr_line' id='line_1_43' title="bbox 2008 1797 3595 1870; baseline -0.013 0"><span class='ocrx_word' id='word_1_327' title='bbox 2008 1824 2126 1870; x_wconf 85' lang='lat' dir='ltr'><strong>esto</strong></span> <span class='ocrx_word' id='word_1_328' title='bbox 2142 1813 2397 1866; x_wconf 84' lang='lat' dir='ltr'><strong>dominus</strong></span> <span class='ocrx_word' id='word_1_329' title='bbox 2417 1807 2602 1863; x_wconf 83' lang='lat' dir='ltr'><strong>fratris</strong></span> <span class='ocrx_word' id='word_1_330' title='bbox 2622 1806 2721 1867; x_wconf 89' lang='lat' dir='ltr'><strong>tui,</strong></span> <span class='ocrx_word' id='word_1_331' title='bbox 2746 1814 2799 1858; x_wconf 93' lang='lat' dir='ltr'><strong>et</strong></span> <span class='ocrx_word' id='word_1_332' title='bbox 2820 1802 3259 1858; x_wconf 88' lang='lat' dir='ltr'><strong>incurvabuntur</strong></span> <span class='ocrx_word' id='word_1_333' title='bbox 3280 1808 3405 1852; x_wconf 81' lang='lat' dir='ltr'><strong>ante</strong></span> <span class='ocrx_word' id='word_1_334' title='bbox 3431 1808 3481 1852; x_wconf 90' lang='lat' dir='ltr'><strong>te</strong></span> <span class='ocrx_word' id='word_1_335' title='bbox 3499 1797 3595 1851; x_wconf 84' lang='lat' dir='ltr'><strong>lilii</strong></span> 
     </span>
    </p>
   </div>
   <div class='ocr_carea' id='block_1_44' title="bbox 2010 1889 3597 1976">
    <p class='ocr_par' dir='ltr' id='par_1_44' title="bbox 2010 1889 3597 1976">
     <span class='ocr_line' id='line_1_44' title="bbox 2010 1889 3597 1976; baseline -0.014 -14"><span class='ocrx_word' id='word_1_336' title='bbox 2010 1904 2292 1976; x_wconf 87' lang='lat' dir='ltr'><strong>patristui.</strong></span> <span class='ocrx_word' id='word_1_337' title='bbox 2319 1902 2422 1968; x_wconf 86' lang='lat' dir='ltr'><strong>Qui</strong></span> <span class='ocrx_word' id='word_1_338' title='bbox 2457 1896 2798 1953; x_wconf 78' lang='lat' dir='ltr'><strong>maledixerit</strong></span> <span class='ocrx_word' id='word_1_339' title='bbox 2817 1896 2935 1957; x_wconf 86' lang='lat' dir='ltr'><strong>tibi,</strong></span> <span class='ocrx_word' id='word_1_340' title='bbox 2968 1889 3597 1957; x_wconf 85' lang='lat' dir='ltr'><strong>maledictus,etquibe-</strong></span> 
     </span>
    </p>
   </div>
   <div class='ocr_carea' id='block_1_45' title="bbox 2011 1978 3598 2057">
    <p class='ocr_par' dir='ltr' id='par_1_45' title="bbox 2011 1978 3598 2057">
     <span class='ocr_line' id='line_1_45' title="bbox 2011 1978 3598 2057; baseline -0.012 -6"><span class='ocrx_word' id='word_1_341' title='bbox 2011 1994 2276 2053; x_wconf 81' lang='lat' dir='ltr'><strong>nedixerit</strong></span> <span class='ocrx_word' id='word_1_342' title='bbox 2300 1994 2419 2057; x_wconf 91' lang='lat' dir='ltr'><strong>tibi,</strong></span> <span class='ocrx_word' id='word_1_343' title='bbox 2432 1989 2771 2047; x_wconf 86' lang='lat' dir='ltr'><strong>benedictus.</strong></span> <span class='ocrx_word' id='word_1_344' title='bbox 2786 2006 2801 2037; x_wconf 78' lang='grc' dir='ltr'><strong>ι</strong></span> <span class='ocrx_word' id='word_1_345' title='bbox 2814 1985 2891 2039; x_wconf 85' lang='lat' dir='ltr'><strong>Ad</strong></span> <span class='ocrx_word' id='word_1_346' title='bbox 2919 1983 3061 2039; x_wconf 83' lang='lat' dir='ltr'><strong>Esau</strong></span> <span class='ocrx_word' id='word_1_347' title='bbox 3078 1998 3207 2037; x_wconf 88' lang='lat' dir='ltr'><strong>vero</strong></span> <span class='ocrx_word' id='word_1_348' title='bbox 3221 1982 3359 2036; x_wconf 72' lang='lat' dir='ltr'><strong>dixit</strong></span> <span class='ocrx_word' id='word_1_349' title='bbox 3380 1999 3393 2034; x_wconf 89' lang='lat'><strong>:</strong></span> <span class='ocrx_word' id='word_1_350' title='bbox 3427 1999 3448 2031; x_wconf 88' lang='grc' dir='ltr'><strong>ι</strong></span> <span class='ocrx_word' id='word_1_351' title='bbox 3462 1978 3598 2057; x_wconf 71' lang='lat' dir='ltr'><strong>Ecce</strong></span> 
     </span>
    </p>
   </div>
   <div class='ocr_carea' id='block_1_46' title="bbox 2007 2052 3597 2159">
    <p class='ocr_par' dir='ltr' id='par_1_46' title="bbox 2007 2052 3597 2159">
     <span class='ocr_line' id='line_1_46' title="bbox 2007 2052 3597 2159; baseline -0.013 -13"><span class='ocrx_word' id='word_1_352' title='bbox 2007 2091 2075 2146; x_wconf 86' lang='lat' dir='ltr'><strong>de</strong></span> <span class='ocrx_word' id='word_1_353' title='bbox 2094 2086 2419 2159; x_wconf 83' lang='lat' dir='ltr'><strong>pinguedine</strong></span> <span class='ocrx_word' id='word_1_354' title='bbox 2435 2096 2590 2138; x_wconf 70' lang='lat' dir='ltr'><strong>terrae</strong></span> <span class='ocrx_word' id='word_1_355' title='bbox 2606 2081 2711 2135; x_wconf 86' lang='lat' dir='ltr'><strong>erit</strong></span> <span class='ocrx_word' id='word_1_356' title='bbox 2732 2078 2997 2133; x_wconf 88' lang='lat' dir='ltr'><strong>habitatio</strong></span> <span class='ocrx_word' id='word_1_357' title='bbox 3029 2085 3142 2141; x_wconf 86' lang='lat' dir='ltr'><strong>tua,</strong></span> <span class='ocrx_word' id='word_1_358' title='bbox 3166 2086 3220 2129; x_wconf 87' lang='lat' dir='ltr'><strong>et</strong></span> <span class='ocrx_word' id='word_1_359' title='bbox 3241 2075 3309 2128; x_wconf 86' lang='lat' dir='ltr'><strong>de</strong></span> <span class='ocrx_word' id='word_1_360' title='bbox 3338 2088 3460 2128; x_wconf 89' lang='lat' dir='ltr'><strong>rore</strong></span> <span class='ocrx_word' id='word_1_361' title='bbox 3475 2052 3597 2127; x_wconf 76' lang='lat' dir='ltr'><strong>cmli</strong></span> 
     </span>
    </p>
   </div>
   <div class='ocr_carea' id='block_1_47' title="bbox 2008 2162 3594 2244">
    <p class='ocr_par' dir='ltr' id='par_1_47' title="bbox 2008 2162 3594 2244">
     <span class='ocr_line' id='line_1_47' title="bbox 2008 2162 3594 2244; baseline -0.011 -14"><span class='ocrx_word' id='word_1_362' title='bbox 2008 2177 2265 2244; x_wconf 88' lang='lat' dir='ltr'><strong>desuper.</strong></span> <span class='ocrx_word' id='word_1_363' title='bbox 2304 2171 2359 2225; x_wconf 91' lang='lat' dir='ltr'><strong>In</strong></span> <span class='ocrx_word' id='word_1_364' title='bbox 2395 2170 2575 2240; x_wconf 81' lang='lat' dir='ltr'><strong>gladio</strong></span> <span class='ocrx_word' id='word_1_365' title='bbox 2616 2178 2709 2221; x_wconf 90' lang='lat' dir='ltr'><strong>tuo</strong></span> <span class='ocrx_word' id='word_1_366' title='bbox 2747 2166 2919 2229; x_wconf 87' lang='lat' dir='ltr'><strong>vives,</strong></span> <span class='ocrx_word' id='word_1_367' title='bbox 2945 2174 2997 2218; x_wconf 89' lang='lat' dir='ltr'><strong>et</strong></span> <span class='ocrx_word' id='word_1_368' title='bbox 3031 2163 3186 2218; x_wconf 84' lang='lat' dir='ltr'><strong>fratri</strong></span> <span class='ocrx_word' id='word_1_369' title='bbox 3216 2173 3310 2217; x_wconf 92' lang='lat' dir='ltr'><strong>tuo</strong></span> <span class='ocrx_word' id='word_1_370' title='bbox 3343 2162 3553 2217; x_wconf 82' lang='lat' dir='ltr'><strong>servies</strong></span> <span class='ocrx_word' id='word_1_371' title='bbox 3581 2178 3594 2211; x_wconf 87' lang='lat'>:</span> 
     </span>
    </p>
   </div>
   <div class='ocr_carea' id='block_1_48' title="bbox 2009 2253 3597 2337">
    <p class='ocr_par' dir='ltr' id='par_1_48' title="bbox 2009 2253 3597 2337">
     <span class='ocr_line' id='line_1_48' title="bbox 2009 2253 3597 2337; baseline -0.01 -13"><span class='ocrx_word' id='word_1_372' title='bbox 2009 2278 2336 2337; x_wconf 83' lang='lat' dir='ltr'><strong>tempusque</strong></span> <span class='ocrx_word' id='word_1_373' title='bbox 2396 2263 2603 2327; x_wconf 76' lang='lat' dir='ltr'><strong>veniet,</strong></span> <span class='ocrx_word' id='word_1_374' title='bbox 2673 2274 2799 2314; x_wconf 90' lang='lat' dir='ltr'><strong>cum</strong></span> <span class='ocrx_word' id='word_1_375' title='bbox 2851 2257 3100 2312; x_wconf 83' lang='lat' dir='ltr'><strong>excutias</strong></span> <span class='ocrx_word' id='word_1_376' title='bbox 3128 2258 3317 2327; x_wconf 73' lang='lat' dir='ltr'><strong>iugum</strong></span> <span class='ocrx_word' id='word_1_377' title='bbox 3382 2254 3503 2324; x_wconf 84' lang='lat' dir='ltr'><strong>ejus</strong></span> <span class='ocrx_word' id='word_1_378' title='bbox 3529 2253 3597 2308; x_wconf 90' lang='lat' dir='ltr'><strong>de</strong></span> 
     </span>
    </p>
   </div>
   <div class='ocr_carea' id='block_1_49' title="bbox 2006 2348 3595 2421">
    <p class='ocr_par' dir='ltr' id='par_1_49' title="bbox 2006 2348 3595 2421">
     <span class='ocr_line' id='line_1_49' title="bbox 2006 2348 3595 2421; baseline -0.012 -4"><span class='ocrx_word' id='word_1_379' title='bbox 2006 2360 2321 2417; x_wconf 83' lang='lat' dir='ltr'><strong>cervicibus</strong></span> <span class='ocrx_word' id='word_1_380' title='bbox 2344 2357 2475 2420; x_wconf 87' lang='lat' dir='ltr'><strong>luis,</strong></span> <span class='ocrx_word' id='word_1_381' title='bbox 2503 2376 2521 2409; x_wconf 71' lang='grc' dir='ltr'><strong>ι</strong></span> <span class='ocrx_word' id='word_1_382' title='bbox 2561 2369 2684 2408; x_wconf 89' lang='lat' dir='ltr'><strong>cum</strong></span> <span class='ocrx_word' id='word_1_383' title='bbox 2712 2350 3028 2421; x_wconf 78' lang='lat' dir='ltr'><strong>peccaveris</strong></span> <span class='ocrx_word' id='word_1_384' title='bbox 3056 2360 3339 2419; x_wconf 81' lang='lat' dir='ltr'><strong>peccatum</strong></span> <span class='ocrx_word' id='word_1_385' title='bbox 3378 2348 3595 2401; x_wconf 79' lang='lat' dir='ltr'><strong>mortis.</strong></span> 
     </span>
    </p>
   </div>
   <div class='ocr_carea' id='block_1_50' title="bbox 2010 2447 3597 2516">
    <p class='ocr_par' dir='ltr' id='par_1_50' title="bbox 2010 2447 3597 2516">
     <span class='ocr_line' id='line_1_50' title="bbox 2010 2447 3597 2516; baseline -0.009 1"><span class='ocrx_word' id='word_1_386' title='bbox 2010 2459 2424 2516; x_wconf 86' lang='lat' dir='ltr'><strong>Benedictiones</strong></span> <span class='ocrx_word' id='word_1_387' title='bbox 2480 2466 2663 2509; x_wconf 86' lang='lat' dir='ltr'><strong>autem</strong></span> <span class='ocrx_word' id='word_1_388' title='bbox 2716 2452 2877 2506; x_wconf 69' lang='lat' dir='ltr'><strong>dicta:</strong></span> <span class='ocrx_word' id='word_1_389' title='bbox 2937 2458 3067 2505; x_wconf 89' lang='lat' dir='ltr'><strong>sunt</strong></span> <span class='ocrx_word' id='word_1_390' title='bbox 3120 2451 3185 2502; x_wconf 77' lang='lat' dir='ltr'><strong>ad</strong></span> <span class='ocrx_word' id='word_1_391' title='bbox 3240 2448 3414 2504; x_wconf 75' lang='lat' dir='ltr'><strong>Iacob</strong></span> <span class='ocrx_word' id='word_1_392' title='bbox 3470 2447 3597 2502; x_wconf 83' lang='lat' dir='ltr'><strong>aliis</strong></span> 
     </span>
    </p>
   </div>
   <div class='ocr_carea' id='block_1_51' title="bbox 2008 2542 3593 2612">
    <p class='ocr_par' dir='ltr' id='par_1_51' title="bbox 2008 2542 3593 2612">
     <span class='ocr_line' id='line_1_51' title="bbox 2008 2542 3593 2612; baseline -0.004 -9"><span class='ocrx_word' id='word_1_393' title='bbox 2008 2567 2140 2607; x_wconf 86' lang='lat' dir='ltr'><strong>vero</strong></span> <span class='ocrx_word' id='word_1_394' title='bbox 2164 2550 2446 2606; x_wconf 61' lang='lat' dir='ltr'><strong>attributae</strong></span> <span class='ocrx_word' id='word_1_395' title='bbox 2474 2555 2628 2612; x_wconf 89' lang='lat' dir='ltr'><strong>sunt,</strong></span> <span class='ocrx_word' id='word_1_396' title='bbox 2656 2554 2717 2600; x_wconf 91' lang='lat' dir='ltr'><strong>ut</strong></span> <span class='ocrx_word' id='word_1_397' title='bbox 2746 2544 2933 2598; x_wconf 84' lang='lat' dir='ltr'><strong>videre</strong></span> <span class='ocrx_word' id='word_1_398' title='bbox 2963 2551 3048 2598; x_wconf 89' lang='lat' dir='ltr'><strong>est</strong></span> <span class='ocrx_word' id='word_1_399' title='bbox 3084 2543 3251 2595; x_wconf 86' lang='lat' dir='ltr'><strong>etiam</strong></span> <span class='ocrx_word' id='word_1_400' title='bbox 3285 2544 3339 2595; x_wconf 89' lang='lat' dir='ltr'><strong>in</strong></span> <span class='ocrx_word' id='word_1_401' title='bbox 3370 2542 3437 2595; x_wconf 89' lang='lat' dir='ltr'><strong>iis</strong></span> <span class='ocrx_word' id='word_1_402' title='bbox 3470 2556 3593 2609; x_wconf 70' lang='lat' dir='ltr'><strong>qua:</strong></span> 
     </span>
    </p>
   </div>
   <div class='ocr_carea' id='block_1_52' title="bbox 2007 2632 3591 2700">
    <p class='ocr_par' dir='ltr' id='par_1_52' title="bbox 2007 2632 3591 2700">
     <span class='ocr_line' id='line_1_52' title="bbox 2007 2632 3591 2700; baseline -0.006 -2"><span class='ocrx_word' id='word_1_403' title='bbox 2007 2644 2073 2698; x_wconf 88' lang='lat' dir='ltr'><strong>ad</strong></span> <span class='ocrx_word' id='word_1_404' title='bbox 2106 2643 2326 2700; x_wconf 87' lang='lat' dir='ltr'><strong>Simeon</strong></span> <span class='ocrx_word' id='word_1_405' title='bbox 2358 2651 2413 2697; x_wconf 89' lang='lat' dir='ltr'><strong>et</strong></span> <span class='ocrx_word' id='word_1_406' title='bbox 2447 2640 2572 2696; x_wconf 83' lang='lat' dir='ltr'><strong>Levi</strong></span> <span class='ocrx_word' id='word_1_407' title='bbox 2604 2655 2635 2696; x_wconf 87' lang='lat' dir='ltr'><strong>a</strong></span> <span class='ocrx_word' id='word_1_408' title='bbox 2689 2637 2861 2694; x_wconf 77' lang='lat' dir='ltr'><strong>Iacob</strong></span> <span class='ocrx_word' id='word_1_409' title='bbox 2890 2635 3034 2691; x_wconf 89' lang='lat' dir='ltr'><strong>dicta</strong></span> <span class='ocrx_word' id='word_1_410' title='bbox 3071 2644 3232 2690; x_wconf 80' lang='lat' dir='ltr'><strong>sunt:</strong></span> <span class='ocrx_word' id='word_1_411' title='bbox 3278 2652 3296 2685; x_wconf 84' lang='grc' dir='ltr'><strong>ι</strong></span> <span class='ocrx_word' id='word_1_412' title='bbox 3317 2681 3321 2684; x_wconf 80' lang='grc'>.</span> <span class='ocrx_word' id='word_1_413' title='bbox 3345 2632 3591 2688; x_wconf 73' lang='lat' dir='ltr'><strong>Dividam</strong></span> 
     </span>
    </p>
   </div>
   <div class='ocr_carea' id='block_1_53' title="bbox 2007 2724 3593 2799">
    <p class='ocr_par' dir='ltr' id='par_1_53' title="bbox 2007 2724 3593 2799">
     <span class='ocr_line' id='line_1_53' title="bbox 2007 2724 3593 2799; baseline -0.007 -11"><span class='ocrx_word' id='word_1_414' title='bbox 2007 2735 2177 2797; x_wconf 91' lang='lat' dir='ltr'><strong>enim,</strong></span> <span class='ocrx_word' id='word_1_415' title='bbox 2225 2734 2422 2799; x_wconf 79' lang='lat' dir='ltr'><strong>inquit,</strong></span> <span class='ocrx_word' id='word_1_416' title='bbox 2478 2747 2575 2785; x_wconf 86' lang='lat' dir='ltr'><strong>eos</strong></span> <span class='ocrx_word' id='word_1_417' title='bbox 2614 2731 2666 2783; x_wconf 88' lang='lat' dir='ltr'><strong>in</strong></span> <span class='ocrx_word' id='word_1_418' title='bbox 2721 2727 2917 2792; x_wconf 72' lang='lat' dir='ltr'><strong>Iacob,</strong></span> <span class='ocrx_word' id='word_1_419' title='bbox 2959 2734 3011 2781; x_wconf 88' lang='lat' dir='ltr'><strong>et</strong></span> <span class='ocrx_word' id='word_1_420' title='bbox 3046 2725 3359 2795; x_wconf 85' lang='lat' dir='ltr'><strong>dispergam</strong></span> <span class='ocrx_word' id='word_1_421' title='bbox 3403 2738 3499 2779; x_wconf 89' lang='lat' dir='ltr'><strong>eos</strong></span> <span class='ocrx_word' id='word_1_422' title='bbox 3538 2724 3593 2777; x_wconf 87' lang='lat' dir='ltr'><strong>in</strong></span> 
     </span>
    </p>
   </div>
   <div class='ocr_carea' id='block_1_54' title="bbox 2014 2818 3594 2889">
    <p class='ocr_par' dir='ltr' id='par_1_54' title="bbox 2014 2818 3594 2889">
     <span class='ocr_line' id='line_1_54' title="bbox 2014 2818 3594 2889; baseline -0.007 -10"><span class='ocrx_word' id='word_1_423' title='bbox 2014 2825 2216 2881; x_wconf 85' lang='lat' dir='ltr'><strong>Israel:</strong></span> <span class='ocrx_word' id='word_1_424' title='bbox 2257 2844 2273 2876; x_wconf 74' lang='grc' dir='ltr'><strong>ι</strong></span> <span class='ocrx_word' id='word_1_425' title='bbox 2309 2834 2549 2878; x_wconf 85' lang='lat' dir='ltr'><strong>attamen</strong></span> <span class='ocrx_word' id='word_1_426' title='bbox 2601 2839 2708 2877; x_wconf 89' lang='lat' dir='ltr'><strong>non</strong></span> <span class='ocrx_word' id='word_1_427' title='bbox 2746 2822 2799 2875; x_wconf 90' lang='lat' dir='ltr'><strong>in</strong></span> <span class='ocrx_word' id='word_1_428' title='bbox 2832 2821 2950 2889; x_wconf 87' lang='lat' dir='ltr'><strong>ipso</strong></span> <span class='ocrx_word' id='word_1_429' title='bbox 2994 2822 3097 2873; x_wconf 90' lang='lat' dir='ltr'><strong>hoc</strong></span> <span class='ocrx_word' id='word_1_430' title='bbox 3126 2818 3331 2874; x_wconf 83' lang='lat' dir='ltr'><strong>factum</strong></span> <span class='ocrx_word' id='word_1_431' title='bbox 3358 2825 3464 2875; x_wconf 91' lang='lat' dir='ltr'><strong>est.</strong></span> <span class='ocrx_word' id='word_1_432' title='bbox 3500 2819 3594 2872; x_wconf 79' lang='lat' dir='ltr'><strong>sed</strong></span> 
     </span>
    </p>
   </div>
   <div class='ocr_carea' id='block_1_55' title="bbox 2011 2910 3598 2985">
    <p class='ocr_par' dir='ltr' id='par_1_55' title="bbox 2011 2910 3598 2985">
     <span class='ocr_line' id='line_1_55' title="bbox 2011 2910 3598 2985; baseline -0.008 -14"><span class='ocrx_word' id='word_1_433' title='bbox 2011 2916 2064 2971; x_wconf 91' lang='lat' dir='ltr'><strong>in</strong></span> <span class='ocrx_word' id='word_1_434' title='bbox 2118 2916 2425 2985; x_wconf 87' lang='lat' dir='ltr'><strong>nepotibus.</strong></span> <span class='ocrx_word' id='word_1_435' title='bbox 2484 2912 2752 2967; x_wconf 85' lang='lat' dir='ltr'><strong>Similiter</strong></span> <span class='ocrx_word' id='word_1_436' title='bbox 2807 2927 2914 2964; x_wconf 89' lang='lat' dir='ltr'><strong>non</strong></span> <span class='ocrx_word' id='word_1_437' title='bbox 2974 2910 3235 2963; x_wconf 85' lang='lat' dir='ltr'><strong>Chanaan</strong></span> <span class='ocrx_word' id='word_1_438' title='bbox 3298 2916 3598 2961; x_wconf 79' lang='lat' dir='ltr'><strong>evenerunt</strong></span> 
     </span>
    </p>
   </div>
   <div class='ocr_carea' id='block_1_56' title="bbox 2011 2996 3591 3077">
    <p class='ocr_par' dir='ltr' id='par_1_56' title="bbox 2011 2996 3591 3077">
     <span class='ocr_line' id='line_1_56' title="bbox 2011 2996 3591 3077; baseline -0.009 -17"><span class='ocrx_word' id='word_1_439' title='bbox 2011 3022 2132 3077; x_wconf 64' lang='lat' dir='ltr'><strong>quae</strong></span> <span class='ocrx_word' id='word_1_440' title='bbox 2155 3021 2182 3059; x_wconf 83' lang='lat' dir='ltr'><strong>a</strong></span> <span class='ocrx_word' id='word_1_441' title='bbox 2213 3004 2326 3059; x_wconf 85' lang='lat' dir='ltr'><strong>Noe</strong></span> <span class='ocrx_word' id='word_1_442' title='bbox 2347 3003 2489 3057; x_wconf 87' lang='lat' dir='ltr'><strong>dicta</strong></span> <span class='ocrx_word' id='word_1_443' title='bbox 2517 3010 2645 3056; x_wconf 86' lang='lat' dir='ltr'><strong>sunt</strong></span> <span class='ocrx_word' id='word_1_444' title='bbox 2669 3001 2721 3052; x_wconf 93' lang='lat' dir='ltr'><strong>in</strong></span> <span class='ocrx_word' id='word_1_445' title='bbox 2749 2999 3040 3067; x_wconf 89' lang='lat' dir='ltr'><strong>nepotibus</strong></span> <span class='ocrx_word' id='word_1_446' title='bbox 3061 2997 3211 3051; x_wconf 90' lang='lat' dir='ltr'><strong>illius</strong></span> <span class='ocrx_word' id='word_1_447' title='bbox 3229 2996 3552 3051; x_wconf 84' lang='lat' dir='ltr'><strong>Gabaonilis</strong></span> <span class='ocrx_word' id='word_1_448' title='bbox 3577 3010 3591 3056; x_wconf 89' lang='lat'><strong>;</strong></span> 
     </span>
    </p>
   </div>
   <div class='ocr_carea' id='block_1_57' title="bbox 307 3086 1904 3168">
    <p class='ocr_par' dir='ltr' id='par_1_57' title="bbox 307 3086 1894 3168">
     <span class='ocr_line' id='line_1_57' title="bbox 307 3086 1894 3168; baseline 0.007 -30"><span class='ocrx_word' id='word_1_449' title='bbox 307 3088 369 3138; x_wconf 76' lang='grc' dir='ltr'>ἐν</span> <span class='ocrx_word' id='word_1_450' title='bbox 417 3086 640 3157; x_wconf 78' lang='grc' dir='ltr'>Ἰακὼβ,</span> <span class='ocrx_word' id='word_1_451' title='bbox 692 3092 783 3143; x_wconf 74' lang='grc' dir='ltr'>καὶ</span> <span class='ocrx_word' id='word_1_452' title='bbox 800 3092 1075 3161; x_wconf 79' lang='grc' dir='ltr'>διασπερῶ</span> <span class='ocrx_word' id='word_1_453' title='bbox 1106 3095 1302 3159; x_wconf 77' lang='grc' dir='ltr'>αὐτοὺς</span> <span class='ocrx_word' id='word_1_454' title='bbox 1342 3097 1399 3149; x_wconf 83' lang='grc' dir='ltr'>ὲν</span> <span class='ocrx_word' id='word_1_455' title='bbox 1438 3097 1678 3168; x_wconf 78' lang='grc' dir='ltr'>Ἰσραὴλ.</span> <span class='ocrx_word' id='word_1_456' title='bbox 1721 3116 1739 3148; x_wconf 73' lang='grc' dir='ltr'><strong>ι</strong></span> <span class='ocrx_word' id='word_1_457' title='bbox 1770 3097 1894 3151; x_wconf 80' lang='grc' dir='ltr'>καί·</span> 
     </span>
    </p>
   </div>
   <div class='ocr_carea' id='block_1_58' title="bbox 2011 3086 3593 3168">
    <p class='ocr_par' dir='ltr' id='par_1_58' title="bbox 2013 3088 3593 3167">
     <span class='ocr_line' id='line_1_58' title="bbox 2013 3088 3593 3167; baseline -0.011 -14"><span class='ocrx_word' id='word_1_458' title='bbox 2013 3100 2099 3153; x_wconf 88' lang='lat' dir='ltr'><strong>hic</strong></span> <span class='ocrx_word' id='word_1_459' title='bbox 2129 3113 2345 3167; x_wconf 83' lang='lat' dir='ltr'><strong>quoque</strong></span> <span class='ocrx_word' id='word_1_460' title='bbox 2379 3095 2581 3165; x_wconf 87' lang='lat' dir='ltr'><strong>pariter</strong></span> <span class='ocrx_word' id='word_1_461' title='bbox 2614 3107 2723 3147; x_wconf 91' lang='lat' dir='ltr'><strong>non</strong></span> <span class='ocrx_word' id='word_1_462' title='bbox 2755 3091 2809 3144; x_wconf 93' lang='lat' dir='ltr'><strong>in</strong></span> <span class='ocrx_word' id='word_1_463' title='bbox 2840 3089 3012 3145; x_wconf 80' lang='lat' dir='ltr'><strong>Jacob</strong></span> <span class='ocrx_word' id='word_1_464' title='bbox 3034 3088 3326 3157; x_wconf 84' lang='lat' dir='ltr'><strong>adimplcta</strong></span> <span class='ocrx_word' id='word_1_465' title='bbox 3367 3094 3493 3138; x_wconf 89' lang='lat' dir='ltr'><strong>sunt</strong></span> <span class='ocrx_word' id='word_1_466' title='bbox 3522 3114 3593 3123; x_wconf 96' lang='lat'><strong>—</strong></span> 
     </span>
    </p>
   </div>
   <div class='ocr_carea' id='block_1_59' title="bbox 308 3180 1904 3252">
    <p class='ocr_par' dir='ltr' id='par_1_59' title="bbox 308 3180 1904 3252">
     <span class='ocr_line' id='line_1_59' title="bbox 308 3180 1904 3252; baseline 0.006 -24"><span class='ocrx_word' id='word_1_467' title='bbox 308 3194 391 3229; x_wconf 83' lang='grc' dir='ltr'><strong>τοι</strong></span> <span class='ocrx_word' id='word_1_468' title='bbox 427 3195 492 3246; x_wconf 87' lang='grc' dir='ltr'>γε</span> <span class='ocrx_word' id='word_1_469' title='bbox 523 3180 627 3230; x_wconf 86' lang='grc' dir='ltr'><strong>οὐκ</strong></span> <span class='ocrx_word' id='word_1_470' title='bbox 652 3180 740 3231; x_wconf 70' lang='grc' dir='ltr'><strong>ἐπ’</strong></span> <span class='ocrx_word' id='word_1_471' title='bbox 763 3181 930 3233; x_wconf 73' lang='grc' dir='ltr'>αὐτοῦ</span> <span class='ocrx_word' id='word_1_472' title='bbox 966 3182 1124 3235; x_wconf 81' lang='grc' dir='ltr'>τοῦτο</span> <span class='ocrx_word' id='word_1_473' title='bbox 1152 3183 1366 3252; x_wconf 73' lang='grc' dir='ltr'>γέγονε,</span> <span class='ocrx_word' id='word_1_474' title='bbox 1392 3183 1510 3238; x_wconf 79' lang='grc' dir='ltr'>ἀλλ’</span> <span class='ocrx_word' id='word_1_475' title='bbox 1548 3186 1643 3239; x_wconf 77' lang='grc' dir='ltr'><strong>ἐπὶ</strong></span> <span class='ocrx_word' id='word_1_476' title='bbox 1674 3184 1781 3237; x_wconf 82' lang='grc' dir='ltr'>τῶν</span> <span class='ocrx_word' id='word_1_477' title='bbox 1812 3186 1904 3252; x_wconf 81' lang='grc' dir='ltr'><strong>ὲγ-</strong></span> 
     </span>
    </p>
   </div>
   <div class='ocr_carea' id='block_1_60' title="bbox 309 3270 1903 3339">
    <p class='ocr_par' dir='ltr' id='par_1_60' title="bbox 309 3270 1903 3339">
     <span class='ocr_line' id='line_1_60' title="bbox 309 3270 1903 3339; baseline 0.004 -17"><span class='ocrx_word' id='word_1_478' title='bbox 309 3270 514 3334; x_wconf 78' lang='grc' dir='ltr'>γόνων.</span> <span class='ocrx_word' id='word_1_479' title='bbox 555 3272 665 3324; x_wconf 77' lang='grc' dir='ltr'><strong>Καὶ</strong></span> <span class='ocrx_word' id='word_1_480' title='bbox 697 3272 878 3339; x_wconf 82' lang='grc' dir='ltr'>μέντοι</span> <span class='ocrx_word' id='word_1_481' title='bbox 919 3274 1019 3327; x_wconf 84' lang='grc' dir='ltr'><strong>οὐκ</strong></span> <span class='ocrx_word' id='word_1_482' title='bbox 1043 3277 1136 3328; x_wconf 73' lang='grc' dir='ltr'><strong>ἐπὶ</strong></span> <span class='ocrx_word' id='word_1_483' title='bbox 1175 3274 1270 3328; x_wconf 82' lang='grc' dir='ltr'>τοῦ</span> <span class='ocrx_word' id='word_1_484' title='bbox 1302 3276 1526 3329; x_wconf 78' lang='grc' dir='ltr'>Χαναὰν</span> <span class='ocrx_word' id='word_1_485' title='bbox 1571 3277 1638 3329; x_wconf 81' lang='grc' dir='ltr'>τὰ</span> <span class='ocrx_word' id='word_1_486' title='bbox 1674 3277 1778 3330; x_wconf 81' lang='grc' dir='ltr'><strong>ὐπὸ</strong></span> <span class='ocrx_word' id='word_1_487' title='bbox 1809 3276 1903 3329; x_wconf 80' lang='grc' dir='ltr'><strong>τοῦ</strong></span> 
     </span>
    </p>
   </div>
   <div class='ocr_carea' id='block_1_61' title="bbox 314 3364 1902 3440">
    <p class='ocr_par' dir='ltr' id='par_1_61' title="bbox 314 3364 1902 3440">
     <span class='ocr_line' id='line_1_61' title="bbox 314 3364 1902 3440; baseline 0.003 -24"><span class='ocrx_word' id='word_1_488' title='bbox 314 3364 446 3416; x_wconf 74' lang='grc' dir='ltr'><strong>Νῶε</strong></span> <span class='ocrx_word' id='word_1_489' title='bbox 484 3364 744 3433; x_wconf 77' lang='grc' dir='ltr'>λεχθέντα</span> <span class='ocrx_word' id='word_1_490' title='bbox 775 3367 855 3428; x_wconf 79' lang='grc' dir='ltr'>εἰς</span> <span class='ocrx_word' id='word_1_491' title='bbox 889 3368 1015 3427; x_wconf 77' lang='grc' dir='ltr'>τοὺς</span> <span class='ocrx_word' id='word_1_492' title='bbox 1045 3367 1303 3435; x_wconf 73' lang='grc' dir='ltr'>ἐγγόνους</span> <span class='ocrx_word' id='word_1_493' title='bbox 1335 3367 1495 3440; x_wconf 77' lang='grc' dir='ltr'><strong>ἐξέϐη</strong></span> <span class='ocrx_word' id='word_1_494' title='bbox 1528 3367 1902 3431; x_wconf 72' lang='grc' dir='ltr'>Γαϐαωνίτας.</span> 
     </span>
    </p>
   </div>
   <div class='ocr_carea' id='block_1_62' title="bbox 318 3453 1904 3531">
    <p class='ocr_par' dir='ltr' id='par_1_62' title="bbox 318 3453 1904 3531">
     <span class='ocr_line' id='line_1_62' title="bbox 318 3453 1904 3531; baseline 0.004 -25"><span class='ocrx_word' id='word_1_495' title='bbox 318 3453 488 3506; x_wconf 67' lang='grc' dir='ltr'>Οὕτω</span> <span class='ocrx_word' id='word_1_496' title='bbox 508 3454 575 3523; x_wconf 78' lang='grc' dir='ltr'>δὴ</span> <span class='ocrx_word' id='word_1_497' title='bbox 604 3454 881 3508; x_wconf 77' lang='grc' dir='ltr'>κάνταῦθα</span> <span class='ocrx_word' id='word_1_498' title='bbox 909 3457 1009 3509; x_wconf 88' lang='grc' dir='ltr'><strong>οὐκ</strong></span> <span class='ocrx_word' id='word_1_499' title='bbox 1034 3459 1124 3511; x_wconf 71' lang='grc' dir='ltr'>ἐπὶ</span> <span class='ocrx_word' id='word_1_500' title='bbox 1144 3458 1238 3512; x_wconf 82' lang='grc' dir='ltr'>τοῦ</span> <span class='ocrx_word' id='word_1_501' title='bbox 1279 3458 1472 3530; x_wconf 81' lang='grc' dir='ltr'>Ἰακὼβ</span> <span class='ocrx_word' id='word_1_502' title='bbox 1498 3459 1650 3523; x_wconf 79' lang='grc' dir='ltr'>τέλος</span> <span class='ocrx_word' id='word_1_503' title='bbox 1674 3460 1904 3531; x_wconf 73' lang='grc' dir='ltr'>ἔσχεν-</span> 
     </span>
    </p>
   </div>
   <div class='ocr_carea' id='block_1_63' title="bbox 314 3544 1904 3623">
    <p class='ocr_par' dir='ltr' id='par_1_63' title="bbox 314 3544 1904 3623">
     <span class='ocr_line' id='line_1_63' title="bbox 314 3544 1904 3623; baseline 0.007 -28"><span class='ocrx_word' id='word_1_504' title='bbox 314 3544 447 3605; x_wconf 81' lang='grc' dir='ltr'>πῶς</span> <span class='ocrx_word' id='word_1_505' title='bbox 480 3546 587 3615; x_wconf 72' lang='grc' dir='ltr'>γὰρ</span> <span class='ocrx_word' id='word_1_506' title='bbox 617 3548 707 3599; x_wconf 84' lang='grc' dir='ltr'>τοῦ</span> <span class='ocrx_word' id='word_1_507' title='bbox 737 3548 1035 3613; x_wconf 77' lang='grc' dir='ltr'>δεδοικότος</span> <span class='ocrx_word' id='word_1_508' title='bbox 1059 3552 1155 3604; x_wconf 73' lang='grc' dir='ltr'>καὶ</span> <span class='ocrx_word' id='word_1_509' title='bbox 1182 3551 1481 3623; x_wconf 75' lang='grc' dir='ltr'>τρέμοντος</span> <span class='ocrx_word' id='word_1_510' title='bbox 1513 3554 1608 3605; x_wconf 75' lang='grc' dir='ltr'>καὶ</span> <span class='ocrx_word' id='word_1_511' title='bbox 1638 3553 1904 3622; x_wconf 81' lang='grc' dir='ltr'>μυριάκις</span> 
     </span>
    </p>
   </div>
   <div class='ocr_carea' id='block_1_64' title="bbox 312 3637 1902 3712">
    <p class='ocr_par' dir='ltr' id='par_1_64' title="bbox 312 3637 1902 3712">
     <span class='ocr_line' id='line_1_64' title="bbox 312 3637 1902 3712; baseline 0.004 -22"><span class='ocrx_word' id='word_1_512' title='bbox 312 3638 412 3691; x_wconf 78' lang='grc' dir='ltr'>τὸν</span> <span class='ocrx_word' id='word_1_513' title='bbox 442 3637 674 3707; x_wconf 67' lang='grc' dir='ltr'>ἀδελφὸν</span> <span class='ocrx_word' id='word_1_514' title='bbox 704 3641 871 3694; x_wconf 78' lang='grc' dir='ltr'>αὐτοῦ</span> <span class='ocrx_word' id='word_1_515' title='bbox 904 3642 1375 3712; x_wconf 76' lang='grc' dir='ltr'>προσκυνοῦντοςς</span> <span class='ocrx_word' id='word_1_516' title='bbox 1410 3675 1479 3687; x_wconf 91' lang='grc'><strong><em>--</em></strong></span> <span class='ocrx_word' id='word_1_517' title='bbox 1505 3644 1621 3698; x_wconf 85' lang='grc' dir='ltr'>ἀλλ’</span> <span class='ocrx_word' id='word_1_518' title='bbox 1669 3645 1762 3697; x_wconf 73' lang='grc' dir='ltr'><strong>ἐπὶ</strong></span> <span class='ocrx_word' id='word_1_519' title='bbox 1795 3646 1902 3698; x_wconf 81' lang='grc' dir='ltr'>τῶν</span> 
     </span>
    </p>
   </div>
   <div class='ocr_carea' id='block_1_65' title="bbox 316 3732 1904 3807">
    <p class='ocr_par' dir='ltr' id='par_1_65' title="bbox 316 3732 1904 3807">
     <span class='ocr_line' id='line_1_65' title="bbox 316 3732 1904 3807; baseline 0.003 -22"><span class='ocrx_word' id='word_1_520' title='bbox 316 3733 571 3799; x_wconf 75' lang='grc' dir='ltr'>ιγγόνων</span> <span class='ocrx_word' id='word_1_521' title='bbox 599 3732 787 3786; x_wconf 77' lang='grc' dir='ltr'>αὐτοῦ.</span> <span class='ocrx_word' id='word_1_522' title='bbox 829 3734 1130 3805; x_wconf 84' lang='grc' dir='ltr'>Τοιγαροῦν</span> <span class='ocrx_word' id='word_1_523' title='bbox 1168 3738 1233 3790; x_wconf 82' lang='grc' dir='ltr'>ὲκ</span> <span class='ocrx_word' id='word_1_524' title='bbox 1266 3736 1367 3805; x_wconf 78' lang='grc' dir='ltr'>μὲν</span> <span class='ocrx_word' id='word_1_525' title='bbox 1400 3737 1494 3790; x_wconf 79' lang='grc' dir='ltr'><strong>τοῦ</strong></span> <span class='ocrx_word' id='word_1_526' title='bbox 1527 3737 1754 3807; x_wconf 75' lang='grc' dir='ltr'>Ἱσμαὴλ</span> <span class='ocrx_word' id='word_1_527' title='bbox 1781 3739 1904 3791; x_wconf 81' lang='grc' dir='ltr'>ἀνε-</span> 
     </span>
    </p>
   </div>
   <div class='ocr_carea' id='block_1_66' title="bbox 320 3821 1901 3900">
    <p class='ocr_par' dir='ltr' id='par_1_66' title="bbox 320 3821 1901 3900">
     <span class='ocr_line' id='line_1_66' title="bbox 320 3821 1901 3900; baseline 0.006 -26"><span class='ocrx_word' id='word_1_528' title='bbox 320 3823 545 3893; x_wconf 74' lang='grc' dir='ltr'>φύησαν</span> <span class='ocrx_word' id='word_1_529' title='bbox 569 3824 620 3876; x_wconf 80' lang='lat' dir='ltr'><strong>oi</strong></span> <span class='ocrx_word' id='word_1_530' title='bbox 662 3821 1022 3895; x_wconf 81' lang='grc' dir='ltr'>Ἰσμαηλῖται,</span> <span class='ocrx_word' id='word_1_531' title='bbox 1052 3828 1100 3880; x_wconf 91' lang='grc' dir='ltr'><strong>οί</strong></span> <span class='ocrx_word' id='word_1_532' title='bbox 1130 3828 1225 3881; x_wconf 84' lang='grc' dir='ltr'><strong>νῦν</strong></span> <span class='ocrx_word' id='word_1_533' title='bbox 1268 3828 1557 3900; x_wconf 85' lang='grc' dir='ltr'>Ἀγαρηνοί</span> <span class='ocrx_word' id='word_1_534' title='bbox 1588 3846 1647 3883; x_wconf 77' lang='grc' dir='ltr'><strong>τι</strong></span> <span class='ocrx_word' id='word_1_535' title='bbox 1672 3830 1765 3883; x_wconf 81' lang='grc' dir='ltr'><strong>καὶ</strong></span> <span class='ocrx_word' id='word_1_536' title='bbox 1798 3831 1901 3883; x_wconf 86' lang='grc' dir='ltr'><strong>Σα-</strong></span> 
     </span>
    </p>
   </div>
   <div class='ocr_carea' id='block_1_67' title="bbox 325 3914 1901 3991">
    <p class='ocr_par' dir='ltr' id='par_1_67' title="bbox 325 3914 1901 3991">
     <span class='ocr_line' id='line_1_67' title="bbox 325 3914 1901 3991; baseline 0.005 -25"><span class='ocrx_word' id='word_1_537' title='bbox 325 3914 562 3985; x_wconf 80' lang='grc' dir='ltr'>ρακηνοὶ</span> <span class='ocrx_word' id='word_1_538' title='bbox 581 3914 887 3985; x_wconf 81' lang='grc' dir='ltr'>λεγόμενοι,</span> <span class='ocrx_word' id='word_1_539' title='bbox 942 3916 1033 3971; x_wconf 75' lang='grc' dir='ltr'>διὰ</span> <span class='ocrx_word' id='word_1_540' title='bbox 1065 3919 1164 3989; x_wconf 78' lang='grc' dir='ltr'>μὲν</span> <span class='ocrx_word' id='word_1_541' title='bbox 1214 3920 1315 3991; x_wconf 83' lang='grc' dir='ltr'>τῆς</span> <span class='ocrx_word' id='word_1_542' title='bbox 1359 3920 1663 3988; x_wconf 81' lang='grc' dir='ltr'>Αἰγυπτίας</span> <span class='ocrx_word' id='word_1_543' title='bbox 1699 3923 1901 3991; x_wconf 72' lang='grc' dir='ltr'>Ἅγαρ,</span> 
     </span>
    </p>
   </div>
   <div class='ocr_carea' id='block_1_68' title="bbox 321 4010 1905 4084">
    <p class='ocr_par' dir='ltr' id='par_1_68' title="bbox 321 4010 1905 4084">
     <span class='ocr_line' id='line_1_68' title="bbox 321 4010 1905 4084; baseline 0.003 -24"><span class='ocrx_word' id='word_1_544' title='bbox 321 4010 396 4071; x_wconf 81' lang='grc' dir='ltr'>ὡς</span> <span class='ocrx_word' id='word_1_545' title='bbox 425 4010 668 4079; x_wconf 76' lang='grc' dir='ltr'>εἴρηται,</span> <span class='ocrx_word' id='word_1_546' title='bbox 714 4010 1026 4081; x_wconf 76' lang='grc' dir='ltr'>Ἀγαρηνοὶ,</span> <span class='ocrx_word' id='word_1_547' title='bbox 1054 4011 1141 4065; x_wconf 83' lang='grc' dir='ltr'>διὰ</span> <span class='ocrx_word' id='word_1_548' title='bbox 1170 4010 1227 4065; x_wconf 77' lang='grc' dir='ltr'><strong>δὲ</strong></span> <span class='ocrx_word' id='word_1_549' title='bbox 1256 4012 1358 4082; x_wconf 80' lang='grc' dir='ltr'>τῆς</span> <span class='ocrx_word' id='word_1_550' title='bbox 1397 4012 1612 4084; x_wconf 76' lang='grc' dir='ltr'>Σάρῤας</span> <span class='ocrx_word' id='word_1_551' title='bbox 1653 4013 1905 4082; x_wconf 88' lang='grc' dir='ltr'>Σαρακη-</span> 
     </span>
    </p>
   </div>
   <div class='ocr_carea' id='block_1_69' title="bbox 325 4100 1903 4175">
    <p class='ocr_par' dir='ltr' id='par_1_69' title="bbox 325 4100 1903 4175">
     <span class='ocr_line' id='line_1_69' title="bbox 325 4100 1903 4175; baseline 0.001 -21"><span class='ocrx_word' id='word_1_552' title='bbox 325 4100 426 4154; x_wconf 86' lang='grc' dir='ltr'>νοί.</span> <span class='ocrx_word' id='word_1_553' title='bbox 472 4102 572 4155; x_wconf 84' lang='grc' dir='ltr'>Ἐκ</span> <span class='ocrx_word' id='word_1_554' title='bbox 613 4101 669 4154; x_wconf 79' lang='grc' dir='ltr'><strong>δὲ</strong></span> <span class='ocrx_word' id='word_1_555' title='bbox 709 4102 892 4155; x_wconf 77' lang='grc' dir='ltr'>Ἰσαὰκ</span> <span class='ocrx_word' id='word_1_556' title='bbox 954 4103 1123 4157; x_wconf 86' lang='grc' dir='ltr'><strong>Ἡσαῦ</strong></span> <span class='ocrx_word' id='word_1_557' title='bbox 1161 4107 1190 4157; x_wconf 91' lang='grc' dir='ltr'><strong>ό</strong></span> <span class='ocrx_word' id='word_1_558' title='bbox 1219 4104 1314 4158; x_wconf 75' lang='grc' dir='ltr'>καὶ</span> <span class='ocrx_word' id='word_1_559' title='bbox 1357 4105 1535 4175; x_wconf 84' lang='grc' dir='ltr'>Ἐδὼμ</span> <span class='ocrx_word' id='word_1_560' title='bbox 1564 4105 1660 4159; x_wconf 70' lang='grc' dir='ltr'>καὶ</span> <span class='ocrx_word' id='word_1_561' title='bbox 1704 4103 1903 4175; x_wconf 81' lang='grc' dir='ltr'>Ἰακὼβ</span> 
     </span>
    </p>
   </div>
   <div class='ocr_carea' id='block_1_70' title="bbox 328 4193 1904 4267">
    <p class='ocr_par' dir='ltr' id='par_1_70' title="bbox 328 4193 1904 4267">
     <span class='ocr_line' id='line_1_70' title="bbox 328 4193 1904 4267; baseline 0 -20"><span class='ocrx_word' id='word_1_562' title='bbox 328 4193 745 4262; x_wconf 70' lang='grc' dir='ltr'>ἀνεϐλάστησαν</span> <span class='ocrx_word' id='word_1_563' title='bbox 774 4193 861 4246; x_wconf 74' lang='grc' dir='ltr'>διὰ</span> <span class='ocrx_word' id='word_1_564' title='bbox 884 4194 979 4263; x_wconf 77' lang='grc' dir='ltr'>τῆς</span> <span class='ocrx_word' id='word_1_565' title='bbox 1022 4195 1312 4259; x_wconf 77' lang='grc' dir='ltr'>Ῥεϐέκκας</span> <span class='ocrx_word' id='word_1_566' title='bbox 1344 4215 1357 4227; x_wconf 92' lang='grc'><strong>·</strong></span> <span class='ocrx_word' id='word_1_567' title='bbox 1397 4198 1509 4267; x_wconf 65' lang='grc'><strong>(21))</strong></span> <span class='ocrx_word' id='word_1_568' title='bbox 1552 4197 1646 4250; x_wconf 73' lang='grc' dir='ltr'><strong>καὶ</strong></span> <span class='ocrx_word' id='word_1_569' title='bbox 1702 4200 1766 4250; x_wconf 83' lang='grc' dir='ltr'>ὲκ</span> <span class='ocrx_word' id='word_1_570' title='bbox 1805 4198 1904 4266; x_wconf 80' lang='grc' dir='ltr'>μὲν</span> 
     </span>
    </p>
   </div>
   <div class='ocr_carea' id='block_1_71' title="bbox 326 4282 1904 4359">
    <p class='ocr_par' dir='ltr' id='par_1_71' title="bbox 326 4282 1904 4359">
     <span class='ocr_line' id='line_1_71' title="bbox 326 4282 1904 4359; baseline 0 -22"><span class='ocrx_word' id='word_1_571' title='bbox 326 4283 425 4337; x_wconf 77' lang='grc' dir='ltr'>τοῦ</span> <span class='ocrx_word' id='word_1_572' title='bbox 462 4282 638 4337; x_wconf 84' lang='grc' dir='ltr'><strong>Ἦσαῦ</strong></span> <span class='ocrx_word' id='word_1_573' title='bbox 682 4282 860 4353; x_wconf 81' lang='grc' dir='ltr'><strong>Ἐδὼμ</strong></span> <span class='ocrx_word' id='word_1_574' title='bbox 906 4283 1099 4356; x_wconf 65' lang='grc' dir='ltr'>ἐτέχθη</span> <span class='ocrx_word' id='word_1_575' title='bbox 1130 4285 1245 4349; x_wconf 80' lang='grc' dir='ltr'>υίὸς</span> <span class='ocrx_word' id='word_1_576' title='bbox 1278 4286 1570 4359; x_wconf 82' lang='grc' dir='ltr'>ὁμώνυμος</span> <span class='ocrx_word' id='word_1_577' title='bbox 1624 4285 1703 4355; x_wconf 83' lang='grc' dir='ltr'>τῷ</span> <span class='ocrx_word' id='word_1_578' title='bbox 1734 4287 1904 4356; x_wconf 72' lang='grc' dir='ltr'>πατρὶ</span> 
     </span>
    </p>
   </div>
   <div class='ocr_carea' id='block_1_72' title="bbox 327 4367 1900 4448">
    <p class='ocr_par' dir='ltr' id='par_1_72' title="bbox 327 4367 1900 4448">
     <span class='ocr_line' id='line_1_72' title="bbox 327 4367 1900 4448; baseline 0.001 -20"><span class='ocrx_word' id='word_1_579' title='bbox 327 4377 426 4428; x_wconf 71' lang='grc' dir='ltr'>καὶ</span> <span class='ocrx_word' id='word_1_580' title='bbox 466 4373 754 4444; x_wconf 74' lang='grc' dir='ltr'>Ἀμαλὴκ.</span> <span class='ocrx_word' id='word_1_581' title='bbox 794 4372 853 4439; x_wconf 63' lang='grc' dir='ltr'><strong>ἑξ</strong></span> <span class='ocrx_word' id='word_1_582' title='bbox 905 4367 982 4427; x_wconf 83' lang='grc' dir='ltr'>ὧν</span> <span class='ocrx_word' id='word_1_583' title='bbox 1024 4376 1310 4446; x_wconf 80' lang='grc' dir='ltr'>Ἰδουμαῖοι</span> <span class='ocrx_word' id='word_1_584' title='bbox 1362 4380 1454 4432; x_wconf 76' lang='grc' dir='ltr'>καὶ</span> <span class='ocrx_word' id='word_1_585' title='bbox 1488 4377 1850 4448; x_wconf 80' lang='grc' dir='ltr'>Ἀμαληκῖται</span> <span class='ocrx_word' id='word_1_586' title='bbox 1885 4388 1900 4403; x_wconf 83' lang='grc'><strong><em>⁸</em></strong></span> 
     </span>
    </p>
   </div>
   <div class='ocr_carea' id='block_1_73' title="bbox 2010 3177 3591 3260">
    <p class='ocr_par' dir='ltr' id='par_1_73' title="bbox 2010 3177 3591 3260">
     <span class='ocr_line' id='line_1_73' title="bbox 2010 3177 3591 3260; baseline -0.008 -17"><span class='ocrx_word' id='word_1_587' title='bbox 2010 3191 2290 3260; x_wconf 83' lang='lat' dir='ltr'><strong>quomodo</strong></span> <span class='ocrx_word' id='word_1_588' title='bbox 2337 3188 2507 3250; x_wconf 89' lang='lat' dir='ltr'><strong>enim,</strong></span> <span class='ocrx_word' id='word_1_589' title='bbox 2540 3184 2799 3255; x_wconf 88' lang='lat' dir='ltr'><strong>quoniam</strong></span> <span class='ocrx_word' id='word_1_590' title='bbox 2842 3183 2962 3253; x_wconf 84' lang='lat' dir='ltr'><strong>ipse</strong></span> <span class='ocrx_word' id='word_1_591' title='bbox 3012 3182 3193 3236; x_wconf 80' lang='lat' dir='ltr'><strong>timuit</strong></span> <span class='ocrx_word' id='word_1_592' title='bbox 3237 3190 3291 3234; x_wconf 90' lang='lat' dir='ltr'><strong>et</strong></span> <span class='ocrx_word' id='word_1_593' title='bbox 3342 3177 3488 3246; x_wconf 86' lang='lat' dir='ltr'><strong>pavit</strong></span> <span class='ocrx_word' id='word_1_594' title='bbox 3536 3185 3591 3230; x_wconf 84' lang='lat' dir='ltr'><strong>et</strong></span> 
     </span>
    </p>
   </div>
   <div class='ocr_carea' id='block_1_74' title="bbox 2014 3266 3665 3339">
    <p class='ocr_par' dir='ltr' id='par_1_74' title="bbox 2014 3266 3665 3339">
     <span class='ocr_line' id='line_1_74' title="bbox 2014 3266 3665 3339; baseline -0.01 0"><span class='ocrx_word' id='word_1_595' title='bbox 2014 3283 2176 3339; x_wconf 88' lang='lat' dir='ltr'><strong>toties</strong></span> <span class='ocrx_word' id='word_1_596' title='bbox 2206 3294 2331 3336; x_wconf 84' lang='lat' dir='ltr'><strong>ante</strong></span> <span class='ocrx_word' id='word_1_597' title='bbox 2350 3279 2576 3334; x_wconf 90' lang='lat' dir='ltr'><strong>fratrem</strong></span> <span class='ocrx_word' id='word_1_598' title='bbox 2609 3292 2773 3334; x_wconf 88' lang='lat' dir='ltr'><strong>suum</strong></span> <span class='ocrx_word' id='word_1_599' title='bbox 2802 3276 3124 3331; x_wconf 83' lang='lat' dir='ltr'><strong>incurvatus</strong></span> <span class='ocrx_word' id='word_1_600' title='bbox 3156 3285 3239 3328; x_wconf 82' lang='lat' dir='ltr'><strong>est</strong></span> <span class='ocrx_word' id='word_1_601' title='bbox 3263 3273 3371 3326; x_wconf 87' lang='lat'><strong>?—-—</strong></span> <span class='ocrx_word' id='word_1_602' title='bbox 3405 3273 3499 3325; x_wconf 83' lang='lat' dir='ltr'><strong>sed</strong></span> <span class='ocrx_word' id='word_1_603' title='bbox 3536 3266 3593 3323; x_wconf 75' lang='lat' dir='ltr'><strong>in</strong></span> <span class='ocrx_word' id='word_1_604' title='bbox 3653 3272 3665 3313; x_wconf 71' lang='grc' dir='ltr'>ἱ</span> 
     </span>
    </p>
   </div>
   <div class='ocr_carea' id='block_1_75' title="bbox 2014 3362 3594 3442">
    <p class='ocr_par' dir='ltr' id='par_1_75' title="bbox 2014 3362 3594 3442">
     <span class='ocr_line' id='line_1_75' title="bbox 2014 3362 3594 3442; baseline -0.008 -13"><span class='ocrx_word' id='word_1_605' title='bbox 2014 3373 2306 3442; x_wconf 86' lang='lat' dir='ltr'><strong>nepotibus</strong></span> <span class='ocrx_word' id='word_1_606' title='bbox 2333 3370 2473 3440; x_wconf 89' lang='lat' dir='ltr'><strong>ejus.</strong></span> <span class='ocrx_word' id='word_1_607' title='bbox 2498 3370 2572 3423; x_wconf 79' lang='lat' dir='ltr'><strong>Ex</strong></span> <span class='ocrx_word' id='word_1_608' title='bbox 2606 3368 2774 3423; x_wconf 85' lang='lat' dir='ltr'><strong>Israel</strong></span> <span class='ocrx_word' id='word_1_609' title='bbox 2799 3368 2963 3437; x_wconf 81' lang='lat' dir='ltr'><strong>igitur</strong></span> <span class='ocrx_word' id='word_1_610' title='bbox 2991 3365 3102 3419; x_wconf 87' lang='lat' dir='ltr'><strong>nati</strong></span> <span class='ocrx_word' id='word_1_611' title='bbox 3131 3366 3259 3420; x_wconf 82' lang='lat' dir='ltr'><strong>sunt</strong></span> <span class='ocrx_word' id='word_1_612' title='bbox 3280 3362 3594 3423; x_wconf 62' lang='lat' dir='ltr'><strong>lsmaelitm.</strong></span> 
     </span>
    </p>
   </div>
   <div class='ocr_carea' id='block_1_76' title="bbox 2009 3458 3591 3535">
    <p class='ocr_par' dir='ltr' id='par_1_76' title="bbox 2009 3458 3591 3535">
     <span class='ocr_line' id='line_1_76' title="bbox 2009 3458 3591 3535; baseline -0.009 -15"><span class='ocrx_word' id='word_1_613' title='bbox 2009 3466 2102 3535; x_wconf 84' lang='lat' dir='ltr'><strong>qui</strong></span> <span class='ocrx_word' id='word_1_614' title='bbox 2183 3480 2327 3519; x_wconf 89' lang='lat' dir='ltr'><strong>nunc</strong></span> <span class='ocrx_word' id='word_1_615' title='bbox 2394 3462 2627 3532; x_wconf 82' lang='lat' dir='ltr'><strong>Agareni</strong></span> <span class='ocrx_word' id='word_1_616' title='bbox 2685 3471 2740 3515; x_wconf 87' lang='lat' dir='ltr'><strong>et</strong></span> <span class='ocrx_word' id='word_1_617' title='bbox 2811 3458 3076 3515; x_wconf 82' lang='lat' dir='ltr'><strong>Saraceni</strong></span> <span class='ocrx_word' id='word_1_618' title='bbox 3151 3459 3462 3518; x_wconf 84' lang='lat' dir='ltr'><strong>dicuntur,</strong></span> <span class='ocrx_word' id='word_1_619' title='bbox 3526 3469 3591 3505; x_wconf 74' lang='lat' dir='ltr'><strong>ex</strong></span> 
     </span>
    </p>
   </div>
   <div class='ocr_carea' id='block_1_77' title="bbox 2012 3545 3589 3627">
    <p class='ocr_par' dir='ltr' id='par_1_77' title="bbox 2012 3545 3589 3627">
     <span class='ocr_line' id='line_1_77' title="bbox 2012 3545 3589 3627; baseline -0.01 -16"><span class='ocrx_word' id='word_1_620' title='bbox 2012 3556 2263 3627; x_wconf 65' lang='lat' dir='ltr'><strong>Egyptia</strong></span> <span class='ocrx_word' id='word_1_621' title='bbox 2319 3555 2483 3618; x_wconf 78' lang='lat' dir='ltr'><strong>Agar.</strong></span> <span class='ocrx_word' id='word_1_622' title='bbox 2525 3561 2584 3606; x_wconf 92' lang='lat' dir='ltr'><strong>ut</strong></span> <span class='ocrx_word' id='word_1_623' title='bbox 2623 3552 2830 3607; x_wconf 87' lang='lat' dir='ltr'><strong>dictum</strong></span> <span class='ocrx_word' id='word_1_624' title='bbox 2867 3560 2971 3615; x_wconf 86' lang='lat' dir='ltr'><strong>est,</strong></span> <span class='ocrx_word' id='word_1_625' title='bbox 3015 3548 3275 3618; x_wconf 83' lang='lat' dir='ltr'><strong>Agareni,</strong></span> <span class='ocrx_word' id='word_1_626' title='bbox 3320 3563 3381 3601; x_wconf 78' lang='lat' dir='ltr'><strong>ex</strong></span> <span class='ocrx_word' id='word_1_627' title='bbox 3430 3545 3589 3604; x_wconf 86' lang='lat' dir='ltr'><strong>Sara.</strong></span> 
     </span>
    </p>
   </div>
   <div class='ocr_carea' id='block_1_78' title="bbox 2012 3638 3591 3711">
    <p class='ocr_par' dir='ltr' id='par_1_78' title="bbox 2012 3638 3591 3711">
     <span class='ocr_line' id='line_1_78' title="bbox 2012 3638 3591 3711; baseline -0.012 -7"><span class='ocrx_word' id='word_1_628' title='bbox 2012 3648 2323 3704; x_wconf 87' lang='lat' dir='ltr'><strong>Sarraceni.</strong></span> <span class='ocrx_word' id='word_1_629' title='bbox 2346 3646 2422 3700; x_wconf 82' lang='lat' dir='ltr'><strong>Ex</strong></span> <span class='ocrx_word' id='word_1_630' title='bbox 2451 3646 2628 3701; x_wconf 81' lang='lat' dir='ltr'><strong>Isaac.</strong></span> <span class='ocrx_word' id='word_1_631' title='bbox 2658 3643 2828 3707; x_wconf 87' lang='lat' dir='ltr'><strong>Esau,</strong></span> <span class='ocrx_word' id='word_1_632' title='bbox 2858 3641 2949 3711; x_wconf 85' lang='lat' dir='ltr'><strong>qui</strong></span> <span class='ocrx_word' id='word_1_633' title='bbox 2983 3649 3036 3694; x_wconf 89' lang='lat' dir='ltr'><strong>et</strong></span> <span class='ocrx_word' id='word_1_634' title='bbox 3072 3638 3244 3692; x_wconf 70' lang='lat' dir='ltr'><strong>Eilom</strong></span> <span class='ocrx_word' id='word_1_635' title='bbox 3277 3638 3500 3697; x_wconf 87' lang='lat' dir='ltr'><strong>dicitur,</strong></span> <span class='ocrx_word' id='word_1_636' title='bbox 3541 3644 3591 3687; x_wconf 87' lang='lat' dir='ltr'><strong>et</strong></span> 
     </span>
    </p>
   </div>
   <div class='ocr_carea' id='block_1_79' title="bbox 2007 3727 3589 3801">
    <p class='ocr_par' dir='ltr' id='par_1_79' title="bbox 2007 3727 3589 3801">
     <span class='ocr_line' id='line_1_79' title="bbox 2007 3727 3589 3801; baseline -0.009 -7"><span class='ocrx_word' id='word_1_637' title='bbox 2007 3739 2176 3795; x_wconf 73' lang='lat' dir='ltr'><strong>Iacob</strong></span> <span class='ocrx_word' id='word_1_638' title='bbox 2201 3739 2309 3792; x_wconf 85' lang='lat' dir='ltr'><strong>nati</strong></span> <span class='ocrx_word' id='word_1_639' title='bbox 2332 3748 2459 3793; x_wconf 89' lang='lat' dir='ltr'><strong>sunt</strong></span> <span class='ocrx_word' id='word_1_640' title='bbox 2484 3737 2550 3790; x_wconf 88' lang='lat' dir='ltr'><strong>de</strong></span> <span class='ocrx_word' id='word_1_641' title='bbox 2568 3736 2811 3789; x_wconf 77' lang='lat' dir='ltr'><strong>Rebecca</strong></span> <span class='ocrx_word' id='word_1_642' title='bbox 2833 3752 2850 3801; x_wconf 83' lang='lat'><strong>;</strong></span> <span class='ocrx_word' id='word_1_643' title='bbox 2886 3750 2950 3788; x_wconf 75' lang='lat' dir='ltr'><strong>ex</strong></span> <span class='ocrx_word' id='word_1_644' title='bbox 2980 3733 3121 3787; x_wconf 88' lang='lat' dir='ltr'><strong>Esau</strong></span> <span class='ocrx_word' id='word_1_645' title='bbox 3139 3740 3301 3785; x_wconf 88' lang='lat' dir='ltr'><strong>natus</strong></span> <span class='ocrx_word' id='word_1_646' title='bbox 3321 3737 3404 3783; x_wconf 86' lang='lat' dir='ltr'><strong>est</strong></span> <span class='ocrx_word' id='word_1_647' title='bbox 3421 3727 3589 3781; x_wconf 79' lang='lat' dir='ltr'><strong>Edunt</strong></span> 
     </span>
    </p>
   </div>
   <div class='ocr_carea' id='block_1_80' title="bbox 2013 3818 3594 3900">
    <p class='ocr_par' dir='ltr' id='par_1_80' title="bbox 2013 3818 3594 3900">
     <span class='ocr_line' id='line_1_80' title="bbox 2013 3818 3594 3900; baseline -0.011 -12"><span class='ocrx_word' id='word_1_648' title='bbox 2013 3832 2159 3888; x_wconf 87' lang='lat' dir='ltr'><strong>Idem</strong></span> <span class='ocrx_word' id='word_1_649' title='bbox 2197 3846 2259 3885; x_wconf 88' lang='lat' dir='ltr'><strong>ac</strong></span> <span class='ocrx_word' id='word_1_650' title='bbox 2303 3841 2459 3900; x_wconf 83' lang='lat' dir='ltr'><strong>pater</strong></span> <span class='ocrx_word' id='word_1_651' title='bbox 2507 3843 2705 3883; x_wconf 90' lang='lat' dir='ltr'><strong>nomen</strong></span> <span class='ocrx_word' id='word_1_652' title='bbox 2737 3828 2968 3889; x_wconf 84' lang='lat' dir='ltr'><strong>habens,</strong></span> <span class='ocrx_word' id='word_1_653' title='bbox 3008 3834 3063 3879; x_wconf 89' lang='lat' dir='ltr'><strong>et</strong></span> <span class='ocrx_word' id='word_1_654' title='bbox 3096 3823 3341 3884; x_wconf 80' lang='lat' dir='ltr'><strong>Amalec,</strong></span> <span class='ocrx_word' id='word_1_655' title='bbox 3383 3836 3447 3874; x_wconf 75' lang='lat' dir='ltr'><strong>ex</strong></span> <span class='ocrx_word' id='word_1_656' title='bbox 3469 3818 3594 3888; x_wconf 85' lang='lat' dir='ltr'><strong>qui-</strong></span> 
     </span>
    </p>
   </div>
   <div class='ocr_carea' id='block_1_81' title="bbox 2009 3913 3597 4011">
    <p class='ocr_par' dir='ltr' id='par_1_81' title="bbox 2009 3913 3597 4011">
     <span class='ocr_line' id='line_1_81' title="bbox 2009 3913 3597 4011; baseline -0.011 -30"><span class='ocrx_word' id='word_1_657' title='bbox 2009 3925 2111 3981; x_wconf 89' lang='lat' dir='ltr'><strong>bus</strong></span> <span class='ocrx_word' id='word_1_658' title='bbox 2128 3924 2347 3979; x_wconf 64' lang='lat' dir='ltr'><strong>Idumaai</strong></span> <span class='ocrx_word' id='word_1_659' title='bbox 2364 3922 2764 4011; x_wconf 61' lang='lat' dir='ltr'><strong>ctAlualecitae.</strong></span> <span class='ocrx_word' id='word_1_660' title='bbox 2780 3920 2858 3973; x_wconf 76' lang='lat' dir='ltr'><strong>Ex</strong></span> <span class='ocrx_word' id='word_1_661' title='bbox 2880 3918 3075 3982; x_wconf 74' lang='lat' dir='ltr'><strong>Iacob,</strong></span> <span class='ocrx_word' id='word_1_662' title='bbox 3095 3915 3187 3986; x_wconf 88' lang='lat' dir='ltr'><strong>qui</strong></span> <span class='ocrx_word' id='word_1_663' title='bbox 3207 3925 3260 3969; x_wconf 92' lang='lat' dir='ltr'><strong>et</strong></span> <span class='ocrx_word' id='word_1_664' title='bbox 3292 3913 3477 3975; x_wconf 86' lang='lat' dir='ltr'><strong>Israel,</strong></span> <span class='ocrx_word' id='word_1_665' title='bbox 3499 3926 3597 3964; x_wconf 84' lang='lat' dir='ltr'><strong>na-</strong></span> 
     </span>
    </p>
   </div>
   <div class='ocr_carea' id='block_1_82' title="bbox 2009 4003 3593 4082">
    <p class='ocr_par' dir='ltr' id='par_1_82' title="bbox 2009 4003 3593 4082">
     <span class='ocr_line' id='line_1_82' title="bbox 2009 4003 3593 4082; baseline -0.009 -13"><span class='ocrx_word' id='word_1_666' title='bbox 2009 4026 2094 4071; x_wconf 85' lang='lat' dir='ltr'><strong>tus</strong></span> <span class='ocrx_word' id='word_1_667' title='bbox 2106 4025 2186 4071; x_wconf 89' lang='lat' dir='ltr'><strong>est</strong></span> <span class='ocrx_word' id='word_1_668' title='bbox 2205 4013 2393 4080; x_wconf 72' lang='lat' dir='ltr'><strong>Iudas,</strong></span> <span class='ocrx_word' id='word_1_669' title='bbox 2419 4030 2447 4067; x_wconf 86' lang='lat' dir='ltr'><strong>a</strong></span> <span class='ocrx_word' id='word_1_670' title='bbox 2466 4003 2576 4082; x_wconf 85' lang='lat' dir='ltr'><strong>quo</strong></span> <span class='ocrx_word' id='word_1_671' title='bbox 2592 4010 2765 4065; x_wconf 69' lang='lat' dir='ltr'><strong>Judaei</strong></span> <span class='ocrx_word' id='word_1_672' title='bbox 2784 4023 3000 4070; x_wconf 86' lang='lat' dir='ltr'><strong>omnes,</strong></span> <span class='ocrx_word' id='word_1_673' title='bbox 3023 4007 3187 4060; x_wconf 85' lang='lat' dir='ltr'><strong>etiam</strong></span> <span class='ocrx_word' id='word_1_674' title='bbox 3214 4004 3307 4072; x_wconf 88' lang='lat' dir='ltr'><strong>qui</strong></span> <span class='ocrx_word' id='word_1_675' title='bbox 3334 4003 3403 4056; x_wconf 88' lang='lat' dir='ltr'><strong>de</strong></span> <span class='ocrx_word' id='word_1_676' title='bbox 3431 4008 3593 4055; x_wconf 67' lang='lat' dir='ltr'><strong>caele-</strong></span> 
     </span>
    </p>
   </div>
   <div class='ocr_carea' id='block_1_83' title="bbox 2009 4094 3591 4172">
    <p class='ocr_par' dir='ltr' id='par_1_83' title="bbox 2009 4094 3591 4172">
     <span class='ocr_line' id='line_1_83' title="bbox 2009 4094 3591 4172; baseline -0.011 -11"><span class='ocrx_word' id='word_1_677' title='bbox 2009 4108 2085 4162; x_wconf 89' lang='lat' dir='ltr'><strong>ris</strong></span> <span class='ocrx_word' id='word_1_678' title='bbox 2125 4108 2237 4160; x_wconf 85' lang='lat' dir='ltr'><strong>nati</strong></span> <span class='ocrx_word' id='word_1_679' title='bbox 2265 4114 2412 4164; x_wconf 84' lang='lat' dir='ltr'><strong>sunt.</strong></span> <span class='ocrx_word' id='word_1_680' title='bbox 2432 4102 2733 4172; x_wconf 86' lang='lat' dir='ltr'><strong>uuncupati</strong></span> <span class='ocrx_word' id='word_1_681' title='bbox 2768 4109 2917 4163; x_wconf 91' lang='lat' dir='ltr'><strong>sunt,</strong></span> <span class='ocrx_word' id='word_1_682' title='bbox 2941 4110 2993 4153; x_wconf 88' lang='lat' dir='ltr'><strong>et</strong></span> <span class='ocrx_word' id='word_1_683' title='bbox 3025 4097 3283 4153; x_wconf 74' lang='lat' dir='ltr'><strong>Israeliue.</strong></span> <span class='ocrx_word' id='word_1_684' title='bbox 3303 4094 3521 4164; x_wconf 86' lang='lat' dir='ltr'><strong>quidem</strong></span> <span class='ocrx_word' id='word_1_685' title='bbox 3562 4107 3591 4143; x_wconf 88' lang='lat' dir='ltr'><strong>a</strong></span> 
     </span>
    </p>
   </div>
   <div class='ocr_carea' id='block_1_84' title="bbox 2011 4181 3594 4270">
    <p class='ocr_par' dir='ltr' id='par_1_84' title="bbox 2011 4181 3594 4270">
     <span class='ocr_line' id='line_1_84' title="bbox 2011 4181 3594 4270; baseline -0.015 -16"><span class='ocrx_word' id='word_1_686' title='bbox 2011 4197 2343 4270; x_wconf 81' lang='lat' dir='ltr'><strong>patreJacob</strong></span> <span class='ocrx_word' id='word_1_687' title='bbox 2356 4198 2470 4253; x_wconf 84' lang='lat' dir='ltr'><strong>sive</strong></span> <span class='ocrx_word' id='word_1_688' title='bbox 2490 4193 2849 4258; x_wconf 79' lang='lat' dir='ltr'><strong>lsrael,Judaei</strong></span> <span class='ocrx_word' id='word_1_689' title='bbox 2866 4198 3045 4245; x_wconf 87' lang='lat' dir='ltr'><strong>autem</strong></span> <span class='ocrx_word' id='word_1_690' title='bbox 3061 4204 3090 4242; x_wconf 88' lang='lat' dir='ltr'><strong>a</strong></span> <span class='ocrx_word' id='word_1_691' title='bbox 3105 4186 3410 4242; x_wconf 68' lang='lat' dir='ltr'><strong>clarissimo</strong></span> <span class='ocrx_word' id='word_1_692' title='bbox 3427 4181 3594 4234; x_wconf 86' lang='lat' dir='ltr'><strong>fratre</strong></span> 
     </span>
    </p>
   </div>
   <div class='ocr_carea' id='block_1_85' title="bbox 2013 4270 3591 4352">
    <p class='ocr_par' dir='ltr' id='par_1_85' title="bbox 2013 4270 3591 4352">
     <span class='ocr_line' id='line_1_85' title="bbox 2013 4270 3591 4352; baseline -0.015 -7"><span class='ocrx_word' id='word_1_693' title='bbox 2013 4305 2115 4345; x_wconf 89' lang='lat' dir='ltr'><strong>suo</strong></span> <span class='ocrx_word' id='word_1_694' title='bbox 2133 4287 2296 4349; x_wconf 83' lang='lat' dir='ltr'><strong>Juda,</strong></span> <span class='ocrx_word' id='word_1_695' title='bbox 2330 4288 2554 4342; x_wconf 87' lang='lat' dir='ltr'><strong>nomine</strong></span> <span class='ocrx_word' id='word_1_696' title='bbox 2576 4297 2821 4352; x_wconf 86' lang='lat' dir='ltr'><strong>congruo</strong></span> <span class='ocrx_word' id='word_1_697' title='bbox 2852 4288 2982 4335; x_wconf 90' lang='lat' dir='ltr'><strong>sunt</strong></span> <span class='ocrx_word' id='word_1_698' title='bbox 3011 4276 3210 4331; x_wconf 87' lang='lat' dir='ltr'><strong>vocati.</strong></span> <span class='ocrx_word' id='word_1_699' title='bbox 3234 4274 3403 4326; x_wconf 89' lang='lat' dir='ltr'><strong>Porro</strong></span> <span class='ocrx_word' id='word_1_700' title='bbox 3431 4270 3591 4323; x_wconf 85' lang='lat' dir='ltr'><strong>divus</strong></span> 
     </span>
    </p>
   </div>
   <div class='ocr_carea' id='block_1_86' title="bbox 2014 4361 3589 4445">
    <p class='ocr_par' dir='ltr' id='par_1_86' title="bbox 2014 4361 3589 4445">
     <span class='ocr_line' id='line_1_86' title="bbox 2014 4361 3589 4445; baseline -0.013 -11"><span class='ocrx_word' id='word_1_701' title='bbox 2014 4380 2288 4435; x_wconf 82' lang='lat' dir='ltr'><strong>Abraham</strong></span> <span class='ocrx_word' id='word_1_702' title='bbox 2351 4393 2545 4432; x_wconf 85' lang='lat' dir='ltr'><strong>rursus</strong></span> <span class='ocrx_word' id='word_1_703' title='bbox 2584 4374 2770 4445; x_wconf 87' lang='lat' dir='ltr'><strong>genuit</strong></span> <span class='ocrx_word' id='word_1_704' title='bbox 2806 4371 2947 4425; x_wconf 80' lang='lat' dir='ltr'><strong>ﬁlios</strong></span> <span class='ocrx_word' id='word_1_705' title='bbox 2993 4366 3240 4437; x_wconf 89' lang='lat' dir='ltr'><strong>quinque</strong></span> <span class='ocrx_word' id='word_1_706' title='bbox 3287 4379 3351 4416; x_wconf 84' lang='lat' dir='ltr'><strong>ex</strong></span> <span class='ocrx_word' id='word_1_707' title='bbox 3400 4361 3589 4415; x_wconf 89' lang='lat' dir='ltr'><strong>ultima</strong></span> 
     </span>
    </p>
   </div>
   <div class='ocr_carea' id='block_1_87' title="bbox 325 4440 1904 4543">
    <p class='ocr_par' dir='ltr' id='par_1_87' title="bbox 325 4440 1903 4543">
     <span class='ocr_line' id='line_1_87' title="bbox 325 4440 1903 4543; baseline 0.003 -23"><span class='ocrx_word' id='word_1_708' title='bbox 325 4472 393 4521; x_wconf 71' lang='grc' dir='ltr'>εκ</span> <span class='ocrx_word' id='word_1_709' title='bbox 422 4468 479 4522; x_wconf 65' lang='grc' dir='ltr'>δι</span> <span class='ocrx_word' id='word_1_710' title='bbox 512 4440 611 4521; x_wconf 73' lang='grc' dir='ltr'>τοῦ</span> <span class='ocrx_word' id='word_1_711' title='bbox 656 4440 846 4538; x_wconf 62' lang='lat' dir='ltr'><strong>unus</strong></span> <span class='ocrx_word' id='word_1_712' title='bbox 881 4468 974 4521; x_wconf 81' lang='grc' dir='ltr'>τοῦ</span> <span class='ocrx_word' id='word_1_713' title='bbox 998 4469 1107 4540; x_wconf 71' lang='lat' dir='ltr'><strong>7s</strong></span> <span class='ocrx_word' id='word_1_714' title='bbox 1145 4440 1240 4524; x_wconf 66' lang='grc' dir='ltr'><strong>,ξαι</strong></span> <span class='ocrx_word' id='word_1_715' title='bbox 1277 4472 1496 4543; x_wconf 81' lang='grc' dir='ltr'>Ἰσραὴλ</span> <span class='ocrx_word' id='word_1_716' title='bbox 1538 4440 1762 4534; x_wconf 54' lang='lat' dir='ltr'><strong>&#39;iosaég.</strong></span> <span class='ocrx_word' id='word_1_717' title='bbox 1807 4471 1903 4538; x_wconf 81' lang='grc' dir='ltr'><strong>ἀφ’</strong></span> 
     </span>
    </p>
   </div>
   <div class='ocr_carea' id='block_1_88' title="bbox 2011 4440 3598 4543">
    <p class='ocr_par' dir='ltr' id='par_1_88' title="bbox 2017 4440 3598 4534">
     <span class='ocr_line' id='line_1_88' title="bbox 2017 4440 3598 4534; baseline -0.011 -8"><span class='ocrx_word' id='word_1_718' title='bbox 2017 4486 2188 4526; x_wconf 80' lang='lat' dir='ltr'><strong>uxore</strong></span> <span class='ocrx_word' id='word_1_719' title='bbox 2236 4486 2331 4524; x_wconf 89' lang='lat' dir='ltr'><strong>sua</strong></span> <span class='ocrx_word' id='word_1_720' title='bbox 2357 4440 2620 4529; x_wconf 35' lang='lat' dir='ltr'><strong>Cethurav,</strong></span> <span class='ocrx_word' id='word_1_721' title='bbox 2674 4464 2741 4518; x_wconf 89' lang='lat' dir='ltr'><strong>de</strong></span> <span class='ocrx_word' id='word_1_722' title='bbox 2771 4462 2971 4534; x_wconf 85' lang='lat' dir='ltr'><strong>quibus</strong></span> <span class='ocrx_word' id='word_1_723' title='bbox 3000 4458 3237 4520; x_wconf 82' lang='lat' dir='ltr'><strong>Madian.</strong></span> <span class='ocrx_word' id='word_1_724' title='bbox 3268 4472 3296 4510; x_wconf 87' lang='lat' dir='ltr'><strong>a</strong></span> <span class='ocrx_word' id='word_1_725' title='bbox 3342 4470 3453 4525; x_wconf 91' lang='lat' dir='ltr'><strong>quo</strong></span> <span class='ocrx_word' id='word_1_726' title='bbox 3485 4453 3598 4509; x_wconf 77' lang='lat' dir='ltr'><strong>Ma-</strong></span> 
     </span>
    </p>
   </div>
   <div class='ocr_carea' id='block_1_89' title="bbox 327 4556 1902 4633">
    <p class='ocr_par' dir='ltr' id='par_1_89' title="bbox 327 4556 1902 4633">
     <span class='ocr_line' id='line_1_89' title="bbox 327 4556 1902 4633; baseline -0.001 -18"><span class='ocrx_word' id='word_1_727' title='bbox 327 4556 391 4615; x_wconf 70' lang='grc' dir='ltr'>οὖ</span> <span class='ocrx_word' id='word_1_728' title='bbox 437 4562 683 4615; x_wconf 80' lang='grc' dir='ltr'>Ἰουδαῖοι</span> <span class='ocrx_word' id='word_1_729' title='bbox 718 4560 915 4623; x_wconf 73' lang='grc' dir='ltr'>πάντες</span> <span class='ocrx_word' id='word_1_730' title='bbox 964 4562 1059 4615; x_wconf 76' lang='grc' dir='ltr'>καὶ</span> <span class='ocrx_word' id='word_1_731' title='bbox 1085 4563 1132 4614; x_wconf 78' lang='lat' dir='ltr'><strong>oi</strong></span> <span class='ocrx_word' id='word_1_732' title='bbox 1162 4565 1225 4616; x_wconf 86' lang='grc' dir='ltr'>ὲκ</span> <span class='ocrx_word' id='word_1_733' title='bbox 1250 4564 1358 4619; x_wconf 84' lang='grc' dir='ltr'>τῶν</span> <span class='ocrx_word' id='word_1_734' title='bbox 1389 4565 1595 4619; x_wconf 86' lang='grc' dir='ltr'>λοιπῶν</span> <span class='ocrx_word' id='word_1_735' title='bbox 1619 4563 1902 4633; x_wconf 85' lang='grc' dir='ltr'>γενόμενοι</span> 
     </span>
    </p>
   </div>
   <div class='ocr_carea' id='block_1_90' title="bbox 329 4656 1904 4731">
    <p class='ocr_par' dir='ltr' id='par_1_90' title="bbox 329 4656 1904 4731">
     <span class='ocr_line' id='line_1_90' title="bbox 329 4656 1904 4731; baseline -0.012 -3"><span class='ocrx_word' id='word_1_736' title='bbox 329 4657 877 4728; x_wconf 64' lang='grc' dir='ltr'><strong>προσηγορεύθησαν·</strong></span> <span class='ocrx_word' id='word_1_737' title='bbox 916 4660 1007 4713; x_wconf 72' lang='grc' dir='ltr'>καὶ</span> <span class='ocrx_word' id='word_1_738' title='bbox 1049 4660 1373 4731; x_wconf 82' lang='grc' dir='ltr'>Ἰσραηλῖται</span> <span class='ocrx_word' id='word_1_739' title='bbox 1426 4659 1527 4730; x_wconf 76' lang='grc' dir='ltr'>μὲν</span> <span class='ocrx_word' id='word_1_740' title='bbox 1556 4659 1620 4712; x_wconf 78' lang='grc' dir='ltr'>ὲκ</span> <span class='ocrx_word' id='word_1_741' title='bbox 1648 4656 1743 4711; x_wconf 84' lang='grc' dir='ltr'><strong>τοῦ</strong></span> <span class='ocrx_word' id='word_1_742' title='bbox 1793 4672 1904 4710; x_wconf 84' lang='grc' dir='ltr'><strong>πα-</strong></span> 
     </span>
    </p>
   </div>
   <div class='ocr_carea' id='block_1_91' title="bbox 331 4749 1907 4824">
    <p class='ocr_par' dir='ltr' id='par_1_91' title="bbox 331 4749 1907 4824">
     <span class='ocr_line' id='line_1_91' title="bbox 331 4749 1907 4824; baseline -0.003 -18"><span class='ocrx_word' id='word_1_743' title='bbox 331 4751 461 4822; x_wconf 66' lang='grc' dir='ltr'>τρὸς</span> <span class='ocrx_word' id='word_1_744' title='bbox 504 4750 700 4821; x_wconf 76' lang='grc' dir='ltr'>Ἰακώβ</span> <span class='ocrx_word' id='word_1_745' title='bbox 735 4768 790 4804; x_wconf 89' lang='grc' dir='ltr'>τε</span> <span class='ocrx_word' id='word_1_746' title='bbox 822 4752 916 4806; x_wconf 73' lang='grc' dir='ltr'>καὶ</span> <span class='ocrx_word' id='word_1_747' title='bbox 957 4752 1192 4824; x_wconf 81' lang='grc' dir='ltr'>Ἰσραὴλ,</span> <span class='ocrx_word' id='word_1_748' title='bbox 1230 4754 1471 4808; x_wconf 80' lang='grc' dir='ltr'>Ἰουδαῖοι</span> <span class='ocrx_word' id='word_1_749' title='bbox 1498 4752 1556 4807; x_wconf 80' lang='grc' dir='ltr'><strong>δὲ</strong></span> <span class='ocrx_word' id='word_1_750' title='bbox 1574 4752 1638 4804; x_wconf 64' lang='grc' dir='ltr'>ὲκ</span> <span class='ocrx_word' id='word_1_751' title='bbox 1663 4749 1759 4804; x_wconf 81' lang='grc' dir='ltr'>τοῦ</span> <span class='ocrx_word' id='word_1_752' title='bbox 1788 4751 1907 4803; x_wconf 78' lang='grc' dir='ltr'>ἐπιο</span> 
     </span>
    </p>
   </div>
   <div class='ocr_carea' id='block_1_92' title="bbox 335 4843 1901 4918">
    <p class='ocr_par' dir='ltr' id='par_1_92' title="bbox 335 4843 1901 4918">
     <span class='ocr_line' id='line_1_92' title="bbox 335 4843 1901 4918; baseline -0.001 -20"><span class='ocrx_word' id='word_1_753' title='bbox 335 4846 643 4916; x_wconf 80' lang='grc' dir='ltr'>σημοτὲρου</span> <span class='ocrx_word' id='word_1_754' title='bbox 671 4845 1089 4913; x_wconf 70' lang='grc' dir='ltr'>αὐτῶ·θάδελφοῦ</span> <span class='ocrx_word' id='word_1_755' title='bbox 1106 4846 1281 4901; x_wconf 78' lang='grc' dir='ltr'><strong>Ἰούδα</strong></span> <span class='ocrx_word' id='word_1_756' title='bbox 1304 4846 1646 4918; x_wconf 77' lang='grc' dir='ltr'>φερωνύμως</span> <span class='ocrx_word' id='word_1_757' title='bbox 1668 4843 1901 4910; x_wconf 64' lang='grc' dir='ltr'>κὲκληνυ</span> 
     </span>
    </p>
   </div>
   <div class='ocr_carea' id='block_1_93' title="bbox 332 4935 1900 5011">
    <p class='ocr_par' dir='ltr' id='par_1_93' title="bbox 332 4935 1900 5011">
     <span class='ocr_line' id='line_1_93' title="bbox 332 4935 1900 5011; baseline -0.001 -23"><span class='ocrx_word' id='word_1_758' title='bbox 332 4955 447 4989; x_wconf 78' lang='grc' dir='ltr'>ται.</span> <span class='ocrx_word' id='word_1_759' title='bbox 472 4938 518 4970; x_wconf 80' lang='grc'><strong><em>⁸³</em></strong></span> <span class='ocrx_word' id='word_1_760' title='bbox 543 4938 621 5006; x_wconf 63' lang='grc' dir='ltr'>(ι)</span> <span class='ocrx_word' id='word_1_761' title='bbox 674 4938 732 4991; x_wconf 87' lang='lat'><strong>&#39;0</strong></span> <span class='ocrx_word' id='word_1_762' title='bbox 783 4937 839 4991; x_wconf 81' lang='grc' dir='ltr'><strong>δέ</strong></span> <span class='ocrx_word' id='word_1_763' title='bbox 871 4955 933 5007; x_wconf 83' lang='grc' dir='ltr'><strong>γι</strong></span> <span class='ocrx_word' id='word_1_764' title='bbox 965 4939 1105 5003; x_wconf 85' lang='grc' dir='ltr'>θεῖος</span> <span class='ocrx_word' id='word_1_765' title='bbox 1149 4939 1398 5011; x_wconf 71' lang='grc' dir='ltr'>Ἀϐραὰμ</span> <span class='ocrx_word' id='word_1_766' title='bbox 1444 4939 1703 5007; x_wconf 69' lang='grc' dir='ltr'>ἐγέννησε</span> <span class='ocrx_word' id='word_1_767' title='bbox 1735 4935 1900 4990; x_wconf 82' lang='grc' dir='ltr'>πάλιν</span> 
     </span>
    </p>
   </div>
   <div class='ocr_carea' id='block_1_94' title="bbox 336 5030 1906 5103">
    <p class='ocr_par' dir='ltr' id='par_1_94' title="bbox 336 5030 1906 5103">
     <span class='ocr_line' id='line_1_94' title="bbox 336 5030 1906 5103; baseline -0.001 -20"><span class='ocrx_word' id='word_1_768' title='bbox 336 5030 488 5095; x_wconf 66' lang='grc' dir='ltr'>υἱοὺς</span> <span class='ocrx_word' id='word_1_769' title='bbox 525 5032 588 5084; x_wconf 80' lang='grc' dir='ltr'>ὲκ</span> <span class='ocrx_word' id='word_1_770' title='bbox 617 5034 714 5103; x_wconf 69' lang='grc' dir='ltr'>τῆς</span> <span class='ocrx_word' id='word_1_771' title='bbox 743 5033 975 5103; x_wconf 72' lang='grc' dir='ltr'>ἐσχάτης</span> <span class='ocrx_word' id='word_1_772' title='bbox 1000 5032 1164 5088; x_wconf 81' lang='grc' dir='ltr'>αὐτοῦ</span> <span class='ocrx_word' id='word_1_773' title='bbox 1195 5034 1453 5103; x_wconf 77' lang='grc' dir='ltr'>γυναικὸς</span> <span class='ocrx_word' id='word_1_774' title='bbox 1482 5030 1795 5101; x_wconf 83' lang='grc' dir='ltr'>Χεττούρας</span> <span class='ocrx_word' id='word_1_775' title='bbox 1841 5036 1906 5092; x_wconf 81' lang='grc' dir='ltr'><strong>ε’.</strong></span> 
     </span>
    </p>
   </div>
   <div class='ocr_carea' id='block_1_95' title="bbox 339 5119 1904 5195">
    <p class='ocr_par' dir='ltr' id='par_1_95' title="bbox 339 5119 1904 5195">
     <span class='ocr_line' id='line_1_95' title="bbox 339 5119 1904 5195; baseline 0.001 -18"><span class='ocrx_word' id='word_1_776' title='bbox 339 5124 437 5191; x_wconf 78' lang='grc' dir='ltr'><strong>ἀφ’</strong></span> <span class='ocrx_word' id='word_1_777' title='bbox 464 5119 539 5178; x_wconf 79' lang='grc' dir='ltr'>ὧν</span> <span class='ocrx_word' id='word_1_778' title='bbox 566 5127 679 5178; x_wconf 74' lang='grc' dir='ltr'>ἐστι</span> <span class='ocrx_word' id='word_1_779' title='bbox 704 5125 947 5195; x_wconf 68' lang='grc' dir='ltr'>Μαδιάμ,</span> <span class='ocrx_word' id='word_1_780' title='bbox 991 5127 1051 5192; x_wconf 78' lang='grc' dir='ltr'><strong>ἐξ</strong></span> <span class='ocrx_word' id='word_1_781' title='bbox 1099 5121 1160 5181; x_wconf 75' lang='grc' dir='ltr'>οὗ</span> <span class='ocrx_word' id='word_1_782' title='bbox 1190 5128 1538 5191; x_wconf 83' lang='grc' dir='ltr'>Μαδιανῖται,</span> <span class='ocrx_word' id='word_1_783' title='bbox 1572 5126 1666 5179; x_wconf 73' lang='grc' dir='ltr'><strong>καὶ</strong></span> <span class='ocrx_word' id='word_1_784' title='bbox 1695 5126 1904 5195; x_wconf 81' lang='grc' dir='ltr'>Ἀφαρ,</span> 
     </span>
    </p>
   </div>
   <div class='ocr_carea' id='block_1_96' title="bbox 2014 4548 3597 4628">
    <p class='ocr_par' dir='ltr' id='par_1_96' title="bbox 2014 4548 3597 4628">
     <span class='ocr_line' id='line_1_96' title="bbox 2014 4548 3597 4628; baseline -0.013 -9"><span class='ocrx_word' id='word_1_785' title='bbox 2014 4564 2257 4625; x_wconf 73' lang='lat' dir='ltr'><strong>dianitze.</strong></span> <span class='ocrx_word' id='word_1_786' title='bbox 2298 4572 2354 4617; x_wconf 92' lang='lat' dir='ltr'><strong>et</strong></span> <span class='ocrx_word' id='word_1_787' title='bbox 2378 4559 2530 4623; x_wconf 83' lang='lat' dir='ltr'><strong>AIar,</strong></span> <span class='ocrx_word' id='word_1_788' title='bbox 2557 4574 2585 4612; x_wconf 89' lang='lat' dir='ltr'><strong>a</strong></span> <span class='ocrx_word' id='word_1_789' title='bbox 2620 4573 2729 4628; x_wconf 86' lang='lat' dir='ltr'><strong>quo</strong></span> <span class='ocrx_word' id='word_1_790' title='bbox 2744 4555 2949 4620; x_wconf 82' lang='lat' dir='ltr'><strong>Africa,</strong></span> <span class='ocrx_word' id='word_1_791' title='bbox 2983 4554 3035 4608; x_wconf 89' lang='lat' dir='ltr'><strong>in</strong></span> <span class='ocrx_word' id='word_1_792' title='bbox 3070 4567 3176 4621; x_wconf 90' lang='lat' dir='ltr'><strong>qua</strong></span> <span class='ocrx_word' id='word_1_793' title='bbox 3211 4548 3498 4614; x_wconf 86' lang='lat' dir='ltr'><strong>habitavit,</strong></span> <span class='ocrx_word' id='word_1_794' title='bbox 3542 4556 3597 4601; x_wconf 90' lang='lat' dir='ltr'><strong>et</strong></span> 
     </span>
    </p>
   </div>
   <div class='ocr_carea' id='block_1_97' title="bbox 2017 4646 3594 4731">
    <p class='ocr_par' dir='ltr' id='par_1_97' title="bbox 2017 4646 3594 4731">
     <span class='ocr_line' id='line_1_97' title="bbox 2017 4646 3594 4731; baseline -0.011 -17"><span class='ocrx_word' id='word_1_795' title='bbox 2017 4659 2168 4731; x_wconf 84' lang='lat' dir='ltr'><strong>regio</strong></span> <span class='ocrx_word' id='word_1_796' title='bbox 2184 4655 2561 4730; x_wconf 77' lang='lat' dir='ltr'><strong>cognominata</strong></span> <span class='ocrx_word' id='word_1_797' title='bbox 2575 4662 2658 4709; x_wconf 87' lang='lat' dir='ltr'><strong>est</strong></span> <span class='ocrx_word' id='word_1_798' title='bbox 2672 4661 2933 4723; x_wconf 87' lang='lat' dir='ltr'><strong>tanquam</strong></span> <span class='ocrx_word' id='word_1_799' title='bbox 2948 4657 3178 4721; x_wconf 88' lang='lat' dir='ltr'><strong>paterno</strong></span> <span class='ocrx_word' id='word_1_800' title='bbox 3194 4647 3432 4709; x_wconf 89' lang='lat' dir='ltr'><strong>nomine,</strong></span> <span class='ocrx_word' id='word_1_801' title='bbox 3453 4646 3594 4699; x_wconf 85' lang='lat' dir='ltr'><strong>sicut</strong></span> 
     </span>
    </p>
   </div>
   <div class='ocr_carea' id='block_1_98' title="bbox 2014 4742 3590 4816">
    <p class='ocr_par' dir='ltr' id='par_1_98' title="bbox 2014 4742 3590 4816">
     <span class='ocr_line' id='line_1_98' title="bbox 2014 4742 3590 4816; baseline -0.013 -8"><span class='ocrx_word' id='word_1_802' title='bbox 2014 4763 2068 4809; x_wconf 89' lang='lat' dir='ltr'><strong>et</strong></span> <span class='ocrx_word' id='word_1_803' title='bbox 2082 4750 2289 4807; x_wconf 82' lang='lat' dir='ltr'><strong>Ausitis</strong></span> <span class='ocrx_word' id='word_1_804' title='bbox 2322 4750 2477 4805; x_wconf 89' lang='lat' dir='ltr'><strong>locus</strong></span> <span class='ocrx_word' id='word_1_805' title='bbox 2511 4747 2676 4812; x_wconf 87' lang='lat' dir='ltr'><strong>Esau,</strong></span> <span class='ocrx_word' id='word_1_806' title='bbox 2697 4747 2749 4802; x_wconf 90' lang='lat' dir='ltr'><strong>in</strong></span> <span class='ocrx_word' id='word_1_807' title='bbox 2776 4760 2887 4816; x_wconf 87' lang='lat' dir='ltr'><strong>quo</strong></span> <span class='ocrx_word' id='word_1_808' title='bbox 2906 4753 3067 4800; x_wconf 86' lang='lat' dir='ltr'><strong>natus</strong></span> <span class='ocrx_word' id='word_1_809' title='bbox 3089 4752 3174 4798; x_wconf 90' lang='lat' dir='ltr'><strong>est</strong></span> <span class='ocrx_word' id='word_1_810' title='bbox 3197 4742 3389 4795; x_wconf 88' lang='lat' dir='ltr'><strong>beatus</strong></span> <span class='ocrx_word' id='word_1_811' title='bbox 3412 4746 3465 4791; x_wconf 89' lang='lat' dir='ltr'><strong>et</strong></span> <span class='ocrx_word' id='word_1_812' title='bbox 3497 4751 3590 4804; x_wconf 82' lang='lat' dir='ltr'><strong>pa-</strong></span> 
     </span>
    </p>
   </div>
   <div class='ocr_carea' id='block_1_99' title="bbox 2014 4827 3594 4906">
    <p class='ocr_par' dir='ltr' id='par_1_99' title="bbox 2014 4827 3594 4906">
     <span class='ocr_line' id='line_1_99' title="bbox 2014 4827 3594 4906; baseline -0.015 -7"><span class='ocrx_word' id='word_1_813' title='bbox 2014 4845 2159 4899; x_wconf 86' lang='lat' dir='ltr'><strong>tiens</strong></span> <span class='ocrx_word' id='word_1_814' title='bbox 2195 4852 2250 4899; x_wconf 89' lang='lat' dir='ltr'><strong>et</strong></span> <span class='ocrx_word' id='word_1_815' title='bbox 2289 4839 2686 4897; x_wconf 81' lang='lat' dir='ltr'><strong>celeberrimus</strong></span> <span class='ocrx_word' id='word_1_816' title='bbox 2740 4836 2867 4901; x_wconf 76' lang='lat' dir='ltr'><strong>Job,</strong></span> <span class='ocrx_word' id='word_1_817' title='bbox 2909 4849 3075 4906; x_wconf 86' lang='lat' dir='ltr'><strong>quem</strong></span> <span class='ocrx_word' id='word_1_818' title='bbox 3144 4830 3377 4885; x_wconf 86' lang='lat' dir='ltr'><strong>laudans</strong></span> <span class='ocrx_word' id='word_1_819' title='bbox 3433 4827 3594 4878; x_wconf 87' lang='lat' dir='ltr'><strong>divus</strong></span> 
     </span>
    </p>
   </div>
   <div class='ocr_carea' id='block_1_100' title="bbox 2013 4917 3593 5007">
    <p class='ocr_par' dir='ltr' id='par_1_100' title="bbox 2013 4917 3593 5007">
     <span class='ocr_line' id='line_1_100' title="bbox 2013 4917 3593 5007; baseline -0.016 -14"><span class='ocrx_word' id='word_1_820' title='bbox 2013 4936 2462 5007; x_wconf 81' lang='lat' dir='ltr'><strong>Cbrysostomus,</strong></span> <span class='ocrx_word' id='word_1_821' title='bbox 2486 4931 2568 4987; x_wconf 90' lang='lat' dir='ltr'><strong>sic</strong></span> <span class='ocrx_word' id='word_1_822' title='bbox 2593 4930 2866 5000; x_wconf 84' lang='lat' dir='ltr'><strong>loquitur:</strong></span> <span class='ocrx_word' id='word_1_823' title='bbox 2904 4944 2922 4979; x_wconf 84' lang='grc' dir='ltr'><strong>ι</strong></span> <span class='ocrx_word' id='word_1_824' title='bbox 2948 4925 3041 4981; x_wconf 80' lang='lat' dir='ltr'><strong>Vir</strong></span> <span class='ocrx_word' id='word_1_825' title='bbox 3056 4920 3275 4993; x_wconf 87' lang='lat' dir='ltr'><strong>quidam</strong></span> <span class='ocrx_word' id='word_1_826' title='bbox 3298 4928 3414 4973; x_wconf 85' lang='lat' dir='ltr'><strong>erat</strong></span> <span class='ocrx_word' id='word_1_827' title='bbox 3432 4917 3487 4970; x_wconf 91' lang='lat' dir='ltr'><strong>in</strong></span> <span class='ocrx_word' id='word_1_828' title='bbox 3506 4931 3593 4969; x_wconf 88' lang='lat' dir='ltr'><strong>re-</strong></span> 
     </span>
    </p>
   </div>
   <div class='ocr_carea' id='block_1_101' title="bbox 2018 5011 3594 5101">
    <p class='ocr_par' dir='ltr' id='par_1_101' title="bbox 2018 5011 3594 5101">
     <span class='ocr_line' id='line_1_101' title="bbox 2018 5011 3594 5101; baseline -0.017 -16"><span class='ocrx_word' id='word_1_829' title='bbox 2018 5030 2181 5101; x_wconf 89' lang='lat' dir='ltr'><strong>gione</strong></span> <span class='ocrx_word' id='word_1_830' title='bbox 2209 5026 2462 5084; x_wconf 81' lang='lat' dir='ltr'><strong>Ausitide</strong></span> <span class='ocrx_word' id='word_1_831' title='bbox 2488 5041 2504 5079; x_wconf 88' lang='lat'><strong>:</strong></span> <span class='ocrx_word' id='word_1_832' title='bbox 2536 5022 2829 5085; x_wconf 85' lang='lat' dir='ltr'><strong>celebrem,</strong></span> <span class='ocrx_word' id='word_1_833' title='bbox 2854 5017 3059 5087; x_wconf 84' lang='lat' dir='ltr'><strong>inquit,</strong></span> <span class='ocrx_word' id='word_1_834' title='bbox 3084 5027 3210 5070; x_wconf 91' lang='lat' dir='ltr'><strong>eum</strong></span> <span class='ocrx_word' id='word_1_835' title='bbox 3231 5011 3302 5066; x_wconf 88' lang='lat' dir='ltr'><strong>ob</strong></span> <span class='ocrx_word' id='word_1_836' title='bbox 3335 5017 3594 5063; x_wconf 88' lang='lat' dir='ltr'><strong>naturam</strong></span> 
     </span>
    </p>
   </div>
   <div class='ocr_carea' id='block_1_102' title="bbox 2019 5108 3601 5193">
    <p class='ocr_par' dir='ltr' id='par_1_102' title="bbox 2019 5108 3601 5193">
     <span class='ocr_line' id='line_1_102' title="bbox 2019 5108 3601 5193; baseline -0.015 -13"><span class='ocrx_word' id='word_1_837' title='bbox 2019 5135 2133 5180; x_wconf 90' lang='lat' dir='ltr'><strong>tum</strong></span> <span class='ocrx_word' id='word_1_838' title='bbox 2162 5123 2233 5178; x_wconf 89' lang='lat' dir='ltr'><strong>ob</strong></span> <span class='ocrx_word' id='word_1_839' title='bbox 2267 5121 2569 5193; x_wconf 77' lang='lat' dir='ltr'><strong>regionem,</strong></span> <span class='ocrx_word' id='word_1_840' title='bbox 2605 5127 2665 5174; x_wconf 92' lang='lat' dir='ltr'><strong>ut</strong></span> <span class='ocrx_word' id='word_1_841' title='bbox 2699 5132 2824 5172; x_wconf 92' lang='lat' dir='ltr'><strong>cum</strong></span> <span class='ocrx_word' id='word_1_842' title='bbox 2870 5111 3111 5171; x_wconf 80' lang='lat' dir='ltr'><strong>audieris</strong></span> <span class='ocrx_word' id='word_1_843' title='bbox 3148 5108 3426 5167; x_wconf 86' lang='lat' dir='ltr'><strong>hominem</strong></span> <span class='ocrx_word' id='word_1_844' title='bbox 3476 5119 3601 5159; x_wconf 87' lang='lat' dir='ltr'><strong>esse</strong></span> 
     </span>
    </p>
   </div>
   <div class='ocr_carea' id='block_1_103' title="bbox 1511 5379 2377 5444">
    <p class='ocr_par' dir='ltr' id='par_1_103' title="bbox 1511 5379 2377 5444">
     <span class='ocr_line' id='line_1_103' title="bbox 1511 5379 2377 5444; baseline -0.003 -3"><span class='ocrx_word' id='word_1_845' title='bbox 1511 5382 1710 5443; x_wconf 64' lang='lat' dir='ltr'><strong>Varia;</strong></span> <span class='ocrx_word' id='word_1_846' title='bbox 1749 5379 2052 5444; x_wconf 88' lang='lat' dir='ltr'><strong>lectiones</strong></span> <span class='ocrx_word' id='word_1_847' title='bbox 2090 5386 2149 5442; x_wconf 82' lang='lat' dir='ltr'><strong>et</strong></span> <span class='ocrx_word' id='word_1_848' title='bbox 2190 5388 2377 5441; x_wconf 69' lang='lat' dir='ltr'><strong>notas.</strong></span> 
     </span>
    </p>
   </div>
   <div class='ocr_carea' id='block_1_104' title="bbox 423 5628 874 5703">
    <p class='ocr_par' dir='ltr' id='par_1_104' title="bbox 423 5628 874 5703">
     <span class='ocr_line' id='line_1_104' title="bbox 423 5628 874 5703; baseline -0.002 -18"><span class='ocrx_word' id='word_1_849' title='bbox 423 5628 461 5703; x_wconf 65' lang='grc' dir='ltr'>ξι</span> <span class='ocrx_word' id='word_1_850' title='bbox 486 5630 632 5703; x_wconf 66' lang='grc' dir='ltr'>ξιτεδ</span> <span class='ocrx_word' id='word_1_851' title='bbox 671 5631 874 5703; x_wconf 67' lang='lat' dir='ltr'><strong>(55m.</strong></span> 
     </span>
    </p>
   </div>
   <div class='ocr_carea' id='block_1_105' title="bbox 355 5634 1595 5727">
    <p class='ocr_par' dir='ltr' id='par_1_105' title="bbox 355 5634 1595 5727">
     <span class='ocr_line' id='line_1_105' title="bbox 355 5634 1595 5727; baseline -0.02 -16"><span class='ocrx_word' id='word_1_852' title='bbox 355 5634 461 5727; x_wconf 48' lang='lat' dir='ltr'><strong>mf</strong></span> <span class='ocrx_word' id='word_1_853' title='bbox 484 5634 632 5727; x_wconf 64' lang='lat'><strong>39-15</strong></span> <span class='ocrx_word' id='word_1_854' title='bbox 671 5634 874 5703; x_wconf 66' lang='lat' dir='ltr'><strong>(55m-</strong></span> <span class='ocrx_word' id='word_1_855' title='bbox 970 5634 1169 5694; x_wconf 76' lang='lat' dir='ltr'><strong>&quot;Gen.</strong></span> <span class='ocrx_word' id='word_1_856' title='bbox 1203 5651 1371 5703; x_wconf 78' lang='lat' dir='ltr'><strong>xxvn,</strong></span> <span class='ocrx_word' id='word_1_857' title='bbox 1405 5634 1595 5702; x_wconf 70' lang='lat'><strong>28,29.</strong></span> 
     </span>
    </p>
   </div>
   <div class='ocr_carea' id='block_1_106' title="bbox 358 5700 536 5759">
    <p class='ocr_par' dir='ltr' id='par_1_106' title="bbox 358 5700 536 5759">
     <span class='ocr_line' id='line_1_106' title="bbox 358 5700 536 5759; baseline 0.017 -10"><span class='ocrx_word' id='word_1_858' title='bbox 358 5700 536 5759; x_wconf 74' lang='lat'><strong>378.7.</strong></span> 
     </span>
    </p>
   </div>
   <div class='ocr_carea' id='block_1_107' title="bbox 1704 5628 1968 5693">
    <p class='ocr_par' dir='ltr' id='par_1_107' title="bbox 1704 5628 1968 5693">
     <span class='ocr_line' id='line_1_107' title="bbox 1704 5628 1968 5693; baseline 0.004 -11"><span class='ocrx_word' id='word_1_859' title='bbox 1704 5631 1750 5663; x_wconf 82' lang='grc'><strong><em>⁶³</em></strong></span> <span class='ocrx_word' id='word_1_860' title='bbox 1781 5628 1968 5693; x_wconf 60' lang='lat'><strong>39,40.</strong></span> 
     </span>
    </p>
   </div>
   <div class='ocr_carea' id='block_1_108' title="bbox 2080 5612 3597 5690">
    <p class='ocr_par' dir='ltr' id='par_1_108' title="bbox 2080 5612 3597 5690">
     <span class='ocr_line' id='line_1_108' title="bbox 2080 5612 3597 5690; baseline -0.01 -8"><span class='ocrx_word' id='word_1_861' title='bbox 2080 5628 2124 5657; x_wconf 78' lang='lat'>“</span> <span class='ocrx_word' id='word_1_862' title='bbox 2151 5620 2338 5690; x_wconf 77' lang='lat' dir='ltr'><strong>XLIX,</strong></span> <span class='ocrx_word' id='word_1_863' title='bbox 2376 5621 2426 5676; x_wconf 89' lang='lat'><strong>7.</strong></span> <span class='ocrx_word' id='word_1_864' title='bbox 2530 5621 2575 5653; x_wconf 82' lang='grc'><strong>⁸⁸</strong></span> <span class='ocrx_word' id='word_1_865' title='bbox 2603 5619 2735 5678; x_wconf 83' lang='lat' dir='ltr'><strong>Ced.</strong></span> <span class='ocrx_word' id='word_1_866' title='bbox 2753 5616 3073 5688; x_wconf 75' lang='lat'><strong>76,19-80,7</strong></span> <span class='ocrx_word' id='word_1_867' title='bbox 3103 5632 3118 5682; x_wconf 84' lang='lat'><strong>;</strong></span> <span class='ocrx_word' id='word_1_868' title='bbox 3180 5615 3335 5689; x_wconf 73' lang='lat' dir='ltr'><strong>Glyiz.</strong></span> <span class='ocrx_word' id='word_1_869' title='bbox 3367 5612 3597 5679; x_wconf 74' lang='lat'><strong>276,10-</strong></span> 
     </span>
    </p>
   </div>
  </div>
