4098 6208
385 245 493 305 161

392 376 506 423 τος,
532 357 775 421 ἐντείνας
800 359 828 410 ὁ
871 358 1064 412 Ἰακὼϐ
1097 360 1158 412 τὸ

392 449 531 502 κατὰ
566 447 661 501 τοῦ
691 447 866 513 δεξιοῦ
921 449 1148 519 μαστοῦ,
1177 452 1270 504 καὶ
1301 451 1509 521 πλήξας
1547 451 1779 504 άνεῖλεν.
1819 450 1880 504 Oi
1919 449 1975 503 δὲ

392 541 498 595 υιοὶ
522 541 740 605 Ἰακὼϐ,
762 541 961 594 αὐτίκα
978 541 1385 607 ὑπεξελθόντες,
1406 542 1588 612 σχεδὸν
1603 542 1811 604 πάντας
1824 542 1972 594 ἀνεῖο

388 636 501 687 λον.
538 632 651 685 Καὶ
679 633 803 685 τότε
830 633 1127 704 ἐπληρώθη
1168 635 1263 686 τοῦ
1311 633 1495 687 Ἰσαὰκ
1522 635 1556 704 ἡ
1587 634 1895 704 πρόρρησις
1938 634 1972 703 ἡ

1584 240 2062 304 'CHRONICON.
2103 266 2171 277 --
2204 241 2354 301 'L'IB.
2396 242 2446 303 Ι.

1231 361 1407 426 τόςον,
1457 359 1761 414 κατέϐαλεν
1803 357 1971 413 Ἠσαῦ

2078 357 2197 412 Fdii
2229 367 2408 412 autem
2429 355 2595 410 Jacoh
2620 356 2908 412 confestim
2936 358 3187 412 manibus
3210 355 3480 413 consertis
3505 370 3657 422 patos

3553 238 3656 301 162

2085 464 2272 504 omnes
2305 446 2715 502 interfecerunt.
2755 448 2909 504 'I‘nnc
2964 450 3180 518 impleta
3235 461 3318 502 est
3370 447 3653 517 prophetia

2083 542 2381 611 lsaac,qua
2403 540 2608 596 dixerat
2633 542 2699 595 ad
2719 542 2858 596 Esau
2887 562 2899 597 :
2931 541 3450 610 «Siexcutisjugmn
3471 540 3653 593 fratris

2087 634 2163 687 tui
2212 635 2279 688 de
2323 634 2535 689 cervice
2570 643 2685 699 tua,
2714 634 2965 703 peccabis
2993 644 3274 703 peccatum
3305 633 3494 689 Inui-tis
3527 651 3543 681 ι

393 728 633 795 λέγουσα
665 726 802 797 πρὸς
824 727 916 780 τὸν
953 725 1123 779 Ἡσαῦ
1149 743 1162 757 ·
1202 746 1221 778 ‹
1243 728 1368 781 Ἐὰν
1397 725 1631 801 καθέλῃς
1674 726 1768 780 τὸν
1813 725 1977 794 ζυγὸν
2014 726 2107 779 τοῦ
2142 726 2375 780 ἀδελφοῦ
2432 743 2523 778 σου
2556 726 2665 779 ἀπὸ
2698 726 2794 779 τοῦ
2867 726 3145 797 τραχήλου
3179 744 3292 789 σου,
3322 722 3647 794 πλημμελής

388 840 514 887 cat;
544 821 929 893 πλημμέλειαν
971 820 1201 875 θανάτου
1218 839 1261 874 ι.

599 1026 717 1082 ια’.
758 1024 1039 1096 Περὶ“τῆς
1085 1026 1427 1098 γεννήσεως
1444 1027 1761 1093 Μωῦσέως.

463 1208 511 1239 ’⁸
539 1204 627 1274 Τῷ
648 1204 705 1257 δὲ
734 1204 969 1275 δευτέρῳ
1016 1205 1127 1258 ἔτει
1161 1207 1259 1274 τῆς
1285 1205 1379 1258 τοῦ
1415 1206 1460 1239 ’⁷
1504 1205 1719 1277 Ἰσραὴλ
1769 1206 1828 1257 ὲν
1865 1205 1961 1256 Alc

378 1297 587 1367 είῠπτφ
618 1294 913 1365 παροικίας
933 1296 1388 1365 ἱερογραμματέα
1407 1297 1581 1351 δεινὸν
1605 1295 1964 1367 πρθειπεῖν”ι

2418 1018 2609 1072 XVIII.
2654 1018 2727 1071 De
2767 1018 3041 1071 nativitate
3086 1016 3310 1086 Megara.

2154 1202 2408 1258 Secundo
2432 1217 2576 1256 anno
2607 1216 2731 1256 cum
2763 1210 2905 1255 esset
2935 1200 3101 1254 Israel
3129 1200 3178 1253 in
3204 1200 3458 1270 :Egyplo,
3502 1212 3654 1255 vates

2075 1311 2231 1350 socer
2266 1294 2516 1364 praedixit
2541 1302 2726 1347 natum
2758 1292 2860 1346 hoc
2881 1302 3132 1362 tempore
3154 1293 3437 1361 parvnhnn
3467 1309 3534 1347 ex
3552 1292 3657 1347 He-

380 1389 474 1440 ὂτι
506 1386 568 1439 τὸ
595 1383 915 1453 τικτόμενον
966 1383 1180 1436 παιδίον
1235 1385 1295 1435 έν
1339 1382 1476 1455 τῷδε
1517 1384 1596 1455 τῷ
1630 1383 1807 1454 χρόνῳ
1854 1384 1967 1445 τοῖς

2075 1386 2234 1440 braais
2260 1384 2640 1455 [Egyptiorum
2664 1399 2989 1438 reversurum
3013 1398 3134 1438 esse
3152 1383 3462 1453 imperium,
3506 1384 3657 1439 ideo—

398 1476 679 1547 Ἒϐραίοις
716 1475 817 1545 τὴν
838 1474 1157 1543 Αἰγυπτίων
1195 1474 1490 1529 καταλύσει
1539 1475 1843 1545 βασιλείαν,
1872 1474 1967 1526 καὶ

2075 1493 2178 1545 que
2199 1478 2409 1532 Pharao
2428 1475 2777 1531 mandavit-ut
2798 1476 3175 1530 occiderentur
3195 1490 3385 1531 recens
3406 1477 3513 1530 nati
3536 1492 3660 1546 par-

378 1569 480 1624 ait
504 1568 665 1623 τοῦτο
694 1567 895 1638 Φαραὼ
924 1567 1227 1636 προσέταξε
1267 1566 1519 1637 φονεύειν
1552 1567 1619 1621 τά
1672 1564 1966 1634 τικτόμενα

2076 1571 2183 1625 vuli
2220 1569 2564 1624 llebraaorunl
2605 1569 2891 1624 masculini
2926 1582 3114 1623 sexus.

382 1663 598 1733 ἄρρενα
628 1658 737 1713 τῶν
783 1657 1053 1728 Ἐϐραίων
1084 1658 1293 1711 παιδία.

465 1820 510 1856 δ’
542 1817 620 1887 (2)
656 1816 785 1870 Δευῖ
819 1815 898 1883 δὲ,
939 1816 1233 1887 γενόμενος
1253 1816 1390 1869 ὲτῶν
1423 1814 1526 1886 με’,
1561 1815 1819 1885 ἐγέννησε
1875 1814 1966 1868 τὸν

2148 1825 2274 1879 Levi
2303 1833 2516 1888 autem,
2560 1838 2684 1878 cum
2730 1837 2935 1876 annum
2984 1822 3461 1891 quadragesimum
3492 1822 3655 1891 quin.

386 1910 586 1971 'KadO,
621 1910 715 1962 καὶ
750 1910 891 1979 μετὰ
919 1908 1083 1961 τοῦτο
1117 1908 1310 1978 ἔζησεν
1338 1909 1435 1977 ἐτη
1460 1906 1533 1975 ιζ,
1561 1909 1655 1961 καὶ
1700 1906 1961 1975 ἀπέθανε,

2081 1927 2191 1972 tum
2214 1924 2429 1986 ageret,
2480 1914 2666 1983 genuit
2708 1912 2903 1975 Caath,
2951 1920 3006 1966 et
3052 1919 3241 1981 postea
3291 1913 3430 1966 vixit
3474 1926 3650 1967 annos

392 2004 569 2073 ζήσας
596 2002 662 2056 τὰ
688 2002 872 2054 πάντα
899 2000 996 2071 ἔτη
1030 2002 1130 2072 ρλν.
1184 2000 1343 2054 Καάο
1394 1999 1472 2065 δὲ,
1511 1998 1804 2069 γενόμενος
1828 1997 1968 2051 ἑτῶν

2080 2007 2397 2078 nonaginta,
2429 2015 2484 2061 et
2512 2016 2757 2060 mortuus
2782 2013 2888 2069 est,
2940 2020 3064 2058 cum
3108 2002 3237 2057 facti
3264 2014 3654 2060 essentomnes

386 2096 504 2163 ξτ,
526 2096 682 2165 γεννᾷ
700 2094 793 2147 τὸν
828 2094 1083 2164 ’Δμραμ.
1120 2093 1139 2123 ⁸
1174 2093 1252 2164 (5)
1290 2094 1526 2164 Ἀμραμ
1564 2091 1644 2156 δὲ»
1675 2090 1970 2161 γενόμενος

2076 2099 2206 2154 anni
2237 2098 2356 2167 ejus
2384 2106 2603 2152 centum
2650 2106 2704 2150 et
2749 2096 2990 2165 triginta.
3053 2095 3225 2149 Caath
3262 2107 3445 2149 autem
3495 2111 3655 2151 sexa-

392 2185 536 2237 ἐτῶν
560 2191 619 2247 o’,
658 2186 825 2254 γεννᾷ
864 2184 955 2236 τὸν
990 2181 1228 2252 Μωῦσῆν
1276 2182 1372 2235 καὶ
1404 2180 1496 2234 τὸν
1540 2178 1751 2251 Ἀαρών
1775 2219 1790 2234 .
1834 2182 1853 2211 ²
1894 2179 1970 2252 (ι)

2075 2190 2222 2261 ginta
2276 2192 2386 2242 t'res
2435 2202 2611 2241 annos
2636 2196 2797 2239 natus
2826 2226 2842 2249 ,
2888 2185 3073 2253 genuit
3120 2187 3365 2241 Amram.
3430 2186 3652 2242 Amram

374 2273 500 2330 Ὺὸν
525 2276 579 2328 δὲ
613 2276 846 2346 ’Ᾱμραμ
879 2276 1013 2343 φασὶ
1046 2274 1139 2329 τὸν
1160 2273 1373 2343 πατέρα
1402 2272 1679 2337 Μωῦσέως
1710 2270 1970 2337 εὔξασθαι

380 2370 466 2439 τῷ
516 2368 637 2439 Θεῷ
696 2371 770 2438 μὴ
816 2369 1082 2439 περιιδεῖν
1135 2366 1509 2439 ἀπολλύμενον
1561 2366 1623 2419 τὸ
1658 2367 1814 2435 γένος
1863 2366 1974 2420 τῶν

388 2460 715 2531 Ἔϐραίων·
781 2460 1181 2530 χρηματισθεὶς
1236 2461 1292 2512 δὲ
1341 2458 1463 2512 κατ’
1514 2456 1647 2527 δναρ
1700 2457 1828 2521 περὶ
1871 2457 1970 2527 τῆς

389 2553 703 2620 γεννήσεως
726 2548 1129 2617 καὶδυνάμεως
1152 2546 1247 2599 τοῦ
1277 2546 1385 2617 81
1418 2543 1633 2597 παιδίου
1665 2542 1969 2609 Μωῡσέως,

389 2637 452 2695 οὗ
476 2642 767 2711 τεχθέντος
810 2641 907 2693 καὶ
946 2639 1171 2692 έκθέτου
1206 2640 1519 2707 γενομένου,
1574 2634 1905 2717 Θερμοῦθις,
1935 2638 1969 2705 η

387 2734 486 2787 τοῦ
537 2730 739 2801 Φαραὼ
812 2732 1083 2799 θυγάτηρ,
1154 2730 1435 2782 άνείλετο’
1498 2727 1751 2781 τοσοῦτον
1804 2726 1863 2779 δὲ
1903 2721 1972 2797 ἦν

380 2826 606 2877 ἀστεῖον
635 2824 695 2876 τὸ
728 2822 938 2875 παιδίον
981 2823 1249 2892 Μωῦσῆς,
1281 2821 1355 2884 ὡς
1380 2820 1508 2883 τοὺς
1539 2819 1786 2888 ὁρῶντας
1837 2818 1972 2871 αὐτὸ

384 2915 806 2987 ἀμεταστρεπτὶ
830 2914 1214 2983 θαυμάζοντας
1250 2914 1445 2983 ἐνορᾷν
1475 2928 1488 2941 ·
1526 2911 1583 2973 ὃς
1607 2911 1702 2965 καὶ
1736 2909 1971 2980 ἐγενήθη

390 3012 477 3073 εις
517 3009 634 3061 υἱὸν
665 3011 733 3079 τῇ
760 3007 994 3078 θυγατρὶ
1025 3004 1120 3058 τοῦ
1148 3004 1369 3076 Φαραώ.

2071 2289 2282 2345 autem,
2352 2279 2691 2350 septuaginta
2742 2285 2905 2332 natus
2950 2292 3150 2341 annos,
3199 2279 3383 2346 genuit
3432 2277 3650 2349 Moysen

2074 2383 2130 2429 et
2178 2374 2378 2428 Aaron.
2462 2371 2665 2426 Dicitur
2706 2370 2950 2434 Amram,
3006 2378 3158 2438 pater
3184 2368 3419 2440 Moysis,
3470 2368 3657 2424 Domi-

2081 2482 2211 2521 num
2259 2480 2449 2520 orasse
2490 2479 2561 2518 ne
2602 2462 2779 2533 perire
2821 2470 3102 2532 pateretur
3162 2476 3335 2530 genus
3399 2460 3652 2516 Hebraeo-

2079 2574 2220 2615 rum.
2266 2557 2541 2613 Divinitus
2588 2566 2769 2611 autem
2824 2557 2877 2610 in
2928 2555 3143 2611 somnio
3188 2554 3504 2609 admonitus
3569 2564 3655 2609 est

2075 2651 2144 2707 de
2197 2650 2479 2706 nativitate
2535 2660 2589 2704 et
2637 2658 2906 2719 potestate
2962 2646 3171 2717 parvuli
3214 2646 3438 2717 Moysis,
3490 2661 3651 2716 quem

2072 2752 2200 2813 post
2228 2743 2572 2796 nativitatem
2606 2742 2938 2810 expositum,
2968 2737 3308 2803 Tllet-mutis,
3339 2740 3650 2793 Pharaonis

2078 2835 2207 2898 filia,
2240 2835 2481 2889 sustulit.
2501 2832 2673 2889 Porro
2692 2833 2828 2886 adeo
2852 2840 3113 2886 venustus
3128 2841 3390 2900 eratpuer
3418 2830 3652 2899 Moyses,

2077 2934 2138 2982 ut
2191 2924 2440 2980 videntes
2486 2938 2613 2978 eum
2654 2937 2782 2976 cum
2824 2922 3188 2976 admiratione
3218 2922 3657 2990 contemplaren-

2076 3024 2164 3069 tur
2217 3030 2230 3069 :
2284 3012 2379 3083 qui
2400 3010 2583 3067 factus
2614 3018 2701 3067 est
2725 3019 2983 3079 tanquam
2998 3009 3143 3064 Illius
3174 3009 3295 3063 tiliae
3326 3007 3650 3063 Pharaonis.

464 3185 542 3257 (5)
568 3185 803 3251 Λέγεται
826 3184 852 3214 ’⁸
878 3185 936 3236 δὲ
973 3183 1053 3236 ἔτι
1085 3184 1277 3254 νήπιον
1315 3182 1445 3236 ὅντα
1473 3181 1797 3253 εἰσαχθῆναι
1830 3181 1970 3250 πρὸς

2148 3187 2282 3243 Cum
2314 3185 2495 3243 infans
2520 3185 2700 3241 adhuc
2725 3194 2890 3250 esset,
2933 3185 3166 3239 decorus
3196 3186 3316 3241 visu
3348 3194 3402 3240 et
3430 3186 3651 3257 elegan-

387 3277 591 3350 Φαραὼ
614 3275 707 3330 τὸν
737 3275 949 3349 πατέρα
978 3274 1171 3345 αὐτῆς,
1204 3276 1423 3329 άστείον
1469 3274 1598 3327 ὅντα
1618 3276 1684 3343 τῇ
1724 3272 1846 3342 ὄψει
1876 3273 1973 3325 καὶ

382 3373 773 3444 χαριέστατον,
794 3367 1053 3423 λαϐέσθαι
1087 3366 1188 3436 τῆς
1218 3365 1492 3434 γενειάδος
1528 3364 1720 3430 αὐτοῦ,
1750 3366 1845 3418 καὶ
1883 3365 1973 3418 διὰ

395 3465 564 3518 τοῦτο
597 3462 998 3533 προστάξαντος
1047 3457 1410 3529 ἀναιρεθῆναι
1446 3458 1600 3521 αὐτὸ,
1645 3456 1873 3527 προνοίᾳ
1919 3456 1975 3509 δὲ

382 3556 533 3609 ’Θεοῦ
561 3554 914 3625 ἐπισχεθῆναι
930 3552 1022 3605 τὸν
1048 3549 1250 3621 Φαραὼ
1303 3549 1399 3601 τοῦ
1453 3549 1533 3619 μὴ
1567 3548 1780 3601 ἀνελεῖν
1811 3547 1974 3600 αὑτὸν

387 3651 580 3720 τρόπῳ
595 3647 802 3718 τοιῷδεο
818 3645 953 3698 ’Δνθ
963 3660 1135 3715 ρακας
1152 3642 1489 3711 ἀναφθέντας
1507 3643 1563 3694 ἐν
1578 3642 1644 3710 τῇ
1660 3642 1729 3710 γῇ
1748 3656 1976 3692 κατατε-

381 3742 551 3811 θῆναι
566 3741 659 3794 καὶ
684 3739 910 3809 χρυσίου
927 3737 949 3767 ⁸
968 3735 1144 3805 σωρὸν
1169 3733 1424 3805 ὑποθήκῃ
1444 3732 1609 3786 τινῶν
1634 3731 1743 3784 τῶν
1759 3731 1850 3782 ὑπ’
1874 3734 1974 3783 αὑ-

387 3835 498 3887 τῶν
517 3832 700 3901 σοφῶν
716 3846 731 3861 ·
752 3831 853 3885 καὶ
871 3833 918 3883 ει
940 3830 1041 3901 μὲν
1053 3828 1250 3899 ἅψαιτο
1269 3829 1456 3890 ὀπαῖς,
1475 3825 1634 3895 φησὶ,
1652 3824 1745 3877 τοῦ
1764 3822 1967 3894 χρυσοῦ

386 3928 487 3979 καὶ
499 3925 693 3978 τούτου
710 3922 887 3985 λάϐοι,
902 3920 1192 3991 κακοήθως
1206 3918 1467 3989 ἐδράξατο
1477 3917 1575 3985 τῆς
1588 3916 1860 3984 γενειάδος
1875 3913 1973 3967 αὑ-

386 4016 508 4077 τοῦ,
527 4018 575 4068 εἰ
592 4014 651 4066 δὲ
668 4012 805 4077 θίξοι
825 4011 932 4064 τῶν
952 4008 1259 4079 καιομένων
1275 4006 1588 4075 ἀνθράκων,
1604 4004 1966 4073 άπανούργως

389 4108 487 4160 καὶ
506 4106 584 4168 ὡς
602 4104 798 4174 ἀφελὲς
812 4101 1026 4156 παιδίον
1045 4099 1204 4153 τοῦτο
1219 4099 1533 4169 εἰργάσατο,
1554 4099 1646 4151 καὶ
1665 4098 1725 4150 οὐ
1747 4096 1852 4167 χρὴ
1872 4095 1974 4166 μά-

388 4217 491 4269 την
530 4197 889 4268 ἀναιρεθῆναι
913 4211 926 4224 ’
942 4194 971 4246 ὃ
983 4194 1077 4247 καὶ
1090 4193 1384 4263 γενόμενον
1396 4231 1411 4255 ,
1442 4190 1637 4261 ἔστησε
1651 4190 1749 4258 τὴν
1766 4188 1970 4255 ἀπόφα-

392 4307 479 4341 σιν
498 4305 514 4319 ο
542 4290 819 4357 ἀφέμενος
846 4286 956 4356 γὰρ
979 4285 1074 4338 τοῦ
1103 4282 1331 4357 χρυσοῦ,
1371 4282 1721 4353 προσέδραμε
1744 4281 1857 4341 τοῖς
1876 4279 1969 4332 ἄν.

392 4380 578 4450 θραξι,
606 4380 701 4432 καὶ
729 4378 938 4432 τούτων
973 4378 1071 4430 ἕνα
1092 4376 1297 4440 λαϐὼν,
1323 4374 1465 4429 κατὰ
1503 4375 1564 4427 τὸ
1586 4372 1878 4443 ἠθισμένον
1894 4371 1969 4431 ὡς

2079 3280 2346 3341 tissimus,
2374 3277 2642 3332 adductus
2669 3285 2772 3341 est,
2826 3287 2886 3331 ut
2919 3274 3123 3339 ferunt,
3168 3277 3233 3331 ad
3284 3278 3648 3343 Pharaonem,

2078 3383 2281 3444 patrem
2312 3370 2647 3427 Thermutis.
2712 3369 2847 3425 Cum
2883 3386 3009 3425 vero
3045 3371 3267 3425 barbam
3306 3372 3451 3427 illius
3494 3373 3641 3427 arri-

2076 3463 2305 3532 puisset,
2331 3461 2502 3531 jussit
2535 3476 2627 3517 rex
2660 3460 2812 3515 illum
2884 3461 3094 3525 occidi;
3148 3461 3243 3516 sed
3296 3462 3476 3517 divina
3525 3476 3651 3531 pro-

2076 3553 2312 3607 videntia
2340 3551 2685 3607 Pharaonem
2711 3553 2957 3607 cohibuit
2984 3569 3049 3607 ne
3074 3552 3335 3607 infantem
3366 3552 3472 3607 isto
3491 3553 3651 3609 modo

2073 3644 2363 3699 occideret.
2466 3644 2774 3699 Suaserunt
2861 3645 2911 3698 ei
2986 3644 3255 3713 sapientes
3310 3644 3528 3712 quidam
3582 3660 3649 3700 ex

2077 3737 2314 3792 subditis
2349 3745 2410 3791 ut
2439 3736 2717 3792 carbones
2746 3736 2965 3792 accensi
2992 3745 3049 3789 et
3072 3738 3191 3790 auri
3228 3750 3455 3790 acervus
3484 3737 3646 3790 simul

2073 3828 2473 3900 deponerentur
2498 3829 2672 3900 humi,
2703 3828 2749 3884 si
2775 3844 2929 3899 puer,
2965 3829 3163 3898 inquit,
3187 3843 3382 3882 aurum
3411 3829 3646 3898 tetigerit

2071 3896 2475 3989 et‘sumpserit,
2523 3896 2651 3975 tubc
2703 3896 2940 3990 maligne
2970 3896 3192 3974 barbam
3225 3921 3393 3985 vellit,
3442 3922 3486 3974 si
3515 3896 3643 3975 vero

2076 4012 2314 4082 tetigerit
2354 4027 2618 4068 accensos
2647 4014 2937 4078 carbones,
2988 4012 3197 4083 absque
3226 4013 3433 4067 malitia
3479 4023 3534 4067 et
3586 4024 3646 4067 ut

2073 4105 2304 4175 simplex
2390 4105 2674 4175 puerulus,
2740 4103 2845 4159 hoc
2899 4104 3046 4171 fecit,
3098 4121 3198 4160 nec
3249 4107 3402 4159 decet
3463 4108 3642 4159 occidi

2071 4194 2190 4249 sine
2221 4208 2418 4258 causa;
2457 4195 2599 4263 quod
2633 4208 2757 4247 cum
2794 4192 3103 4256 accidisset,
3155 4203 3475 4260 argumento
3519 4190 3642 4246 fuit.

2072 4283 2327 4354 Neglecto
2375 4284 2522 4338 enim
2576 4296 2750 4348 auro,
2810 4283 3047 4336 accurrit
3098 4296 3233 4351 puer
3286 4280 3352 4334 ad
3410 4296 3638 4351 prunas.

2072 4378 2474 4444 carbonemque
2502 4385 2804 4444 sumptum,
2840 4382 2900 4428 ut
2929 4374 3106 4429 solent
3151 4372 3387 4442 parvuli.
3437 4374 3517 4426 ori
3554 4376 3647 4427 ad-

392 4474 457 4525 τὰ
478 4472 650 4525 πολλὰ
671 4474 782 4534 τοῖς
802 4471 1070 4539 παισὶ,τῷ
1086 4470 1317 4540 στόματι
1333 4468 1700 4539 προσήνεγκε,
1715 4465 1808 4517 καὶ
1825 4463 1968 4533 ψαῦ-

2075 4465 2266 4526 movit,
2325 4473 2575 4532 tactaque
2615 4463 2817 4531 lingua,
2866 4462 3207 4532 tardiloquus
3240 4460 3417 4519 factus
3465 4474 3550 4518 est
3594 4474 3647 4518 ιιι

392 4581 588 4628 σαντος
614 4564 780 4617 αὑτοῦ
807 4566 872 4634 τῇ
906 4566 1152 4635 γλώσσῃ,
1187 4561 1605 4631 βραδύγλωσσος
1645 4559 1836 4627 γέγονε
1872 4558 1967 4610 καὶ

2076 4557 2361 4613 horrisona
2390 4572 2540 4611 voce.

386 4654 624 4725 δόσηχος
652 4654 744 4707 τοῦ
770 4655 863 4706 λαὶ
873 4658 973 4709 εῐν.

390 4849 492 4902 Ιθί.
528 4852 656 4904 Ὀτι
687 4851 804 4905 υἱοὶ
847 4853 1088 4920 Ἰσραὴλ
1110 4852 1377 4922 ἐξῆλθον
1405 4855 1471 4908 ἐκ
1501 4853 1609 4922 τῆς
1640 4856 1963 4924 Αἰγύπτου.

466 5032 488 5062 ⁸
534 5032 621 5083 Ἐν
642 5032 700 5085 δὲ
732 5032 809 5103 τῷ
833 5033 1180 5107 ὀγδοηκοπῷ
1211 5035 1319 5090 ἔτει
1354 5035 1447 5090 τοῦ
1481 5038 1757 5099 Βίοιῦσέως
1807 5037 1967 5107 ἐξῆλ-

2218 4863 2357 4917 ΧΙΧ.
2399 4862 2528 4918 Filii
2570 4863 2735 4918 Israe.
2769 4864 3105 4933 egrediuntur
3143 4876 3208 4915 ex
3246 4859 3502 4928 £gyplo.

2149 5041 2494 5113 Octogesimo
2524 5054 2667 5095 anno
2698 5038 2919 5109 Moysis,
2950 5036 3153 5107 egressi
3190 5044 3319 5091 sunt
3352 5034 3442 5088 lilii
3479 5032 3643 5087 Israel

1582 5257 1780 5319 Variae
1805 5256 2109 5319 lectiones
2145 5265 2207 5319 et
2247 5264 2437 5325 nolle.

464 5446 510 5476 οε
538 5445 903 5514 εοεεβιτιι).

392 5516 561 5581 scphe
582 5532 597 5578 ς
634 5516 743 5570 (led
756 5555 768 5567 .
804 5515 984 5577 75,!9.

1094 5518 1138 5548 θ’
1160 5517 1301 5572 9.082
1335 5516 1537 5587 (ει-ιι).

392 5586 491 5637 md
505 5624 517 5636 .

1005 5449 1049 5479 ’τ
1072 5448 1167 5501 τοῦ
1198 5448 1501 5513 λογοθέτου.
1537 5446 1669 5501 Nota
1699 5446 1907 5499 codicis
1954 5450 2288 5511 nuarglﬂalls-

1094 5518 1138 5548 "
1160 5517 1301 5572 9.082
1335 5516 1537 5585 (ει-ιι).
1614 5516 1788 5571 '2020
1813 5516 2018 5585 (5557).
2110 5514 2130 5544 ’
2166 5512 2288 5566 I950

1725 5530 1788 5570 ZU
1813 5530 2018 5570 (0301).

2368 5442 2413 5475 ⁸⁸
2442 5442 2605 5512 φησίν
2650 5442 2794 5507 Leo;
2852 5442 3002 5512 Glyc.
3040 5443 3448 5511 2783-280in
3482 5464 3512 5500 e
3541 5446 3638 5501 Jo-

2110 5514 2130 5544 ’
2166 5512 2299 5566 I950
2333 5513 2538 5584 (5607).
2616 5514 2634 5544 ³
2660 5513 2717 5576 ἐξ
2739 5514 2896 5566 ἄλλον
2935 5513 3140 5583 βιϐλίου
3182 5518 3304 5572 cod.
3384 5518 3402 5548 ’⁵
3425 5518 3642 5588 χρυσίον
