4094 6212
454 222 552 285 167

1657 219 1978 279 GEORGII
2020 218 2473 283 HAMARTOLI

3607 222 3708 283 168

449 352 579 391 nam
613 337 794 399 nobis,
827 344 880 389 et
912 346 1052 402 pane
1074 329 1290 386 ccclein
1341 330 1659 393 eunti-isset,
1704 330 1888 383 hostes
1934 343 2024 384 eo-

2133 330 2210 399 (5)
2247 331 2355 393 Οὓς
2389 347 2495 400 περ
2549 330 2642 382 καὶ
2686 328 2962 399 ὀδηγήσας
3012 330 3069 381 ἐν
3116 331 3179 399 τῇ
3218 329 3413 401 ἐρήμῳ
3440 330 3500 384 ὲν
3529 330 3708 402 στόλῳ

452 446 581 482 rum
615 428 944 481 Amalecitas
960 425 1201 479 extensis
1224 424 1478 478 manibus
1500 422 1560 475 in
1595 421 1776 491 fugam
1802 435 2029 476 conver-

460 521 546 571 tit.
586 516 684 569 llic
734 515 948 569 audivit
996 513 1285 569 Dominum
1337 514 1604 567 dicentem
1639 528 1653 563 :
1691 530 1709 563 ι
1744 511 1887 565 Ecce
1927 525 2028 579 ego

456 607 616 668 yenio
647 607 795 659 adite
831 606 884 659 in
912 606 1164 660 columna
1192 605 1333 674 ignis
1359 612 1413 658 et
1435 603 1616 665 nubis,
1642 612 1700 655 ut
1729 603 1913 657 audiat
1944 618 2028 655 In.

452 698 685 769 populus
717 699 1027 767 loquentem
1067 698 1131 751 ad
1167 705 1240 757 te,
1273 704 1327 749 et
1359 695 1581 749 credant
1626 694 1722 747 tibi
1768 694 1824 747 in
1871 702 2030 747 ater-

453 806 638 844 num.»
664 789 726 843 Et
754 809 771 841 ι
804 791 961 844 tertia
978 790 1299 859 die,inquit.
1326 787 2026 857 vocesetfnlguraetnubes

455 879 755 948 caliginosa
783 895 955 950 super
993 890 1230 934 montem
1263 877 1414 931 Sinni
1453 887 1848 948 apparuerunt,
1879 876 2030 929 clan-

454 986 656 1039 gorque
718 972 962 1025 buccina:
1018 972 1250 1025 sonabat
1286 970 1501 1023 fortiter
1529 978 1582 1021 et
1614 966 2026 1036 obstupefactus

451 1069 534 1113 est
560 1062 808 1129 populus.
842 1080 860 1113 ι
887 1091 958 1100 —
984 1080 1002 1112 ι
1034 1061 1204 1116 Totus
1230 1071 1411 1114 autem
1449 1074 1607 1114 mons
1638 1058 1914 1124 fumabat,
1961 1072 2027 1112 eo

444 1152 595 1218 quod
625 1151 1003 1206 descendisset
1044 1151 1308 1205 Dominus
1351 1166 1515 1219 super
1547 1166 1670 1203 cum
1704 1152 1757 1203 in
1797 1150 1941 1220 igne,
1968 1159 2024 1205 et

450 1245 694 1297 ascendit
725 1260 895 1313 vapor
926 1244 1083 1314 quasi
1120 1242 1307 1298 fumus
1336 1243 1599 1305 fornacis,
1636 1253 1689 1296 et
1719 1243 1899 1296 omnis
1928 1257 2025 1310 po-

444 1333 611 1401 pulus
644 1334 891 1387 turbatus
939 1342 1027 1387 est
1058 1334 1425 1397 vehementer,
1461 1342 1517 1386 et
1538 1332 1753 1386 sonitus
1785 1331 2027 1385 buccina:

445 1424 715 1492 prolixius
761 1424 1101 1478 tondebatur.
1131 1442 1258 1475 ι--ι
1291 1423 1356 1477 Ει
1385 1423 1562 1477 omnis
1593 1422 1823 1492 populus
1850 1423 2029 1476 stabat

454 1518 662 1582 procul,
693 1518 924 1572 audiens
955 1533 1151 1582 voces,
1172 1527 1227 1571 et
1249 1527 1486 1571 montem
1526 1526 1694 1569 totum
1727 1514 2024 1568 fumantem

454 1609 696 1661 videntes
719 1649 734 1671 ,
762 1625 859 1661 nec
894 1609 1153 1663 accedere
1183 1608 1472 1669 audentes,
1516 1607 1609 1661 sed
1634 1605 1774 1674 jnssi
1809 1614 1869 1659 ut
1893 1604 2027 1659 ado-

2134 418 2308 488 πυρὸς
2357 418 2453 473 καὶ
2500 418 2753 487 νεφέλης,
2794 418 2888 471 καὶ
2922 418 3073 486 ἄρτῳ
3110 416 3407 488 διαθρέψας
3441 419 3708 489 οὐρανίῳ,

2131 507 2259 568 τοὺς
2290 505 2520 577 ἐχθροὺς
2572 505 2752 559 αὐτῶν
2810 504 3185 574 Ἀμαληκίτας
3231 506 3433 575 χειρῶν
3486 507 3713 559 ἐκτάσει

2133 593 2615 664 κατετροπώσατο.
2648 587 2817 657 Οὗτος
2842 592 3042 662 ἤκουσε
3074 591 3226 661 παρά
3268 594 3476 663 Κυρίου
3516 592 3713 662 λέγον-

2133 696 2245 743 τος⁶
2284 682 2448 735 «Ἰδοὺ
2478 680 2589 750 ὲγὼ
2607 696 2709 751 παι
2727 681 2987 750 αγίνομαι
3006 680 3141 750 πρὸς
3171 679 3230 732 σὲ
3253 682 3308 731 ὲν
3332 678 3710 751 στὺλιινπυρδς

2135 772 2230 820 καὶ
2256 768 2512 838 νεφέλης,
2540 768 2629 822 ἴνα
2654 768 2865 839 ἀκούσῃ
2896 770 2924 820 6
2962 767 3090 830 λαὸς
3116 765 3408 829 λαλοῦντός
3442 784 3545 837 μου
3573 770 3712 841 πρὸς

2136 859 2219 922 σὲ,
2252 860 2348 912 καὶ
2381 860 2717 913 πιστεύσωσί
2750 876 2833 912 σοι
2890 860 2971 922 είς
3003 858 3097 912 τὸν
3141 858 3315 912 αἰῶνα
3343 860 3444 912 η».
3480 858 3559 928 (ι)
3599 861 3712 913 Kal

2143 953 2237 1021 «τῇ
2267 951 2428 1024 τρίτῃ
2451 951 2660 1021 ἡμέρᾳ,
2695 950 2887 1019 φησὶν,
2915 951 3159 1017 ἐγίνοντο
3183 948 3361 1017 φωναὶ
3384 949 3479 1001 καὶ
3504 950 3709 1019 ἀστρα-

2135 1047 2238 1095 παὶ
2270 1046 2363 1096 καὶ
2390 1044 2585 1112 νεφέλη
2617 1041 2900 1113 γνοφώδης
2921 1042 3014 1095 ἐπὶ
3043 1040 3205 1112 ὅρους
3232 1040 3390 1105 Σινά,
3433 1041 3528 1094 καὶ
3553 1043 3709 1111 φωνὴ

2137 1134 2443 1204 σάλπιγγος
2475 1137 2599 1206 ἤχει
2619 1137 2782 1206 μέγα.
2815 1136 2927 1189 Kal
2948 1134 3188 1205 ἐπτοήθη
3214 1135 3243 1185 6
3267 1133 3397 1197 λαός
3420 1132 3711 1187 ⁸³ι.-ιτδ

2132 1228 2192 1283 δὲ
2220 1228 2345 1298 ὅρος
2372 1229 2493 1281 ὂλον
2525 1229 2848 1292 εκαπνίζετο
2902 1226 2993 1279 διὰ
3024 1225 3086 1278 τὸ
3114 1224 3563 1292 καταϐεϐηκέναι
3620 1224 3711 1276 τὸν

2132 1320 2266 1375 Θεὸν
2297 1323 2355 1376 ἂν
2380 1322 2531 1392 αὑτῷ
2559 1323 2621 1374 ἐν
2655 1321 2811 1391 πυρὶ,
2843 1320 2937 1372 καὶ⁸
2969 1318 3254 1372 ἀνέϐαινεν
3280 1319 3318 1387 ἡ
3359 1315 3525 1386 ἀτμὶς
3570 1317 3710 1368 ὡσεὶ

2134 1416 2339 1479 καπνὸς
2370 1416 2626 1485 καμίνου,
2681 1414 2778 1467 καὶ
2828 1415 2937 1475 πᾶς
2975 1413 3004 1466 6
3044 1411 3175 1474 λαὸς
3220 1410 3413 1478 ιξέστη
3457 1408 3663 1480 σφόδρα
3692 1426 3708 1440 -

2132 1508 2375 1575 ἐγίνοντο
2407 1507 2462 1560 δὲ
2489 1510 2544 1559 al
2598 1507 2773 1574 φωναὶ
2816 1508 2914 1573 τῆς
2952 1503 3256 1572 σάλπιγγος
3308 1501 3711 1571 προϐαίνουσαι

2137 1598 2372 1669 ισχυριῖκ
2422 1598 2626 1669 σφόδρα
2675 1596 2772 1651 “.i
2844 1597 2986 1648 «Kal
3031 1595 3139 1657 πᾶς
3199 1596 3227 1647 6
3288 1593 3416 1656 λαὸς
3463 1594 3710 1660 εἱστήκει

447 1700 851 1767 rarentprocul
882 1716 895 1752 :
927 1717 949 1749 ι
992 1700 1055 1752 Et
1082 1700 1128 1755 si
1175 1698 1311 1763 fera,
1362 1699 1561 1768 inquit,
1608 1698 1862 1767 tetigerit,
1892 1697 2024 1766 lapi-

2139 1689 2435 1759 μακρόθεν,
2492 1688 2707 1741 ἀκούων
2749 1687 3089 1753 τὰςφωνάς,
3140 1685 3234 1738 καὶ
3287 1684 3348 1738 τὸ
3412 1682 3538 1753 ὅρος
3586 1682 3709 1734 ὅλον

444 1789 613 1842 dibus
648 1790 1009 1857 opprimetur,
1046 1808 1063 1839 ι
1109 1801 1163 1843 et
1195 1790 1435 1844 terribile
1483 1798 1600 1843 erat
1630 1788 1777 1858 quod
1807 1787 2028 1842 videba-

446 1890 561 1933 tur.
593 1877 839 1933 Territus
869 1891 1046 1933 autem
1081 1882 1367 1934 universus
1390 1880 1622 1949 populus
1653 1879 1789 1934 dixit.
1812 1879 2025 1949 Moysi:

454 1994 476 2022 ι
504 1972 750 2042 Loquere
774 1972 931 2027 nobis
959 1984 1037 2041 ttt,
1070 1983 1124 2027 et
1150 1991 1255 2027 non
1284 1975 1537 2042 loquatur
1561 1973 1717 2027 nobis
1740 1971 2023 2037 Don‘inus,

452 2079 520 2117 ne
578 2068 716 2117 torte
770 2066 1097 2119 moriamur.
1144 2084 1166 2115 θ
1200 2096 1265 2108 -
1302 2083 1319 2116 ι
1353 2066 1416 2118 Ει
1482 2063 1697 2119 vocavit
1764 2061 2028 2117 Donnnus

450 2156 660 2224 Moyses
698 2156 747 2207 in
784 2156 1039 2208 verticem
1081 2155 1305 2218 montis,
1339 2172 1357 2204 ι
1387 2183 1449 2191 -
1483 2173 1500 2204 ι
1539 2167 1776 2222 cumque
1829 2168 2026 2207 ascen-

449 2246 618 2300 disset
668 2246 879 2315 operuit
929 2247 1099 2299 nubes
1144 2255 1418 2309 montem,
1456 2257 1508 2298 et
1535 2244 1815 2298 descendit
1855 2244 2025 2313 gloria

452 2336 666 2392 Domini
722 2351 887 2406 super
944 2345 1222 2401 montem,
1265 2347 1320 2390 et
1377 2337 1593 2405 operuit
1650 2336 1801 2389 illum
1854 2336 2027 2391 nubes

450 2428 647 2482 diebus
692 2443 810 2484 sex.
866 2426 1089 2499 Species
1146 2439 1323 2481 autem
1374 2428 1560 2497 gloriae
1626 2427 1835 2481 Domini
1869 2427 2025 2496 quasi

451 2520 591 2588 ignis
644 2520 842 2575 ardens
892 2535 1057 2588 super
1103 2519 1305 2573 vertice
1361 2520 1581 2582 montis,
1622 2519 1674 2571 in
1725 2527 2025 2587 conspectu

450 2611 683 2665 filiorum
724 2610 911 2666 Israel.
956 2608 1351 2680 Ingressusque
1394 2611 1604 2680 Moyses
1656 2609 1898 2663 medium
1933 2624 2029 2664 ne-

450 2702 590 2756 bulae
621 2717 790 2771 super
821 2713 1084 2764 montem,
1119 2713 1238 2755 erat
1270 2702 1341 2754 ibi
1377 2701 1571 2755 diebus
1604 2703 2019 2769 quadraginta”

446 2804 599 2848 stans
652 2796 704 2847 in
759 2803 1055 2863 conspectu
1115 2794 1244 2859 Dei;
1290 2811 1308 2843 ι
1338 2807 1535 2862 panem
1603 2784 1711 2844 ιιοῆ
1764 2794 2025 2854 comedit,

447 2899 645 2953 aquam
699 2900 808 2937 non
864 2884 1023 2938 bibit.
1065 2901 1083 2933 ι
1133 2882 1197 2935 Et
1251 2882 1387 2936 alias
1445 2896 1683 2934 rursus:
1723 2882 2028 2935 «Ascendit

445 2975 659 3046 Moyses
690 2984 743 3029 ct
788 2976 970 3029 Aaron
1004 2985 1059 3028 et
1107 2974 1350 3028 seniores
1396 2972 1766 3043 septuaginta,
1799 2984 1853 3027 et
1880 2973 2027 3027 vide-

2141 1780 2539 1850 καπνιζόμενον
2591 1779 2827 1848 ὁρῶντες
2845 1778 2919 1827 ’δι
2972 1777 3066 1829 xal
3127 1774 3424 1845 πλησιάσαι
3467 1772 3543 1843 μὴ
3593 1770 3711 1823 τολο

2134 1872 2369 1943 μῶντες,
2408 1872 2544 1924 ὀιλλᾶ⁵
2579 1871 2953 1941 προσκυνῆσαι
2977 1866 3260 1939 πόρρωθεν
3283 1867 3665 1925 κελευσθέντες
3689 1880 3704 1893 ·

2136 1966 2290 2020 «Κᾶν
2322 1966 2531 2037 θηρίον,
2562 1964 2717 2032 φησὶ,
2757 1962 2908 2032 θίγῃ,
2954 1959 3459 2029 λιθοϐοληθήσεται,
3492 1957 3567 2008 ³⁸»
3613 1955 3710 2009 καὶ

2130 2057 2363 2127 φοϐερὸν
2423 2051 2491 2126 ἦν
2542 2054 2605 2107 τὸ
2653 2052 3085 2123 φανταζόμενον.
3179 2049 3442 2118 Φοϐηθεὶς
3486 2047 3543 2100 δὲ
3598 2046 3709 2107 πᾶς

2129 2151 2156 2201 6
2208 2149 2335 2213 λαδς
2378 2144 2499 2201 εἷπε
2566 2149 2700 2218 πρὸς
2762 2147 2966 2214 Μωσῆν
2996 2144 3077 2175 ³⁷·
3116 2161 3133 2194 ι
3159 2142 3405 2212 Λάλησον
3437 2142 3568 2209 ἡμῖν
3615 2139 3705 2198 σὺ,

2132 2242 2225 2295 καὶ
2275 2241 2351 2313 μὴ
2384 2242 2617 2294 λαλείτω
2671 2240 2807 2310 πρὸς
2853 2239 2999 2309 ἡμᾶς
3028 2238 3057 2289 6
3095 2236 3251 2299 Θεὸς,
3308 2235 3520 2305 μήποτε
3570 2232 3709 2286 ἁπο-

2131 2338 2407 2408 θάνωειεν.
2472 2355 2596 2387 ι--ι
2634 2335 2678 2366 ’⁸
2711 2334 2820 2388 Kal
2874 2332 3103 2385 ἐκάλεσε
3166 2329 3366 2397 Κύριος
3414 2326 3550 2395 (15)
3613 2323 3706 2375 τὸν

2129 2427 2371 2499 Μωῦσῆν
2416 2428 2508 2480 ἐπὶ
2526 2428 2623 2497 τῆς
2652 2426 2896 2496 κορυφῆς
2918 2423 3012 2477 τοῦ
3068 2422 3229 2490 ὅρους
3257 2436 3271 2449 '
3315 2438 3331 2468 ι
3362 2447 3424 2458 -—
3455 2419 3499 2450 ”
3545 2436 3565 2468 ι
3595 2416 3710 2469 Kal

2129 2521 2238 2592 85
2271 2520 2475 2584 ἀναϐάς
2501 2518 2767 2588 ἐκάλυψεν
2798 2518 2831 2585 ἡ
2858 2516 3055 2584 νεφέλη
3083 2516 3144 2568 τὸ
3183 2514 3333 2585 ὅρος,
3366 2511 3461 2565 καὶ
3500 2508 3708 2576 κατέϐη

2129 2616 2163 2685 ἡ
2193 2614 2318 2680 δόξα
2361 2611 2455 2665 τοῦ
2501 2611 2637 2664 Θεοῦ
2676 2610 2767 2663 ἐπὶ
2808 2611 2870 2663 τὸ
2913 2610 3060 2680 ὅρος,
3091 2608 3188 2662 καὶ
3227 2604 3495 2673 ἐκάλυψεν
3540 2603 3707 2656 αὑτὸν

2131 2709 2163 2775 ἠ
2193 2706 2391 2775 νεφέλη
2428 2704 2641 2776 ἡμέρας
2667 2702 2719 2768 ς’
2742 2721 2755 2734 ·
2789 2703 2850 2755 1:6
2892 2703 2949 2755 δὲ
2994 2697 3132 2765 εἶδος
3176 2701 3274 2771 τῆς
3300 2701 3457 2769 δόξης
3496 2697 3704 2768 Κυρίου

2129 2798 2264 2852 ὡσεὶ
2295 2796 2404 2867 πῦρ
2430 2797 2648 2867 φλέγον,
2682 2796 2775 2849 ἐπὶ
2800 2794 2897 2863 τῆς
2942 2793 3189 2862 κορυφῆς
3221 2790 3315 2844 τοῦ
3349 2791 3510 2862 ὄρους
3544 2790 3705 2842 ὲναν-

2130 2887 2242 2939 τίον
2272 2887 2380 2939 τῶν
2404 2886 2537 2939 υίών
2579 2886 2796 2957 Ἰσραήλ
2822 2898 2835 2912 ⁸
2880 2882 3139 2937 εἰσελθὼν
3162 2884 3219 2936 δὲ
3247 2883 3489 2950 Μωῦσῆς
3525 2883 3608 2944 είς
3644 2879 3708 2932 τὸ

2134 2977 2299 3046 μέσον
2327 2976 2425 3044 τῆς
2447 2975 2678 3045 νεφέλης
2710 2976 2804 3027 ἐπὶ
2827 2974 2919 3027 τοῦ
2942 2968 3204 3045 ϐρου;,ἦν
3236 2974 3355 3026 ὲκεῐ
3375 2973 3589 3044 ἡμέρας
3612 2977 3697 3041 μ’»

447 3034 577 3122 rutit
603 3067 784 3121 locum
821 3067 913 3121 ubi
945 3066 1126 3120 stabat
1156 3064 1299 3119 Dens
1325 3075 1379 3119 et
1403 3080 1523 3133 quae
1557 3074 1712 3117 erant
1738 3055 1841 3117 sub
1872 3063 2021 3131 pedi-

2131 3034 2492 3122 ἐνώπιονποῦ
2521 3034 2676 3120 ’Θεοθ
2722 3034 3012 3135 taminiae"
3058 3084 3076 3117 ι
3113 3034 3278 3135 ἄρτον
3315 3034 3427 3120 οὐκ.
3472 3034 3704 3133 ἔφαγεν,

447 3161 548 3213 bus
588 3160 729 3230 ejus,
767 3158 927 3229 quasi
968 3171 1104 3226 Opus
1158 3157 1351 3226 lapidis
1397 3154 1721 3224 sappbirini,
1768 3166 1822 3207 et
1864 3170 2019 3223 quasi

446 3251 654 3320 species
691 3250 1016 3304 firntamenti
1057 3249 1179 3302 C(Bll
1219 3248 1470 3315 puritate.
1500 3265 1518 3296 ι
1549 3245 1611 3299 Et
1639 3262 1832 3300 rursus
1855 3245 2019 3300 dicit:

451 3362 470 3393 ι
501 3340 566 3395 Et
597 3343 811 3397 locutus
841 3350 923 3394 est
953 3338 1215 3392 Dominus
1239 3339 1303 3390 ad
1328 3334 1546 3405 Moysen
1577 3337 1713 3390 facie
1740 3338 1805 3390 ad
1829 3334 2020 3392 faciem

444 3434 603 3504 quasi
632 3433 678 3487 si
711 3433 835 3501 quis
863 3433 1117 3500 loquatur
1148 3431 1216 3483 ad
1251 3429 1485 3483 amicnnt
1533 3444 1715 3489 suum,
1752 3438 1806 3481 et
1840 3430 2023 3482 dimit-

445 3525 664 3578 tebatnr
698 3522 765 3575 ad
803 3532 1001 3576 castra.
1040 3518 1104 3571 Et
1136 3520 1271 3573 lell
1302 3516 1515 3589 Moyses
1548 3518 1627 3585 ,ad
1677 3517 1966 3572 Dominum
2006 3537 2019 3571 :

452 3636 470 3667 ι
515 3616 570 3669 Si
605 3614 786 3669 inveni
837 3616 1068 3683 gratiam
1107 3614 1159 3665 in
1207 3623 1504 3680 conspectu
1536 3621 1650 3676 tuo,
1698 3610 1925 3665 ostende
1972 3620 2023 3666 te

448 3708 577 3761 mibi
613 3717 667 3759 nt
701 3718 752 3760 te
784 3720 1080 3776 agnoscere
1110 3704 1336 3774 possim,
1372 3712 1432 3757 ut
1477 3702 1685 3756 videam
1722 3710 1795 3768 te,
1848 3711 1907 3755 ut
1938 3703 2024 3755 in-

446 3802 659 3855 veniam
692 3802 925 3869 gratiam
982 3801 1035 3851 in
1088 3808 1384 3867 conspectu
1420 3808 1533 3860 tuo,
1576 3808 1629 3850 ιιι
1657 3797 2024 3867 glorificemur

444 3908 545 3961 ego
579 3900 632 3946 et
653 3891 888 3961 populus
917 3899 1063 3944 tuus.
1094 3909 1111 3941 ι
1152 3892 1216 3943 Et
1242 3890 1663 3943 dixithmmus
1684 3889 1749 3942 ad
1775 3887 2020 3960 Moysen:

451 4003 470 4036 ι
507 3986 570 4038 Et
598 3984 820 4038 verbum
855 3982 1022 4046 istud,
1057 3982 1199 4052 quod
1232 3982 1443 4035 locutus
1478 3996 1557 4041 es,
1590 3978 1786 4033 faciam
1823 3998 1836 4034 :
1875 3984 2025 4036 inve-

447 4077 575 4132 nisti
606 4076 750 4130 cnim
782 4090 965 4131 coram
1000 4090 1085 4128 me
1115 4074 1365 4145 gratiam,
1397 4081 1451 4127 et
1485 4073 1611 4126 novi
1640 4082 1690 4126 te
1714 4089 1876 4143 supra
1900 4088 2021 4128 om-

450 4184 568 4234 nes,
603 4176 657 4222 ct
708 4168 943 4238 gratiam
998 4168 1165 4220 babes
1197 4167 1339 4235 apud
1383 4181 1489 4231 me,
1531 4165 1625 4219 sed
1675 4181 1780 4220 non
1816 4166 2023 4236 poteris

2129 3160 2272 3231 ὕδωρ
2311 3162 2411 3213 οὐκ
2459 3160 2611 3213 ἔπιεν
2636 3159 2702 3213 ³⁸.
2747 3178 2765 3211 ι
2809 3160 2919 3212 Kal
2968 3160 3158 3214 ἄλλοτε
3191 3159 3356 3214 πάλιν
3382 3176 3397 3190 ·
3444 3178 3462 3210 ι
3505 3158 3704 3226 ’Λνέϐη

2126 3253 2363 3321 Μωῦσῆς
2394 3254 2489 3305 καὶ
2528 3251 2739 3321 Ἀαρὼν
2783 3254 2880 3305 καὶ⁵
2927 3252 3289 3323 πρεσϐύτεροι
3339 3250 3402 3316 ο⁸,
3428 3251 3522 3304 καὶ
3563 3248 3707 3303 εἶδον

2129 3343 2218 3394 τὸν
2246 3342 2412 3394 τόπον
2439 3335 2500 3395 οὗ
2532 3344 2777 3412 εἱστήκει
2803 3344 2829 3394 ό
2853 3343 2988 3406 Θεὸς
3020 3345 3114 3395 καὶ
3145 3346 3214 3396 τὰ
3243 3343 3348 3397 ὑπὸ
3379 3343 3504 3405 τοὺς
3538 3341 3707 3403 πόδας

2126 3433 2315 3497 αὐτοῦ,
2344 3434 2421 3497 ὡς
2448 3433 2609 3503 ἔργον
2637 3434 2788 3487 λίθου
2830 3436 3140 3505 σαπφείρου
3162 3437 3255 3487 καὶ
3300 3437 3376 3497 ὼς
3408 3437 3546 3493 εἱδος
3581 3449 3708 3485 στε-

2130 3526 2412 3594 ρεώματος
2456 3524 2552 3578 τοῦ
2604 3524 2836 3593 οὐρανοῦ
2888 3529 2953 3596 τῇ
3012 3526 3368 3596 καθαρότητι.
3418 3545 3437 3578 ι
3473 3525 3551 3597 (5)
3590 3527 3703 3581 Kal

2125 3618 2280 3682 αὖθίς
2305 3635 2471 3688 φησιν
2495 3619 2538 3650 ³¹
2564 3635 2578 3649 ·
2611 3638 2628 3669 ι
2665 3619 2772 3670 Kal
2809 3618 3039 3687 ἑλάλησε
3066 3619 3272 3688 Κύριος
3300 3619 3435 3687 πρὸς
3459 3619 3704 3688 Μωῦσῆν

2125 3708 2356 3762 ἐνώπιον
2407 3709 2626 3779 ὲνωπίῳ
2679 3710 2754 3771 ὡς
2809 3711 2862 3762 εῐ
2902 3726 2987 3773 τις
3025 3708 3254 3779 λαλήσει
3311 3712 3447 3780 πρὸς
3500 3709 3702 3763 ἑαυτοῦ

2126 3801 2298 3868 φίλον,
2329 3802 2424 3853 καὶ
2465 3799 2735 3853 ἀπελύετο
2772 3801 2853 3862 είς
2877 3801 2977 3871 τὴν
3018 3800 3397 3873 παρεμϐολήν.
3433 3802 3541 3856 Καὶ
3578 3798 3703 3855 εἷπε

2124 3892 2364 3960 Μωῦσῆς
2403 3890 2539 3961 πρὸς
2582 3889 2786 3960 Κύριον
2810 3908 2823 3920 ·
2867 3910 2886 3943 ι
2928 3893 2989 3945 El
3028 3892 3242 3965 εὕρηκα
3273 3894 3434 3965 χάριν
3468 3893 3703 3947 ἐνώπιόν

2127 3998 2241 4043 σου,
2275 3980 2576 4050 ἐμφάνισόν
2632 3996 2722 4050 μοι
2778 3981 2976 4033 σαυτὸν
3033 3982 3295 4048 γνωστὸς,
3334 3982 3411 4045 ὡς
3459 3983 3554 4035 ίδω
3613 3999 3699 4047 σε,

2122 4074 2273 4136 ὅπως
2307 4073 2373 4126 ἀν
2407 4067 2452 4126 ὧ
2498 4072 2751 4144 εὑρηκὼς
2793 4075 2954 4143 χάριν
2993 4074 3223 4128 ἐνώπιόν
3273 4093 3392 4143 σου,
3434 4077 3529 4129 καὶ
3558 4076 3706 4129 ὲνδο-

2127 4165 2529 4237 ξισθησώμεθα
2558 4167 2671 4234 ἐγώ
2712 4183 2769 4218 τε
2826 4167 2917 4221 καὶ
2958 4170 2986 4221 6
3020 4166 3149 4230 λαός
3196 4184 3311 4224 σου.
3352 4187 3371 4221 ι
3418 4170 3531 4223 Kal
3574 4164 3703 4222 εἶπε

348 4993 361 5003 ’
446 4997 583 5049 stitit
621 4995 668 5049 ei
696 4994 766 5049 ibi
804 4991 1168 5064 quadraginta
1197 4990 1313 5047 dies
1341 4999 1395 5046 ct
1423 4988 1782 5061 quadraginta
1811 4998 2015 5057 noctes;

448 4263 631 4316 videre
698 4260 911 4326 facient,
958 4274 1186 4314 meam:
1231 4274 1338 4312 non
1403 4259 1547 4313 cnim
1594 4259 1793 4313 videbit
1858 4261 2022 4313 homo

2130 4259 2331 4334 Κύριος
2373 4260 2507 4330 πρὸς
2555 4261 2763 4329 Μωσῆν
2787 4277 2801 4291 ·
2837 4278 2855 4311 ι
2897 4261 3007 4313 Kal
3040 4261 3229 4315 τοῦτόν
3257 4279 3351 4316 σου
3392 4263 3486 4317 τὸν
3519 4262 3700 4331 λόγον,

446 4352 639 4404 faciem
674 4367 849 4405 meam
899 4360 955 4406 et
991 4354 1155 4414 vivet,
1200 4361 1247 4406 el
1283 4366 1409 4406 ecce
1453 4350 1604 4405 locus
1635 4354 1778 4421 apud
1812 4368 1917 4417 nte,
1969 4364 2019 4407 et

2130 4349 2184 4402 ὃν
2240 4349 2487 4420 εἴρηκας,
2547 4351 2796 4419 ποιήσω·
2852 4349 3097 4420 εὕρηκας
3146 4352 3256 4422 γὰρ
3311 4351 3546 4405 ἐνώπιόν
3593 4368 3701 4422 μου

447 4442 623 4496 stabis
671 4457 835 4510 supra
867 4454 1097 4512 petram,
1136 4456 1188 4499 et
1218 4455 1494 4515 protegam
1526 4455 1578 4500 te
1616 4445 1840 4500 dextera
1875 4461 2017 4508 mea.

2130 4444 2288 4515 χάριν
2312 4460 2326 4473 ·
2376 4443 2469 4497 καὶ
2509 4439 2627 4496 οἶδά
2668 4460 2727 4496 σε
2774 4444 2925 4514 παρά
2963 4445 3193 4509 πάντας,
3227 4447 3323 4499 καὶ
3353 4446 3516 4516 χάριν
3554 4445 3703 4516 ἔχεις

451 4543 505 4586 ct
538 4542 670 4585 tunc
703 4532 913 4586 videbis
943 4536 1247 4602 posteriora
1281 4552 1435 4602 mea;
1479 4536 1643 4591 facies
1685 4547 1867 4592 autem
1900 4553 2016 4593 mea

2130 4535 2260 4603 παρ’
2294 4537 2437 4603 ἐμοῖ,
2474 4532 2589 4586 ἀλλ’
2624 4534 2684 4587 οὐ
2723 4533 2940 4604 δυνήσει
2975 4533 3103 4587 ίδείν
3141 4533 3200 4587 τὺ
3229 4534 3523 4605 πρόσωπόν
3555 4550 3661 4603 μου
3686 4550 3701 4562 ·

449 4641 556 4681 non
589 4625 857 4680 videbitur
884 4625 999 4678 tibi.
1037 4645 1055 4677 ι
1096 4625 1361 4693 Deinceps
1407 4640 1530 4680 cum
1578 4626 1800 4681 deberet
1827 4628 2018 4681 deute-

2130 4626 2187 4677 οὔ
2218 4626 2325 4693 γὰρ
2363 4624 2437 4694 μὴ
2465 4625 2549 4695 ίδῃ
2589 4624 2873 4696 ἄνθρωπος
2901 4624 2962 4677 τὸ
2991 4625 3287 4697 πρόσωπόν
3335 4642 3439 4698 μου
3470 4626 3568 4680 καὶ
3602 4625 3706 4696 {ﬁo

447 4718 756 4774 ronomium
815 4717 1093 4787 suscipere
1122 4756 1137 4780 ,
1187 4730 1379 4769 rursus
1433 4717 1509 4769 ait
1545 4735 1557 4769 :
1591 4736 1609 4767 ι
1661 4716 1725 4769 Ει
1775 4717 2020 4770 ascendit

2130 4729 2313 4765 σεται·
2351 4715 2443 4764 καὶ
2473 4712 2582 4765 ἰδοὺ
2619 4716 2786 4777 τόπος
2820 4715 2950 4786 παρ’
2981 4717 3127 4785 ἐμοὶ,
3154 4717 3249 4770 καὶ
3280 4718 3456 4789 στήσῃ
3476 4718 3571 4769 ἐπὶ
3598 4717 3704 4785 τῆς

446 4812 658 4883 Moyses
682 4811 735 4865 in
764 4818 998 4865 montem
1026 4807 1201 4874 Sinai,
1229 4807 1371 4861 sicut
1399 4816 1731 4878 praeceperat
1752 4807 1802 4861 ei
1832 4808 2017 4861 Domi-

2130 4802 2334 4872 πέτρας
2363 4804 2456 4857 καὶ
2481 4806 2743 4857 σκεπάσω
2776 4822 2835 4859 σε
2856 4809 2922 4877 τῇ
2950 4808 3096 4880 χειρί
3139 4825 3265 4879 μου,
3306 4811 3398 4863 καὶ
3427 4808 3551 4862 τότε
3576 4808 3704 4879 ὄψει

447 4920 569 4959 nus.
612 4903 676 4957 Et
705 4903 990 4958 descendit
1031 4898 1296 4954 Dominus
1330 4897 1387 4952 in
1414 4897 1577 4952 nube.
1611 4916 1630 4948 ›
1657 4927 1727 4938 --
1755 4917 1772 4949 ι
1804 4897 1872 4951 Ει
1921 4896 2017 4950 ad-

2130 4895 2192 4947 τά
2215 4894 2393 4948 ὀπίσω
2438 4913 2543 4963 μου
2563 4914 2580 4931 ο
2608 4898 2669 4949 τὺ
2699 4898 2756 4952 δὲ
2789 4900 3081 4970 πρόσωπόν
3122 4918 3225 4971 μου
3267 4902 3370 4955 οὐκ
3396 4901 3703 4973 ὀφθήσεταί

2126 5004 2231 5041 σοι.
2266 5006 2283 5039 ι
2312 4988 2354 5018 ³²
2372 4986 2448 5059 (6)
2482 4984 2616 5042 Εἶτα
2649 4990 2859 5059 μέλλων
2888 4992 2948 5046 τὸ
2976 4993 3398 5065 Δευτερονόμιον
3418 4994 3702 5064 δέχεσθαι,

1637 5234 1835 5297 Varia
1864 5235 2166 5297 lectiones
2195 5243 2259 5297 et
2296 5243 2484 5301 nota.

1430 5475 1473 5506 "‘
1504 5490 1611 5531 xix.
1662 5473 1837 5532 18.19.

1486 5547 1524 5575 "
1561 5561 1752 5607 χχχιιι,
1813 5541 1994 5595 11-‘25.

1947 5471 1990 5501 ’³
2021 5486 2106 5526 ιι.
2172 5469 2350 5533 18,21.
2454 5472 2499 5507 ³⁸
2539 5484 2646 5525 χιιι.
2691 5468 2871 5533 12,13.

2074 5543 2114 5572 ιτ
2142 5538 2670 5605 Ccd.89,‘20~91,11.

1012 5482 1056 5513 ⁸³
1091 5478 1303 5546 xtx,1li
1430 5475 1473 5506 "'
1504 5490 1611 5531 xix.
1662 5473 1865 5546 18.19.;
1916 5472 2024 5546 *1³1

2163 5472 2646 5546 ‘18_,21_:“"‘_x1x_.
2691 5472 2871 5533 12,15.
2979 5472 3020 5500 "
3062 5489 3147 5534 xx,
3192 5473 3275 5526 19.
3379 5475 3423 5508 "
3459 5493 3539 5542 xx,
3604 5478 3701 5541 ΞΟ,

937 5555 980 5584 ⁸⁸
1012 5551 1168 5605 Deut.
1201 5565 1315 5611 xtx,
1340 5547 1408 5608 9:

512 5490 555 5519 "
584 5488 680 5540 Ex.
713 5501 820 5546 χιι,
848 5485 901 5539 0.

442 5558 485 5588 ⁸³
515 5573 654 5615 mv,
688 5555 862 5609 1518.
