4050 6220
317 246 429 310 169

1600 257 2075 322 CIIRONICON.
2121 285 2191 295 -
2229 264 2385 325 LIB.
2424 267 2479 329 Ι.

3588 281 3691 341 170

321 359 502 410 πᾶλιν
542 357 725 426 φησίν
767 358 847 389 ³³⁸
900 377 919 409 ι
958 361 1074 414 Καὶ
1113 360 1290 429 ἀνέϐη
1342 361 1595 431 Μωῦσῆς
1640 365 1727 426 εἰς
1757 366 1820 417 τὸ
1851 366 1916 435 ὄρ

2024 373 2056 429 Α
2085 384 2286 438 panem
2308 387 2420 426 non
2444 372 2708 438 comedit,
2745 385 2801 430 et
2832 392 3033 446 aquam
3070 394 3179 432 non
3207 380 3362 445 bibit,
3395 394 3445 436 et
3469 385 3686 452 scripsit

320 453 390 502 τὸ
424 450 590 515 Σινὰ,
609 448 803 511 καθὼς
836 451 1144 516 συνέταξεν
1175 451 1333 522 αὐτῷ
1362 453 1735 522 ιιὶύριοςλζα)⁵
1762 456 1976 525 κατέϐη

2086 462 2142 514 in
2173 463 2379 517 tabulis
2411 464 2575 518 verba
2620 465 2868 531 hederis,
2900 468 3091 522 decem
3139 473 3421 525 mandata.
3456 472 3516 525 Et
3561 490 3686 525 cum

323 542 550 611 Κύριος
605 543 669 593 ἐν
720 541 948 613 νεφέλῃ.
991 562 1009 593 ι
1048 573 1117 584 -
1151 562 1170 594 ι
1209 544 1321 597 Καὶ
1358 544 1616 615 παρέστη
1659 547 1819 617 αὐτῷ
1855 550 1916 600 ἐκ

2084 555 2427 621 sumpsisset
2462 555 2702 620 tabulas,
2736 566 2792 610 et
2839 558 3223 613 descendisset
3253 560 3320 613 de
3354 570 3539 613 monte
3572 564 3687 628 glo-

323 635 558 703 ήμὲρας
615 631 669 702 μ’
698 634 795 685 καὶ
847 633 1060 696 νύκτας
1115 641 1204 704 μ”
1242 635 1414 704 ἄρτον
1462 636 1567 688 οὐκ
1617 636 1821 704 ἔφαγε,
1876 656 1910 691 κ

2080 648 2355 705 nﬁcatus,
2403 644 2544 696 vidit
2579 646 2761 698 Aaron
2795 655 2850 699 et
2881 661 3075 701 omnes
3127 650 3222 702 lilii
3272 651 3441 703 Israel
3490 651 3686 705 faciem

326 727 485 795 ὓδωρ
518 726 628 778 οὐκ
672 724 817 788 ἔπιε,
850 725 949 778 καὶ
1008 724 1258 794 ἔγραψεν
1304 725 1404 777 ἐπὶ
1453 726 1568 778 τῶν
1626 729 1867 780 πλακῶν
1903 746 1916 778 π

2081 732 2311 801 Moysis,
2342 742 2396 787 et
2426 743 2547 787 erat
2576 733 2903 802 gloriﬁcata,
2935 746 2985 788 et
3026 735 3331 789 timuerunt
3352 738 3563 793 adeum
3595 755 3662 792 ac

330 821 574 890 ῥήματα
606 818 706 887 τῆς
750 817 1051 886 διαθήκης,
1088 820 1220 880 τοὺς
1278 824 1312 870 ι’
1365 819 1587 885 λόγους.
1622 821 1737 872 Καὶ
1785 820 1916 873 λαϐὀ

2075 824 2298 878 cedere.
2334 842 2354 875 ι
2418 823 2483 878 Ει
2528 825 2781 878 merito:
2821 840 2947 879 cum
3001 827 3147 879 enim
3205 827 3513 894 jejunasset
3564 830 3684 882 dies

327 912 436 972 τὰς
462 909 691 970 πλάκας
721 909 812 960 καὶ
843 908 1095 970 καταϐὰς
1123 910 1236 962 ἀπὸ
1278 909 1378 963 τοῦ
1430 911 1602 980 ὅρους
1626 910 1966 979 δεδοξασμέ-

331 1016 453 1062 νος,
480 996 629 1051 εἶδεν
646 997 856 1065 Ἀαρὼν
884 999 978 1050 καὶ
1004 999 1210 1061 πάντες
1237 1001 1286 1052 oi
1312 1001 1423 1054 υίοὶ
1450 1001 1677 1071 Ἰσραὴλ
1698 1002 1761 1053 τὸ
1790 1004 1965 1070 πρόσο

332 1111 494 1146 ωπον
536 1092 835 1154 Μωῦσέως,
891 1090 990 1142 καὶ
1034 1087 1105 1160 ἦν
1155 1091 1585 1160 δεδοξασμένον,
1618 1095 1718 1146 καὶ
1751 1093 1959 1163 ἐφοϐή-

2073 913 2358 981 octoginta
2400 922 2558 968 stans
2581 929 2707 968 cum
2733 916 2994 978 Domino,
3016 927 3070 969 et
3094 917 3309 970 tabulas
3332 934 3362 970 a
3389 918 3500 971 Deo
3539 920 3684 971 scri~

2068 1013 2194 1071 ptas
2229 1004 2560 1071 accepisset,
2620 1012 2678 1057 et
2727 1005 3204 1058 deuteronomium
3254 1021 3284 1060 a
3334 1007 3448 1059 Deo
3490 1008 3679 1060 datum

2065 1094 2425 1161 sumpsisset,
2462 1096 2603 1148 adeo
2633 1109 2701 1147 ex
2735 1093 2924 1148 divino
2952 1095 3133 1148 aﬂlatu
3166 1095 3335 1149 facies
3358 1097 3477 1163 ejus
3507 1097 3679 1162 glori-

335 1182 525 1253 θησαν
549 1181 696 1251 αὐτῷ
722 1181 1107 1252 προσεγγίσαι.
1141 1199 1161 1232 ι
1196 1183 1309 1235 Καὶ
1331 1183 1569 1247 εἰκότως
1590 1200 1605 1215 ο
1638 1183 1916 1254 νηστεύσα

2061 1186 2227 1236 licata
2258 1191 2363 1245 est,
2408 1190 2468 1235 ut
2503 1198 2617 1236 non
2666 1193 2856 1250 posset
2908 1185 3149 1252 pepulus
3184 1184 3503 1252 prospicere
3533 1184 3678 1238 divi—

336 1277 454 1345 γὰρ
482 1275 694 1345 ἡμέρας
737 1279 792 1325 π’
817 1272 1004 1343 Κυρίῳ
1036 1272 1411 1343 παρεστηκὼς
1441 1271 1543 1326 καὶ
1574 1272 1680 1336 τὰς
1709 1272 1916 1343 θεογρά

2062 1288 2197 1326 num
2264 1271 2334 1325 ad
2390 1272 2748 1340 splendorem
2799 1280 2855 1324 et
2902 1272 3133 1339 gloriam
3171 1288 3295 1340 qua:
3336 1272 3485 1325 illinc
3521 1288 3677 1341 egre-

339 1385 481 1434 φους
527 1366 733 1427 πλάκας
767 1365 1060 1435 δεξάμενος
1101 1364 1200 1418 καί⁹
1239 1365 1303 1417 τὸ
1347 1364 1641 1418 θεόσδοτον
1673 1368 1948 1435 Δευτεροο

338 1457 537 1525 νόμιον
570 1453 815 1523 εἰληφὼς,
848 1454 1109 1507 τοσοῦτον
1156 1453 1328 1508 αὐτοῦ
1375 1455 1439 1508 τὸ
1480 1456 1788 1525 πρόσωπον

2051 1363 2376 1418 diebantur.
2411 1361 2787 1427 Quamobrem
2856 1379 2876 1412 ι
2914 1360 3157 1413 velamen
3209 1361 3314 1414 sibi
3357 1362 3675 1429 imponebat

2048 1456 2182 1509 dum
2236 1457 2305 1508 ad
2337 1469 2435 1508 eos
2465 1454 2956 1520 colloquereturp
3002 1451 3186 1506 radios
3218 1453 3367 1504 enim
3403 1451 3673 1507 mirantes

344 1550 417 1599 ὲκ
452 1547 551 1611 τῆς
586 1546 829 1609 θεοπτίας
878 1545 1164 1615 ἐδοξάσθη,
1200 1546 1344 1598 ὥστε
1396 1545 1474 1616 μὴ
1525 1547 1800 1600 δύνασθαι
1840 1549 1916 1600 τὸ·

2044 1546 2315 1599 emittens
2349 1554 2403 1599 et
2430 1544 2731 1613 fulgurans
2753 1543 3131 1607 vehementer,
3154 1542 3343 1595 oculos
3406 1543 3671 1609 torqueba

341 1638 478 1690 λαὸν
522 1637 749 1689 ἀτενίσαι
791 1636 927 1704 πρὸς
976 1637 1074 1706 τὴν
1128 1636 1347 1688 ἐκεῖθεν
1400 1638 1727 1707 φερομένην
1773 1637 1933 1689 θείαν

2045 1635 2411 1695 intuentium,
2436 1633 2599 1701 quasi
2629 1631 2767 1684 solis
2794 1631 3060 1699 splendor
3082 1631 3137 1683 in
3169 1630 3361 1683 oculos
3392 1631 3668 1683 inridens.

345 1728 525 1796 αὐγήν
557 1727 597 1757 ³⁸
637 1744 692 1779 τε
730 1729 820 1781 καὶ
864 1728 1046 1791 δόξαν.
1088 1728 1201 1779 Καὶ
1228 1728 1319 1779 διὰ
1365 1727 1536 1779 τοῦτο
1589 1746 1608 1778 ι
1651 1727 1916 1795 κάλυμμα

2045 1725 2183 1778 Post
2214 1722 2588 1792 quadraginta
2628 1728 2813 1773 autem
2851 1720 2992 1781 dies,
3024 1733 3147 1771 cum
3176 1718 3580 1777 descendisset,
3615 1724 3668 1767 et

343 1818 573 1885 ἐπετέθη
620 1819 769 1887 ήνίκα
802 1819 938 1889 πρὸς
984 1818 1191 1881 αὐτοὺς
1237 1818 1449 1886 ὡμίλει
1494 1818 1577 1848 ³⁸·
1623 1835 1641 1867 ι
1691 1818 1926 1878 ἀκτῖνας

341 1911 458 1978 γὰρ
486 1910 760 1980 ἐκπέμπων
795 1910 1135 1978 σελαφόρους
1166 1911 1263 1961 καὶ
1307 1907 1749 1977 ἁπαστρᾶπτων
1788 1906 1926 1974 σφό-

340 2001 472 2069 δρα,
503 2002 585 2064 τὰς
617 2002 757 2071 Wst;
789 2002 1092 2072 ἐπέστρεψε
1142 2002 1255 2054 τῶν
1298 1998 1590 2069 ὁρώντων,
1618 1996 1811 2066 ῶσπερ
1839 2014 1927 2058 τις

340 2092 539 2160 ἠλιακὴ
557 2093 685 2159 αὐγὴ
707 2096 813 2155 τοῖς
839 2093 1144 2160 ὀφθαλμοῖς
1172 2090 1638 2160 προσπίπτουσα.
1667 2090 1744 2158 (7)
1769 2089 1926 2141 Μετὰ

339 2185 454 2251 γὰρ
484 2184 676 2252 ἡμέρας
706 2192 755 2254 μ’
791 2183 1074 2237 κατελθὼν
1115 2182 1215 2235 καὶ
1256 2181 1349 2235 διὰ
1402 2181 1506 2251 τὴν
1551 2179 1927 2249 μοσχοποιίαν

336 2273 604 2341 θυμωθεὶς
634 2275 832 2339 εὐθέως
849 2277 949 2339 τὰς
978 2275 1199 2337 πλάκας
1228 2272 1568 2342 συντρίψας,
1598 2272 1678 2332 είς
1705 2271 1769 2323 τὸ
1799 2270 1926 2340 ὅρος

338 2363 508 2415 πάλιν
552 2365 846 2435 ἀνέδραμε,
902 2365 1181 2427 τοσαύτας
1230 2363 1406 2426 ἄλλας
1458 2360 1823 2430 ὲνδιατρίψας
1869 2362 1928 2411 ἐν

332 2451 422 2519 τῷ
449 2452 559 2523 ϐρει
580 2455 781 2524 ἡμέρας
811 2454 1279 2525 προσφιλοσοφῶν
1303 2453 1382 2522 τῷ
1405 2450 1551 2520 Θεῷ,
1577 2449 1763 2519 πάσης
1788 2447 1926 2519 (16⁸)

327 2542 675 2613 ἀνθρωπίνης
703 2547 904 2615 τροφῆς
940 2546 1015 2608 ὡς
1043 2547 1142 2598 κα)⁵
1179 2547 1238 2597 ὲν
1273 2545 1402 2606 ταῖς
1449 2541 1754 2611 προτέραις
1780 2540 1926 2609 ἠμέ-

327 2652 464 2704 ραις
498 2638 772 2705 γενόμενος
804 2642 1098 2705 ἄγευστος.
1135 2637 1329 2699 Οὕτως
1358 2634 1463 2697 τὰς
1492 2633 1760 2702 δευτέρας
1792 2632 1930 2684 πλά·

324 2742 439 2787 καις
490 2725 680 2782 λαϐὼν.
720 2730 853 2796 πρὸς
893 2730 984 2781 τὸν
1024 2728 1160 2781 λαὸν
1209 2723 1479 2795 κατῆλθε.
1509 2723 1594 2793 (8)
1630 2724 1789 2784 Ποίος
1830 2718 1928 2772 οὖν

323 2817 593 2886 λογισμὸς
639 2819 976 2890 ἀνθρώπινος
1003 2818 1067 2870 τὸ
1107 2816 1423 2886 ὑπέρογκον
1467 2813 1624 2867 τοῦδε
1658 2812 1752 2865 τοῦ
1780 2810 1923 2864 θαύ-

318 2924 504 2977 ματος
560 2909 910 2978 παραστῆσαι
964 2909 1290 2977 δυνήσεται,
1339 2906 1458 2967 πῶς
1494 2906 1526 2973 ή
1564 2902 1777 2974 ῥοώδης
1824 2901 1919 2954 τοῦ

324 2998 584 3069 σώματος
658 2998 818 3066 φύσις
886 2999 1150 3052 τοσοῦτον
1230 2998 1531 3066 κινουμένη
1598 2995 1912 3065 διήρκεσεν,

312 3090 540 3153 οὐδενὸς
577 3090 1047 3161 ἁνεκπληροῦντος
1099 3090 1162 3143 τὸ
1216 3089 1343 3142 καθ’
1388 3089 1605 3159 ἡμέραν
1652 3086 1915 3140 διαπνέον

314 3182 415 3235 καὶ
448 3180 818 3250 ἐξωθούμενον
849 3182 949 3250 τῆς
981 3181 1304 3251 δ’)νὰμεω,;
1351 3181 1487 3233 Λύει
1529 3179 1586 3232 δὲ
1612 3179 1673 3233 τὸ
1705 3178 1913 3249 ἄπορον

310 3273 484 3326 τοῦτο
509 3274 740 3341 πρᾶγμα
771 3276 863 3325 καὶ
894 3274 1201 3343 θαυμάσιον
1229 3275 1258 3324 ὁ
1285 3272 1432 3336 θεῖος
1467 3271 1647 3337 λόγος,
1677 3271 1753 3334 ὡς
1780 3271 1911 3324 ὅταν

308 3366 467 3436 λέγῃ
500 3380 516 3395 ⁶
563 3383 583 3416 ι
616 3367 727 3418 Οὐκ
786 3364 875 3418 ἐπ’
920 3365 1070 3436 ἄρτῳ
1121 3366 1271 3435 μόνῳ
1306 3364 1532 3435 ζήσεται
1590 3362 1901 3435 ἄνθρωπος,

301 3458 417 3512 ἀλλ
472 3456 568 3508 ἐπὶ
610 3457 772 3509 παντὶ
809 3456 1017 3525 ῥήματι
1061 3457 1486 3526 ἐκπορευομένῳ
1525 3457 1588 3509 ὲκ
1632 3456 1901 3527 στόματος

295 3548 472 3604 Θεοῦ.
513 3568 535 3601 ι
573 3548 786 3601 Οὐκοῦν
831 3548 977 3619 εῠδη
995 3565 1054 3601 ον
1093 3552 1260 3601 πᾶσιν
1300 3548 1573 3607 ἐντεῦθεν,
1606 3547 1683 3611 ὼς
1727 3550 1897 3618 μηδὲν

2044 1815 2119 1869 ob
2164 1796 2403 1866 vitultim
2459 1808 2768 1863 conﬂatum
2817 1806 3139 1876 indignatus
3172 1815 3339 1866 esset,
3372 1804 3559 1857 subito
3587 1809 3667 1853 ta-

2044 1904 2207 1958 bulas
2231 1902 2569 1966 contrivitet
2592 1898 2661 1952 ad
2691 1905 2938 1951 montem
2964 1908 3158 1949 rursus
3184 1893 3447 1954 accurrit,
3484 1892 3538 1943 in
3558 1904 3677 1957 quo.

2042 1993 2281 2046 tOtidem
2340 1990 2483 2044 alios
2510 1989 2634 2042 dies
2689 1994 3072 2041 commoratus
3099 1990 3219 2049 est,
3263 1980 3663 2049 philosOphans

2040 2082 2189 2151 apud
2239 2082 2435 2145 Deum,
2474 2089 2531 2134 et
2576 2078 2870 2132 abstinens
2906 2090 2989 2132 se.
3032 2074 3177 2127 sicut
3213 2072 3410 2125 diebus
3446 2086 3656 2140 praece-

2041 2174 2334 2235 dentibus,
2368 2171 2438 2225 ab
2470 2170 2626 2224 omni
2670 2167 2921 2221 humano
2964 2163 3111 2217 cibo.
3138 2161 3307 2216 Novis
3340 2164 3469 2215 dein
3502 2175 3661 2217 sum-

2040 2267 2150 2334 ptis
2183 2263 2418 2327 tabulis,
2473 2258 2769 2315 descendit
2819 2256 2887 2309 ad
2930 2254 3219 2323 populum.
3277 2252 3526 2318 Quanam
3563 2266 3659 2304 ra-

2041 2357 2193 2411 tione
2258 2352 2615 2422 magnilicum
2690 2349 2796 2402 hoc
2843 2345 3179 2400 miraculum
3253 2352 3655 2412 reprzesentare

2040 2448 2211 2501 homo
2270 2444 2472 2513 aliquis
2522 2439 2741 2512 possit?
2793 2436 3085 2503 Quomodo
3139 2434 3347 2489 eximia
3400 2433 3650 2501 corporis

2039 2549 2242 2593 natura
2278 2545 2490 2599 tantum
2536 2532 2744 2604 agitata
2796 2528 3135 2599 perduravit,
3178 2541 3303 2581 cum
3340 2524 3476 2579 nihil
3507 2539 3642 2592 sup-

2037 2631 2215 2698 pleret
2237 2626 2503 2695 quidquid
2524 2624 2723 2677 virium
2752 2619 3004 2690 quotidie
3024 2634 3122 2688 per
3153 2615 3634 2686 transpirationem

2034 2717 2449 2790 expellebatur?
2469 2718 2540 2772 At
2563 2714 2728 2771 solvit
2754 2712 2973 2767 dillicile
3002 2711 3139 2766 illud
3168 2719 3221 2766 et
3248 2708 3629 2765 admirandum

2032 2812 2221 2869 divina
2256 2807 2540 2878 Scriptura
2577 2807 2805 2861 dicens:
2850 2823 2870 2856 ι
2906 2803 3026 2858 Non
3066 2803 3122 2857 in
3159 2802 3280 2859 solo
3307 2816 3446 2871 pane
3488 2801 3627 2855 vivet

2031 2905 2223 2964 homo,
2254 2903 2349 2958 sed
2390 2904 2446 2957 in
2481 2900 2632 2955 omni
2685 2898 2853 2954 verbo
2897 2896 3046 2968 quod
3095 2894 3377 2965 egreditur
3424 2893 3491 2947 de
3525 2907 3622 2948 oro

2028 2998 2146 3053 Dei.
2184 3016 2203 3049 ι
2242 2996 2387 3051 Hinc
2419 2994 2589 3066 igitur
2622 2991 2887 3048 omnibus
2917 2990 3144 3045 evidens
3171 2994 3255 3041 est
3284 2984 3417 3039 nihil
3456 2997 3618 3053 pror-

2020 3102 2114 3142 sus
2168 3089 2418 3157 angelum
2458 3088 2624 3141 istum
2682 3084 3047 3137 manducasse
3100 3077 3219 3148 ipsa
3266 3088 3485 3145 quoque
3521 3070 3612 3127 die

2014 3196 2123 3250 qua
2152 3180 2435 3235 descendit
2465 3177 2730 3233 obediens
2764 3174 3024 3231 mandato
3057 3168 3273 3227 Domini
3304 3177 3358 3223 et
3399 3164 3609 3238 postri-

2010 3272 2100 3327 die
2150 3273 2204 3326 in
2258 3282 2496 3327 urentem
2559 3271 2742 3336 rediit,
2775 3276 2965 3340 utpote
2998 3267 3093 3339 qui
3140 3267 3290 3338 juste
3320 3271 3375 3318 et
3415 3259 3603 3331 obju-

2006 3376 2148 3422 stam
2189 3367 2327 3421 iram
2387 3367 2621 3437 egisSct;
2690 3381 2816 3422 nam
2868 3364 3132 3421 contrivit
3192 3360 3357 3416 verba
3412 3357 3599 3413 divina

2005 3458 2099 3514 Dei
2148 3458 2332 3530 digitis
2380 3459 2645 3531 inscripta
2718 3460 2773 3513 in
2830 3457 3010 3529 lapide
3066 3453 3430 3526 sappliirino,
3482 3461 3595 3504 non

2007 3568 2170 3608 erens
2196 3554 2597 3610 exescrabilem
2633 3564 2691 3611 et
2723 3553 2837 3611 Deo
2866 3552 3101 3610 invisam
3124 3549 3419 3620 impiorum
3453 3543 3593 3598 isto-

295 3644 397 3695 τὸν
426 3640 675 3710 ἄγγελον
701 3638 893 3693 τοῦτον
935 3642 1274 3712 βεϐρωκέναι
1312 3645 1596 3706 παντελῶς
1622 3646 1681 3696 ἐν
1717 3639 1749 3717 ᾖ
1798 3645 1893 3698 καὶ

2030 3660 2117 3698 um
2179 3654 2232 3699 et
2284 3644 2639 3714 profanorum
2689 3648 3000 3711 actionem;
3053 3638 3390 3700 existimavit
3437 3634 3588 3691 enim

290 3732 584 3802 κατῆλθεν
616 3732 827 3801 ἡμέρᾳ,
862 3730 1108 3785 σπεύδων
1141 3735 1198 3785 ὲν
1227 3732 1374 3804 λόγῳ
1423 3735 1657 3802 Κυρίου,
1692 3736 1787 3789 καὶ
1820 3738 1885 3807 τῇ

2024 3749 2223 3790 ιιηοιευε
2267 3735 2551 3806 indignum
2610 3753 2733 3793 esse
2784 3737 2985 3807 impios
3033 3743 3089 3791 et
3141 3738 3390 3786 amentes
3446 3727 3586 3779 istos

290 3825 576 3894 ἐπαύριον
609 3826 672 3877 ἐν
709 3822 788 3891 τῷ
821 3822 936 3893 ὄρει
963 3823 1213 3894 ἀνῆλθεν,
1243 3825 1384 3879 ὥστε
1429 3827 1657 3890 δικαίως
1699 3827 1777 3898 τῷ
1805 3828 1884 3881 δι-

1984 3834 2141 3880 tauto
2195 3825 2290 3880 Dei
2347 3826 2614 3911 benelipio
2666 3844 2731 3884 ac
2789 3827 3000 3883 auxilio
3050 3822 3199 3885 frui,
3250 3825 3581 3911 persuasu-tn

281 3918 441 3987 καίῳ
513 3913 681 3984 θυμῷ
734 3915 1098 3984 χρησάμενον,
1161 3917 1260 3981 τὰς
1304 3921 1364 3972 ἐν
1427 3919 1560 3990 λίθῳ
1589 3920 1880 3991 σαπφείρῳ

2026 3919 2192 3974 abeus
2233 3918 2439 3991 justam
2487 3903 2609 3977 esse
2654 3931 2849 3977 contra
2904 3919 3010 3974 bos
3056 3915 3152 3971 Dei
3190 3912 3350 3974 iram,
3382 3903 3576 3976 jussit,

276 4008 591 4068 δακτύλοις
626 4004 768 4058 Θεοῦ
800 4008 1101 4076 γραφείσας
1134 4012 1283 4073 θείας
1323 4013 1536 4082 ῥήσεις,
1577 4012 1651 4081 μὴ
1699 4013 1879 4083 φέρων

2024 4023 2092 4062 οη
2159 4012 2349 4066 omnes
2394 4013 2640 4081 quidem,
2682 4014 2779 4067 sed
2840 4010 3034 4065 obvios
3064 4016 3315 4076 quosque
3366 3996 3571 4053 occidi.

276 4102 386 4171 τὴν
422 4100 717 4168 ἐπάρατον
749 4097 1006 4166 ἐργασίαν
1037 4116 1094 4151 τε
1125 4102 1217 4153 καὶ
1249 4100 1512 4173 θεοστυγῆ
1542 4101 1743 4171 πρᾶξιν
1766 4101 1875 4154 τῶν

2029 4102 2265 4156 uomodo
2321 4103 2486 4173 igitur
2534 4104 2772 4157 eximius
2835 4093 3215 4168 tomperantia:
3278 4100 3332 4145 et
3369 4084 3570 4157 jejlmii

276 4192 533 4248 ἀνοσίων
594 4192 828 4242 ἐκείνων
874 4192 965 4242 καὶ
1021 4190 1286 4260 βεϐήλων,
1336 4193 1683 4264 συνέτριψεν,
1713 4193 1871 4246 τοῦτο

2024 4203 2257 4263 perator,
2288 4204 2342 4248 et
2364 4196 2541 4265 gratia
2580 4194 2675 4247 Dei
2736 4193 2957 4261 plenus,
2998 4194 3053 4240 et
3082 4184 3273 4237 divino
3326 4178 3443 4230 zelo
3472 4188 3567 4228 ac-

275 4284 388 4354 μὲν
443 4280 681 4345 ἀνάξιον
747 4278 974 4346 πάμπαν
1032 4280 1089 4334 εὖ
1153 4285 1297 4353 μάλα
1356 4286 1554 4356 κρίνας
1608 4281 1867 4348 τοιαύτης

2024 4301 2192 4349 rusus,
2250 4287 2522 4353 simulque
2570 4285 2802 4346 anxius,
2860 4278 3182 4343 fractusque
3238 4269 3457 4331 animo.
3517 4274 3569 4319 εἰ

275 4374 593 4444 θεουργίας
628 4371 727 4424 καὶ
752 4370 1063 4441 εὐεργεσίας
1092 4375 1400 4429 ἀπολαῦσαι
1423 4377 1552 4438 τοὺς
1588 4374 1865 4444 θεομισεῑς
1897 4406 1916 4460 ι

2024 4389 2121 4433 xtra
2141 4378 2361 4433 modum
2383 4376 2641 4440 atllictus,
2660 4375 2731 4428 ob
2754 4367 3094 4427 horrendum
3120 4356 3256 4420 illud
3275 4369 3564 4447 peccatum

274 4467 374 4520 καὶ
411 4460 858 4531 ἐμϐροντήτους,
899 4460 1049 4516 τοῦτο
1086 4463 1141 4518 δὲ
1177 4468 1379 4536 μᾶλλον
1418 4467 1578 4529 είδὼς
1613 4465 1713 4535 τὴν
1742 4466 1862 4519 κατ’

1969 4474 2308 4543 ingratorum
2350 4480 2405 4525 et
2437 4468 2709 4524 naturalis
2742 4463 2951 4519 amoris
2980 4455 3315 4530 expertium,
3361 4454 3564 4510 inﬁdu-

273 4561 340 4611 αἱ
357 4558 465 4611 τῶν
497 4556 723 4607 ἔνδικον
758 4551 850 4606 τοῦ
883 4550 1013 4606 Θεοῦ
1040 4557 1428 4629 ἀγανάκτησιν,
1468 4559 1562 4611 καὶ
1590 4558 1677 4611 διὰ
1706 4558 1863 4613 τοῦτο

2033 4580 2195 4636 mque
2236 4565 2420 4620 cibum
2443 4571 2539 4616 aut
2569 4572 2756 4630 powm
2784 4556 3057 4624 attingere
3089 4548 3441 4605 sustinuisset
3471 4547 3559 4599 die

273 4649 446 4703 παντί
486 4662 597 4699 που
624 4644 788 4714 δῆλον
823 4643 1099 4714 κελεύσας,
1131 4651 1178 4702 εἰ
1217 4653 1311 4703 καὶ
1340 4648 1413 4722 μὴ
1463 4653 1697 4716 πάντας,
1723 4651 1860 4707 ἀλλὰ

2024 4671 2091 4718 ia.
2122 4653 2494 4711 amaritudine
2523 4660 2579 4706 et
2617 4652 2697 4704 ira
2747 4646 2968 4717 plenus,
3007 4638 3375 4710 angnstiatus,
3414 4636 3556 4688 inter

1956 4747 2219 4819 populum
2280 4744 2617 4817 improbum,
2670 4738 3000 4812 pessimum,
3057 4727 3551 4819 scelestissimum,

1958 4815 2113 4911 prius
2151 4856 2318 4912 quam
2362 4815 2472 4907 pro
2516 4835 2639 4904 ipso
2690 4833 2977 4885 exorasset
3030 4815 3547 4913 peruprzcscriptum

1956 4908 2224 5004 ieiunium
2257 4941 2313 4987 et
2341 4924 2853 4998 compunctionem,
2891 4928 3002 4985 quo
3033 4909 3171 5005 nihil
3200 4908 3316 5005 Deo
3339 4908 3545 5005 gratius

1955 4998 2081 5081 esse
2114 5026 2322 5097 optime
2349 5030 2485 5077 sane
2532 5022 2762 5071 noverat
2787 5009 2808 5063 Ἰ
2835 4998 3129 5062 Enimvero
3163 5016 3268 5055 una
3291 4998 3543 5054 interfuit

270 4745 405 4806 τοὺς
464 4736 999 4810 παρατυγχάνοντας
1059 4742 1433 4811 ἀναιρεθῆναι.
1499 4738 1625 4807 Πῶς
1676 4740 1770 4798 οὖν
1831 4748 1859 4799 ὁ

270 4835 544 4901 τοιαύτης
612 4831 711 4883 καὶ
767 4827 1030 4902 τοσαύτης
1062 4833 1385 4903 ἐγκρατείας
1444 4838 1541 4890 καὶ
1595 4840 1854 4907 νηστείας

271 4929 523 4997 ἐργάτης
572 4923 675 4977 καὶ
716 4921 937 4993 χάριτος
975 4923 1121 4988 θείας
1152 4924 1387 4995 ἔμπλεος
1436 4930 1500 4982 ὲκ
1549 4928 1848 5002 διαμέτρου

275 5024 369 5073 καὶ
415 5019 557 5087 θείῳ
615 5013 765 5085 ζήλῳ
819 5012 1255 5088 πυρπολούμενος
1294 5020 1411 5091 ἅμα
1444 5022 1537 5076 καὶ
1597 5021 1846 5091 ἰλιγγιῶν

1448 5267 1646 5331 Varim
1675 5267 1982 5334 lectiones
2015 5280 2078 5335 et
2114 5279 2309 5334 notas.

338 5514 383 5545 ³⁸
414 5510 514 5565 Ex.
563 5502 1345 5583 xxxiv,__£_:-26,28-30,__Cl_yc.
1376 5506 1577 5583 394,”
1618 5508 1677 5561 '0
1717 5509 1774 5583 gs
1821 5509 1916 5569 Γιιί

2024 5526 2090 5573 ,ος
2142 5509 2314 5578 λέγει,
2364 5505 2449 5559 ὅτι
2492 5504 2519 5556 ὁ
2569 5494 2814 5565 Μῦωσῆς
2862 5509 2921 5549 π.
2954 5488 3171 5563 ἠμίρας
3208 5489 3389 5560 νῆστις
3433 5484 3523 5563 ἦν.

279 5588 318 5617 ι.
340 5588 505 5653 arma
553 5584 683 5635 cod.
750 5573 909 5628 “Ex.
941 5590 1119 5637 xxxiv,
1152 5573 1348 5655 3346;
1374 5577 1532 5632 Deut.
1574 5595 1687 5643 vm,
1716 5580 1770 5636 ὅ.

587 5680 859 5738 ιἈτιιοι..
899 5673 1012 5731 Gn.
1055 5669 1177 5734 CX.
1354 5670 1357 5671 ⁷

3120 5664 3159 5725 6
