4098 6208
444 363 555 432 ΤΗ

1663 346 1707 405 G
1720 345 1983 405 Εοιιοιι
2028 341 2480 405 HAMARTULI

3622 337 3720 399 173

436 472 572 525 «lies
608 470 745 524 inter
777 464 1102 518 demensum
1145 469 1265 526 ejus
1305 456 1371 510 de
1413 464 1598 510 monte
1629 464 1682 508 et
1717 468 2030 512 ascensum,

2160 451 2232 502 ιαὶ
2274 449 2562 518 ἀδημονῶν
2595 448 2688 500 καὶ
2729 447 2956 515 ἀθυμῶν
2994 448 3199 516 σφόδρα
3239 447 3333 500 καὶ
3375 443 3720 512 λυπούμενος

457 581 563 632 qua
595 562 682 616 die
699 557 918 613 tabulas
949 552 1217 621 confregit
1247 561 1298 604 et
1329 548 1561 602 vitulum
1605 545 1874 600 destruxit
1903 544 2032 596 tria-

455 670 563 726 que
600 651 766 705 millia
795 645 1241 718 turpissimorum
1274 651 1330 696 et
1371 640 1729 712 pessimorum
1753 635 2032 689 hominum

455 735 713 819 penditlit‘,
758 743 1057 807 volens,ut
1105 739 1444 799 existimant,
1506 732 1722 801 placare
1754 727 2033 800 paululum

453 845 590 895 iram
611 837 704 894 Dei
725 847 778 892 et
802 835 1059 890 acerbum
1091 831 1354 893 furorem,
1374 843 1479 896 qua
1509 827 1597 878 vix
1627 824 1811 891 elapsa
1829 820 1921 872 die
1940 833 2030 887 po-

453 934 662 989 stridiaz
699 932 809 985 cito
842 927 1092 982 ascendit
1132 926 1184 978 in
1211 931 1451 976 montem
1479 921 1544 972 ad
1583 917 1878 971 Dominum
1906 928 2040 964 exo-

455 1036 675 1080 raturus
693 1038 790 1092 pro
811 1022 910 1074 eis.
937 1019 1075 1072 Audi
1096 1016 1434 1083 Seripturam
1458 1009 1734 1078 expressis
1752 1003 1943 1060 verbis
1959 1002 2037 1054 di-

455 1128 664 1172 centem
695 1132 707 1168 :
736 1134 754 1166 ι
788 1113 1144 1168 Fartoautem
1165 1111 1336 1160 altero
1353 1105 1460 1164 die,
1489 1104 1704 1156 locutus
1726 1095 2039 1166 estﬂoyses

458 1211 524 1263 ad
586 1203 1198 1278 populumzl’ercastis
1265 1204 1548 1266 peccatum
1601 1191 1924 1252 maximum,
1985 1196 2040 1242 et

456 1317 603 1356 nunc
647 1297 877 1354 studebo
926 1296 1094 1349 Deum
1152 1291 1369 1359 placare
1415 1287 1482 1341 de
1523 1294 1744 1352 peccato
1775 1293 1968 1335 vestro.
2016 1299 2033 1330 ι

461 1391 666 1448 Deinde
699 1388 883 1454 statim
933 1383 1142 1438 addidit
1175 1397 1189 1434 :
1227 1399 1244 1431 ι
1305 1381 1688 1444 lieversusque
1716 1385 1798 1426 est
1828 1371 2041 1441 Moyses

460 1486 530 1539 ad
565 1483 879 1541 Dominum,
911 1488 972 1532 et-
995 1476 1130 1530 dixit
1153 1493 1166 1528 :
1192 1493 1208 1524 ι
1244 1471 1509 1535 Obsecro,
1543 1467 1786 1537 peccavit
1813 1465 2042 1532 populus

463 1579 568 1632 iste
629 1576 998 1634 vehementer,
1047 1569 1402 1634 feceruntque
1453 1562 1558 1617 sibi
1605 1564 1756 1620 deos,
1790 1568 1846 1611 et
1894 1572 2041 1610 nunc

459 1674 508 1727 si
550 1672 770 1742 quidem
823 1665 1058 1720 dimittis
1107 1676 1297 1718 eorum
1351 1666 1658 1729 peccatum,
1707 1653 1942 1716 dimitte,
1995 1651 2042 1706 si

460 1781 596 1820 vero
625 1779 758 1826 non,
797 1762 921 1814 dele
964 1772 1048 1811 me
1095 1767 1314 1824 quoque
1372 1751 1439 1803 de
1506 1749 1646 1802 libro
1697 1760 1860 1815 quem
1906 1745 2045 1798 scri-

458 1857 648 1928 psisti.
683 1873 702 1905 υ
745 1855 808 1907 Et
838 1851 974 1924 dixit
1012 1847 1276 1902 Dominus
1325 1843 1390 1894 ad
1443 1840 1661 1909 Moysen
1695 1852 1711 1889 :
1747 1855 1766 1887 ι
1820 1834 1880 1890 Si
1918 1836 2044 1904 quis

465 1925 775 2017 peccaverit
812 1945 863 1996 in
898 1945 1195 2006 conspectu
1225 1949 1372 1994 meo,
1402 1931 1596 1984 delebo
1624 1944 1746 1983 eum
1797 1929 1865 1980 de
1907 1925 2046 1979 libro

462 2049 593 2094 meo
627 2055 642 2092 :
679 2049 825 2090 nunc
860 2043 1041 2085 autem
1079 2029 1234 2088 vale,
1267 2034 1322 2079 et
1359 2023 1466 2076 duc
1504 2021 1763 2091 populum
1797 2021 1962 2072 istum
1996 2017 2049 2071 iu

467 2135 649 2185 iocum
673 2141 835 2196 quem
865 2117 976 2178 dixi
1008 2121 1124 2174 tibi.
1148 2118 1214 2172 Et
1239 2133 1368 2172 ecce
1399 2116 1626 2184 angelus
1658 2127 1816 2167 meus
1847 2126 2053 2180 prmre-

469 2225 563 2277 det
585 2227 712 2274 ante
733 2217 928 2270 faciem
959 2228 1167 2276 ineant;
1199 2225 1306 2279 qua
1334 2218 1513 2261 autem
1544 2206 1633 2259 die
1662 2205 1918 2266 visitabo,
1951 2201 2051 2255 ad-

471 2313 669 2364 ducam
704 2319 870 2373 super
901 2317 998 2355 eos
1037 2307 1320 2370 peccatum
1360 2310 1575 2350 eorum.
1616 2313 1634 2346 ι
1685 2293 1750 2347 Et
1780 2293 2054 2363 percussit

467 2397 741 2453 Dominus
771 2397 1027 2464 populum
1055 2407 1150 2459 pro
1165 2397 1317 2443 reatu
1353 2387 1502 2440 vituli
1532 2402 1694 2456 quem
1723 2383 2050 2439 feceratAa-

477 2485 752 2543 ronaVide
773 2482 1162 2553 benignitatem
1179 2489 1233 2533 et
1250 2477 1595 2533 severitatem
1620 2474 1878 2543 Deijuxta
1896 2472 2055 2527 Chri-

469 2578 820 2649 ampliorum,
841 2587 892 2628 et
923 2589 1087 2628 nosce
1115 2569 1401 2641 perspicue
1423 2568 1756 2622 horrendum
1785 2581 1911 2620 vere
1936 2581 2056 2619 esse

469 2670 720 2726 incidere
747 2668 799 2720 in
831 2681 1025 2719 manus
1069 2663 1158 2717 Dei
1207 2662 1459 2725 viventis,
1490 2673 1589 2712 nec
1625 2657 1852 2711 omnino
1895 2672 2057 2726 posse

471 2762 570 2832 qui
593 2761 732 2827 lapsi
753 2770 880 2812 sunt
902 2781 912 2806 ι
934 2756 1141 2824 ﬂ‘ugere
1160 2753 1455 2807 vindictam
1477 2750 1742 2811 divinam,
1767 2748 1923 2816 cuius
1940 2764 2059 2801 om-

474 2851 608 2906 nino
631 2851 841 2920 juswm
903 2859 955 2902 et
990 2850 1262 2916 integrum
1292 2844 1460 2898 Deum
1494 2857 1775 2912 nunquam
1808 2843 2056 2911 pcnuitet,

469 2943 872 3012 quamvis-non
906 2938 1095 2993 subito
1147 2937 1290 2989 banc
1341 2934 1479 2986 iram
1533 2932 1677 2987 Deus
1717 2931 1965 2994 adduxit,
1999 2938 2060 2984 ut

467 3032 890 3086 cvideutissime
915 3037 969 3082 et
995 3026 1321 3081 brevissime
1346 3032 1629 3078 ostensum
1656 3031 1760 3078 est.
1785 3023 1930 3076 Citra
1960 3022 2062 3092 igi-

2138 539 2261 591 καθ’
2312 537 2618 610 ὑπερϐολὴν
2692 540 2788 590 ἐπὶ
2841 543 2905 607 τῇ
2972 539 3200 608 φοϐερᾴμε
3236 537 3346 591 τῶν
3401 533 3722 605 ἀχαρίστων

2139 637 2405 706 ἁμαρτία,
2437 635 2546 688 τῶν
2573 635 2856 705 ἀστόργων
2881 633 2975 685 καὶ
2995 632 3105 701 87
3130 630 3438 692 ἀσπόνδων,
3459 625 3726 696 ἡνέσχετο

2138 726 2395 796 βρώσεως
2421 727 2452 794 ἢ
2479 728 2689 788 πόσεως
2722 726 3016 793 μετασχεῖν
3044 724 3102 773 ἐν
3123 720 3311 791 ἡμέρα
3342 717 3466 788 μιᾷ,
3491 714 3722 782 πικρίας

2138 816 2231 867 καὶ
2274 815 2446 882 θυμοῦ
2499 815 2934 884 πεπληρωμένος
2977 814 3072 866 καὶ
3103 810 3470 880 στενοχωρίας
3513 809 3573 860 ἐν
3609 804 3726 872 λαῷ

2139 908 2432 977 κακούργῳ
2481 910 2575 961 καὶ
2624 907 2983 978 πονηροτάτῳ
3039 907 3134 958 καὶ
3193 902 3584 973 μυσαροτάτῳ,
3649 896 3727 964 μὴ

2139 1007 2407 1076 πρότερον
2452 1002 2593 1070 ὑπὲρ
2643 1001 2841 1054 ἑαυτοῦ
2891 1000 3323 1066 ἑξιλεωσάμενος
3363 994 3433 1047 δι’
3463 996 3712 1046 ἐπιτετα·

2140 1098 2350 1167 γμένης
2407 1097 2525 1146 ἐστὶ
2559 1093 2816 1164 νηστείας
2871 1091 2967 1144 καὶ
3015 1087 3388 1152 κατανύξεως,
3437 1080 3505 1157 ἦς
3563 1085 3720 1137 οὐδὲν

2143 1187 2294 1258 φίλον
2335 1187 2380 1219 ³⁸
2421 1185 2544 1254 Θεῷ
2589 1185 2854 1253 πέφυκεν,
2883 1181 2942 1235 εὖ
2991 1180 3149 1243 είδὼς
3180 1181 3230 1232 εί
3268 1178 3363 1232 καί
3405 1195 3490 1240 τις
3525 1178 3720 1239 άλλοςς

2138 1279 2220 1350 t9)
2262 1279 2386 1331 Ὅτι
2417 1279 2525 1346 γαρ
2582 1276 2679 1346 μία
2725 1275 2951 1343 γέγονεν
2995 1273 3180 1344 ἡμέρα
3217 1269 3422 1339 μεταξὺ
3467 1269 3567 1337 τῆς
3615 1269 3725 1320 ἀπὸ

2142 1371 2238 1422 τοῦ
2279 1369 2437 1438 ὅρους
2479 1367 2841 1427 καταϐάσεως
2884 1363 3052 1418 αὐτοῦ
3091 1363 3186 1416 καὶ
3217 1359 3562 1422 ἀναϐάσεως,
3607 1353 3726 1431 ὲνῇ

2143 1463 2242 1524 τάς
2265 1478 2324 1513 τε
2350 1460 2562 1522 πλάκας
2588 1457 2883 1526 συντρίψας
2909 1456 3003 1508 καὶ
3032 1455 3124 1508 τὸν
3154 1455 3352 1524 μόσχον
3389 1451 3729 1518 ἐξαφανίσας

2147 1552 2241 1605 καὶ
2271 1553 2397 1614 τοὺς
2439 1549 2774 1620 τρισχιλίους
2812 1547 3126 1616 αἰσχίστους
3159 1547 3254 1598 καὶ
3297 1544 3596 1604 κακίστους
3626 1541 3726 1594 άν-

2145 1641 2279 1713 δρας
2337 1640 2686 1710 ὀλοθρεύσας,
2739 1638 3082 1708 βουλόμενος,
3131 1637 3208 1698 ὼς
3273 1637 3502 1698 οἴονται,
3558 1650 3731 1686 καταο

2152 1733 2356 1785 παῦσαι
2385 1733 2482 1802 τὴν
2507 1732 2677 1802 ὀργὴν
2715 1731 2808 1783 τοῦ
2852 1729 2989 1782 Θεοῦ
3033 1731 3234 1801 μικρὸν
3259 1732 3351 1783 καὶ
3377 1730 3467 1782 τὸν
3489 1729 3733 1798 ἄκρατον

2153 1823 2346 1894 θυμὸν,
2380 1823 2580 1876 αὐτίκα
2639 1826 2704 1893 τῇ
2755 1822 2988 1892 ἐπιούσῃ
3037 1821 3232 1874 θᾶττον
3283 1823 3516 1891 ἀνῆλθεν
3561 1823 3643 1883 είς
3675 1821 3735 1870 τὸ

2149 1916 2276 1985 ὅρος
2307 1915 2445 1986 πρὸς
2477 1915 2706 1983 Κύριον,
2734 1917 3078 1984 δυσωπήσων
3129 1916 3273 1986 ὑπὲρ
3324 1915 3528 1980 αὐτῶν,
3563 1915 3733 1967 ἄκου-

2141 2025 2247 2061 -σον
2289 2008 2342 2062 τί
2384 2025 2550 2077 φησιν
2581 2010 2614 2078 ἡ
2640 2008 2829 2078 Γραφὴ
2860 2008 3161 2078 διαρρήδην
3195 2007 3236 2040 ⁸⁷
3259 2021 3274 2036 ο
3303 2025 3327 2055 4
3377 2009 3486 2060 Καὶ
3512 2009 3737 2074 ἐγένετο

2143 2097 2296 2170 -μετά
2319 2100 2419 2170 τὴν
2453 2097 2644 2167 αὔριον
2691 2100 2784 2151 καὶ
2829 2095 2952 2152 εῐπε
2992 2101 3234 2170 Μωῦσῆς
3271 2098 3407 2168 πρὸς
3449 2098 3543 2151 τὸν
3570 2098 3731 2151 λαόν·

2161 2211 2180 2244 ε
2225 2191 2416 2262 Ὑμεῖς
2449 2193 2811 2262 ἡμαρτήκατε
2861 2193 3138 2262 ἁμαρτίαν
3191 2195 3456 2265 μεγάλην,
3495 2193 3590 2246 καὶ
3640 2191 3740 2244 νῦν

2155 2283 2540 2351 ἀναμνήσομαι
2581 2284 2719 2353 πρὸς
2744 2284 2835 2337 τὸν
2877 2284 3033 2343 Θελιν.
3073 2287 3159 2338 ἵνα
3194 2286 3575 2354 ἐξιλεώσωμαι
3607 2285 3740 2356 περὶ

2155 2375 2255 2443 τῆς
2307 2376 2584 2444 ἁμαρτίας
2648 2376 2822 2444 ὑμῶν.
2880 2396 2896 2427 ι
2969 2375 3100 2428 Εἶτα
3156 2379 3438 2447 ἐπήγαγεν
3509 2377 3736 2438 εὐθέως·

2163 2487 2180 2519 t
2221 2467 2560 2536 Ἐπέστρεψε
2587 2467 2643 2519 δὲ
2684 2469 2888 2538 Μωσῆς
2923 2469 3057 2537 πρὸς
3085 2469 3175 2518 τὸν
3213 2467 3416 2538 Κύριον
3460 2469 3552 2520 καὶ
3578 2464 3738 2518 εἷπεσ

2164 2579 2183 2611 ι
2215 2561 2442 2629 Δέομαί,
2467 2559 2791 2630 ἡμάρτηκεν
2810 2559 2980 2621 ἀλαὸς
3003 2555 3157 2623 οὗτος
3190 2560 3470 2630 ἁμαρτίαν
3495 2557 3745 2628 μεγάλην

2160 2655 2256 2706 καὶ
2290 2653 2555 2719 ἐποίησαν
2619 2650 2767 2722 (iGb)
2819 2652 3034 2713 ἑαυτοῖς
3071 2651 3251 2715 θεοὺς,
3280 2652 3376 2704 καὶ
3411 2650 3524 2712 νῦν,
3557 2653 3606 2702 εἰ
3642 2649 3743 2718 μὲν

2161 2747 2306 2814 ἀφῇς
2339 2742 2522 2796 αὐτῶν
2548 2742 2646 2813 τὴν
2672 2741 2972 2812 ἁμαρτίαν,
2992 2741 3150 2809 ἄφες,
3172 2743 3221 2794 εί
3252 2741 3309 2794 δὲ
3341 2743 3437 2811 μὴ,
3459 2739 3745 2808 ἐξάλειψον

2161 2839 2306 2902 κάμὲ
2337 2838 2401 2888 ἐκ
2431 2835 2529 2904 τῆς
2561 2835 2748 2906 βίϐλου
2776 2830 2846 2907 ἦς
2874 2835 3122 2905 ἔγραψας
3149 2850 3162 2864 ·
3207 2854 3224 2886 θ
3254 2835 3347 2887 καὶ
3379 2829 3428 2885 εἶ
3444 2851 3501 2885 τε
3536 2831 3745 2903 Κύριος

2162 2931 2298 3000 πρὸς
2348 2931 2624 2996 Μωῦσῆνο
2682 2948 2700 2980 ι
2761 2929 2826 2980 Ei’
2872 2946 2954 2992 τις
3007 2930 3255 2999 ἥμαρτεν
3322 2927 3554 2980 ἐνώπιόν
3613 2944 3746 2994 μου,

2164 3021 2434 3089 ἐξαλείψω
2477 3019 2641 3072 αὐτὸν
2683 3020 2748 3072 ἐκ
2782 3021 2880 3089 τῆς
2923 3020 3107 3090 βίϐλου
3157 3038 3258 3089 μου
3281 3038 3296 3052 ·
3335 3019 3429 3072 νῦν
3465 3019 3523 3072 δὲ
3557 3018 3745 3087 βάδιζε

477 3133 569 3177 tur
613 3121 1050 3178 controversiam
1101 3128 1188 3172 est
1235 3116 1616 3171 admirabilem
1667 3115 1847 3169 virum
1906 3114 2055 3169 illum

2164 3115 2260 3168 καὶ
2311 3115 2580 3183 ὀδήγησον
2628 3113 2718 3164 τὸν
2772 3114 2898 3165 λαὸν
2957 3113 3146 3167 τοῦτον
3192 3115 3272 3175 είς
3327 3115 3417 3165 τὸν
3464 3113 3652 3172 τόπον,
3687 3110 3750 3162 ὃν

469 3218 755 3287 octoginta
785 3216 903 3269 dies
939 3215 1236 3267 continuos
1258 3210 1506 3280 jejunum
1542 3222 1948 3278 perseverasse,
1979 3207 2063 3261 di-

472 3311 610 3365 vino
638 3319 818 3364 actum
839 3306 1042 3376 Spiritu
1067 3321 1082 3370 ;
1107 3303 1494 3358 corroboratus
1515 3311 1596 3356 est
1614 3301 1759 3356 enim
1779 3299 2060 3369 splendida

467 3406 571 3461 'illa
595 3403 693 3458 Dei
721 3404 1032 3474 praesentia.
1058 3396 1214 3466 Apud
1263 3411 1426 3465 quem
1461 3394 1650 3448 taudiu
1687 3403 2064 3448 commoratus

470 3507 585 3562 est,
617 3498 752 3551 deus
777 3505 830 3548 et
861 3491 952 3546 Dei
993 3493 1251 3546 sacerdos
1275 3489 1388 3559 jam
1427 3486 1628 3549 factus,
1659 3487 1977 3556 patientiam
2008 3495 2064 3540 et

474 3589 819 3651 ﬁrmitatem,
852 3586 1147 3638 humanam
1175 3579 1494 3636 excedentia
1519 3589 1772 3633 naturam
1800 3577 2061 3643 ostendit,

466 3703 507 3736 -η
551 3683 665 3737 sive
697 3682 750 3734 in
791 3695 1042 3747 ccl'purc,
1095 3677 1208 3730 sive
1248 3682 1404 3730 extra
1425 3689 1626 3743 corpus
1671 3673 1881 3735 nescio,
1923 3671 2065 3725 Deus

473 3775 612 3839 scit,
658 3791 676 3824 ι
707 3771 800 3842 qui
833 3770 981 3823 hunc
1025 3778 1095 3822 ita
1116 3766 1478 3820 ostentavitet
1502 3762 2062 3829 eximieglorilicevit.

474 3863 692 3920 ‘Deinde
751 3876 946 3916 rursus
997 3860 1227 3912 dicit'm
1262 3858 1398 3910 Cum
1452 3854 1831 3923 ingrederetur
1855 3852 2069 3921 Moyses

485 3957 554 4012 ad
594 3951 1054 4011 tabernaculum,
1098 3945 1465 4000 descendebat
1501 3942 1768 4005 icolumna
1815 3940 1975 3994 nubis
2013 3949 2070 3993 et

479 4049 656 4108 Deus.
683 4059 852 4112 super
882 4038 1328 4095 tabernacuhnn.
1367 4033 1607 4104 Populus
1635 4042 1818 4087 autem
1851 4031 2070 4085 videbat

485 4143 799 4198 columnam
837 4133 1020 4193 nubis.
1051 4140 1105 4186 et
1134 4130 1437 4184 adorabant
1471 4125 1853 4195 unusquisque
1885 4125 1950 4179 de
1989 4133 2070 4177 la-

476 4230 790 4290 bernaculo
829 4242 974 4293 suo;
1022 4234 1078 4279 et
1125 4225 1198 4278 ita
1255 4223 1470 4275 locutus
1515 4229 1598 4274 est
1632 4218 1898 4272 Dominus
1947 4232 2068 4271 cmn

479 4326 671 4397 Moyse
696 4341 714 4376 ι
755 4339 774 4375 t
803 4321 858 4376 in
893 4327 1188 4388 conspectu
1223 4315 1427 4386 populi.
1471 4312 1819 4366 Multifariam
1848 4325 2068 4380 operam

485 4422 668 4476 dando
699 4427 760 4471 ut
788 4413 1048 4486 populum
1075 4412 1142 4466 ab
1169 4413 1246 4464 ira
1285 4409 1376 4463 Dei
1410 4409 1666 4471 liberare,
1699 4405 1837 4459 adeo
1871 4420 1965 4473 pro
1991 4405 2072 4458 eis

2167 3205 2366 3276 εἴρηκά
2403 3221 2504 3257 σοι.
2535 3205 2645 3256 Καὶ
2679 3204 2790 3257 ἰδοὺ
2821 3206 2846 3256 6
2873 3204 3102 3272 ἄγγελός
3144 3221 3248 3273 μου
3300 3201 3753 3274 προπορεύσεται

2168 3305 2275 3374 πρὸ
2316 3299 2610 3373 προσώπου
2665 3293 2852 3372 μου,
2882 3299 2928 3350 δ’
2980 3299 3048 3351 ἂν
3099 3299 3285 3370 ἡμέρᾳ
3332 3297 3748 3366 ἐπισκέψωμαι,

2169 3395 2352 3459 ἐπάξω
2381 3393 2468 3446 ἐπ’
2497 3393 2697 3454 αὐτοὺς
2725 3393 2824 3462 τὴν
2858 3392 3138 3461 ἁμαρτίαν
3171 3391 3369 3445 αὐτῶν.
3417 3410 3434 3441 ι
3469 3391 3580 3443 Καὶ
3609 3389 3719 3440 ὲπά
3738 3418 3751 3426 ι

2169 3488 2296 3552 ταξε
2331 3487 2535 3556 Κύριος
2558 3485 2651 3537 τὸν
2686 3484 2813 3536 λαὸν
2839 3484 2967 3552 περὶ
2993 3483 3093 3554 τῆς
3125 3485 3398 3554 ποιήσεως
3422 3481 3515 3534 τοῦ
3545 3481 3757 3551 μόσχου

2169 3575 2231 3634 οὗ
2260 3582 2516 3646 ἐποίησεν
2545 3574 2781 3647 Ἀαρών.
2823 3597 2839 3627 ι
2873 3575 2982 3644 (10)
3016 3577 3119 3630 Ἴδε
3157 3577 3340 3629 τοίνυν
3373 3575 3756 3645 χρηστότητος

2172 3674 2265 3727 καὶ
2318 3670 2625 3739 ἀποτομίας
2684 3667 2822 3720 Θεοῦ
2872 3669 3014 3720 κατὰ
3067 3667 3159 3720 τὸν
3215 3665 3623 3736 χριστοςρόρον·
3659 3667 3760 3715 καὶ

2171 3764 2340 3835 γνῶθι
2374 3763 2584 3830 σαφῶς,
2617 3763 2700 3814 ὃτι
2751 3760 2982 3829 φοϐερὸν
3031 3760 3204 3823 δντως
3249 3759 3308 3812 τὸ
3357 3760 3622 3828 ἐμπεσεῖν
3677 3758 3760 3818 είς

2172 3861 2359 3930 χεῖρας
2410 3855 2546 3909 Θεοῦ
2597 3856 2801 3919 ζῶντος
2851 3854 2946 3908 καὶ
2992 3855 3278 3924 ἀμήχανον
3324 3855 3584 3918 ἐκφυγεῖν
3627 3849 3762 3912 τοὺς

2172 3950 2506 4011 ἐπταικότας
2546 3948 2896 4019 ἀμετανόητα
2938 3946 3210 4017 δήπουθεν
3246 3946 3344 4016 τὴν
3399 3945 3610 3998 ἔνδικον
3665 3943 3764 3993 καὶ

2173 4043 2472 4098 ἀδέκαστον
2509 4041 2660 4093 θείαν
2710 4039 2890 4108 δίκην,
2927 4041 2976 4091 εί
3023 4039 3118 4091 καὶ⁵
3166 4037 3510 4108 παραχρῆμα
3549 4033 3766 4102 ταύτην

2173 4137 2274 4190 οὑκ
2305 4135 2585 4206 ἐπήγαγε,
2609 4131 2790 4190 καθὼς
2825 4131 3246 4202 ἐναργεστάτως
3278 4131 3365 4184 διὰ
3390 4126 3764 4198 βραχυλογίας

2175 4225 2640 4282 ἀποδέδεικται.(ί
2661 4225 2705 4291 l)
2727 4225 2889 4278 Ὥστε
2919 4224 3106 4277 λοιπον
3143 4221 3563 4294 άναμφὴριστόν
3585 4221 3763 4283 ἐστιν,

2177 4321 2251 4384 ὼς
2288 4323 2344 4374 π’
2365 4318 2577 4389 ἡμέρας
2624 4316 2822 4387 ἐφεξῆς
2859 4317 3117 4380 ἀπόσιτος
3165 4316 3347 4386 ἔμεινε
3389 4312 3766 4383 θεοφορούμε-

2179 4431 2267 4477 νος
2297 4415 2325 4466 6
2362 4409 2652 4471 Θεσπέσιος
2708 4404 2865 4472 οὗτος
2919 4409 3061 4479 ἀνὴρ
3108 4408 3204 4462 καί¹
3269 4405 3656 4476 ἐνισχυόμενος
3705 4405 3770 4456 ἐν

489 4511 688 4572 doluit,
739 4507 974 4576 propriae
1040 4506 1213 4573 ipsius
1262 4503 1457 4556 salutis
1504 4499 1728 4558 oblitus.
1785 4508 1842 4552 ut
1881 4497 2055 4550 dictus

2179 4507 2364 4576 ἐκείνῃ
2425 4506 2490 4573 τῇ
2557 4501 2728 4573 πολλῇ
2794 4501 3061 4572 προεδρίᾳ.
3107 4500 3223 4570 88
3274 4499 3371 4553 καὶ
3417 4496 3769 4568 παραστάσει

489 4604 562 4657 sit
593 4616 620 4654 a
650 4596 830 4651 David
872 4601 1090 4650 stetisse
1140 4596 1193 4647 in
1247 4595 1629 4647 cunft'actiune
1673 4607 1856 4646 corum
1916 4590 2070 4644 Deo:

493 4714 512 4746 δ
555 4689 614 4747 Si
663 4685 898 4744 dimittis
944 4685 1025 4740 eis
1071 4695 1380 4753 peccatum,
1411 4685 1654 4743 dimitte.
1709 4685 1753 4737 si
1784 4699 1913 4737 vero
1939 4700 2071 4742 non,

486 4784 607 4838 dele
649 4793 738 4834 me
771 4789 991 4846 quoque
1036 4774 1105 4826 de
1152 4773 1293 4825 libro
1322 4787 1481 4842 quem
1526 4771 1826 4840 scripsisti;
1863 4791 1890 4823 φ
1937 4772 2076 4826 dixit

487 4874 659 4938 enim,
694 4870 895 4939 inquit.
933 4883 994 4924 se
1037 4867 1414 4936 dispersurum
1433 4881 1528 4920 eos
1561 4883 1575 4919 :
1615 4865 1659 4919 si
1715 4881 1823 4919 non
1859 4864 2074 4935 Moyses

489 4968 699 5023 electus
721 4971 877 5035 ejus,
911 4959 1235 5018 stetissetin
1279 4958 1656 5013 confractionc
1697 4957 1751 5013 in
1782 4970 2073 5026 conspectu

490 5059 635 5129 ejus,
668 5073 736 5114 ne
770 5055 1110 5128 disperderet
1146 5067 1262 5109 eos.
1295 5051 1625 5122 Quicunque
1659 5059 1838 5106 autem
1894 5053 2076 5108 insur-

493 5162 754 5208 rexerunt
786 5152 838 5207 in
884 5165 1035 5213 eum.
1069 5148 1158 5204 alii
1186 5146 1409 5218 quidem
1458 5145 1700 5216 absorpti
1733 5153 1863 5201 sunt
1892 5146 1961 5200 ab
1993 5146 2074 5200 in-

489 5245 653 5300 ferno
687 5245 952 5310 viventes,
980 5242 1075 5300 alii
1107 5240 1277 5297 divini
1309 5239 1454 5310 ignis
1483 5237 1608 5293 iacti
1645 5250 1773 5292 sunt
1805 5239 2072 5293 bam-edes.

2179 4596 2338 4659 Θεοῦ,
2374 4595 2507 4655 Θεὸς
2543 4595 2639 4647 καὶ
2673 4591 2990 4662 θεοφάντωρ
3019 4591 3122 4663 ἡδη
3162 4591 3461 4660 γενόμενος
3489 4587 3586 4642 καὶ
3619 4588 3772 4659 ὑπὲρ

2181 4686 2342 4755 φύσιν
2381 4684 2733 4756 ἀνθρωπίνην
2772 4682 3073 4754 καρτερίαν
3117 4682 3215 4735 καὶ
3259 4682 3506 4734 εὐτονίαν
3553 4679 3771 4732 ἐπίδει-

2184 4779 2438 4848 ξάμενος,
2484 4795 2502 4828 ι
2547 4776 2658 4829 εἴτε
2696 4777 2754 4828 ἐν
2792 4773 3011 4845 σώματι
3061 4773 3263 4838 πίλων,
3296 4774 3406 4826 εττε
3454 4772 3615 4833 ἐκτὸς
3669 4769 3774 4824 τοῦ

2185 4870 2457 4938 σώματος,
2488 4870 2517 4920 6
2544 4867 2677 4930 Θεὸς
2706 4861 2846 4919 οἶδεν
2873 4866 2918 4897 ³⁸
2947 4884 2966 4918 ι
2997 4867 3026 4919 6
3057 4863 3248 4918 τοῦτον
3273 4863 3448 4926 οὕτως
3476 4863 3774 4930 ἀποφήνας

2183 4963 2280 5039 καὶ
2327 4962 2625 5032 ὑπερφυῶς
2659 4959 2916 5026 δοξάσας.
2952 4955 3067 5027 (l2)
3119 4953 3252 5010 Εἶτα
3293 4955 3457 5009 πάλιν
3486 4953 3653 5024 φησίν
3686 4954 3730 4987 ³⁹
3758 4970 3772 4984 ο

2189 5073 2206 5105 ι
2253 5052 2450 5105 Ἥνίκα
2495 5051 2539 5105 δ’
2572 5053 2638 5105 ἂν
2676 5049 2974 5121 ἐπορεύετο
3005 5047 3248 5117 Μωῦσῆς
3283 5049 3361 5111 εἰς
3393 5045 3493 5117 τὴν
3535 5043 3774 5114 σκηνὴν,

2181 5144 2504 5199 κατέϐαινεν
2530 5146 2558 5197 ὁ
2591 5142 2785 5204 στῦλος
2811 5142 2914 5212 τῆς
2947 5140 3178 5210 νεφέλης
3208 5139 3304 5193 καὶ
3330 5137 3518 5201 ὁ⁶Θεὸς
3541 5135 3638 5189 ἐπὶ
3666 5134 3776 5206 τὴν

2181 5239 2410 5308 σκηνήν.
2452 5238 2514 5290 Ὀ
2540 5237 2598 5291 δὲ
2633 5237 2761 5300 λαδς
2811 5233 2960 5305 ἐώρα
2998 5237 3090 5290 τὸν
3125 5233 3321 5289 στῦλον
3361 5233 3465 5305 τῆς
3510 5227 3773 5300 νεφέλης.

1695 5461 1893 5524 Varie:
1940 5460 2249 5551 lectiones
2283 5469 2341 5524 et
2374 5468 2564 5522 notio.

562 5715 610 5746 ⁸⁸
633 5710 849 5768 olim?
927 5711 970 5744 "
1003 5710 1103 5764 Ex.
1138 5705 1708 5772 xxxtt,30-i6,3l-33.

1786 5704 1893 5758 "ll
1943 5705 2071 5760 Cor.
2124 5721 2221 5769 xu,
2254 5705 2308 5758 2.

2389 5705 2430 5737 ³⁹
2467 5703 2563 5760 Ex.
2620 5707 2814 5767 xxxiii,
2847 5702 2901 5761 9,
