4048 6212
410 210 509 273 μϐ
1614 204 1942 267 GEORGII

2087 203 2442 266 MARTOLI

3573 208 3676 275 185

408 324 585 394 magis
613 321 828 393 Moyses
858 334 965 372 non
1011 316 1247 371 cessavit
1298 333 1325 370 a
1377 316 1770 373 lamentatione
1821 333 1984 389 super

2089 332 2148 370 τε
2190 319 2283 371 καὶ
2337 316 2623 381 συνουσίας
2662 317 2901 389 ἐρημίαν
2952 318 3043 375 καὶ
3079 320 3337 389 μόνωσιν.
3376 320 3441 374 Εἰ
3488 323 3599 391 γᾶρ
3649 326 3678 378 ό

406 416 666 486 populum
698 427 874 479 usque
906 409 973 463 ad
1006 409 1127 463 vitae
1153 424 1267 467 sua:
1304 409 1486 473 tinem,
1540 420 1733 465 natura
1767 411 1884 480 ipsa
1915 413 1982 465 ad

402 512 639 579 gemitus
673 515 726 561 et
754 502 1089 559 desiderium
1133 512 1485 572 provocante.
1525 500 1748 555 Terram
1801 510 1981 557 autem

405 604 640 663 dulcem,
674 613 773 667 pro
799 612 907 667 qua
936 604 1015 651 tot
1042 605 1097 650 et
1126 604 1305 648 tantos
1345 595 1560 648 labores
1588 596 1981 660 exantlaverat,

406 694 605 746 vidisse
630 700 840 744 tantum
885 688 1099 759 procul,
1131 696 1316 742 etnon
1369 687 1677 741 obtinuisse
1705 693 1848 758 quod
1884 703 1982 756 ap-

404 785 658 851 petebat,
720 782 942 850 egregio
977 779 1107 835 huic
1143 788 1197 833 et
1246 779 1705 848 praestantissimo
1744 780 1979 849 pastori,

402 884 621 943 propter
650 872 836 943 populi
870 870 1299 927 inobedieutiam
1319 880 1374 924 et
1393 871 1678 935 duritiam,
1699 880 1753 923 et
1778 869 1981 939 ingenii

401 965 777 1037 asperitatem,
816 979 907 1019 res
962 979 1096 1018 sane
1156 963 1451 1017 durissima
1530 962 1647 1017 fuit.
1703 960 1804 1015 Ubi
1856 969 1983 1016 sunt

399 1062 567 1131 igitur
594 1059 721 1113 boni
755 1056 1049 1128 pastores?
1094 1055 1173 1111 illi
1216 1055 1399 1110 t‘orsan
1435 1054 1528 1124 qui
1577 1054 1833 1124 populum
1884 1070 1980 1121 pa-

402 1160 627 1207 scentes
656 1149 1024 1212 incredulum,
1050 1149 1201 1202 dura:
1230 1146 1896 1207 cervicis.intractabilem
1927 1154 1983 1198 et

400 1242 856 1298 contradictionis
884 1252 1183 1305 amantem,
1224 1242 1359 1294 nihil
1387 1257 1451 1294 ex
1491 1241 1722 1295 isterum
1776 1239 1981 1308 impro-

400 1339 569 1391 bitate
619 1350 677 1389 se
723 1349 845 1388 esse
886 1348 1153 1403 passuros
1210 1349 1319 1401 pne
1351 1333 1601 1386 ueritate
1639 1330 1977 1385 exisdmant.

402 1428 459 1483 Si
496 1428 642 1482 enim
677 1426 728 1480 in
764 1437 942 1480 mente
970 1441 1187 1495 seraper
1219 1425 1486 1479 haberent
1531 1439 1789 1492 magnum
1834 1423 1982 1478 hunc

399 1523 605 1585 virum,
637 1530 691 1574 et
720 1520 931 1589 justum
962 1517 1172 1571 Heliam
1213 1531 1490 1572 summum
1517 1514 1879 1578 sacerdotem,
1927 1522 1980 1567 et

396 1616 704 1683 cogitarent
750 1625 1200 1680 unumquemque
1246 1625 1460 1669 eorum,
1514 1608 1768 1675 quamvis
1794 1614 1981 1660 sancte

398 1707 671 1759 viventem
723 1711 778 1757 et
826 1700 1477 1772 gnbernantcmmialitia
1520 1708 1704 1752 tamen
1757 1698 1979 1753 illorum

396 1812 633 1867 quorum
664 1810 856 1850 curam
900 1800 1248 1860 susceperat,
1296 1806 1417 1846 esse
1459 1790 1977 1858 mortilicatum,gc-

398 1903 550 1942 mere
582 1896 634 1941 et
672 1897 909 1940 tremere
939 1883 1138 1938 merito
1168 1897 1272 1936 non
1299 1891 1604 1946 cessarent,
1664 1892 1825 1950 atque
1846 1881 1981 1934 alio-

399 1996 521 2035 rum
576 1993 763 2033 curam
838 1977 920 2029 vel
971 1976 1421 2045 deprecarentur,
1478 1975 1562 2028 vel
1621 1989 1745 2028 cum
1808 1973 1981 2027 nmlto

397 2074 598 2126 timore
632 2069 1023 2136 suscipientes,
1056 2067 1279 2121 assidue
1311 2066 1561 2136 lugerent
1593 2075 1646 2119 et
1673 2065 1983 2134 cogitarent

397 2168 466 2220 de
495 2164 704 2217 ratione
734 2159 1011 2216 reddenda
1039 2176 1207 2229 super
1236 2160 1367 2221 illis.
1419 2159 1574 2228 juxta
1610 2158 1978 2227 Apostolicam

397 2250 862 2312 exhortationem,
925 2258 1190 2318 utrosque
1234 2254 1571 2316 spectantem
1600 2247 1979 2303 etdicentem:

408 2362 426 2396 ι
458 2344 687 2399 Obedite
718 2342 1028 2413 prapositis
1068 2340 1286 2403 νιειτίς,
1320 2350 1376 2393 et
1401 2340 1683 2409 subjacctc
1716 2341 1797 2395 eis
1829 2358 1845 2407 ;
1878 2340 1982 2408 ipsi

399 2438 544 2492 enim
602 2435 927 2506 pervigilant
985 2433 1142 2504 quasi
1200 2432 1465 2486 rationem
1530 2446 1626 2502 pro
1687 2430 1981 2487 animabus

400 2530 600 2583 vestris
634 2526 922 2583 reddituri.
961 2545 979 2579 ο

2086 408 2215 471 λαὸς
2246 409 2549 478 ἐπένθησεν
2575 410 2739 464 αὐτὸν
2763 411 2975 482 ήμίρας
2999 408 3064 473 λ’,
3100 415 3254 483 πόσῳ
3286 414 3489 482 μᾶλλον
3520 411 3679 478 οὗτος

2086 502 2148 553 οὑ
2179 499 2385 554 διέλιπε
2419 500 2634 570 θρηνῶν
2668 499 2836 555 αὑτὸν
2860 503 3258 572 ἀκατασχέτως
3290 504 3457 574 μέχρι
3486 504 3678 568 τέλους

2087 590 2234 661 ζωῆς
2272 593 2462 657 αὐτοῦ,
2512 594 2849 664 φλεγόμενος
2912 599 3053 648 πάνυ
3106 597 3201 649 καὶ
3242 596 3532 664 σφαδάζων
3570 596 3679 651 ὑπὸ

2084 687 2183 755 τῆς
2208 689 2445 755 φυσικῆς
2475 687 2793 757 τυραννίδος
2826 686 2942 757 (6)!
2978 689 3087 741 Καὶ
3116 689 3178 740 τὸ
3198 685 3263 758 δὴ
3293 689 3513 741 πάντων
3543 690 3679 743 θαυο

2088 778 2441 846 μαστότερον,
2471 779 2553 833 ὅτι
2598 778 2693 831 καὶ
2734 780 2833 850 τὴν
2859 778 3240 848 περιπόθητον
3274 776 3402 847 γῆν.
3433 780 3578 850 ὑπὲρ
3605 776 3677 853 ἦς

2083 886 2145 922 τε
2167 869 2394 931 πολλοὺς
2419 872 2514 922 καὶ
2544 871 2814 941 φοϐεροὺς
2838 873 3037 942 ἀνέτλη
3072 871 3291 935 πόνους,
3314 870 3436 925 ιὸὼν
3469 874 3675 942 μακρό-

2085 962 2177 1016 θεν
2206 962 2299 1015 καὶ
2334 961 2597 1029 μειζόνως
2628 963 2880 1031 τρωθεὶς,
2903 963 3117 1034 ἀπῆλθε
3152 965 3227 1033 μὴ
3258 965 3456 1033 τυχὼν.
3485 970 3513 1018 ό
3537 967 3678 1017 Dau-

2086 1053 2283 1124 μάσιος
2301 1053 2410 1123 95
2428 1040 2523 1107 καὶ
2541 1054 2849 1126 πανάρετος
2871 1056 3096 1125 ποιμὴν,
3114 1056 3210 1108 τοῦ
3230 1056 3570 1124 σπουδαζομέ
3579 1072 3677 1109 νου

2084 1146 2170 1198 διὰ
2198 1147 2299 1217 τὴν
2324 1146 2614 1200 ἀπείθειαν
2643 1148 2738 1200 καὶ
2789 1148 3239 1220 σκληροκαρδίαν
3293 1148 3390 1201 καὶ
3440 1150 3680 1218 δυστροο

2085 1238 2215 1292 πίαν
2254 1237 2365 1291 τῶν
2399 1238 2883 1310 σπουδαζομένων.
2911 1240 3021 1294 Ποῦ
3046 1241 3142 1294 οὖν
3177 1242 3316 1294 εἰσιν
3354 1242 3402 1294 οἱ
3427 1241 3678 1311 ὲνάρετοι

2084 1329 2374 1400 ποιμένες;
2401 1331 2565 1394 Ἴσως
2592 1333 2687 1385 καὶ
2704 1332 2829 1385 λαὸν
2853 1331 3059 1392 ἀπειθῆ
3079 1334 3172 1386 καὶ
3190 1333 3328 1401 σκλη
3339 1332 3680 1404 ρπράχηλον

2083 1423 2177 1475 καὶ
2210 1422 2533 1490 δυσάγωγον
2558 1424 2676 1491 ἅμα
2708 1423 2802 1475 καὶ
2844 1422 3060 1488 ἀντίλογ
3072 1440 3133 1476 ον
3159 1424 3546 1493 ποιμαίνοντες
3578 1423 3681 1476 καὶ

2087 1514 2255 1586 μηδὲν
2288 1516 2353 1567 ὲκ
2406 1516 2504 1584 τῆς
2564 1514 2796 1568 ἐκείνων
2828 1516 3169 1585 φαυλότητος
3204 1515 3440 1584 οίόμενοι
3486 1514 3681 1567 κινδυ-

2084 1607 2256 1666 νῶδες
2315 1607 2546 1677 πάσχειν
2604 1610 2668 1660 ὲκ
2724 1608 3018 1676 παγκάκου
3076 1608 3271 1678 λήθης.
3325 1609 3387 1660 Ei
3436 1608 3545 1678 γὰρ
3596 1609 3685 1670 είς

2018 1678 2053 1729 Β
2087 1701 2299 1753 ἔννοιαν
2334 1697 2482 1769 εἶχον
2520 1699 2607 1751 ἀεὶ
2633 1699 2726 1753 τὸν
2755 1701 3004 1769 ἀοίδιμον
3031 1700 3203 1771 ἄνδρα
3236 1700 3427 1753 τοῦτον
3459 1700 3557 1752 καὶ
3585 1700 3691 1751 τὸν

2086 1790 2291 1845 δίκαιον
2327 1791 2590 1861 ἀρχιερέα
2640 1792 2782 1857 Ἦλὶ,
2844 1793 2937 1845 καὶ⁵
2998 1792 3147 1856 ὅπως
3195 1792 3462 1861 ἑκάτερος
3497 1791 3683 1843 αὐτῶν

2086 1884 2250 1947 ὁσίως
2303 1884 2397 1938 καὶ
2446 1884 2756 1953 ἀμέμπτως
2793 1884 3040 1954 βιοῦντες
3080 1886 3175 1939 καὶ
3204 1883 3681 1955 προστατεύοντες

2086 1978 2152 2029 ὲκ
2180 1978 2277 2046 τῆς
2307 1974 2416 2029 τῶν
2461 1976 2994 2046 προστατευομένων
3028 1978 3414 2030 ἐκινδύνευσαν
3451 1976 3686 2041 κακίας,

2083 2067 2185 2120 οὑκ
2233 2067 2299 2119 ἂν
2348 2067 2662 2120 ἐπαύσαντο
2691 2066 3021 2138 θρηνοῦντες
3050 2070 3144 2121 καὶ
3175 2069 3491 2139 φρίττοντες
3525 2067 3687 2120 εἰκό-

2083 2177 2191 2223 τως
2228 2160 2323 2213 κοιλ⁶
2375 2160 2473 2230 τὴν
2522 2161 2728 2227 ἐτέρων
2756 2161 3102 2231 προστασίαν
3141 2161 3174 2231 ἢ
3216 2160 3680 2232 παραιτούμενοι,

2086 2252 2119 2321 ἢ
2156 2251 2298 2319 μετά
2343 2251 2544 2304 πολλοῦ
2576 2251 2745 2320 φόϐου
2776 2252 2872 2305 καὶ
2904 2254 3113 2323 τρόμου
3144 2253 3534 2322 καθηγεῖσθαι,
3582 2250 3688 2303 καὶ

2084 2342 2352 2412 διηνεκῶς
2411 2343 2633 2396 πενθεῖν
2669 2346 2765 2397 καὶ
2815 2346 3124 2416 φροντίζειν
3153 2347 3409 2417 περὶτῆς
3450 2343 3687 2398 ἐκείνων

2086 2433 2387 2502 ἀπολογίας
2426 2436 2569 2488 κατά
2591 2436 2691 2505 τὴν
2720 2437 2853 2506 περὶ
2882 2437 2990 2489 τῶν
3026 2437 3357 2507 ἀμφοτέρων
3388 2433 3688 2489 ἀποστολι-

2087 2529 2192 2598 κὴν
2244 2531 2575 2600 παραίνεσιν
2618 2528 2718 2601 τὴν
2769 2530 3042 2598 λέγουσαν
3059 2530 3102 2562 ⁸⁷
3131 2544 3145 2559 ·
3187 2548 3205 2581 ι
3258 2526 3517 2583 Πείθεσθε
3561 2526 3685 2588 τοῖς

398 2622 725 2695 ἡγουμένοις
760 2622 912 2694 ὑμῶν
934 2621 1031 2676 καὶ
1051 2621 1339 2674 ὑπείκετε·
1383 2619 1538 2673 αὐτοὶ
1567 2620 1673 2692 γὰρ
1704 2620 2079 2692 ἀγρυπνοῦσιν
2109 2622 2249 2693 ὑπὲρ
2276 2622 2385 2676 τῶν
2420 2622 2611 2695 ψυχῶν
2642 2624 2795 2695 ὑμῶν
2826 2625 2902 2688 ὡς
2922 2624 3081 2693 λόγον
3110 2623 3511 2684 ἀποδώσοντες.
3548 2637 3569 2671 ι

476 2804 639 2875 Atqui
676 2802 722 2859 si
750 2803 885 2857 tales
940 2808 996 2855 et
1053 2800 1187 2855 tanti
1234 2800 1562 2869 populorum
1607 2809 1853 2855 rectores
1900 2800 1973 2855 ob

405 2898 667 2951 malitiam
745 2894 1119 2957 subditorum,
1190 2903 1247 2945 ut
1299 2894 1502 2947 dictum
1547 2902 1653 2957 est,
1702 2893 1985 2961 periclitati

2169 2802 2245 2873 (7)
2281 2804 2342 2857 El
2372 2803 2554 2857 τοίνυν
2581 2805 2630 2857 οἰ
2660 2802 2895 2858 τοιοῦτοι
2931 2804 3023 2857 καὶ
3072 2800 3381 2874 τηλικοῦτοι
3419 2800 3681 2871 καθηγη.

2094 2895 2185 2949 ταὶ
2210 2894 2300 2949 διὰ
2329 2894 2427 2966 τὴν
2481 2895 2590 2949 τῶν
2645 2895 3078 2966 καθηγουμένων
3112 2894 3441 2967 ὑποχειρίων
3470 2893 3687 2946 ἐκινδύ-

405 2999 555 3054 sunt,
588 2991 714 3058 quis
740 2989 954 3055 magnis
978 2996 1034 3041 et
1067 2987 1224 3041 vanis
1267 2986 1616 3042 sermonibus
1639 2986 1912 3055 jaetitabit
1932 3001 1984 3042 se

2093 3005 2316 3053 νευσαν,
2346 2987 2422 3051 ὡς
2453 2988 2803 3059 προείρηται,
2844 2988 3175 3060 μοχθηρίαν,
3228 2987 3311 3050 τίς
3369 2986 3509 3055 ὑπὲρ
3559 2985 3692 3037 τού-

403 3091 557 3137 evtra
586 3082 894 3150 periculum
932 3080 1070 3133 alios
1104 3093 1312 3147 regere,
1342 3080 1547 3133 oblitus
1575 3079 1803 3140 multos,
1857 3080 1986 3132 dum

416 3175 555 3227 ult-'1.
592 3174 734 3227 vires
759 3188 910 3234 suas,
933 3173 1132 3226 multos
1185 3170 1477 3228 inferiores
1531 3180 1585 3224 ct
1638 3181 1993 3226 contumaces

403 3268 614 3321 salvere
646 3274 941 3326 tentarent,
970 3266 1182 3332 seipsos
1211 3278 1333 3318 esse
1370 3264 1817 3332 perditos,——liei
1857 3263 1989 3317 milii

405 3359 610 3412 misero
639 3358 655 3410 1
685 3384 754 3395 -—-
778 3354 1078 3424 aliquando
1106 3354 1269 3407 etiam
1305 3354 1622 3422 turpissime
1668 3366 1719 3408 et
1752 3356 1991 3424 pessime

404 3448 687 3501 viventes?
716 3445 811 3499 Vir
834 3446 978 3499 enim
1013 3453 1239 3498 sanctus
1271 3445 1471 3513 aliquis
1500 3446 1678 3497 dixit:
1719 3463 1737 3495 ι
1776 3444 1892 3499 Non
1919 3447 1988 3499 ab

405 3539 664 3593 omnibus
702 3537 859 3591 nobis
910 3535 1189 3605 expetitur
1218 3545 1275 3591 ut
1304 3536 1582 3590 salvemus
1612 3536 1770 3602 alios,
1797 3537 1887 3590 sed
1920 3536 1989 3590 ab

408 3632 667 3685 Omnibus
746 3639 806 3682 ut
883 3627 1294 3697 nosmetipsos;
1346 3632 1491 3681 unde
1561 3627 1836 3697 discipulo
1889 3644 1989 3682 suo

401 3720 842 3789 Cliristopliorus
870 3728 979 3773 tam
1032 3718 1181 3788 gravi
1214 3732 1382 3787 opere
1428 3725 1483 3772 et
1542 3732 1797 3772 sermone
1852 3733 1986 3785 prte-

402 3812 620 3884 cipiens
648 3810 1102 3865 consolabundus
1138 3808 1354 3861 dicebat
1387 3824 1400 3860 :
1435 3825 1451 3857 ι
1498 3804 1578 3860 Ne
1611 3807 1985 3860 communica-

404 3906 551 3960 veris
582 3903 822 3975 peccatis
855 3903 1071 3957 alienis.
1108 3898 1186 3953 Te
1210 3899 1389 3969 ipsum
1441 3908 1649 3952 castum
1684 3897 1924 3963 custodi,
1963 3916 1980 3948 ι

403 4000 532 4070 quia
568 4014 668 4069 pro
700 3996 993 4064 temetipso
1026 3995 1296 4049 rationem
1328 3992 1439 4045 Deo
1486 3990 1705 4045 reddes.
1766 3989 1984 4061 Optimo

402 4092 524 4158 iure
556 4091 672 4144 lure
702 4088 916 4143 locutus
939 4099 1022 4142 cst
1056 4097 1109 4141 et
1134 4086 1545 4141 convenienter.
1563 4081 1781 4138 Sciebat
1839 4084 1981 4139 enim

404 4185 748 4256 Scripturam
786 4182 916 4236 illud
975 4190 1101 4236 ante
1134 4190 1386 4236 testatam
1440 4194 1561 4235 esse
1617 4176 1980 4248 apertissime,

404 4279 708 4334 dicentem:
738 4293 756 4328 ι
800 4274 1079 4341 Quantum
1103 4282 1277 4344 potes.
1311 4274 1456 4327 salva
1488 4270 1725 4325 animam
1761 4278 1931 4334 tuam,
1960 4287 1978 4321 ι

406 4371 792 4439 unusquisque
828 4370 1063 4434 scilicet,
1111 4385 1221 4425 nec
1268 4370 1431 4424 aliter
1476 4376 1580 4423 est.
1639 4364 1779 4420 Vere
1820 4363 1985 4435 igitur

402 4462 611 4527 justum
660 4471 745 4512 cst
778 4476 877 4513 nos
910 4462 1067 4516 valde
1118 4464 1307 4516 mirari
1365 4468 1460 4515 aut
1503 4460 1684 4530 potius
1734 4467 1986 4521 tremere,

404 4551 552 4621 quod
607 4551 869 4620 prapbeta
914 4563 967 4605 ct
1023 4556 1319 4622 legislator,
1376 4566 1431 4609 et
1471 4553 1561 4608 Dei
1604 4553 1889 4607 familiaris
1937 4560 1991 4606 et

408 4642 734 4700 cmlestibus
785 4643 1063 4712 mysteriis
1116 4644 1389 4704 initiatus,
1448 4653 1503 4695 et
1555 4644 1743 4696 multis
1787 4642 1990 4695 divinis

373 4793 379 4799 ,
408 4736 844 4794 charismatibtts
876 4734 1073 4805 dignus
1108 4735 1349 4803 izabitus,
1394 4733 1529 4787 etin
1583 4734 1815 4786 diversis
1870 4746 1995 4800 pro-

406 4832 569 4902 digiis
624 4828 716 4884 Dei
763 4828 1016 4883 minister
1077 4826 1278 4889 factus,
1337 4825 1544 4877 electus
1596 4830 1880 4889 praeterea.
1935 4830 1994 4874 ut

405 4922 614 4978 dictum
639 4931 749 4984 est,
784 4919 850 4973 ad
879 4919 1322 4988 compatiendum
1352 4914 1551 4985 populo
1577 4910 1676 4966 'Dei
1708 4919 1787 4966 tot
1817 4925 1993 4966 annos

407 5025 758 5081 peccatorum
798 5011 1011 5065 fructus
1040 5009 1399 5079 decerpsisse;
1421 5005 1615 5060 deinde
1640 5014 1765 5072 post
1787 5002 1989 5059 multas

411 5122 710 5171 munmas,
744 5106 980 5166 labores.
1010 5103 1311 5165 molestias,
1347 5100 1672 5162 certamina,
1734 5094 1988 5160 sudores,

410 5199 762 5263 tentatiunes,
834 5198 1243 5259 tribulationes.
1307 5212 1430 5251 cum
1486 5194 1676 5246 leviter
1721 5197 1989 5255 errasset,

2090 3097 2186 3133 του
2212 3082 2561 3151 καυχήσηται
2589 3080 2998 3151 φανταζόμενος
3027 3079 3060 3151 ἢ
3095 3078 3559 3147 ἀλαζονευόμενος
3582 3077 3688 3129 καὶ

2090 3171 2393 3235 ἀκινδύνως
2424 3173 2522 3243 τὴν
2552 3173 2852 3242 ἠγεμονίαν
2897 3169 3268 3241 μεγαλαυχῶν
3312 3169 3409 3222 καὶ
3457 3182 3688 3237 ματαιο-

2090 3266 2315 3337 λογήσει
2349 3268 2625 3337 φανερῶς,
2658 3269 3077 3339 ἀμνημονήσας,
3105 3267 3188 3318 ὅτι
3227 3264 3417 3317 πολλοὶ
3452 3260 3687 3323 πολλοὺς

2090 3359 2493 3430 ἁφελεστέρους
2525 3361 2619 3412 καὶ⁵
2662 3359 2971 3417 δυσπειθεῖς
3004 3360 3272 3411 διασῶσαι
3319 3354 3685 3425 πειραθέντες

2094 3450 2236 3519 ὑπὲρ
2262 3451 2359 3521 τὴν
2396 3451 2552 3520 ἰσχὺν
2586 3451 2794 3516 αὐτῶν,
2825 3453 2921 3505 καὶ
2970 3452 3202 3513 ἑαυτοὺς
3240 3449 3688 3519 προσαπώλεσαν

2092 3571 2159 3581 --
2192 3543 2339 3612 οἴμοι
2370 3542 2447 3612 τῷ
2501 3544 2756 3611 ὲλεεινῷί
2793 3573 2859 3584 —
2888 3542 3003 3595 ἐσθ’
3033 3544 3121 3595 ὅτε
3154 3544 3245 3595 καὶ
3268 3544 3553 3608 αἴσχιστον
3583 3540 3689 3592 καὶ

2090 3632 2352 3685 κάκιστον
2406 3633 2521 3701 βίον
2554 3633 2838 3703 βιοῦντες;
2891 3634 3088 3697 Ἀλλος
3135 3633 3235 3703 μὲν
3288 3633 3403 3703 γὰρ
3432 3632 3537 3698 ἔφη
3568 3629 3686 3682 τῶν

2088 3721 2252 3774 ὁσίων
2279 3722 2491 3792 ἀνδρῶν
2513 3738 2526 3751 ·
2563 3741 2582 3775 ι
2622 3725 2685 3776 οὐ
2714 3725 2916 3787 πάντες
2936 3724 3324 3794 ἁπαιτοὺμεθα
3360 3724 3530 3777 σῶσαι
3558 3722 3691 3774 ἑτέ-

2092 3830 2241 3885 ρους,
2272 3814 2502 3878 ἑαυτοὺς
2531 3816 2585 3868 δὲ
2616 3816 2842 3880 πάντες,
2884 3837 2902 3869 ι
2942 3818 3064 3871 ὅθεν
3099 3816 3193 3871 οὗν
3224 3816 3413 3870 λοιπὸν
3475 3813 3685 3883 καὶτῷ

2091 3905 2305 3976 μαθητῇ
2334 3907 2497 3959 αὖτῦῦ
2522 3908 2549 3959 ὁ
2573 3909 2947 3979 Χριστοφόρος
2970 3910 3047 3979 τῷ
3067 3911 3211 3979 (l9b)
3233 3908 3458 3978 τοιούτῳ
3472 3905 3691 3975 δυνατῷ

2087 4000 2233 4070 ἔργῳ
2268 4002 2363 4053 καὶ
2384 4000 2529 4069 λόγῳ
2554 4003 2954 4071 παραγγέλλων
2986 4007 3079 4058 καὶ
3096 4004 3531 4073 ἀσφαλιζόμενος
3554 3999 3692 4067 ἔφα-

2089 4107 2185 4143 σκε
2206 4091 2251 4123 ’⁸
2273 4107 2285 4122 ο
2326 4110 2344 4143 ι
2373 4092 2464 4162 Μὴ
2480 4098 2729 4146 κοινωνει
2760 4094 3060 4163 ἁμαρτίαις
3081 4094 3387 4163 ἀλλοτρίαις
3411 4109 3423 4122 ·
3457 4090 3692 4143 σεαυτὸν

2087 4183 2250 4249 ἁγνὸν
2276 4187 2453 4254 τήρει,
2488 4186 2649 4237 »διότι
2675 4186 2813 4256 ὑπὲρ
2842 4186 3038 4239 ἑαυτοῦ
3062 4186 3219 4254 λόγον
3235 4187 3429 4248 δώσεις
3448 4182 3521 4253 τῷ
3538 4180 3687 4251 Θεῷ,

2092 4278 2199 4330 Καὶ
2219 4277 2363 4348 μάλα
2385 4295 2447 4346 γε
2484 4277 2709 4342 εἰκότως
2728 4279 2833 4348 ἔφη
2854 4279 3018 4331 τοῦτο
3048 4281 3145 4332 καὶ
3163 4280 3285 4332 λίαν
3309 4274 3643 4345 προσφόρους
3674 4292 3689 4306 ⁸

2091 4368 2208 4440 ⁴ᾔδει
2232 4368 2367 4439 γὰρ,
2399 4369 2534 4439 am}
2562 4368 2756 4439 Γραφὴ
2782 4370 2936 4422 τουτὶ
2960 4367 3477 4440 προμεμαρτύρηκε
3513 4363 3693 4431 σαφέ-

2094 4444 2532 4528 σταταλέγουσα
2550 4460 2594 4492 ⁹⁹
2622 4476 2636 4491 ⁶
2690 4476 2709 4511 ι
2748 4460 2947 4524 Σώζων
2992 4461 3134 4524 σῶζε
3170 4460 3268 4530 τὴν
3304 4457 3530 4511 σεαυτοῦ
3580 4456 3696 4524 ψυ-

2091 4549 2214 4619 χὴν,
2254 4569 2271 4600 ι
2307 4552 2540 4613 ἕκαστος
2564 4547 2860 4619 δήπουθεν
2887 4551 2982 4601 καὶ
3005 4548 3229 4610 ἀλλοίως
3260 4547 3361 4599 οὐκ
3391 4544 3563 4597 ἔστιν.
3605 4540 3695 4611 (8)

2097 4642 2283 4704 ’Δξιον
2306 4641 2487 4693 τοίνυν
2520 4640 2761 4711 ἀληθῶς,
2793 4640 3001 4711 σφόδρα
3036 4638 3317 4709 θαυμάσαι
3354 4641 3449 4690 καὶ
3481 4635 3695 4705 μᾶλλον

2095 4731 2414 4802 φρίξαι.ὃτι
2468 4733 2564 4786 καὶ
2622 4735 2913 4805 προφήτης
2948 4732 3042 4786 καὶ
3089 4732 3391 4800 νομοθέτης
3423 4731 3517 4783 καὶ
3567 4728 3695 4781 θεό-

2096 4839 2237 4890 πτης
2268 4822 2382 4894 96
2412 4826 2507 4878 καὶ
2525 4824 2946 4896 οὐρανομύστης
2974 4825 3071 4878 καὶ
3099 4823 3311 4876 πολλῶν
3347 4822 3508 4874 θείων
3532 4835 3665 4888 χαρι
3684 4849 3698 4860 ο

2099 4914 2323 4983 σμάτων
2356 4914 2620 4979 ἀξιωθεὶς
2657 4917 2755 4970 καὶ
2800 4917 3079 4986 διαφόρων
3112 4914 3451 4985 τεραστείων
3486 4910 3696 4981 ὑπηρέ-

2096 5023 2199 5077 της
2229 5006 2525 5076 γενόμενος
2552 5009 2646 5061 καὶ
2679 5010 2863 5078 μέντοι
2897 5011 2993 5062 καὶ
3012 5010 3089 5076 τῷ
3118 5009 3233 5076 λαῳ
3263 5005 3358 5059 τοῦ
3389 5004 3523 5058 Θεοῦ
3548 5003 3696 5057 κατά

2098 5100 2159 5151 τὸ
2188 5099 2478 5169 εἰρημένον
2500 5099 2754 5169 ἑλόμενος
2786 5099 3289 5169 συγκακουχεῖσθαι
3324 5096 3559 5150 τοσαῦτα
3594 5095 3694 5164 ἔτη

2098 5188 2132 5258 ἢ
2161 5186 2500 5259 πρόσκαιρον
2529 5189 2675 5259 ἔχειν
2710 5189 2992 5260 ἁμαρτίας
3022 5188 3350 5251 ἀπόλαυσιν,
3388 5184 3505 5239 εἶτα
3545 5186 3696 5254 μετὰ

1627 5426 1829 5487 Varia:
1872 5423 2182 5488 lectiones
2227 5427 2289 5483 et
2325 5430 2516 5485 notae.

479 5622 525 5654 "
551 5616 713 5674 Ilebr.
752 5631 870 5677 xm.
912 5618 994 5669 Π.

1074 5619 1117 5647 ’³
1145 5618 1162 5669 l
1193 5617 1333 5671 Tim.
1363 5632 1411 5675 ν,
1443 5619 1543 5677 ‘29.;
1581 5615 1651 5670 t'l'.
1683 5614 1816 5670 lleb.
1882 5631 2001 5675 xm.
2048 5614 2133 5667 l7.

2243 5612 2287 5643 ⁹⁹
2327 5610 2461 5665 Gen.
2511 5624 2625 5673 xu,
2665 5606 2749 5662 l7.
