4048 6212
317 214 415 279 185

1526 225 1988 299 CHRONICON.
2032 263 2102 277 -·-
2138 244 2286 305 LIB.
2334 244 2381 305 Ι.

3472 257 3579 314 186

306 332 427 394 τοὺς
483 332 721 398 πολλὼς
756 335 1004 400 ἐκείνους
1040 339 1323 410 διαύλους,
1376 346 1471 399 καὶ
1521 348 1741 413 πόνους,
1802 368 1869 403 κα

2009 355 2095 412 hic
2127 373 2232 423 vrr,
2289 362 2439 415 omni
2501 361 2687 416 divina
2747 362 2948 418 virtute
2993 375 3238 430 ornatus,
3290 367 3581 438 clarusque

306 425 529 488 κόπους,
561 428 659 479 καὶ
685 427 933 494 ἀγῶνας,
975 432 1073 485 καὶ
1122 433 1379 505 ἱδρῶτας,
1418 438 1518 491 καὶ
1551 443 1897 511 πειρασμοῦς

306 512 394 563 καὶ
450 511 693 581 θλίψεις.
723 514 815 568 διὰ
872 518 1082 588 μικρὰν
1132 522 1516 594 πλημμέλειαν
1546 529 1841 602 διήμαρτε,
1870 536 1897 585 ὁ

303 606 479 675 πάσης
509 608 719 675 ἀρετῆς
765 608 955 663 ινθέου
987 618 1410 686 κεκοσμημένος
1453 622 1547 674 καὶ
1576 622 1898 695 λελάμπρυ-

304 697 495 765 σμένος
514 700 611 751 καὶ
622 698 772 769 ἔργῳ
795 700 891 754 καὶ⁵
908 701 1071 772 λόγῳ,
1097 704 1197 774 τῆς
1212 708 1636 783 ἐπηγγελμένης
1653 714 1894 783 ἐλπίδος,

301 789 388 840 καὶ
408 788 515 858 τῆς
544 789 639 843 διὰ
661 793 677 823 ⁸
709 791 818 844 τῶν
863 795 1139 849 τοσούτων
1185 799 1398 868 χρόνων
1450 804 1895 874 ἁποκαραδοκου-

301 881 471 947 μένης
534 885 631 934 καὶ
675 882 1018 957 βλεπομένης
1065 890 1308 957 ἐφέσεως
1355 894 1663 965 καθέστησε
1718 898 1888 963 ξένος.

296 972 462 1024 Βαδαὶ
514 975 613 1027 τοῦ
655 976 940 1048 θαύματος
973 980 1065 1033 καὶ
1100 981 1197 1051 τῆς
1240 984 1334 1037 τοῦ
1373 985 1510 1040 Θεοῦ
1539 988 1607 1041 τὰ
1632 990 1761 1060 περὶ
1792 991 1893 1061 τῆς

296 1064 403 1116 τῶν
464 1067 646 1131 ἁγίων
709 1068 941 1140 πράξεις
990 1073 1087 1126 καὶ
1136 1075 1326 1143 ῥήσεις
1375 1078 1761 1149 ἀκριϐολογίας
1794 1083 1891 1135 καὶ

292 1156 614 1223 ἐξετάσεως·
638 1161 837 1230 ἀληθὲς
875 1165 1003 1234 γὰρ,
1028 1166 1113 1219 ὅτι
1132 1185 1150 1219 ι
1175 1167 1446 1237 Ὀλίγοιοὶ
1482 1171 1785 1240 σωζόμενοι
1805 1176 1826 1206 ³
1865 1193 1885 1226 ι

290 1250 378 1301 καὶ
414 1270 435 1303 ‹
478 1253 734 1306 Βιαστὼν
755 1257 904 1308 ἐστιν
932 1258 965 1327 ή
992 1255 1244 1326 βασιλεία
1272 1261 1381 1314 τῶν
1426 1263 1694 1335 οὐρανῶν,
1740 1286 1759 1317 ι
1794 1270 1885 1320 καὶ

289 1344 523 1398 Busta!
560 1346 906 1415 ἁρπάζουσιν
929 1350 1128 1421 αὑτήν*
1168 1370 1187 1404 ι
1221 1383 1291 1396 --
1317 1355 1550 1428 ἐπείπερ
1588 1358 1711 1411 οὐδὲ
1754 1359 1887 1429 ὄφε-

285 1436 371 1489 λον
391 1437 413 1467 ⁸
446 1437 555 1507 τῆς
587 1442 1078 1512 προειργασμένης
1118 1444 1473 1517 δικαιοσύνης
1498 1450 1592 1503 καὶ¹
1613 1452 1713 1522 τῆς
1752 1471 1888 1522 προ-

286 1528 566 1600 λαδούσης
619 1532 757 1600 πρὸς
808 1532 943 1586 Θεὸν
975 1534 1311 1601 οίκειώσεως
1344 1539 1438 1593 τοῦ
1489 1542 1701 1596 δικαίου
1741 1548 1884 1615 παῤ-

288 1620 505 1688 ρησίας,
528 1623 580 1675 εί
605 1623 681 1694 μὴ
714 1623 1009 1694 σύμφωνον
1037 1631 1135 1698 τῆς
1170 1631 1375 1702 ἀρετῆς
1422 1634 1516 1686 καὶ
1544 1636 1883 1706 κατάλληλον

2006 448 2235 507 eﬂ'ectus
2272 461 2326 508 et
2356 469 2521 519 opere
2547 464 2602 510 et
2626 456 2817 519 verbo,
2860 458 3185 514 annuntiata
3224 476 3320 528 spe
3345 471 3398 514 et
3447 472 3580 516 voto

2004 543 2208 598 tamdiu
2237 554 2440 601 attente
2462 557 2778 617 exspectato
2807 551 3002 605 caruit.
3057 549 3170 605 Hoc
3217 551 3415 605 mirttnt
3447 568 3581 607 sane

2001 635 2149 690 sicut
2202 646 2255 690 et
2293 638 2385 692 Dei
2445 654 2636 694 severa
2682 650 2737 695 et
2792 653 3048 695 accurata
3095 643 3386 712 inquisitio
3432 648 3577 696 circa

2001 726 2140 782 facta
2180 738 2234 783 et
2262 730 2408 784 dicta
2447 734 2801 786 sanctorum!
2839 731 2976 786 Vere
3007 734 3159 786 enim
3224 751 3243 783 ι
3280 734 3435 802 pauci
3483 736 3575 803 qui

2000 819 2285 874 salvantur
2324 840 2343 873 ι
2386 832 2440 876 et
2471 840 2490 874 ι
2521 822 2630 877 vim
2681 824 2886 894 patitur
2925 839 3151 893 regnum
3202 825 3468 879 cmlorum
3525 833 3581 878 et

1998 909 2220 964 violenti
2263 912 2481 977 rapiunt
2507 912 2661 972 illud.
2699 931 2720 964 ι
2784 913 3045 980 quoniam
3084 929 3149 966 ne
3184 912 3415 981 pristina
3444 914 3576 982 qui-

1997 1000 2121 1055 dem
2170 1002 2408 1070 justitia,
2465 1019 2567 1060 nec
2597 1020 2721 1059 cum
2766 1006 2874 1060 Deo
2928 1004 3271 1059 familiaritas
3322 1005 3575 1059 ﬁduciam

1992 1095 2143 1164 justo
2174 1098 2304 1151 dare
2330 1107 2582 1165 possunt,
2614 1098 2721 1153 nisi
2754 1098 2877 1153 ﬁnis
2902 1098 3197 1154 accesserit
3217 1098 3404 1152 virtuti
3440 1113 3575 1151 con-

1994 1204 2163 1242 sonus
2195 1200 2248 1243 et
2282 1205 2581 1258 congruus.
2643 1200 2702 1245 ut
2749 1206 2978 1261 magnus
3008 1190 3097 1245 hic
3130 1202 3184 1245 et
3234 1190 3576 1246 admirahilts

1997 1279 2086 1334 Dei
2123 1296 2337 1347 servus,
2398 1294 2452 1337 et
2494 1283 2701 1351 justior
2754 1297 2919 1349 quam
2973 1282 3180 1336 homini
3229 1282 3409 1345 datur,
3453 1297 3577 1351 per-

1992 1374 2183 1442 spicue
2256 1375 2681 1431 demonstravit.
2757 1374 2919 1439 llinc,
2992 1388 3053 1429 ιιι
3114 1374 3352 1439 videtur,
3389 1376 3575 1444 justus

1984 1466 2152 1533 judex
2205 1478 2352 1521 recte
2390 1468 2528 1521 dixit
2579 1482 2675 1537 per
2722 1466 3095 1535 prophetam:
3133 1483 3153 1517 ι
3193 1465 3249 1520 Si
3297 1465 3483 1535 justus
3542 1482 3573 1518 a

1984 1558 2196 1624 justitia
2232 1572 2331 1611 sua
2366 1573 2596 1613 aversus
2630 1558 2814 1623 fuerit,
2867 1568 2921 1612 et
2966 1556 3159 1611 fis-cerit
3208 1557 3570 1625 iniquitatem,

1987 1660 2178 1700 omnes
2206 1646 2450 1715 justitize,
2482 1663 2623 1716 quas
2656 1645 2805 1709 fecit,
2847 1662 2954 1700 non
2981 1657 3139 1700 erunt
3188 1647 3242 1701 in
3283 1647 3571 1700 hominum

287 1716 599 1786 ἀπαντήσει
628 1718 689 1770 τὸ
717 1719 871 1783 τέλος
916 1722 995 1785 ὡς
1042 1722 1071 1774 ὁ
1112 1724 1289 1793 μέγας
1333 1721 1489 1790 οὗτος
1527 1731 1625 1783 καὶ
1653 1730 1875 1799 άξιάγα-

1984 1739 2270 1804 memoria,
2302 1740 2394 1793 sed
2426 1740 2477 1792 in
2524 1749 2745 1808 peccato
2786 1755 2887 1793 suo
2937 1738 3244 1807 morietur;
3289 1757 3308 1791 ι
3345 1748 3398 1792 et
3430 1759 3449 1791 ι
3483 1740 3574 1808 ju-

288 1825 405 1869 στος
437 1809 707 1881 θεράπων
737 1813 828 1867 καὶ
861 1815 1000 1887 ὑπὲρ
1032 1816 1325 1887 ἄνθρωπον
1371 1820 1583 1886 δίκαιος
1630 1824 1880 1895 ἐναργῶς

286 1901 590 1966 ἀπέδειξεν.
624 1904 959 1967 Κάιιτεῦθεν.
1012 1908 1088 1970 ὡς
1134 1910 1336 1974 ἔοικεν,
1381 1914 1409 1965 6
1444 1912 1657 1977 δίκαιος
1684 1916 1879 1986 κριτὴς

283 1993 512 2057 εἰκότως
538 1994 645 2065 ἔφη
689 1996 779 2049 διὰ
826 1999 923 2052 τοῦ
952 2002 1267 2069 προφήτου·
1312 2023 1331 2055 ι
1364 2004 1458 2057 Ἐν
1499 2007 1575 2076 τῷ
1606 2010 1881 2075 ἀποστρέ-

280 2084 421 2151 ψαιδ
449 2085 665 2139 δίκαιον
700 2088 765 2141 ὲκ
803 2088 904 2153 τῆς
932 2090 1283 2161 δικαιοσύνης
1313 2095 1481 2148 αὐτοῦ
1516 2099 1611 2149 καὶ
1662 2100 1877 2169 ποιήσει

281 2174 524 2237 ἀδικίαν,
564 2178 741 2231 πᾶσαι
773 2180 828 2232 ai
856 2180 1199 2237 δικαιοσύναι
1234 2186 1423 2252 αὑτοῦ,
1474 2187 1541 2250 ἃς
1594 2190 1871 2258 ἐποίησεν,

279 2264 340 2316 οὐ
406 2266 485 2333 μὴ
552 2266 907 2335 μνησοῶσιν,
965 2270 1083 2324 ἀλλ’
1124 2274 1183 2327 ὲν
1237 2278 1304 2345 τῇ
1362 2278 1659 2349 ἁμαρτίᾳ⁸
1708 2280 1875 2333 αὑτοῦ

278 2356 664 2409 ἀποθανεῖται·
705 2377 724 2410 ι
762 2361 855 2413 καὶ
892 2380 911 2412 ι
956 2362 1277 2436 δικαιοσύνη
1331 2367 1546 2422 δικαίου
1578 2372 1639 2422 οὖ
1676 2372 1750 2441 μὴ
1785 2373 1875 2437 ἐξ·

276 2448 487 2501 ἔλεῑται
532 2449 697 2502 αὑτὸν
750 2451 809 2503 ἐν
862 2446 989 2526 ᾖᾶν
1026 2457 1212 2527 ἡμέρᾳ
1241 2460 1543 2529 πλανηθῇ..
1580 2463 1723 2531 Ὅρα
1765 2466 1873 2533 γὰρ

274 2542 427 2602 ὅπως
456 2540 587 2593 οὔτε
620 2542 688 2595 τὰ
719 2545 779 2597 ὲν
807 2544 1087 2607 τοσούτοις
1112 2548 1260 2603 ἔτεσι
1292 2552 1385 2603 τοῦ
1409 2553 1690 2617 Μωῦσέως
1722 2555 1873 2607 πλεῖ-

275 2648 378 2684 στα
400 2635 502 2685 καὶ
531 2634 768 2705 διάφορα
797 2639 892 2690 καὶ
926 2641 1068 2708 ὑπὲρ
1097 2640 1255 2709 λόγον
1281 2644 1657 2714 άριστεύματα
1689 2649 1782 2701 καὶ
1816 2650 1872 2700 at

275 2729 536 2795 συνεχεῖς
598 2730 739 2795 μετὰ
797 2730 975 2783 ταῦτα
1029 2731 1243 2804 δεήσεις
1296 2736 1393 2788 καὶ
1453 2737 1730 2807 ἱκετηρίαι
1777 2740 1871 2791 τὸν

270 2819 409 2872 Θεὸν
470 2820 874 2891 ὲδυσώπησανσ
912 2822 1035 2877 οὔτε
1072 2825 1181 2896 μὴν
1229 2829 1263 2897 ή
1314 2828 1667 2898 προλαϐοῦσα
1719 2832 1874 2901 τηλι-

269 2912 454 2985 καύτη
488 2916 583 2968 καὶ
610 2916 847 2988 τοσαύτη
879 2917 1007 2982 δόξα
1033 2935 1096 2971 τε
1132 2920 1227 2972 καί⁵
1253 2923 1530 2986 οἰκείωσις
1557 2925 1651 2977 καὶ
1691 2941 1869 2994 προσ-

266 3006 425 3075 εδρίιι
476 3009 560 3070 είς
606 3004 791 3061 οἶκτον
852 3010 948 3062 καὶ
1014 3011 1350 3082 συγγνώμην
1402 3014 1496 3066 τοῦ
1549 3016 1870 3085 σφάλματος

265 3100 693 3153 ἐπισπάσασθαι
734 3101 826 3153 τὸν
868 3102 1002 3154 Θεὸν
1027 3104 1335 3172 τηνικαῦτα
1376 3106 1661 3174 δεδύνηται
1696 3109 1784 3162 διὰ
1809 3110 1871 3162 τὸ

270 3193 515 3259 μέγεθος
540 3193 638 3246 τοῦ
669 3194 1005 3264 ἀξιώματος.
1040 3195 1279 3267 Εὔδηλον
1307 3199 1389 3251 ὅτι
1418 3201 1558 3252 κατά
1591 3202 1684 3254 τὸν
1715 3202 1873 3255 Σολο-

267 3283 468 3351 μῶντα
504 3303 521 3334 ι
562 3286 749 3356 κρίσις
780 3287 1057 3356 ἀπότομος
1096 3290 1154 3341 ἐν
1189 3292 1304 3351 τοίς
1351 3290 1690 3361 ὑπερέχουσι
1724 3295 1871 3361 γίνε-

264 3376 439 3429 tat“.
482 3393 503 3427 ι
581 3378 679 3428 καὶ
739 3396 757 3429 ι
800 3382 913 3441 τοῖς
968 3383 1258 3449 κραταιοῖς
1318 3383 1517 3451 ἰσχυρὰ
1579 3385 1869 3452 ἐφίσταται

267 3466 496 3535 ἔρευνα.
535 3488 555 3518 ι
591 3468 667 3537 (9)
700 3468 957 3522 Διδάσκει
980 3472 1036 3523 δέ
1065 3489 1127 3539 γε
1154 3473 1245 3526 διὰ
1273 3474 1482 3527 τούτων
1505 3478 1655 3544 ἡμᾶς
1685 3479 1713 3528 6
1736 3477 1869 3542 Θεὸς

268 3558 345 3620 ὡς
374 3561 507 3622 τοὺς
565 3564 624 3613 ἐν
679 3563 850 3633 ἀρετῇ
886 3564 1130 3628 τελείους
1163 3567 1264 3636 τὴν
1298 3567 1590 3637 ἀκρίϐειαν
1620 3571 1865 3633 ἀπαιτεῖ,

266 3649 375 3719 97
409 3652 509 3704 καὶ
536 3656 652 3716 τοῖς
680 3654 866 3717 ἄλλοις
906 3656 1217 3726 ἀνθρώποις
1253 3660 1465 3727 μεγάλα
1489 3664 1866 3732 παρανομοῦσι

270 3743 673 3813 μακροθυμῶν,
706 3748 820 3807 τοῖς
850 3747 1029 3813 ἁγίοις
1052 3749 1186 3817 (20')
1218 3749 1423 3819 ταύτης
1449 3753 1511 3805 ού
1542 3754 1865 3821 μεταδίδωσι

266 3832 366 3899 τῆς
407 3835 753 3904 συγγνώμης
772 3839 813 3869 ⁷ο
832 3839 998 3891 ’Ὅθεν
1022 3841 1049 3892 ὁ
1074 3842 1174 3910 μὲν
1192 3842 1447 3912 Σολομὼν
1478 3842 1633 3907 αὖθίς
1661 3862 1828 3915 φησιν
1846 3864 1861 3878 ·

276 3941 295 3973 ε
339 3926 398 3976 Ὀ
432 3929 538 3993 μὲν
576 3927 687 3995 γὰρ
739 3928 1027 3998 ἐλάχιστος
1074 3931 1427 3999 σύγγνωστός
1460 3938 1612 3988 ἐστιν
1645 3937 1854 4001 ἐλέους,

265 4017 488 4069 δυνατοὶ
524 4018 588 4069 δὲ
618 4019 863 4083 δυνατῶς
886 4023 1290 4093 ὲτασθήσονται
1312 4042 1328 4057 ·
1370 4045 1388 4077 ι
1423 4028 1451 4079 6
1479 4028 1537 4079 δὲ
1574 4028 1781 4099 Κύριος
1800 4030 1821 4062 ⁸
1845 4046 1862 4063 ·

272 4101 369 4177 «ᾯ
402 4111 510 4177 μὲν
544 4112 658 4180 γὰρ
707 4113 889 4181 ὀλίγον
941 4116 1120 4187 ἐδόθη.
1159 4118 1356 4188 φησὶν,
1386 4120 1570 4189 ὀλίγον
1622 4124 1867 4194 ἀπαιτή-

268 4215 420 4253 σουσι
454 4201 597 4273 παρ’
626 4205 792 4258 αὑτοῦ
815 4223 829 4237 ο
866 4201 909 4275 ᾧ
931 4209 987 4261 δὲ
1013 4210 1171 4274 πολὺ,
1206 4212 1341 4265 πολὺ
1372 4216 1470 4267 καὶ
1497 4215 1863 4285 ἀπαιτήσουσι

266 4295 394 4362 παρ’
433 4294 642 4349 αὐτοῦ.
700 4314 718 4348 ι
751 4327 824 4338 -
870 4299 1083 4353 Οὐκοῦν
1116 4301 1377 4373 εὔκαιρον
1404 4307 1621 4357 εἰπεῖν’
1648 4322 1663 4338 ο
1716 4325 1735 4358 ι
1792 4304 1863 4360 Ὦ

1985 1831 2133 1885 stitia
2155 1831 2291 1900 justi
2323 1848 2429 1884 non
2463 1830 2717 1885 liberabit
2740 1847 2862 1884 etim
2894 1831 2949 1883 in
2981 1845 3308 1900 quacunque
3335 1830 3423 1885 die
3442 1846 3572 1900 pec-

1984 1924 2213 1978 caverit.
2252 1943 2269 1975 »
2297 1922 2415 1977 Jam
2459 1924 2579 1977 vide
2612 1923 2891 1993 quomodo
2923 1934 3035 1976 tam
3082 1924 3249 1977 multa
3280 1932 3335 1977 et
3369 1932 3446 1977 tot
3469 1937 3570 1975 an-

1985 2033 2179 2070 norum
2213 2016 2414 2088 Moysis
2449 2017 2590 2071 facta
2643 2018 2768 2086 plus
2811 2032 2973 2085 quam
3029 2020 3287 2075 humana.
3332 2025 3387 2070 et
3438 2032 3573 2071 con-

1981 2108 2148 2163 tinum
2220 2109 2500 2163 orationes
2551 2116 2605 2163 et
2659 2109 3085 2178 supplicationes
3132 2110 3297 2163 Deum
3351 2109 3568 2175 placare

1980 2197 2205 2253 minime
2279 2210 2595 2268 potuerunt,
2670 2216 2850 2269 neque
2929 2202 3257 2255 antecedens
3322 2201 3562 2254 maxima

1978 2288 2149 2360 gloria
2181 2301 2233 2344 et
2280 2292 2652 2355 familiaritas,
2710 2302 2765 2346 et
2821 2294 2964 2361 apud
3000 2292 3169 2346 Deum
3206 2295 3569 2347 commoratio

1978 2383 2045 2438 ad
2071 2384 2504 2439 misericordiam
2534 2394 2588 2439 et
2616 2386 2829 2439 veniam
2856 2385 3065 2453 peccati
3090 2386 3366 2438 attrahere
3395 2386 3563 2438 Deum

1979 2491 2084 2530 non
2106 2477 2396 2530 valuerunt
2428 2485 2647 2546 propter
2675 2477 2800 2531 facti
2832 2476 3287 2544 magnitudinem.
3312 2476 3565 2529 Profecto

1978 2568 2144 2638 igitur
2170 2569 2327 2638 juxta
2373 2568 2730 2624 Salomonem
2764 2587 2776 2621 :
2818 2588 2837 2619 ι
2866 2567 3140 2622 Judicium
3184 2582 3437 2621 Severum
3478 2568 3567 2621 his

1977 2662 2070 2730 qui
2108 2661 2375 2732 dignitate
2402 2663 2668 2727 eminent,
2695 2663 3009 2724 adhibetur,
3065 2673 3117 2715 et
3157 2661 3392 2715 fortibus
3422 2661 3560 2713 dura

1978 2754 2230 2807 imminet
2280 2754 2588 2823 inquisitio.
2630 2772 2648 2805 ι
2685 2753 2780 2809 His
2819 2769 3038 2823 quoque
3086 2768 3187 2808 nos
3225 2753 3382 2806 docet
3418 2751 3563 2805 Deus

1977 2863 2037 2902 se
2069 2860 2343 2901 summam
2378 2847 2663 2915 postulare
2692 2847 3033 2915 diligentiam
3067 2845 3137 2897 alt
3179 2845 3247 2898 iis
3288 2846 3382 2912 qui
3433 2859 3558 2912 per-

1975 2937 2180 2994 tectam
2214 2938 2474 2991 virtutem
2524 2936 2881 3005 proﬁtentur,
2928 2944 2983 2986 et
3012 2934 3143 2985 dum
3196 2940 3426 2983 caeteros
3459 2931 3561 2983 ho-

1896 3054 1940 3117 c
1977 3028 2151 3082 mines
2218 3025 2461 3097 graviter
2530 3033 2823 3095 peccantes
2880 3022 3150 3090 patienter
3216 3020 3378 3078 ferat,
3450 3034 3558 3070 non

1973 3118 2225 3173 eamdem
2295 3116 2504 3171 sanctis
2559 3116 2863 3170 concedere
2938 3113 3361 3179 indulgentiam.
3432 3107 3559 3161 Iden

1976 3212 2232 3265 Salomon
2274 3210 2409 3264 dicit
2443 3211 2640 3265 iterum
2676 3225 2692 3262 :
2724 3225 2744 3258 ι
2783 3205 3097 3259 llumilibus
3124 3202 3268 3257 enim
3304 3203 3564 3256 concedi-

1974 3314 2063 3358 tur
2096 3304 2498 3367 misericordia,
2541 3310 2792 3372 potentes
2850 3308 3034 3352 autem
3067 3310 3259 3350 severe
3279 3293 3562 3348 examina-

1974 3396 2252 3450 buntur.»
2296 3395 2559 3450 Dominus
2598 3395 2713 3465 ipse
2735 3411 2748 3449 :
2773 3412 2792 3444 ι
2818 3392 2978 3449 Omni
3006 3390 3093 3444 cui
3116 3403 3349 3458 paucum
3370 3386 3557 3440 datum

1972 3494 2076 3547 est.
2119 3485 2319 3553 inqvit,
2353 3499 2587 3554 paucum
2623 3492 2807 3552 petent
2840 3483 2910 3535 ab
2941 3497 3040 3546 eo;
3092 3480 3181 3532 cui
3236 3492 3366 3530 vero
3415 3475 3560 3528 inul-

1973 3586 2109 3637 tutn,
2144 3578 2378 3631 multum
2410 3576 2691 3646 petentab
2741 3590 2828 3629 eo.
2866 3593 2886 3625 ι
2931 3572 3074 3643 Ergo
3108 3580 3418 3641 opportune
3471 3568 3557 3621 tli-

1970 3676 2060 3720 Cct
2104 3668 2307 3736 aliquis
2344 3685 2358 3721 :
2407 3686 2424 3719 ι
2466 3665 2509 3722 Ο
2543 3666 2774 3720 altitudo
2820 3665 3137 3719 divitiarum
3177 3672 3231 3717 et
3278 3659 3562 3730 sapientiae

1977 3770 2030 3812 et
2087 3760 2337 3814 scientia:
2395 3758 2489 3813 Dei
2521 3776 2534 3812 :
2568 3774 2735 3827 quam
2801 3754 3378 3825 incomprehensibilia
3431 3760 3561 3805 sunt

1965 3851 2171 3919 judicia
2205 3867 2344 3920 (‘th3,
2375 3861 2429 3905 et
2453 3849 2864 3942 investigabiles
2890 3849 2988 3902 riae
3019 3847 3137 3915 ejus
3168 3847 3181 3898 l
3224 3864 3240 3895 ι
3273 3854 3327 3897 et
3363 3864 3381 3895 ι
3420 3841 3562 3895 Hor-

1970 3945 2200 3998 rendum
2231 3952 2318 3997 est
2350 3938 2593 3997 incidere
2641 3942 2694 3995 in
2743 3956 2940 3995 manus
2977 3939 3069 3992 Dei
3118 3938 3354 3990 viventis
3382 3950 3430 3999 ς»
3458 3944 3511 3987 et
3540 3951 3555 3987 :

1974 4055 1993 4087 ι
2036 4036 2363 4090 liorrcndus
2398 4037 2580 4090 vultus
2607 4035 2827 4088 Domini
2860 4049 3025 4102 super
3058 4030 3329 4085 facientes
3354 4029 3553 4083 mala.»

1968 4129 2181 4184 Idcirco
2211 4147 2230 4179 ι
2266 4128 2580 4183 Secundum
2616 4141 2874 4197 magnam
2940 4122 3376 4178 misericordiam
3415 4122 3557 4187 ejus,

1968 4219 2049 4274 sic
2073 4229 2127 4273 et
2153 4234 2351 4286 magna
2377 4219 2656 4286 correptio
2683 4218 2826 4285 ejus.
2872 4233 2890 4267 ι
2931 4234 2949 4266 ι
2992 4213 3371 4268 Misericordia
3407 4210 3553 4264 enim

1966 4319 2023 4363 et
2090 4310 2169 4363 ira
2244 4310 2390 4378 apud
2453 4310 2630 4374 illum,
2668 4328 2689 4360 ι
2727 4318 2782 4360 et
2821 4325 2840 4357 ι
2880 4307 3061 4375 Super
3092 4312 3414 4374 peccatores
3468 4317 3557 4354 re—

265 4384 427 4449 βάθος
486 4386 726 4441 πλούτου
779 4391 873 4443 καὶ
932 4392 1127 4459 σοφίας
1162 4394 1257 4446 καὶ
1284 4394 1546 4462 γνώσεως
1574 4394 1712 4448 Θεοῦ
1741 4412 1755 4426 ·
1781 4396 1857 4459 ὡς

1979 4401 2198 4471 priescit
2231 4402 2314 4456 ira
2372 4400 2564 4467 illius;
2614 4419 2634 4453 ›
2683 4399 2894 4454 idcirco
2949 4398 3116 4452 etiam
3168 4415 3187 4448 ι
3221 4394 3300 4450 Ne
3350 4394 3558 4463 angelis

264 4478 672 4549 ἁνεξερεύνητα
704 4482 772 4535 τά
810 4482 1056 4552 κρίματα
1095 4486 1265 4539 αὐτοῦ
1314 4488 1411 4539 καὶ
1456 4487 1853 4557 ἀνεξιχνίαστοι

262 4574 316 4621 αἱ
344 4574 464 4624 οδοὶ
496 4574 705 4629 αῦτοῦι
749 4594 767 4626 ι
797 4578 906 4629 Ka't
933 4578 996 4642 ⁸⁸,
1039 4597 1057 4629 ι
1090 4579 1330 4649 Φοὸερὸν
1363 4580 1424 4631 τὸ
1452 4581 1720 4649 ἐμπεσεῖν
1770 4584 1853 4645 εἰς

1963 4492 2184 4562 quidem
2264 4502 2564 4562 postquam
2623 4500 2994 4563 peccaverunt
3042 4488 3365 4561 pepercit,»
3412 4489 3559 4543 sicut

1961 4585 2229 4656 scriptum
2261 4595 2368 4641 est.

260 4668 454 4735 χεῖρας
502 4668 641 4721 Θεοῦ
695 4668 920 4733 ζῶντος.
949 4689 967 4721 ι
1016 4671 1124 4725 Καὶ
1178 4671 1457 4744 «Φοόερδν
1495 4674 1645 4736 ab“,
1685 4676 1985 4747 πρόσωπον
2024 4681 2232 4750 Κυρίου
2284 4682 2380 4733 ἐπὶ
2445 4681 2741 4745 ποιοῦντας
2802 4679 3017 4736 κακά.»
3072 4678 3286 4733 Διότι¹⁹
3337 4694 3355 4727 ι
3397 4672 3556 4726 Κατᾶ

262 4762 322 4809 τι»
354 4762 497 4815 πολὺ
555 4764 706 4827 ῑλεος
754 4765 945 4830 αὐτοῦ,
973 4766 1152 4829 οὕτως
1202 4769 1299 4819 καὶ
1351 4768 1516 4832 πολὺς
1565 4771 1593 4823 6
1628 4769 1854 4841 ἔλεγχος
1892 4774 2084 4830 αὐτοῦ.
2127 4794 2146 4827 ι
2185 4776 2227 4809 ⁸³
2262 4776 2486 4840 «Ἔλεος
2542 4778 2653 4850 γάρ
2687 4777 2786 4832 καὶ
2848 4776 2990 4846 ὀργὴ
3057 4776 3188 4843 παρ’
3222 4770 3393 4826 «ιύτθὖ
3420 4770 3487 4831 ’⁸ο
3528 4786 3547 4818 ³

264 4854 355 4901 καὶ
380 4870 403 4903 ι
456 4853 584 4906 Ἐπὶ.
607 4855 968 4925 ἁμαρτωλοὺς
1002 4858 1349 4912 καταπαύσει
1395 4863 1423 4913 6
1450 4860 1624 4931 θυμὸς
1661 4863 1853 4919 αὐτοῦ.
1901 4884 1919 4916 ι
1970 4869 2078 4921 Καὶ
2128 4868 2218 4922 διὰ
2265 4868 2429 4923 τοῦτο
2478 4871 2734 4936 πάντως,
2775 4888 2794 4921 ι
2820 4869 2959 4921 Οὐδὲ
3011 4865 3262 4934 ἀγγέλων
3298 4864 3553 4933 ἁμαρτη-

268 4944 482 4997 σάντων
512 4948 791 5015 ἐφείσατο,
842 4969 859 5000 ι
899 4953 1083 5016 καθὼς
1106 4952 1512 5023 γέγραπται¹⁵.

1467 5206 1674 5268 Varia)
1722 5206 2032 5271 lectiones
2076 5214 2138 5270 et
2162 5214 2349 5271 noue.

377 5408 469 5490 διέι
503 5410 605 5478 τῆς
666 5412 777 5490 τῷν
806 5414 931 5467 col.
1045 5415 1064 5445 ¹
1097 5414 1290 5490 Matth.
1327 5434 1420 5477 xx.
1593 5417 1670 5471 Ὀ.
1706 5420 1756 5470 oi
1800 5419 1875 5471 ἐκ]

1979 5419 2065 5476 τοί.
2112 5436 2187 5477 χι.
2241 5419 2329 5471 12.
2357 5488 2363 5490 _
2406 5419 2427 5450 ³
2457 5419 2667 5481 ὤφελον
2705 5420 2838 5474 'cod.
2914 5420 2935 5452 δ
2964 5419 3338 5490 ἀποστρέφειν
3363 5420 3411 5475 δ.
3439 5420 3548 5473 ἀπὸ

272 5480 381 5562 τνξχ
424 5479 813 5562 δικαιοσυνῶν.
847 5501 901 5537 κ.
956 5501 1015 5562 π.
1071 5488 1429 5562 παράπτωμα
1482 5487 1703 5562 Ez._t_tt,
1735 5490 1826 5541 20.

1981 5491 2102 5562 ταῖς
2143 5488 2457 5562 Δἁμαρτίαις
2503 5479 2599 5543 Ez.
2653 5491 2971 5562 xsxtttal‘l.
3075 5479 3251 5562 ‘S'ap'.
3313 5510 3383 5556 Vl,
3429 5493 3548 5546 6-9.

276 5546 292 5569 ⁷
322 5546 478 5624 νινε
500 5582 565 5594 -
600 5553 941 5624 συγγνώμης
968 5558 1015 5607 ὲ.
1060 5546 1166 5609 καί
1220 5559 1245 5609 ὲ
1312 5546 1436 5611 cod.
1584 5555 1604 5586 '
1632 5546 1763 5609 an.
1802 5573 1873 5609 \ll

1979 5558 2027 5608 8.
2084 5546 2097 5550 ⁷
2141 5558 2160 5588 ⁹
2193 5546 2352 5611 Boni.
2391 5546 2464 5621 κε’.
2498 5562 2587 5615 55.
2705 5560 2747 5591 ¹⁰
2780 5546 2945 5617 llcbr.
2990 5578 3042 5623 κ,
3093 5546 3247 5617 δίδη
3298 5564 3335 5594 ¹¹
3372 5546 3391 5615 Ῑ
3424 5562 3542 5619 Pet.

284 5631 357 5685 ιιι,
392 5622 469 5676 t2.
590 5625 634 5654 η
668 5622 775 5679 Sir.
808 5622 917 5691 aut,
950 5626 1125 5689 ιε,ιι.
1245 5630 1285 5660 ιε
1327 5630 1413 5682 sn-
1467 5645 1516 5693 ν,
1564 5630 1616 5691 ιι,
1650 5628 1698 5680 7.
1810 5628 1867 5657 η·

1979 5640 2062 5691 >ta,
2119 5630 2193 5683 sic
2245 5628 2543 5696 Sit'aridcs,
2603 5631 2751 5696 αὐτῷ
2792 5633 2913 5689 cod.
3028 5632 3140 5687 "‘ll
3178 5634 3321 5690 Petri
3375 5651 3430 5695 tt,
3483 5632 3534 5686 4-
