  <div class='ocr_page' id='page_1' title='image "/cluster/home/n/w/nwhite01/storage/ocr_20150623/110/hvd.32044073502296/107.png"; bbox 0 0 4048 6212; ppageno 0'>
   <div class='ocr_carea' id='block_1_1' title="bbox 492 276 598 335">
    <p class='ocr_par' dir='ltr' id='par_1_1' title="bbox 492 276 598 335">
     <span class='ocr_line' id='line_1_1' title="bbox 492 276 598 335; baseline 0.028 -3"><span class='ocrx_word' id='word_1_1' title='bbox 492 276 598 335; x_wconf 69' lang='grc'><strong>203</strong></span> 
     </span>
    </p>
   </div>
   <div class='ocr_carea' id='block_1_2' title="bbox 1698 273 2520 335">
    <p class='ocr_par' dir='ltr' id='par_1_2' title="bbox 1698 273 2520 335">
     <span class='ocr_line' id='line_1_2' title="bbox 1698 273 2520 335; baseline -0.004 0"><span class='ocrx_word' id='word_1_2' title='bbox 1698 274 2026 335; x_wconf 75' lang='lat' dir='ltr'><strong>GEORGII</strong></span> <span class='ocrx_word' id='word_1_3' title='bbox 2068 273 2280 331; x_wconf 80' lang='lat' dir='ltr'><strong>IlAMA</strong></span> <span class='ocrx_word' id='word_1_4' title='bbox 2294 275 2520 334; x_wconf 80' lang='lat' dir='ltr'><strong>ii&#39;l‘OLI</strong></span> 
     </span>
    </p>
   </div>
   <div class='ocr_carea' id='block_1_3' title="bbox 3636 279 3743 340">
    <p class='ocr_par' dir='ltr' id='par_1_3' title="bbox 3636 279 3743 340">
     <span class='ocr_line' id='line_1_3' title="bbox 3636 279 3743 340; baseline -0.009 0"><span class='ocrx_word' id='word_1_5' title='bbox 3636 279 3743 340; x_wconf 68' lang='grc' dir='ltr'><strong>ΞΜ</strong></span> 
     </span>
    </p>
   </div>
   <div class='ocr_carea' id='block_1_4' title="bbox 494 382 2048 459">
    <p class='ocr_par' dir='ltr' id='par_1_4' title="bbox 494 386 2048 453">
     <span class='ocr_line' id='line_1_4' title="bbox 494 386 2048 453; baseline -0.002 -11"><span class='ocrx_word' id='word_1_6' title='bbox 494 392 577 443; x_wconf 82' lang='lat' dir='ltr'><strong>nis</strong></span> <span class='ocrx_word' id='word_1_7' title='bbox 629 390 896 453; x_wconf 84' lang='lat' dir='ltr'><strong>discisso,</strong></span> <span class='ocrx_word' id='word_1_8' title='bbox 935 386 1153 439; x_wconf 72' lang='lat' dir='ltr'><strong>maxilla</strong></span> <span class='ocrx_word' id='word_1_9' title='bbox 1204 387 1337 443; x_wconf 81' lang='lat' dir='ltr'><strong>asini</strong></span> <span class='ocrx_word' id='word_1_10' title='bbox 1388 388 1533 441; x_wconf 89' lang='lat' dir='ltr'><strong>mille</strong></span> <span class='ocrx_word' id='word_1_11' title='bbox 1566 387 1854 441; x_wconf 72' lang='lat' dir='ltr'><strong>Philistmis</strong></span> <span class='ocrx_word' id='word_1_12' title='bbox 1900 386 2048 439; x_wconf 84' lang='lat' dir='ltr'><strong>truci</strong></span> 
     </span>
    </p>
   </div>
   <div class='ocr_carea' id='block_1_5' title="bbox 2153 382 3745 459">
    <p class='ocr_par' dir='ltr' id='par_1_5' title="bbox 2172 382 3745 459">
     <span class='ocr_line' id='line_1_5' title="bbox 2172 382 3745 459; baseline 0.006 -25"><span class='ocrx_word' id='word_1_13' title='bbox 2172 385 2506 451; x_wconf 76' lang='grc' dir='ltr'><strong>ἐπαγγελίας</strong></span> <span class='ocrx_word' id='word_1_14' title='bbox 2543 382 2869 454; x_wconf 76' lang='grc' dir='ltr'><strong>συλληφθεὶς</strong></span> <span class='ocrx_word' id='word_1_15' title='bbox 2906 383 2997 436; x_wconf 83' lang='grc' dir='ltr'><strong>καὶ</strong></span> <span class='ocrx_word' id='word_1_16' title='bbox 3041 384 3129 437; x_wconf 71' lang='grc' dir='ltr'><strong>τὸν</strong></span> <span class='ocrx_word' id='word_1_17' title='bbox 3174 386 3390 456; x_wconf 76' lang='grc' dir='ltr'>Ἰσραὴλ</span> <span class='ocrx_word' id='word_1_18' title='bbox 3424 389 3616 456; x_wconf 82' lang='grc' dir='ltr'><strong>κρίνας</strong></span> <span class='ocrx_word' id='word_1_19' title='bbox 3647 391 3745 459; x_wconf 75' lang='grc' dir='ltr'>ἔτη</span> 
     </span>
    </p>
   </div>
   <div class='ocr_carea' id='block_1_6' title="bbox 497 477 2063 548">
    <p class='ocr_par' dir='ltr' id='par_1_6' title="bbox 497 477 2063 548">
     <span class='ocr_line' id='line_1_6' title="bbox 497 477 2063 548; baseline -0.001 -16"><span class='ocrx_word' id='word_1_20' title='bbox 497 480 679 547; x_wconf 87' lang='lat' dir='ltr'><strong>datis,</strong></span> <span class='ocrx_word' id='word_1_21' title='bbox 737 494 877 547; x_wconf 87' lang='lat' dir='ltr'><strong>aqua</strong></span> <span class='ocrx_word' id='word_1_22' title='bbox 943 493 1007 531; x_wconf 78' lang='lat' dir='ltr'><strong>ex</strong></span> <span class='ocrx_word' id='word_1_23' title='bbox 1086 478 1187 532; x_wconf 84' lang='lat' dir='ltr'><strong>hac</strong></span> <span class='ocrx_word' id='word_1_24' title='bbox 1244 478 1463 533; x_wconf 80' lang='lat' dir='ltr'><strong>maxilla</strong></span> <span class='ocrx_word' id='word_1_25' title='bbox 1507 479 1697 533; x_wconf 89' lang='lat' dir='ltr'><strong>hausta</strong></span> <span class='ocrx_word' id='word_1_26' title='bbox 1749 477 2063 548; x_wconf 81' lang='lat' dir='ltr'><strong>prodigiose</strong></span> 
     </span>
    </p>
   </div>
   <div class='ocr_carea' id='block_1_7' title="bbox 496 567 2056 640">
    <p class='ocr_par' dir='ltr' id='par_1_7' title="bbox 496 567 2056 640">
     <span class='ocr_line' id='line_1_7' title="bbox 496 567 2056 640; baseline -0.001 -19"><span class='ocrx_word' id='word_1_27' title='bbox 496 572 688 624; x_wconf 86' lang='lat' dir='ltr'><strong>robore</strong></span> <span class='ocrx_word' id='word_1_28' title='bbox 738 577 921 638; x_wconf 74' lang='lat' dir='ltr'><strong>portas</strong></span> <span class='ocrx_word' id='word_1_29' title='bbox 968 568 1121 624; x_wconf 80' lang='lat' dir='ltr'><strong>urbis</strong></span> <span class='ocrx_word' id='word_1_30' title='bbox 1167 567 1491 632; x_wconf 74' lang='lat' dir='ltr'><strong>abstulerat,</strong></span> <span class='ocrx_word' id='word_1_31' title='bbox 1523 570 1637 640; x_wconf 88' lang='lat' dir='ltr'><strong>qui,</strong></span> <span class='ocrx_word' id='word_1_32' title='bbox 1668 570 1810 625; x_wconf 89' lang='lat' dir='ltr'><strong>sicut</strong></span> <span class='ocrx_word' id='word_1_33' title='bbox 1854 570 2056 623; x_wconf 85' lang='lat' dir='ltr'><strong>dictum</strong></span> 
     </span>
    </p>
   </div>
   <div class='ocr_carea' id='block_1_8' title="bbox 488 660 2061 726">
    <p class='ocr_par' dir='ltr' id='par_1_8' title="bbox 488 660 2061 726">
     <span class='ocr_line' id='line_1_8' title="bbox 488 660 2061 726; baseline -0.001 -10"><span class='ocrx_word' id='word_1_34' title='bbox 488 674 591 725; x_wconf 81' lang='lat' dir='ltr'><strong>est,</strong></span> <span class='ocrx_word' id='word_1_35' title='bbox 658 678 686 715; x_wconf 86' lang='lat' dir='ltr'><strong>a</strong></span> <span class='ocrx_word' id='word_1_36' title='bbox 738 672 921 716; x_wconf 87' lang='lat' dir='ltr'><strong>ventre</strong></span> <span class='ocrx_word' id='word_1_37' title='bbox 965 660 1163 716; x_wconf 88' lang='lat' dir='ltr'><strong>matris</strong></span> <span class='ocrx_word' id='word_1_38' title='bbox 1218 677 1332 717; x_wconf 68' lang='lat' dir='ltr'><strong>suae</strong></span> <span class='ocrx_word' id='word_1_39' title='bbox 1380 663 1753 718; x_wconf 69' lang='lat' dir='ltr'><strong>sanctiticatus</strong></span> <span class='ocrx_word' id='word_1_40' title='bbox 1788 660 1985 726; x_wconf 84' lang='lat' dir='ltr'><strong>fuerat,</strong></span> <span class='ocrx_word' id='word_1_41' title='bbox 2031 678 2061 715; x_wconf 88' lang='lat' dir='ltr'><strong>a</strong></span> 
     </span>
    </p>
   </div>
   <div class='ocr_carea' id='block_1_9' title="bbox 486 753 2059 825">
    <p class='ocr_par' dir='ltr' id='par_1_9' title="bbox 486 753 2059 825">
     <span class='ocr_line' id='line_1_9' title="bbox 486 753 2059 825; baseline 0 -19"><span class='ocrx_word' id='word_1_42' title='bbox 486 754 579 807; x_wconf 89' lang='lat' dir='ltr'><strong>vili</strong></span> <span class='ocrx_word' id='word_1_43' title='bbox 640 755 864 809; x_wconf 81' lang='lat' dir='ltr'><strong>muliere</strong></span> <span class='ocrx_word' id='word_1_44' title='bbox 915 754 1212 818; x_wconf 89' lang='lat' dir='ltr'><strong>seductus,</strong></span> <span class='ocrx_word' id='word_1_45' title='bbox 1280 769 1387 807; x_wconf 88' lang='lat' dir='ltr'><strong>non</strong></span> <span class='ocrx_word' id='word_1_46' title='bbox 1442 754 1606 808; x_wconf 86' lang='lat' dir='ltr'><strong>modo</strong></span> <span class='ocrx_word' id='word_1_47' title='bbox 1660 756 1799 808; x_wconf 91' lang='lat' dir='ltr'><strong>hanc</strong></span> <span class='ocrx_word' id='word_1_48' title='bbox 1827 753 2059 825; x_wconf 76' lang='lat' dir='ltr'><strong>gratiam</strong></span> 
     </span>
    </p>
   </div>
   <div class='ocr_carea' id='block_1_10' title="bbox 484 842 2061 912">
    <p class='ocr_par' dir='ltr' id='par_1_10' title="bbox 484 842 2061 912">
     <span class='ocr_line' id='line_1_10' title="bbox 484 842 2061 912; baseline 0.001 -17"><span class='ocrx_word' id='word_1_49' title='bbox 484 844 725 897; x_wconf 77' lang='lat' dir='ltr'><strong>divinam</strong></span> <span class='ocrx_word' id='word_1_50' title='bbox 763 851 1082 912; x_wconf 82' lang='lat' dir='ltr'><strong>tantamque</strong></span> <span class='ocrx_word' id='word_1_51' title='bbox 1142 842 1247 895; x_wconf 91' lang='lat' dir='ltr'><strong>vim</strong></span> <span class='ocrx_word' id='word_1_52' title='bbox 1302 843 1555 912; x_wconf 87' lang='lat' dir='ltr'><strong>perdidit,</strong></span> <span class='ocrx_word' id='word_1_53' title='bbox 1620 843 1715 898; x_wconf 88' lang='lat' dir='ltr'><strong>sed</strong></span> <span class='ocrx_word' id='word_1_54' title='bbox 1780 852 1831 897; x_wconf 87' lang='lat' dir='ltr'><strong>et</strong></span> <span class='ocrx_word' id='word_1_55' title='bbox 1887 843 2061 897; x_wconf 91' lang='lat' dir='ltr'><strong>oculis</strong></span> 
     </span>
    </p>
   </div>
   <div class='ocr_carea' id='block_1_11' title="bbox 484 933 2057 1004">
    <p class='ocr_par' dir='ltr' id='par_1_11' title="bbox 484 933 2057 1004">
     <span class='ocr_line' id='line_1_11' title="bbox 484 933 2057 1004; baseline 0.001 -19"><span class='ocrx_word' id='word_1_56' title='bbox 484 933 696 989; x_wconf 68' lang='lat' dir='ltr'><strong>i-ii‘ossis</strong></span> <span class='ocrx_word' id='word_1_57' title='bbox 750 933 925 988; x_wconf 81' lang='lat' dir='ltr'><strong>factus</strong></span> <span class='ocrx_word' id='word_1_58' title='bbox 970 945 1055 989; x_wconf 88' lang='lat' dir='ltr'><strong>est</strong></span> <span class='ocrx_word' id='word_1_59' title='bbox 1099 933 1393 988; x_wconf 88' lang='lat' dir='ltr'><strong>ludibrium</strong></span> <span class='ocrx_word' id='word_1_60' title='bbox 1446 935 1627 1004; x_wconf 84' lang='lat' dir='ltr'><strong>pueris</strong></span> <span class='ocrx_word' id='word_1_61' title='bbox 1658 934 2057 989; x_wconf 70' lang='lat' dir='ltr'><strong>Philistaaornm</strong></span> 
     </span>
    </p>
   </div>
   <div class='ocr_carea' id='block_1_12' title="bbox 485 1024 2058 1095">
    <p class='ocr_par' dir='ltr' id='par_1_12' title="bbox 485 1024 2058 1095">
     <span class='ocr_line' id='line_1_12' title="bbox 485 1024 2058 1095; baseline 0.002 -20"><span class='ocrx_word' id='word_1_62' title='bbox 485 1036 537 1079; x_wconf 77' lang='lat' dir='ltr'><strong>et</strong></span> <span class='ocrx_word' id='word_1_63' title='bbox 573 1040 693 1079; x_wconf 83' lang='lat' dir='ltr'><strong>CUltl</strong></span> <span class='ocrx_word' id='word_1_64' title='bbox 722 1026 860 1094; x_wconf 82' lang='lat' dir='ltr'><strong>ipsis</strong></span> <span class='ocrx_word' id='word_1_65' title='bbox 888 1024 1289 1095; x_wconf 80' lang='lat' dir='ltr'><strong>ignobilissimo</strong></span> <span class='ocrx_word' id='word_1_66' title='bbox 1332 1024 1443 1078; x_wconf 88' lang='lat' dir='ltr'><strong>fato</strong></span> <span class='ocrx_word' id='word_1_67' title='bbox 1476 1026 1651 1095; x_wconf 88' lang='lat' dir='ltr'><strong>periit,</strong></span> <span class='ocrx_word' id='word_1_68' title='bbox 1685 1040 1805 1080; x_wconf 83' lang='lat' dir='ltr'><strong>sese</strong></span> <span class='ocrx_word' id='word_1_69' title='bbox 1838 1026 2058 1079; x_wconf 86' lang='lat' dir='ltr'><strong>tradens</strong></span> 
     </span>
    </p>
   </div>
   <div class='ocr_carea' id='block_1_13' title="bbox 488 1117 2059 1188">
    <p class='ocr_par' dir='ltr' id='par_1_13' title="bbox 488 1117 2059 1188">
     <span class='ocr_line' id='line_1_13' title="bbox 488 1117 2059 1188; baseline -0.001 -17"><span class='ocrx_word' id='word_1_70' title='bbox 488 1119 737 1173; x_wconf 85' lang='lat' dir='ltr'><strong>hostibus</strong></span> <span class='ocrx_word' id='word_1_71' title='bbox 760 1118 979 1187; x_wconf 80' lang='lat' dir='ltr'><strong>quidem</strong></span> <span class='ocrx_word' id='word_1_72' title='bbox 1017 1133 1239 1173; x_wconf 83' lang='lat' dir='ltr'><strong>causam</strong></span> <span class='ocrx_word' id='word_1_73' title='bbox 1278 1119 1481 1188; x_wconf 79' lang='lat' dir='ltr'><strong>gaudii,</strong></span> <span class='ocrx_word' id='word_1_74' title='bbox 1513 1118 1702 1173; x_wconf 82' lang='lat' dir='ltr'><strong>amicis</strong></span> <span class='ocrx_word' id='word_1_75' title='bbox 1740 1133 1865 1172; x_wconf 84' lang='lat' dir='ltr'><strong>vero</strong></span> <span class='ocrx_word' id='word_1_76' title='bbox 1895 1117 2059 1172; x_wconf 82' lang='lat' dir='ltr'><strong>tristi-</strong></span> 
     </span>
    </p>
   </div>
   <div class='ocr_carea' id='block_1_14' title="bbox 484 1209 868 1264">
    <p class='ocr_par' dir='ltr' id='par_1_14' title="bbox 484 1209 868 1264">
     <span class='ocr_line' id='line_1_14' title="bbox 484 1209 868 1264; baseline -0.003 -2"><span class='ocrx_word' id='word_1_77' title='bbox 484 1209 568 1262; x_wconf 84' lang='lat' dir='ltr'><strong>tiae</strong></span> <span class='ocrx_word' id='word_1_78' title='bbox 594 1220 644 1264; x_wconf 89' lang='lat' dir='ltr'><strong>et</strong></span> <span class='ocrx_word' id='word_1_79' title='bbox 669 1210 868 1263; x_wconf 87' lang='lat' dir='ltr'><strong>luctus.</strong></span> 
     </span>
    </p>
   </div>
   <div class='ocr_carea' id='block_1_15' title="bbox 552 1494 2056 1566">
    <p class='ocr_par' dir='ltr' id='par_1_15' title="bbox 552 1494 2056 1566">
     <span class='ocr_line' id='line_1_15' title="bbox 552 1494 2056 1566; baseline 0 -17"><span class='ocrx_word' id='word_1_80' title='bbox 552 1495 765 1549; x_wconf 85' lang='lat' dir='ltr'><strong>Mortuo</strong></span> <span class='ocrx_word' id='word_1_81' title='bbox 795 1496 1047 1558; x_wconf 85' lang='lat' dir='ltr'><strong>Samson,</strong></span> <span class='ocrx_word' id='word_1_82' title='bbox 1101 1494 1270 1564; x_wconf 82' lang='lat' dir='ltr'><strong>viguit</strong></span> <span class='ocrx_word' id='word_1_83' title='bbox 1316 1496 1575 1549; x_wconf 89' lang='lat' dir='ltr'><strong>anarchia</strong></span> <span class='ocrx_word' id='word_1_84' title='bbox 1612 1495 1772 1550; x_wconf 89' lang='lat' dir='ltr'><strong>annis</strong></span> <span class='ocrx_word' id='word_1_85' title='bbox 1818 1496 2056 1566; x_wconf 83' lang='lat' dir='ltr'><strong>quadra-</strong></span> 
     </span>
    </p>
   </div>
   <div class='ocr_carea' id='block_1_16' title="bbox 482 1573 2058 1661">
    <p class='ocr_par' dir='ltr' id='par_1_16' title="bbox 482 1573 2058 1661">
     <span class='ocr_line' id='line_1_16' title="bbox 482 1573 2058 1661; baseline 0.001 -17"><span class='ocrx_word' id='word_1_86' title='bbox 482 1593 652 1661; x_wconf 80' lang='lat' dir='ltr'><strong>ginta,</strong></span> <span class='ocrx_word' id='word_1_87' title='bbox 676 1602 728 1643; x_wconf 85' lang='lat' dir='ltr'><strong>et</strong></span> <span class='ocrx_word' id='word_1_88' title='bbox 760 1590 991 1659; x_wconf 84' lang='lat' dir='ltr'><strong>quisque</strong></span> <span class='ocrx_word' id='word_1_89' title='bbox 1027 1573 1291 1659; x_wconf 80' lang='lat' dir='ltr'><strong>quidquid</strong></span> <span class='ocrx_word' id='word_1_90' title='bbox 1326 1590 1557 1653; x_wconf 86' lang='lat' dir='ltr'><strong>volebat,</strong></span> <span class='ocrx_word' id='word_1_91' title='bbox 1587 1591 1638 1644; x_wconf 91' lang='lat' dir='ltr'><strong>id</strong></span> <span class='ocrx_word' id='word_1_92' title='bbox 1669 1592 1880 1660; x_wconf 78' lang='lat' dir='ltr'><strong>agebat.</strong></span> <span class='ocrx_word' id='word_1_93' title='bbox 1903 1589 2058 1645; x_wconf 87' lang='lat' dir='ltr'><strong>Unde</strong></span> 
     </span>
    </p>
   </div>
   <div class='ocr_carea' id='block_1_17' title="bbox 487 1681 2053 1752">
    <p class='ocr_par' dir='ltr' id='par_1_17' title="bbox 487 1681 2053 1752">
     <span class='ocr_line' id='line_1_17' title="bbox 487 1681 2053 1752; baseline -0.001 -15"><span class='ocrx_word' id='word_1_94' title='bbox 487 1684 769 1752; x_wconf 84' lang='lat' dir='ltr'><strong>Scriptura</strong></span> <span class='ocrx_word' id='word_1_95' title='bbox 821 1696 1044 1736; x_wconf 84' lang='lat' dir='ltr'><strong>causam</strong></span> <span class='ocrx_word' id='word_1_96' title='bbox 1098 1681 1404 1749; x_wconf 80' lang='lat' dir='ltr'><strong>iniquitatis</strong></span> <span class='ocrx_word' id='word_1_97' title='bbox 1462 1682 1747 1736; x_wconf 84' lang='lat' dir='ltr'><strong>declarans</strong></span> <span class='ocrx_word' id='word_1_98' title='bbox 1790 1683 1905 1735; x_wconf 88' lang='lat' dir='ltr'><strong>ait:</strong></span> <span class='ocrx_word' id='word_1_99' title='bbox 1936 1703 1952 1733; x_wconf 74' lang='grc' dir='ltr'><strong>ι</strong></span> <span class='ocrx_word' id='word_1_100' title='bbox 1998 1682 2053 1736; x_wconf 91' lang='lat' dir='ltr'><strong>In</strong></span> 
     </span>
    </p>
   </div>
   <div class='ocr_carea' id='block_1_18' title="bbox 2166 477 3744 551">
    <p class='ocr_par' dir='ltr' id='par_1_18' title="bbox 2166 477 3744 551">
     <span class='ocr_line' id='line_1_18' title="bbox 2166 477 3744 551; baseline 0.006 -24"><span class='ocrx_word' id='word_1_101' title='bbox 2166 483 2210 527; x_wconf 84' lang='grc' dir='ltr'>κ’</span> <span class='ocrx_word' id='word_1_102' title='bbox 2245 478 2337 528; x_wconf 81' lang='grc' dir='ltr'>καὶ</span> <span class='ocrx_word' id='word_1_103' title='bbox 2370 480 2491 540; x_wconf 89' lang='grc' dir='ltr'>ταῖς</span> <span class='ocrx_word' id='word_1_104' title='bbox 2522 477 2804 546; x_wconf 79' lang='grc' dir='ltr'><strong>παλάμαις</strong></span> <span class='ocrx_word' id='word_1_105' title='bbox 2835 478 3136 548; x_wconf 76' lang='grc' dir='ltr'><strong>ἀνασχίσας</strong></span> <span class='ocrx_word' id='word_1_106' title='bbox 3166 481 3227 532; x_wconf 78' lang='grc' dir='ltr'><strong>τὸ</strong></span> <span class='ocrx_word' id='word_1_107' title='bbox 3262 481 3440 551; x_wconf 80' lang='grc' dir='ltr'>στόμα</span> <span class='ocrx_word' id='word_1_108' title='bbox 3468 481 3563 535; x_wconf 89' lang='grc' dir='ltr'><strong>τοῦ</strong></span> <span class='ocrx_word' id='word_1_109' title='bbox 3591 483 3744 536; x_wconf 81' lang='grc' dir='ltr'>λέον-</span> 
     </span>
    </p>
   </div>
   <div class='ocr_carea' id='block_1_19' title="bbox 2164 569 3741 645">
    <p class='ocr_par' dir='ltr' id='par_1_19' title="bbox 2164 569 3741 645">
     <span class='ocr_line' id='line_1_19' title="bbox 2164 569 3741 645; baseline 0.004 -25"><span class='ocrx_word' id='word_1_110' title='bbox 2164 585 2275 634; x_wconf 83' lang='grc' dir='ltr'>τος,</span> <span class='ocrx_word' id='word_1_111' title='bbox 2300 569 2393 621; x_wconf 78' lang='grc' dir='ltr'>καὶ</span> <span class='ocrx_word' id='word_1_112' title='bbox 2416 571 2473 621; x_wconf 87' lang='grc' dir='ltr'><strong>ἐν</strong></span> <span class='ocrx_word' id='word_1_113' title='bbox 2504 570 2714 638; x_wconf 79' lang='grc' dir='ltr'><strong>σιαγόνι</strong></span> <span class='ocrx_word' id='word_1_114' title='bbox 2742 572 2865 624; x_wconf 73' lang='grc' dir='ltr'>ὄνου</span> <span class='ocrx_word' id='word_1_115' title='bbox 2886 571 3092 641; x_wconf 80' lang='grc' dir='ltr'><strong>χιλίους</strong></span> <span class='ocrx_word' id='word_1_116' title='bbox 3116 571 3443 635; x_wconf 76' lang='grc' dir='ltr'><strong>ἀποκτείνας</strong></span> <span class='ocrx_word' id='word_1_117' title='bbox 3459 573 3741 645; x_wconf 79' lang='grc' dir='ltr'>⁷⁹άνδρας,</span> 
     </span>
    </p>
   </div>
   <div class='ocr_carea' id='block_1_20' title="bbox 2164 661 3745 737">
    <p class='ocr_par' dir='ltr' id='par_1_20' title="bbox 2164 661 3745 737">
     <span class='ocr_line' id='line_1_20' title="bbox 2164 661 3745 737; baseline 0.004 -23"><span class='ocrx_word' id='word_1_118' title='bbox 2164 665 2257 715; x_wconf 72' lang='grc' dir='ltr'>καὶ</span> <span class='ocrx_word' id='word_1_119' title='bbox 2309 661 2455 732; x_wconf 74' lang='grc' dir='ltr'>ὓδωρ</span> <span class='ocrx_word' id='word_1_120' title='bbox 2512 663 2577 716; x_wconf 85' lang='grc' dir='ltr'><strong>ἐκ</strong></span> <span class='ocrx_word' id='word_1_121' title='bbox 2634 664 2886 731; x_wconf 74' lang='grc' dir='ltr'><strong>σιαγόνος</strong></span> <span class='ocrx_word' id='word_1_122' title='bbox 2938 662 3118 730; x_wconf 87' lang='grc' dir='ltr'>πιὼν,</span> <span class='ocrx_word' id='word_1_123' title='bbox 3186 664 3281 717; x_wconf 77' lang='grc' dir='ltr'>καὶ</span> <span class='ocrx_word' id='word_1_124' title='bbox 3326 665 3393 718; x_wconf 89' lang='grc' dir='ltr'><strong>δι’</strong></span> <span class='ocrx_word' id='word_1_125' title='bbox 3434 665 3745 737; x_wconf 82' lang='grc' dir='ltr'>ὑπερϐολῆς</span> 
     </span>
    </p>
   </div>
   <div class='ocr_carea' id='block_1_21' title="bbox 2166 754 3743 830">
    <p class='ocr_par' dir='ltr' id='par_1_21' title="bbox 2166 754 3743 830">
     <span class='ocr_line' id='line_1_21' title="bbox 2166 754 3743 830; baseline 0.003 -23"><span class='ocrx_word' id='word_1_126' title='bbox 2166 754 2347 825; x_wconf 86' lang='grc' dir='ltr'>ίσχύος</span> <span class='ocrx_word' id='word_1_127' title='bbox 2378 756 2477 820; x_wconf 84' lang='grc' dir='ltr'><strong>τὰς</strong></span> <span class='ocrx_word' id='word_1_128' title='bbox 2525 754 2700 818; x_wconf 86' lang='grc' dir='ltr'>πύλας</span> <span class='ocrx_word' id='word_1_129' title='bbox 2722 757 2821 827; x_wconf 90' lang='grc' dir='ltr'><strong>τῆς</strong></span> <span class='ocrx_word' id='word_1_130' title='bbox 2853 757 3061 821; x_wconf 88' lang='grc' dir='ltr'>πόλεως</span> <span class='ocrx_word' id='word_1_131' title='bbox 3106 757 3453 821; x_wconf 80' lang='grc' dir='ltr'>ἀνασπάσας,</span> <span class='ocrx_word' id='word_1_132' title='bbox 3484 759 3560 822; x_wconf 85' lang='grc' dir='ltr'>ὡς</span> <span class='ocrx_word' id='word_1_133' title='bbox 3589 760 3743 830; x_wconf 75' lang='grc' dir='ltr'>εἴρη-</span> 
     </span>
    </p>
   </div>
   <div class='ocr_carea' id='block_1_22' title="bbox 2162 845 3744 918">
    <p class='ocr_par' dir='ltr' id='par_1_22' title="bbox 2162 845 3744 918">
     <span class='ocr_line' id='line_1_22' title="bbox 2162 845 3744 918; baseline 0.004 -22"><span class='ocrx_word' id='word_1_134' title='bbox 2162 861 2272 908; x_wconf 86' lang='grc' dir='ltr'>ται,</span> <span class='ocrx_word' id='word_1_135' title='bbox 2306 846 2402 898; x_wconf 75' lang='grc' dir='ltr'>καὶ</span> <span class='ocrx_word' id='word_1_136' title='bbox 2434 845 2622 907; x_wconf 83' lang='grc' dir='ltr'>ἁπλῶς</span> <span class='ocrx_word' id='word_1_137' title='bbox 2653 846 2681 897; x_wconf 90' lang='grc' dir='ltr'><strong>ὁ</strong></span> <span class='ocrx_word' id='word_1_138' title='bbox 2705 847 2770 899; x_wconf 81' lang='grc' dir='ltr'><strong>ἐκ</strong></span> <span class='ocrx_word' id='word_1_139' title='bbox 2804 846 3014 910; x_wconf 79' lang='grc' dir='ltr'>κοιλίας</span> <span class='ocrx_word' id='word_1_140' title='bbox 3050 849 3258 918; x_wconf 62' lang='grc' dir='ltr'>μητρδς</span> <span class='ocrx_word' id='word_1_141' title='bbox 3307 849 3609 916; x_wconf 79' lang='grc' dir='ltr'>ἀγιασθεὶς,</span> <span class='ocrx_word' id='word_1_142' title='bbox 3636 850 3744 903; x_wconf 81' lang='grc' dir='ltr'><strong>ὑπὸ</strong></span> 
     </span>
    </p>
   </div>
   <div class='ocr_carea' id='block_1_23' title="bbox 2161 935 3741 1008">
    <p class='ocr_par' dir='ltr' id='par_1_23' title="bbox 2161 935 3741 1008">
     <span class='ocr_line' id='line_1_23' title="bbox 2161 935 3741 1008; baseline 0.004 -23"><span class='ocrx_word' id='word_1_143' title='bbox 2161 936 2451 1001; x_wconf 81' lang='grc' dir='ltr'>γυναικὸς,</span> <span class='ocrx_word' id='word_1_144' title='bbox 2501 935 2669 1004; x_wconf 80' lang='grc' dir='ltr'>οἴμοι,</span> <span class='ocrx_word' id='word_1_145' title='bbox 2712 935 3023 999; x_wconf 72' lang='grc' dir='ltr'>δελεασθεὶς</span> <span class='ocrx_word' id='word_1_146' title='bbox 3051 938 3112 989; x_wconf 84' lang='grc' dir='ltr'><strong>ού</strong></span> <span class='ocrx_word' id='word_1_147' title='bbox 3149 937 3311 1007; x_wconf 87' lang='grc' dir='ltr'>μόνον</span> <span class='ocrx_word' id='word_1_148' title='bbox 3347 937 3443 1007; x_wconf 78' lang='grc' dir='ltr'>τὴν</span> <span class='ocrx_word' id='word_1_149' title='bbox 3468 939 3741 1008; x_wconf 78' lang='grc' dir='ltr'>τοσαύτην</span> 
     </span>
    </p>
   </div>
   <div class='ocr_carea' id='block_1_24' title="bbox 2162 1024 3741 1098">
    <p class='ocr_par' dir='ltr' id='par_1_24' title="bbox 2162 1024 3741 1098">
     <span class='ocr_line' id='line_1_24' title="bbox 2162 1024 3741 1098; baseline 0.004 -22"><span class='ocrx_word' id='word_1_150' title='bbox 2162 1024 2313 1077; x_wconf 87' lang='grc' dir='ltr'>θείαν</span> <span class='ocrx_word' id='word_1_151' title='bbox 2343 1026 2502 1095; x_wconf 81' lang='grc' dir='ltr'>χάριν</span> <span class='ocrx_word' id='word_1_152' title='bbox 2528 1027 2624 1079; x_wconf 69' lang='grc' dir='ltr'><strong>κα)⁵</strong></span> <span class='ocrx_word' id='word_1_153' title='bbox 2640 1026 2974 1098; x_wconf 86' lang='grc' dir='ltr'>τηλικαύτην</span> <span class='ocrx_word' id='word_1_154' title='bbox 3011 1029 3165 1096; x_wconf 80' lang='grc' dir='ltr'>ίσχὺν</span> <span class='ocrx_word' id='word_1_155' title='bbox 3196 1028 3468 1094; x_wconf 83' lang='grc' dir='ltr'>ἀπώλεσε,</span> <span class='ocrx_word' id='word_1_156' title='bbox 3506 1029 3645 1083; x_wconf 83' lang='grc' dir='ltr'><strong>ἀλλά</strong></span> <span class='ocrx_word' id='word_1_157' title='bbox 3675 1047 3741 1098; x_wconf 84' lang='grc' dir='ltr'><strong>γε</strong></span> 
     </span>
    </p>
   </div>
   <div class='ocr_carea' id='block_1_25' title="bbox 2162 1114 3742 1190">
    <p class='ocr_par' dir='ltr' id='par_1_25' title="bbox 2162 1114 3742 1190">
     <span class='ocr_line' id='line_1_25' title="bbox 2162 1114 3742 1190; baseline 0.003 -23"><span class='ocrx_word' id='word_1_158' title='bbox 2162 1114 2257 1167; x_wconf 69' lang='grc' dir='ltr'>καὶ</span> <span class='ocrx_word' id='word_1_159' title='bbox 2277 1116 2343 1167; x_wconf 82' lang='grc' dir='ltr'>τὰ</span> <span class='ocrx_word' id='word_1_160' title='bbox 2369 1115 2593 1186; x_wconf 77' lang='grc' dir='ltr'>ὄμματα</span> <span class='ocrx_word' id='word_1_161' title='bbox 2625 1116 2963 1187; x_wconf 77' lang='grc' dir='ltr'>ἐξορυχθεὶς,</span> <span class='ocrx_word' id='word_1_162' title='bbox 2994 1118 3246 1184; x_wconf 81' lang='grc' dir='ltr'>παίγνιον</span> <span class='ocrx_word' id='word_1_163' title='bbox 3276 1120 3389 1180; x_wconf 86' lang='grc' dir='ltr'>τοῖς</span> <span class='ocrx_word' id='word_1_164' title='bbox 3434 1119 3742 1190; x_wconf 75' lang='grc' dir='ltr'>παιδαρίοις</span> 
     </span>
    </p>
   </div>
   <div class='ocr_carea' id='block_1_26' title="bbox 2158 1203 3740 1278">
    <p class='ocr_par' dir='ltr' id='par_1_26' title="bbox 2158 1203 3740 1278">
     <span class='ocr_line' id='line_1_26' title="bbox 2158 1203 3740 1278; baseline 0.003 -22"><span class='ocrx_word' id='word_1_165' title='bbox 2158 1204 2267 1257; x_wconf 78' lang='grc' dir='ltr'><strong>τῶν</strong></span> <span class='ocrx_word' id='word_1_166' title='bbox 2292 1203 2605 1275; x_wconf 80' lang='grc' dir='ltr'>ἀλλοφύλων</span> <span class='ocrx_word' id='word_1_167' title='bbox 2632 1207 2856 1274; x_wconf 87' lang='grc' dir='ltr'>γέγονεν</span> <span class='ocrx_word' id='word_1_168' title='bbox 2891 1208 2986 1259; x_wconf 78' lang='grc' dir='ltr'>καὶ</span> <span class='ocrx_word' id='word_1_169' title='bbox 3040 1208 3139 1259; x_wconf 82' lang='grc' dir='ltr'>σὺν</span> <span class='ocrx_word' id='word_1_170' title='bbox 3172 1208 3357 1269; x_wconf 79' lang='grc' dir='ltr'>αὐτοῖς</span> <span class='ocrx_word' id='word_1_171' title='bbox 3376 1207 3471 1259; x_wconf 86' lang='grc' dir='ltr'>τὸν</span> <span class='ocrx_word' id='word_1_172' title='bbox 3504 1208 3618 1278; x_wconf 84' lang='grc' dir='ltr'>βίον</span> <span class='ocrx_word' id='word_1_173' title='bbox 3650 1212 3740 1263; x_wconf 80' lang='grc' dir='ltr'>αίο</span> 
     </span>
    </p>
   </div>
   <div class='ocr_carea' id='block_1_27' title="bbox 2163 1296 3741 1369">
    <p class='ocr_par' dir='ltr' id='par_1_27' title="bbox 2163 1296 3741 1369">
     <span class='ocr_line' id='line_1_27' title="bbox 2163 1296 3741 1369; baseline 0.003 -22"><span class='ocrx_word' id='word_1_174' title='bbox 2163 1296 2362 1365; x_wconf 87' lang='grc' dir='ltr'>σχίστῳ</span> <span class='ocrx_word' id='word_1_175' title='bbox 2410 1298 2560 1367; x_wconf 74' lang='grc' dir='ltr'>μόρῳ</span> <span class='ocrx_word' id='word_1_176' title='bbox 2597 1299 2938 1368; x_wconf 63' lang='grc' dir='ltr'>κατέστρεψε</span> <span class='ocrx_word' id='word_1_177' title='bbox 2966 1336 2982 1360; x_wconf 96' lang='grc'><strong>,</strong></span> <span class='ocrx_word' id='word_1_178' title='bbox 3038 1298 3233 1351; x_wconf 77' lang='grc' dir='ltr'>ἑαυτὸν</span> <span class='ocrx_word' id='word_1_179' title='bbox 3287 1300 3575 1369; x_wconf 78' lang='grc' dir='ltr'>ἀποφήνας</span> <span class='ocrx_word' id='word_1_180' title='bbox 3625 1303 3741 1363; x_wconf 87' lang='grc' dir='ltr'>τοῖς</span> 
     </span>
    </p>
   </div>
   <div class='ocr_carea' id='block_1_28' title="bbox 2158 1387 3504 1459">
    <p class='ocr_par' dir='ltr' id='par_1_28' title="bbox 2158 1387 3504 1459">
     <span class='ocr_line' id='line_1_28' title="bbox 2158 1387 3504 1459; baseline 0.003 -21"><span class='ocrx_word' id='word_1_181' title='bbox 2158 1387 2374 1457; x_wconf 79' lang='grc' dir='ltr'>ἐχθροῖς</span> <span class='ocrx_word' id='word_1_182' title='bbox 2406 1390 2721 1459; x_wconf 79' lang='grc' dir='ltr'>κωμῳδίαν,</span> <span class='ocrx_word' id='word_1_183' title='bbox 2751 1393 2865 1452; x_wconf 87' lang='grc' dir='ltr'>τοῖς</span> <span class='ocrx_word' id='word_1_184' title='bbox 2892 1390 2948 1442; x_wconf 85' lang='grc' dir='ltr'>δὲ</span> <span class='ocrx_word' id='word_1_185' title='bbox 2975 1389 3150 1457; x_wconf 82' lang='grc' dir='ltr'>φίλοις</span> <span class='ocrx_word' id='word_1_186' title='bbox 3177 1389 3504 1459; x_wconf 82' lang='grc' dir='ltr'>θρηνῳδίαν.</span> 
     </span>
    </p>
   </div>
   <div class='ocr_carea' id='block_1_29' title="bbox 2234 1484 3741 1555">
    <p class='ocr_par' dir='ltr' id='par_1_29' title="bbox 2234 1484 3741 1555">
     <span class='ocr_line' id='line_1_29' title="bbox 2234 1484 3741 1555; baseline 0.001 -19"><span class='ocrx_word' id='word_1_187' title='bbox 2234 1484 2309 1552; x_wconf 78' lang='grc'><strong>(4)</strong></span> <span class='ocrx_word' id='word_1_188' title='bbox 2345 1484 2501 1537; x_wconf 85' lang='grc' dir='ltr'><strong>Μετὰ</strong></span> <span class='ocrx_word' id='word_1_189' title='bbox 2538 1485 2592 1537; x_wconf 84' lang='grc' dir='ltr'>δὲ</span> <span class='ocrx_word' id='word_1_190' title='bbox 2615 1485 2857 1555; x_wconf 72' lang='grc' dir='ltr'>Σαμψὼν</span> <span class='ocrx_word' id='word_1_191' title='bbox 2888 1485 3107 1552; x_wconf 81' lang='grc' dir='ltr'>ἐγένετο</span> <span class='ocrx_word' id='word_1_192' title='bbox 3135 1485 3372 1555; x_wconf 86' lang='grc' dir='ltr'>ἀναρχία</span> <span class='ocrx_word' id='word_1_193' title='bbox 3407 1486 3502 1554; x_wconf 81' lang='grc' dir='ltr'>ἔτη</span> <span class='ocrx_word' id='word_1_194' title='bbox 3541 1485 3615 1555; x_wconf 86' lang='grc' dir='ltr'>μ’,</span> <span class='ocrx_word' id='word_1_195' title='bbox 3645 1488 3741 1540; x_wconf 68' lang='grc' dir='ltr'>καὶ</span> 
     </span>
    </p>
   </div>
   <div class='ocr_carea' id='block_1_30' title="bbox 2158 1572 3742 1647">
    <p class='ocr_par' dir='ltr' id='par_1_30' title="bbox 2158 1572 3742 1647">
     <span class='ocr_line' id='line_1_30' title="bbox 2158 1572 3742 1647; baseline 0.003 -22"><span class='ocrx_word' id='word_1_196' title='bbox 2158 1572 2387 1637; x_wconf 79' lang='grc' dir='ltr'>ἕκαστος</span> <span class='ocrx_word' id='word_1_197' title='bbox 2421 1575 2693 1645; x_wconf 79' lang='grc' dir='ltr'>ἔπραττεν</span> <span class='ocrx_word' id='word_1_198' title='bbox 2727 1578 2865 1647; x_wconf 85' lang='grc' dir='ltr'>ὅπερ</span> <span class='ocrx_word' id='word_1_199' title='bbox 2915 1575 3198 1644; x_wconf 67' lang='grc' dir='ltr'>ἠϐούλετο,</span> <span class='ocrx_word' id='word_1_200' title='bbox 3253 1576 3375 1629; x_wconf 84' lang='grc' dir='ltr'>ὅθεν</span> <span class='ocrx_word' id='word_1_201' title='bbox 3402 1576 3448 1607; x_wconf 76' lang='grc' dir='ltr'><strong>⁸ο</strong></span> <span class='ocrx_word' id='word_1_202' title='bbox 3480 1578 3515 1647; x_wconf 80' lang='grc' dir='ltr'><strong>η</strong></span> <span class='ocrx_word' id='word_1_203' title='bbox 3548 1578 3742 1646; x_wconf 78' lang='grc' dir='ltr'>Γραφῆ</span> 
     </span>
    </p>
   </div>
   <div class='ocr_carea' id='block_1_31' title="bbox 2158 1666 3737 1737">
    <p class='ocr_par' dir='ltr' id='par_1_31' title="bbox 2158 1666 3737 1737">
     <span class='ocr_line' id='line_1_31' title="bbox 2158 1666 3737 1737; baseline 0.003 -20"><span class='ocrx_word' id='word_1_204' title='bbox 2158 1666 2257 1737; x_wconf 81' lang='grc' dir='ltr'>τὴν</span> <span class='ocrx_word' id='word_1_205' title='bbox 2278 1666 2457 1720; x_wconf 74' lang='grc' dir='ltr'>αἰτίαν</span> <span class='ocrx_word' id='word_1_206' title='bbox 2478 1667 2817 1737; x_wconf 73' lang='grc' dir='ltr'>ἐμφαίνουσα</span> <span class='ocrx_word' id='word_1_207' title='bbox 2840 1666 3000 1737; x_wconf 79' lang='lat'><strong>109</strong></span> <span class='ocrx_word' id='word_1_208' title='bbox 3014 1668 3112 1736; x_wconf 88' lang='grc' dir='ltr'><strong>τῆς</strong></span> <span class='ocrx_word' id='word_1_209' title='bbox 3135 1668 3482 1737; x_wconf 79' lang='grc' dir='ltr'>παρανομίας</span> <span class='ocrx_word' id='word_1_210' title='bbox 3498 1667 3703 1735; x_wconf 83' lang='grc' dir='ltr'>λέγει⁸¹</span> <span class='ocrx_word' id='word_1_211' title='bbox 3724 1684 3737 1698; x_wconf 75' lang='grc'><strong><em>⁸</em></strong></span> 
     </span>
    </p>
   </div>
   <div class='ocr_carea' id='block_1_32' title="bbox 481 1733 2048 1843">
    <p class='ocr_par' dir='ltr' id='par_1_32' title="bbox 481 1771 2048 1843">
     <span class='ocr_line' id='line_1_32' title="bbox 481 1771 2048 1843; baseline 0.003 -20"><span class='ocrx_word' id='word_1_212' title='bbox 481 1773 675 1826; x_wconf 82' lang='lat' dir='ltr'><strong>diebus</strong></span> <span class='ocrx_word' id='word_1_213' title='bbox 712 1773 818 1826; x_wconf 89' lang='lat' dir='ltr'><strong>illis</strong></span> <span class='ocrx_word' id='word_1_214' title='bbox 838 1788 945 1824; x_wconf 89' lang='lat' dir='ltr'><strong>non</strong></span> <span class='ocrx_word' id='word_1_215' title='bbox 978 1779 1095 1824; x_wconf 90' lang='lat' dir='ltr'><strong>erat</strong></span> <span class='ocrx_word' id='word_1_216' title='bbox 1125 1786 1218 1825; x_wconf 79' lang='lat' dir='ltr'><strong>rex</strong></span> <span class='ocrx_word' id='word_1_217' title='bbox 1252 1772 1306 1824; x_wconf 91' lang='lat' dir='ltr'><strong>in</strong></span> <span class='ocrx_word' id='word_1_218' title='bbox 1337 1771 1521 1835; x_wconf 89' lang='lat' dir='ltr'><strong>Israel,</strong></span> <span class='ocrx_word' id='word_1_219' title='bbox 1551 1772 1646 1826; x_wconf 87' lang='lat' dir='ltr'><strong>sed</strong></span> <span class='ocrx_word' id='word_1_220' title='bbox 1672 1773 2048 1843; x_wconf 85' lang='lat' dir='ltr'><strong>unusquisque</strong></span> 
     </span>
    </p>
   </div>
   <div class='ocr_carea' id='block_1_33' title="bbox 2153 1733 3742 1843">
    <p class='ocr_par' dir='ltr' id='par_1_33' title="bbox 2166 1733 3742 1829">
     <span class='ocr_line' id='line_1_33' title="bbox 2166 1733 3742 1829; baseline 0.002 -21"><span class='ocrx_word' id='word_1_221' title='bbox 2166 1774 2184 1807; x_wconf 74' lang='grc' dir='ltr'><strong>ι</strong></span> <span class='ocrx_word' id='word_1_222' title='bbox 2214 1733 2333 1809; x_wconf 66' lang='grc' dir='ltr'><strong>⁷Ἐν</strong></span> <span class='ocrx_word' id='word_1_223' title='bbox 2379 1733 2521 1820; x_wconf 34' lang='grc' dir='ltr'>ταῖς-</span> <span class='ocrx_word' id='word_1_224' title='bbox 2560 1733 2802 1829; x_wconf 77' lang='grc' dir='ltr'>ῆμέραις</span> <span class='ocrx_word' id='word_1_225' title='bbox 2842 1733 3097 1822; x_wconf 64' lang='grc' dir='ltr'>ἐκείναις</span> <span class='ocrx_word' id='word_1_226' title='bbox 3143 1733 3243 1812; x_wconf 77' lang='grc' dir='ltr'>οὐκ</span> <span class='ocrx_word' id='word_1_227' title='bbox 3277 1733 3368 1829; x_wconf 66' lang='grc' dir='ltr'><strong>ἦν⁷</strong></span> <span class='ocrx_word' id='word_1_228' title='bbox 3397 1733 3654 1829; x_wconf 76' lang='grc' dir='ltr'>βασιλεὺς</span> <span class='ocrx_word' id='word_1_229' title='bbox 3682 1761 3742 1811; x_wconf 84' lang='grc' dir='ltr'><strong>ἐν</strong></span> 
     </span>
    </p>
   </div>
   <div class='ocr_carea' id='block_1_34' title="bbox 480 1859 2054 1929">
    <p class='ocr_par' dir='ltr' id='par_1_34' title="bbox 480 1859 2054 1929">
     <span class='ocr_line' id='line_1_34' title="bbox 480 1859 2054 1929; baseline 0.004 -18"><span class='ocrx_word' id='word_1_230' title='bbox 480 1861 625 1929; x_wconf 82' lang='lat' dir='ltr'><strong>quod</strong></span> <span class='ocrx_word' id='word_1_231' title='bbox 662 1862 764 1929; x_wconf 85' lang='lat' dir='ltr'><strong>ipsi</strong></span> <span class='ocrx_word' id='word_1_232' title='bbox 798 1870 1010 1914; x_wconf 84' lang='lat' dir='ltr'><strong>rectum</strong></span> <span class='ocrx_word' id='word_1_233' title='bbox 1044 1859 1347 1922; x_wconf 78' lang='lat' dir='ltr'><strong>videbatur,</strong></span> <span class='ocrx_word' id='word_1_234' title='bbox 1380 1860 1485 1915; x_wconf 86' lang='lat' dir='ltr'><strong>hoc</strong></span> <span class='ocrx_word' id='word_1_235' title='bbox 1536 1860 1793 1917; x_wconf 68' lang='lat' dir='ltr'><strong>fat-iebat.</strong></span> <span class='ocrx_word' id='word_1_236' title='bbox 1831 1880 1849 1914; x_wconf 74' lang='grc' dir='ltr'><strong>ι</strong></span> <span class='ocrx_word' id='word_1_237' title='bbox 1891 1863 2054 1917; x_wconf 83' lang='lat' dir='ltr'><strong>Tanti</strong></span> 
     </span>
    </p>
   </div>
   <div class='ocr_carea' id='block_1_35' title="bbox 476 1951 2059 2019">
    <p class='ocr_par' dir='ltr' id='par_1_35' title="bbox 476 1951 2059 2019">
     <span class='ocr_line' id='line_1_35' title="bbox 476 1951 2059 2019; baseline 0.003 -16"><span class='ocrx_word' id='word_1_238' title='bbox 476 1952 580 2004; x_wconf 77' lang='lat' dir='ltr'><strong>fuit</strong></span> <span class='ocrx_word' id='word_1_239' title='bbox 628 1952 780 2019; x_wconf 82' lang='lat' dir='ltr'><strong>origo</strong></span> <span class='ocrx_word' id='word_1_240' title='bbox 810 1951 934 2003; x_wconf 84' lang='lat' dir='ltr'><strong>mali</strong></span> <span class='ocrx_word' id='word_1_241' title='bbox 975 1952 1260 2015; x_wconf 87' lang='lat' dir='ltr'><strong>anarchia,</strong></span> <span class='ocrx_word' id='word_1_242' title='bbox 1292 1962 1350 2006; x_wconf 90' lang='lat' dir='ltr'><strong>ut</strong></span> <span class='ocrx_word' id='word_1_243' title='bbox 1376 1962 1568 2007; x_wconf 90' lang='lat' dir='ltr'><strong>contra</strong></span> <span class='ocrx_word' id='word_1_244' title='bbox 1611 1955 1839 2009; x_wconf 90' lang='lat' dir='ltr'><strong>invicem</strong></span> <span class='ocrx_word' id='word_1_245' title='bbox 1878 1956 2059 2009; x_wconf 89' lang='lat' dir='ltr'><strong>insur—</strong></span> 
     </span>
    </p>
   </div>
   <div class='ocr_carea' id='block_1_36' title="bbox 477 2040 2054 2111">
    <p class='ocr_par' dir='ltr' id='par_1_36' title="bbox 477 2040 2054 2111">
     <span class='ocr_line' id='line_1_36' title="bbox 477 2040 2054 2111; baseline 0.003 -17"><span class='ocrx_word' id='word_1_246' title='bbox 477 2051 662 2110; x_wconf 74' lang='lat' dir='ltr'><strong>gentes</strong></span> <span class='ocrx_word' id='word_1_247' title='bbox 701 2056 821 2094; x_wconf 81' lang='lat' dir='ltr'><strong>sese</strong></span> <span class='ocrx_word' id='word_1_248' title='bbox 869 2040 1097 2094; x_wconf 78' lang='lat' dir='ltr'><strong>invicem</strong></span> <span class='ocrx_word' id='word_1_249' title='bbox 1146 2042 1530 2105; x_wconf 86' lang='lat' dir='ltr'><strong>trucidarent,</strong></span> <span class='ocrx_word' id='word_1_250' title='bbox 1580 2045 1878 2111; x_wconf 55' lang='lat' dir='ltr'><strong>praesertim</strong></span> <span class='ocrx_word' id='word_1_251' title='bbox 1930 2061 2054 2098; x_wconf 89' lang='lat' dir='ltr'><strong>cum</strong></span> 
     </span>
    </p>
   </div>
   <div class='ocr_carea' id='block_1_37' title="bbox 486 2130 2056 2201">
    <p class='ocr_par' dir='ltr' id='par_1_37' title="bbox 486 2130 2056 2201">
     <span class='ocr_line' id='line_1_37' title="bbox 486 2130 2056 2201; baseline 0.004 -20"><span class='ocrx_word' id='word_1_252' title='bbox 486 2130 675 2183; x_wconf 71' lang='lat' dir='ltr'><strong>violata</strong></span> <span class='ocrx_word' id='word_1_253' title='bbox 708 2146 874 2183; x_wconf 73' lang='lat' dir='ltr'><strong>uxore</strong></span> <span class='ocrx_word' id='word_1_254' title='bbox 908 2130 1132 2184; x_wconf 85' lang='lat' dir='ltr'><strong>viatoris</strong></span> <span class='ocrx_word' id='word_1_255' title='bbox 1176 2145 1207 2184; x_wconf 94' lang='lat' dir='ltr'><strong>a</strong></span> <span class='ocrx_word' id='word_1_256' title='bbox 1243 2132 1374 2184; x_wconf 85' lang='lat' dir='ltr'><strong>viris</strong></span> <span class='ocrx_word' id='word_1_257' title='bbox 1404 2130 1470 2184; x_wconf 90' lang='lat' dir='ltr'><strong>de</strong></span> <span class='ocrx_word' id='word_1_258' title='bbox 1502 2132 1647 2185; x_wconf 88' lang='lat' dir='ltr'><strong>tribu</strong></span> <span class='ocrx_word' id='word_1_259' title='bbox 1689 2132 1971 2201; x_wconf 81' lang='lat' dir='ltr'><strong>Benjamin</strong></span> <span class='ocrx_word' id='word_1_260' title='bbox 2004 2147 2056 2188; x_wconf 81' lang='lat' dir='ltr'><strong>et</strong></span> 
     </span>
    </p>
   </div>
   <div class='ocr_carea' id='block_1_38' title="bbox 478 2219 2055 2289">
    <p class='ocr_par' dir='ltr' id='par_1_38' title="bbox 478 2219 2055 2289">
     <span class='ocr_line' id='line_1_38' title="bbox 478 2219 2055 2289; baseline 0.003 -16"><span class='ocrx_word' id='word_1_261' title='bbox 478 2220 869 2274; x_wconf 80' lang='lat' dir='ltr'><strong>nefaiidissimo</strong></span> <span class='ocrx_word' id='word_1_262' title='bbox 900 2219 1150 2273; x_wconf 84' lang='lat' dir='ltr'><strong>facmore</strong></span> <span class='ocrx_word' id='word_1_263' title='bbox 1196 2221 1539 2289; x_wconf 85' lang='lat' dir='ltr'><strong>interempta,</strong></span> <span class='ocrx_word' id='word_1_264' title='bbox 1586 2223 1771 2276; x_wconf 87' lang='lat' dir='ltr'><strong>decem</strong></span> <span class='ocrx_word' id='word_1_265' title='bbox 1801 2225 1921 2278; x_wconf 76' lang='lat' dir='ltr'><strong>alia:</strong></span> <span class='ocrx_word' id='word_1_266' title='bbox 1960 2227 2055 2278; x_wconf 88' lang='lat' dir='ltr'><strong>tri-</strong></span> 
     </span>
    </p>
   </div>
   <div class='ocr_carea' id='block_1_39' title="bbox 478 2309 2053 2381">
    <p class='ocr_par' dir='ltr' id='par_1_39' title="bbox 478 2309 2053 2381">
     <span class='ocr_line' id='line_1_39' title="bbox 478 2309 2053 2381; baseline 0.003 -18"><span class='ocrx_word' id='word_1_267' title='bbox 478 2312 582 2365; x_wconf 85' lang='lat' dir='ltr'><strong>bus</strong></span> <span class='ocrx_word' id='word_1_268' title='bbox 637 2325 800 2363; x_wconf 87' lang='lat' dir='ltr'><strong>unam</strong></span> <span class='ocrx_word' id='word_1_269' title='bbox 864 2310 1064 2363; x_wconf 83' lang='lat' dir='ltr'><strong>tribuni</strong></span> <span class='ocrx_word' id='word_1_270' title='bbox 1124 2309 1404 2378; x_wconf 83' lang='lat' dir='ltr'><strong>Bcnjnniiu</strong></span> <span class='ocrx_word' id='word_1_271' title='bbox 1439 2328 1710 2381; x_wconf 73' lang='lat' dir='ltr'><strong>aggressa:</strong></span> <span class='ocrx_word' id='word_1_272' title='bbox 1780 2325 1929 2369; x_wconf 77' lang='lat' dir='ltr'><strong>sunt.</strong></span> <span class='ocrx_word' id='word_1_273' title='bbox 1984 2318 2053 2369; x_wconf 82' lang='lat' dir='ltr'><strong>At</strong></span> 
     </span>
    </p>
   </div>
   <div class='ocr_carea' id='block_1_40' title="bbox 476 2401 2056 2471">
    <p class='ocr_par' dir='ltr' id='par_1_40' title="bbox 476 2401 2056 2471">
     <span class='ocr_line' id='line_1_40' title="bbox 476 2401 2056 2471; baseline 0.003 -14"><span class='ocrx_word' id='word_1_274' title='bbox 476 2406 701 2471; x_wconf 84' lang='lat' dir='ltr'><strong>quando</strong></span> <span class='ocrx_word' id='word_1_275' title='bbox 755 2401 884 2471; x_wconf 69' lang='lat' dir='ltr'><strong>ipsa:</strong></span> <span class='ocrx_word' id='word_1_276' title='bbox 931 2402 1117 2456; x_wconf 81' lang='lat' dir='ltr'><strong>decem</strong></span> <span class='ocrx_word' id='word_1_277' title='bbox 1161 2401 1333 2457; x_wconf 86' lang='lat' dir='ltr'><strong>tribus</strong></span> <span class='ocrx_word' id='word_1_278' title='bbox 1382 2417 1507 2456; x_wconf 91' lang='lat' dir='ltr'><strong>cum</strong></span> <span class='ocrx_word' id='word_1_279' title='bbox 1564 2404 1723 2459; x_wconf 89' lang='lat' dir='ltr'><strong>idolis</strong></span> <span class='ocrx_word' id='word_1_280' title='bbox 1776 2404 2056 2461; x_wconf 81' lang='lat' dir='ltr'><strong>fornicatae</strong></span> 
     </span>
    </p>
   </div>
   <div class='ocr_carea' id='block_1_41' title="bbox 478 2494 2052 2558">
    <p class='ocr_par' dir='ltr' id='par_1_41' title="bbox 478 2494 2052 2558">
     <span class='ocr_line' id='line_1_41' title="bbox 478 2494 2052 2558; baseline 0.002 -9"><span class='ocrx_word' id='word_1_281' title='bbox 478 2496 725 2558; x_wconf 87' lang='lat' dir='ltr'><strong>fuerunt,</strong></span> <span class='ocrx_word' id='word_1_282' title='bbox 772 2495 925 2547; x_wconf 68' lang='lat' dir='ltr'><strong>victae</strong></span> <span class='ocrx_word' id='word_1_283' title='bbox 960 2504 1085 2549; x_wconf 90' lang='lat' dir='ltr'><strong>sunt</strong></span> <span class='ocrx_word' id='word_1_284' title='bbox 1124 2494 1195 2547; x_wconf 90' lang='lat' dir='ltr'><strong>ab</strong></span> <span class='ocrx_word' id='word_1_285' title='bbox 1228 2509 1336 2549; x_wconf 89' lang='lat' dir='ltr'><strong>una</strong></span> <span class='ocrx_word' id='word_1_286' title='bbox 1359 2495 1544 2549; x_wconf 88' lang='lat' dir='ltr'><strong>decem</strong></span> <span class='ocrx_word' id='word_1_287' title='bbox 1594 2498 1763 2552; x_wconf 87' lang='lat' dir='ltr'><strong>tribus</strong></span> <span class='ocrx_word' id='word_1_288' title='bbox 1802 2502 1967 2553; x_wconf 86' lang='lat' dir='ltr'><strong>semel</strong></span> <span class='ocrx_word' id='word_1_289' title='bbox 2003 2512 2052 2552; x_wconf 88' lang='lat' dir='ltr'><strong>et</strong></span> 
     </span>
    </p>
   </div>
   <div class='ocr_carea' id='block_1_42' title="bbox 479 2585 2049 2657">
    <p class='ocr_par' dir='ltr' id='par_1_42' title="bbox 479 2585 2049 2657">
     <span class='ocr_line' id='line_1_42' title="bbox 479 2585 2049 2657; baseline 0 -15"><span class='ocrx_word' id='word_1_290' title='bbox 479 2590 698 2642; x_wconf 86' lang='lat' dir='ltr'><strong>iterum.</strong></span> <span class='ocrx_word' id='word_1_291' title='bbox 732 2586 932 2641; x_wconf 85' lang='lat' dir='ltr'><strong>Deinde</strong></span> <span class='ocrx_word' id='word_1_292' title='bbox 965 2595 1019 2641; x_wconf 89' lang='lat' dir='ltr'><strong>et</strong></span> <span class='ocrx_word' id='word_1_293' title='bbox 1068 2587 1169 2657; x_wconf 85' lang='lat' dir='ltr'><strong>ipsi</strong></span> <span class='ocrx_word' id='word_1_294' title='bbox 1198 2585 1574 2657; x_wconf 83' lang='lat' dir='ltr'><strong>Benjaminitae</strong></span> <span class='ocrx_word' id='word_1_295' title='bbox 1607 2589 1868 2643; x_wconf 89' lang='lat' dir='ltr'><strong>destructi</strong></span> <span class='ocrx_word' id='word_1_296' title='bbox 1901 2601 2049 2653; x_wconf 91' lang='lat' dir='ltr'><strong>sunt,</strong></span> 
     </span>
    </p>
   </div>
   <div class='ocr_carea' id='block_1_43' title="bbox 477 2678 2049 2751">
    <p class='ocr_par' dir='ltr' id='par_1_43' title="bbox 477 2678 2049 2751">
     <span class='ocr_line' id='line_1_43' title="bbox 477 2678 2049 2751; baseline 0.001 -17"><span class='ocrx_word' id='word_1_297' title='bbox 477 2680 776 2735; x_wconf 80' lang='lat' dir='ltr'><strong>secundum</strong></span> <span class='ocrx_word' id='word_1_298' title='bbox 821 2679 969 2749; x_wconf 89' lang='lat' dir='ltr'><strong>quod</strong></span> <span class='ocrx_word' id='word_1_299' title='bbox 1037 2680 1277 2733; x_wconf 88' lang='lat' dir='ltr'><strong>dicitur:</strong></span> <span class='ocrx_word' id='word_1_300' title='bbox 1318 2697 1337 2731; x_wconf 77' lang='grc' dir='ltr'><strong>ι</strong></span> <span class='ocrx_word' id='word_1_301' title='bbox 1381 2678 1669 2735; x_wconf 88' lang='lat' dir='ltr'><strong>Perdidisti</strong></span> <span class='ocrx_word' id='word_1_302' title='bbox 1717 2696 1907 2735; x_wconf 90' lang='lat' dir='ltr'><strong>omnes</strong></span> <span class='ocrx_word' id='word_1_303' title='bbox 1958 2684 2049 2751; x_wconf 83' lang='lat' dir='ltr'><strong>qui</strong></span> 
     </span>
    </p>
   </div>
   <div class='ocr_carea' id='block_1_44' title="bbox 476 2769 2050 2829">
    <p class='ocr_par' dir='ltr' id='par_1_44' title="bbox 476 2769 2050 2829">
     <span class='ocr_line' id='line_1_44' title="bbox 476 2769 2050 2829; baseline 0.003 -4"><span class='ocrx_word' id='word_1_304' title='bbox 476 2773 813 2827; x_wconf 76' lang='lat' dir='ltr'><strong>fornicamur</strong></span> <span class='ocrx_word' id='word_1_305' title='bbox 868 2773 965 2826; x_wconf 90' lang='lat' dir='ltr'><strong>abs</strong></span> <span class='ocrx_word' id='word_1_306' title='bbox 1033 2782 1107 2825; x_wconf 88' lang='lat' dir='ltr'><strong>te.</strong></span> <span class='ocrx_word' id='word_1_307' title='bbox 1148 2790 1165 2822; x_wconf 75' lang='grc' dir='ltr'><strong>ι</strong></span> <span class='ocrx_word' id='word_1_308' title='bbox 1205 2769 1362 2826; x_wconf 83' lang='lat' dir='ltr'><strong>Justo</strong></span> <span class='ocrx_word' id='word_1_309' title='bbox 1414 2773 1561 2827; x_wconf 90' lang='lat' dir='ltr'><strong>enim</strong></span> <span class='ocrx_word' id='word_1_310' title='bbox 1602 2770 1786 2827; x_wconf 74' lang='lat' dir='ltr'><strong>furore</strong></span> <span class='ocrx_word' id='word_1_311' title='bbox 1842 2775 2050 2829; x_wconf 87' lang='lat' dir='ltr'><strong>incensi</strong></span> 
     </span>
    </p>
   </div>
   <div class='ocr_carea' id='block_1_45' title="bbox 471 2864 2051 2937">
    <p class='ocr_par' dir='ltr' id='par_1_45' title="bbox 471 2864 2051 2937">
     <span class='ocr_line' id='line_1_45' title="bbox 471 2864 2051 2937; baseline 0.001 -18"><span class='ocrx_word' id='word_1_312' title='bbox 471 2868 739 2921; x_wconf 61' lang='lat' dir='ltr'><strong>adversus</strong></span> <span class='ocrx_word' id='word_1_313' title='bbox 765 2866 914 2920; x_wconf 83' lang='lat' dir='ltr'><strong>viros</strong></span> <span class='ocrx_word' id='word_1_314' title='bbox 937 2864 1120 2919; x_wconf 86' lang='lat' dir='ltr'><strong>Gabaa</strong></span> <span class='ocrx_word' id='word_1_315' title='bbox 1153 2864 1277 2918; x_wconf 70' lang='lat' dir='ltr'><strong>tilia:</strong></span> <span class='ocrx_word' id='word_1_316' title='bbox 1308 2864 1616 2928; x_wconf 75' lang='lat' dir='ltr'><strong>violatores,</strong></span> <span class='ocrx_word' id='word_1_317' title='bbox 1651 2864 2051 2937; x_wconf 80' lang='lat' dir='ltr'><strong>quadringenta</strong></span> 
     </span>
    </p>
   </div>
   <div class='ocr_carea' id='block_1_46' title="bbox 475 2956 2050 3013">
    <p class='ocr_par' dir='ltr' id='par_1_46' title="bbox 475 2956 2050 3013">
     <span class='ocr_line' id='line_1_46' title="bbox 475 2956 2050 3013; baseline 0.003 -4"><span class='ocrx_word' id='word_1_318' title='bbox 475 2957 641 3009; x_wconf 86' lang='lat' dir='ltr'><strong>millia</strong></span> <span class='ocrx_word' id='word_1_319' title='bbox 703 2956 990 3009; x_wconf 86' lang='lat' dir='ltr'><strong>hominum</strong></span> <span class='ocrx_word' id='word_1_320' title='bbox 1058 2969 1250 3010; x_wconf 88' lang='lat' dir='ltr'><strong>contra</strong></span> <span class='ocrx_word' id='word_1_321' title='bbox 1310 2970 1405 3011; x_wconf 89' lang='lat' dir='ltr'><strong>eos</strong></span> <span class='ocrx_word' id='word_1_322' title='bbox 1456 2966 1831 3013; x_wconf 86' lang='lat' dir='ltr'><strong>armaverunt.</strong></span> <span class='ocrx_word' id='word_1_323' title='bbox 1909 2958 2050 3013; x_wconf 86' lang='lat' dir='ltr'><strong>Deus</strong></span> 
     </span>
    </p>
   </div>
   <div class='ocr_carea' id='block_1_47' title="bbox 473 3044 2048 3117">
    <p class='ocr_par' dir='ltr' id='par_1_47' title="bbox 473 3044 2048 3117">
     <span class='ocr_line' id='line_1_47' title="bbox 473 3044 2048 3117; baseline 0.003 -20"><span class='ocrx_word' id='word_1_324' title='bbox 473 3048 636 3117; x_wconf 77' lang='lat' dir='ltr'><strong>igitur</strong></span> <span class='ocrx_word' id='word_1_325' title='bbox 694 3048 1060 3116; x_wconf 82' lang='lat' dir='ltr'><strong>castigaturus</strong></span> <span class='ocrx_word' id='word_1_326' title='bbox 1105 3060 1198 3100; x_wconf 88' lang='lat' dir='ltr'><strong>eos</strong></span> <span class='ocrx_word' id='word_1_327' title='bbox 1260 3044 1405 3115; x_wconf 89' lang='lat' dir='ltr'><strong>quod</strong></span> <span class='ocrx_word' id='word_1_328' title='bbox 1461 3045 1588 3099; x_wconf 91' lang='lat' dir='ltr'><strong>dum</strong></span> <span class='ocrx_word' id='word_1_329' title='bbox 1641 3047 1835 3101; x_wconf 86' lang='lat' dir='ltr'><strong>similia</strong></span> <span class='ocrx_word' id='word_1_330' title='bbox 1902 3047 2048 3101; x_wconf 90' lang='lat' dir='ltr'><strong>domi</strong></span> 
     </span>
    </p>
   </div>
   <div class='ocr_carea' id='block_1_48' title="bbox 477 3134 2051 3205">
    <p class='ocr_par' dir='ltr' id='par_1_48' title="bbox 477 3134 2051 3205">
     <span class='ocr_line' id='line_1_48' title="bbox 477 3134 2051 3205; baseline 0.003 -18"><span class='ocrx_word' id='word_1_331' title='bbox 477 3143 780 3203; x_wconf 85' lang='lat' dir='ltr'><strong>patrarent,</strong></span> <span class='ocrx_word' id='word_1_332' title='bbox 851 3136 991 3188; x_wconf 89' lang='lat' dir='ltr'><strong>alios</strong></span> <span class='ocrx_word' id='word_1_333' title='bbox 1043 3135 1189 3190; x_wconf 88' lang='lat' dir='ltr'><strong>idem</strong></span> <span class='ocrx_word' id='word_1_334' title='bbox 1259 3134 1525 3189; x_wconf 74' lang='lat' dir='ltr'><strong>facientes</strong></span> <span class='ocrx_word' id='word_1_335' title='bbox 1578 3138 2051 3205; x_wconf 65' lang='lat' dir='ltr'><strong>reprehendebant</strong></span> 
     </span>
    </p>
   </div>
   <div class='ocr_carea' id='block_1_49' title="bbox 474 3226 2049 3297">
    <p class='ocr_par' dir='ltr' id='par_1_49' title="bbox 474 3226 2049 3297">
     <span class='ocr_line' id='line_1_49' title="bbox 474 3226 2049 3297; baseline 0.001 -16"><span class='ocrx_word' id='word_1_336' title='bbox 474 3228 692 3297; x_wconf 65' lang='lat' dir='ltr'><strong>sacpius.</strong></span> <span class='ocrx_word' id='word_1_337' title='bbox 733 3228 787 3280; x_wconf 89' lang='lat' dir='ltr'><strong>in</strong></span> <span class='ocrx_word' id='word_1_338' title='bbox 844 3226 1081 3280; x_wconf 89' lang='lat' dir='ltr'><strong>hostium</strong></span> <span class='ocrx_word' id='word_1_339' title='bbox 1134 3241 1329 3280; x_wconf 85' lang='lat' dir='ltr'><strong>manus</strong></span> <span class='ocrx_word' id='word_1_340' title='bbox 1384 3226 1532 3280; x_wconf 81' lang='lat' dir='ltr'><strong>dedit</strong></span> <span class='ocrx_word' id='word_1_341' title='bbox 1588 3239 1641 3281; x_wconf 92' lang='lat' dir='ltr'><strong>et</strong></span> <span class='ocrx_word' id='word_1_342' title='bbox 1705 3231 1888 3284; x_wconf 84' lang='lat' dir='ltr'><strong>multis</strong></span> <span class='ocrx_word' id='word_1_343' title='bbox 1927 3231 2049 3283; x_wconf 90' lang='lat' dir='ltr'><strong>mil-</strong></span> 
     </span>
    </p>
   </div>
   <div class='ocr_carea' id='block_1_50' title="bbox 476 3316 2051 3384">
    <p class='ocr_par' dir='ltr' id='par_1_50' title="bbox 476 3316 2051 3384">
     <span class='ocr_line' id='line_1_50' title="bbox 476 3316 2051 3384; baseline 0.003 -14"><span class='ocrx_word' id='word_1_344' title='bbox 476 3320 617 3373; x_wconf 88' lang='lat' dir='ltr'><strong>libus</strong></span> <span class='ocrx_word' id='word_1_345' title='bbox 677 3332 868 3373; x_wconf 85' lang='lat' dir='ltr'><strong>corum</strong></span> <span class='ocrx_word' id='word_1_346' title='bbox 938 3330 1122 3371; x_wconf 88' lang='lat' dir='ltr'><strong>necem</strong></span> <span class='ocrx_word' id='word_1_347' title='bbox 1186 3316 1416 3384; x_wconf 83' lang='lat' dir='ltr'><strong>paravit.</strong></span> <span class='ocrx_word' id='word_1_348' title='bbox 1482 3318 1615 3371; x_wconf 84' lang='lat' dir='ltr'><strong>Cum</strong></span> <span class='ocrx_word' id='word_1_349' title='bbox 1679 3328 1859 3373; x_wconf 89' lang='lat' dir='ltr'><strong>autem</strong></span> <span class='ocrx_word' id='word_1_350' title='bbox 1917 3322 2051 3375; x_wconf 75' lang='lat' dir='ltr'><strong>vidit</strong></span> 
     </span>
    </p>
   </div>
   <div class='ocr_carea' id='block_1_51' title="bbox 471 3408 2047 3479">
    <p class='ocr_par' dir='ltr' id='par_1_51' title="bbox 471 3408 2047 3479">
     <span class='ocr_line' id='line_1_51' title="bbox 471 3408 2047 3479; baseline 0.002 -14"><span class='ocrx_word' id='word_1_351' title='bbox 471 3428 587 3475; x_wconf 86' lang='lat' dir='ltr'><strong>eos,</strong></span> <span class='ocrx_word' id='word_1_352' title='bbox 618 3410 909 3479; x_wconf 86' lang='lat' dir='ltr'><strong>disciplina</strong></span> <span class='ocrx_word' id='word_1_353' title='bbox 942 3417 1222 3476; x_wconf 88' lang='lat' dir='ltr'><strong>suscepta,</strong></span> <span class='ocrx_word' id='word_1_354' title='bbox 1248 3408 1302 3461; x_wconf 88' lang='lat' dir='ltr'><strong>iu</strong></span> <span class='ocrx_word' id='word_1_355' title='bbox 1332 3409 1481 3477; x_wconf 87' lang='lat' dir='ltr'><strong>justo</strong></span> <span class='ocrx_word' id='word_1_356' title='bbox 1514 3410 1697 3465; x_wconf 83' lang='lat' dir='ltr'><strong>furore</strong></span> <span class='ocrx_word' id='word_1_357' title='bbox 1730 3428 2047 3479; x_wconf 82' lang='lat' dir='ltr'><strong>permanere</strong></span> 
     </span>
    </p>
   </div>
   <div class='ocr_carea' id='block_1_52' title="bbox 474 3498 2045 3571">
    <p class='ocr_par' dir='ltr' id='par_1_52' title="bbox 474 3498 2045 3571">
     <span class='ocr_line' id='line_1_52' title="bbox 474 3498 2045 3571; baseline 0.001 -15"><span class='ocrx_word' id='word_1_358' title='bbox 474 3503 778 3571; x_wconf 88' lang='lat' dir='ltr'><strong>multasque</strong></span> <span class='ocrx_word' id='word_1_359' title='bbox 798 3498 1132 3571; x_wconf 81' lang='lat' dir='ltr'><strong>profundere</strong></span> <span class='ocrx_word' id='word_1_360' title='bbox 1162 3500 1457 3570; x_wconf 85' lang='lat' dir='ltr'><strong>lacrymas,</strong></span> <span class='ocrx_word' id='word_1_361' title='bbox 1487 3512 1812 3570; x_wconf 88' lang='lat' dir='ltr'><strong>cooperatus</strong></span> <span class='ocrx_word' id='word_1_362' title='bbox 1843 3514 1926 3558; x_wconf 89' lang='lat' dir='ltr'><strong>est</strong></span> <span class='ocrx_word' id='word_1_363' title='bbox 1953 3504 2045 3559; x_wconf 80' lang='lat' dir='ltr'><strong>fini</strong></span> 
     </span>
    </p>
   </div>
   <div class='ocr_carea' id='block_1_53' title="bbox 471 3592 2047 3663">
    <p class='ocr_par' dir='ltr' id='par_1_53' title="bbox 471 3592 2047 3663">
     <span class='ocr_line' id='line_1_53' title="bbox 471 3592 2047 3663; baseline 0 -16"><span class='ocrx_word' id='word_1_364' title='bbox 471 3610 633 3663; x_wconf 83' lang='lat' dir='ltr'><strong>quem</strong></span> <span class='ocrx_word' id='word_1_365' title='bbox 664 3593 1043 3654; x_wconf 83' lang='lat' dir='ltr'><strong>intendebant,</strong></span> <span class='ocrx_word' id='word_1_366' title='bbox 1077 3592 1422 3660; x_wconf 80' lang='lat' dir='ltr'><strong>perdiditque</strong></span> <span class='ocrx_word' id='word_1_367' title='bbox 1447 3601 1615 3646; x_wconf 90' lang='lat' dir='ltr'><strong>totam</strong></span> <span class='ocrx_word' id='word_1_368' title='bbox 1656 3593 1922 3647; x_wconf 84' lang='lat' dir='ltr'><strong>inﬁdelem</strong></span> <span class='ocrx_word' id='word_1_369' title='bbox 1950 3596 2047 3648; x_wconf 89' lang='lat' dir='ltr'><strong>tri-</strong></span> 
     </span>
    </p>
   </div>
   <div class='ocr_carea' id='block_1_54' title="bbox 472 3682 2041 3752">
    <p class='ocr_par' dir='ltr' id='par_1_54' title="bbox 472 3682 2041 3752">
     <span class='ocr_line' id='line_1_54' title="bbox 472 3682 2041 3752; baseline 0.001 -13"><span class='ocrx_word' id='word_1_370' title='bbox 472 3688 622 3749; x_wconf 81' lang='lat' dir='ltr'><strong>buni,</strong></span> <span class='ocrx_word' id='word_1_371' title='bbox 654 3685 892 3752; x_wconf 79' lang='lat' dir='ltr'><strong>exceptis</strong></span> <span class='ocrx_word' id='word_1_372' title='bbox 929 3687 1135 3752; x_wconf 86' lang='lat' dir='ltr'><strong>paucis,</strong></span> <span class='ocrx_word' id='word_1_373' title='bbox 1170 3684 1307 3738; x_wconf 86' lang='lat' dir='ltr'><strong>duce</strong></span> <span class='ocrx_word' id='word_1_374' title='bbox 1349 3682 1582 3739; x_wconf 87' lang='lat' dir='ltr'><strong>Phinees</strong></span> <span class='ocrx_word' id='word_1_375' title='bbox 1616 3684 1886 3739; x_wconf 86' lang='lat' dir='ltr'><strong>Eleazaris</strong></span> <span class='ocrx_word' id='word_1_376' title='bbox 1914 3686 2041 3741; x_wconf 91' lang='lat' dir='ltr'><strong>tilio.</strong></span> 
     </span>
    </p>
   </div>
   <div class='ocr_carea' id='block_1_55' title="bbox 477 3771 2042 3843">
    <p class='ocr_par' dir='ltr' id='par_1_55' title="bbox 477 3771 2042 3843">
     <span class='ocr_line' id='line_1_55' title="bbox 477 3771 2042 3843; baseline 0 -14"><span class='ocrx_word' id='word_1_377' title='bbox 477 3775 615 3829; x_wconf 85' lang='lat' dir='ltr'><strong>Dicit</strong></span> <span class='ocrx_word' id='word_1_378' title='bbox 670 3774 815 3827; x_wconf 87' lang='lat' dir='ltr'><strong>enim</strong></span> <span class='ocrx_word' id='word_1_379' title='bbox 861 3773 1144 3843; x_wconf 80' lang='lat' dir='ltr'><strong>Scriptura</strong></span> <span class='ocrx_word' id='word_1_380' title='bbox 1195 3790 1207 3824; x_wconf 93' lang='lat'>:</span> <span class='ocrx_word' id='word_1_381' title='bbox 1250 3790 1266 3822; x_wconf 77' lang='grc' dir='ltr'><strong>ι</strong></span> <span class='ocrx_word' id='word_1_382' title='bbox 1314 3771 1377 3827; x_wconf 75' lang='lat' dir='ltr'><strong>Et</strong></span> <span class='ocrx_word' id='word_1_383' title='bbox 1434 3774 1909 3843; x_wconf 81' lang='lat' dir='ltr'><strong>interrogaverunt</strong></span> <span class='ocrx_word' id='word_1_384' title='bbox 1950 3776 2042 3830; x_wconf 82' lang='lat' dir='ltr'><strong>ﬁlii</strong></span> 
     </span>
    </p>
   </div>
   <div class='ocr_carea' id='block_1_56' title="bbox 468 3864 2043 3934">
    <p class='ocr_par' dir='ltr' id='par_1_56' title="bbox 468 3864 2043 3934">
     <span class='ocr_line' id='line_1_56' title="bbox 468 3864 2043 3934; baseline 0.001 -12"><span class='ocrx_word' id='word_1_385' title='bbox 468 3869 634 3923; x_wconf 82' lang='lat' dir='ltr'><strong>Israel</strong></span> <span class='ocrx_word' id='word_1_386' title='bbox 670 3867 985 3921; x_wconf 88' lang='lat' dir='ltr'><strong>Dominum.</strong></span> <span class='ocrx_word' id='word_1_387' title='bbox 1033 3864 1107 3917; x_wconf 81' lang='lat' dir='ltr'><strong>Eo</strong></span> <span class='ocrx_word' id='word_1_388' title='bbox 1143 3873 1381 3934; x_wconf 86' lang='lat' dir='ltr'><strong>tempore</strong></span> <span class='ocrx_word' id='word_1_389' title='bbox 1412 3866 1480 3920; x_wconf 90' lang='lat' dir='ltr'><strong>ibi</strong></span> <span class='ocrx_word' id='word_1_390' title='bbox 1527 3878 1640 3920; x_wconf 88' lang='lat' dir='ltr'><strong>erat</strong></span> <span class='ocrx_word' id='word_1_391' title='bbox 1673 3882 1797 3920; x_wconf 87' lang='lat' dir='ltr'><strong>arca</strong></span> <span class='ocrx_word' id='word_1_392' title='bbox 1827 3866 2043 3923; x_wconf 70' lang='lat' dir='ltr'><strong>imiteris</strong></span> 
     </span>
    </p>
   </div>
   <div class='ocr_carea' id='block_1_57' title="bbox 469 3956 2042 4027">
    <p class='ocr_par' dir='ltr' id='par_1_57' title="bbox 469 3956 2042 4027">
     <span class='ocr_line' id='line_1_57' title="bbox 469 3956 2042 4027; baseline -0.001 -13"><span class='ocrx_word' id='word_1_393' title='bbox 469 3959 586 4027; x_wconf 73' lang='lat' dir='ltr'><strong>Dei,</strong></span> <span class='ocrx_word' id='word_1_394' title='bbox 616 3968 670 4015; x_wconf 90' lang='lat' dir='ltr'><strong>et</strong></span> <span class='ocrx_word' id='word_1_395' title='bbox 696 3967 847 4016; x_wconf 79' lang='lat' dir='ltr'><strong>stans</strong></span> <span class='ocrx_word' id='word_1_396' title='bbox 892 3967 1017 4011; x_wconf 88' lang='lat' dir='ltr'><strong>ante</strong></span> <span class='ocrx_word' id='word_1_397' title='bbox 1050 3972 1232 4009; x_wconf 90' lang='lat' dir='ltr'><strong>arcam</strong></span> <span class='ocrx_word' id='word_1_398' title='bbox 1272 3956 1697 4011; x_wconf 83' lang='lat' dir='ltr'><strong>Phinces‘tilius</strong></span> <span class='ocrx_word' id='word_1_399' title='bbox 1754 3958 2042 4023; x_wconf 81' lang='lat' dir='ltr'><strong>Eleazaris,</strong></span> 
     </span>
    </p>
   </div>
   <div class='ocr_carea' id='block_1_58' title="bbox 470 4048 2043 4120">
    <p class='ocr_par' dir='ltr' id='par_1_58' title="bbox 470 4048 2043 4120">
     <span class='ocr_line' id='line_1_58' title="bbox 470 4048 2043 4120; baseline -0.001 -14"><span class='ocrx_word' id='word_1_400' title='bbox 470 4052 563 4106; x_wconf 86' lang='lat' dir='ltr'><strong>tilii</strong></span> <span class='ocrx_word' id='word_1_401' title='bbox 622 4054 804 4106; x_wconf 82' lang='lat' dir='ltr'><strong>Aaron</strong></span> <span class='ocrx_word' id='word_1_402' title='bbox 857 4050 1030 4104; x_wconf 79' lang='lat' dir='ltr'><strong>dixit:</strong></span> <span class='ocrx_word' id='word_1_403' title='bbox 1064 4048 1360 4104; x_wconf 81' lang='lat' dir='ltr'><strong>Praestatne</strong></span> <span class='ocrx_word' id='word_1_404' title='bbox 1420 4050 1569 4103; x_wconf 82' lang='lat' dir='ltr'><strong>exire</strong></span> <span class='ocrx_word' id='word_1_405' title='bbox 1632 4050 1770 4103; x_wconf 88' lang='lat' dir='ltr'><strong>ultra</strong></span> <span class='ocrx_word' id='word_1_406' title='bbox 1830 4050 1895 4103; x_wconf 92' lang='lat' dir='ltr'><strong>ad</strong></span> <span class='ocrx_word' id='word_1_407' title='bbox 1946 4067 2043 4120; x_wconf 88' lang='lat' dir='ltr'><strong>pu-</strong></span> 
     </span>
    </p>
   </div>
   <div class='ocr_carea' id='block_1_59' title="bbox 468 4135 2040 4209">
    <p class='ocr_par' dir='ltr' id='par_1_59' title="bbox 468 4135 2040 4209">
     <span class='ocr_line' id='line_1_59' title="bbox 468 4135 2040 4209; baseline 0.001 -16"><span class='ocrx_word' id='word_1_408' title='bbox 468 4155 624 4209; x_wconf 70' lang='lat' dir='ltr'><strong>gnam</strong></span> <span class='ocrx_word' id='word_1_409' title='bbox 682 4148 872 4194; x_wconf 86' lang='lat' dir='ltr'><strong>contra</strong></span> <span class='ocrx_word' id='word_1_410' title='bbox 939 4138 1078 4193; x_wconf 81' lang='lat' dir='ltr'><strong>ﬁlios</strong></span> <span class='ocrx_word' id='word_1_411' title='bbox 1138 4135 1423 4206; x_wconf 85' lang='lat' dir='ltr'><strong>Benjamin</strong></span> <span class='ocrx_word' id='word_1_412' title='bbox 1481 4138 1668 4194; x_wconf 78' lang='lat' dir='ltr'><strong>fratris</strong></span> <span class='ocrx_word' id='word_1_413' title='bbox 1719 4140 1911 4206; x_wconf 69' lang='lat' dir='ltr'><strong>n0stri,</strong></span> <span class='ocrx_word' id='word_1_414' title='bbox 1974 4158 2040 4195; x_wconf 89' lang='lat' dir='ltr'><strong>an</strong></span> 
     </span>
    </p>
   </div>
   <div class='ocr_carea' id='block_1_60' title="bbox 464 4229 2041 4302">
    <p class='ocr_par' dir='ltr' id='par_1_60' title="bbox 464 4229 2041 4302">
     <span class='ocr_line' id='line_1_60' title="bbox 464 4229 2041 4302; baseline 0.001 -16"><span class='ocrx_word' id='word_1_415' title='bbox 464 4230 789 4302; x_wconf 78' lang='lat' dir='ltr'><strong>quiescere?</strong></span> <span class='ocrx_word' id='word_1_416' title='bbox 854 4230 919 4284; x_wconf 78' lang='lat' dir='ltr'><strong>Et</strong></span> <span class='ocrx_word' id='word_1_417' title='bbox 974 4230 1114 4285; x_wconf 74' lang='lat' dir='ltr'><strong>dixit</strong></span> <span class='ocrx_word' id='word_1_418' title='bbox 1176 4229 1442 4286; x_wconf 83' lang='lat' dir='ltr'><strong>Dominus</strong></span> <span class='ocrx_word' id='word_1_419' title='bbox 1506 4249 1519 4285; x_wconf 89' lang='lat'><strong>:</strong></span> <span class='ocrx_word' id='word_1_420' title='bbox 1574 4234 1819 4286; x_wconf 70' lang='lat' dir='ltr'><strong>ASt&#39;CliiiC</strong></span> <span class='ocrx_word' id='word_1_421' title='bbox 1856 4274 1870 4298; x_wconf 93' lang='lat'><strong>,</strong></span> <span class='ocrx_word' id='word_1_422' title='bbox 1920 4250 2041 4287; x_wconf 82' lang='lat' dir='ltr'><strong>cras</strong></span> 
     </span>
    </p>
   </div>
   <div class='ocr_carea' id='block_1_61' title="bbox 464 4324 2041 4390">
    <p class='ocr_par' dir='ltr' id='par_1_61' title="bbox 464 4324 2041 4390">
     <span class='ocr_line' id='line_1_61' title="bbox 464 4324 2041 4390; baseline 0.001 -12"><span class='ocrx_word' id='word_1_423' title='bbox 464 4325 609 4379; x_wconf 90' lang='lat' dir='ltr'><strong>enim</strong></span> <span class='ocrx_word' id='word_1_424' title='bbox 653 4325 862 4379; x_wconf 78' lang='lat' dir='ltr'><strong>tradant</strong></span> <span class='ocrx_word' id='word_1_425' title='bbox 922 4338 1020 4380; x_wconf 84' lang='lat' dir='ltr'><strong>eos</strong></span> <span class='ocrx_word' id='word_1_426' title='bbox 1059 4324 1113 4379; x_wconf 93' lang='lat' dir='ltr'><strong>in</strong></span> <span class='ocrx_word' id='word_1_427' title='bbox 1181 4340 1379 4380; x_wconf 88' lang='lat' dir='ltr'><strong>manus</strong></span> <span class='ocrx_word' id='word_1_428' title='bbox 1424 4333 1566 4382; x_wconf 88' lang='lat' dir='ltr'><strong>tuas.</strong></span> <span class='ocrx_word' id='word_1_429' title='bbox 1601 4343 1617 4375; x_wconf 75' lang='grc' dir='ltr'><strong>ι</strong></span> <span class='ocrx_word' id='word_1_430' title='bbox 1653 4324 1805 4390; x_wconf 89' lang='lat' dir='ltr'><strong>Quod</strong></span> <span class='ocrx_word' id='word_1_431' title='bbox 1855 4327 1924 4380; x_wconf 79' lang='lat' dir='ltr'><strong>ita</strong></span> <span class='ocrx_word' id='word_1_432' title='bbox 1961 4325 2041 4380; x_wconf 80' lang='lat' dir='ltr'><strong>fa-</strong></span> 
     </span>
    </p>
   </div>
   <div class='ocr_carea' id='block_1_62' title="bbox 2172 1849 3742 1922">
    <p class='ocr_par' dir='ltr' id='par_1_62' title="bbox 2172 1849 3742 1922">
     <span class='ocr_line' id='line_1_62' title="bbox 2172 1849 3742 1922; baseline 0.003 -22"><span class='ocrx_word' id='word_1_433' title='bbox 2172 1849 2409 1918; x_wconf 81' lang='grc' dir='ltr'>Ἰσραὴλ,</span> <span class='ocrx_word' id='word_1_434' title='bbox 2427 1850 2539 1903; x_wconf 79' lang='grc' dir='ltr'>ἀλλ’</span> <span class='ocrx_word' id='word_1_435' title='bbox 2567 1852 2797 1913; x_wconf 71' lang='grc' dir='ltr'>ἕκαστος</span> <span class='ocrx_word' id='word_1_436' title='bbox 2830 1852 2889 1903; x_wconf 77' lang='grc' dir='ltr'>τὸ</span> <span class='ocrx_word' id='word_1_437' title='bbox 2912 1852 3140 1921; x_wconf 82' lang='grc' dir='ltr'>ἀρεστὸν</span> <span class='ocrx_word' id='word_1_438' title='bbox 3164 1854 3221 1905; x_wconf 83' lang='grc' dir='ltr'><strong>ἐν</strong></span> <span class='ocrx_word' id='word_1_439' title='bbox 3248 1852 3547 1922; x_wconf 80' lang='grc' dir='ltr'>ὀφθαλμοῖς</span> <span class='ocrx_word' id='word_1_440' title='bbox 3570 1851 3742 1906; x_wconf 76' lang='grc' dir='ltr'>αὐτοῦ</span> 
     </span>
    </p>
   </div>
   <div class='ocr_carea' id='block_1_63' title="bbox 2157 1938 3736 2015">
    <p class='ocr_par' dir='ltr' id='par_1_63' title="bbox 2157 1938 3736 2015">
     <span class='ocr_line' id='line_1_63' title="bbox 2157 1938 3736 2015; baseline 0.006 -26"><span class='ocrx_word' id='word_1_441' title='bbox 2157 1938 2371 1991; x_wconf 76' lang='grc' dir='ltr'>ἐποίει»</span> <span class='ocrx_word' id='word_1_442' title='bbox 2405 1942 2756 2011; x_wconf 73' lang='grc' dir='ltr'>-τοταύτης</span> <span class='ocrx_word' id='word_1_443' title='bbox 2791 1942 3051 2012; x_wconf 78' lang='grc' dir='ltr'>πρόξενος</span> <span class='ocrx_word' id='word_1_444' title='bbox 3100 1943 3309 2013; x_wconf 83' lang='grc' dir='ltr'>βλάϐης</span> <span class='ocrx_word' id='word_1_445' title='bbox 3344 1945 3637 2015; x_wconf 82' lang='grc' dir='ltr'>ῆάναρχία</span> <span class='ocrx_word' id='word_1_446' title='bbox 3674 1973 3736 1983; x_wconf 93' lang='grc'><strong><em>--</em></strong></span> 
     </span>
    </p>
   </div>
   <div class='ocr_carea' id='block_1_64' title="bbox 2160 2031 3735 2105">
    <p class='ocr_par' dir='ltr' id='par_1_64' title="bbox 2160 2031 3735 2105">
     <span class='ocr_line' id='line_1_64' title="bbox 2160 2031 3735 2105; baseline 0.004 -23"><span class='ocrx_word' id='word_1_447' title='bbox 2160 2031 2255 2082; x_wconf 75' lang='grc' dir='ltr'>καὶ</span> <span class='ocrx_word' id='word_1_448' title='bbox 2282 2031 2401 2082; x_wconf 88' lang='grc' dir='ltr'>κατ’</span> <span class='ocrx_word' id='word_1_449' title='bbox 2429 2032 2473 2063; x_wconf 79' lang='grc'><strong>⁸⁸</strong></span> <span class='ocrx_word' id='word_1_450' title='bbox 2504 2032 2749 2104; x_wconf 79' lang='grc' dir='ltr'>ἀλλήλων</span> <span class='ocrx_word' id='word_1_451' title='bbox 2786 2034 3235 2105; x_wconf 83' lang='grc' dir='ltr'>συνανιστάμενοι</span> <span class='ocrx_word' id='word_1_452' title='bbox 3256 2034 3735 2105; x_wconf 83' lang='grc' dir='ltr'>συνωλοθρεύοντο,</span> 
     </span>
    </p>
   </div>
   <div class='ocr_carea' id='block_1_65' title="bbox 2162 2120 3737 2198">
    <p class='ocr_par' dir='ltr' id='par_1_65' title="bbox 2162 2120 3737 2198">
     <span class='ocr_line' id='line_1_65' title="bbox 2162 2120 3737 2198; baseline 0.003 -24"><span class='ocrx_word' id='word_1_453' title='bbox 2162 2120 2397 2189; x_wconf 83' lang='grc' dir='ltr'>μάλιστα</span> <span class='ocrx_word' id='word_1_454' title='bbox 2424 2122 2479 2175; x_wconf 83' lang='grc' dir='ltr'>δὲ</span> <span class='ocrx_word' id='word_1_455' title='bbox 2512 2123 2716 2178; x_wconf 79' lang='grc' dir='ltr'>ὁπόταν</span> <span class='ocrx_word' id='word_1_456' title='bbox 2748 2126 2828 2187; x_wconf 84' lang='grc' dir='ltr'><strong>είς</strong></span> <span class='ocrx_word' id='word_1_457' title='bbox 2871 2126 2969 2195; x_wconf 80' lang='grc' dir='ltr'>τὴν</span> <span class='ocrx_word' id='word_1_458' title='bbox 2994 2125 3300 2181; x_wconf 85' lang='grc' dir='ltr'>παλλακίδα</span> <span class='ocrx_word' id='word_1_459' title='bbox 3326 2129 3419 2181; x_wconf 77' lang='grc' dir='ltr'><strong>τοῦ</strong></span> <span class='ocrx_word' id='word_1_460' title='bbox 3455 2128 3737 2198; x_wconf 77' lang='grc' dir='ltr'>ὁδοιπόρου</span> 
     </span>
    </p>
   </div>
   <div class='ocr_carea' id='block_1_66' title="bbox 2156 2212 3737 2289">
    <p class='ocr_par' dir='ltr' id='par_1_66' title="bbox 2156 2212 3737 2289">
     <span class='ocr_line' id='line_1_66' title="bbox 2156 2212 3737 2289; baseline 0.005 -25"><span class='ocrx_word' id='word_1_461' title='bbox 2156 2212 2203 2264; x_wconf 85' lang='grc' dir='ltr'><strong>οῖ</strong></span> <span class='ocrx_word' id='word_1_462' title='bbox 2234 2212 2334 2283; x_wconf 86' lang='grc' dir='ltr'><strong>τῆς</strong></span> <span class='ocrx_word' id='word_1_463' title='bbox 2370 2214 2542 2283; x_wconf 81' lang='grc' dir='ltr'>φυλῆς</span> <span class='ocrx_word' id='word_1_464' title='bbox 2589 2216 2848 2286; x_wconf 74' lang='grc' dir='ltr'>Βενῖαμὶν</span> <span class='ocrx_word' id='word_1_465' title='bbox 2883 2219 3356 2287; x_wconf 85' lang='grc' dir='ltr'>ἐκπορνεύσαντες</span> <span class='ocrx_word' id='word_1_466' title='bbox 3409 2221 3503 2273; x_wconf 70' lang='grc' dir='ltr'><strong>καὶ</strong></span> <span class='ocrx_word' id='word_1_467' title='bbox 3528 2220 3737 2289; x_wconf 74' lang='grc' dir='ltr'>ταύτην</span> 
     </span>
    </p>
   </div>
   <div class='ocr_carea' id='block_1_67' title="bbox 2157 2302 3737 2381">
    <p class='ocr_par' dir='ltr' id='par_1_67' title="bbox 2157 2302 3737 2381">
     <span class='ocr_line' id='line_1_67' title="bbox 2157 2302 3737 2381; baseline 0.006 -26"><span class='ocrx_word' id='word_1_468' title='bbox 2157 2302 2216 2367; x_wconf 79' lang='grc' dir='ltr'>ἐξ</span> <span class='ocrx_word' id='word_1_469' title='bbox 2242 2303 2549 2375; x_wconf 82' lang='grc' dir='ltr'>ὑπερϐολῆς</span> <span class='ocrx_word' id='word_1_470' title='bbox 2588 2308 2884 2371; x_wconf 84' lang='grc' dir='ltr'>ἀκολασίας</span> <span class='ocrx_word' id='word_1_471' title='bbox 2917 2309 3221 2375; x_wconf 82' lang='grc' dir='ltr'>ἀνελόντες,</span> <span class='ocrx_word' id='word_1_472' title='bbox 3259 2313 3311 2363; x_wconf 83' lang='lat' dir='ltr'><strong>al</strong></span> <span class='ocrx_word' id='word_1_473' title='bbox 3336 2312 3465 2364; x_wconf 84' lang='grc' dir='ltr'>δέκα</span> <span class='ocrx_word' id='word_1_474' title='bbox 3499 2312 3545 2343; x_wconf 83' lang='grc'><strong>⁸³</strong></span> <span class='ocrx_word' id='word_1_475' title='bbox 3569 2313 3737 2381; x_wconf 73' lang='grc' dir='ltr'>φυλαὶ</span> 
     </span>
    </p>
   </div>
   <div class='ocr_carea' id='block_1_68' title="bbox 2155 2393 3736 2472">
    <p class='ocr_par' dir='ltr' id='par_1_68' title="bbox 2155 2393 3736 2472">
     <span class='ocr_line' id='line_1_68' title="bbox 2155 2393 3736 2472; baseline 0.006 -28"><span class='ocrx_word' id='word_1_476' title='bbox 2155 2393 2252 2462; x_wconf 82' lang='grc' dir='ltr'>τὴν</span> <span class='ocrx_word' id='word_1_477' title='bbox 2285 2394 2414 2462; x_wconf 85' lang='grc' dir='ltr'>μίαν</span> <span class='ocrx_word' id='word_1_478' title='bbox 2447 2396 2617 2466; x_wconf 80' lang='grc' dir='ltr'>φυλὴν</span> <span class='ocrx_word' id='word_1_479' title='bbox 2663 2397 3014 2469; x_wconf 80' lang='grc' dir='ltr'>ἐπολέμησαν</span> <span class='ocrx_word' id='word_1_480' title='bbox 3035 2417 3047 2430; x_wconf 89' lang='grc'><strong>·</strong></span> <span class='ocrx_word' id='word_1_481' title='bbox 3086 2400 3202 2454; x_wconf 84' lang='grc' dir='ltr'>ἀλλ’</span> <span class='ocrx_word' id='word_1_482' title='bbox 3227 2401 3415 2472; x_wconf 77' lang='grc' dir='ltr'>ἐπειδὴ</span> <span class='ocrx_word' id='word_1_483' title='bbox 3444 2404 3539 2455; x_wconf 81' lang='grc' dir='ltr'>καὶ</span> <span class='ocrx_word' id='word_1_484' title='bbox 3589 2398 3736 2456; x_wconf 77' lang='grc' dir='ltr'>οὗτοι</span> 
     </span>
    </p>
   </div>
   <div class='ocr_carea' id='block_1_69' title="bbox 2155 2486 3735 2561">
    <p class='ocr_par' dir='ltr' id='par_1_69' title="bbox 2155 2486 3735 2561">
     <span class='ocr_line' id='line_1_69' title="bbox 2155 2486 3735 2561; baseline 0.006 -26"><span class='ocrx_word' id='word_1_485' title='bbox 2155 2486 2236 2545; x_wconf 84' lang='grc' dir='ltr'><strong>είς</strong></span> <span class='ocrx_word' id='word_1_486' title='bbox 2265 2486 2333 2537; x_wconf 80' lang='grc' dir='ltr'>τὰ</span> <span class='ocrx_word' id='word_1_487' title='bbox 2363 2486 2558 2539; x_wconf 89' lang='grc' dir='ltr'>εῖδωλα</span> <span class='ocrx_word' id='word_1_488' title='bbox 2606 2489 3023 2560; x_wconf 78' lang='grc' dir='ltr'>ἐξεπὸρνευσαν,</span> <span class='ocrx_word' id='word_1_489' title='bbox 3055 2492 3159 2544; x_wconf 75' lang='grc' dir='ltr'>ὑπὸ</span> <span class='ocrx_word' id='word_1_490' title='bbox 3189 2492 3288 2561; x_wconf 89' lang='grc' dir='ltr'><strong>τῆς</strong></span> <span class='ocrx_word' id='word_1_491' title='bbox 3316 2495 3445 2561; x_wconf 80' lang='grc' dir='ltr'>μιᾶς</span> <span class='ocrx_word' id='word_1_492' title='bbox 3475 2493 3648 2561; x_wconf 83' lang='grc' dir='ltr'>φυλῆς</span> <span class='ocrx_word' id='word_1_493' title='bbox 3678 2494 3735 2546; x_wconf 88' lang='grc' dir='ltr'><strong>αί</strong></span> 
     </span>
    </p>
   </div>
   <div class='ocr_carea' id='block_1_70' title="bbox 2154 2575 3733 2650">
    <p class='ocr_par' dir='ltr' id='par_1_70' title="bbox 2154 2575 3733 2650">
     <span class='ocr_line' id='line_1_70' title="bbox 2154 2575 3733 2650; baseline 0.007 -24"><span class='ocrx_word' id='word_1_494' title='bbox 2154 2575 2348 2629; x_wconf 69' lang='grc' dir='ltr'>ἕνδεκα</span> <span class='ocrx_word' id='word_1_495' title='bbox 2377 2579 2714 2650; x_wconf 81' lang='grc' dir='ltr'>ἐνικήθησαν</span> <span class='ocrx_word' id='word_1_496' title='bbox 2759 2581 2929 2649; x_wconf 76' lang='grc' dir='ltr'>φυλαὶ</span> <span class='ocrx_word' id='word_1_497' title='bbox 2960 2581 3056 2635; x_wconf 72' lang='grc' dir='ltr'>καὶ</span> <span class='ocrx_word' id='word_1_498' title='bbox 3086 2583 3233 2647; x_wconf 73' lang='grc' dir='ltr'>ἅπαξ</span> <span class='ocrx_word' id='word_1_499' title='bbox 3275 2582 3370 2635; x_wconf 75' lang='grc' dir='ltr'>καὶ</span> <span class='ocrx_word' id='word_1_500' title='bbox 3399 2584 3505 2646; x_wconf 88' lang='grc' dir='ltr'>δίς·</span> <span class='ocrx_word' id='word_1_501' title='bbox 3537 2584 3733 2637; x_wconf 68' lang='grc' dir='ltr'>ἔπειτα</span> 
     </span>
    </p>
   </div>
   <div class='ocr_carea' id='block_1_71' title="bbox 2154 2669 3729 2745">
    <p class='ocr_par' dir='ltr' id='par_1_71' title="bbox 2154 2669 3729 2745">
     <span class='ocr_line' id='line_1_71' title="bbox 2154 2669 3729 2745; baseline 0.003 -24"><span class='ocrx_word' id='word_1_502' title='bbox 2154 2669 2397 2721; x_wconf 84' lang='grc' dir='ltr'>κάκεῖνοι</span> <span class='ocrx_word' id='word_1_503' title='bbox 2460 2670 2963 2742; x_wconf 79' lang='grc' dir='ltr'>ἐξωλοθρεύθησαν,</span> <span class='ocrx_word' id='word_1_504' title='bbox 3024 2675 3165 2728; x_wconf 82' lang='grc' dir='ltr'><strong>κατά</strong></span> <span class='ocrx_word' id='word_1_505' title='bbox 3225 2675 3283 2728; x_wconf 79' lang='grc' dir='ltr'><strong>τὸ</strong></span> <span class='ocrx_word' id='word_1_506' title='bbox 3316 2676 3605 2745; x_wconf 79' lang='grc' dir='ltr'>εἰρημένον</span> <span class='ocrx_word' id='word_1_507' title='bbox 3639 2675 3729 2708; x_wconf 71' lang='grc' dir='ltr'><strong>⁸⁸ο</strong></span> 
     </span>
    </p>
   </div>
   <div class='ocr_carea' id='block_1_72' title="bbox 2158 2757 3728 2835">
    <p class='ocr_par' dir='ltr' id='par_1_72' title="bbox 2158 2757 3728 2835">
     <span class='ocr_line' id='line_1_72' title="bbox 2158 2757 3728 2835; baseline 0.008 -26"><span class='ocrx_word' id='word_1_508' title='bbox 2158 2778 2177 2809; x_wconf 71' lang='grc' dir='ltr'><strong>ι</strong></span> <span class='ocrx_word' id='word_1_509' title='bbox 2222 2757 2659 2832; x_wconf 80' lang='grc' dir='ltr'>Ἐξωλόθρευσας</span> <span class='ocrx_word' id='word_1_510' title='bbox 2692 2765 2871 2818; x_wconf 86' lang='grc' dir='ltr'>πάντα</span> <span class='ocrx_word' id='word_1_511' title='bbox 2894 2766 2984 2817; x_wconf 85' lang='grc' dir='ltr'>τὸν</span> <span class='ocrx_word' id='word_1_512' title='bbox 3020 2766 3356 2835; x_wconf 86' lang='grc' dir='ltr'>πορνεύοντα</span> <span class='ocrx_word' id='word_1_513' title='bbox 3397 2769 3503 2821; x_wconf 79' lang='grc' dir='ltr'>ἀπὸ</span> <span class='ocrx_word' id='word_1_514' title='bbox 3536 2769 3654 2822; x_wconf 86' lang='grc' dir='ltr'>σοῦ.</span> <span class='ocrx_word' id='word_1_515' title='bbox 3708 2789 3728 2821; x_wconf 74' lang='grc' dir='ltr'><strong>ι</strong></span> 
     </span>
    </p>
   </div>
   <div class='ocr_carea' id='block_1_73' title="bbox 2153 2852 3718 2931">
    <p class='ocr_par' dir='ltr' id='par_1_73' title="bbox 2153 2852 3718 2931">
     <span class='ocr_line' id='line_1_73' title="bbox 2153 2852 3718 2931; baseline 0.008 -29"><span class='ocrx_word' id='word_1_516' title='bbox 2153 2852 2355 2921; x_wconf 83' lang='grc' dir='ltr'>Δικαίῳ</span> <span class='ocrx_word' id='word_1_517' title='bbox 2378 2854 2484 2923; x_wconf 84' lang='grc' dir='ltr'>γὰρ</span> <span class='ocrx_word' id='word_1_518' title='bbox 2514 2856 2848 2925; x_wconf 81' lang='grc' dir='ltr'>χρησάμενοι</span> <span class='ocrx_word' id='word_1_519' title='bbox 2876 2858 3016 2910; x_wconf 84' lang='grc' dir='ltr'>κατὰ</span> <span class='ocrx_word' id='word_1_520' title='bbox 3052 2858 3161 2911; x_wconf 85' lang='grc' dir='ltr'>τῶν</span> <span class='ocrx_word' id='word_1_521' title='bbox 3184 2860 3242 2910; x_wconf 83' lang='grc' dir='ltr'><strong>ἐν</strong></span> <span class='ocrx_word' id='word_1_522' title='bbox 3268 2858 3455 2931; x_wconf 78' lang='grc' dir='ltr'>Γαϐαᾷ</span> <span class='ocrx_word' id='word_1_523' title='bbox 3475 2861 3519 2892; x_wconf 83' lang='grc'><strong><em>⁸⁸</em></strong></span> <span class='ocrx_word' id='word_1_524' title='bbox 3552 2876 3718 2930; x_wconf 79' lang='grc' dir='ltr'>παρα·</span> 
     </span>
    </p>
   </div>
   <div class='ocr_carea' id='block_1_74' title="bbox 2154 2946 3731 3023">
    <p class='ocr_par' dir='ltr' id='par_1_74' title="bbox 2154 2946 3731 3023">
     <span class='ocr_line' id='line_1_74' title="bbox 2154 2946 3731 3023; baseline 0.008 -29"><span class='ocrx_word' id='word_1_525' title='bbox 2154 2946 2532 3015; x_wconf 80' lang='grc' dir='ltr'>νενομηκότων</span> <span class='ocrx_word' id='word_1_526' title='bbox 2580 2948 2659 3011; x_wconf 87' lang='grc' dir='ltr'><strong>είς</strong></span> <span class='ocrx_word' id='word_1_527' title='bbox 2691 2949 2792 3019; x_wconf 85' lang='grc' dir='ltr'>τὴν</span> <span class='ocrx_word' id='word_1_528' title='bbox 2826 2950 2995 3019; x_wconf 87' lang='grc' dir='ltr'>κόρην</span> <span class='ocrx_word' id='word_1_529' title='bbox 3026 2949 3207 3020; x_wconf 82' lang='grc' dir='ltr'>θυμῷ,</span> <span class='ocrx_word' id='word_1_530' title='bbox 3250 2954 3612 3020; x_wconf 83' lang='grc' dir='ltr'>τετρακοσίας</span> <span class='ocrx_word' id='word_1_531' title='bbox 3646 2972 3731 3023; x_wconf 78' lang='grc' dir='ltr'>χι-</span> 
     </span>
    </p>
   </div>
   <div class='ocr_carea' id='block_1_75' title="bbox 2158 3034 3734 3115">
    <p class='ocr_par' dir='ltr' id='par_1_75' title="bbox 2158 3034 3734 3115">
     <span class='ocr_line' id='line_1_75' title="bbox 2158 3034 3734 3115; baseline 0.007 -29"><span class='ocrx_word' id='word_1_532' title='bbox 2158 3034 2349 3098; x_wconf 87' lang='grc' dir='ltr'>λιάδας</span> <span class='ocrx_word' id='word_1_533' title='bbox 2384 3036 2711 3100; x_wconf 79' lang='grc' dir='ltr'>ἐξώπλισαν.</span> <span class='ocrx_word' id='word_1_534' title='bbox 2745 3038 3040 3092; x_wconf 80' lang='grc' dir='ltr'>Παιδεῦσαι</span> <span class='ocrx_word' id='word_1_535' title='bbox 3065 3040 3119 3093; x_wconf 75' lang='grc' dir='ltr'>δὲ</span> <span class='ocrx_word' id='word_1_536' title='bbox 3153 3042 3181 3094; x_wconf 95' lang='grc' dir='ltr'><strong>ὁ</strong></span> <span class='ocrx_word' id='word_1_537' title='bbox 3214 3042 3343 3104; x_wconf 86' lang='grc' dir='ltr'>Θεὸς</span> <span class='ocrx_word' id='word_1_538' title='bbox 3375 3045 3572 3106; x_wconf 77' lang='grc' dir='ltr'>αὐτοὺς</span> <span class='ocrx_word' id='word_1_539' title='bbox 3602 3045 3734 3115; x_wconf 82' lang='grc' dir='ltr'>βου-</span> 
     </span>
    </p>
   </div>
   <div class='ocr_carea' id='block_1_76' title="bbox 2155 3116 3731 3205">
    <p class='ocr_par' dir='ltr' id='par_1_76' title="bbox 2155 3116 3731 3205">
     <span class='ocr_line' id='line_1_76' title="bbox 2155 3116 3731 3205; baseline 0.009 -29"><span class='ocrx_word' id='word_1_540' title='bbox 2155 3116 2339 3196; x_wconf 72' lang='grc' dir='ltr'>ληθεὶς</span> <span class='ocrx_word' id='word_1_541' title='bbox 2374 3128 2445 3191; x_wconf 80' lang='grc' dir='ltr'>ὡς</span> <span class='ocrx_word' id='word_1_542' title='bbox 2476 3128 2545 3181; x_wconf 86' lang='grc' dir='ltr'><strong>τά</strong></span> <span class='ocrx_word' id='word_1_543' title='bbox 2578 3130 2741 3200; x_wconf 85' lang='grc' dir='ltr'>ὅμοια</span> <span class='ocrx_word' id='word_1_544' title='bbox 2778 3130 3021 3201; x_wconf 81' lang='grc' dir='ltr'>δρῶντας</span> <span class='ocrx_word' id='word_1_545' title='bbox 3054 3132 3151 3186; x_wconf 76' lang='grc' dir='ltr'>καὶ</span> <span class='ocrx_word' id='word_1_546' title='bbox 3192 3134 3251 3187; x_wconf 77' lang='grc' dir='ltr'><strong>ἐν</strong></span> <span class='ocrx_word' id='word_1_547' title='bbox 3293 3134 3473 3199; x_wconf 83' lang='grc' dir='ltr'>ἄλλοις</span> <span class='ocrx_word' id='word_1_548' title='bbox 3525 3139 3622 3205; x_wconf 81' lang='grc' dir='ltr'>μὲν</span> <span class='ocrx_word' id='word_1_549' title='bbox 3668 3139 3731 3190; x_wconf 77' lang='grc' dir='ltr'>τὸ</span> 
     </span>
    </p>
   </div>
   <div class='ocr_carea' id='block_1_77' title="bbox 2155 3216 3731 3288">
    <p class='ocr_par' dir='ltr' id='par_1_77' title="bbox 2155 3216 3731 3288">
     <span class='ocr_line' id='line_1_77' title="bbox 2155 3216 3731 3288; baseline 0.007 -22"><span class='ocrx_word' id='word_1_550' title='bbox 2155 3216 2325 3268; x_wconf 78' lang='grc' dir='ltr'>κακὸν</span> <span class='ocrx_word' id='word_1_551' title='bbox 2354 3216 2717 3288; x_wconf 84' lang='grc' dir='ltr'>θεωροῦντας,</span> <span class='ocrx_word' id='word_1_552' title='bbox 2754 3221 2811 3271; x_wconf 86' lang='grc' dir='ltr'><strong>ἐν</strong></span> <span class='ocrx_word' id='word_1_553' title='bbox 2862 3220 3075 3282; x_wconf 75' lang='grc' dir='ltr'>ἑαυτοῖς</span> <span class='ocrx_word' id='word_1_554' title='bbox 3108 3221 3167 3273; x_wconf 85' lang='grc' dir='ltr'><strong>δέ</strong></span> <span class='ocrx_word' id='word_1_555' title='bbox 3200 3221 3361 3276; x_wconf 88' lang='grc' dir='ltr'>τοῦτο</span> <span class='ocrx_word' id='word_1_556' title='bbox 3399 3227 3575 3277; x_wconf 87' lang='grc' dir='ltr'>ποιεῖν</span> <span class='ocrx_word' id='word_1_557' title='bbox 3628 3225 3731 3277; x_wconf 80' lang='grc' dir='ltr'>οὐκ</span> 
     </span>
    </p>
   </div>
   <div class='ocr_carea' id='block_1_78' title="bbox 2152 3307 3727 3384">
    <p class='ocr_par' dir='ltr' id='par_1_78' title="bbox 2152 3307 3727 3384">
     <span class='ocr_line' id='line_1_78' title="bbox 2152 3307 3727 3384; baseline 0.005 -25"><span class='ocrx_word' id='word_1_558' title='bbox 2152 3307 2457 3376; x_wconf 81' lang='grc' dir='ltr'>ἐθέλοντας,</span> <span class='ocrx_word' id='word_1_559' title='bbox 2494 3312 2587 3363; x_wconf 72' lang='grc' dir='ltr'>καὶ</span> <span class='ocrx_word' id='word_1_560' title='bbox 2618 3310 2765 3377; x_wconf 75' lang='grc' dir='ltr'>ἅπαξ</span> <span class='ocrx_word' id='word_1_561' title='bbox 2792 3313 2888 3364; x_wconf 73' lang='grc' dir='ltr'>καὶ</span> <span class='ocrx_word' id='word_1_562' title='bbox 2905 3311 2988 3376; x_wconf 72' lang='grc' dir='ltr'>δὶς</span> <span class='ocrx_word' id='word_1_563' title='bbox 3021 3313 3322 3384; x_wconf 73' lang='grc' dir='ltr'>ἡττηθῆναι</span> <span class='ocrx_word' id='word_1_564' title='bbox 3352 3315 3727 3384; x_wconf 82' lang='grc' dir='ltr'>συνεχώρησε,</span> 
     </span>
    </p>
   </div>
   <div class='ocr_carea' id='block_1_79' title="bbox 2152 3400 3730 3475">
    <p class='ocr_par' dir='ltr' id='par_1_79' title="bbox 2152 3400 3730 3475">
     <span class='ocr_line' id='line_1_79' title="bbox 2152 3400 3730 3475; baseline 0.006 -24"><span class='ocrx_word' id='word_1_565' title='bbox 2152 3400 2243 3451; x_wconf 71' lang='grc' dir='ltr'>καὶ</span> <span class='ocrx_word' id='word_1_566' title='bbox 2278 3401 2479 3465; x_wconf 75' lang='grc' dir='ltr'>πολλὰς</span> <span class='ocrx_word' id='word_1_567' title='bbox 2506 3403 2684 3456; x_wconf 79' lang='grc' dir='ltr'>αὐτῶν</span> <span class='ocrx_word' id='word_1_568' title='bbox 2716 3402 2964 3473; x_wconf 84' lang='grc' dir='ltr'>χιλιάδας</span> <span class='ocrx_word' id='word_1_569' title='bbox 3003 3405 3380 3475; x_wconf 84' lang='grc' dir='ltr'>ἀναιρεθῆναι.</span> <span class='ocrx_word' id='word_1_570' title='bbox 3428 3407 3646 3473; x_wconf 81' lang='grc' dir='ltr'>Ἐπειδὴ</span> <span class='ocrx_word' id='word_1_571' title='bbox 3673 3408 3730 3460; x_wconf 69' lang='grc' dir='ltr'>δὲ</span> 
     </span>
    </p>
   </div>
   <div class='ocr_carea' id='block_1_80' title="bbox 2151 3488 3732 3570">
    <p class='ocr_par' dir='ltr' id='par_1_80' title="bbox 2151 3488 3732 3570">
     <span class='ocr_line' id='line_1_80' title="bbox 2151 3488 3732 3570; baseline 0.003 -26"><span class='ocrx_word' id='word_1_572' title='bbox 2151 3488 2256 3545; x_wconf 76' lang='grc' dir='ltr'>εἶδε</span> <span class='ocrx_word' id='word_1_573' title='bbox 2290 3496 2382 3547; x_wconf 76' lang='grc' dir='ltr'>καὶ</span> <span class='ocrx_word' id='word_1_574' title='bbox 2403 3495 2500 3565; x_wconf 82' lang='grc' dir='ltr'>τὴν</span> <span class='ocrx_word' id='word_1_575' title='bbox 2530 3496 2781 3550; x_wconf 82' lang='grc' dir='ltr'>παιδείαν</span> <span class='ocrx_word' id='word_1_576' title='bbox 2802 3496 3129 3567; x_wconf 80' lang='grc' dir='ltr'>δεξαμένους</span> <span class='ocrx_word' id='word_1_577' title='bbox 3155 3498 3343 3568; x_wconf 76' lang='grc' dir='ltr'>καὶτῷ</span> <span class='ocrx_word' id='word_1_578' title='bbox 3360 3498 3552 3568; x_wconf 83' lang='grc' dir='ltr'>δικαίῳ</span> <span class='ocrx_word' id='word_1_579' title='bbox 3569 3498 3732 3570; x_wconf 84' lang='grc' dir='ltr'>θυμῷ</span> 
     </span>
    </p>
   </div>
   <div class='ocr_carea' id='block_1_81' title="bbox 2149 3586 3726 3664">
    <p class='ocr_par' dir='ltr' id='par_1_81' title="bbox 2149 3586 3726 3664">
     <span class='ocr_line' id='line_1_81' title="bbox 2149 3586 3726 3664; baseline 0.005 -27"><span class='ocrx_word' id='word_1_580' title='bbox 2149 3586 2531 3655; x_wconf 74' lang='grc' dir='ltr'>ἐπιμένοντας,</span> <span class='ocrx_word' id='word_1_581' title='bbox 2562 3588 3002 3659; x_wconf 77' lang='grc' dir='ltr'>ὀλοφυρομένους</span> <span class='ocrx_word' id='word_1_582' title='bbox 3032 3606 3091 3642; x_wconf 90' lang='grc' dir='ltr'><strong>τε</strong></span> <span class='ocrx_word' id='word_1_583' title='bbox 3124 3588 3218 3643; x_wconf 88' lang='grc' dir='ltr'>καὶ</span> <span class='ocrx_word' id='word_1_584' title='bbox 3253 3591 3422 3644; x_wconf 81' lang='grc' dir='ltr'>πολλὰ</span> <span class='ocrx_word' id='word_1_585' title='bbox 3459 3593 3726 3664; x_wconf 78' lang='grc' dir='ltr'>προχέον-</span> 
     </span>
    </p>
   </div>
   <div class='ocr_carea' id='block_1_82' title="bbox 2148 3679 3727 3753">
    <p class='ocr_par' dir='ltr' id='par_1_82' title="bbox 2148 3679 3727 3753">
     <span class='ocr_line' id='line_1_82' title="bbox 2148 3679 3727 3753; baseline 0.005 -24"><span class='ocrx_word' id='word_1_586' title='bbox 2148 3694 2244 3741; x_wconf 87' lang='grc' dir='ltr'><strong>τας</strong></span> <span class='ocrx_word' id='word_1_587' title='bbox 2272 3679 2503 3747; x_wconf 77' lang='grc' dir='ltr'>δάκρυα,</span> <span class='ocrx_word' id='word_1_588' title='bbox 2541 3684 2853 3751; x_wconf 72' lang='grc' dir='ltr'>συνήργησε</span> <span class='ocrx_word' id='word_1_589' title='bbox 2888 3681 2965 3752; x_wconf 84' lang='grc' dir='ltr'>τῷ</span> <span class='ocrx_word' id='word_1_590' title='bbox 3018 3682 3207 3752; x_wconf 79' lang='grc' dir='ltr'>σκοπῷ</span> <span class='ocrx_word' id='word_1_591' title='bbox 3236 3682 3449 3747; x_wconf 76' lang='grc' dir='ltr'>αὐτῶν,</span> <span class='ocrx_word' id='word_1_592' title='bbox 3495 3684 3592 3736; x_wconf 69' lang='lat' dir='ltr'><strong>xat</strong></span> <span class='ocrx_word' id='word_1_593' title='bbox 3624 3684 3727 3753; x_wconf 84' lang='grc' dir='ltr'><strong>τῆν</strong></span> 
     </span>
    </p>
   </div>
   <div class='ocr_carea' id='block_1_83' title="bbox 2150 3770 3728 3844">
    <p class='ocr_par' dir='ltr' id='par_1_83' title="bbox 2150 3770 3728 3844">
     <span class='ocr_line' id='line_1_83' title="bbox 2150 3770 3728 3844; baseline 0.004 -23"><span class='ocrx_word' id='word_1_594' title='bbox 2150 3770 2465 3841; x_wconf 84' lang='grc' dir='ltr'>παράνομον</span> <span class='ocrx_word' id='word_1_595' title='bbox 2504 3773 2673 3843; x_wconf 87' lang='grc' dir='ltr'>φυλὴν</span> <span class='ocrx_word' id='word_1_596' title='bbox 2701 3774 2870 3844; x_wconf 82' lang='grc' dir='ltr'>ἄρδην</span> <span class='ocrx_word' id='word_1_597' title='bbox 2900 3773 3180 3828; x_wconf 79' lang='grc' dir='ltr'>ἀπώλεσεν</span> <span class='ocrx_word' id='word_1_598' title='bbox 3226 3774 3364 3844; x_wconf 84' lang='grc' dir='ltr'>πλὴν</span> <span class='ocrx_word' id='word_1_599' title='bbox 3398 3774 3597 3842; x_wconf 83' lang='grc' dir='ltr'>ὀλίγων</span> <span class='ocrx_word' id='word_1_600' title='bbox 3630 3778 3693 3827; x_wconf 83' lang='grc' dir='ltr'>εὑ</span> <span class='ocrx_word' id='word_1_601' title='bbox 3721 3808 3728 3815; x_wconf 64' lang='grc' dir='ltr'><strong>ι</strong></span> 
     </span>
    </p>
   </div>
   <div class='ocr_carea' id='block_1_84' title="bbox 2149 3863 3729 3937">
    <p class='ocr_par' dir='ltr' id='par_1_84' title="bbox 2149 3863 3729 3937">
     <span class='ocr_line' id='line_1_84' title="bbox 2149 3863 3729 3937; baseline 0.006 -24"><span class='ocrx_word' id='word_1_602' title='bbox 2149 3863 2488 3933; x_wconf 78' lang='grc' dir='ltr'>αριθμήτων,</span> <span class='ocrx_word' id='word_1_603' title='bbox 2539 3866 2968 3935; x_wconf 81' lang='grc' dir='ltr'>στρατηγοῦντος</span> <span class='ocrx_word' id='word_1_604' title='bbox 3014 3868 3198 3929; x_wconf 78' lang='grc' dir='ltr'>Φινεὲς</span> <span class='ocrx_word' id='word_1_605' title='bbox 3258 3868 3372 3920; x_wconf 86' lang='grc' dir='ltr'>υἱοῦ</span> <span class='ocrx_word' id='word_1_606' title='bbox 3415 3868 3681 3937; x_wconf 71' lang='grc' dir='ltr'>Ἐλεάζαρ</span> <span class='ocrx_word' id='word_1_607' title='bbox 3712 3885 3729 3900; x_wconf 75' lang='grc'><strong><em>⁸</em></strong></span> 
     </span>
    </p>
   </div>
   <div class='ocr_carea' id='block_1_85' title="bbox 2148 3954 3731 4031">
    <p class='ocr_par' dir='ltr' id='par_1_85' title="bbox 2148 3954 3731 4031">
     <span class='ocr_line' id='line_1_85' title="bbox 2148 3954 3731 4031; baseline 0.004 -25"><span class='ocrx_word' id='word_1_608' title='bbox 2148 3954 2280 4023; x_wconf 78' lang='grc' dir='ltr'>φησὶ</span> <span class='ocrx_word' id='word_1_609' title='bbox 2343 3955 2452 4025; x_wconf 85' lang='grc' dir='ltr'><strong>γάρ</strong></span> <span class='ocrx_word' id='word_1_610' title='bbox 2480 3955 2560 3987; x_wconf 83' lang='grc'><strong>⁸⁸·</strong></span> <span class='ocrx_word' id='word_1_611' title='bbox 2626 3975 2643 4008; x_wconf 75' lang='grc' dir='ltr'><strong>ι</strong></span> <span class='ocrx_word' id='word_1_612' title='bbox 2695 3959 2803 4012; x_wconf 77' lang='grc' dir='ltr'><strong>Καὶ</strong></span> <span class='ocrx_word' id='word_1_613' title='bbox 2854 3958 3208 4031; x_wconf 82' lang='grc' dir='ltr'>ἐπερώτησαν</span> <span class='ocrx_word' id='word_1_614' title='bbox 3256 3959 3361 4011; x_wconf 78' lang='grc' dir='ltr'>υἱοὶ</span> <span class='ocrx_word' id='word_1_615' title='bbox 3400 3960 3623 4030; x_wconf 72' lang='grc' dir='ltr'>Ἰσραὴλ</span> <span class='ocrx_word' id='word_1_616' title='bbox 3668 3964 3731 4014; x_wconf 85' lang='grc' dir='ltr'><strong>ἐν</strong></span> 
     </span>
    </p>
   </div>
   <div class='ocr_carea' id='block_1_86' title="bbox 2148 4045 3728 4120">
    <p class='ocr_par' dir='ltr' id='par_1_86' title="bbox 2148 4045 3728 4120">
     <span class='ocr_line' id='line_1_86' title="bbox 2148 4045 3728 4120; baseline 0.006 -24"><span class='ocrx_word' id='word_1_617' title='bbox 2148 4045 2337 4117; x_wconf 82' lang='grc' dir='ltr'>Κυρίῳ</span> <span class='ocrx_word' id='word_1_618' title='bbox 2357 4062 2372 4077; x_wconf 75' lang='grc' dir='ltr'><strong>ο</strong></span> <span class='ocrx_word' id='word_1_619' title='bbox 2406 4051 2501 4100; x_wconf 80' lang='grc' dir='ltr'><strong>καὶ</strong></span> <span class='ocrx_word' id='word_1_620' title='bbox 2535 4049 2652 4100; x_wconf 87' lang='grc' dir='ltr'>ἐκεῖ</span> <span class='ocrx_word' id='word_1_621' title='bbox 2679 4050 2710 4118; x_wconf 79' lang='grc' dir='ltr'>ἡ</span> <span class='ocrx_word' id='word_1_622' title='bbox 2743 4049 2973 4113; x_wconf 80' lang='grc' dir='ltr'>κιϐωτὸς</span> <span class='ocrx_word' id='word_1_623' title='bbox 3024 4051 3124 4120; x_wconf 88' lang='grc' dir='ltr'><strong>τῆς</strong></span> <span class='ocrx_word' id='word_1_624' title='bbox 3155 4050 3417 4120; x_wconf 69' lang='grc' dir='ltr'>διαθήκης</span> <span class='ocrx_word' id='word_1_625' title='bbox 3443 4052 3484 4081; x_wconf 83' lang='grc'><strong>⁸⁷</strong></span> <span class='ocrx_word' id='word_1_626' title='bbox 3514 4055 3574 4105; x_wconf 87' lang='grc' dir='ltr'><strong>ἐν</strong></span> <span class='ocrx_word' id='word_1_627' title='bbox 3602 4058 3728 4116; x_wconf 88' lang='grc' dir='ltr'>ταῖς</span> 
     </span>
    </p>
   </div>
   <div class='ocr_carea' id='block_1_87' title="bbox 2145 4133 3728 4213">
    <p class='ocr_par' dir='ltr' id='par_1_87' title="bbox 2145 4133 3728 4213">
     <span class='ocr_line' id='line_1_87' title="bbox 2145 4133 3728 4213; baseline 0.006 -28"><span class='ocrx_word' id='word_1_628' title='bbox 2145 4133 2385 4205; x_wconf 77' lang='grc' dir='ltr'>ἡμέραις</span> <span class='ocrx_word' id='word_1_629' title='bbox 2420 4138 2649 4208; x_wconf 85' lang='grc' dir='ltr'>Κυρίου,</span> <span class='ocrx_word' id='word_1_630' title='bbox 2692 4139 2789 4191; x_wconf 79' lang='grc' dir='ltr'>καὶ</span> <span class='ocrx_word' id='word_1_631' title='bbox 2832 4139 3018 4203; x_wconf 80' lang='grc' dir='ltr'>Φινεὲς</span> <span class='ocrx_word' id='word_1_632' title='bbox 3071 4140 3236 4211; x_wconf 69' lang='grc'><strong>(24⁸),</strong></span> <span class='ocrx_word' id='word_1_633' title='bbox 3284 4140 3397 4204; x_wconf 85' lang='grc' dir='ltr'>υίὸς</span> <span class='ocrx_word' id='word_1_634' title='bbox 3430 4142 3728 4213; x_wconf 73' lang='grc' dir='ltr'>Ἐλεάζαρ,</span> 
     </span>
    </p>
   </div>
   <div class='ocr_carea' id='block_1_88' title="bbox 2146 4227 3729 4303">
    <p class='ocr_par' dir='ltr' id='par_1_88' title="bbox 2146 4227 3729 4303">
     <span class='ocr_line' id='line_1_88' title="bbox 2146 4227 3729 4303; baseline 0.006 -24"><span class='ocrx_word' id='word_1_635' title='bbox 2146 4227 2263 4279; x_wconf 80' lang='grc' dir='ltr'>υἱοῦ</span> <span class='ocrx_word' id='word_1_636' title='bbox 2294 4228 2530 4298; x_wconf 80' lang='grc' dir='ltr'>Ἀαρὼν,</span> <span class='ocrx_word' id='word_1_637' title='bbox 2565 4231 2932 4301; x_wconf 85' lang='grc' dir='ltr'>παρεστηκὼς</span> <span class='ocrx_word' id='word_1_638' title='bbox 2965 4232 3196 4287; x_wconf 81' lang='grc' dir='ltr'>ἐνώπιον</span> <span class='ocrx_word' id='word_1_639' title='bbox 3240 4234 3341 4303; x_wconf 84' lang='grc' dir='ltr'>τῆς·</span> <span class='ocrx_word' id='word_1_640' title='bbox 3373 4234 3607 4287; x_wconf 88' lang='grc' dir='ltr'>κιϐωτοῦ</span> <span class='ocrx_word' id='word_1_641' title='bbox 3637 4236 3729 4287; x_wconf 84' lang='grc' dir='ltr'><strong>λέ-</strong></span> 
     </span>
    </p>
   </div>
   <div class='ocr_carea' id='block_1_89' title="bbox 2145 4322 3729 4396">
    <p class='ocr_par' dir='ltr' id='par_1_89' title="bbox 2145 4322 3729 4396">
     <span class='ocr_line' id='line_1_89' title="bbox 2145 4322 3729 4396; baseline 0.006 -24"><span class='ocrx_word' id='word_1_642' title='bbox 2145 4337 2259 4390; x_wconf 79' lang='grc' dir='ltr'>γει’</span> <span class='ocrx_word' id='word_1_643' title='bbox 2318 4322 2378 4374; x_wconf 85' lang='grc' dir='ltr'><strong>Εἰ</strong></span> <span class='ocrx_word' id='word_1_644' title='bbox 2437 4322 2660 4393; x_wconf 88' lang='grc' dir='ltr'>προσθῶ</span> <span class='ocrx_word' id='word_1_645' title='bbox 2697 4323 2741 4355; x_wconf 75' lang='grc'><strong>’³⁸</strong></span> <span class='ocrx_word' id='word_1_646' title='bbox 2781 4324 2860 4377; x_wconf 77' lang='grc' dir='ltr'>ἔτι</span> <span class='ocrx_word' id='word_1_647' title='bbox 2917 4323 3154 4390; x_wconf 79' lang='grc' dir='ltr'>ἐξελθεῖν</span> <span class='ocrx_word' id='word_1_648' title='bbox 3197 4328 3276 4389; x_wconf 90' lang='grc' dir='ltr'><strong>είς</strong></span> <span class='ocrx_word' id='word_1_649' title='bbox 3311 4326 3547 4396; x_wconf 84' lang='grc' dir='ltr'>πόλεμον</span> <span class='ocrx_word' id='word_1_650' title='bbox 3590 4329 3729 4381; x_wconf 81' lang='grc' dir='ltr'>υίὼν</span> 
     </span>
    </p>
   </div>
   <div class='ocr_carea' id='block_1_90' title="bbox 463 4415 2048 4495">
    <p class='ocr_par' dir='ltr' id='par_1_90' title="bbox 463 4416 2039 4489">
     <span class='ocr_line' id='line_1_90' title="bbox 463 4416 2039 4489; baseline 0.004 -22"><span class='ocrx_word' id='word_1_651' title='bbox 463 4426 615 4469; x_wconf 90' lang='lat' dir='ltr'><strong>ctum</strong></span> <span class='ocrx_word' id='word_1_652' title='bbox 650 4427 756 4470; x_wconf 83' lang='lat' dir='ltr'><strong>est.</strong></span> <span class='ocrx_word' id='word_1_653' title='bbox 805 4416 1115 4486; x_wconf 80' lang='lat' dir='ltr'><strong>Pugnantes</strong></span> <span class='ocrx_word' id='word_1_654' title='bbox 1160 4418 1303 4473; x_wconf 88' lang='lat' dir='ltr'><strong>enim</strong></span> <span class='ocrx_word' id='word_1_655' title='bbox 1337 4428 1526 4473; x_wconf 89' lang='lat' dir='ltr'><strong>contra</strong></span> <span class='ocrx_word' id='word_1_656' title='bbox 1570 4418 1709 4474; x_wconf 89' lang='lat' dir='ltr'><strong>tilios</strong></span> <span class='ocrx_word' id='word_1_657' title='bbox 1762 4419 2039 4489; x_wconf 75' lang='lat' dir='ltr'><strong>Benjainin</strong></span> 
     </span>
    </p>
   </div>
   <div class='ocr_carea' id='block_1_91' title="bbox 2153 4415 3722 4495">
    <p class='ocr_par' dir='ltr' id='par_1_91' title="bbox 2153 4415 3722 4489">
     <span class='ocr_line' id='line_1_91' title="bbox 2153 4415 3722 4489; baseline 0.005 -24"><span class='ocrx_word' id='word_1_658' title='bbox 2153 4415 2403 4483; x_wconf 70' lang='grc' dir='ltr'>Βενιαμὶν</span> <span class='ocrx_word' id='word_1_659' title='bbox 2426 4415 2519 4467; x_wconf 89' lang='grc' dir='ltr'><strong>τοῦ</strong></span> <span class='ocrx_word' id='word_1_660' title='bbox 2557 4416 2786 4486; x_wconf 86' lang='grc' dir='ltr'>ἀδελφοῦ</span> <span class='ocrx_word' id='word_1_661' title='bbox 2822 4418 3035 4489; x_wconf 60' lang='lat' dir='ltr'><strong>miqu</strong></span> <span class='ocrx_word' id='word_1_662' title='bbox 3072 4420 3328 4484; x_wconf 79' lang='grc' dir='ltr'>κοπάσως</span> <span class='ocrx_word' id='word_1_663' title='bbox 3392 4422 3502 4473; x_wconf 81' lang='grc' dir='ltr'><strong>Καὶ</strong></span> <span class='ocrx_word' id='word_1_664' title='bbox 3562 4417 3722 4475; x_wconf 77' lang='grc' dir='ltr'>εἶπεν</span> 
     </span>
    </p>
   </div>
   <div class='ocr_carea' id='block_1_92' title="bbox 469 4504 2041 4582">
    <p class='ocr_par' dir='ltr' id='par_1_92' title="bbox 469 4504 2041 4582">
     <span class='ocr_line' id='line_1_92' title="bbox 469 4504 2041 4582; baseline 0.008 -27"><span class='ocrx_word' id='word_1_665' title='bbox 469 4504 859 4559; x_wconf 84' lang='lat' dir='ltr'><strong>interfecerunt</strong></span> <span class='ocrx_word' id='word_1_666' title='bbox 902 4524 969 4561; x_wconf 82' lang='lat' dir='ltr'><strong>ex</strong></span> <span class='ocrx_word' id='word_1_667' title='bbox 1015 4510 1094 4562; x_wconf 88' lang='lat' dir='ltr'><strong>eis</strong></span> <span class='ocrx_word' id='word_1_668' title='bbox 1130 4511 1317 4579; x_wconf 78' lang='lat' dir='ltr'><strong>viginti</strong></span> <span class='ocrx_word' id='word_1_669' title='bbox 1359 4512 1602 4582; x_wconf 83' lang='lat' dir='ltr'><strong>quinque</strong></span> <span class='ocrx_word' id='word_1_670' title='bbox 1646 4512 1813 4565; x_wconf 90' lang='lat' dir='ltr'><strong>tnillia</strong></span> <span class='ocrx_word' id='word_1_671' title='bbox 1843 4522 1897 4566; x_wconf 86' lang='lat' dir='ltr'><strong>et</strong></span> <span class='ocrx_word' id='word_1_672' title='bbox 1923 4528 2041 4567; x_wconf 87' lang='lat' dir='ltr'><strong>om-</strong></span> 
     </span>
    </p>
   </div>
   <div class='ocr_carea' id='block_1_93' title="bbox 469 4594 2045 4673">
    <p class='ocr_par' dir='ltr' id='par_1_93' title="bbox 469 4594 2045 4673">
     <span class='ocr_line' id='line_1_93' title="bbox 469 4594 2045 4673; baseline 0.008 -28"><span class='ocrx_word' id='word_1_673' title='bbox 469 4609 589 4648; x_wconf 89' lang='lat' dir='ltr'><strong>nem</strong></span> <span class='ocrx_word' id='word_1_674' title='bbox 623 4594 810 4647; x_wconf 89' lang='lat' dir='ltr'><strong>urbem</strong></span> <span class='ocrx_word' id='word_1_675' title='bbox 842 4611 1033 4650; x_wconf 89' lang='lat' dir='ltr'><strong>eorum</strong></span> <span class='ocrx_word' id='word_1_676' title='bbox 1059 4611 1373 4655; x_wconf 87' lang='lat' dir='ltr'><strong>everterunt</strong></span> <span class='ocrx_word' id='word_1_677' title='bbox 1406 4602 1551 4656; x_wconf 85' lang='lat' dir='ltr'><strong>ferro</strong></span> <span class='ocrx_word' id='word_1_678' title='bbox 1582 4611 1635 4657; x_wconf 89' lang='lat' dir='ltr'><strong>et</strong></span> <span class='ocrx_word' id='word_1_679' title='bbox 1662 4605 1809 4673; x_wconf 73' lang='lat' dir='ltr'><strong>igne,</strong></span> <span class='ocrx_word' id='word_1_680' title='bbox 1850 4604 2045 4658; x_wconf 88' lang='lat' dir='ltr'><strong>stanti-</strong></span> 
     </span>
    </p>
   </div>
   <div class='ocr_carea' id='block_1_94' title="bbox 470 4685 2039 4757">
    <p class='ocr_par' dir='ltr' id='par_1_94' title="bbox 470 4685 2039 4757">
     <span class='ocr_line' id='line_1_94' title="bbox 470 4685 2039 4757; baseline 0.008 -18"><span class='ocrx_word' id='word_1_681' title='bbox 470 4686 571 4741; x_wconf 86' lang='lat' dir='ltr'><strong>bus</strong></span> <span class='ocrx_word' id='word_1_682' title='bbox 600 4686 655 4741; x_wconf 90' lang='lat' dir='ltr'><strong>in</strong></span> <span class='ocrx_word' id='word_1_683' title='bbox 706 4685 880 4755; x_wconf 90' lang='lat' dir='ltr'><strong>prima</strong></span> <span class='ocrx_word' id='word_1_684' title='bbox 914 4686 1031 4739; x_wconf 89' lang='lat' dir='ltr'><strong>acie</strong></span> <span class='ocrx_word' id='word_1_685' title='bbox 1071 4690 1356 4757; x_wconf 67' lang='lat' dir='ltr'><strong>principuis</strong></span> <span class='ocrx_word' id='word_1_686' title='bbox 1387 4691 1646 4747; x_wconf 83' lang='lat' dir='ltr'><strong>facinoris</strong></span> <span class='ocrx_word' id='word_1_687' title='bbox 1703 4697 2039 4753; x_wconf 89' lang='lat' dir='ltr'><strong>auctoribus.</strong></span> 
     </span>
    </p>
   </div>
   <div class='ocr_carea' id='block_1_95' title="bbox 467 4777 2038 4849">
    <p class='ocr_par' dir='ltr' id='par_1_95' title="bbox 467 4777 2038 4849">
     <span class='ocr_line' id='line_1_95' title="bbox 467 4777 2038 4849; baseline 0.003 -15"><span class='ocrx_word' id='word_1_688' title='bbox 467 4778 783 4836; x_wconf 87' lang='lat' dir='ltr'><strong>Petentibus</strong></span> <span class='ocrx_word' id='word_1_689' title='bbox 801 4777 1203 4833; x_wconf 88' lang='lat' dir='ltr'><strong>contribulibus</strong></span> <span class='ocrx_word' id='word_1_690' title='bbox 1231 4780 1331 4833; x_wconf 71' lang='lat' dir='ltr'><strong>snbi</strong></span> <span class='ocrx_word' id='word_1_691' title='bbox 1353 4783 1491 4834; x_wconf 88' lang='lat' dir='ltr'><strong>tradi</strong></span> <span class='ocrx_word' id='word_1_692' title='bbox 1519 4784 1741 4835; x_wconf 88' lang='lat' dir='ltr'><strong>sceleris</strong></span> <span class='ocrx_word' id='word_1_693' title='bbox 1760 4793 2038 4849; x_wconf 87' lang='lat' dir='ltr'><strong>auctores,</strong></span> 
     </span>
    </p>
   </div>
   <div class='ocr_carea' id='block_1_96' title="bbox 467 4870 2037 4941">
    <p class='ocr_par' dir='ltr' id='par_1_96' title="bbox 467 4870 2037 4941">
     <span class='ocr_line' id='line_1_96' title="bbox 467 4870 2037 4941; baseline 0.001 -13"><span class='ocrx_word' id='word_1_694' title='bbox 467 4890 575 4929; x_wconf 90' lang='lat' dir='ltr'><strong>non</strong></span> <span class='ocrx_word' id='word_1_695' title='bbox 607 4874 785 4928; x_wconf 76' lang='lat' dir='ltr'><strong>solum</strong></span> <span class='ocrx_word' id='word_1_696' title='bbox 817 4888 923 4927; x_wconf 63' lang='lat' dir='ltr'><strong>non</strong></span> <span class='ocrx_word' id='word_1_697' title='bbox 957 4870 1246 4926; x_wconf 86' lang='lat' dir='ltr'><strong>obedivere</strong></span> <span class='ocrx_word' id='word_1_698' title='bbox 1276 4871 1664 4941; x_wconf 70' lang='lat' dir='ltr'><strong>Benjaminitze,</strong></span> <span class='ocrx_word' id='word_1_699' title='bbox 1698 4875 1793 4928; x_wconf 89' lang='lat' dir='ltr'><strong>sed</strong></span> <span class='ocrx_word' id='word_1_700' title='bbox 1825 4874 2037 4929; x_wconf 84' lang='lat' dir='ltr'><strong>fortiter</strong></span> 
     </span>
    </p>
   </div>
   <div class='ocr_carea' id='block_1_97' title="bbox 465 4965 2029 5033">
    <p class='ocr_par' dir='ltr' id='par_1_97' title="bbox 465 4965 2029 5033">
     <span class='ocr_line' id='line_1_97' title="bbox 465 4965 2029 5033; baseline 0.001 -15"><span class='ocrx_word' id='word_1_701' title='bbox 465 4966 733 5029; x_wconf 86' lang='lat' dir='ltr'><strong>restitere,</strong></span> <span class='ocrx_word' id='word_1_702' title='bbox 776 4966 1131 5033; x_wconf 83' lang='lat' dir='ltr'><strong>quamobrem</strong></span> <span class='ocrx_word' id='word_1_703' title='bbox 1197 4979 1543 5017; x_wconf 85' lang='lat' dir='ltr'><strong>communem</strong></span> <span class='ocrx_word' id='word_1_704' title='bbox 1602 4980 1786 5019; x_wconf 85' lang='lat' dir='ltr'><strong>necem</strong></span> <span class='ocrx_word' id='word_1_705' title='bbox 1827 4965 2029 5021; x_wconf 89' lang='lat' dir='ltr'><strong>obiere.</strong></span> 
     </span>
    </p>
   </div>
   <div class='ocr_carea' id='block_1_98' title="bbox 466 5056 2033 5126">
    <p class='ocr_par' dir='ltr' id='par_1_98' title="bbox 466 5056 2033 5126">
     <span class='ocr_line' id='line_1_98' title="bbox 466 5056 2033 5126; baseline 0.003 -16"><span class='ocrx_word' id='word_1_706' title='bbox 466 5056 703 5112; x_wconf 80' lang='lat' dir='ltr'><strong>Vacante</strong></span> <span class='ocrx_word' id='word_1_707' title='bbox 746 5057 938 5111; x_wconf 79' lang='lat' dir='ltr'><strong>divina:</strong></span> <span class='ocrx_word' id='word_1_708' title='bbox 990 5057 1211 5124; x_wconf 72' lang='lat' dir='ltr'><strong>justitiae</strong></span> <span class='ocrx_word' id='word_1_709' title='bbox 1275 5065 1517 5124; x_wconf 86' lang='lat' dir='ltr'><strong>tempore</strong></span> <span class='ocrx_word' id='word_1_710' title='bbox 1571 5058 1793 5111; x_wconf 85' lang='lat' dir='ltr'><strong>meritas</strong></span> <span class='ocrx_word' id='word_1_711' title='bbox 1845 5074 2033 5126; x_wconf 73' lang='lat' dir='ltr'><strong>ptenas</strong></span> 
     </span>
    </p>
   </div>
   <div class='ocr_carea' id='block_1_99' title="bbox 460 5148 2033 5218">
    <p class='ocr_par' dir='ltr' id='par_1_99' title="bbox 460 5148 2033 5218">
     <span class='ocr_line' id='line_1_99' title="bbox 460 5148 2033 5218; baseline 0.002 -15"><span class='ocrx_word' id='word_1_712' title='bbox 460 5152 748 5215; x_wconf 86' lang='lat' dir='ltr'><strong>dederunt,</strong></span> <span class='ocrx_word' id='word_1_713' title='bbox 789 5152 927 5203; x_wconf 88' lang='lat' dir='ltr'><strong>sicut</strong></span> <span class='ocrx_word' id='word_1_714' title='bbox 958 5148 1092 5204; x_wconf 88' lang='lat' dir='ltr'><strong>dicit</strong></span> <span class='ocrx_word' id='word_1_715' title='bbox 1134 5150 1271 5202; x_wconf 81' lang='lat' dir='ltr'><strong>Deus</strong></span> <span class='ocrx_word' id='word_1_716' title='bbox 1304 5166 1317 5200; x_wconf 89' lang='lat'><strong>:</strong></span> <span class='ocrx_word' id='word_1_717' title='bbox 1358 5167 1375 5199; x_wconf 76' lang='grc' dir='ltr'><strong>ι</strong></span> <span class='ocrx_word' id='word_1_718' title='bbox 1412 5148 1547 5202; x_wconf 86' lang='lat' dir='ltr'><strong>Cum</strong></span> <span class='ocrx_word' id='word_1_719' title='bbox 1585 5161 1797 5218; x_wconf 85' lang='lat' dir='ltr'><strong>tempus</strong></span> <span class='ocrx_word' id='word_1_720' title='bbox 1841 5161 2033 5206; x_wconf 87' lang='lat' dir='ltr'><strong>nactus</strong></span> 
     </span>
    </p>
   </div>
   <div class='ocr_carea' id='block_1_100' title="bbox 459 5237 2027 5310">
    <p class='ocr_par' dir='ltr' id='par_1_100' title="bbox 459 5237 2027 5310">
     <span class='ocr_line' id='line_1_100' title="bbox 459 5237 2027 5310; baseline -0.001 -15"><span class='ocrx_word' id='word_1_721' title='bbox 459 5255 575 5305; x_wconf 74' lang='lat' dir='ltr'><strong>ora,</strong></span> <span class='ocrx_word' id='word_1_722' title='bbox 604 5250 749 5296; x_wconf 88' lang='lat' dir='ltr'><strong>recte</strong></span> <span class='ocrx_word' id='word_1_723' title='bbox 792 5242 934 5296; x_wconf 87' lang='lat' dir='ltr'><strong>facta</strong></span> <span class='ocrx_word' id='word_1_724' title='bbox 965 5240 1244 5309; x_wconf 79' lang='lat' dir='ltr'><strong>iudicabo.</strong></span> <span class='ocrx_word' id='word_1_725' title='bbox 1284 5258 1302 5292; x_wconf 72' lang='grc' dir='ltr'><strong>ι</strong></span> <span class='ocrx_word' id='word_1_726' title='bbox 1334 5237 1571 5307; x_wconf 84' lang='lat' dir='ltr'><strong>Tempus</strong></span> <span class='ocrx_word' id='word_1_727' title='bbox 1622 5240 1750 5294; x_wconf 91' lang='lat' dir='ltr'><strong>dicit</strong></span> <span class='ocrx_word' id='word_1_728' title='bbox 1780 5256 1846 5295; x_wconf 77' lang='lat' dir='ltr'><strong>cx</strong></span> <span class='ocrx_word' id='word_1_729' title='bbox 1902 5256 2027 5310; x_wconf 90' lang='lat' dir='ltr'><strong>pec-</strong></span> 
     </span>
    </p>
   </div>
   <div class='ocr_carea' id='block_1_101' title="bbox 2149 4505 3728 4579">
    <p class='ocr_par' dir='ltr' id='par_1_101' title="bbox 2149 4505 3728 4579">
     <span class='ocr_line' id='line_1_101' title="bbox 2149 4505 3728 4579; baseline 0.004 -21"><span class='ocrx_word' id='word_1_730' title='bbox 2149 4505 2380 4573; x_wconf 85' lang='grc' dir='ltr'>Κύριος·</span> <span class='ocrx_word' id='word_1_731' title='bbox 2421 4506 2700 4577; x_wconf 80' lang='grc' dir='ltr'>Ἀνάϐηθι,</span> <span class='ocrx_word' id='word_1_732' title='bbox 2732 4510 2813 4562; x_wconf 83' lang='grc' dir='ltr'><strong>ὄτι</strong></span> <span class='ocrx_word' id='word_1_733' title='bbox 2845 4508 3034 4579; x_wconf 71' lang='grc' dir='ltr'>αὔριον</span> <span class='ocrx_word' id='word_1_734' title='bbox 3079 4512 3340 4563; x_wconf 81' lang='grc' dir='ltr'>ἀποδώσω</span> <span class='ocrx_word' id='word_1_735' title='bbox 3356 4510 3400 4541; x_wconf 75' lang='grc'><strong>⁸⁸</strong></span> <span class='ocrx_word' id='word_1_736' title='bbox 3440 4511 3642 4575; x_wconf 78' lang='grc' dir='ltr'>αὐτοὺς</span> <span class='ocrx_word' id='word_1_737' title='bbox 3666 4516 3728 4564; x_wconf 80' lang='grc' dir='ltr'><strong>ἐν</strong></span> 
     </span>
    </p>
   </div>
   <div class='ocr_carea' id='block_1_102' title="bbox 2144 4601 3727 4675">
    <p class='ocr_par' dir='ltr' id='par_1_102' title="bbox 2144 4601 3727 4675">
     <span class='ocr_line' id='line_1_102' title="bbox 2144 4601 3727 4675; baseline 0.004 -25"><span class='ocrx_word' id='word_1_738' title='bbox 2144 4602 2212 4669; x_wconf 80' lang='grc' dir='ltr'><strong>τῇ</strong></span> <span class='ocrx_word' id='word_1_739' title='bbox 2237 4601 2380 4670; x_wconf 85' lang='grc' dir='ltr'>χειρί</span> <span class='ocrx_word' id='word_1_740' title='bbox 2410 4618 2504 4653; x_wconf 89' lang='grc' dir='ltr'><strong>σου</strong></span> <span class='ocrx_word' id='word_1_741' title='bbox 2532 4617 2547 4633; x_wconf 74' lang='grc'><strong>⁸</strong></span> <span class='ocrx_word' id='word_1_742' title='bbox 2585 4618 2605 4653; x_wconf 72' lang='grc' dir='ltr'><strong>ι</strong></span> <span class='ocrx_word' id='word_1_743' title='bbox 2641 4602 2780 4672; x_wconf 87' lang='grc' dir='ltr'>ὅπερ</span> <span class='ocrx_word' id='word_1_744' title='bbox 2812 4602 2876 4672; x_wconf 81' lang='grc' dir='ltr'>δὴ</span> <span class='ocrx_word' id='word_1_745' title='bbox 2906 4604 2997 4655; x_wconf 76' lang='grc' dir='ltr'>καὶ</span> <span class='ocrx_word' id='word_1_746' title='bbox 3024 4604 3268 4671; x_wconf 83' lang='grc' dir='ltr'>γέγονεν.</span> <span class='ocrx_word' id='word_1_747' title='bbox 3298 4604 3727 4675; x_wconf 81' lang='grc' dir='ltr'>Πολεμὴσαντες</span> 
     </span>
    </p>
   </div>
   <div class='ocr_carea' id='block_1_103' title="bbox 2148 4690 3726 4762">
    <p class='ocr_par' dir='ltr' id='par_1_103' title="bbox 2148 4690 3726 4762">
     <span class='ocr_line' id='line_1_103' title="bbox 2148 4690 3726 4762; baseline 0.005 -23"><span class='ocrx_word' id='word_1_748' title='bbox 2148 4691 2252 4759; x_wconf 82' lang='grc' dir='ltr'><strong>γαρ</strong></span> <span class='ocrx_word' id='word_1_749' title='bbox 2286 4692 2502 4757; x_wconf 78' lang='grc' dir='ltr'>αὐτοὺς,</span> <span class='ocrx_word' id='word_1_750' title='bbox 2538 4692 2744 4745; x_wconf 83' lang='grc' dir='ltr'>ἀνεῖλον</span> <span class='ocrx_word' id='word_1_751' title='bbox 2784 4692 2842 4756; x_wconf 79' lang='grc' dir='ltr'>ἐξ</span> <span class='ocrx_word' id='word_1_752' title='bbox 2874 4690 3053 4746; x_wconf 76' lang='grc' dir='ltr'>αὐτῶν</span> <span class='ocrx_word' id='word_1_753' title='bbox 3084 4692 3331 4762; x_wconf 87' lang='grc' dir='ltr'>χιλιάδας</span> <span class='ocrx_word' id='word_1_754' title='bbox 3361 4700 3437 4745; x_wconf 85' lang='grc' dir='ltr'>κε’</span> <span class='ocrx_word' id='word_1_755' title='bbox 3472 4693 3569 4746; x_wconf 79' lang='grc' dir='ltr'>καὶ</span> <span class='ocrx_word' id='word_1_756' title='bbox 3610 4696 3726 4747; x_wconf 77' lang='grc' dir='ltr'>πᾶ·-</span> 
     </span>
    </p>
   </div>
   <div class='ocr_carea' id='block_1_104' title="bbox 2146 4781 3727 4858">
    <p class='ocr_par' dir='ltr' id='par_1_104' title="bbox 2146 4781 3727 4858">
     <span class='ocr_line' id='line_1_104' title="bbox 2146 4781 3727 4858; baseline 0.004 -26"><span class='ocrx_word' id='word_1_757' title='bbox 2146 4797 2245 4833; x_wconf 89' lang='grc' dir='ltr'><strong>σαν</strong></span> <span class='ocrx_word' id='word_1_758' title='bbox 2278 4781 2373 4852; x_wconf 83' lang='grc' dir='ltr'>τὴν</span> <span class='ocrx_word' id='word_1_759' title='bbox 2406 4784 2561 4837; x_wconf 84' lang='grc' dir='ltr'>πόλιν</span> <span class='ocrx_word' id='word_1_760' title='bbox 2581 4784 2761 4837; x_wconf 82' lang='grc' dir='ltr'>αὐτῶν</span> <span class='ocrx_word' id='word_1_761' title='bbox 2787 4784 3135 4855; x_wconf 79' lang='grc' dir='ltr'>κατέσφαξαν</span> <span class='ocrx_word' id='word_1_762' title='bbox 3168 4787 3224 4837; x_wconf 76' lang='grc' dir='ltr'>ὲν</span> <span class='ocrx_word' id='word_1_763' title='bbox 3262 4786 3488 4856; x_wconf 89' lang='grc' dir='ltr'>στόματι</span> <span class='ocrx_word' id='word_1_764' title='bbox 3516 4786 3727 4858; x_wconf 85' lang='grc' dir='ltr'>μαχαί-</span> 
     </span>
    </p>
   </div>
   <div class='ocr_carea' id='block_1_105' title="bbox 2147 4876 3726 4948">
    <p class='ocr_par' dir='ltr' id='par_1_105' title="bbox 2147 4876 3726 4948">
     <span class='ocr_line' id='line_1_105' title="bbox 2147 4876 3726 4948; baseline 0.004 -23"><span class='ocrx_word' id='word_1_765' title='bbox 2147 4889 2279 4942; x_wconf 74' lang='grc' dir='ltr'>ραςο</span> <span class='ocrx_word' id='word_1_766' title='bbox 2340 4876 2434 4927; x_wconf 82' lang='grc' dir='ltr'>καὶ</span> <span class='ocrx_word' id='word_1_767' title='bbox 2483 4877 2592 4947; x_wconf 80' lang='grc' dir='ltr'>γὰρ</span> <span class='ocrx_word' id='word_1_768' title='bbox 2620 4877 2727 4930; x_wconf 86' lang='grc' dir='ltr'>τῶν</span> <span class='ocrx_word' id='word_1_769' title='bbox 2773 4877 3089 4931; x_wconf 83' lang='grc' dir='ltr'>ἀκολάστων</span> <span class='ocrx_word' id='word_1_770' title='bbox 3124 4878 3341 4948; x_wconf 88' lang='grc' dir='ltr'>χείρους</span> <span class='ocrx_word' id='word_1_771' title='bbox 3386 4881 3434 4931; x_wconf 87' lang='grc' dir='ltr'>οἱ</span> <span class='ocrx_word' id='word_1_772' title='bbox 3491 4880 3726 4932; x_wconf 78' lang='grc' dir='ltr'>ἐκείνων</span> 
     </span>
    </p>
   </div>
   <div class='ocr_carea' id='block_1_106' title="bbox 2145 4966 3725 5040">
    <p class='ocr_par' dir='ltr' id='par_1_106' title="bbox 2145 4966 3725 5040">
     <span class='ocr_line' id='line_1_106' title="bbox 2145 4966 3725 5040; baseline 0.001 -24"><span class='ocrx_word' id='word_1_773' title='bbox 2145 4966 2685 5035; x_wconf 76' lang='grc' dir='ltr'>προκινδυνεύοντες·</span> <span class='ocrx_word' id='word_1_774' title='bbox 2723 4968 3065 5035; x_wconf 76' lang='grc' dir='ltr'>ἐξαιτοῦντες</span> <span class='ocrx_word' id='word_1_775' title='bbox 3118 4970 3229 5040; x_wconf 75' lang='grc' dir='ltr'><strong>γὰρ</strong></span> <span class='ocrx_word' id='word_1_776' title='bbox 3264 4969 3372 5022; x_wconf 85' lang='grc' dir='ltr'>τῶν</span> <span class='ocrx_word' id='word_1_777' title='bbox 3424 4969 3725 5038; x_wconf 81' lang='grc' dir='ltr'>ὁμοφύλων</span> 
     </span>
    </p>
   </div>
   <div class='ocr_carea' id='block_1_107' title="bbox 2142 5059 3721 5133">
    <p class='ocr_par' dir='ltr' id='par_1_107' title="bbox 2142 5059 3721 5133">
     <span class='ocr_line' id='line_1_107' title="bbox 2142 5059 3721 5133; baseline 0 -21"><span class='ocrx_word' id='word_1_778' title='bbox 2142 5060 2269 5122; x_wconf 77' lang='grc' dir='ltr'>τοὺς</span> <span class='ocrx_word' id='word_1_779' title='bbox 2297 5059 2393 5131; x_wconf 81' lang='grc' dir='ltr'>τὴν</span> <span class='ocrx_word' id='word_1_780' title='bbox 2424 5062 2769 5133; x_wconf 84' lang='grc' dir='ltr'>παρανομίαν</span> <span class='ocrx_word' id='word_1_781' title='bbox 2802 5061 3241 5131; x_wconf 81' lang='grc' dir='ltr'>τετολμηκότας,</span> <span class='ocrx_word' id='word_1_782' title='bbox 3274 5062 3335 5114; x_wconf 88' lang='grc' dir='ltr'><strong>ού</strong></span> <span class='ocrx_word' id='word_1_783' title='bbox 3368 5062 3534 5131; x_wconf 88' lang='grc' dir='ltr'>μόνον</span> <span class='ocrx_word' id='word_1_784' title='bbox 3564 5060 3721 5131; x_wconf 69' lang='grc' dir='ltr'>[οὐκ]</span> 
     </span>
    </p>
   </div>
   <div class='ocr_carea' id='block_1_108' title="bbox 2140 5146 3724 5221">
    <p class='ocr_par' dir='ltr' id='par_1_108' title="bbox 2140 5146 3724 5221">
     <span class='ocr_line' id='line_1_108' title="bbox 2140 5146 3724 5221; baseline 0.003 -22"><span class='ocrx_word' id='word_1_785' title='bbox 2140 5146 2431 5214; x_wconf 80' lang='grc' dir='ltr'>ἐξέδωκαν,</span> <span class='ocrx_word' id='word_1_786' title='bbox 2464 5150 2599 5203; x_wconf 77' lang='grc' dir='ltr'>ἀλλὰ</span> <span class='ocrx_word' id='word_1_787' title='bbox 2628 5154 2720 5203; x_wconf 79' lang='grc' dir='ltr'>καὶ</span> <span class='ocrx_word' id='word_1_788' title='bbox 2745 5151 3040 5221; x_wconf 85' lang='grc' dir='ltr'>προθύμως</span> <span class='ocrx_word' id='word_1_789' title='bbox 3073 5153 3479 5221; x_wconf 70' lang='grc' dir='ltr'>ὑπερήσπισαν,</span> <span class='ocrx_word' id='word_1_790' title='bbox 3513 5148 3574 5203; x_wconf 75' lang='grc' dir='ltr'><strong>οὗ</strong></span> <span class='ocrx_word' id='word_1_791' title='bbox 3593 5152 3650 5204; x_wconf 82' lang='grc' dir='ltr'>δὲ</span> <span class='ocrx_word' id='word_1_792' title='bbox 3673 5155 3724 5184; x_wconf 75' lang='grc' dir='ltr'><strong>ὀ</strong></span> 
     </span>
    </p>
   </div>
   <div class='ocr_carea' id='block_1_109' title="bbox 2139 5241 3721 5314">
    <p class='ocr_par' dir='ltr' id='par_1_109' title="bbox 2139 5241 3721 5314">
     <span class='ocr_line' id='line_1_109' title="bbox 2139 5241 3721 5314; baseline 0.003 -22"><span class='ocrx_word' id='word_1_793' title='bbox 2139 5241 2298 5310; x_wconf 84' lang='grc' dir='ltr'>χάριν</span> <span class='ocrx_word' id='word_1_794' title='bbox 2319 5242 2495 5295; x_wconf 84' lang='grc' dir='ltr'>κοινὸν</span> <span class='ocrx_word' id='word_1_795' title='bbox 2521 5242 2837 5313; x_wconf 76' lang='grc' dir='ltr'>ὑπέστησαν</span> <span class='ocrx_word' id='word_1_796' title='bbox 2857 5244 3078 5313; x_wconf 83' lang='grc' dir='ltr'>ὁλεθρον</span> <span class='ocrx_word' id='word_1_797' title='bbox 3101 5259 3114 5273; x_wconf 82' lang='lat'><strong><em>°</em></strong></span> <span class='ocrx_word' id='word_1_798' title='bbox 3140 5245 3231 5297; x_wconf 77' lang='grc' dir='ltr'>καὶ</span> <span class='ocrx_word' id='word_1_799' title='bbox 3256 5245 3345 5297; x_wconf 79' lang='grc' dir='ltr'>διὰ</span> <span class='ocrx_word' id='word_1_800' title='bbox 3364 5244 3721 5314; x_wconf 71' lang='grc' dir='ltr'>προφάσεως,</span> 
     </span>
    </p>
   </div>
   <div class='ocr_carea' id='block_1_110' title="bbox 1662 5401 2555 5467">
    <p class='ocr_par' dir='ltr' id='par_1_110' title="bbox 1662 5401 2555 5467">
     <span class='ocr_line' id='line_1_110' title="bbox 1662 5401 2555 5467; baseline 0.001 -3"><span class='ocrx_word' id='word_1_801' title='bbox 1662 5402 1857 5465; x_wconf 80' lang='lat' dir='ltr'><strong>Variae</strong></span> <span class='ocrx_word' id='word_1_802' title='bbox 1915 5401 2224 5466; x_wconf 88' lang='lat' dir='ltr'><strong>lectiones</strong></span> <span class='ocrx_word' id='word_1_803' title='bbox 2267 5410 2329 5466; x_wconf 90' lang='lat' dir='ltr'><strong>et</strong></span> <span class='ocrx_word' id='word_1_804' title='bbox 2369 5410 2555 5467; x_wconf 76' lang='lat' dir='ltr'><strong>notae.</strong></span> 
     </span>
    </p>
   </div>
   <div class='ocr_carea' id='block_1_111' title="bbox 529 5526 1637 5645">
    <p class='ocr_par' dir='ltr' id='par_1_111' title="bbox 529 5526 1637 5645">
     <span class='ocr_line' id='line_1_111' title="bbox 529 5526 1637 5602; baseline 0.01 -28"><span class='ocrx_word' id='word_1_805' title='bbox 529 5526 575 5556; x_wconf 74' lang='grc' dir='ltr'><strong>τ’</strong></span> <span class='ocrx_word' id='word_1_806' title='bbox 598 5528 1015 5584; x_wconf 82' lang='grc' dir='ltr'>ἀποκτείναντα.</span> <span class='ocrx_word' id='word_1_807' title='bbox 1094 5533 1141 5565; x_wconf 74' lang='grc' dir='ltr'><strong>⁸ο</strong></span> <span class='ocrx_word' id='word_1_808' title='bbox 1170 5532 1427 5602; x_wconf 75' lang='grc' dir='ltr'>ἠϐούλετο</span> <span class='ocrx_word' id='word_1_809' title='bbox 1449 5532 1572 5587; x_wconf 77' lang='grc' dir='ltr'>ὅθεν</span> <span class='ocrx_word' id='word_1_810' title='bbox 1602 5532 1637 5585; x_wconf 92' lang='lat' dir='ltr'><strong>l.</strong></span> 
     </span>
     <span class='ocr_line' id='line_1_112' title="bbox 529 5597 1633 5645; baseline 0 0"><span class='ocrx_word' id='word_1_811' title='bbox 529 5597 576 5645; x_wconf 71' lang='lat' dir='ltr'><strong>LI.</strong></span> <span class='ocrx_word' id='word_1_812' title='bbox 656 5597 699 5624; x_wconf 69' lang='grc'><strong>’⁸⁵</strong></span> <span class='ocrx_word' id='word_1_813' title='bbox 727 5598 783 5645; x_wconf 68' lang='lat' dir='ltr'><strong>Ci.</strong></span> <span class='ocrx_word' id='word_1_814' title='bbox 819 5599 927 5645; x_wconf 77' lang='lat' dir='ltr'><strong>ta&#39;?</strong></span> <span class='ocrx_word' id='word_1_815' title='bbox 1004 5604 1049 5633; x_wconf 64' lang='grc'><strong>⁸⁵</strong></span> <span class='ocrx_word' id='word_1_816' title='bbox 1083 5603 1165 5645; x_wconf 62' lang='lat' dir='ltr'><strong>PQ.</strong></span> <span class='ocrx_word' id='word_1_817' title='bbox 1211 5621 1373 5645; x_wconf 77' lang='lat' dir='ltr'><strong>l\\&#39;il|</strong></span> <span class='ocrx_word' id='word_1_818' title='bbox 1423 5607 1491 5645; x_wconf 59' lang='grc' dir='ltr'><strong>ί·ὶῆ</strong></span> <span class='ocrx_word' id='word_1_819' title='bbox 1588 5609 1633 5636; x_wconf 71' lang='grc'>⁸⁵</span> 
     </span>
    </p>
   </div>
   <div class='ocr_carea' id='block_1_112' title="bbox 457 5614 576 5652">
    <p class='ocr_par' dir='ltr' id='par_1_112' title="bbox 457 5614 576 5652">
     <span class='ocr_line' id='line_1_113' title="bbox 457 5614 576 5652; baseline -0.034 0"><span class='ocrx_word' id='word_1_820' title='bbox 457 5614 556 5652; x_wconf 83' lang='lat' dir='ltr'><strong>Cuu</strong></span> <span class='ocrx_word' id='word_1_821' title='bbox 565 5638 576 5648; x_wconf 91' lang='lat'><em>.</em></span> 
     </span>
    </p>
   </div>
   <div class='ocr_carea' id='block_1_113' title="bbox 656 5597 2467 5674">
    <p class='ocr_par' dir='ltr' id='par_1_113' title="bbox 656 5597 2467 5674">
     <span class='ocr_line' id='line_1_114' title="bbox 656 5597 2467 5674; baseline 0.004 -23"><span class='ocrx_word' id='word_1_822' title='bbox 656 5597 699 5624; x_wconf 81' lang='grc'><strong>’⁸⁵</strong></span> <span class='ocrx_word' id='word_1_823' title='bbox 727 5598 784 5674; x_wconf 56' lang='grc' dir='ltr'>αξ</span> <span class='ocrx_word' id='word_1_824' title='bbox 819 5599 884 5674; x_wconf 72' lang='grc' dir='ltr'>ια’</span> <span class='ocrx_word' id='word_1_825' title='bbox 907 5604 957 5674; x_wconf 67' lang='grc' dir='ltr'><strong>ΡΔ</strong></span> <span class='ocrx_word' id='word_1_826' title='bbox 1004 5604 1049 5633; x_wconf 71' lang='grc'><strong>⁸⁵</strong></span> <span class='ocrx_word' id='word_1_827' title='bbox 1081 5603 1166 5655; x_wconf 81' lang='lat' dir='ltr'><strong>i’s.</strong></span> <span class='ocrx_word' id='word_1_828' title='bbox 1194 5597 1395 5664; x_wconf 62' lang='lat' dir='ltr'><strong>tum.</strong></span> <span class='ocrx_word' id='word_1_829' title='bbox 1423 5607 1511 5658; x_wconf 60' lang='grc' dir='ltr'><strong>νδ.</strong></span> <span class='ocrx_word' id='word_1_830' title='bbox 1588 5609 1633 5636; x_wconf 78' lang='grc'>⁸⁵</span> <span class='ocrx_word' id='word_1_831' title='bbox 1660 5597 2021 5674; x_wconf 67' lang='grc' dir='ltr'>ΝἱοιηΊάϐαῴ</span> <span class='ocrx_word' id='word_1_832' title='bbox 2056 5614 2104 5658; x_wconf 87' lang='lat' dir='ltr'><strong>ct</strong></span> <span class='ocrx_word' id='word_1_833' title='bbox 2141 5604 2313 5673; x_wconf 77' lang='grc' dir='ltr'>θυμοῦ</span> <span class='ocrx_word' id='word_1_834' title='bbox 2347 5610 2467 5658; x_wconf 89' lang='lat' dir='ltr'><strong>cod.</strong></span> 
     </span>
    </p>
   </div>
   <div class='ocr_carea' id='block_1_114' title="bbox 1680 5532 2048 5605">
    <p class='ocr_par' dir='ltr' id='par_1_114' title="bbox 1680 5532 2048 5605">
     <span class='ocr_line' id='line_1_115' title="bbox 1680 5532 2048 5605; baseline 0.005 -22"><span class='ocrx_word' id='word_1_835' title='bbox 1680 5535 1769 5605; x_wconf 76' lang='grc' dir='ltr'>ηδ.</span> <span class='ocrx_word' id='word_1_836' title='bbox 1798 5532 2048 5605; x_wconf 75' lang='grc' dir='ltr'>φαῦλονὸ</span> 
     </span>
    </p>
   </div>
   <div class='ocr_carea' id='block_1_115' title="bbox 2153 5532 3721 5605">
    <p class='ocr_par' dir='ltr' id='par_1_115' title="bbox 2153 5532 3721 5605">
     <span class='ocr_line' id='line_1_116' title="bbox 2153 5532 3721 5605; baseline 0.001 -17"><span class='ocrx_word' id='word_1_837' title='bbox 2153 5534 2299 5605; x_wconf 84' lang='lat' dir='ltr'><strong>cod.</strong></span> <span class='ocrx_word' id='word_1_838' title='bbox 2378 5534 2420 5564; x_wconf 84' lang='lat'>“</span> <span class='ocrx_word' id='word_1_839' title='bbox 2452 5532 2579 5588; x_wconf 85' lang='lat' dir='ltr'><strong>.lud.</strong></span> <span class='ocrx_word' id='word_1_840' title='bbox 2613 5549 2724 5605; x_wconf 58' lang='lat' dir='ltr'><strong>xxi,</strong></span> <span class='ocrx_word' id='word_1_841' title='bbox 2749 5533 2840 5589; x_wconf 78' lang='lat'><strong>9.5.</strong></span> <span class='ocrx_word' id='word_1_842' title='bbox 2920 5537 2962 5567; x_wconf 72' lang='lat'><strong>°&#39;</strong></span> <span class='ocrx_word' id='word_1_843' title='bbox 2988 5536 3080 5587; x_wconf 72' lang='grc' dir='ltr'>καὶ</span> <span class='ocrx_word' id='word_1_844' title='bbox 3112 5535 3233 5588; x_wconf 80' lang='grc' dir='ltr'>κατ’</span> <span class='ocrx_word' id='word_1_845' title='bbox 3269 5536 3300 5589; x_wconf 89' lang='grc' dir='ltr'><strong>Ι.</strong></span> <span class='ocrx_word' id='word_1_846' title='bbox 3339 5533 3569 5602; x_wconf 74' lang='grc' dir='ltr'>καὶγὰρ</span> <span class='ocrx_word' id='word_1_847' title='bbox 3593 5536 3721 5589; x_wconf 84' lang='grc' dir='ltr'>κατ’</span> 
     </span>
    </p>
   </div>
   <div class='ocr_carea' id='block_1_116' title="bbox 2585 5603 3720 5675">
    <p class='ocr_par' dir='ltr' id='par_1_116' title="bbox 2585 5603 3720 5675">
     <span class='ocr_line' id='line_1_117' title="bbox 2585 5603 3720 5675; baseline 0.013 -21"><span class='ocrx_word' id='word_1_848' title='bbox 2585 5603 2778 5659; x_wconf 73' lang='lat' dir='ltr'><strong>“1nd.</strong></span> <span class='ocrx_word' id='word_1_849' title='bbox 2849 5623 2937 5673; x_wconf 72' lang='lat' dir='ltr'><strong>xx,</strong></span> <span class='ocrx_word' id='word_1_850' title='bbox 2981 5607 3172 5661; x_wconf 58' lang='lat' dir='ltr'><strong>iii-‘23.</strong></span> <span class='ocrx_word' id='word_1_851' title='bbox 3282 5608 3720 5675; x_wconf 67' lang='grc' dir='ltr'>⁸⁷κιδωεὸςτὴς</span> 
     </span>
    </p>
   </div>
   <div class='ocr_carea' id='block_1_117' title="bbox 457 5664 2048 5747">
    <p class='ocr_par' dir='ltr' id='par_1_117' title="bbox 457 5664 2048 5743">
     <span class='ocr_line' id='line_1_118' title="bbox 457 5664 2048 5743; baseline 0.003 -21"><span class='ocrx_word' id='word_1_852' title='bbox 457 5669 598 5723; x_wconf 78' lang='grc' dir='ltr'>οιαθ.</span> <span class='ocrx_word' id='word_1_853' title='bbox 632 5665 665 5719; x_wconf 91' lang='grc' dir='ltr'>ι.</span> <span class='ocrx_word' id='word_1_854' title='bbox 695 5664 803 5718; x_wconf 73' lang='grc' dir='ltr'>κι6.</span> <span class='ocrx_word' id='word_1_855' title='bbox 851 5668 988 5723; x_wconf 78' lang='grc' dir='ltr'>διαθ.</span> <span class='ocrx_word' id='word_1_856' title='bbox 1027 5677 1143 5724; x_wconf 83' lang='lat' dir='ltr'><strong>cod.</strong></span> <span class='ocrx_word' id='word_1_857' title='bbox 1222 5675 1265 5705; x_wconf 73' lang='grc'>⁸⁸</span> <span class='ocrx_word' id='word_1_858' title='bbox 1300 5678 1623 5743; x_wconf 62' lang='grc' dir='ltr'>προσθῶμεν</span> <span class='ocrx_word' id='word_1_859' title='bbox 1658 5674 1781 5727; x_wconf 82' lang='lat' dir='ltr'><strong>Jtt.|.</strong></span> <span class='ocrx_word' id='word_1_860' title='bbox 1859 5676 1901 5706; x_wconf 70' lang='grc'><strong>⁸³</strong></span> <span class='ocrx_word' id='word_1_861' title='bbox 1935 5664 2048 5727; x_wconf 65' lang='grc' dir='ltr'><strong>ἀπο</strong></span> 
     </span>
    </p>
   </div>
   <div class='ocr_carea' id='block_1_118' title="bbox 2153 5664 2820 5747">
    <p class='ocr_par' dir='ltr' id='par_1_118' title="bbox 2154 5664 2820 5747">
     <span class='ocr_line' id='line_1_119' title="bbox 2154 5664 2820 5747; baseline -0.002 -17"><span class='ocrx_word' id='word_1_862' title='bbox 2154 5715 2166 5730; x_wconf 90' lang='grc'><strong>.</strong></span> <span class='ocrx_word' id='word_1_863' title='bbox 2210 5664 2408 5747; x_wconf 50' lang='lat' dir='ltr'><strong>iugata.</strong></span> <span class='ocrx_word' id='word_1_864' title='bbox 2442 5676 2560 5730; x_wconf 74' lang='lat' dir='ltr'><strong>cod.</strong></span> <span class='ocrx_word' id='word_1_865' title='bbox 2637 5677 2682 5709; x_wconf 72' lang='lat'><strong>’°</strong></span> <span class='ocrx_word' id='word_1_866' title='bbox 2722 5677 2820 5747; x_wconf 54' lang='lat' dir='ltr'><strong>8i}?</strong></span> 
     </span>
    </p>
   </div>
  </div>
