4098 6208
391 308 499 372 205

1606 308 2070 373 CHRONICON.
2112 332 2179 340 -
2220 307 2367 367 LIB.
2414 306 2495 363 ΙΙ.

3559 304 3666 369 206

397 423 593 495 καιροῦ
629 422 947 487 καλουντος,
988 424 1151 494 ιιθ
1182 423 1287 477 ὑπὸ
1320 422 1419 494 τῆς
1455 424 1608 487 θείας
1647 423 1802 491 δίκης
1848 419 1981 476 ἐνδί-

2091 425 2335 469 catorum
2371 413 2709 482 plenitudine
2754 413 3059 480 inductum,
3093 417 3234 485 apud
3280 416 3454 473 Deum
3490 418 3668 474 deter-

395 533 504 579 κως
533 515 957 585 ἐπαιδεύθησαν,
1062 532 1229 586 φησιν
1260 518 1302 548 ’⁸
1329 534 1341 547 ο
1392 535 1410 567 ι
1443 519 1614 569 Ὅταν
1667 515 1819 569 λάσω
1852 532 1979 567 και-

397 608 510 677 ρὸν,
546 606 658 675 ἐγὼ
684 607 991 677 εὐθύτητας
1025 608 1216 678 κρινῶ.
1249 627 1267 661 ι
1305 607 1513 678 Καιρὸν
1542 608 1598 660 δὲ
1630 606 1777 673 λέγει
1798 606 1889 660 τὸν
1917 607 1982 657 ἐκ

395 697 486 750 τοῦ
523 697 762 767 πλήθους
793 698 903 749 τῶν
954 698 1368 769 ἁμαρτημάτων
1398 696 1768 766 συναγόμενόν
1795 712 1852 747 τε
1884 695 1981 746 καὶ

396 790 910 861 συναριθμοὺμενον
962 789 1117 859 παρὰ
1146 789 1306 853 Θεοῦ,
1369 790 1466 842 καὶ
1498 788 1983 859 προσκαλούμενον

390 881 493 949 τὴν
524 881 804 949 ἐκδίκησιν
846 881 941 933 καὶ
974 881 1072 949 τὴν
1132 881 1512 943 ἀνταπόδοσιν,
1555 880 1741 942 καθὼς
1779 880 1983 947 γέγρα-

394 988 528 1023 πται
581 974 640 1023 ἐν
688 971 801 1041 ᾠδῇ
857 971 1133 1032 Μωυσέως
1184 971 1265 1001 ⁹¹’
1311 972 1387 1040 ('5)
1434 990 1452 1021 ι
1491 970 1606 1022 Οὐκ
1660 970 1769 1022 ἰδοὺ
1809 968 1981 1022 ταῦτα

394 1062 666 1129 συνῆκται
694 1061 823 1132 παρ⁹
853 1062 980 1130 ἐμοὶ
1011 1063 1104 1113 καὶ
1140 1063 1504 1132 ἐσφράγισται
1549 1065 1608 1115 ἐν
1638 1065 1750 1125 τοῖς
1777 1063 1982 1133 θησαυ-

396 1157 511 1221 ροίς
548 1172 651 1223 μου
676 1194 692 1215 ,
728 1155 784 1205 ἐν
845 1155 1028 1223 ἡμέρᾳ
1064 1154 1395 1224 ἐκδικήσεως
1430 1155 1522 1207 καὶ
1552 1155 1981 1217 άνταποδώσεως

398 1248 457 1297 ἐν
491 1244 539 1276 ⁸³
574 1244 753 1315 καιρῷ
787 1245 916 1297 ὅταν
972 1243 1155 1315 σφάλῃ
1187 1247 1216 1297 6
1256 1246 1392 1308 ποῦς
1445 1247 1661 1310 αὐτῶν,
1706 1265 1725 1298 ι
1772 1249 1867 1300 καὶ
1912 1248 1981 1300 τὰ

392 1338 543 1404 ἑξῆς.
570 1335 758 1399 Οὕτως
792 1353 854 1402 γε
895 1337 1002 1405 μὴν
1030 1338 1127 1389 καὶ
1162 1338 1252 1389 ὅτε
1290 1338 1419 1407 ἔστη
1447 1341 1505 1391 ἐν
1528 1342 1594 1409 τῇ
1625 1339 1852 1409 θραύσει
1881 1340 1981 1392 αὑ-

388 1426 485 1480 τοῦ
511 1427 951 1495 πρεσϐευόμενος
969 1426 1065 1478 τοῦ
1097 1426 1479 1497 ἐξολοθρεῦσαι
1496 1430 1541 1460 ’⁸
1562 1431 1652 1481 τὸν
1687 1430 1982 1500 ἀγνώμονα

390 1518 522 1570 λαὸν
565 1520 662 1569 καὶ
691 1516 1189 1588 φιλαμαρτήμονα,
1230 1520 1609 1590 παρακληθεὶς
1650 1521 1789 1584 τέως
1815 1562 1829 1587 ,
1874 1522 1979 1590 ἔφη

390 1609 530 1679 πρὸς
558 1610 722 1662 αὐτόν
749 1610 795 1640 ⁸⁵
820 1627 833 1641 ο
873 1627 892 1660 ι
928 1609 1043 1661 Νῦν
1079 1609 1261 1679 βάδιζε
1299 1612 1434 1681 πρὸς
1452 1613 1513 1665 τὸ
1546 1613 1722 1684 παρὸν
1761 1613 1849 1667 διὰ
1883 1614 1982 1683 τὴν

392 1701 741 1771 παράκλησίν
768 1717 884 1766 σου,
918 1702 1011 1755 καί
1032 1701 1304 1770 ὁδήγησον
1328 1705 1419 1755 τὸν
1440 1704 1595 1756 λαόν⁶
1678 1705 1723 1756 δ’
1750 1704 1815 1757 ἂν
1845 1706 1980 1773 ἠμέ-

2087 506 2350 559 minatum
2404 513 2461 557 et
2505 512 2763 559 vocatum
2810 504 3108 560 vindictam
3139 514 3193 560 et
3224 508 3664 575 retributionem,

2086 599 2229 653 sicut
2264 597 2317 650 in
2350 595 2566 650 cantico
2594 594 2795 666 Moysis
2822 596 3089 665 scriptum
3114 606 3198 653 est
3230 616 3244 652 :
3276 615 3295 649 ι
3326 596 3519 655 Nonne
3549 603 3663 657 haec

2084 689 2299 746 condita
2358 695 2486 743 sunt
2543 688 2687 757 apud
2766 703 2855 742 me
2899 698 2954 743 et
3004 689 3217 758 signata
3267 689 3323 744 in
3393 691 3667 747 thesauris

2085 782 2265 844 meis,
2323 780 2379 833 in
2430 780 2518 834 die
2570 780 2802 849 iustitiae
2839 789 2894 835 et
2957 781 3353 847 tetributiOnis,
3416 781 3473 836 in
3530 791 3668 839 tem-

2084 888 2238 943 pore,
2288 872 2504 944 quando
2571 872 2775 926 labitur
2827 882 2923 942 pes
2983 886 3174 927 eorum
3213 875 3280 927 t?
3319 886 3371 928 et
3432 876 3663 946 reliqua.

2085 965 2298 1020 Pariter
2356 968 2576 1037 quando
2630 966 2845 1039 Moyses
2900 970 2955 1023 in
3007 969 3330 1023 contritione
3375 984 3475 1025 sua
3519 974 3667 1027 stetit

2083 1059 2389 1127 deprecans
2413 1059 2727 1125 Dominum,
2767 1075 2837 1114 ne
2886 1061 3136 1129 perderet
3175 1060 3435 1130 populum
3470 1078 3665 1131 pecca-

2084 1161 2257 1206 torem
2311 1161 2365 1205 et
2392 1151 2707 1218 scelestum,
2756 1153 3009 1207 oratione
3047 1153 3297 1208 tlcviCtus
3328 1153 3467 1207 dixit
3486 1153 3663 1209 Deus:

2089 1260 2107 1293 ι
2143 1242 2222 1295 Tu
2259 1250 2439 1295 autem
2481 1245 2612 1297 vade
2642 1256 2752 1311 quo
2803 1243 3020 1297 locutus
3063 1256 3184 1297 sum
3231 1243 3326 1297 tibi
3359 1245 3663 1299 secundum

2084 1337 2520 1404 deprecationem
2554 1343 2724 1403 tuam,
2776 1346 2827 1390 et
2880 1337 2986 1391 duc
3023 1336 3305 1407 pupulum.
3339 1336 3451 1405 Ego
3483 1344 3661 1411 autem

2087 1427 2141 1480 in
2184 1427 2272 1481 dic
2311 1426 2538 1482 ultionis
2574 1428 2810 1483 visitabo
2842 1438 2895 1482 et
2938 1428 3043 1483 hoc
3092 1439 3375 1497 peccatum
3399 1442 3657 1484 eorum.t

2084 1516 2374 1587 Pergitque
2402 1518 2679 1584 Scriptura
2712 1519 2935 1575 dicens:
2965 1538 2984 1571 ι
3011 1516 3292 1577 Percussit
3316 1528 3447 1591 ergo
3481 1512 3665 1577 Domi-

2085 1622 2188 1661 nus
2213 1609 2471 1677 populum
2500 1622 2600 1676 pro
2629 1618 2781 1663 reatu
2802 1610 2954 1663 vituli
2981 1624 3145 1679 quem
3173 1610 3374 1665 fecerat
3396 1611 3598 1665 Aaron.
3638 1628 3661 1663 τ

2084 1697 2427 1767 lmpossibile
2480 1708 2599 1763 est,
2652 1709 2705 1753 et
2771 1712 2899 1754 vere
2957 1714 3123 1769 supra
3181 1701 3325 1755 vires
3397 1702 3664 1771 cujusque

393 1808 465 1862 ρα
504 1792 952 1861 ἐπισκέπτωμαι,
999 1793 1187 1859 ἐπάξω
1218 1796 1297 1856 εἰς
1332 1795 1528 1858 αὐτοὺς
1566 1796 1665 1864 τὴν
1698 1796 1976 1865 ἁμαρτίαν

2086 1792 2323 1860 positum
2355 1790 2597 1845 divinam
2625 1791 2923 1846 vindictam
2957 1792 3213 1859 eﬂ’ngere,
3246 1793 3352 1847 etsi
3376 1792 3518 1849 Deus
3539 1808 3656 1846 eam

393 1880 595 1932 αὐτῶν.
633 1900 652 1930 ι
722 1882 834 1934 Καὶ
866 1882 1065 1949 ἐπάγει
1116 1882 1352 1950 λέγουσα
1404 1885 1437 1953 ἡ
1487 1884 1679 1953 Γραφή
1710 1884 1785 1915 ’θ’
1829 1903 1848 1935 ι
1874 1886 1981 1937 Καὶ

392 1971 632 2036 ἐπάταξε
668 1972 874 2041 Κύριος
898 1972 992 2024 τὸν
1020 1971 1147 2024 λαὸν
1170 1975 1298 2042 περὶ
1322 1973 1419 2040 τῆς
1450 1973 1725 2043 ποιήσεως
1751 1971 1844 2025 τοῦ
1882 1972 1980 2041 μό-

398 2077 561 2129 σχου·
601 2081 617 2111 ι
673 2060 817 2113 ὥστε
865 2061 957 2114 οὖν
1010 2063 1296 2133 ἀμήχανον
1347 2064 1519 2126 ὅντως
1558 2066 1653 2117 καὶ
1685 2064 1982 2132 ἀνέφικτον

398 2150 679 2217 διαδράναι
720 2148 820 2225 τὴν
881 2148 1141 2219 θεήλατον
1176 2151 1355 2220 δίκην,
1390 2151 1441 2203 εί
1471 2156 1565 2203 καὶ
1612 2153 1763 2221 παρὰ
1814 2152 1981 2215 πόδας

394 2241 495 2290 οὐκ
518 2240 712 2304 ἐπάγει
744 2242 856 2303 τοῖς
888 2242 1267 2311 ἁμαρτάνουσι
1296 2243 1525 2313 ταύτην,
1582 2244 1979 2314 μακροθυμῶν,

389 2330 467 2391 ὡς
501 2330 731 2396 ἀγαθὸς,
786 2334 880 2383 καὶ
915 2332 1323 2402 φιλάνθρωπος,
1364 2336 1458 2387 καὶ
1493 2334 1592 2404 τὴν
1641 2334 1981 2405 ἐπιστροφὴν

392 2422 780 2491 ἐκδεχόμενος,
812 2425 844 2491 ἢ
877 2424 975 2494 τὴν
1015 2426 1110 2476 ἐπὶ
1142 2426 1209 2478 τά
1262 2425 1430 2496 χείρω
1479 2426 1749 2496 πρόϐασίν
1777 2444 1837 2478 τε
1886 2428 1981 2481 καὶ

391 2512 749 2581 δυστροπίαν,
783 2514 856 2576 ὡς
889 2515 978 2566 διὰ
1026 2516 1276 2586 βραχέων
1322 2518 1539 2583 σαφέως
1573 2518 1976 2571 ἀποδέδεικται.

393 2604 474 2672 (5)
512 2605 624 2658 Καὶ
646 2605 778 2672 γοῦν
804 2608 831 2658 6
862 2608 1041 2675 μέγας
1071 2607 1173 2676 ἔφη
1210 2609 1479 2679 Κύριλλος
1508 2628 1519 2639 ·
1558 2612 1600 2642 ³⁷
1641 2629 1659 2661 ι
1692 2610 1977 2681 Μετροῦνο

390 2712 484 2746 ται
514 2696 571 2748 δὲ
608 2696 715 2750 τῶν
745 2697 848 2749 ἀνὰ
890 2700 1073 2751 πᾶσαν
1117 2699 1217 2769 τὴν
1264 2701 1366 2769 γῆν
1397 2702 1700 2771 ἀνθρώπων
1735 2702 1804 2754 τά
1837 2702 1979 2755 κατὰ

393 2788 623 2855 καιροὺς
650 2788 1122 2858 πλημμελήματα,
1152 2790 1191 2844 ὃ.
1224 2792 1320 2843 καὶ
1367 2796 1527 2862 μέχρι
1571 2793 1871 2862 ποσότητος
1898 2809 1979 2845 τι·

392 2892 483 2939 νος
522 2876 747 2946 ἐκδήλου
781 2879 876 2947 τῆς
914 2879 1189 2949 ἁμαρτίας
1221 2881 1378 2950 ἡμῶν
1422 2883 1522 2935 οὐκ
1549 2880 1714 2952 οὔσης
1738 2898 1750 2913 ο
1781 2882 1977 2948 ἐπάγει

393 2968 451 3020 δὲ
478 2969 780 3040 τηνικαῦτα
810 2971 908 3033 τὰς
955 2970 1108 3034 δίκας
1156 2972 1436 3041 λελυμένῳ
1492 2975 1519 3024 6
1550 2973 1847 3042 νομοθέτης
1874 2972 1981 3025 Κύ-

400 3076 537 3125 ριος·
558 3062 909 3132 διακαρτερεῖ
934 3064 988 3116 δὲ
1017 3062 1077 3129 ἐξ
1114 3063 1356 3133 ἐμφύτου
1387 3064 1823 3133 φιλανθρωπίας,
1860 3062 1972 3116 ἐσθ’
1999 3101 2045 3159 C

394 3153 484 3204 ὅτε
508 3155 600 3204 καὶ
620 3151 1084 3223 πλημμελούντων
1109 3156 1361 3225 ἀνέχεται
1366 3208 1382 3235 ³
1409 3157 1510 3208 οὐκ
1530 3158 1608 3219 είς
1638 3156 1785 3209 ἅπαν
1807 3158 1975 3225 ἀγαν-

394 3246 611 3296 ακτῶν·
644 3249 738 3298 καὶ
772 3246 880 3315 γάρ
933 3247 1035 3317 ἔφη
1086 3248 1223 3318 πρὸς
1285 3249 1377 3301 τὸν
1404 3247 1658 3319 ’Δὸραάμ
1684 3248 1764 3279 ⁸⁸·
1809 3247 1977 3301 Οὔπω

394 3337 895 3407 ἀναπεπληρωνται
946 3341 999 3391 αἱ
1035 3339 1301 3410 ἁμαρτίαι
1350 3339 1462 3391 τῶν
1492 3340 1837 3411 Ἀμορραίων
1872 3340 1977 3402 ἕως

395 3424 495 3476 τοῦ
522 3423 638 3479 νῦν.
703 3428 846 3495 Πρὸς
888 3427 945 3480 δέ
992 3445 1054 3496 γε
1090 3430 1214 3491 τοὺς
1258 3429 1585 3498 Φαρισαίους
1652 3428 1976 3493 ἀκαθέκτως

398 3514 773 3584 λελυπηκότας
825 3518 990 3586 φησίν
1041 3519 1117 3551 ⁹”
1155 3537 1172 3569 ι
1227 3518 1416 3588 Ὑμεῖς
1442 3519 1874 3589 ἀναπληρώσατε
1914 3520 1977 3573 τδ

398 3607 601 3676 μέτρον
625 3607 733 3660 τῶν
764 3611 1019 3680 πατέρων
1043 3610 1218 3680 ὑμῶν.
1256 3629 1273 3661 ι
1314 3610 1525 3664 Οὐκοῦν
1544 3612 1593 3663 εί
1627 3611 1868 3681 βούλοιτό
1892 3628 1977 3675 τις

394 3698 681 3753 διαδιῶναι
707 3701 804 3771 μέν
838 3700 1034 3771 ὀρθῶς,
1068 3701 1496 3764 εὐϐουλεστάτας
1523 3701 1579 3754 δὲ
1612 3702 1706 3754 καὶ
1736 3703 1979 3755 ἐπιεικε-

396 3792 599 3851 στάτας
630 3795 687 3846 ἐν
713 3794 848 3863 τῷδε
874 3793 951 3864 τῷ
994 3794 1093 3864 βίῳ
1122 3795 1394 3847 ποιεῖσθαι
1425 3796 1524 3857 τὰς
1549 3794 1854 3865 διατριϐάς,
1881 3797 1975 3865 ὀρ-

396 3884 684 3954 θοποδῄσει
715 3887 809 3939 καὶ
838 3889 851 3917 ¹
886 3888 1194 3951 διανὺξεται
1227 3888 1295 3939 τά
1325 3887 1498 3949 δεινὰ,
1521 3889 1745 3958 γνώμης
1781 3889 1975 3958 ἐχόμε-

394 3991 484 4037 νος
509 3975 675 4045 ὀρθῆς
705 3977 801 4029 καὶ
831 3978 1220 4049 ἁδιαστρὸςου,
1263 3978 1323 4031 τὸ
1350 3979 1425 4049 μὴ
1458 3980 1722 4032 ἐναλῶναι
1756 3980 1854 4047 μὲν
1881 3997 1978 4033 κα-

394 4070 515 4129 κοῖς
546 4086 562 4132 ;
592 4070 855 4140 Ἀτρεκὴς
886 4074 912 4122 6
960 4071 1115 4137 λόγος
1135 4088 1147 4100 ·
1180 4071 1264 4139 ἐφ’
1289 4072 1419 4139 ἡμῖν
1452 4070 1606 4138 ιιι
1632 4070 1741 4140 γάρ
1771 4073 1887 4122 ἐστι
1917 4071 1977 4122 τὸ

395 4160 483 4212 ἐπ’
509 4162 675 4229 ἄμφω
707 4162 949 4230 βλέπειν,
982 4164 1119 4231 πρός
1152 4179 1208 4213 τε
1241 4160 1477 4229 τάγαθὰ,
1508 4162 1675 4231 φημὶ,
1706 4162 1799 4214 καὶ
1818 4161 1975 4213 τούν-

397 4252 601 4305 αντίον.
646 4254 790 4323 (ευ)
845 4254 955 4306 Καὶ
988 4256 1035 4305 υἱ
1080 4254 1177 4321 μὲν
1226 4255 1283 4305 ἐν
1312 4253 1455 4323 λόγῳ
1505 4251 1864 4321 πεποιημένοι
1918 4251 1978 4303 τὸ

397 4344 776 4413 θαυμάζεσθαι
800 4344 1079 4414 πεφυκὼς,
1107 4347 1163 4397 ἐν
1193 4345 1341 4415 καλῷ
1365 4346 1684 4414 γενήσονται
1717 4344 1818 4413 τῆς
1848 4345 1975 4413 άρε-

397 4438 521 4505 τῆς,
553 4442 599 4488 οἱ
634 4439 677 4489 δ’
701 4438 1091 4499 ὰποκλίναντες
1124 4437 1204 4499 είς
1229 4436 1538 4490 τούναντίον
1568 4436 1661 4487 καὶ
1680 4434 1787 4487 τῶν
1814 4436 1977 4504 ἀμει-
2015 4457 2056 4510 ι)

398 4528 572 4579 νόνων
603 4529 897 4597 προθέντες
930 4529 949 4557 ³
969 4528 1027 4580 τὸ
1062 4527 1304 4589 ἀδικοῦν,
1342 4527 1437 4598 τὴν
1455 4527 1665 4580 οἰκείαν
1688 4525 1980 4595 καταφθεί-

404 4635 597 4688 ραντες
617 4618 783 4688 ζωὴν,
809 4618 1019 4671 ἁλλοῖεν
1036 4620 1131 4672 ἂν⁸
1170 4619 1444 4684 αὐθένται,
1468 4618 1562 4671 καὶ
1580 4616 1837 4686 ὀλετῆρες
1870 4618 1979 4670 δει-

400 4708 487 4759 νοὶ
518 4710 663 4761 κατὰ
687 4710 787 4779 τῆς
820 4711 970 4777 σφῶν
997 4710 1175 4764 αὐτῶν
1199 4711 1443 4779 κεφαλῆς
1472 4710 1880 4780 ἐξελελεγμένοι
1899 4710 1973 4763 δ.»

401 4798 481 4870 (6)
513 4800 703 4871 Ταύτῃ
722 4802 903 4855 τοίνυν
934 4806 1067 4872 φησὶ
1092 4805 1184 4857 καὶ
1204 4805 1231 4855 6
1261 4804 1405 4874 ἱερὸς
1433 4804 1719 4874 Ἰσίδωρος·
1745 4821 1761 4853 ι
1786 4804 1850 4856 ἸΙ
1874 4803 1981 4856 τῶν

399 4894 824 4964 ἁμαρτημάτων
855 4896 1099 4959 ἐπίτασις
1130 4896 1456 4962 ἀναγκάζει,
1485 4895 1675 4968 ὥσπερ
1695 4894 1793 4964 τὴν
1828 4893 1981 4950 θείαν

402 4987 499 5038 καὶ
526 4987 691 5039 άῦλον
720 4989 884 5056 φύσιν
912 4992 973 5042 ἐκ
1010 4989 1107 5058 τῆς
1149 4989 1291 5041 κατὰ
1322 4989 1485 5058 φύσιν
1517 4989 1852 5059 ἁγαθότητος
1902 4991 1981 5052 εἰς

401 5077 504 5147 τὴν
534 5081 687 5148 παρὰ
729 5080 891 5149 φύσιν
924 5083 1123 5151 χωρεῖν
1152 5082 1322 5151 ὀργήν
1345 5095 1358 5110 ·
1387 5081 1509 5133 ὃθεν
1558 5083 1653 5135 καὶ
1705 5080 1981 5143 Ἰουδαίοις

405 5174 514 5243 εφη
548 5174 783 5243 Χριστός
807 5175 827 5206 ⁵
856 5189 870 5205 ·
904 5192 922 5224 ι
960 5173 1227 5236 Πολλάκις
1268 5171 1509 5243 ἠθέλησα
1555 5172 1981 5239 ἐπισυναγαγεῖν

2084 1891 2206 1951 post
2231 1892 2579 1950 peccatorum
2613 1898 2835 1950 gressus
2869 1884 3049 1936 statim
3083 1894 3192 1937 non
3228 1884 3507 1950 immittat,
3537 1885 3662 1953 quia

2082 1973 2430 2041 longanimis,
2486 1973 2662 2026 bonus
2707 1980 2761 2025 et
2840 1972 3125 2027 hominum
3185 1973 3429 2037 amicus,
3481 1975 3663 2042 potius

2084 2065 2499 2118 conversionem
2538 2064 2590 2116 in
2628 2064 2847 2122 melius.
2871 2078 3033 2133 quam
3069 2065 3121 2118 in
3146 2064 3303 2134 pejus
3343 2076 3397 2120 et
3424 2065 3667 2121 deterius

2085 2156 2520 2223 corruptionem,
2577 2155 2799 2223 accipit,
2857 2155 3006 2223 quod
3048 2158 3238 2225 paucis
3290 2157 3469 2211 verbis
3518 2157 3665 2211 clare

2083 2247 2297 2301 ostendi
2334 2256 2531 2315 potest.
2564 2245 2706 2301 Dicit
2732 2247 2878 2301 enim
2904 2260 3135 2315 magnus
3163 2247 3400 2318 Cyrillus
3428 2262 3441 2300 ε
3468 2266 3489 2299 ι
3513 2246 3663 2303 Men-

2083 2353 2267 2393 suram
2300 2337 2501 2392 habent
2532 2338 2854 2406 iniquitates
2886 2339 3133 2393 omnium
3164 2339 3451 2393 hominum
3486 2340 3658 2409 quiin

2084 2430 2245 2483 terris
2288 2429 2490 2497 degunt
2542 2446 2554 2480 :
2600 2438 2809 2498 quanta
2865 2444 2996 2484 vero
3044 2440 3099 2484 et
3140 2445 3262 2499 quas
3325 2430 3396 2483 sit
3457 2432 3662 2499 peccati

2085 2521 2408 2589 plenitudo,
2461 2536 2569 2574 non
2629 2530 2712 2574 est
2770 2520 2933 2576 nobis
2986 2532 3197 2575 uotum.
3251 2522 3663 2578 Pnevarieatori

2085 2626 2276 2680 pinnas
2330 2612 2514 2665 statim
2548 2612 2797 2665 decernit
2845 2612 3025 2681 legum
3064 2613 3319 2667 conditor
3375 2613 3663 2677 Dominus,

2083 2702 2266 2756 differt
2314 2718 2443 2756 vero
2489 2716 2585 2757 eas
2639 2717 2705 2756 ex
2758 2703 2945 2756 innata
3000 2718 3127 2771 erga
3164 2705 3415 2761 homines
3447 2707 3665 2760 miseri.

2084 2794 2291 2856 cordia,
2325 2802 2379 2847 et
2424 2792 2723 2861 aliquando
2760 2792 2981 2861 iniquos
3031 2794 3267 2849 sustinet
3298 2795 3509 2865 absque
3555 2796 3664 2851 alia

2084 2884 2310 2937 omnino
2361 2881 2778 2951 indignatione;
2843 2884 2981 2937 dixit
3014 2886 3163 2937 enim
3219 2886 3334 2953 ipse
3370 2887 3437 2939 ad
3486 2888 3664 2941 Abra-

2082 2975 2207 3028 ham
2244 2991 2257 3026 :
2288 3001 2359 3013 --
2386 2971 2637 3026 Nondum
2668 2974 2953 3041 completa
2977 2984 3107 3027 sunt
3132 2974 3450 3044 iniquitates
3471 2977 3664 3031 Amor-

2084 3070 2355 3120 rhteorum
2391 3079 2562 3133 usque
2591 3063 2658 3118 ad
2693 3077 2934 3133 prteseus
2961 3072 3194 3132 tempus.
3221 3091 3288 3104 —
3320 3064 3387 3119 Et
3416 3066 3481 3120 ad
3524 3066 3665 3120 Pha.

2088 3158 2278 3211 risaeos
2301 3154 2440 3209 ultra
2466 3153 2685 3207 modum
2721 3152 2864 3206 mala
2887 3162 3178 3221 operantes
3199 3151 3275 3206 ait
3304 3166 3321 3205 :
3358 3170 3377 3205 ι
3415 3150 3520 3207 Vos
3536 3155 3662 3224 qui-

2086 3252 2207 3305 dem
2250 3246 2592 3315 adimplestis
2625 3258 2939 3298 mensuram
2988 3252 3205 3313 patrum
3242 3254 3573 3302 vestrorum.
3595 3275 3664 3290 -

2088 3341 2189 3408 Qui
2245 3347 2394 3394 recte
2448 3339 2631 3391 vivere
2684 3334 2845 3390 vellet
2897 3342 2951 3388 et
3020 3346 3236 3402 semper
3282 3333 3338 3387 in
3392 3334 3495 3388 hac
3554 3339 3661 3389 vita

2086 3431 2353 3504 quidquid
2384 3429 2652 3498 optimum
2682 3436 2737 3482 et
2763 3426 3227 3495 perfectissimum
3272 3438 3357 3481 est
3384 3442 3565 3497 agere,
3607 3440 3662 3485 et

2088 3534 2269 3579 mente
2296 3532 2445 3577 recta
2475 3520 2703 3575 firmiter
2726 3527 2990 3574 statueret
3015 3534 3120 3573 non
3144 3517 3423 3573 declinare
3453 3520 3523 3573 ad
3546 3535 3665 3575 ma-

2088 3618 2222 3682 lum,
2289 3625 2549 3685 possetne
2608 3612 2754 3681 juste
2810 3612 3098 3666 ambulare
3147 3618 3202 3664 ct
3245 3609 3433 3680 fugere
3481 3613 3669 3667 mala?

2090 3707 2353 3777 Equidem
2375 3715 2562 3776 posset
2588 3721 2604 3759 :
2632 3717 2801 3773 penes
2830 3717 2931 3756 nos
2961 3711 3045 3756 est
3072 3700 3217 3754 enim
3251 3701 3317 3756 ad
3350 3703 3669 3757 utrumlibet

2086 3797 2275 3851 oculos
2298 3795 2587 3864 conjicere,
2617 3802 2707 3846 aut
2734 3791 2803 3845 ad
2840 3792 2982 3845 bona
3015 3792 3245 3855 scilicet,
3266 3799 3361 3845 aut
3402 3793 3468 3846 ad
3494 3794 3656 3848 mala.

2088 3887 2155 3941 Et
2181 3887 2275 3957 qui
2306 3894 2468 3939 rectae
2494 3884 2693 3937 rationi
2721 3884 3087 3952 obsequentes
3118 3883 3279 3953 digna
3312 3885 3470 3938 laude
3498 3900 3661 3954 opera

2087 3986 2354 4049 egerunt,
2395 3976 2612 4031 virtutis
2671 3975 2909 4045 praemiis
2961 3972 3245 4039 fruentur;
3297 3976 3389 4043 qui
3448 3992 3577 4030 vero
3607 3979 3662 4030 in

2087 4070 2415 4125 contrariam
2447 4078 2656 4137 partem
2696 4067 3039 4121 declinantes
3096 4065 3366 4133 iniquitati
3394 4064 3665 4134 justitiam

2085 4170 2544 4230 postposuerunt,
2591 4159 2693 4228 ipsi
2726 4160 2830 4213 sibi
2866 4173 3055 4212 necem
3097 4156 3352 4220 inl'erent,
3402 4160 3665 4227 semetipo

2088 4268 2273 4306 surum
2323 4252 2609 4306 homicida:
2642 4260 2836 4315 erunt,
2892 4251 3285 4319 propriumque
3336 4259 3498 4317 caput
3546 4250 3664 4302 dira

2090 4361 2254 4398 manu
2275 4344 2549 4399 decident.
2579 4362 2598 4395 ι
2629 4343 2785 4397 Unde
2810 4354 2861 4395 et
2895 4356 3049 4394 sacer
3080 4340 3325 4393 lsidorus
3344 4340 3418 4392 ait
3454 4356 3467 4391 :
3501 4356 3519 4390 ι
3546 4337 3667 4409 Ipsa

2091 4445 2441 4506 peccatorum
2486 4432 2803 4501 magnitudo
2843 4431 3083 4485 divinam
3123 4430 3534 4501 spiritalemqne
3564 4446 3667 4486 na-

2093 4538 2270 4580 turam
2303 4541 2333 4581 a
2367 4525 2610 4580 bonitate
2636 4540 2757 4593 quae
2788 4523 2837 4576 ei
2862 4522 3138 4590 competit,
3180 4521 3233 4574 in
3260 4521 3394 4575 iram
3431 4536 3552 4590 quae
3582 4532 3665 4576 οδε

2092 4626 2283 4671 contra
2341 4624 2590 4671 naturam
2649 4628 3007 4683 prorumpere
3049 4613 3229 4680 cogit;
3292 4612 3434 4666 unde
3484 4611 3664 4667 ctJu-

2094 4710 2227 4762 dzeis
2259 4708 2398 4763 dixit
2433 4707 2686 4761 Christus
2730 4726 2743 4760 :
2787 4724 2805 4757 (
2848 4702 3075 4769 Quoties
3128 4702 3273 4757 volui
3336 4716 3666 4771 congregare

2093 4807 2302 4865 vos;et
2331 4799 2587 4853 noluistis
2608 4816 2622 4863 ;
2647 4812 2776 4853 ecce
2804 4796 3142 4865 relinquetur
3172 4794 3326 4849 vobis
3347 4795 3541 4848 domus
3574 4809 3663 4849 ve-

2091 4905 2201 4947 stra
2264 4893 2499 4948 deserta.
2534 4909 2553 4943 ι
2599 4890 2869 4956 Quoniam
2910 4930 2925 4955 ,
2972 4888 3189 4957 inquit,
3228 4886 3665 4942 misericordiam

2092 4983 2400 5054 respuistis,
2449 4981 2700 5037 vindictae
2749 4989 3073 5050 potestatem
3123 4977 3501 5047 experiamini.
3570 4976 3660 5030 Vi-

2092 5079 2226 5130 dcns
2260 5077 2401 5130 Dens
2432 5075 2711 5130 hominem
2744 5075 2795 5127 in
2840 5086 3116 5127 summum
3171 5070 3374 5124 malum
3408 5083 3633 5137 prosum

2090 5184 2332 5239 pentem,
2361 5166 2537 5221 aufert
2592 5167 2659 5220 ab
2689 5182 2753 5219 eo
2776 5166 3003 5234 gratiam
3030 5178 3210 5227 suam,
3238 5176 3343 5231 qua
3370 5160 3665 5215 destitutus

1597 5329 1798 5391 Variis
1843 5329 2148 5391 lectiones
2184 5335 2245 5390 el
2270 5337 2461 5389 notae.

476 5481 518 5512 "
546 5482 635 5536 Ps.
658 5497 821 5541 uxv,
854 5479 909 5533 2.
987 5480 1031 5511 "
1060 5478 1217 5532 Deut.
1239 5492 1408 5539 xxx",
1430 5475 1614 5539 54,35.
1689 5477 1734 5509 ”
1772 5478 1885 5531 ἐκδ.
1906 5478 1981 5530 άνι

2088 5477 2292 5545 οδώσω,
2316 5480 2372 5528 ἐν
2387 5476 2476 5545 55.
2553 5474 2597 5506 ’⁸
2625 5473 2763 5539 ἐξολ.
2778 5472 2821 5545 71.
2840 5471 2932 5545 τοῦ
2956 5471 3031 5545 is};
3054 5470 3195 5545 ἐξολ.
3219 5469 3343 5527 cod.
3383 5472 3465 5545 _’_‘
3488 5470 3659 5545 Exod.

407 5554 695 5615 xxxnﬁét.
774 5554 819 5581 "
860 5554 958 5603 Ex.
993 5563 1163 5607 χχιιι,
1198 5554 1286 5601 55.
1363 5554 1404 5578 ’⁷
1458 5554 1589 5599 L'ed.
1626 5554 1823 5609 80,7-8

410 5624 530 5694 cod.
650 5624 666 5654 ⁸
701 5621 1069 5694 ὀρθοπώῇσαι
1108 5617 1164 5670 δὲ
1195 5616 1321 5670 atati?
1359 5616 1679 5686 διανήξηται
1703 5618 1823 5670 cod.

410 5694 431 5725 ⁸
474 5691 666 5748 Matth.
709 5691 868 5757 iam,
901 5692 1093 5746 57-58.

1939 5619 1959 5647 ¹
1983 5620 2177 5686 προαθ.
2231 5617 2352 5673 cod.

774 5540 819 5581 ’⁸
860 5551 958 5603 Ex.
993 5563 1163 5607 χχιιι,
1198 5547 1286 5601 55.
1363 5546 1405 5578 ⁹⁷
1458 5547 1589 5599 (Sed.
1626 5546 1975 5611 80,7-8l,18,

2086 5570 2089 5583 >
2132 5540 2263 5601 ire?
2334 5547 2380 5578 ⁸³
2411 5544 2545 5600 Gen.
2600 5560 2690 5609 xv,
2723 5544 2809 5615 ili.
2886 5542 2931 5573 "
2962 5540 3154 5615 Matth.
3195 5558 3353 5615 satu,
3382 5542 3471 5598 σε.
3504 5542 3663 5615 ἡμῶν

2461 5615 2481 5645 ³
2508 5615 2656 5668 άλλοι
2715 5613 2843 5666 ὲνάν
2900 5612 3021 5667 cod.
3127 5615 3149 5645 ⁸
3174 5613 3495 5686 ἐξεληλεγμ.
3526 5612 3662 5670 cod.
