4048 6212
296 323 392 388 211

1505 330 1963 390 CIIRONICON.
2005 357 2073 366 -
2113 333 2261 394 LlB.
2309 336 2390 394 II.

3449 337 3551 400 218

302 439 549 508 προτάσει
608 440 718 494 τῶν
756 440 1092 510 χορευτριῶν
1135 441 1320 492 ἕνεκεν
1358 443 1453 509 τῆς
1499 441 1778 509 εὐφημίας
1801 436 1868 512 ἧς

1975 447 2232 500 mulieres
2271 447 2372 500 hoc
2414 461 2634 501 carmen
2683 449 2746 500 ad
2795 448 3010 502 Davidis
3055 449 3268 502 laudent
3304 450 3550 504 cecinere

303 532 480 599 ἐπῇδον
514 529 558 560 ⁸⁸
614 531 766 602 αὐτῷ
807 532 1068 599 λέγουσαι
1111 533 1192 563 ⁷⁰”
1242 551 1260 584 ι
1325 532 1574 599 Ἑνίκησε
1610 532 1781 585 Σαοὺλ
1814 534 1872 584 ὲν

303 623 502 689 χτλιάσι,
542 626 637 677 καὶ
681 624 846 676 Δαυὶδ
900 627 958 676 ἐν
1019 623 1298 693 μυριάσιν.
1341 641 1358 673 ι
1405 623 1482 691 ὦ)
1524 623 1632 674 Καὶ
1679 621 1872 674 ἀποδι-

299 716 504 781 δράσκει
565 718 732 769 Δαυὶδ
795 718 890 769 ἀπ’
947 716 1133 777 αὑτοῦ,
1190 717 1277 769 ὅτε
1339 717 1434 768 καὶ
1489 717 1615 777 τοὺς
1667 716 1871 784 ἄρτους

299 809 454 873 ἔξαγε
513 811 612 878 τῆς
675 809 990 878 προθέσεως
1041 809 1105 862 ἐκ
1167 807 1348 876 χειρὸς
1412 806 1701 874 Ἀδιμέλεχ
1771 805 1866 857 τοῦ

300 901 610 968 ἀρχιερέως,
646 903 776 970 περὶ
815 895 874 952 οῦ
913 900 1085 952 Σαοὺλ
1113 898 1390 967 θυμωθεὶς
1430 899 1523 950 καὶ
1553 899 1870 967 ἀγανακτή-

301 1007 386 1051 σας
434 992 612 1044 ἀνεῖλε
677 991 772 1043 τὸν
832 990 1146 1058 Ἀΰιμέλεχ,
1186 990 1275 1042 διὰ
1336 991 1521 1059 χειρὸς
1578 989 1720 1059 Δοὴκ
1772 989 1865 1042 τοῦ

304 1083 481 1150 Simo,
518 1082 612 1133 καὶ
643 1083 851 1145 πάντας
893 1084 1022 1145 τοὺς
1073 1082 1189 1151 μετ’
1235 1081 1398 1133 αὑτοῦ
1443 1082 1608 1150 ἱερεῖς
1659 1079 1865 1151 Κυρίου

301 1173 478 1242 ἄνδρες
505 1171 582 1223 υν¹
616 1173 682 1232 τί,
727 1173 789 1224 οῦ
824 1174 934 1243 μὴν
968 1173 1024 1224 δὲ
1053 1174 1099 1203 ⁷²
1133 1191 1150 1223 ι
1192 1173 1285 1225 καὶ
1322 1174 1502 1224 πᾶσαν
1559 1172 1659 1241 τὴν
1710 1171 1866 1226 πόλιν

300 1265 394 1316 τῶν
422 1265 609 1333 ἱερέων
636 1264 867 1332 Νομϐὰν
908 1264 1182 1330 ἐπάταξεν
1217 1266 1275 1316 ἐν
1319 1264 1550 1333 στόματι
1587 1264 1866 1334 ῥομφαίας

296 1356 394 1408 ἀπὸ
422 1356 610 1424 ἀνδρὸς
653 1356 758 1420 ἓως
801 1358 1084 1423 γυναικὸς,
1125 1357 1217 1408 καὶ
1267 1356 1465 1426 νηπίου
1514 1356 1860 1426 θηλάξοντος,

295 1446 379 1498 καὶ
431 1446 658 1516 μόσχου,
701 1447 795 1498 καὶ
834 1447 980 1508 ὄνου,
1031 1449 1124 1500 καὶ
1179 1447 1463 1514 προϐάτων
1490 1463 1504 1476 ι
1547 1465 1563 1496 ι
1601 1448 1660 1499 οῦ
1731 1463 1864 1499 κατ-

295 1541 506 1612 ελείφθη
534 1543 714 1594 αὐτῶν
740 1541 860 1594 οὐδὲ
892 1536 972 1604 εἷς
998 1543 1062 1605 ⁷³,
1077 1541 1218 1612 πλὴν
1253 1541 1516 1610 Ἀϐιάθαρ
1559 1541 1672 1603 υίὸς
1714 1540 1860 1594 Ἀϐι-

297 1634 451 1704 μέλεχ
497 1634 686 1702 φυγὼν
735 1634 872 1703 προς
909 1634 1000 1686 τὸν
1046 1635 1229 1687 Δαυίδ.
1273 1633 1349 1702 (6)
1383 1631 1531 1701 Αῦτη
1561 1632 1655 1685 τοῦ
1687 1633 1859 1686 Σαοὺλ

295 1725 324 1792 ἡ
383 1723 666 1790 μιαιφονία
737 1725 964 1776 πάντων
1035 1723 1140 1775 τῶν
1209 1723 1385 1775 ἄλλων
1442 1723 1858 1792 ἁμαρτημάτων

291 1813 722 1882 δυσσεϐεστέρα·
768 1814 863 1866 τοῦ
916 1816 1012 1884 μὲν
1062 1815 1170 1882 γὰρ
1230 1813 1367 1866 Θεοῦ
1423 1814 1859 1883 προστεταχότος
1895 1801 1934 1854 Β

293 1905 419 1974 (27⁸)
460 1905 632 1975 ἄρδην
677 1904 1061 1975 ἐξολοθρεῦσαι
1124 1906 1218 1957 τὸν
1277 1904 1544 1975 ’Λμαλὴκ,
1590 1905 1651 1956 οὑ
1705 1904 1865 1971 μόνον

291 1996 377 2048 τὸν
409 1998 588 2064 Ἀγαγ
634 1996 916 2060 διέσωσεν,
947 1997 1082 2048 ἀλλὰ
1132 1997 1225 2049 καὶ
1255 1997 1358 2049 ὅσα
1406 1992 1472 2065 ἦν
1519 1995 1684 2048 αὑτοῦ
1723 1993 1867 2057 ἀξιον

288 2104 490 2157 κτητα·
525 2086 619 2139 τοῦ
663 2087 721 2139 δὲ
771 2088 945 2158 θυμοῦ
998 2091 1374 2158 κεκινηκότος,
1411 2091 1471 2140 οὐ
1523 2087 1684 2156 μόνον
1738 2087 1866 2148 τοὺς

290 2181 447 2247 ἱερεῖς
493 2179 866 2241 κατέκτεινεν,
925 2181 1065 2234 ἀλλὰ
1131 2183 1224 2233 καὶ
1289 2180 1388 2248 τὴν
1457 2180 1615 2232 πόλιν
1685 2178 1864 2231 αὐτῶν

284 2269 583 2340 διέφθειρεν
635 2270 931 2342 αῦτανδρον
977 2272 1045 2326 ⁷⁸.
1097 2273 1174 2343 (7)
1239 2271 1610 2324 Καταδιώκων
1659 2270 1718 2322 δὲ
1772 2271 1864 2322 τὸν

282 2362 462 2427 Acuta,
496 2363 588 2415 καὶ
633 2363 783 2426 ἅπαξ
834 2363 930 2416 καὶ⁸
971 2364 1072 2428 δίς,
1113 2362 1374 2432 ἐμπεσὼν
1418 2365 1498 2426 είς
1550 2364 1740 2432 χεῖρας
1771 2361 1864 2413 τοῦ

281 2457 580 2526 μακαρίου,
640 2456 736 2509 καὶ
791 2457 961 2526 μηδὲν
1020 2455 1256 2519 ἀποδοὺς
1308 2455 1458 2526 αὖτῷ
1523 2456 1694 2507 κακὸν
1743 2454 1865 2506 ἀντὶ

278 2548 478 2610 κακοῦ,
509 2549 614 2618 ἔφη
666 2549 834 2601 Δαυὶδ
890 2548 1103 2618 1196
1135 2548 1444 2618 πραότατος
1499 2547 1634 2616 πρὸς
1692 2544 1866 2598 Σαοὺλ

277 2638 371 2692 τὸν
420 2639 919 2707 ἀπανθρωπότατον
950 2640 995 2672 ⁷⁸
1023 2657 1034 2668 ·
1083 2658 1103 2689 ι
1147 2641 1266 2692 ’Ἰνα
1316 2639 1366 2690 τί
1400 2636 1779 2700 καταδιώκεις,
1821 2630 1866 2687 ὦ

278 2729 535 2800 βασιλεῦ,
577 2730 762 2782 λαϐεῖν
801 2729 902 2801 τὴν
953 2729 1134 2799 ψυχήν
1189 2746 1322 2797 pou;
1385 2729 1604 2781 Δικάσει
1662 2727 1865 2797 Κύριος

275 2822 559 2891 ἀναμέσον
579 2821 716 2891 ἐμοῦ
752 2823 847 2873 καὶ
885 2820 1004 2887 σοῦ,
1044 2823 1141 2874 καὶ
1172 2821 1450 2888 ἐκδικήσει
1481 2837 1548 2888 με
1585 2822 1648 2872 ἐκ
1680 2821 1865 2888 χειρός

277 2928 376 2964 σου
399 2929 413 2943 ο
452 2914 483 2982 ἡ
512 2912 570 2964 δὲ
603 2912 724 2981 χείρ
759 2929 864 2978 μου
887 2912 987 2963 οὐκ
1019 2912 1166 2963 ἔστιν
1196 2911 1288 2962 ἐπὶ
1316 2911 1397 2974 σὲ,
1430 2909 1612 2971 καθὼς
1642 2910 1863 2975 λέγεται

273 3004 336 3056 ἐν
369 3005 439 3072 τῇ
477 3004 683 3073 ἀρχαίᾳ
725 3003 1030 3072 παραϐολῇ,
1065 3003 1149 3056 ὄτι
1185 3002 1243 3066 ἐξ
1274 3003 1491 3071 ἀνόμων
1515 3001 1864 3066 ἐξελεύσεται

276 3096 632 3166 πλημμέλεια
654 3096 980 3150 ἠδ-(Καὶ
1012 3099 1038 3147 ὁ
1074 3094 1174 3164 μὲν
1205 3090 1350 3156 οἶκος
1379 3095 1540 3146 Δαυῖδ
1571 3094 1864 3162 ἐπορεύετο

275 3187 374 3238 καὶ
433 3187 814 3254 ἐκραταιοῦτο,
862 3190 889 3239 ὁ
933 3187 990 3238 δὲ
1035 3183 1185 3250 οἶκος
1245 3188 1417 3240 Σαοὺλ
1447 3186 1866 3255 ἐπορεύετο-καὶ

274 3277 500 3344 ἠσθένει
532 3279 595 3331 ⁷⁷.
641 3298 661 3327 ι
699 3279 778 3347 (8)
814 3277 946 3331 Εἶτα
987 3279 1096 3332 τῶν
1137 3279 1454 3348 ἀλλοφύλων
1511 3279 1648 3348 πρὸς
1694 3279 1866 3330 Σαοὺλ

278 3369 893 3436 ἐστρατοπεδευκότων,
928 3369 1022 3422 τοῦ
1051 3370 1105 3423 δὲ
1131 3371 1268 3440 προς
1297 3371 1398 3439 τὴν
1424 3370 1864 3438 ὲγγαστρίμυθον

273 3460 614 3522 ἀπελθόντος
652 3462 746 3513 καὶ
778 3460 877 3530 τὴν
906 3461 1188 3529 ἀπόφασιν
1218 3461 1539 3530 δεξαμένου,
1566 3460 1865 3530 προθύμως

275 3550 538 3621 εἰσῆλθεν
583 3554 663 3614 εἰς
725 3550 816 3602 τὸν
873 3550 1134 3619 πόλεμον,
1178 3553 1273 3603 καὶ
1326 3549 1601 3615 τοξευθεὶς
1665 3550 1745 3612 εἰς
1797 3550 1866 3600 τὰ

278 3641 632 3712 ὕποχόνδρια,
698 3637 821 3693 εἷπε
892 3641 1030 3709 πρὸς
1104 3642 1194 3694 τὸν
1271 3642 1498 3710 αἴροντα
1573 3641 1740 3693 αὐτοῦ
1799 3640 1866 3692 τὰ

282 3735 458 3802 σκεύη
494 3734 581 3764 ⁷⁸⁸
621 3751 638 3782 ι
686 3733 901 3786 Σπάσαι
953 3733 1054 3802 τὴν
1109 3734 1391 3803 ῥομφαίαν
1441 3751 1536 3786 σου
1588 3733 1681 3785 καὶ
1734 3734 1869 3784 ἀπο-

280 3825 549 3895 κέντησόν
578 3843 668 3894 με,
717 3827 927 3896 μήποτε
1001 3825 1284 3889 παίξουσιν
1328 3828 1412 3888 είς
1456 3827 1554 3896 ἐμὲ
1583 3827 1631 3878 οι
1670 3824 1866 3895 ἀπερί-

279 3933 486 3987 τμητοι
513 3915 681 3972 οῦτοι.
721 3937 739 3970 ι
778 3920 882 3972 Τοῦ
926 3920 985 3973 δὲ
1010 3920 1340 3990 φοόηθὲντος
1374 3920 1466 3970 καὶ
1505 3919 1579 3988 μὴ
1629 3916 1870 3970 ὑπακού-

282 4027 502 4076 σαντος,
539 4012 700 4066 ἔλαϐε
733 4014 904 4066 Σαοὺλ
927 4014 1025 4084 τὴν
1047 4013 1327 4086 ῥομφαίαν
1354 4011 1518 4064 αὐτοῦ
1554 4013 1645 4064 καὶ
1675 4011 1867 4062 ἔπεσεν

280 4105 370 4156 ἐπ’
413 4106 610 4176 αὐτὴν,
638 4108 724 4174 ἐφ’
755 4108 820 4176 ἣν
860 4107 953 4160 καὶ
986 4111 1012 4160 ὁ
1045 4107 1372 4176 σκευοφόρος
1413 4104 1690 4156 ἐπιπεσὼν
1718 4105 1871 4156 ἁναιο

284 4201 465 4264 ρεῖται
514 4202 608 4252 καὶ
665 4201 829 4262 αὐτὸς
877 4201 964 4253 διὰ
1030 4201 1128 4268 τῆς
1182 4201 1353 4268 αὐτῆς
1408 4197 1702 4267 ῥομφαίας·
1763 4197 1871 4247 Καὶ

283 4287 462 4354 οὕτως
524 4291 765 4346 ἀπέθανε
824 4293 996 4346 Σαοὺλ
1046 4295 1106 4345 ἐν
1162 4295 1284 4354 ταῖς
1342 4289 1641 4360 ἁμαρτίαις
1703 4287 1868 4340 αὑτοῦ

285 4377 402 4448 (αἶς
441 4384 679 4454 ὴνόμησε
725 4385 802 4452 τῷ
829 4385 971 4454 Θεῷ,
1012 4385 1144 4438 διότι
1171 4385 1273 4437 οὐκ
1316 4381 1552 4450 ἐφύλαξε
1583 4382 1674 4432 τὸν
1715 4381 1871 4446 λόγον

1976 543 2218 597 dicentes
2252 562 2263 596 :
2301 562 2318 593 ‹
2365 543 2638 597 Percussit
2686 542 2814 596 Sani
2865 546 3032 608 mille,
3069 555 3123 598 et
3161 544 3326 597 David
3361 545 3546 599 decem

1977 634 2162 688 millia.
2206 653 2224 685 ι
2266 634 2489 703 Aufugit
2516 637 2714 703 itaque
2765 635 2924 688 David
2973 652 3000 687 a
3041 636 3175 690 facie
3221 634 3350 688 Sani
3387 647 3432 688 et
3481 650 3549 688 eo

1975 736 2218 794 tempore
2257 726 2492 779 comedit
2541 741 2704 795 panes
2738 727 3130 794 propositionis
3173 735 3426 794 acceptos
3479 725 3548 777 de

1972 831 2133 870 manu
2186 818 2496 872 Abimelech
2553 822 2750 874 summi
2807 819 3130 874 sacerdotis.
3191 817 3344 882 Quod
3405 830 3549 884 aegre

1973 909 2152 963 ferens
2190 908 2342 974 Saul,
2379 910 2550 964 iratus
2604 912 2805 966 occidit
2863 909 3174 964 Ahimeleeh
3233 924 3326 976 per
3353 921 3547 960 manus

1970 1001 2116 1070 Doeg
2172 1002 2291 1071 Syri
2352 1017 2497 1056 cum‘
2548 1005 2800 1058 omnibus
2872 1001 3246 1064 sacerdotibus
3309 998 3543 1059 Domini.

1970 1094 2102 1148 viris
2130 1095 2444 1162 quingentis
2467 1096 2934 1164 etquinquaginta
2958 1110 2972 1159 ;
2995 1105 3257 1163 prreterea
3278 1111 3295 1141 ι
3328 1106 3544 1144 onmem

1969 1185 2117 1239 Nohe
2146 1185 2418 1240 civitatem
2452 1186 2794 1240 sacerdotum
2829 1185 3101 1252 percussit
3139 1185 3191 1236 in
3229 1199 3321 1236 ore
3361 1182 3544 1249 gladii,

1967 1277 2112 1331 viros
2135 1286 2188 1330 et
2218 1279 2497 1338 mulieres,
2530 1288 2582 1330 et
2633 1278 2890 1344 parvulos
2927 1289 2979 1330 et
3017 1278 3300 1335 lactentes,
3325 1275 3546 1326 bovem-

1967 1384 2074 1438 que
2130 1379 2183 1423 et
2214 1371 2427 1423 asinum
2470 1379 2522 1423 et
2551 1385 2706 1422 ovem
2763 1372 2815 1422 in
2853 1385 2947 1423 ore
2979 1369 3141 1438 gladii
3171 1387 3183 1429 ;
3219 1388 3236 1418 ι
3282 1379 3548 1432 nemoque

1966 1480 2028 1517 ex
2059 1464 2140 1518 eis
2174 1464 2392 1516 relictus
2436 1470 2538 1525 est,
2579 1473 2770 1528 prmler
2807 1461 3067 1513 Ahiatliar
3113 1459 3279 1511 filium
3324 1458 3546 1508 Alnme-

1966 1552 2080 1607 lech
2111 1554 2202 1621 qui
2240 1553 2305 1604 ad
2343 1552 2504 1604 David
2539 1550 2772 1619 aufugit.
2804 1579 2873 1590 -—-
2908 1550 3032 1604 Ilaec
3067 1549 3248 1602 ra-des
3283 1547 3548 1615 impiissi-

1965 1661 2110 1698 mtnn
2146 1645 2244 1697 fuit
2288 1644 2462 1697 Saulis
2496 1651 2803 1710 peccatum.
2864 1642 2974 1695 Etsi
3024 1643 3168 1693 enim
3203 1641 3344 1693 Dens
3386 1639 3551 1691 vehe-

1965 1746 2173 1789 menter
2202 1733 2507 1788 mandasset
2535 1733 2750 1785 Amalec
2783 1731 3036 1793 interliei,
3071 1746 3176 1782 non
3211 1728 3373 1780 modo
3405 1726 3549 1792 Agag

1968 1831 2194 1882 illzrsum
2227 1827 2539 1888 eustodivit,
2566 1825 2657 1878 sed
2695 1827 2949 1876 universa
2999 1822 3116 1888 ejus
3165 1820 3400 1885 pretiosa
3434 1832 3552 1868 ser-

1971 1921 2136 1981 vavit,
2181 1920 2440 1971 incitante
2471 1931 2598 1969 vero
2633 1915 2733 1977 ira,
2771 1928 2876 1965 non
2908 1913 3068 1964 modo
3099 1910 3410 1963 sacerdotes
3435 1906 3552 1972 gla-

1967 2012 2056 2064 dio
2104 2010 2396 2071 interfecit,
2451 2008 2543 2061 sed
2591 2007 2780 2060 urbem
2823 2019 3011 2058 eorum
3063 2000 3390 2070 disperdidit
3425 2013 3548 2052 cum

1967 2103 2084 2170 ejus
2138 2102 2349 2154 incolis.
2413 2099 2547 2152 Cum
2616 2105 3040 2166 persequeretur
3075 2093 3354 2155 Davidem,
3420 2088 3549 2141 Saul

1968 2192 2133 2247 semel
2166 2201 2219 2244 et
2255 2191 2446 2244 iterum
2504 2189 2743 2246 fataliter
2791 2185 2980 2240 incidit
3012 2185 3064 2237 in
3120 2199 3310 2235 manus
3363 2179 3550 2240 David.

1967 2285 2054 2353 qui
2089 2283 2284 2337 nedum
2333 2282 2534 2335 mulum
2570 2295 2670 2348 pro
2718 2277 2857 2330 malo
2889 2276 3160 2336 redderet,
3195 2288 3318 2327 cum
3364 2271 3555 2340 proxi-

1969 2396 2091 2434 mus
2130 2389 2276 2434 esset
2318 2378 2492 2432 factus
2542 2373 2946 2429 immanissima
2994 2368 3169 2429 Sauli.
3222 2368 3342 2422 ait:
3381 2386 3398 2416 α
3443 2365 3557 2418 Cur

1969 2474 2244 2526 insidiaris
2267 2471 2462 2524 animae
2497 2485 2632 2522 ιιιοαι
2661 2476 2720 2519 ut
2745 2465 2962 2519 auferas
2986 2477 3104 2516 eam
3142 2461 3404 2514 Ηυιιίνρι
3449 2458 3554 2508 Do-

1967 2564 2148 2616 minus
2179 2564 2319 2614 inter
2354 2577 2437 2614 me
2468 2569 2519 2613 et
2549 2570 2619 2620 te,
2650 2568 2703 2612 et
2755 2557 3054 2609 ulciscatur
3081 2570 3166 2607 me
3204 2553 3463 2603 Dominus
3489 2565 3554 2601 ex

1969 2665 2052 2719 te;
2090 2671 2280 2709 manus
2310 2665 2488 2707 autem
2526 2667 2641 2705 mea
2689 2667 2794 2704 non
2841 2650 2911 2704 sit
2961 2651 3013 2700 in
3052 2657 3125 2712 te,
3184 2647 3328 2698 sicut
3394 2650 3444 2694 et
3500 2642 3551 2693 in

1972 2747 2255 2814 proverbio
2321 2745 2544 2812 antiquo
2599 2744 2799 2796 dicitur
2861 2758 2872 2792 :
2947 2739 3028 2794 Ah
3119 2736 3302 2805 impiis
3392 2747 3551 2800 egre-

1968 2837 2145 2890 dietur
2214 2836 2486 2902 impietas.
2548 2854 2566 2885 ι
2627 2864 2698 2872 --
2763 2851 2780 2882 ι
2846 2831 3048 2884 Domus
3131 2836 3311 2880 autem
3392 2821 3554 2874 David

1967 2926 2319 2998 proficiscens
2383 2925 2542 2992 (erat)
2617 2933 2670 2975 et
2735 2937 2948 2989 semper
3019 2921 3196 2987 seipsa
3257 2913 3554 2974 robustior,

1968 3018 2162 3071 domus
2217 3023 2396 3066 autem
2458 3012 2587 3066 Saul
2653 3012 2977 3064 decrescens
3018 2996 3294 3076 quotidie.
3343 3023 3361 3052 ι
3402 3003 3559 3054 Post-

1970 3126 2032 3164 ca
2093 3107 2436 3177 congregatis
2501 3105 2790 3158 Philisteis
2869 3111 3058 3156 contra
3123 3099 3386 3154 S-iuleiu.
3430 3110 3556 3164 prn-

1973 3201 2146 3255 fectus
2203 3208 2285 3251 est
2347 3198 2465 3265 ipse
2524 3197 2587 3250 ad
2649 3195 3023 3265 pythonissam
3087 3189 3554 3255 interrogandum.

1970 3301 2020 3345 et
2051 3303 2314 3358 responso
2342 3295 2587 3355 accepto,
2624 3284 2749 3337 forti
2780 3285 2964 3336 animo
3007 3283 3251 3350 praelium
3283 3279 3424 3336 iniit,
3465 3276 3555 3327 sed

1973 3384 2077 3437 telo
2130 3385 2182 3436 in
2229 3378 2656 3450 hypoehoudriis
2695 3386 2932 3445 ret-cpio,
2967 3375 3101 3428 dixit
3130 3371 3194 3426 ad
3226 3371 3556 3440 armigerum

1974 3492 2130 3529 suum
2170 3495 2182 3529 :
2227 3495 2244 3525 ι
2282 3474 2517 3542 Evagina
2551 3471 2786 3540 gladium
2827 3479 2975 3522 tuum
3008 3477 3060 3521 et
3090 3476 3312 3535 percute
3346 3480 3452 3526 me,
3493 3477 3559 3514 ne

1973 3567 2110 3621 forte
2160 3566 2388 3618 illudant
2431 3562 2564 3615 mihi
2613 3558 2984 3614 incircnincisi
3037 3557 3149 3611 isti.
3191 3575 3206 3605 ι
3271 3555 3554 3607 Rennente

1973 3659 2240 3728 armigero
2272 3655 2580 3726 perterrito,
2614 3653 2846 3722 arripuit
2876 3651 3002 3704 Sani
3042 3650 3282 3720 gladium
3312 3656 3367 3700 et
3398 3645 3558 3698 irruit

1972 3765 2134 3818 super
2168 3763 2291 3802 cum
2317 3765 2330 3811 ;
2364 3747 2478 3815 ipse
2508 3759 2727 3814 quoque
2750 3744 2983 3813 armiger
3009 3744 3223 3796 irruens
3255 3755 3420 3807 super
3444 3738 3560 3806 gla-

1975 3845 2120 3894 dium
2163 3855 2348 3902 suum,
2383 3848 2629 3891 mortuus
2659 3847 2763 3890 est.
2798 3837 2887 3888 Sir.
2923 3843 3170 3887 mortuus
3213 3842 3294 3885 est
3333 3831 3461 3881 Sani
3505 3829 3558 3881 in

1973 3933 2209 4002 peccatis
2254 3931 2370 3986 suis
2402 3929 2624 3998 (quibus
2659 3927 2884 3980 offendit
2925 3926 3135 3991 Deum),
3159 3925 3286 3992 quia
3319 3937 3423 3974 non
3462 3935 3560 3972 cu-

1974 4025 2192 4079 stodivit
2219 4023 2442 4076 verbum
2496 4019 2736 4079 Domini,
2771 4027 2825 4071 et
2865 4018 2990 4085 quia
3040 4014 3314 4068 consuluit
3358 4014 3561 4081 pytho—

1975 4116 2224 4179 nissant,
2263 4124 2316 4166 et
2375 4114 2584 4180 accepit
2665 4123 2988 4178 responsum
3036 4122 3065 4159 a
3127 4105 3380 4160 Samuele
3442 4120 3566 4170 pro-

1977 4208 2173 4275 pheta,
2212 4215 2265 4259 ct
2321 4219 2428 4256 non
2487 4202 2742 4271 quzesivit
2825 4199 3148 4262 Dominum,
3213 4208 3266 4251 et
3321 4195 3562 4260 scipsutn

1975 4299 2205 4363 occidit;
2261 4297 2614 4363 oblatumque
2681 4305 2765 4347 est
2824 4307 3050 4358 regnum
3103 4291 3169 4342 (le
3217 4289 3381 4340 domo
3435 4283 3562 4336 Sani

1975 4401 2027 4442 et
2093 4390 2147 4441 iu
2211 4391 2432 4442 domum
2498 4386 2660 4439 David
2721 4383 3066 4437 translatum.
3114 4378 3192 4432 Ad
3247 4377 3378 4448 quid
3441 4391 3570 4444 pro-

285 4477 526 4547 Κυρίου·
557 4480 653 4532 καὶ
708 4480 790 4532 ὅτι
835 4477 1144 4547 ἐπεζήτησε
1187 4481 1252 4549 τῇ
1289 4473 1738 4546 ἐγγαστριμύθῳ,
1781 4475 1868 4524 κῖιῖ

1984 4483 2086 4537 fuit
2144 4481 2295 4534 Sauli
2351 4491 2404 4532 ct
2453 4476 2764 4546 magnitudo
2819 4475 2939 4543 ejus
2979 4484 3031 4526 et
3076 4469 3324 4540 corporis
3381 4483 3569 4536 procc-

285 4567 561 4641 ἁπεκρίθη
588 4571 740 4639 αὐτῷ
782 4571 1034 4640 Σαμουὴλ
1072 4573 1100 4623 ὁ
1133 4571 1441 4640 προφήτης,
1471 4569 1569 4620 καὶ
1609 4566 1710 4619 οὐκ
1739 4564 1868 4634 ἐζή-

287 4673 421 4725 τητι
451 4661 674 4731 Κύριονο
708 4662 802 4717 καὶ
829 4663 1152 4717 ἀπέκτεινεν
1174 4662 1359 4724 αὑτὸν,
1389 4661 1482 4713 καὶ
1510 4657 1870 4728 ἀφαιρεθεῖσα

288 4750 318 4814 ἦ
371 4751 625 4819 βασιλεία
680 4756 745 4807 ὲκ
800 4755 892 4808 τοῦ
945 4757 1139 4824 γένους
1189 4753 1378 4817 αὑτοῦ,
1437 4751 1743 4822 μετηνέχθη
1792 4752 1872 4812 είς

289 4841 449 4896 ἑαυὶδ
478 4845 571 4896 καὶ
594 4845 654 4898 τὸ
682 4845 837 4910 γένος
882 4845 1091 4914 αὐτοῦ).
1126 4845 1200 4914 (9)
1247 4845 1312 4896 Τί
1355 4842 1534 4896 τοίνυν
1569 4843 1660 4894 τὸν
1703 4841 1873 4895 Σαοὺλ

286 4929 402 4999 raw]
416 4950 470 4987 σε
499 4938 558 4990 τὸ
591 4937 822 5005 μέγεθος
853 4938 1020 4990 αὐτοῦ
1050 4936 1144 4990 καὶ
1177 4937 1237 4989 τὸ
1273 4935 1405 5003 ὕψος
1452 4936 1547 4986 τοῦ
1580 4933 1868 5002 σώματοςς

289 5017 320 5087 ἦ
363 5023 417 5076 τί
441 5027 528 5080 τὸν
558 5030 724 5082 Δαυὶδ
765 5029 965 5099 ἔϐλαψε
997 5030 1058 5082 τὸ
1089 5032 1324 5100 σμικρδν
1373 5030 1465 5082 καὶ
1504 5028 1726 5089 εὐτελὲς
1776 5027 1874 5096 τῆς

296 5111 544 5185 ἠλικίαςς
588 5121 647 5174 ’0
698 5123 796 5190 μὲν
829 5122 938 5192 γὰρ
977 5122 1169 5192 ὥσπερ
1223 5139 1305 5185 τις
1351 5121 1483 5190 δρῦς
1527 5120 1874 5190 ὑψηλόκομος

297 5210 505 5279 καρπὸν
559 5215 758 5279 κακίας
806 5215 970 5287 ἔφερε
1029 5217 1124 5269 καὶ
1180 5217 1388 5286 τροφὴν
1451 5219 1686 5285 χοίρων⁶
1721 5215 1748 5265 ὁ
1794 5213 1871 5275 δὲ,

1979 4574 2131 4634 ritas,
2181 4581 2235 4625 et
2280 4571 2550 4639 quomodo
2605 4567 2781 4621 olifnit
2830 4564 3013 4619 Davidi
3057 4565 3304 4633 corporis
3360 4561 3570 4630 exigui-

1981 4674 2062 4717 tas
2093 4673 2145 4716 et
2193 4662 2521 4715 humilitas?
2555 4659 2645 4714 Ille
2695 4661 2843 4714 velut
2901 4673 3134 4727 quercus
3183 4658 3290 4711 alta
3349 4654 3568 4706 frondo-

1985 4770 2152 4824 saque
2196 4753 2404 4808 fructus
2438 4755 2630 4811 malos.
2684 4768 2974 4821 porcorum
3017 4751 3272 4803 alimenta
3322 4743 3567 4811 protulit,

1987 4849 2074 4900 hic
2107 4863 2235 4902 vero
2267 4848 2412 4900 velut
2441 4845 2725 4900 luxurians
2768 4846 2894 4898 vitis
2943 4859 2996 4898 et
3033 4843 3286 4900 feeunla,
3327 4837 3442 4892 suis
3473 4851 3569 4889 va-

1986 4940 2081 4993 riis
2110 4939 2397 4992 virtutibus
2427 4939 2574 4993 dedit
2609 4939 2792 4991 vinum
2828 4935 2972 5005 quod
3004 4935 3240 4989 laetificat
3269 4947 3361 4986 cor
3395 4929 3570 4984 hami-

1984 5033 2088 5087 nis.
2129 5052 2144 5083 ι
2183 5031 2470 5087 Deficiente
2499 5032 2644 5086 enim
2671 5031 2893 5093 virtute,
2935 5029 3010 5082 ait
3043 5041 3272 5095 magnus
3304 5023 3565 5084 lsidortts,

1984 5122 2049 5174 ad
2083 5122 2212 5174 nihil
2253 5122 2398 5175 utilis
2419 5129 2505 5175 est
2553 5120 2872 5175 constitutio
2928 5119 3197 5187 corporis.
3244 5135 3261 5166 ι
3292 5114 3446 5169 Unde
3501 5111 3566 5166 ad

1987 5214 2291 5268 Samuelem
2339 5213 2414 5266 ait
2446 5212 2590 5267 Deus
2621 5229 2634 5264 :
2673 5231 2689 5264 ι
2725 5211 2800 5266 Ne
2849 5211 3112 5280 respicias
3147 5207 3352 5261 vultum
3404 5203 3566 5274 primi

1453 5383 1651 5444 νοτία)
1682 5382 1988 5446 lectiones
2013 5390 2074 5444 et
2119 5388 2306 5443 noun.

373 5555 415 5586 ⁹⁹
439 5557 646 5609 ἐπεῖδον
677 5556 776 5608 Cod
787 5596 800 5609 .

299 5623 346 5658 "
379 5625 397 5680 Ι
428 5625 574 5681 Sam.
605 5641 740 5687 xxii,
769 5627 860 5681 ‘20.

971 5629 1014 5659 τι
1038 5627 1191 5697 Glyc.
1228 5627 1475 5693 329,5.9.

297 5696 347 5727 τ’
383 5696 552 5751 ISatit
606 5713 752 5759 xxxv,
789 5697 837 5755 4,
875 5705 925 5761 5.

898 5558 945 5588 ⁷⁰
982 5557 999 5612 1
1043 5558 1195 5611 Satn.
1254 5573 1386 5612 xvm
1415 5599 1428 5620 ,
1461 5556 1574 5610 7-6.
1611 5555 1763 5625 Glyc.
1820 5553 2067 5618 339,!4,
2173 5555 2214 5584 '”
2249 5553 2256 5605 1

971 5627 1191 5679 “lec.
1228 5627 1475 5679 329.5-9.
1588 5627 1634 5657 "
1669 5625 1688 5678 Ι
1721 5625 1866 5679 Sam.
1905 5641 2050 5679 xxtv.
2093 5624 2256 5679 I‘E-M

1762 5640 1866 5678 aut.
1905 5641 2050 5690 xxiv,
2093 5640 2274 5679 ιτς-14.

2994 5547 3256 5603 "ISam.
3306 5564 3436 5606 χχιι.
3480 5547 3545 5602 l9

2988 5622 3032 5652 τ’
3067 5620 3215 5690 Glyc.
3245 5619 3567 5687 32!),l0-ll.

2173 5555 2214 5584 '”
2249 5553 2265 5606 1
2297 5549 2448 5605 Sam.
2494 5567 2628 5616 xm,
2666 5551 2731 5604 l8
2787 5557 2890 5602 ae'.

2384 5623 2428 5655 ’θ
2465 5623 2506 5678 ll
2535 5621 2686 5677 Sam.
2723 5635 2802 5687 ιη,
2861 5620 2910 5675 l.
