4048 6212
442 338 549 404 219

1681 338 2007 398 GEORGII
2048 338 2505 400 HAMARTOLI

3600 346 3711 409 220

446 451 538 507 lilii
565 447 741 515 Jessc,
770 461 945 517 neque
974 447 1314 502 altitudinem
1345 457 1569 504 statura:
1598 449 1737 517 ejus,
1768 448 2025 519 quoniam

2133 440 2326 516 οἷάπερ
2365 448 2610 519 ἄμπελος
2665 449 3088 521 εὖκληματοῦσα
3135 455 3230 509 καὶ
3279 456 3712 525 καρποφοροῦσα

445 542 617 611 abjeci
667 556 812 603 eum,
865 554 966 593 nec
1014 540 1168 610 juxta
1224 539 1485 595 intuitum
1543 540 1782 595 hominis
1821 539 2027 607 judicat

446 634 618 697 Deus;
657 633 821 687 homo
848 633 995 687 cnim
1021 633 1166 687 videt
1199 648 1261 688 ea
1293 648 1413 703 quze
1446 642 1730 703 apparent,
1760 633 2025 688 Dominus

442 735 622 778 autem
675 726 918 779 intuetur
963 741 1078 781 cor.
1152 745 1170 779 ι
1211 725 1325 779 Non
1380 726 1547 795 igitur
1580 727 1919 797 gloriandum
1971 734 2027 781 et

445 819 874 884 superbiendum
908 819 962 873 in
1005 819 1255 888 corporis
1305 819 1612 883 altitudine,
1650 820 1745 873 sed
1795 820 1847 872 in
1892 819 2026 874 solis

444 908 537 963 Dei
567 912 836 965 mandatis
866 930 881 966 :
913 912 1039 964 dum
1079 920 1137 965 et
1158 908 1396 965 Nemrod
1431 911 1523 979 qui
1570 910 1770 965 uultus
1802 925 2028 980 supera-

444 1002 554 1061 bat,
583 1002 711 1055 dum
745 1001 1053 1071 gigantibus
1082 1002 1340 1056 Astarotb
1377 1004 1453 1068 (ct
1477 1000 1556 1070 Og
1587 1002 1695 1069 regi
1729 1002 1899 1056 Busan
1932 1000 2023 1071 qui

443 1093 593 1147 solus
625 1103 957 1148 remanserat
987 1095 1053 1148 de
1081 1093 1250 1162 stirpe
1299 1094 1602 1163 gigantum,
1637 1094 2027 1162 babitabatqne

443 1185 498 1239 in
529 1184 775 1251 Iiabbath
809 1187 859 1239 in
886 1186 1165 1251 Astarotb,
1205 1202 1269 1241 ex
1310 1187 1563 1256 progenie
1614 1185 1881 1247 Rabbath,
1928 1202 2027 1239 cu-

438 1279 639 1346 jusque
699 1278 871 1333 lectus
962 1278 1173 1332 ferreus
1245 1293 1439 1332 novem
1509 1279 1722 1335 cubitos
1794 1279 2027 1335 habebat

443 1370 799 1439 longitudinis
862 1379 916 1424 et
975 1380 1212 1440 quatuor
1273 1371 1640 1440 latitudinis),
1717 1374 1843 1427 dum
1914 1373 2025 1428 Gn.

443 1461 572 1515 liath
633 1461 931 1527 Pliilistzro,
999 1470 1051 1516 et
1120 1461 1293 1524 Sauli,
1342 1461 1435 1531 qui
1490 1463 1802 1517 universum
1865 1462 2027 1517 Israel

440 1552 509 1605 ab
540 1552 769 1607 humero
795 1561 847 1607 et
886 1568 1104 1607 sursum
1147 1553 1464 1621 superabat,
1503 1553 1636 1606 nihil
1669 1554 1866 1623 profuit
1900 1570 2026 1609 cor-

444 1644 589 1711 poris
620 1645 934 1713 magnitudo
974 1644 1255 1712 multaque
1296 1643 1583 1707 fortitudo,
1606 1646 1889 1698 deliciente
1914 1646 2027 1698 vir-

443 1741 656 1794 tute,et
708 1738 915 1802 majora
973 1732 1248 1801 cogitante
1278 1740 1589 1801 etparantc
1646 1732 1739 1787 Dei
1795 1734 2023 1799 iustitia.

440 1822 596 1887 Quod
667 1838 774 1876 non
841 1838 969 1875 vere
1028 1823 1377 1876 suscitaverit
1446 1822 1755 1877 Samuelem
1837 1828 2027 1894 pytho-

440 1913 613 1973 nissa,
663 1923 721 1965 ut
772 1913 942 1982 aliqui
998 1914 1326 1968 existimant
1355 1930 1419 1968 ex
1471 1931 1537 1969 eo
1574 1918 1719 1985 quod
1761 1933 1915 1973 sacra
1948 1919 2033 1972 bi-

441 2004 611 2057 storia
646 2006 871 2058 verbum
928 2006 1166 2059 excitare
1215 2007 1545 2076 simpliciter
1596 2021 1847 2078 usurpet,
1897 2012 2029 2065 inde

440 2098 621 2165 primo
675 2098 1027 2166 perspicuum
1090 2100 1167 2164 lit,
1208 2100 1353 2168 quod
1415 2101 1629 2153 dromon
1679 2104 2032 2172 congressio-

440 2203 565 2241 nem
619 2189 793 2241 sancti
850 2190 1077 2243 minime
1140 2192 1416 2245 sustinere
1465 2192 1674 2258 valeat;
1717 2210 1856 2263 quos
1884 2197 2029 2250 enim

440 2277 620 2331 adhuc
652 2279 704 2331 in
732 2292 896 2331 carne
955 2278 1201 2333 viventes
1228 2280 1531 2348 pertimuit,
1576 2284 1851 2351 quomodo
1904 2299 2032 2352 pos-

439 2378 523 2423 set
570 2382 759 2423 eorum
843 2384 1015 2425 carne
1098 2370 1454 2425 liberaturum
1530 2382 1815 2442 aspectum
1864 2374 2032 2429 Susti-

374 2480 378 2485 ·
438 2461 606 2514 nere?
642 2460 912 2523 Secundo,
964 2476 1075 2515 non
1131 2462 1416 2517 suscitavit
1471 2465 1790 2533 pr0phetam
1826 2467 2028 2535 ipsum,

439 2551 534 2606 sed
570 2551 745 2606 solum
790 2552 913 2621 eius
961 2553 1214 2607 umbraut
1250 2571 1265 2607 :
1296 2569 1527 2622 persona
1574 2555 1717 2609 enim
1764 2554 2030 2609 Samuelis

437 2650 651 2695 constat
677 2656 743 2695 ex
777 2640 896 2709 ejus
927 2658 1159 2711 corpore
1183 2651 1237 2696 et
1263 2644 1470 2707 anima,
1501 2642 1644 2696 sicut
1673 2651 1724 2696 et
1760 2643 2029 2697 viventem

437 2732 574 2787 vidit
631 2731 783 2787 Saul.
849 2732 1059 2797 'I‘ertio,
1121 2732 1257 2788 falsa
1312 2742 1397 2788 est
1447 2733 1731 2803 praedictio
1792 2735 2026 2788 dicens:

444 2843 465 2876 ο
495 2825 629 2881 Cras
657 2834 711 2879 tu
738 2834 795 2880 et
826 2825 921 2881 lilii
951 2827 1028 2880 tui
1062 2826 1396 2881 moriemini.
1428 2824 1586 2880 iPost
1616 2836 1855 2893 quatuor
1880 2826 2027 2879 enim

437 2919 556 2974 dies
591 2929 843 2972 mortuus
893 2928 977 2973 est
1024 2918 1179 2983 Saul,
1236 2919 1497 2972 redeunte
1547 2918 1747 2971 Davidc
1782 2933 1847 2971 cx
1884 2919 2026 2973 bello

437 3025 563 3066 cum
593 3010 941 3075 Amalecitis;
973 3008 1104 3063 dicit
1149 3009 1295 3063 enim
1350 3008 1675 3076 Scriptura:
1718 3027 1735 3059 ι
1777 3008 2027 3063 Surrexit

2127 542 2245 602 ταῖς
2280 542 2650 605 παντοδαπαῖς
2679 543 2925 613 ἀρεταῖς,
2967 541 3107 599 οίνον
3152 547 3518 617 εὐφραίνοντα
3566 566 3708 620 καρο

2127 631 2245 684 δίαν
2279 633 2583 703 ἀνθρώπων
2622 636 2971 693 ὲὸλάστανεν.
3026 656 3046 689 ι
3104 639 3332 708 Ἀρετῆς
3372 638 3502 709 γὰρ,
3537 642 3708 710 φησὶν

2127 726 2154 775 6
2180 726 2353 793 μέγας
2392 725 2663 796 Ἰσίδωρος
2688 728 2754 792 ⁷³,
2784 729 3052 799 ἀπούσης,
3083 731 3234 782 οὐδὲν
3267 728 3462 799 ὄφελος
3487 730 3587 796 τῆς
3609 730 3706 784 τοῦ

2131 816 2384 885 σώματος
2416 819 2794 888 κατασκευῆς·
2832 839 2850 871 ι
2883 820 3005 874 ὅθεν
3033 822 3198 892 φησὶν
3225 822 3252 874 6
3281 822 3413 884 Θεὸς
3454 837 3587 892 προς
3614 823 3711 875 τὸν

2130 906 2382 977 Σαμουήλ
2404 907 2449 939 ³η
2473 924 2487 937 ·
2535 928 2553 959 ι
2594 908 2684 979 Μὴ
2717 908 2917 980 βλέψῃς
2946 912 3037 963 ἐπὶ
3070 911 3169 983 τὴν
3205 911 3332 981 ὄψιν
3364 910 3458 964 τοῦ
3499 910 3547 963 α’
3590 912 3710 963 υἱοῦ

2141 999 2358 1063 Ἰεσσαὶ,
2409 1000 2541 1070 μηδὲ
2578 1001 2677 1072 τὴν
2713 1003 2825 1067 ἕξιν
2874 1003 2965 1057 τοῦ
3019 1004 3283 1074 μεγέθους
3328 1006 3495 1058 αὑτοῦ
3539 1022 3712 1057 κατα-

2128 1091 2363 1163 πλαγῇς,
2409 1093 2544 1147 διότι
2600 1094 2934 1159 ὲξουδένωκα
3005 1096 3208 1149 αὐτόν*
3265 1096 3402 1149 διότι
3458 1096 3554 1165 οὐχ
3625 1096 3707 1157 ὡς

2130 1180 2301 1254 βλέψῃ
2330 1183 2634 1251 ἄνθρωπος,
2664 1186 2854 1254 ὄψεται
2884 1187 3047 1250 Θεὸς’
3082 1190 3111 1240 ὁ
3144 1187 3243 1256 μὲν
3274 1187 3382 1258 γὰρ
3416 1187 3711 1255 ἄνθρωπος

2128 1272 2315 1341 ὄψεται
2370 1275 2447 1337 είς
2501 1276 2809 1345 πρόσωπον,
2843 1277 2871 1328 6
2897 1277 2952 1330 δὲ
2986 1277 3119 1339 Θεὸς
3166 1278 3247 1341 είς
3283 1275 3530 1345 καρδίαν.
3574 1294 3593 1325 ι
3627 1277 3705 1329 Οὐ

2129 1364 2209 1417 δεῖ
2252 1364 2431 1417 τοίνυν
2466 1367 2585 1419 οὐδὲ
2627 1369 2684 1419 ὲν
2714 1369 2758 1401 ⁸¹
2797 1388 2815 1419 ι
2855 1368 2933 1439 τῷ
2975 1369 3070 1422 τοῦ
3105 1369 3358 1438 σώματος
3409 1367 3535 1437 ὕψει
3566 1386 3708 1436 φαν-

2128 1456 2388 1520 τάζεσθαι
2424 1458 2582 1527 120
2615 1460 2711 1512 καὶ
2746 1460 3195 1530 μεγαλοφρονεῖν,
3229 1459 3345 1512 ἀλλ’
3384 1460 3444 1511 ὲν
3473 1459 3615 1531 μόνῃ
3641 1461 3712 1531 τῇ

2130 1548 2297 1618 ἀρετῇ
2348 1548 2440 1600 καὶ
2492 1550 2615 1611 ταῖς
2652 1550 2895 1612 ἐντολαῖς
2925 1548 3020 1602 τοῦ
3069 1549 3203 1602 Θεοῦ
3242 1548 3643 1617 σεμνύνεσθαιο
3682 1567 3703 1599 ι

2133 1638 2256 1691 ἐπεὶ
2282 1638 2377 1691 καὶ
2424 1658 2441 1689 ι
2482 1640 2707 1710 Νεσρὼδ
2733 1642 2761 1693 6
2794 1641 2956 1709 γίγας
3002 1640 3233 1703 πολλοὺς
3269 1640 3609 1712 ὑπερίπτατο
3637 1636 3707 1701 ⁸⁸,

2132 1730 2227 1782 καὶ
2252 1732 2300 1782 οί
2337 1730 2617 1801 Ἀσταρὼθ
2656 1733 2913 1800 γίγαντες
2960 1733 3078 1803 (καὶ
3106 1734 3133 1785 6
3167 1734 3268 1799 Ὢγ
3316 1731 3572 1801 βασιλεὺς
3610 1731 3719 1799 τῆς

2133 1822 2335 1887 Βασὰν,
2360 1822 2417 1884 6;
2450 1822 2747 1893 ὑπελείφθη
2772 1826 2835 1877 ὲκ
2865 1824 2972 1877 τῶν
3000 1826 3279 1892 γιγάντων
3309 1824 3403 1877 καὶ
3432 1822 3712 1876 κατοικῶν

2132 1913 2191 1965 ὲν
2222 1914 2289 1982 τῇ
2333 1914 2562 1983 Ῥαφαῖν
2600 1918 2659 1968 ἐν
2703 1916 2987 1987 Ἀσταρὼθ
3022 1917 3089 1981 ⁸³,
3120 1914 3197 1969 ὢν
3242 1933 3301 1969 τε
3359 1918 3469 1969 τῶν
3498 1914 3545 1947 ⁸⁸
3585 1915 3711 1968 'Pa-

2134 2000 2265 2069 φαῖν
2310 2003 2596 2070 ἀπόγονος,
2629 2004 2691 2058 οὗ
2740 2005 2833 2058 καὶ
2871 2008 2903 2075 ἡ
2946 2005 3101 2075 κλίνη
3157 2005 3375 2075 σιδηρᾶ,
3416 2005 3477 2058 τὸ
3536 2006 3715 2075 μῆκος

2132 2093 2333 2161 ἔχουσα
2360 2098 2579 2164 πήχεων
2613 2096 2680 2159 θ’,
2720 2096 2814 2148 καὶ
2858 2096 2920 2148 τὸ
2965 2097 3171 2160 πλάτος
3197 2097 3290 2166 δ’),
3318 2098 3413 2149 καὶ⁵
3446 2097 3655 2150 Γωλιάδ
3685 2099 3717 2149 6

2133 2184 2467 2252 ἀλλόφυλος·
2500 2186 2705 2255 ὁμοίιος
2757 2188 2801 2220 ⁸⁸
2849 2188 3097 2251 Σαοὺλ,ό
3145 2189 3344 2250 παντὸς
3392 2189 3445 2221 ⁸⁸
3493 2189 3715 2258 Ἰσραὴλ

2135 2274 2451 2346 ὑπερὼμιος
2475 2294 2489 2309 ο
2526 2276 2643 2330 ἀλλ’
2674 2276 2827 2330 οὐδὲν
2851 2278 3015 2331 αὐτὸν
3043 2280 3087 2310 ⁸⁷
3118 2278 3295 2350 ὤνησε
3323 2281 3387 2331 τὸ
3416 2282 3646 2349 μέγεθος
3668 2280 3725 2311 ³⁸

2134 2366 2251 2435 (τοῦ
2309 2367 2563 2436 σώματος
2625 2370 2764 2436 μετὰ
2813 2371 2913 2440 τῆς
2972 2371 3173 2440 πολλῆς
3215 2372 3434 2441 ἐκείνης
3493 2371 3715 2441 ίσχύος,

2134 2457 2336 2525 ἀρετῆς
2366 2458 2576 2526 ἐρήμου
2608 2458 2652 2491 ⁸³
2687 2459 3028 2530 ὑπάρχοντος
3060 2462 3177 2531 καὶ)
3213 2464 3315 2530 τῆς
3360 2462 3510 2527 θείας
3540 2467 3722 2517 ἐπιει-

2133 2548 2287 2611 κείας
2321 2552 2689 2621 φρονήσαντος
2719 2553 3027 2625 ὑψηλότερα
3057 2557 3126 2611 ’⁸.
3168 2574 3187 2606 ι
3219 2556 3327 2626 (I0)
3364 2557 3482 2609 Ὀτι
3525 2558 3580 2609 δὲ
3613 2561 3717 2612 οὐκ

2134 2640 2409 2708 ἀνήγαγεν
2467 2641 2683 2710 ἀληθῶς
2735 2644 2826 2696 τὸν
2877 2646 3133 2716 Σαμουὴλ
3178 2648 3716 2719 ήὲγγαστρίμυθος.

2130 2730 2205 2794 ὼς
2234 2729 2437 2783 οἴονταί
2490 2749 2656 2798 τινες,
2706 2735 2796 2789 διὰ
2826 2736 2887 2788 τὸ
2917 2736 3015 2807 τὴν
3044 2738 3286 2808 ίστορίαν
3324 2743 3382 2792 ὲν
3412 2742 3591 2811 τούτῳ
3616 2744 3715 2811 φά-

2131 2838 2238 2885 ναι,
2273 2821 2416 2890 (27b)
2448 2822 2623 2887 οὓτως
2659 2827 2701 2857 ⁸⁸
2735 2827 3046 2898 ἀδιαφόρως
3077 2830 3376 2898 ἀναγαγεῖν
3405 2832 3672 2901 ὀνομάσαι
3695 2851 3714 2867 ο

2131 2913 2345 2983 πρῶτον
2378 2915 2478 2985 μὲν
2499 2917 2678 2985 δῆλον,
2706 2919 2765 2971 τὸ
2800 2919 2875 2990 μὴ
2912 2921 3096 2989 φέρειν
3132 2922 3367 2991 δαίμονα
3401 2926 3712 2995 προσϐολὴν

2130 3006 2289 3072 ἁγίου
2313 3022 2328 3037 ⁶
2359 3009 2406 3059 εί
2434 3007 2542 3077 γὰρ
2577 3008 2657 3061 ἔτι
2688 3010 2745 3060 ἐν
2782 3012 2947 3080 σαρκὶ
2979 3014 3225 3083 περιόντι
3256 3015 3467 3069 δέδοικε
3495 3020 3563 3083 ⁹²,
3594 3020 3715 3082 πῶς

437 3103 627 3172 itaque
657 3101 725 3156 de
757 3110 915 3156 nocte
962 3099 1132 3155 David
1185 3102 1300 3169 ipse
1330 3110 1386 3155 et
1432 3102 1531 3154 viri
1563 3103 1683 3169 ejus
1717 3110 1777 3154 ut
1807 3102 2027 3171 prolici-

2134 3098 2462 3167 ἀσωμάτους
2506 3099 2636 3153 ἰδεῖν
2670 3104 3102 3172 καρτερήσειεν;
3137 3104 3182 3175 β’
3217 3107 3272 3159 δὲ
3304 3108 3387 3159 ὅτι
3418 3109 3516 3160 οὐκ
3548 3110 3717 3162 αὑτὸν

436 3202 723 3250 scercntur
774 3208 933 3246 mane
962 3202 1016 3247 ct
1061 3193 1400 3247 custodirent
1449 3202 1650 3246 terram
1705 3193 2024 3258 Pliilstiim,

436 3286 723 3342 Philistiim
750 3296 929 3339 autem
978 3287 1341 3339 ascenderunt
1384 3285 1436 3337 in
1466 3283 1693 3340 .Iesrael.
1729 3303 1747 3335 ι
1778 3289 2031 3356 ingresso

435 3395 566 3449 ergo
600 3379 803 3434 Davide
832 3379 887 3433 in
919 3388 1120 3433 terram
1156 3378 1296 3430 hanc
1326 3377 1483 3431 tertia
1515 3378 1624 3441 die,
1648 3387 1700 3432 et
1732 3378 2030 3447 prol‘ngatis

436 3472 754 3527 Amalecitis
810 3470 1075 3526 redeunte
1137 3483 1291 3539 p'tl‘la
1351 3470 1580 3524 victoria
1643 3480 1836 3539 quarta
1916 3472 2027 3535 die,

438 3564 589 3619 addit
623 3563 903 3633 Scriptura
934 3577 1091 3618 sacra
1136 3562 1323 3615 dicens
1357 3578 1369 3613 :
1408 3578 1426 3610 ι
1465 3560 1759 3615 Philistiim
1815 3576 2029 3629 pugna-

438 3659 571 3713 bant
615 3659 882 3712 adversus
924 3655 1111 3717 Israel,
1138 3666 1192 3709 et
1237 3653 1496 3723 fugerunt
1537 3654 1635 3708 viri
1689 3653 1854 3708 Israel
1902 3664 2029 3707 ante

440 3751 633 3805 faciem
662 3749 981 3815 Philisti'nu,
1017 3756 1071 3802 et
1099 3746 1415 3803 ceciderunt
1449 3744 1718 3801 interfecti
1752 3745 1803 3798 in
1845 3756 2029 3800 monte

2138 3191 2439 3261 ἀνήγαγεν,
2469 3192 2606 3245 ἀλλά
2654 3193 2941 3263 φάσματος
2984 3196 3159 3248 ίδέαν·
3191 3198 3220 3249 6
3263 3197 3373 3267 γὰρ
3424 3201 3487 3251 ὲκ
3528 3199 3719 3269 ψυχῆς

2136 3284 2231 3334 καί⁵
2258 3281 2510 3352 σώματος
2546 3285 2916 3354 ἡρμοσμένος,
2948 3280 3103 3349 οὗτός
3154 3289 3270 3341 ὲστι
3324 3290 3595 3361 Σαμουὴλ,
3635 3292 3718 3354 ὡς

2134 3374 2227 3425 καὶ
2270 3373 2617 3441 ὀλοσώματον
2651 3372 2789 3429 εἶδεν
2832 3376 2993 3430 αὑτὸν
3039 3378 3085 3409 ’³
3122 3381 3215 3432 καὶ
3257 3383 3284 3433 6
3326 3382 3532 3434 Σαούλο
3569 3390 3615 3451 γ’
3653 3384 3716 3436 δὲ

2132 3465 2165 3533 ή
2194 3465 2241 3496 ’⁵
2266 3465 2568 3536 πρόρρησις
2619 3466 2824 3537 ψευδής
2874 3470 3021 3522 ἐστιν
3069 3471 3095 3539 ή
3153 3471 3387 3538 λέγουσα
3438 3474 3507 3537 ⁸⁸,
3550 3475 3633 3527 ὅτι
3671 3476 3719 3508 ³⁸

2138 3572 2156 3606 ι
2187 3555 2388 3627 Αὕριον
2436 3558 2499 3610 σὺ
2544 3559 2636 3611 καὶ
2676 3561 2784 3612 υἱοί
2832 3577 2923 3612 σου
2975 3562 3303 3615 πεσοῦνταν
3346 3584 3365 3615 ι
3423 3566 3565 3634 μετὰ
3603 3569 3715 3636 γὶιρ

2133 3650 2345 3720 ἡμέρας
2367 3650 2409 3703 δ’
2436 3652 2672 3704 ἀπέθανε
2708 3652 2900 3717 Σαοὺλ,
2931 3654 3373 3725 ὑποστρέψαντος
3414 3658 3508 3709 τοῦ
3542 3660 3720 3711 Δαυὶδ

2131 3742 2195 3794 ὲκ
2234 3741 2352 3813 [τοῦ
2396 3742 2556 3813 μετὰ]
2589 3745 2634 3776 θτ
2676 3745 2786 3797 τῶν
2829 3746 3211 3816 ’Λμαληκιτῶν
3266 3748 3503 3817 πολέμου
3527 3766 3542 3781 ο
3578 3755 3718 3820 φησι

441 3841 667 3904 Gelboe,
725 3850 1011 3908 totumque
1064 3838 1277 3908 pondus
1334 3836 1504 3906 praelii
1568 3851 1784 3891 versum
1839 3845 1923 3889 est
1973 3836 2026 3889 in

2133 3831 2240 3902 γάρ
2272 3832 2318 3864 ⁸⁸
2341 3846 2354 3861 ο
2396 3851 2413 3883 ι
2447 3834 2557 3886 Καὶ
2587 3833 2829 3904 ὦρθρισε
2877 3838 3037 3890 Δαυὶδ
3070 3838 3163 3889 τοῦ
3191 3838 3446 3891 ἀπελθεῖν
3482 3841 3631 3909 πρωῒ
3671 3844 3720 3872 ’³

442 3932 667 4001 Saul,et
700 3934 1015 3989 vulneratus
1048 3942 1131 3986 est
1151 3932 1204 3985 in
1255 3927 1701 3999 hyporhondriis.
1747 3946 1766 3980 ι
1800 3927 1953 3994 Quod
1982 3928 2026 3983 si

2133 3928 2227 3979 καὶ
2259 3926 2555 3995 φυλάσσειν
2586 3928 2685 3996 τὴν
2712 3930 2816 3996 γῆν
2858 3930 2969 3982 τῶν
3016 3929 3329 3997 ἀλλοφύλων
3352 3946 3367 3961 ·
3416 3932 3510 3984 καὶ
3539 3934 3586 3983 oi
3619 3933 3720 3984 ἀλ-

443 4044 631 4083 verum
676 4027 813 4081 dixit
848 4024 1190 4096 pythonissa,
1225 4033 1283 4077 ut
1325 4022 1490 4091 aliqui
1520 4030 1735 4091 putant,
1776 4037 1884 4075 non
1931 4022 2019 4075 mi-

2133 4016 2351 4087 λόφνλοι
2377 4020 2653 4088 ἀνέϐησαν
2684 4021 2776 4072 ἐπὶ
2820 4021 3058 4090 Ἰσραήλ.
3106 4040 3123 4073 ι
3164 4022 3274 4075 Καὶ
3321 4023 3573 4086 ἐλθόντος
3618 4024 3721 4077 τοῦ

443 4136 565 4175 rum
593 4127 678 4174 est
702 4136 718 4184 ;
769 4118 910 4172 Deus
939 4118 1085 4171 enim
1110 4124 1164 4170 et
1204 4115 1382 4185 ipsum
1417 4114 1721 4168 daemonem
1751 4114 1806 4167 in
1832 4113 2028 4168 visibili

2133 4109 2299 4162 Δαυὶδ
2348 4112 2428 4173 είς
2473 4109 2573 4179 τὴν
2622 4111 2728 4181 γῆν
2776 4112 2994 4182 ἐκείνην
3051 4114 3117 4183 τῇ
3172 4113 3333 4184 τρίτῃ
3367 4114 3573 4184 ἡμέρα,
3614 4116 3719 4166 καὶ

442 4213 617 4267 forma
664 4220 1013 4281 apparentem
1053 4208 1228 4277 coegit
1278 4216 1336 4261 ut
1382 4221 1569 4261 verum
1618 4205 1846 4268 diceret,
1888 4206 2028 4260 sicut

2135 4203 2571 4267 καταδιώξαντος
2600 4206 2727 4267 τοὺς
2781 4205 3172 4273 Ἀμαληκίτας,
3206 4208 3299 4257 καὶ
3359 4206 3497 4274 μετὰ
3558 4207 3723 4275 νίκης

441 4307 604 4360 etiam
658 4302 876 4359 Balaam
919 4311 1239 4358 renuentem
1289 4298 1506 4369 impulit
1585 4296 1653 4352 ad
1710 4297 2034 4352 benedicen-

2136 4295 2576 4365 ὑποστρέψαντος
2615 4299 2681 4365 τῇ
2724 4295 2765 4347 δ’
2805 4297 3009 4367 ήμέρᾳ,
3038 4297 3235 4364 ἐπάγει
3275 4296 3511 4365 λέγουσα
3537 4298 3569 4367 ἡ
3599 4297 3725 4350 θεία

442 4396 571 4448 dum
599 4393 800 4461 Israel;
836 4394 969 4447 dicit
995 4392 1140 4448 enim
1175 4392 1455 4461 Scriptura
1483 4405 1497 4442 :
1536 4408 1555 4442 ι
1581 4386 2028 4457 Quandoquidem

2140 4388 2330 4458 Γραφή
2365 4388 2379 4418 ¹
2409 4403 2424 4419 ·
2458 4405 2476 4437 ι
2510 4387 2620 4440 Καὶ
2658 4388 2705 4438 οἱ
2730 4385 3018 4455 ἀλλόφυλοι
3047 4387 3351 4456 ἐπολέμουν
3375 4388 3435 4439 ἑν
3476 4388 3726 4459 Ἰσραὴλ,

446 4486 512 4536 ad
540 4483 1072 4552 pseudoprophetam
1103 4484 1326 4547 abieris,
1360 4498 1461 4554 ego
1486 4482 1828 4552 respondebo
1862 4482 2024 4552 libb!»

443 4570 711 4625 Defuncto
759 4569 953 4634 Saule,
996 4573 1163 4627 David
1208 4576 1400 4628 relicto
1454 4576 1679 4628 Anchus
1713 4590 1834 4646 rege
1866 4575 2032 4628 Phili-

445 4664 593 4718 stiitn
632 4662 780 4715 venit
808 4662 862 4715 in
903 4661 1145 4715 Iudaeam
1194 4665 1260 4717 ad
1297 4665 1630 4719 cuntribules
1671 4681 1801 4720 suos
1848 4676 1902 4718 et
1943 4680 2031 4719 rc-

446 4755 633 4827 gnavit
673 4753 973 4809 secundum
1033 4752 1129 4807 Dei
1173 4753 1597 4820 beneplacitum.
1629 4754 1697 4806 At
1733 4757 2033 4822 quomodo,

445 4848 523 4903 ait
562 4862 793 4919 magnus
831 4844 1089 4907 Basilius,
1137 4844 1191 4899 in
1236 4843 1594 4911 inscriptione
1642 4843 1831 4912 psalmi
1873 4845 2037 4913 trige-

447 4943 573 4999 simi
606 4941 749 4997 tertii
780 4938 1097 4994 nominatur
1122 4934 1478 4992 Abimelecb?
1518 4932 1657 4989 Dicit
1682 4934 1829 4987 enim
1884 4932 2034 4988 Scri-

451 5047 660 5107 ptura:
717 5054 736 5088 ι
775 5033 982 5099 Davidi,
1053 5049 1176 5089 cum
1234 5028 1540 5086 immutavit
1598 5025 1802 5081 vultum
1868 5044 2027 5082 suum

447 5144 630 5182 coram
659 5124 971 5183 Abimclech
1002 5132 1057 5180 et
1088 5122 1297 5178 dimisit
1326 5135 1449 5175 eum
1484 5128 1538 5173 et
1564 5118 1718 5173 abiit.
1747 5137 1764 5169 ι
1793 5118 2029 5174 Historia

2139 4481 2232 4533 καὶ
2269 4480 2469 4549 ἔφυγον
2499 4478 2692 4546 ἄνδρες
2724 4479 2942 4549 Ἰσραὴλ
2981 4482 3044 4532 ὲκ
3094 4479 3391 4549 προσώπου
3424 4480 3535 4531 τῶν
3563 4480 3726 4533 ἀλλο-

2140 4573 2345 4641 φύλων,
2385 4574 2478 4625 καὶ
2513 4571 2771 4623 πίπτουσι
2813 4570 3153 4641 τραυματίαι
3205 4572 3263 4622 ὲν
3308 4572 3388 4634 τῷ
3432 4571 3549 4641 ὄρει
3592 4574 3727 4625 Γελ-

2140 4664 2286 4716 6ούε,
2324 4683 2342 4713 ι
2378 4693 2448 4702 --
2480 4665 2500 4693 ⁸
2536 4682 2553 4713 ι
2597 4664 2705 4715 Καὶ
2738 4663 3033 4732 βαρύνεται
3064 4665 3092 4714 ό
3128 4663 3367 4733 πόλεμος
3413 4664 3509 4715 ἐπὶ
3544 4664 3725 4718 Σαοὺλ

2140 4753 2237 4804 καὶ
2278 4750 2553 4817 τοξεύεται
2602 4757 2682 4814 εἰς
2723 4753 2793 4806 τὰ
2826 4754 3170 4823 ὑποχόνδρια.
3210 4772 3227 4804 ι
3266 4756 3327 4806 Ei
3367 4755 3423 4805 δὲ
3465 4753 3560 4805 καὶ
3592 4754 3729 4825 ἠλή-

2138 4844 2327 4895 θευσεν
2368 4844 2401 4913 ή
2437 4846 2896 4917 ὲείγαστρίμυθος,
2944 4846 3021 4909 ὦς
3063 4864 3208 4909 τινες
3256 4846 3597 4913 νομίζουσιν,
3658 4848 3723 4899 οὐ

2143 4937 2288 5005 μέγα
2314 4933 2491 4987 τοῦτο·
2522 4936 2552 4988 6
2580 4937 2690 5007 γὰρ
2716 4937 2849 4999 Θεὸς
2873 4936 2968 4991 καὶ
2994 4938 3086 4989 τὸν
3114 4937 3349 5007 δαίμονα
3380 4938 3439 4989 ἑν
3472 4940 3728 5006 σχήματι

2143 5030 2383 5099 φανέντα
2412 5030 2587 5082 εἰπεῖν
2612 5031 2813 5085 ἄκοντα
2846 5030 2944 5101 τὴν
2979 5032 3239 5100 ἀλήθειαν
3270 5030 3723 5099 κατηνάγκασεν,

2144 5120 2298 5188 12],
2322 5119 2510 5189 ὥσπερ
2534 5124 2628 5171 καὶ
2651 5121 2742 5173 τὸν
2782 5120 3011 5191 Βαλαὰμ
3042 5122 3335 5192 εὐλογῆσαι
3366 5121 3456 5173 τὸν
3500 5121 3728 5190 Ἰσραὴλ

1651 5255 1849 5317 Variae
1878 5254 2192 5317 lectiones
2233 5259 2294 5315 et
2324 5260 2516 5316 notae.

524 5391 569 5421 τ’
594 5390 769 5447 Locus
790 5390 1033 5446 nondum
1066 5387 1287 5443 editus?

453 5461 812 5530 Ἀσταρώθιοι
838 5463 962 5516 cod.

1055 5461 1101 5493 "
1133 5459 1194 5511 ὃν
1220 5458 1285 5510 τὰ
1316 5455 1408 5507 τοῦ
1434 5455 1601 5509 €0er
1634 5451 1708 5506 cf.
1771 5452 1924 5504 Dent.
1960 5466 2040 5512 ιιι,
2076 5451 2225 5502 l-Il.

1366 5384 1409 5415 ³ο
1450 5381 1645 5436 ISam.
1691 5396 1802 5441 ιιι,
1830 5380 1883 5433 7.
1960 5380 2003 5412 ⁸¹

2133 5379 2281 5435 lorus
2330 5395 2366 5441 ι,
2415 5378 2540 5433 263.
2618 5380 2661 5410 ⁸²
2697 5380 2876 5448 πολλῷ
2909 5396 2966 5431 σε
3006 5380 3099 5433 ὑπ,
3131 5379 3200 5433 Is.
3279 5379 3323 5409 ⁸³
3349 5376 3723 5448 ’Λσταρὼθλμ

2336 5451 2381 5483 ⁸⁵
2411 5450 2524 5503 ἀλλ’
2563 5451 2652 5501 καὶ
2692 5451 2748 5501 Σ.
2778 5444 2859 5504 Is;
2956 5451 3001 5481 ⁸⁸
3039 5450 3131 5502 τοῦ
3164 5448 3232 5504 Is.
3339 5449 3383 5479 ⁸⁷
3416 5444 3614 5510 αὐτούς
3650 5444 3725 5503 Is.

453 5530 598 5615 ⁸⁶.τδ
626 5517 818 5615 ὶιῖικοε
838 5533 947 5615 eis.
968 5532 1038 5613 ιερ
1113 5530 1457 5615 "saturas"
1484 5524 1680 5615 09"“;
1704 5524 1814 5615 “1°.
1853 5522 2013 5615 “'YS;

2133 5520 2596 5615 ﬁdit-sibus
2848 5520 3388 5615 ."‘°£“Yf‘:_°°i,°i.‘."
3421 5520 3484 5570 έκ
3508 5517 3627 5615 ξ.τεί
3648 5533 3729 5615 ιέῖξ

458 5587 647 5669 φέρειᾲ
676 5587 818 5652 \‘ai'?
847 5587 1120 5668 (Silanus.
1155 5587 1339 5657 Cr'i'l'il'i
1378 5596 1479 5669 SS.
1516 5591 1837 5669 Λαμιεᾶἵὲηο
1878 5587 2028 5669 153?);

2133 5592 2476 5669 Alﬁ-11660.
2554 5592 2596 5669 ’ξ
2625 5590 2880 5669 δέδοικεί.
2914 5591 3186 5669 δεδοίκασι
3222 5590 3375 5669 I3nlg.
3413 5618 3480 5628 -——
3507 5587 3720 5669 πῶςάν

457 5662 514 5726 ἆ.
547 5670 582 5721 ί.
616 5662 1009 5736 καρτερήσειαν
1045 5671 1196 5735 Bulg.
1273 5672 1318 5701 ⁸³
1345 5668 1505 5719 αὑτὸν
1528 5662 1634 5736 tios
1670 5662 1819 5736 Bulg.

458 5743 503 5783 ’⁷
531 5739 621 5793 τοῦ
650 5733 970 5801 κατάήιίιιιμ.
1070 5733 1156 5788 “l
1192 5738 1337 5788 Sam.
1375 5751 1521 5793 χχιιι,
1564 5733 1642 5781 II.

1896 5666 1942 5695 ’δ
1980 5664 2036 5714 δὲ
2068 5663 2220 5730 καλή

1745 5734 1787 5760 ¹³⁹
1816 5732 1959 5801 πρωῒ
1985 5733 2020 5785 Ι.
2051 5731 2109 5783 τὸ
2137 5730 2279 5800 πρωῒ
2314 5730 2432 5786 COd.

2490 5663 2534 5692 "
2569 5662 2600 5728 ἡ
2630 5661 2675 5713 λ.
2704 5677 2812 5713 om.
2845 5660 2995 5728 Bulg.

2543 5730 2781 5785 ‘lSaIn.
2826 5747 2971 5795 χχιιι,
3020 5731 3063 5783 I.

3077 5660 3119 5690 "‘
3154 5660 3171 5713 I
3210 5662 3359 5714 Sam.
3398 5673 3587 5718 xxvnr,
3620 5658 3705 5708 III.

2257 5661 2411 5731 Bulg.
2490 5663 2534 5692 "
2569 5662 2600 5728 ή
2630 5661 2675 5713 λ.
2704 5677 2812 5713 om.
2845 5661 2995 5728 IIulg.
3077 5661 3119 5690 "'
3154 5661 3171 5713 I
3210 5662 3359 5714 Satn.
3398 5673 3587 5718 xxvnr,
3620 5661 3705 5708 Ill.

2257 5730 2432 5786 ‘tcod.
2543 5730 2781 5785 ‘lSam.
2826 5747 2971 5790 χχιιι,
3020 5731 3063 5783 I.
3167 5733 3186 5760 θ
3230 5730 3423 5784 ISam.
3486 5727 3731 5790 xxxl,3.
