4048 6212
561 323 665 387 227

1800 319 2051 379 GEORG
2068 321 2121 377 ll
2164 318 2617 381 HAMARTOLI

3716 326 3824 389 228

558 432 826 490 celsitudo
860 430 1105 500 corporis
1142 439 1346 501 septem
1382 430 1693 484 cubitorum
1736 440 1872 497 erat,
1913 431 2143 485 descen-

2248 433 2343 485 τοῦ
2378 433 2508 486 λαοῦ
2569 435 2852 502 φυγόντος,
2905 436 3066 504 μόνος
3102 436 3228 505 ἔστη
3254 436 3497 499 καὶτοὺς
3531 436 3634 506 μὲν
3671 440 3826 495 ἁλλο-

559 527 745 595 ditque
795 523 860 577 ad
909 536 1035 576 eum
1088 536 1213 577 cum
1281 523 1429 591 virga
1484 537 1582 591 pro
1647 523 1855 587 lancea,
1925 529 2143 589 arrepta

560 627 743 671 autem
781 615 935 669 basta
987 613 1287 669 adversarii
1339 614 1426 668 sui
1485 611 1760 669 interfecit
1810 630 1935 667 eum
1991 617 2141 666 hasta

562 708 803 778 propria.
837 707 1039 760 Abessa
1075 706 1244 761 frater
1275 703 1412 760 Joab
1437 707 1704 775 percussit
1736 708 1882 761 viros
1911 721 2142 760 sexcen-

561 813 643 856 tos
671 814 723 856 ct
753 800 911 854 Zeshi
946 802 1213 854 volentem
1264 799 1456 853 Davidi
1489 811 1715 854 mortem
1749 801 1969 855 inferre.
2016 799 2147 853 Erat

560 903 740 947 autem
798 891 954 945 Zesbi
1010 907 1178 961 nepos
1244 893 1458 960 Arapha
1490 894 1583 961 qui
1636 892 1873 946 habebat
1930 891 2142 945 hastam

563 985 821 1052 ponderis
888 993 1255 1038 trecentorum
1328 984 1611 1039 siciorum.
1672 984 1901 1049 Quando
1958 998 2147 1037 curre-

562 1080 653 1130 bat
687 1075 893 1131 Abessa
931 1077 1139 1148 (Azael)
1174 1088 1291 1131 erat
1318 1079 1473 1147 quasi
1506 1078 1725 1131 damula
1756 1079 1808 1130 in
1839 1079 2139 1131 montibus.

560 1165 696 1220 'l‘res
718 1167 770 1219 in
805 1167 1018 1220 caeteris
1050 1176 1323 1235 potentes,
1354 1168 1823 1222 circumdantibus
1856 1166 2145 1223 Philistaeis

565 1257 861 1321 Bethleem,
909 1258 1367 1327 desideranteqne
1415 1257 1581 1312 David
1609 1260 1795 1313 bibere
1817 1258 1884 1313 de
1908 1260 2144 1314 cisterna

564 1348 838 1402 Bethleem
896 1349 1124 1418 profecti
1197 1350 1681 1419 sunt,aciemque
1742 1349 2141 1404 Philistazorum

561 1449 995 1506 perrumpentes,
1014 1440 1533 1508 aquamibauserunt
1546 1439 1609 1492 de
1628 1440 1864 1493 cisterna
1879 1439 2145 1493 tulerunt-

562 1542 669 1595 que
688 1526 878 1593 David,
904 1528 994 1597 qui
1020 1528 1207 1582 libavrt
1231 1543 1352 1582 eam
1381 1530 1606 1583 D0mino
1637 1529 1829 1583 dicens
1854 1547 1867 1582 :
1902 1548 1920 1580 ‹
1957 1530 2146 1598 Propi-

565 1622 673 1675 tius
715 1621 785 1676 sit
813 1620 943 1673 mibi
983 1621 1271 1684 Dominus,
1299 1635 1425 1674 num
1481 1626 1804 1689 sanguinem
1860 1620 2139 1674 hominum

563 1714 790 1766 istorum
822 1713 913 1781 qui
945 1711 1169 1780 profecti
1215 1721 1343 1765 suttt
1382 1720 1435 1764 et
1476 1712 1786 1764 animarum
1838 1712 2138 1781 perieulum

2247 525 2451 593 φύλους
2506 526 2716 591 ἐδίωξε,
2779 528 2878 597 τὴν
2902 527 2958 579 δὲ
2987 526 3180 596 μερίδα
3206 527 3301 579 τοῦ
3334 527 3509 597 ἀγροῦ
3536 528 3821 598 ἐφύλαξεν.

2247 646 2316 655 ._
2348 617 2675 688 Ἐλεάζαρσο
2733 609 2920 688 (οὗτος
2989 618 3205 687 μερίδος
3258 617 3425 688 οὔσης
3463 619 3682 689 κριθῆς,
3714 622 3822 677 τῶν

2247 709 2564 779 ἀλλοφύλων
2598 710 2936 764 ἐπελθόντων
2979 711 3075 763 καὶ
3099 708 3194 763 τοῦ
3223 710 3355 763 λαοῦ
3389 713 3679 779 φυγόντος,
3727 717 3822 786 μό-

2248 818 2335 865 νος
2368 801 2651 872 ἐστηλώθη
2696 803 2791 855 καὶ
2825 802 2950 865 τοὺς
2978 804 3076 872 μὲν
3115 802 3450 871 ἀλλοφύλους
3477 803 3694 875 ἔτρεψε,
3724 808 3825 879 τὴν

2246 892 2304 945 δὲ
2338 893 2531 965 κριθὴν
2591 893 2888 946 διέσωσεν·
2946 893 3203 947 τοσοῦτον
3257 895 3366 964 γὰρ
3425 895 3662 960 ἐπάταξε
3698 901 3827 964 τοὺς

2248 986 2602 1056 ἀλλοφύλους,
2634 986 2739 1050 ἕως
2762 989 2794 1057 ἡ
2832 988 2952 1057 χεὶρ
2980 988 3143 1040 αὑτοῦ
3170 987 3501 1051 κοπιάσασα,
3529 992 3829 1059 προσεκυλ-

2248 1080 2384 1150 λήθη
2416 1081 2481 1150 τῇ
2514 1080 2761 1149 μαχαίρᾳ
2787 1080 2880 1131 καὶ
2905 1081 2933 1130 6
2958 1079 3086 1141 λαὸς
3130 1078 3432 1149 ἐπέτρεψεν
3459 1081 3634 1134 ὀπίσω
3657 1084 3826 1137 αὑτοῦ

2248 1170 2327 1234 εἰς
2364 1172 2426 1223 τὸ
2482 1170 2763 1223 σκυλεύειν
2790 1170 2855 1222 ⁶¹.
2886 1200 2954 1208 --
3008 1170 3246 1233 Βαναίας
3272 1185 3285 1199 ·
3334 1169 3493 1232 οὗτος
3523 1172 3691 1225 πολλὰ
3725 1175 3825 1243 μὲν

2247 1261 2502 1331 ἐποίησεν
2553 1261 2712 1331 ἔργα,
2765 1259 3003 1323 ἐπάταξε
3040 1259 3095 1311 δὲ
3120 1261 3216 1313 καὶ
3261 1263 3389 1323 τοὺς
3444 1261 3595 1325 υἱοὺς
3633 1265 3827 1336 Ἀριὴλ

2246 1354 2340 1406 τοῦ
2374 1352 2571 1416 Μωὰϐ,
2609 1356 2703 1405 καὶ
2758 1352 3003 1414 καταϐάς
3040 1353 3096 1404 ὲν
3127 1352 3313 1422 ἡμέρᾳ
3353 1353 3624 1422 χειμῶνος
3647 1355 3693 1385 ⁸³
3743 1358 3827 1416 είς

2246 1444 2469 1509 λάκκον,
2521 1446 2810 1497 ἀπέκτεινε
2869 1443 3080 1507 λέοντα,
3139 1442 3320 1495 ἀνεῖλε
3384 1442 3442 1495 δὲ
3504 1445 3600 1496 καὶ
3654 1445 3827 1516 ἄνδρα

2246 1534 2546 1603 Αίγύπτιον
2578 1572 2595 1599 ,
2651 1534 2797 1586 ἑπτά
2854 1535 3049 1603 πήχεις
3107 1533 3301 1601 ἔχοντα
3343 1550 3361 1583 ι
3388 1532 3517 1601 δόρυ
3559 1533 3634 1596 ὡς
3667 1533 3829 1598 ξύλον

2244 1624 2545 1695 διαϐάθρας
2591 1640 2607 1654 ’
2665 1623 2919 1693 ἁρπάσας
2967 1622 3079 1693 γὰρ
3148 1623 3245 1675 ἀπ’
3276 1621 3445 1674 αὑτοῦ
3472 1622 3533 1674 τὸ
3568 1624 3722 1695 δόρυ,
3766 1626 3827 1679 ἐν

2246 1717 2394 1787 αὐτῷ
2450 1716 2773 1770 ἀπέκτεινεν
2836 1714 3021 1769 αὐτόν.
3076 1732 3146 1753 —-'
3204 1713 3468 1779 Ἀϐεσσά,
3525 1716 3553 1767 6
3596 1715 3829 1786 ἁδελφὸς

566 1802 791 1855 bibam?
832 1821 849 1852 ι
886 1799 1089 1855 Omnes
1135 1805 1340 1868 pariter
1386 1803 1569 1855 caeteri
1624 1804 1820 1854 milites
1851 1812 2010 1855 erant
2044 1804 2137 1854 viri

2258 1781 2436 1873 Ἰωάϐ,
2456 1807 2728 1871 ἐπάταξεν
2756 1806 2959 1875 ἄνδρας
2975 1813 3023 1875 χ’
3044 1806 3089 1837 ⁸⁸
3110 1836 3178 1849 -
3202 1805 3295 1857 καὶ
3325 1810 3417 1857 τὸν
3445 1805 3609 1858 Ὶεσϐὶ
3636 1781 3826 1861 θέλον-

565 1891 932 1946 robustissimi
963 1898 1016 1944 et
1052 1891 1261 1956 invicti,
1289 1891 1623 1946 adversariis
1671 1892 1824 1946 valde
1853 1893 2138 1956 terribiles,

566 1984 812 2051 ingentes
839 1982 1057 2053 clypeos
1082 1992 1388 2050 portantes,
1427 1982 1729 2052 longasque
1764 1984 1969 2048 hastas,
2000 1985 2142 2037 leves

564 2088 746 2131 tamen
773 2092 937 2132 cursu
975 2078 1123 2131 velut
1152 2078 1387 2130 damula:
1413 2080 1465 2129 in
1512 2078 1812 2132 montibus.
1858 2076 2142 2132 Terribilis

563 2181 847 2225 armatura
877 2185 1065 2224 eorum
1106 2180 1161 2224 et
1207 2169 1379 2225 iacies
1403 2184 1594 2225 eorum
1631 2172 1789 2241 quasi
1832 2170 1999 2226 facies
2028 2171 2142 2225 leo-

566 2275 718 2314 num.
749 2261 854 2312 Alii
895 2260 1180 2315 bellatores
1228 2275 1367 2329 quos
1414 2261 1601 2315 habuit
1644 2261 1813 2316 David
1857 2272 2013 2317 erant
2042 2279 2141 2315 nu-

569 2367 717 2405 mero
739 2352 1029 2405 duodecies
1054 2362 1271 2405 centum
1302 2353 1495 2419 millia,
1519 2357 1818 2409 secundum
1852 2370 2138 2408 numerum

567 2443 845 2497 inventum
896 2456 925 2495 a
974 2442 1112 2497 Joab
1168 2444 1308 2497 duce
1366 2445 1603 2511 militia};
1654 2446 1786 2500 dicit
1813 2447 1957 2499 enim
1998 2446 2142 2500 Scri-

572 2547 727 2604 ptura
776 2552 842 2587 :t
882 2534 948 2589 Et
996 2536 1204 2590 addidit
1271 2538 1424 2592 furor
1458 2540 1670 2593 Domini
1733 2541 1894 2595 irasci
1949 2554 2138 2597 contra

568 2626 755 2690 Israel,
775 2627 1183 2695 commovitque
1208 2626 1371 2681 David
1399 2631 1451 2683 in
1477 2631 1556 2685 eis
1588 2631 1776 2687 dicens
1806 2650 1818 2684 :
1852 2630 2017 2695 Vade,
2043 2650 2142 2687 nu—

570 2736 717 2774 nzera
733 2720 897 2773 lsrael
914 2730 967 2774 et
986 2718 1206 2774 Judam.
1229 2721 1482 2792 Dixitque
1505 2740 1596 2778 rex
1615 2726 1679 2778 ad
1694 2724 1828 2778 Joab
1844 2727 2141 2795 prinripem

565 2816 839 2869 exercitus
885 2816 968 2869 sui
1005 2833 1019 2870 :
1057 2815 1337 2873 Perlustra
1379 2834 1569 2874 omnes
1630 2822 1804 2876 tribus
1860 2822 2043 2888 lsrael,
2089 2833 2143 2876 ct

567 2918 793 2958 numera
824 2906 1078 2974 populum
1133 2915 1192 2959 ut
1255 2908 1423 2961 sciam
1466 2925 1755 2964 numerum
1792 2911 1933 2980 ejus.
1975 2910 2144 2967 Dixit-

567 3011 674 3064 que
703 2993 839 3049 Joab
866 3013 881 3052 :
909 2998 1188 3067 Adaugeat
1219 2998 1486 3056 Dominus
1518 3002 1658 3057 Deus
1690 3014 1815 3059 tuus
1863 3020 1930 3057 au
1973 3020 2143 3074 popu-

2245 1918 2310 1953 τα
2356 1900 2613 1968 φονεῦσαι
2647 1899 2739 1951 τὸν
2773 1899 2938 1950 Δαυῖδ
2962 1917 2973 1928 ·
3009 1893 3077 1969 ἦν
3104 1896 3161 1949 δὲ
3202 1895 3367 1949 ἰεσσὶ
3390 1898 3434 1928 ⁸⁵
3482 1897 3706 1964 ἔγγονος
3728 1898 3823 1950 τοῦ

2256 1992 2434 2061 Ῥαφᾶ
2484 1992 2612 2061 δορυ
2653 1991 2869 2059 ἔχοντος
2916 1989 3174 2058 σταθμῶν
3216 1989 3414 2041 σίκλων
3437 1987 3503 2042 τ’.
3541 1989 3739 2043 Ἠνὶκα
3766 1990 3827 2043 δὲ

2246 2087 2465 2155 ἔτρεχεν
2493 2084 2521 2135 6
2575 2082 2833 2144 Ἀϐεσσὰ,
2881 2077 2949 2151 ἦν
2992 2081 3068 2141 ὡς
3097 2081 3295 2151 δορκάς
3349 2082 3407 2133 ἑν
3464 2083 3577 2142 τοῖς
3613 2080 3822 2150 ὄρεσιν.

2245 2180 2407 2247 Τρεῖς
2438 2176 2494 2228 δὲ
2524 2176 2632 2229 ἀπὸ
2658 2175 2762 2227 τῶν
2792 2174 2995 2227 λοιπῶν
3022 2175 3259 2240 δυνατοὶ,
3284 2172 3825 2244 περικυκλωσάντων

2247 2268 2376 2321 ποτὶ
2432 2266 2541 2318 τῶν
2593 2264 2909 2333 ἀλλοφύλων
2943 2265 3037 2332 τὴν
3085 2264 3352 2334 Βηθλεὲμ.
3397 2263 3492 2314 καὶ
3520 2261 3616 2315 τοῦ
3657 2262 3829 2315 Δαυῖδ

2246 2360 2686 2428 ἐπιθυμήσαντος
2750 2358 2893 2409 πιεῖν
2925 2359 2988 2409 ὲκ
3018 2355 3112 2408 τοῦ
3169 2356 3403 2424 φρέατος
3429 2355 3527 2422 τῆς
3550 2354 3827 2425 Βηθλεὲμ,

2243 2450 2500 2519 διέϐησαν
2529 2451 2578 2502 οἱ
2634 2455 2681 2516 γ’
2718 2448 2814 2501 καὶ
2873 2447 3269 2518 διαρρήξαντες
3308 2446 3405 2515 τὴν
3462 2444 3832 2515 παρεμϐολὴν

2244 2543 2351 2594 τῶν
2405 2540 2738 2610 ἀλλοφύλων.
2808 2540 3136 2609 ύδρεύσαντο
3184 2540 3249 2590 ἐκ
3308 2538 3403 2590 τοῦ
3462 2540 3704 2607 φρέατος
3734 2537 3834 2589 καλ⁵

2247 2634 2488 2703 ἤνεγκαν
2517 2630 2663 2701 ὕδωρ
2689 2630 2765 2700 τῷ
2802 2630 2997 2683 Δαυῖδο
3027 2633 3053 2683 6
3078 2629 3132 2681 δὲ
3162 2628 3451 2698 θαυμάσας
3510 2627 3694 2680 αὐτῶν
3728 2627 3831 2699 τὴν

2244 2726 2473 2794 δύναμιν
2527 2725 2623 2777 καὶ
2655 2723 2755 2794 τὴν
2796 2724 3027 2793 τόλμηγ,
3060 2722 3219 2775 ἔλαϐε
3260 2721 3320 2774 τὺ
3351 2720 3494 2792 ὕδωρ
3514 2721 3607 2773 καὶ
3639 2721 3835 2773 ἐσπει-

2249 2835 2338 2870 σεν
2368 2815 2499 2869 αὐτὸ
2528 2816 2606 2885 τῷ
2640 2816 2829 2885 Κυρίῳ
2860 2816 3035 2883 λέγων
3059 2831 3070 2842 ·
3116 2834 3134 2864 ι
3161 2812 3348 2875 Ἵλεώς
3380 2831 3491 2881 μοι,
3544 2812 3744 2880 Κύριε,
3781 2810 3835 2863 ει

2246 2905 2387 2977 αἷμα
2409 2909 2716 2978 ἀνθρώπων
2738 2908 2782 2939 ⁸⁸
2817 2909 2926 2960 τῶν
2971 2905 3347 2975 πορευθέντων
3376 2906 3430 2958 ἐν
3459 2907 3580 2967 ταῖς
3623 2902 3835 2971 ψυχαῖς

2246 3001 2426 3054 αὐτῶν
2450 3001 2667 3068 πίομαι.
2697 3019 2715 3051 ι
2737 3000 2981 3068 Ὁμοίως
3008 2998 3064 3050 δὲ
3088 2999 3182 3050 καὶ
3215 3000 3262 3049 oi
3285 2997 3460 3049 λοιποὶ
3489 2995 3835 3065 στρατιῶται

568 3086 679 3139 lum
700 3096 876 3151 tuum,
902 3087 994 3141 sed
1016 3089 1144 3157 quid
1167 3089 1269 3143 sibi
1291 3090 1551 3146 dominus
1575 3107 1729 3147 meus
1750 3109 1840 3147 rex
1870 3095 1983 3147 vult
2012 3096 2140 3147 inre

2249 3091 2494 3163 ὑπῆρχον
2526 3090 2721 3160 ἄνδρες
2774 3088 3164 3153 δυνατώτατοι,
3214 3090 3308 3141 καὶ
3363 3086 3833 3151 ἁκαταγὼνιστοι,

572 3179 985 3246 hujuscemodi?
1029 3179 1318 3236 Praevaluit
1352 3193 1535 3238 autem
1568 3200 1750 3239 sermo
1793 3186 1935 3255 regis
1964 3186 2142 3241 verbis

2249 3180 2343 3232 καὶ
2390 3178 2527 3249 πρὸς
2593 3178 2719 3239 τοὺς
2769 3176 3046 3237 ἐναντίους
3107 3173 3476 3243 φοϐερώτατοι
3510 3212 3524 3237 ,
3594 3169 3839 3241 θυρεοὺς

565 3267 702 3322 Joab
733 3279 786 3323 et
816 3271 1123 3338 principum
1154 3274 1455 3339 exercitus,
1488 3290 1851 3344 egressusque
1882 3284 1965 3329 est
2007 3274 2144 3329 Joab

572 3370 629 3412 ut
653 3371 966 3415 numeraret
995 3361 1253 3429 populum
1277 3361 1459 3417 Israel.
1493 3383 1511 3414 ι
1549 3364 1703 3419 Dedit
1730 3381 1858 3435 ergo
1880 3364 2015 3420 Joab
2044 3383 2145 3420 nuo

569 3466 777 3506 merum
827 3452 1211 3521 descriptionis
1263 3455 1448 3525 populi
1498 3457 1632 3523 regi.
1707 3475 1725 3507 ‹
1765 3456 1830 3510 Ει
1891 3458 2143 3512 inventus

569 3554 656 3599 est
692 3545 874 3600 omnis
923 3561 1185 3600 numerus
1221 3545 1411 3611 Israel,
1451 3549 1599 3601 mille
1623 3549 1803 3615 ,millia
1830 3558 1883 3603 et
1925 3560 2144 3604 centum

572 3637 741 3689 millia
780 3639 1021 3691 virorum
1046 3638 1450 3708 evaginantium
1487 3639 1900 3708 gladium.Nam
1937 3640 2061 3695 Levi
2094 3651 2148 3696 et

575 3727 852 3794 Benjamin
911 3744 1019 3781 non
1076 3731 1382 3782 numeravit
1426 3745 1491 3784 eo
1542 3733 1687 3798 quod
1743 3731 1878 3784 Joab
1934 3732 2141 3784 invitus

570 3824 960 3884 exsequeretur
992 3817 1134 3884 regis
1160 3819 1474 3886 imperium.
1507 3818 1786 3887 Displicuit
1815 3830 1997 3875 autem
2043 3822 2147 3878 hoc

570 3921 755 3959 coram
807 3907 940 3960 Deo.
975 3926 993 3958 ι
1022 3937 1092 3946 -
1120 3926 1137 3958 ι
1176 3907 1452 3962 Percussit
1481 3919 1661 3962 autem
1694 3924 1788 3963 cor
1847 3909 2142 3965 Davideum

575 4006 861 4067 postquam
912 4012 1231 4053 numeratus
1258 4006 1341 4052 est
1386 3999 1643 4069 populus.
1682 4019 1698 4050 ι
1740 3998 1995 4069 Misitque
2041 4000 2146 4056 Do-

573 4086 753 4140 minus
772 4085 885 4141 Gad
915 4088 1227 4157 prophetam
1256 4089 1322 4143 ad
1343 4088 1512 4143 David
1534 4100 1588 4144 et
1613 4090 1781 4144 dixit:
1814 4109 1831 4142 ι
1866 4091 1990 4146 llaec
2016 4092 2147 4147 dicit

576 4176 835 4232 Dominus
863 4198 875 4233 :
909 4178 1057 4249 Elige
1089 4181 1233 4249 quod
1264 4181 1501 4236 volueris
1534 4191 1592 4236 ut
1638 4181 1835 4237 faciam
1885 4184 1981 4238 tibi
2008 4201 2022 4249 ;
2054 4201 2146 4239 aut

570 4271 747 4326 tribus
800 4271 961 4327 annis
1011 4273 1192 4328 veniet
1244 4274 1341 4329 tibi
1395 4272 1567 4329 fames
1599 4274 1651 4327 in
1706 4287 1847 4329 terra
1906 4284 2016 4338 tua,
2053 4286 2148 4329 aut

572 4364 749 4417 tribus
786 4365 1068 4419 mensibus
1101 4365 1273 4435 fugies
1303 4368 1644 4420 adversarios
1682 4374 1824 4431 tuos,
1855 4374 1948 4419 aut
1976 4368 2147 4421 tribus

2246 3271 2496 3341 αἴροντες
2529 3273 2622 3323 καὶ
2647 3270 2847 3339 δόρατα
2882 3268 3137 3337 μέγιστα,
3169 3268 3262 3318 καὶ
3286 3263 3477 3332 κοῦφοι
3507 3266 3618 3324 τοῖς
3665 3262 3842 3314 ποσὶν

2246 3364 2321 3426 ὡς
2348 3363 2603 3433 δορκάδες
2627 3362 2720 3415 ἐπὶ
2746 3360 2855 3414 τῶν
2883 3359 3054 3425 ὀρέων
3079 3359 3439 3429 ὑπάρχοντες,
3472 3356 3562 3408 καὶ
3589 3355 3622 3425 ἠ
3652 3370 3840 3407 κατα-

2250 3456 2417 3526 σκευὴ
2468 3454 2646 3507 αὐτῶν
2700 3454 2842 3506 πάνυ
2912 3452 3240 3521 ἐκπληκτος,
3305 3451 3401 3502 καὶ
3440 3449 3507 3500 τὰ
3556 3448 3845 3516 πρόσωπα

2248 3548 2427 3602 αὐτῶν
2456 3547 2530 3611 ὡς
2560 3546 2829 3617 πρόσωπα
2862 3544 3111 3597 λεόντων.
3136 3541 3295 3612 126
3327 3540 3371 3570 °°
3404 3539 3479 3609 (5)
3507 3539 3645 3599 Τοὺς
3680 3538 3739 3590 δέ
3766 3555 3843 3605 γε

2247 3643 2604 3713 πολεμιστὰς,
2668 3639 2759 3704 οὓς
2789 3635 2901 3709 εἶχε
2945 3638 3113 3691 πάλιν
3140 3642 3167 3690 6
3193 3636 3375 3699 Δαυὶδ,
3432 3630 3501 3705 ἦν
3538 3637 3566 3686 6
3591 3633 3847 3703 ἀριθμὸς

2252 3732 2516 3803 μυριάδες
2541 3730 2670 3796 σλδ’,
2703 3729 2887 3792 καθὼς
2931 3728 3321 3801 ἠριθμήθησαν
3349 3725 3502 3795 παρὰ
3538 3723 3701 3777 Ἰωὰϐ
3736 3724 3846 3777 τοῦ

2247 3824 2695 3894 ἀρχιστρατήγου
2723 3838 2736 3851 °
2768 3821 2903 3892 φησὶ
2930 3821 3039 3891 γάρ
3059 3821 3101 3852 ⁸⁷
3131 3833 3145 3849 ’
3186 3840 3203 3871 ι
3225 3819 3331 3872 Καὶ
3360 3816 3665 3888 προσέθετο
3687 3816 3846 3885 ὀργῇ

2249 3914 2455 3985 Κύριος
2481 3914 2751 3985 ὲκκαῆναι
2787 3917 2845 3966 ἐν
2869 3912 3112 3982 Ἰσραὴλ,
3144 3914 3233 3963 καὶ
3265 3910 3518 3963 ἐπέσεισε
3542 3908 3637 3961 τὸν
3660 3909 3850 3960 Δαυὶδ

2248 4007 2305 4058 ὲν
2366 4007 2552 4067 αὐτοῖς
2607 4005 2813 4073 λέγων·
2885 4003 3192 4075 Πορεύθητι
3245 4004 3340 4058 καὶ
3395 4000 3707 4071 άρίθμησον
3740 4000 3850 4052 τὸν

2260 4098 2477 4167 Ἰσραὴλ
2506 4098 2600 4149 καλ⁹
2638 4098 2726 4150 τὸν
2783 4096 2975 4150 Ἰούδα.
3044 4097 3152 4148 Καὶ
3177 4090 3329 4147 εἶπεν
3354 4095 3381 4145 6
3407 4092 3668 4162 βασιλεὺς
3692 4091 3855 4160 πρὸς

2262 4188 2418 4241 Ἰωὰϐ
2451 4188 2540 4241 τὸν
2571 4188 2807 4258 ἄρχοντα
2837 4189 2933 4257 τῆς
2958 4187 3138 4257 ἰσχύος
3170 4187 3269 4255 τῆς
3295 4185 3411 4255 μετ’
3431 4183 3621 4237 αὐτοῦ·
3642 4184 3854 4236 Διέλθε

2248 4283 2346 4343 τὰς
2378 4281 2551 4350 φυλὰς
2596 4282 2778 4343 πάσας
2824 4280 3061 4349 Ἰσραὴλ,
3132 4280 3226 4330 καὶ
3264 4280 3361 4342 ῐδε,
3410 4279 3501 4330 καὶ
3529 4274 3856 4344 ἐπίσκεψαι

2248 4375 2339 4427 τὸν
2363 4374 2514 4437 λαὸν,
2543 4374 2640 4427 καὶ
2678 4372 2963 4441 γνώσομαι
3000 4372 3091 4424 τὸν
3137 4371 3367 4441 ἀριθμὸν
3395 4371 3487 4423 τοῦ
3514 4368 3669 4423 λαοῦ.
3718 4369 3859 4421 Καὶ

575 4453 771 4506 diebus
792 4457 895 4507 erit
924 4458 1229 4526 pestilentia
1250 4461 1301 4511 in
1323 4468 1463 4512 terra
1484 4471 1593 4513 tua.
1618 4460 1757 4513 Dixit
1776 4471 1955 4515 autem
1975 4461 2143 4516 David

2252 4461 2407 4519 εἶπεν
2440 4465 2599 4518 ’Ῐωάϐ
2639 4482 2653 4496 ·
2702 4464 2972 4535 Προσθείη
3008 4462 3210 4534 Κύριος
3241 4462 3419 4523 ὁθεὺς
3453 4462 3542 4513 ἐπὶ
3572 4460 3663 4512 τὸν
3699 4459 3865 4513 λαόν

573 4541 639 4590 ad
671 4538 785 4591 Gad
813 4560 828 4594 :
859 4543 988 4596 Tria
1020 4546 1133 4599 hinc
1169 4548 1301 4599 mihi
1336 4550 1471 4602 dura
1501 4550 1684 4614 nimis,
1714 4551 1808 4604 sed
1836 4550 2035 4606 melius
2061 4561 2143 4605 est

575 4636 633 4680 ut
663 4628 897 4681 incidam
930 4632 984 4683 in
1030 4648 1226 4687 manus
1252 4636 1488 4701 Domini,
1520 4642 1704 4692 multa:
1733 4640 1879 4694 enim
1925 4641 2144 4695 miscri-

573 4721 774 4775 cordia:
802 4723 921 4791 ejus
953 4733 1101 4788 sunt,
1134 4740 1299 4791 quam
1350 4729 1403 4781 in
1441 4744 1636 4785 manus
1688 4732 1993 4788 hominum.
2034 4751 2051 4783 ο
2073 4761 2144 4773 -

577 4838 593 4863 ι
611 4817 673 4869 Et
699 4815 860 4885 elegit
886 4815 1049 4869 David
1082 4816 1467 4882 pestilentiam,
1486 4829 1538 4871 et
1560 4819 1685 4873 facti
1710 4831 1839 4874 sunt
1864 4823 1978 4875 dies
2002 4837 2146 4877 mes-

572 4912 648 4962 sis
686 4907 965 4972 frumenti,
998 4908 1333 4977 immisitque
1359 4909 1617 4965 Dominus
1650 4922 1856 4981 pestem
1898 4915 1953 4965 in
1977 4912 2142 4968 Israel

570 5006 637 5056 tie
668 5016 826 5056 niane
854 5017 1027 5071 usque
1060 5001 1129 5056 ad
1177 5010 1391 5072 tempus
1442 5004 1822 5071 constitutum,
1853 5016 1909 5058 et
1940 5007 2139 5059 mortui

574 5102 791 5149 suntex
822 5096 1022 5165 p0pulo
1053 5096 1395 5165 septuaginta
1442 5095 1613 5150 millia
1655 5095 1920 5150 virorum.
1947 5098 2143 5151 Exten-

2255 4574 2369 4611 σου.
2428 4558 2538 4610 Καὶ
2567 4557 2654 4608 ἵνα
2682 4556 2734 4608 τί
2760 4557 2788 4608 6
2815 4555 3003 4625 κύριός
3060 4572 3165 4623 μου
3196 4554 3443 4622 βούλεται
3477 4554 3534 4603 ὲν
3572 4550 3651 4620 τῷ
3682 4550 3866 4622 λόγῳ

2252 4648 2460 4715 τούτῳ;
2498 4648 2603 4699 Καὶ
2631 4647 2995 4717 ὑπερίσχυσεν
3028 4647 3055 4697 6
3089 4646 3244 4713 λόγος
3274 4644 3366 4696 τοῦ
3391 4643 3659 4712 βασιλέως
3690 4644 3869 4713 πρὸς

2263 4739 2422 4792 Ἰωὰϐ
2474 4742 2570 4791 καὶ
2617 4740 2754 4810 πρὸς
2796 4742 2920 4800 τοὺς
2966 4741 3235 4810 ἄρχοντας
3270 4738 3369 4805 τῆς
3392 4738 3699 4807 δυνάμεως,
3738 4740 3872 4791 καὶ

2250 4828 2463 4897 ἀπῆλθε
2495 4830 2657 4883 Ίωὰϐ
2703 4830 3102 4900 ἐπισκέψασθαι
3155 4830 3247 4883 τὸν
3289 4830 3438 4882 λαόν.
3487 4828 3593 4879 Καὶ
3620 4826 3687 4896 δὴ
3711 4830 3883 4884 ἑπι-

2253 4919 2597 4989 σκεψάμενος
2648 4922 2845 4975 δέδωκε
2907 4922 3052 4992 (29b)
3078 4923 3168 4974 τὸν
3212 4921 3444 4991 ἀριθμὸν
3467 4918 3568 4987 τῆς
3599 4919 3880 4973 ἐπισκέ-

2249 5010 2394 5079 ψεως
2456 5011 2551 5063 τού
2613 5012 2745 5066 λαοῦ
2802 5013 2897 5066 τοῦ
2950 5014 3135 5067 Δαυίδ.
3194 5014 3304 5066 Καὶ
3356 5009 3422 5082 ἦν
3454 5012 3562 5072 πᾶς
3604 5010 3880 5084 Ἰσραὴλ

2250 5096 2482 5167 χίλιαι⁶⁸
2536 5100 2630 5153 καὶ
2668 5099 2713 5171 ρ’
2742 5100 2976 5170 χιλιάδες
3032 5101 3242 5171 ἀνδρῶν
3276 5100 3640 5169 ἐσπασμένων
3687 5101 3885 5171 ῥομο

1785 5264 1983 5325 Variis
2027 5264 2337 5326 lectiones
2378 5272 2439 5326 et
2476 5273 2667 5327 notae.

647 5441 693 5514 ⁶ξ
717 5439 977 5514 ΔῚτῖλεανάν
1020 5441 1170 5514 9,10.
1232 5439 1292 5514 Α⁶¹
1326 5438 1423 5514 καὶ
1452 5439 1479 5489 6
1596 5438 1893 5514 ἐκάθησε-ιδ
1934 5438 1989 5491 ά.
2024 5434 2522 5514 πλὴνέκδιδύσκειν
2552 5438 2641 5514 lt).
2665 5439 2818 5514 -—-‘B.
2868 5438 3008 5508 ἀνὴρ
3043 5438 3227 5514 *αὐτὸς
3287 5439 3579 5514 πολλοστδς
3643 5442 3896 5514 ἔργοις

572 5510 759 5571 9.0.21.
836 5510 881 5540 "

928 5513 982 5580 ἡ.
1030 5512 1125 5565 τοῦ
1158 5511 1334 5581 χιόννς
1364 5512 1455 5564 20.
1536 5512 1578 5542 ⁸³
1611 5505 1777 5581 αὐτὸς
1801 5509 2053 5579 ἐξήγειρε
2081 5505 2143 5581 τδ
2172 5505 2298 5581 δόρυ
2350 5508 2519 5560 αὐτοῦ
2562 5510 2676 5581 ἐπὶ,
2707 5507 2751 5581 τ’
2777 5505 3123 5581 τραυματίας
3155 5512 3239 5562 18.

3343 5512 3390 5542 ’⁸
3420 5510 3478 5562 ‘I.
3522 5510 3580 5573 ὃς

3645 5509 3746 5583 ἦν(
3814 5509 3908 5572 ὲὺ

575 5581 689 5650 τοζς
728 5578 973 5650 ἐκγόνοις
999 5584 1093 5635 τοῦ
1126 5578 1203 5634 Ῥζ
1236 5584 1329 5635 κο).
1362 5584 1388 5633 6
1424 5581 1661 5650 σταθμὸς
1698 5580 1791 5632 τοῦ
1828 5578 2050 5649 δόρατος
2084 5579 2251 5630 αὑτοῦ
2280 5584 2344 5630 τ’.
2409 5595 2461 5630 σ.
2499 5595 2620 5650 χχι,
2659 5578 2746 5650 16.
2780 5578 2921 5650 -έ-’ΫΙΙ
2958 5580 3109 5635 Satn.
3170 5594 3280 5641 XXI,
3338 5581 3522 5633 l5—i'l.
3568 5648 3575 5650 _
3623 5578 3678 5614 ⁵⁸⁷
3726 5587 3911 5642 τῶν

578 5648 910 5731 ςινδρῶνβῒε
963 5652 1053 5731 ﬂ.“
1087 5652 1220 5731 geri:
1258 5648 1676 5731 155,9-156litl.
1754 5652 1798 5682 δ’
1834 5650 1876 5701 ιι
1906 5650 2054 5703 Sani.
2102 5667 2143 5701 Χ

2284 5650 2399 5701 1-4.
2481 5650 2524 5680 (⁸
2553 5648 2789 5718 χιλιάδες
2818 5650 2835 5703 Ι
2866 5649 2991 5706 Par.
3020 5667 3131 5717 nt,
3162 5650 3214 5714 5,
3246 5650 3481 5720 χιλιάδες
3534 5648 3577 5722 ρ’
3609 5652 3716 5705 καὶ
3770 5666 3911 5731 xy;

581 5715 715 5785 Leo,
749 5715 806 5769 ω’
834 5718 1071 5786 χιλιάδες
1101 5721 1145 5771 ιι
1183 5720 1310 5772 Sam
1370 5736 1519 5783 xxxv,
1549 5725 1602 5771 υ.
