4048 6212
311 264 420 325 229

1523 274 1989 335 CHRONICON.
2033 298 2101 308 -
2142 275 2288 335 LIB.
2334 275 2419 335 ΙΙ.

3470 289 3576 353 230

318 376 521 443 φαίανο
569 378 661 430 καὶ
720 380 922 442 Ἰούδας
963 384 1207 454 χιλιάδας
1270 387 1355 439 ὑπ’
1387 390 1431 419 ⁶⁹
1474 390 1685 461 ἀνδρῶν
1733 389 1875 440 ὲσπα

2008 387 2193 457 ditque
2226 402 2445 442 manum
2482 403 2637 444 suam
2677 407 2902 460 angetus
2934 393 3144 448 Domini
3195 414 3359 469 super
3414 401 3576 457 Jeru-

320 469 534 537 σμένων
556 471 835 541 μάχαιραν
861 490 875 504 ο
904 474 996 527 τὸν
1025 476 1080 528 δὲ
1111 480 1241 531 Λευὶ
1262 481 1353 532 καὶ
1385 481 1475 533 τὸν
1506 482 1763 551 Βενιαμὶν
1790 483 1893 535 οὑκ

318 561 615 631 ἠρίθμησε,
654 565 737 616 ὅτι
770 565 1168 638 προσώχθησεν
1190 574 1218 623 6
1245 571 1400 639 λόγος
1432 573 1526 625 τοῦ
1560 573 1828 642 βασιλέως
1848 574 1892 604 ⁷⁰

318 654 393 722 τῷ
422 652 602 707 Ἱωάϐ.
658 657 772 710 Καὶ
818 659 1059 729 πονηρὸν
1120 662 1290 731 ἐφάνη
1353 664 1598 716 ἐναντίου
1626 664 1720 717 τοῦ
1754 661 1891 716 Θεοῦ

316 743 493 798 τοῦτο.
536 746 662 786 ’⁸-ο
687 749 799 801 Καὶ
847 752 1085 817 ἐπάταξε
1114 756 1307 824 καρδία
1337 756 1502 809 Δαυῒδ
1534 757 1696 810 αὑτὸν
1730 759 1789 809 ὲν
1814 756 1892 827 τῷ

315 833 623 903 ἀριθμῆσαι
645 837 738 888 τὸν
760 836 909 892 λαόν.
939 871 1008 881 -
1029 842 1074 873 ⁷²
1128 843 1202 912 (li)
1239 845 1346 897 Kal.
1372 845 1657 898 ἀπέστειλε
1688 847 1891 914 Κύριος

319 923 422 974 Γὰδ
470 925 563 977 τὸν
612 931 906 999 προφήτην
951 931 1086 1001 πρὸς
1132 934 1295 988 Δαυῒδ
1346 936 1438 989 καὶ
1484 932 1606 989 εἷπε
1631 937 1675 967 ⁷³
1709 951 1721 963 ·
1755 936 1893 989 Τάδε

314 1013 459 1080 λέγει
486 1016 713 1088 Κύριοςο
752 1021 1009 1086 Ἐκλεξαι
1040 1026 1254 1097 σεαυτῷ
1278 1029 1533 1096 γενέσθαι
1560 1046 1664 1091 σοι,
1694 1029 1726 1099 ἦ
1767 1029 1894 1100 τρία

2003 482 2169 533 salem
2224 489 2280 533 ut
2321 480 2661 548 disperderet
2718 498 2861 536 eam.
2913 503 2930 535 ι
2972 485 3123 541 Τυιιο
3171 488 3360 546 videns
3407 492 3573 552 David

2002 571 2251 640 angelum
2286 572 2581 626 credentem
2612 573 2756 629 viros
2781 576 2832 628 in
2868 579 3086 645 populo,
3115 581 3251 634 dixit
3285 583 3353 637 ad
3381 583 3573 645 Deum:

2007 682 2025 714 ι
2060 664 2168 734 Ego
2199 682 2315 718 sum
2357 667 2447 735 qui
2492 668 2729 734 peccavi,
2783 684 2883 737 ego
2932 681 3121 738 pastor
3178 674 3361 744 inique
3409 684 3574 748 gessi.

2004 754 2092 809 Ιειί
2127 757 2219 824 qui
2245 772 2371 811 oves
2399 767 2528 811 sunt
2558 759 2687 827 quid
2722 758 3004 814 fecerunt?
3027 773 3288 829 vertatur,
3321 769 3574 835 obsecro,

2004 858 2198 898 manus
2253 853 2344 898 tua
2393 855 2580 899 contra
2654 862 2741 902 me
2794 858 2848 903 et
2882 860 3069 904 contra
3121 854 3341 909 domum
3403 863 3577 927 patris

1999 936 2126 989 mei.
2162 936 2504 993 Etexoratus
2548 939 2988 1007 Dominus,dixit
3030 945 3095 998 ad
3144 950 3393 1015 angelum
3428 967 3442 1004 :
3472 953 3577 1008 Co-

1997 1027 2121 1080 hibe
2140 1044 2358 1081 manum
2391 1031 2971 1089 tuamJEtazdiﬁcavit
2995 1036 3065 1089 ibi
3092 1038 3253 1091 David
3278 1040 3446 1097 altare
3472 1043 3576 1098 Do-

316 1107 409 1173 ἐτη
440 1106 597 1176 λιμὸν
621 1110 678 1162 ὲν
702 1114 769 1181 τῇ
806 1116 877 1183 γῇ
909 1131 1026 1178 σου,
1052 1115 1084 1184 ἣ
1110 1119 1259 1186 τρεῖς
1292 1120 1467 1189 μῆνας
1496 1121 1718 1188 φεύγειν
1748 1137 1807 1171 σε
1830 1122 1878 1171 ὲ)

1999 1119 2147 1170 mino
2174 1128 2227 1170 et
2257 1118 2451 1174 obtulit
2470 1120 2791 1175 holocausta
2820 1132 2872 1175 et
2894 1124 3139 1192 pacifica,
3167 1136 3219 1180 et
3248 1132 3576 1198 prOpitiatns

315 1197 612 1264 προσώπου
648 1202 757 1255 τῶν
778 1205 991 1273 ἐχθρῶν
1028 1224 1147 1271 σου,
1184 1208 1215 1276 ἧ
1249 1208 1295 1276 γ’
1329 1212 1545 1280 ἡμέρας
1572 1210 1803 1263 Θάνατον
1834 1212 1878 1263 ἐι

1995 1219 2076 1262 est
2100 1207 2358 1263 Dominus
2382 1222 2559 1274 terrae,
2591 1224 2642 1266 et
2665 1213 2901 1268 cohibita
2939 1225 3022 1270 est
3061 1218 3213 1288 plaga
3243 1220 3513 1277 ablsrael.
3547 1242 3571 1274 ι

310 1287 373 1353 τῇ
407 1290 479 1357 γῇ
515 1305 629 1344 σου.
679 1322 750 1330 -—
803 1298 911 1347 Καὶ
977 1295 1099 1351 εἷπε
1161 1299 1327 1352 Δαυῒδ
1401 1302 1539 1371 πρὸς
1574 1301 1681 1353 res
1709 1318 1722 1330 '
1756 1301 1928 1354 Στενὰ
1969 1317 2059 1369 μοι
2111 1301 2382 1354 πάντοθεν
2416 1304 2535 1355 ἐστι
2594 1306 2689 1377 καὶ
2757 1306 2824 1357 τὰ
2860 1308 3010 1376 τρία,
3047 1309 3187 1378 πλὴν
3220 1312 3573 1381 ἐμπεσοῦμαι

270 1400 281 1408 ·
307 1379 370 1447 δὴ
390 1382 473 1443 είς
496 1386 687 1453 χεῖρας
710 1387 942 1456 Κυρίου,
973 1393 1056 1445 ὅτι
1086 1394 1270 1445 πολλοὶ
1291 1396 1340 1446 οἱ
1375 1395 1657 1465 οἰκτιρμοί
1684 1393 1873 1447 αὑτοῦ·
1918 1396 1997 1456 είς
2022 1392 2079 1446 δὲ
2102 1396 2288 1463 χεῖρας
2315 1395 2623 1465 ἀνθρώπων
2689 1398 2764 1469 μὴ
2834 1400 3083 1468 ἐμπέσω.
3145 1402 3257 1455 Καὶ
3284 1379 3571 1470 ἐξελέξατο

308 1471 470 1526 Δαυῖδ
502 1477 595 1528 τὸν
628 1476 858 1532 Θάνατον
890 1496 905 1512 ·
976 1488 1070 1536 καὶ
1137 1485 1342 1556 ἡμέραι
1372 1487 1562 1556 θέρους
1588 1486 1633 1525 ⁷⁸
1660 1486 1870 1557 πυρῶν,
1916 1486 2009 1539 καὶ
2073 1487 2241 1540 ἔδωκε
2296 1489 2498 1558 Κύριος
2524 1490 2755 1544 θάνατον
2821 1494 2879 1544 ὲν
2926 1492 3146 1564 Ἰσραὴλ
3188 1496 3298 1550 ἀπὸ
3328 1498 3570 1569 πρώῖοεν

306 1561 487 1624 ἒωςτ⁸
517 1566 743 1635 ἀρίστου
779 1585 794 1599 ·
850 1573 943 1623 καὶ
995 1573 1266 1627 ἀπέθανον
1324 1579 1387 1628 ἐκ
1452 1577 1545 1629 τοῦ
1594 1577 1724 1630 λαοῦ
1784 1576 2023 1647 χιλιάδες
2087 1584 2149 1630 o'.
2208 1580 2317 1631 Καὶ
2368 1580 2601 1643 ἐξέτεινε
2660 1584 2758 1653 τὴν
2831 1561 3207 1655 χείραναὺτοῦ
3253 1593 3281 1642 6
3335 1561 3569 1660 ἄγγελος

306 1654 514 1723 Κυρίου
574 1659 631 1710 ὲν
672 1659 1027 1733 Ἰερουσαλὴμ
1082 1666 1176 1717 τοῦ
1227 1666 1535 1736 διαφθεῖραι
1583 1670 1639 1719 ὲν
1681 1669 1839 1736 αὐτῇ.
1884 1667 1995 1718 Καὶ
2019 1661 2141 1718 εἷπε
2176 1668 2338 1719 Δαυὶδ
2372 1669 2506 1738 πρὸς
2544 1670 2634 1723 τὸν
2660 1671 2791 1723 Θεὸν
2824 1676 2882 1726 ὲν
3029 1676 3334 1731 ίδεῖναὺτδν
3469 1654 3567 1753 ἄγὲ

304 1749 461 1815 γελον
491 1748 765 1804 τύπτοντα
791 1756 849 1806 ὲν
874 1754 953 1822 τῷ
980 1756 1114 1829 λαῷ’
1139 1757 1290 1820 Ἰδοὺ,
1320 1760 1429 1825 ἐγὼ
1461 1763 1781 1831 ἡμάρτηκα,
1821 1763 1917 1813 καὶ
1959 1761 2117 1830 127
2154 1760 2265 1828 ἐγώ
2295 1763 2409 1830 εἰμι
2449 1764 2475 1812 6
2513 1766 2715 1833 ποιμὴν
2744 1767 2772 1816 6
2847 1772 3220 1833 κακοποιῆσας
3239 1786 3254 1801 ⁸
3297 1774 3390 1828 καὶ
3419 1748 3566 1831 οὗτοι

302 1847 368 1896 τὰ
402 1844 653 1912 πρόϐατα
682 1849 735 1898 τί
781 1851 1079 1920 ὲποίησαν;
1114 1856 1357 1919 γενέσθω
1386 1856 1450 1926 δὴ
1488 1858 1519 1926 ἡ
1548 1858 1669 1926 χείρ
1704 1873 1796 1908 σου
1824 1859 1881 1908 ὲν
1921 1857 2070 1926 ἐμοὶ,
2102 1857 2300 1926 Κύριε,
2363 1858 2456 1909 καὶ
2488 1860 2543 1910 ἐν
2610 1860 2685 1927 τῷ
2716 1859 2850 1927 οἴκῳ
2882 1860 2975 1912 τοῦ
3011 1864 3217 1932 πατρός
3241 1882 3366 1932 μου.
3402 1887 3421 1919 ι
3456 1869 3568 1921 Καὶ

302 1938 683 2006 παρακληθεὶς
724 1942 750 1991 6
798 1942 1003 2012 Κύριος
1052 1940 1171 1997 εἷπε
1222 1947 1359 2017 πρὸς
1405 1948 1497 1999 τὸν
1542 1950 1775 2017 ἄγγελον
1814 1949 1879 1979 "-
1927 1968 1946 2002 ι
1985 1950 2146 2013 Ἀνες
2205 1952 2304 2021 τὴν
2336 1951 2496 2020 χεῖρά
2557 1968 2673 2005 σου.
2708 1970 2726 2002 ι
2762 1982 2830 1991 -—
2862 1972 2877 2002 ι
2922 1954 3030 2005 Καὶ
3057 1954 3405 2027 ᾠκοδόμησεν
3448 1962 3568 2016 ἐκεῖ

300 2030 689 2099 θυσιαστήριον
716 2033 883 2087 Δαυῒδ
916 2039 1009 2088 καὶ
1069 2038 1366 2109 ἀνήνεγκεν
1404 2041 1567 2104 εὐθὺς
1605 2040 2003 2105 ὁλοκαυτώσεις
2026 2060 2039 2073 ·
2107 2044 2202 2096 καὶ
2260 2045 2567 2112 ἐπήκουσεν
2604 2044 2768 2095 αὑτοῦ
2826 2048 2853 2097 ὁ
2889 2046 3091 2115 Κύριος
3129 2053 3221 2102 καὶ
3263 2054 3565 2126 συνεσχέθη

294 2121 487 2173 ἐπάνω
520 2121 743 2194 Ἰσραὴλ
783 2126 816 2194 ἡ
854 2126 1105 2198 θραῦσις.
1137 2148 1156 2181 ›

370 2214 415 2243 ⁷⁷
435 2214 511 2284 (7)
527 2216 717 2270 Ταῦτα
740 2219 796 2271 δέ
814 2237 949 2290 φησι
968 2224 1131 2276 πάλιν
1144 2226 1492 2299 θεοδώρητος
1513 2230 1615 2282 οὑκ
1633 2231 1878 2293 ἀπεικῶς

2064 2231 2187 2287 Ιιςιιε
2216 2234 2354 2287 mala
2397 2250 2505 2288 non
2554 2234 2854 2304 incongrue
2893 2237 3235 2305 acciderunt,
3276 2243 3352 2294 ait
3382 2241 3563 2298 TbeO‘

296 2306 735 2379 συμϐεϐηκέναι,
779 2312 893 2366 ἀλλ’
924 2315 1134 2377 οἰκείας
1169 2322 1514 2391 παρανομίας
1547 2322 1690 2374 ἔτισε
1723 2324 1878 2382 δίκας

292 2404 322 2451 6
345 2401 477 2462 λαὸς
506 2404 601 2456 ἐπὶ
628 2407 921 2473 προφάσει·
959 2412 1274 2465 καταλιπὼν
1300 2415 1411 2485 γὰρ
1440 2416 1530 2467 τὸν
1558 2416 1760 2486 εὐσεϐῆ
1782 2418 1878 2469 καὶ

292 2494 443 2546 οείον
482 2494 733 2564 βασιλέα,
765 2500 1017 2570 τυράννῳ
1054 2507 1147 2555 καὶ
1181 2507 1483 2577 πατραλῴῃ
1503 2509 1549 2539 ⁷⁸
1579 2511 1727 2562 παιδὶ
1755 2528 1878 2562 συν-

288 2585 683 2656 εστράτευσεν.
745 2588 901 2643 υῦτω
943 2593 999 2645 δὲ
1037 2595 1132 2647 καὶ
1166 2594 1255 2648 διὰ
1305 2600 1401 2666 τὴν
1451 2598 1545 2651 τοῦ
1592 2601 1765 2652 Σαοὺλ
1800 2602 1878 2663 εἰς

288 2678 421 2738 τοὺς
453 2677 805 2746 Γαϐαωνίτας
824 2684 1105 2753 ἀναίρεσιν
1130 2688 1423 2759 ἐπαιδεύθη
1444 2691 1532 2743 διὰ
1554 2692 1713 2762 λιμοῦ
1740 2692 1879 2764 μετὰ

288 2771 391 2838 τὴν
440 2772 656 2827 ἐκείνου
708 2775 1002 2846 τελευτήν·
1043 2779 1072 2830 6
1113 2780 1211 2849 μὲν
1258 2782 1367 2853 γὰρ
1403 2783 1528 2847 λαὸς
1583 2784 1728 2848 ἆπας
1783 2786 1878 2838 καὶ

304 2862 518 2931 Ἰησοῦς
571 2866 599 2916 6
648 2865 742 2918 τοῦ
776 2867 951 2937 Ναυῆ,
991 2872 1259 2941 πεποίηκε
1302 2874 1405 2937 τὰς
1452 2875 1588 2944 πρὸς
1636 2877 1879 2940 ἐκείνους

291 2952 581 3022 συνθήκας
614 2957 741 3019 τοὺς
779 2959 1131 3024 Γαϐαωνίτας
1159 2978 1173 2992 ’
1207 2964 1537 3035 ἐκοινώνησε
1566 2965 1622 3018 δὲ
1647 2960 1756 3019 τῶν
1787 2968 1879 3035 ὅρ-

290 3060 408 3095 κων
445 3046 539 3097 καὶ
576 3046 839 3119 Ἐλεάζαρ
880 3052 909 3102 6
961 3052 1275 3123 ἀρχιερεύς.
1313 3055 1460 3108 Ἔδει
1516 3056 1696 3109 τοίνυν
1754 3059 1879 3120 τοὺς

290 3136 598 3204 ἀπογόνους
617 3140 727 3192 τῶν
743 3140 1128 3211 ὠμωμοκότων
1147 3145 1224 3216 μὴ
1244 3147 1563 3217 παραϐῆναι
1598 3150 1690 3201 τὸν
1715 3150 1879 3219 ὅρκον

288 3242 389 3278 κα.
419 3231 521 3291 τὰς
552 3230 807 3296 σπονδὰς,
858 3232 991 3286 ἀλλὰ
1037 3238 1223 3288 πεῖσαι
1260 3237 1462 3306 μᾶλλον
1497 3238 1589 3291 τὸν
1635 3256 1877 3310 παρανο-

292 3321 505 3385 μοῦντα
539 3321 762 3391 βασιλέα
787 3326 888 3388 τὰς
909 3327 1046 3396 πρὸς
1076 3328 1273 3392 αὐτοὺς
1303 3331 1537 3400 φυλάξαι
1569 3332 1839 3404 συνθήκας
1861 3350 1875 3365 ·

294 3409 604 3479 πληροῦται
634 3414 688 3466 δὲ
716 3415 797 3477 είς
830 3418 1028 3482 αὐτοὺς
1062 3419 1122 3471 τὸ
1156 3423 1308 3493 παρὰ
1337 3422 1432 3474 τοῦ
1463 3423 1586 3476 Νῶε
1619 3423 1755 3493 πρὸς
1787 3425 1878 3478 τὸν

291 3504 623 3574 προπάτορα
658 3508 841 3561 αὑτῶν
867 3512 1090 3564 Χαναὰν
1119 3514 1434 3584 εἰρημένονο
1464 3534 1482 3566 ι
1512 3517 1554 3547 ⁷³
1586 3518 1881 3570 Ἐπικατά-

1982 2328 2235 2381 doretns:
2262 2326 2494 2394 propriae
2524 2327 2854 2380 inﬁdelitatis
2877 2344 3066 2395 ptrnas
3098 2346 3229 2386 sane
3260 2332 3357 2386 luit
3385 2350 3561 2405 popu-

1983 2419 2068 2473 lus
2102 2416 2508 2484 :dcreliquerat
2554 2418 2701 2472 enim
2754 2434 2933 2490 regem
2982 2423 3130 2489 pium
3168 2431 3221 2477 et
3265 2440 3296 2479 a
3328 2426 3436 2480 Deo
3465 2428 3563 2481 da-

1981 2518 2094 2561 tum
2123 2508 2190 2561 ad
2224 2508 2575 2576 praeliandum
2623 2524 2748 2564 cum
2784 2521 3015 2580 tyranno
3045 2524 3094 2567 et
3138 2516 3429 2581 parricida.
3457 2518 3562 2573 Pa-

1980 2599 2112 2653 riter
2143 2599 2211 2652 ob
2240 2600 2438 2653 tandem
2467 2616 2631 2669 quam
2667 2600 2796 2655 fecit
2852 2601 2981 2655 Saul
3026 2604 3079 2656 in
3109 2604 3430 2663 Gabaonitis
3455 2625 3562 2678 pu-

1981 2694 2127 2745 nitus
2171 2700 2255 2745 est
2316 2694 2551 2761 populus
2603 2694 2720 2747 dira
2774 2695 2935 2761 fame,
2970 2696 3076 2750 vita
3129 2696 3316 2753 functo
3377 2700 3560 2758 Saule.

1981 2781 2173 2837 Omnis
2204 2786 2405 2837 etenim
2460 2787 2718 2854 pepulus,
2753 2798 2808 2843 et
2852 2789 2967 2859 ipse
2999 2789 3166 2846 Josue
3205 2793 3351 2848 lilius
3378 2793 3524 2850 Nave
3545 2835 3564 2860 ,

1981 2873 2188 2926 hedera
2221 2889 2345 2926 cum
2381 2874 2513 2942 ipsis
2540 2878 2879 2945 pepigerant.
2913 2880 2977 2933 Et
3008 2881 3122 2949 ipse
3151 2882 3377 2938 Eleazar
3405 2901 3561 2939 sum-

1982 2980 2104 3019 mus
2156 2965 2412 3019 sacerdos
2471 2980 2592 3021 sese
2652 2968 2755 3022 illis
2807 2969 3137 3037 juramentis
3211 2979 3563 3031 consociatus

1986 3056 2179 3110 fuerat.
2249 3056 2544 3125 Oportebat
2630 3058 2813 3128 itaque
2900 3070 3147 3129 posteros
3225 3080 3333 3120 non
3384 3076 3562 3121 trans-

1988 3148 2137 3215 gredi
2189 3148 2577 3218 jusjurandum
2634 3161 2690 3204 et
2741 3152 3179 3220 promissiones,
3231 3157 3324 3211 sed
3377 3159 3559 3229 potius

1983 3239 2217 3293 suadere
2250 3255 2430 3308 regem
2473 3243 2943 3310 praevaricatorem
3001 3257 3058 3299 ιιι
3109 3260 3353 3304 servaret
3378 3261 3559 3318 pacta.

1980 3330 2352 3401 Adimpletum
2371 3333 2529 3388 estin
2561 3333 2641 3388 eis
2662 3334 2807 3403 quod
2841 3335 3040 3391 dicitur
3072 3354 3102 3392 a
3136 3336 3248 3395 Noe
3278 3341 3345 3394 ad
3375 3355 3557 3412 proto-

1980 3434 2257 3492 parentem
2288 3440 2482 3479 eorum
2508 3426 2768 3481 Chanaan
2803 3445 2817 3481 :
2858 3445 2876 3478 ι
2902 3426 3223 3487 Malediclus
3252 3433 3508 3491 Chanaan
3539 3455 3558 3502 ;

1983 3533 2173 3572 servus
2200 3534 2485 3573 servorum
2517 3519 2621 3573 erit
2648 3520 2906 3575 fratribus
2935 3523 3069 3579 Suis.
3106 3542 3125 3577 ι
3166 3524 3317 3581 Unde
3347 3529 3414 3583 ad
3437 3544 3556 3591 eos,

294 3610 461 3661 ρατος
515 3599 743 3653 Χαναὰν
798 3606 948 3669 παίς,
990 3606 1206 3675 οἰκέτης
1268 3608 1421 3658 ἔσται
1467 3610 1576 3671 τοῖς
1625 3608 1873 3676 ἀδελφοῖς

1984 3611 2198 3679 cognito
2228 3627 2419 3666 eorum
2462 3612 2690 3679 scelere,
2730 3614 2871 3669 dixit
2919 3616 3127 3673 Josne:
3160 3637 3179 3671 ι
3220 3620 3410 3690 itaque
3453 3624 3558 3678 sub

292 3687 484 3741 αὐτοῦ.
528 3707 547 3740 ι
585 3693 677 3745 Διό
729 3710 863 3763 φησι
924 3696 1059 3767 πρὸς
1095 3697 1295 3761 αὐτοὺς
1342 3697 1549 3768 Ἰησοῦς
1601 3702 1740 3766 μετὰ
1777 3703 1875 3770 τὴν

292 3781 605 3851 φανέρωσιν
661 3786 761 3855 τῆς
825 3789 1164 3857 πανουργίας
1219 3790 1400 3843 αὐτῶν
1444 3793 1489 3822 ⁸ο
1521 3806 1537 3822 ·
1573 3810 1590 3843 ι
1629 3793 1740 3845 Καὶ
1780 3793 1875 3845 νῦν

290 3871 695 3941 ἑπικαταρατοί
735 3879 877 3929 ἐπει
918 3880 979 3931 οὑ
1013 3881 1088 3949 μὴ
1137 3880 1365 3952 ἐκλείπῃ
1409 3882 1469 3947 ἐξ
1506 3884 1658 3953 ὑμῶν
1691 3885 1875 3948 δοῦλος

289 3964 413 4016 οὑδὲ
469 3965 772 4033 ξυλοκόπος
807 3971 901 4023 καὶ
940 3972 1236 4043 ὑδροφόρος
1291 3977 1416 4047 ἐμοὶ
1478 3978 1571 4031 καὶ
1629 3978 1708 4047 τῷ
1754 3978 1873 4050 Θεῴ

294 4070 420 4121 μου,
474 4062 571 4110 καὶ
608 4061 944 4132 κατέστησεν
976 4065 1173 4129 αὐτοὺς
1221 4067 1428 4136 Ἰησοῦς
1469 4071 1527 4121 ὲν
1567 4072 1633 4139 τῇ
1687 4070 1875 4140 ἡμέρᾳ

290 4147 478 4220 ἐκείνῃ
500 4151 829 4217 ξυλοκόπους
854 4157 949 4209 καὶ
971 4158 1298 4229 ὑδροφόρους
1320 4164 1467 4233 πάσῃ
1492 4166 1555 4232 τῇ
1581 4167 1871 4231 συναγωγῇ

294 4244 389 4294 καὶ
402 4243 476 4309 τῷ
491 4244 866 4319 Θυσιαστηρῖῳ
888 4250 980 4302 τοῦ
999 4251 1156 4305 Θεοῦ.
1187 4271 1204 4302 ι
1220 4283 1276 4293 -—
1290 4270 1308 4299 σ
1330 4255 1429 4307 Διὰ
1443 4255 1604 4307 τοῦτο
1622 4256 1874 4322 ἐγένοντο

292 4332 342 4381 οἱ
365 4338 750 4399 κατοικοῦντες
776 4340 1003 4394 Γαϐαὼν
1036 4343 1323 4407 ξυλοκόποι
1355 4345 1448 4399 καὶ
1482 4347 1767 4417 ὑδροφόροι
1796 4347 1874 4417 τῷ

296 4424 672 4501 θυσιαστηρίῳ
702 4432 795 4484 τοῦ
825 4433 962 4486 Θεοῦ
994 4438 1089 4488 καὶ
1140 4438 1301 4490 πάλιν
1348 4442 1415 4509 τῇ
1447 4443 1738 4509 συναγωγῇ
1769 4441 1874 4503 ἓως

294 4517 392 4586 τῆς
425 4522 639 4591 ἡμέραις
687 4524 894 4594 ταύτης
928 4528 1021 4581 καὶ
1067 4530 1147 4591 εἰς
1192 4531 1335 4600 (50³)
1365 4532 1457 4583 τὸν
1504 4531 1673 4584 τόπον
1710 4526 1771 4584 οὗ
1808 4531 1875 4583 ἂν

295 4611 573 4676 iussam:
599 4616 643 4646 ⁸⁸
689 4618 913 4688 Κύριος.
956 4640 974 4671 ι
1006 4621 1049 4652 θ’
1098 4621 1252 4675 Ἐπεὶ
1285 4623 1379 4675 οὑν
1420 4623 1593 4675 ταῦτα
1639 4624 1874 4692 παρελο-

295 4703 535 4771 γίσαντο,
569 4710 665 4761 καὶ
701 4712 841 4779 μετὰ
868 4714 968 4783 τὴν
1017 4714 1227 4766 ἐκείνου
1256 4714 1516 4786 τελευτὴν
1555 4715 1873 4786 ὑπέστησαν

296 4795 393 4866 τὴν
416 4799 504 4852 διὰ
533 4801 630 4853 τοῦ
683 4802 843 4871 λιμοῦ
898 4805 1172 4870 παιδείαν,
1207 4807 1452 4860 διδάσκει
1504 4806 1597 4859 οὖν
1646 4809 1793 4877 ἡμᾶς
1845 4809 1874 4860 6

302 4890 452 4955 λόγος
484 4893 560 4964 μὴ
591 4896 958 4965 παραϐαίνειν
988 4901 1086 4961 τὰς
1111 4901 1203 4951 ἐπὶ
1230 4900 1366 4954 Θεοῦ
1416 4902 1718 4971 γενομένας
1750 4900 1871 4970 μεθ’

1982 3704 2361 3758 ntaledictione
2390 3705 2569 3770 eritis,
2600 3714 2654 3759 et
2696 3720 2805 3760 non
2837 3707 3053 3763 deﬁciet
3073 3710 3138 3764 de
3168 3711 3337 3779 stirpe
3375 3727 3551 3768 vesm

1979 3795 2122 3863 ligna
2157 3798 2393 3863 caedetis,
2445 3813 2729 3868 aquasque
2776 3812 3126 3870 comportans
3175 3805 3306 3858 Inibi
3347 3816 3400 3860 et
3441 3799 3555 3862 but)

1978 3901 2118 3940 meo.
2153 3906 2172 3939 ι
2198 3918 2264 3929 --
2285 3887 2672 3960 «Decrevitque
2701 3889 2869 3947 Josue
2900 3892 2955 3945 in
2992 3892 3083 3946 illo
3107 3893 3192 3947 die
3225 3909 3321 3949 eos
3351 3911 3469 3950 esse
3500 3899 3555 3952 in

1979 3977 2284 4032 ministerio
2332 3981 2513 4035 cuncti
2555 3982 2762 4051 populi,
2811 3992 2865 4036 et
2911 3984 3103 4038 altaris
3154 3984 3393 4041 Domini.
3436 4005 3455 4038 ι
3485 4016 3556 4027 —-

1984 4089 2002 4122 ι
2034 4070 2161 4125 Ideo
2218 4072 2346 4126 facti
2377 4085 2505 4128 sunt
2536 4074 2844 4130 habitantes
2870 4075 3052 4131 Gabaa
3089 4076 3237 4146 ligna
3283 4080 3551 4135 caedentes

1977 4168 2033 4215 et
2072 4176 2245 4229 aquas
2278 4173 2683 4232 comportantes
2721 4167 2775 4218 in
2807 4167 3116 4220 ministerio
3149 4168 3331 4220 cuncti
3368 4172 3549 4237 populi

1978 4262 2031 4306 et
2062 4253 2252 4307 altaris
2280 4252 2499 4308 Domini
2528 4269 2700 4323 usque
2729 4256 2782 4309 in
2816 4271 3059 4325 praesens
3090 4266 3305 4326 tempus
3338 4260 3389 4311 in
3433 4260 3553 4312 loro

1982 4361 2144 4414 quem
2185 4346 2445 4402 Dominus
2488 4347 2745 4416 elegerat.
2804 4367 2823 4400 ι
2863 4346 2918 4400 Si
2949 4363 3082 4417 ergo
3109 4348 3203 4419 qui
3229 4350 3308 4405 sic
3336 4366 3432 4405 eos
3457 4352 3550 4405 de-

1977 4445 2239 4503 ceperunt
2272 4433 2414 4489 fatue
2444 4437 2615 4504 puniti
2641 4444 2769 4490 sunt
2799 4445 2923 4506 post
2947 4434 3125 4492 Saulis
3152 4438 3337 4505 linem,
3377 4440 3556 4494 disca-

1979 4543 2100 4580 mus
2128 4527 2251 4581 inde
2282 4542 2390 4581 non
2428 4528 2727 4597 transgredi
2756 4538 2911 4598 pacta
2940 4524 3065 4584 cum
3106 4530 3421 4600 juramento
3462 4531 3556 4587 loe-

1976 4620 2104 4673 dera
2141 4636 2264 4674 cum
2311 4620 2441 4687 Deo,
2473 4621 2575 4677 etsi
2619 4624 2734 4677 haec
2763 4623 2989 4678 violatio
3019 4625 3277 4694 prodesse
3306 4626 3555 4679 videatur

1976 4715 2119 4769 aliis.
2142 4712 2405 4769 Nesciens
2434 4716 2600 4768 David
2634 4731 2855 4771 causam
2888 4717 2980 4771 irae
3007 4719 3245 4773 caelestis
3277 4726 3330 4772 et
3356 4718 3555 4771 miser-

1978 4808 2129 4863 rimae
2158 4806 2323 4862 famis
2360 4808 2718 4878 interrogavit
2747 4810 3061 4876 Dominum,
3083 4811 3378 4878 auditoque
3409 4809 3552 4877 quod

1977 4900 2197 4971 iniustae
2253 4901 2417 4956 caedis
2444 4900 2877 4957 Gabaonitarum
2906 4918 3095 4972 pinnas
3118 4902 3330 4965 darent,
3369 4900 3553 4969 inique

300 4979 471 5048 ὅρκων
506 4986 806 5056 συνθήκας,
862 4991 967 5042 κᾶν
998 4992 1080 5055 εἰς
1112 4992 1289 5046 ἄλλων
1321 4994 1592 5063 ὠφέλειαν
1617 4998 1651 5067 η
1687 4996 1870 5067 παρά-

1984 4994 2136 5050 Iaesos
2172 5004 2339 5051 testes
2373 4995 2588 5049 vocavit
2613 4995 2803 5050 dicens
2839 5012 2852 5047 :
2894 5013 2911 5046 ι
2953 4993 3095 5058 Quid
3135 4992 3331 5047 faciam
3372 4992 3552 5054 vobis,

303 5071 453 5138 ϐασις
486 5080 703 5150 γίνηται
733 5083 799 5136 ⁸³.
846 5084 1084 5153 Ἀγνοῶν
1123 5087 1179 5140 δὲ
1216 5086 1311 5157 τὴν
1356 5089 1538 5143 αἰτίαν
1575 5090 1737 5160 128
1769 5091 1868 5159 τῆς

1975 5096 2031 5143 et
2060 5088 2203 5159 quod
2222 5088 2325 5142 erit
2344 5098 2585 5143 vestrum
2609 5087 2920 5158 piaculum?
2944 5106 2963 5139 ι
2990 5086 3359 5155 Dixerunlque
3380 5086 3427 5139 ei
3446 5083 3553 5139 Ga-

1488 5250 1691 5311 Varize
1728 5251 2037 5315 lectiones
2083 5260 2144 5315 et
2186 5261 2376 5317 noue.

374 5388 415 5420 ⁶⁹
438 5408 524 5443 τετ

532 5392 1386 5468 ρακόσιαιὲϐδομήκονταινατ.
1438 5405 1490 5466 φ’
1547 5416 1600 5468 χ.
1640 5400 1682 5453 ιι
1735 5400 1885 5455 Sam.

305 5455 499 5541 9.3%";
532 5455 853 5541 199L549:
900 5455 952 5499 "-
979 5455 1021 5520 li
1054 5469 1206 5541 Sam.
1245 5485 1395 5532 xxrv,
1427 5455 1609 5522 {24°}.
1644 5472 1734 5541 *7“
1762 5471 1878 5537 θερι

1984 5472 2024 5524 μῦ
2059 5473 2147 5525 15.

306 5529 711 5606 ιευλθσιδϋβ.
808 5536 857 5567 ’⁸
907 5540 1198 5606 πατραλὺα
1257 5529 1446 5593 codex.

302 5668 510 5742 ’Ἴδη-ν.
544 5668 961 5743 ὖὸίΛςι-ὖῦῦΛ.
1041 5680 1086 5711 ⁸³
1120 5668 1252 5736 Nota
1281 5668 1487 5749 γίνεται
1508 5668 1646 5736 ὐυιί.

2904 5402 2949 5435 ⁷⁸
2983 5402 3029 5455 ll
3071 5400 3219 5454 Sam.
3270 5416 3416 5459 xxiv,
3457 5400 3548 5456 40.

2014 5404 2061 5434 ’⁵
2091 5403 2107 5456 l
2138 5402 2384 5467 Parant,
2416 5404 2449 5455 6
2482 5402 2801 5471 κατίσχυσε.
2904 5402 2949 5435 ⁷⁸
2983 5402 3029 5455 ll
3071 5402 3219 5454 Sam.
3270 5416 3416 5459 xxiv,
3457 5402 3523 5454 40

2014 5473 2147 5525 HS.
2241 5473 2286 5505 ⁷⁸
2311 5471 2481 5525 ὥρας.
2587 5473 2630 5503 ⁷⁸
2672 5472 2713 5525 ll
2765 5474 2916 5525 Sam.
2958 5487 3107 5525 xxiv.
3166 5471 3255 5524 ‘25.
3349 5472 3392 5503 "
3418 5471 3523 5525 (ἔα-(Ι

3462 5492 3548 5526 t'tl.

2241 5473 2286 5505 ⁷⁵
2311 5471 2481 5542 ὥρας.
2587 5473 2630 5503 ⁷⁸
2672 5472 2713 5525 ll
2765 5474 2916 5525 Sam.
2958 5487 3107 5529 xxiv,
3166 5471 3255 5524 25.

1574 5541 1619 5571 "
1642 5539 1878 5594 Theodm

2028 5542 2228 5607 Quaast.
2294 5539 2526 5596 in'Gen.
2564 5558 2689 5595 Lvm
2736 5544 2800 5595 Ἢ
2832 5542 2888 5594 δὲ
2930 5543 3021 5594 τοῦ
3066 5544 3287 5595 Χαναὰν
3338 5541 3549 5595 δουλεία

304 5603 357 5674 ἓν
411 5606 521 5666 τοίς
588 5606 955 5670 Ιάϐαωνίταις
985 5603 1046 5663 τὸ
1076 5610 1227 5673 τέλος
1282 5610 1518 5674 ἐδέξατο,
1554 5612 1607 5663 in
1657 5612 1771 5667 Jos.
1811 5612 1873 5664 12

1984 5603 2071 5667 en.
2110 5628 2185 5673 Ili,
2217 5613 2310 5667 '25.

2415 5611 2707 5679 “105.”,
2741 5614 2832 5666 25.
2941 5616 2983 5644 "
3015 5610 3075 5668 οὗ
3128 5614 3195 5667 ἂν
3243 5614 3380 5680 ἐξελ.
3423 5617 3546 5668 cod.
