4048 6212
334 278 447 340 2·ίῦ

1549 303 2019 373 CHRONICON.
2059 338 2128 352 -
2170 319 2315 381 LIB.
2359 322 2436 381 II.

3513 339 3615 399 936

337 392 484 508 atﬁp
532 393 837 501 ἡγούμενος
863 400 946 502 ,ἐν
1007 404 1241 476 Ἰσραήλ.
1298 427 1315 460 ι
1364 408 1493 463 Ἐὰν
1541 413 1597 465 δὲ
1643 416 1921 489 ἀποστρα-

2032 428 2235 486 feretur
2268 434 2350 488 vir
2378 434 2444 489 de
2483 452 2677 505 genere
2708 448 2798 493 tuo
2830 441 2897 495 de
2936 444 3075 498 solio
3123 446 3304 504 lsrael.
3354 451 3407 505 Si
3441 464 3621 508 autem

342 484 541 553 φέντες
566 488 959 561 ἀποστραφῆτε
1011 496 1169 563 ὑμεῖς
1202 501 1295 554 καὶ
1336 503 1404 556 τὰ
1445 504 1613 558 τέκνα
1644 507 1799 575 ὑμῶν
1822 484 1925 563 an’

341 576 504 644 ἐμοῦ.
541 580 744 650 καὶμὴ
791 582 1066 657 φυλάξητε
1101 592 1199 653 τὰς
1246 593 1465 658 ἐντολάς
1512 614 1638 667 μου,
1682 601 1779 653 καὶ
1828 619 1923 655 που

343 668 595 737 ρευθῆτε,
632 673 726 724 καὶ
764 674 1091 747 δουλεύσητε
1129 680 1270 745 θεοῖς
1310 685 1520 756 ἑτέροις
1550 690 1644 740 καὶ
1680 708 1922 759 προσκυ-

339 761 544 854 vigent:
589 764 800 827 αὐτοῖς,
822 767 1005 837 ἔξαρῶ
1045 772 1137 825 τὸν
1188 774 1408 847 Ἰσραὴλ
1439 780 1548 831 ἀπὸ
1572 781 1671 850 τῆς
1700 783 1825 852 γῆς,
1858 777 1925 854 ἧς

337 850 518 903 ἔδωκα
570 854 743 925 αὐτῷ,
780 857 876 908 καὶ
935 858 1027 912 τὸν
1080 857 1231 917 οἷκον
1282 865 1491 933 τοῦτον,
1536 870 1594 922 δν
1626 850 1831 941 ἡγίασα
1864 850 1922 925 ἐν

336 942 569 1032 όνόματί
599 961 727 1013 μου,
760 949 1051 1021 ἀπορρίψω
1107 955 1215 1008 ἀπὸ
1278 958 1573 1029 προσώπου
1626 981 1752 1032 μου.
1814 966 1925 1018 Καὶ

337 1031 495 1086 [arat
540 1035 756 1108 Ἰσραὴλ
786 1041 870 1103 είς
904 1042 1213 1115 ἀφανισμὸν
1252 1051 1345 1103 καὶ
1378 1053 1459 1115 είς
1489 1052 1711 1124 λάλημα
1745 1057 1826 1119 είς
1856 1058 1924 1111 τὰ

339 1124 467 1195 ιθνη
517 1128 698 1182 πάντα
723 1147 737 1162 ·
773 1132 869 1185 καὶ
898 1134 926 1186 ό
966 1129 1115 1200 οἶκος
1153 1133 1310 1204 οὗτος
1351 1141 1379 1194 ὀ
1428 1144 1631 1214 ὑψηλὸς
1676 1148 1772 1200 καὶ
1822 1150 1923 1217 μέ-

339 1233 465 1285 γας,
502 1218 656 1273 ἔσται
689 1225 800 1286 πᾶς
822 1227 849 1277 ό
880 1225 1341 1302 διαπορευόμενος
1372 1234 1443 1287 δι’
1481 1237 1669 1301 αὐτοῦ,
1714 1240 1925 1311 Eucti}—

338 1325 495 1363 σεται
524 1310 618 1365 καὶ
670 1319 871 1384 συριεῖ,
900 1320 993 1371 καὶ
1034 1322 1291 1393 ὲροῦσινο
1341 1346 1358 1377 ι
1408 1328 1550 1381 Ἀνθ’
1577 1322 1652 1382 ὧν
1696 1310 1926 1398 ἐγκατέ-

333 1401 496 1455 λιπον
534 1404 743 1475 Κύριον
776 1408 868 1460 τὸν
891 1410 1025 1464 Θεὸν
1061 1414 1241 1468 αὐτῶν
1278 1418 1371 1471 καὶ
1395 1420 1752 1476 ἀντελάϐοντο
1784 1423 1925 1477 θεῶν

334 1493 661 1563 ἀλλοτρίων,
691 1497 780 1552 διὰ
820 1501 979 1555 τοῦτο
1018 1505 1270 1578 ἐπήγαγε
1326 1511 1533 1581 Κύριος
1575 1516 1674 1584 τὴν
1722 1516 1924 1571 κακίαν

331 1587 564 1656 ταύτην.
606 1607 628 1641 ι

407 1680 525 1750 (18)
560 1682 666 1735 Τὸν
718 1684 904 1754 μέντοι
939 1689 1068 1743 ναὸν
1093 1693 1121 1744 ό
1158 1693 1413 1766 Σολομὼν
1461 1699 1629 1768 μέσον
1672 1703 1772 1771 τῆς
1830 1703 1924 1754 πό⁴

2028 525 2297 581 obstinate
2350 530 2525 583 aversi
2594 528 2802 589 fueritis
2862 550 2955 589 vos
2998 548 3051 590 et
3116 538 3208 593 filii
3274 546 3455 608 vestri,
3512 564 3617 601 non

2030 619 2413 685 custodientes,
2447 621 2699 677 mandata
2738 639 2876 689 mea,
2902 627 2998 682 sed
3047 630 3288 687 abieritis
3345 633 3413 703 et:
3437 635 3620 692 colue-

2031 708 2150 763 ritis
2201 709 2333 765 deos
2389 710 2596 767 alienos
2667 723 2720 768 et
2772 715 3127 774 adoraveritis
3178 736 3308 785 eos,
3369 724 3612 782 auferam

2030 798 2192 854 Israel
2272 801 2339 855 de
2407 804 2693 872 superficie
2758 816 2916 863 terra:
2989 825 3151 879 quam
3219 812 3338 868 dedi
3404 817 3504 879 eis.
3562 836 3618 883 (ιι

2029 892 2287 961 templum
2338 895 2481 962 quod
2546 896 2877 952 sanctillcavi
2940 901 3147 955 nomini
3211 918 3370 971 meo,
3438 910 3610 978 proji-

2028 985 2165 1037 ciam
2225 1001 2253 1039 a
2310 999 2605 1056 conspectu
2672 1005 2793 1044 meo
2848 990 3065 1061 eritque
3112 991 3277 1049 Israel
3349 996 3403 1050 in
3484 1012 3617 1066 pro-

2028 1075 2275 1131 verbium
2330 1080 2463 1132 etin
2495 1078 2735 1135 fabulam
2789 1083 3002 1138 cunctis
3029 1084 3268 1153 populis.
3326 1083 3391 1140 Et
3418 1087 3613 1141 domus

2028 1168 2141 1223 ha‘c
2166 1170 2270 1225 erit
2313 1171 2364 1224 in
2432 1174 2740 1241 exemplum
2779 1191 2792 1237 ;
2842 1176 3020 1230 omnis
3068 1177 3160 1246 qtti
3212 1177 3489 1232 transierit
3520 1193 3615 1249 per

2026 1276 2145 1315 eam
2181 1263 2422 1331 stupebit
2472 1275 2525 1318 et
2563 1265 2802 1319 sibilahit
2846 1276 2900 1320 et
2962 1268 3103 1321 dicet
3137 1288 3148 1321 :
3189 1287 3206 1320 ι
3237 1268 3375 1334 Quia
3422 1268 3615 1324 dereli-

2027 1353 2566 1422 queruntDominum
2614 1357 2779 1412 Deum
2817 1376 3001 1422 suum,
3037 1368 3089 1413 et
3121 1361 3292 1416 secuti
3323 1372 3451 1418 sunt
3483 1364 3613 1419 deos

2027 1445 2253 1507 alienos,
2298 1447 2501 1501 idcirco
2541 1449 2751 1503 induxit
2807 1449 3068 1505 Dominus
3128 1467 3295 1522 super
3332 1468 3426 1510 eos
3451 1470 3612 1509 omne

2028 1536 2227 1589 malum
2285 1538 2407 1591 hoc.
2444 1557 2461 1588 ι
2516 1603 2525 1612 _

2100 1690 2447 1747 Editieutum
2507 1703 2590 1747 est
2630 1695 2886 1762 templum
2932 1695 2986 1748 in
3038 1696 3219 1750 medio
3270 1698 3455 1765 urbis;
3487 1700 3613 1754 dor.

332 1769 471 1833 λεώς
502 1772 832 1843 δειμάμενος
860 1779 909 1811 ⁸⁸
940 1781 1082 1834 κατὰ
1117 1782 1288 1837 νῶτον
1315 1790 1701 1859 τετραμμένον
1728 1769 1825 1845 καὶ
1860 1792 1921 1846 τὰ

2030 1799 2150 1839 sum
2188 1793 2241 1835 et
2283 1783 2581 1853 posteriora
2627 1785 2747 1853 ejus
2805 1800 2993 1840 versus
3060 1788 3386 1856 Aquilonem
3434 1801 3610 1854 erant,

332 1861 560 1955 δπισθεν
621 1868 758 1934 πρὸς
820 1869 1028 1944 βορρᾶν
1099 1874 1325 1946 ἔχοντα,
1383 1880 1571 1952 λιθίνῳ
1648 1883 1921 1955 περιϐόλῳ

2031 1875 2310 1945 cinxitque
2376 1875 2503 1928 illud
2584 1874 2840 1929 Salomon
2901 1890 3059 1930 muro
3130 1878 3360 1945 lapideo.
3408 1876 3607 1935 Urbem

333 1953 526 2007 ⁴τοῦτον
565 1958 883 2014 συνέκλεισε
911 1963 981 2016 ⁸⁸.
1020 1964 1132 2035 (l9)
1178 1966 1289 2037 Τὴν
1333 1969 1392 2023 δὲ
1444 1970 1600 2024 πόλιν
1660 1953 1921 2044 μεγίστην

2030 1964 2324 2018 maximam
2354 1973 2408 2018 et
2475 1963 2900 2033 pulcherrimam
2961 1968 3267 2022 construxit
3338 1970 3612 2040 lapidibus

333 2046 430 2098 καὶ
482 2048 787 2121 περικαλλῆ
840 2058 1177 2125 καταρτίσας
1232 2060 1297 2112 ὲκ
1346 2061 1512 2116 λίθων
1572 2064 1783 2118 λευκῶν
1833 2067 1921 2119 καὶ

2028 2055 2188 2119 albis,
2224 2066 2500 2125 totamque
2539 2058 2754 2126 planam
2797 2058 3000 2113 eﬂ‘ecit.
3069 2059 3431 2117 Perimetrum
3483 2063 3610 2118 fecit

330 2139 463 2210 ὅλην
500 2142 903 2212 καταστρώσας
932 2147 1092 2218 138
1129 2150 1225 2201 καὶ
1275 2151 1336 2204 τὸ
1383 2152 1720 2225 περίμετρον
1751 2157 1924 2226 αὐτῆς

332 2234 568 2303 ποιήσας
598 2237 709 2289 ἀπὸ
737 2237 956 2307 τείχους
984 2241 1064 2303 είς
1090 2244 1293 2313 τεῖχος,
1322 2246 1529 2313 μεταξὺ
1553 2247 1614 2301 τδ
1642 2248 1921 2318 διάστημα

329 2325 569 2392 ιχουσαν
634 2328 827 2381 στάδια
890 2328 978 2399 μ’,
1035 2331 1188 2399 μίλια
1241 2332 1301 2397 ἒξ
1350 2334 1555 2403 ἣμισυ,
1612 2336 1921 2389 δυσάλωτον

324 2415 539 2487 ταύτην
589 2419 855 2477 πάντοθεν
900 2422 1307 2477 κατεσκεύασε.
1366 2426 1747 2497 Περιτειχίσας
1808 2428 1921 2498 γὰρ

322 2509 505 2581 αὐτὴν
538 2513 687 2581 τρισὶ
739 2513 948 2583 τείχεσι
987 2516 1080 2569 καὶ
1125 2516 1399 2587 φάραγξιν
1446 2519 1845 2590 ἀπερρογυίαις
1871 2523 1915 2554 ⁸⁷

323 2604 679 2674 κατάρρυτον
751 2604 944 2660 ὕδασιν
998 2608 1127 2677 ὅλην
1164 2610 1447 2679 ἐποίησεν,
1500 2609 1643 2664 ὥστε
1703 2614 1766 2666 ἐκ
1816 2614 1916 2683 τῆς

324 2694 637 2765 ἀπορροίας
702 2697 828 2760 τοὺς
901 2699 1111 2768 κήπους
1180 2700 1361 2753 αὐτῶν
1441 2702 1914 2773 καταρδεύεσθαι·

325 2786 536 2849 (ἔκειτο
578 2786 688 2855 γὰρ
735 2789 768 2859 η
823 2789 981 2853 πόλις
1038 2790 1131 2843 ἐπὶ
1189 2789 1467 2863 μετεώρου
1526 2794 1620 2846 καὶ
1666 2793 1916 2864 τραχέως

320 2879 519 2943 τόπου,
546 2882 607 2933 ὲν
634 2873 679 2947 ᾧ
709 2880 925 2951 ὑπῆρχε
961 2883 1112 2952 πηγή
1158 2898 1243 2945 τις
1290 2882 1633 2953 πολύῤῥυτος
1673 2884 1917 2947 ἀεννόιως

322 2971 687 3042 ιπιρῤέουσα.
721 2972 901 3026 Πολλὰ
953 2973 1011 3026 δὲ
1065 2975 1157 3027 καὶ
1206 2974 1342 3028 ἄλλα
1395 2974 1566 3028 ὕδατα
1618 2974 1815 3046 ἔϐρυον
1856 2977 1915 3029 ὲν

323 3063 467 3133 αὐτῇ
499 3064 709 3132 πότιμα
737 3062 880 3135 [καὶ]
923 3063 1290 3132 ἀδιάλειπτα).
1322 3065 1436 3135 (20)
1479 3066 1539 3117 Ὀ
1576 3063 1631 3117 δέ
1675 3082 1739 3133 γε
1776 3064 1916 3135 λαμ·
1943 3116 1986 3174 C

325 3154 467 3223 πρὸς
493 3154 590 3206 καὶ
621 3156 972 3224 περιώνυμος
1015 3154 1142 3219 ναὸς
1196 3156 1426 3219 ὲκείνος,
1460 3154 1793 3222 ἀξιάγαστος
1841 3155 1916 3210 ὢν

325 3245 548 3316 ἀληθῶς
600 3248 693 3298 καὶ
731 3246 1015 3317 περίδοξος
1064 3248 1208 3301 πάνυ
1273 3248 1371 3301 καὶ
1419 3250 1517 3317 τῆς
1571 3247 1916 3318 Σολομῶντος

328 3339 525 3407 σοφίας
561 3339 817 3408 ἐνάρετος
854 3338 1055 3409 κήρυξ,
1096 3338 1302 3409 μᾶλλον
1355 3339 1414 3392 δὲ
1461 3338 1559 3392 τοῦ
1617 3356 1917 3410 προστετα-

329 3429 490 3499 χότος
522 3426 910 3500 γενεσιουργοῦ
960 3432 1177 3487 πάντων
1221 3430 1357 3484 Θεοῦ
1414 3429 1510 3485 καὶ
1542 3433 1915 3503 συνεργήσαν-

327 3538 445 3584 τος.
491 3520 567 3574 Οὐ
621 3523 732 3590 γὰρ
778 3522 973 3589 γέγονε
1037 3521 1280 3586 τοιοῦτος
1326 3522 1451 3585 ναὸς
1500 3522 1595 3574 ἐπὶ
1638 3521 1739 3591 τῆς
1790 3522 1911 3592 γῆς,

326 3610 449 3664 ὅθεν
470 3611 565 3664 καὶ
609 3610 855 3664 Ἰουδαῖοι
894 3610 986 3665 ἐπὶ
1031 3615 1096 3684 τῇ
1156 3610 1540 3682 μεγαλουργίᾳ
1587 3610 1779 3665 τούτου
1822 3611 1916 3664 καὶ

331 3698 624 3771 πολυολᾶα
673 3704 1061 3773 σεμνυνόμενοι
1110 3703 1341 3773 ἔλεγον*
1402 3722 1419 3755 t
1479 3702 1626 3765 Ναὸς
1684 3702 1912 3771 Κυρίου,

328 3794 451 3856 ναὸς
481 3794 717 3864 Κυρίου,
764 3795 893 3859 ναὸς
928 3796 1157 3866 Κυρίου.
1199 3816 1216 3850 ι
1248 3798 1356 3850 Καὶ
1383 3796 1491 3867 γὰρ
1524 3798 1551 3849 ό
1577 3795 1915 3865 διαταξάμε-

330 3903 413 3947 νος
440 3887 734 3941 ἐκέλευσεν
765 3886 927 3941 αὐτὸν
973 3889 1114 3959 μετὰ
1156 3889 1472 3958 φιλοτιμίας
1504 3888 1759 3957 γενέσθαι
1786 3887 1917 3942 πολ-

329 3979 444 4047 λῆς,
488 3980 682 4049 ἔπειδὴ
711 3981 957 4033 κάκεῖνοι
988 3983 1101 4044 τοῖς
1132 3983 1468 4052 σωματικοῖς
1497 3982 1699 4051 μᾶλλον
1733 3978 1914 4049 ἐφείλο

330 4087 486 4124 ιοντο
543 4074 640 4125 καὶ
704 4072 989 4141 ὲφέποντο.
1042 4074 1150 4126 Καὶ
1204 4074 1305 4126 οὐκ
1360 4076 1416 4125 ἐν
1472 4072 1680 4135 τούτοις
1747 4072 1911 4141 μόνον

2026 2162 2055 2201 a
2108 2162 2265 2201 muro
2310 2148 2376 2201 ad
2418 2162 2660 2214 murum,
2719 2151 3067 2222 spatiumque
3100 2163 3218 2208 erat
3250 2154 3609 2225 quadraginta

2026 2239 2349 2302 stadiorum,
2377 2251 2435 2294 et
2480 2256 2547 2294 ex
2604 2242 2755 2295 omni
2812 2253 2962 2312 parte
3010 2243 3246 2300 diliieilis
3294 2258 3606 2318 expugnatu

2023 2332 2248 2385 omnino
2292 2342 2413 2386 erat
2474 2333 2686 2388 civitas.
2728 2331 2954 2404 Triplici
2996 2335 3141 2391 enim
3177 2352 3337 2393 muro
3374 2339 3610 2394 circum-

2021 2422 2193 2476 einxit
2230 2436 2373 2487 eam,
2426 2422 2821 2495 profundisque
2856 2425 3031 2482 foveis
3069 2428 3344 2484 excavatis
3364 2430 3604 2500 perviam

2021 2514 2175 2581 aquis
2199 2522 2367 2566 totam
2418 2514 2671 2578 reddidit,
2742 2518 2814 2571 ita
2884 2525 3024 2573 utet
3096 2517 3199 2588 ipsi
3252 2518 3395 2572 horti
3446 2520 3606 2588 aquis

2020 2601 2317 2659 liuentibus
2388 2605 2771 2676 irrigarentur.
2844 2606 3075 2663 Sedebat
3109 2609 3305 2664 civitas
3357 2609 3414 2664 in
3485 2609 3605 2664 loco

2020 2696 2238 2749 excelso
2280 2696 2540 2766 adituque
2570 2697 2795 2759 difﬁcili,
2828 2698 2880 2752 in
2905 2713 3015 2768 quo
3033 2699 3291 2756 eratfons
3318 2700 3603 2757 abundans

2020 2798 2235 2852 semper
2268 2783 2466 2843 ﬂuens.
2500 2785 2651 2841 Multi
2684 2787 2773 2840 alii
2812 2786 2989 2843 fontes
3042 2805 3276 2858 quorum
3324 2805 3480 2860 aqua:
3503 2805 3601 2861 po-

2021 2874 2213 2929 tabiles
2244 2884 2297 2929 et
2348 2876 2719 2934 indeﬁcientes
2778 2889 2956 2947 erant,
3012 2882 3065 2936 in
3112 2882 3244 2938 urbe
3298 2884 3599 2940 scatehant.

2019 2965 2302 3037 Templum
2349 2982 2479 3021 vero
2514 2968 2615 3024 hoc
2656 2971 2861 3023 clarum
2897 2968 3296 3042 famosumque,
3355 2973 3605 3029 mirabile

2019 3067 2073 3113 et
2114 3074 2247 3114 sane
2312 3060 2573 3129 inclytum
2652 3061 2933 3131 sapientiae
3003 3060 3311 3118 Salomonis
3366 3064 3602 3120 eximius

2019 3162 2137 3207 erat
2167 3169 2364 3224 praet-0,
2420 3154 2718 3224 praesertim
2760 3168 2889 3208 vero
2947 3156 3226 3223 sapientiae
3281 3155 3458 3219 illius,
3506 3157 3629 3226 qui.

2021 3250 2168 3319 prior
2208 3249 2337 3304 illud
2389 3249 2758 3313 ordinaverat,
2792 3249 3177 3306 universorum
3209 3249 3603 3306 scilicet.Crea-

2021 3340 2154 3395 toris
2183 3343 2275 3410 qui
2310 3340 2647 3396 aedificantes
2697 3341 3003 3409 adjuverat.
3081 3339 3199 3395 Non
3245 3342 3393 3394 enim
3419 3341 3603 3398 simile

2020 3428 2124 3485 fuit
2165 3431 2424 3500 templum
2462 3446 2625 3500 super
2680 3439 2906 3495 terram,
2977 3432 3120 3485 unde
3165 3429 3338 3486 Judaei
3391 3430 3456 3485 de
3485 3433 3625 3502 ejus.

2021 3521 2421 3590 magnificentia
2476 3532 2531 3576 et
2592 3522 2877 3592 majestate
2946 3522 3243 3594 gloriantes
3301 3522 3601 3579 dicebant:

2025 3611 2355 3683 «Templum
2429 3614 2668 3680 Domini,
2726 3614 2987 3683 templum
3030 3613 3268 3678 Domini,
3342 3616 3602 3685 templum

2019 3701 2268 3758 Domini!
2313 3724 2331 3756 ι
2376 3704 2626 3759 iusserat
2688 3702 2953 3759 Dominus
3011 3704 3271 3774 templum
3321 3705 3425 3760 hoc
3487 3704 3603 3760 fieri

2018 3815 2140 3853 cum
2184 3798 2611 3867 magnificentia,
2641 3798 2771 3867 quia
2833 3794 3005 3851 Judaei
3060 3797 3181 3868 plus
3229 3812 3387 3865 aequo
3444 3798 3605 3853 rebus

2018 3889 2415 3958 temporalibus
2447 3887 2821 3942 adlnerebant.
2857 3885 2976 3941 Non
3019 3896 3198 3939 autem
3227 3886 3281 3939 in
3326 3885 3427 3939 ista
3487 3883 3603 3939 sola

2018 3979 2418 4052 magnificentia
2476 3980 2577 4035 sita
2604 3988 2722 4034 erat
2744 3978 2865 4049 ejus
2913 3978 3105 4049 gloria,
3160 3976 3250 4031 sed
3309 3975 3435 4030 inde
3472 3990 3602 4044 pro-

2031 4076 2279 4129 veniebat
2325 4073 2468 4143 quod
2508 4074 2687 4129 solum
2744 4078 2891 4127 esset
2954 4071 3006 4124 in
3045 4069 3250 4123 mundo
3304 4069 3602 4133 universo;

332 4166 527 4233 σεμνὸς
568 4160 660 4234 ἦν,
695 4165 832 4218 ἀλλὰ
866 4166 961 4217 καὶ
1000 4167 1056 4217 ὲν
1093 4167 1171 4235 τῷ
1218 4159 1360 4218 εἶναι
1393 4166 1486 4218 καὶ
1534 4166 1698 4235 μόνον
1742 4168 1800 4218 ὲν
1830 4164 1911 4235 τῷ

2023 4169 2081 4221 ad
2114 4167 2243 4221 illud
2283 4166 2445 4220 enim.
2481 4164 2769 4219 veniebant
2816 4162 2985 4216 Judaei
3022 4177 3052 4215 a
3094 4161 3294 4215 finibus
3336 4168 3522 4224 terrae,
3547 4168 3603 4213 et

329 4256 556 4324 ῶαμῳ·
589 4258 639 4308 oi.
686 4256 795 4327 γὰρ
849 4255 994 4326 (531))
1026 4255 1135 4310 ἀπὸ
1184 4255 1293 4309 τῶν
1348 4258 1604 4326 περὰτων
1654 4256 1754 4324 τῆς
1803 4256 1906 4324 γῆς

2023 4258 2311 4329 pmsertim
2357 4259 2409 4311 in
2438 4256 2774 4324 temporibus
2824 4253 3178 4319 novissimis;
3214 4250 3358 4322 quod
3394 4250 3605 4303 indicat

328 4349 507 4401 {nias
557 4348 788 4418 ἤρχοντο
821 4351 915 4401 καὶ
966 4348 1213 4419 μάλιστα
1249 4348 1391 4418 μετὰ
1430 4349 1558 4411 τοὺς
1606 4350 1907 4418 μετέπειτα

2023 4346 2194 4402 Lucas
2230 4347 2284 4401 in
2311 4346 2531 4400 Actibus
2585 4343 2955 4412 apostolorum
3003 4342 3191 4395 dicens
3223 4358 3235 4395 :
3267 4357 3284 4391 ι
3321 4337 3488 4392 Erant
3527 4337 3599 4392 ibi

326 4442 554 4511 χρόνους
580 4456 591 4469 ·
628 4442 721 4493 καὶ
752 4439 907 4494 τοῦτο
936 4440 1111 4511 δηλῶν
1144 4442 1174 4494 δ
1214 4440 1425 4504 Λουκᾶς
1455 4443 1512 4494 ὲν
1545 4444 1663 4503 ταῖς
1692 4439 1904 4508 Πράξεο

2023 4439 2201 4494 Parthi
2239 4448 2292 4491 et
2338 4436 2472 4492 Medi
2530 4445 2585 4489 et
2636 4434 2905 4496 Elamitze,
2952 4441 3008 4489 et
3059 4433 3152 4502 qui
3192 4432 3439 4488 habitant
3487 4429 3602 4486 Me-

327 4550 412 4584 σιν
449 4534 635 4601 ἔλεγεν
669 4533 735 4587 ’⁸.
770 4552 788 4584 ι
827 4528 1010 4586 Ἦσαν
1046 4536 1161 4587 ἐκεῖ
1192 4531 1419 4604 Πάρθοι,
1464 4534 1556 4585 καὶ
1592 4531 1788 4601 Μῆδοι,
1815 4532 1910 4585 καὶ

2023 4528 2396 4599 sopotamiam,
2451 4523 2694 4579 Iudaeam
2757 4533 2809 4579 et
2881 4521 3304 4593 Cappadociam,
3362 4520 3595 4576 Pontum

335 4624 663 4691 ’Elapttat,
728 4623 824 4678 καὶ
879 4625 928 4677 oi
997 4623 1378 4687 κατοικοῦντες
1446 4622 1907 4692 Μεσοποταμίαν,

2023 4630 2064 4677 at
2110 4620 2317 4684 Asiam,
2376 4618 2662 4689 Phrygiam
2696 4626 2749 4673 et
2779 4614 3171 4687 Pamphyliam,
3223 4614 3518 4687 [Egyptum
3542 4625 3597 4669 et

334 4716 601 4771 Ἰουδαὲαν
652 4735 710 4769 τε
775 4718 871 4770 καὶ
934 4718 1350 4779 Καππαδοκίαν,
1409 4717 1610 4772 Πόντον
1668 4716 1760 4771 καὶ
1811 4717 1910 4786 τὴν

2023 4725 2190 4781 )artes
2245 4712 2433 4785 Libym
2492 4728 2613 4783 qua:
2682 4720 2766 4768 est
2841 4710 2987 4767 circa
3033 4708 3325 4781 Cyrenem.
3378 4728 3396 4761 ›
3480 4705 3596 4761 Viri

334 4810 552 4872 Ἀπίαν,
578 4810 820 4880 Φρυγίαν
867 4827 925 4862 τε
976 4811 1069 4863 καὶ
1124 4809 1468 4879 Παμφυλίαν,
1499 4808 1770 4877 Αἴγυπτον
1810 4812 1905 4860 καὶ

2027 4807 2171 4878 gitur
2217 4822 2287 4861 ex
2334 4806 2483 4861 omni
2516 4815 2663 4861 terra
2717 4804 2823 4860 huc
2857 4802 3225 4865 conﬂuebant,
3280 4801 3421 4854 unde
3451 4798 3597 4854 eele»

317 4900 564 4971 τὰμέρη
597 4900 695 4969 τῆς
745 4900 951 4971 Λιϐύης
995 4902 1093 4970 τῆς
1143 4902 1282 4954 κατὰ
1330 4902 1610 4972 Κυρήνην.
1647 4919 1664 4952 ι
1715 4900 1780 4953 Οἱ
1812 4897 1905 4951 οὖν

2023 4915 2100 4955 )re
2145 4898 2374 4953 multum
2406 4908 2459 4953 et
2500 4896 2769 4953 famosum
2823 4894 3026 4951 factum
3083 4902 3167 4949 est
3225 4906 3421 4946 nomen
3460 4900 3598 4946 tem-

319 4991 605 5061 πανταχοῦ
632 4992 733 5061 τῆς
768 4992 1095 5061 οἰκουμένης
1144 4993 1260 5044 ἐκεῖ
1303 4993 1621 5060 συνήγοντο,
1658 4991 1753 5043 καὶ
1801 5006 1902 5042 πο-

2023 4993 2099 5056 )ιί,
2146 4992 2247 5047 etsi
2282 4994 2625 5047 destructum
2690 4988 2857 5043 fuerit
2944 4987 3356 5049 resediticatttm,
3419 4997 3594 5050 usque

319 5084 690 5155 λυορύλλητον
736 5085 873 5151 ἄγαν
904 5085 995 5137 καὶ
1020 5082 1305 5151 διαϐόητον
1351 5082 1619 5154 ἐτύγχανε
1650 5081 1744 5135 τοῦ
1772 5079 1901 5134 ναοῦ

2023 5084 2069 5138 td
2100 5094 2400 5139 extremam
2478 5083 2597 5151 ejus
2666 5080 2908 5133 ruinam.
2966 5076 3161 5133 Omnia
3213 5090 3334 5147 quae
3375 5074 3593 5142 collegit

317 5174 385 5227 τὸ
448 5174 642 5245 δνομα.
701 5174 822 5229 Κᾶν
884 5174 1157 5245 διαφόρως
1219 5174 1519 5245 κατελύθη,
1586 5175 1681 5228 καὶ
1737 5173 1902 5228 πάλιν

2023 5173 2267 5245 ιερὶειιιίι
2319 5170 2625 5226 Salomonis
2662 5170 2776 5224 visa
2820 5176 2948 5224 sunt
2994 5181 3153 5223 sacro
3182 5163 3429 5221 Ezechiel
3468 5174 3613 5235 post.

1557 5464 1755 5528 Varia:
1790 5462 2095 5527 lectiones
2139 5467 2198 5523 et
2241 5466 2432 5521 noue.

394 5688 439 5721 σε
467 5686 599 5755 δημ.
641 5686 762 5739 cod.
840 5686 887 5719 η
917 5682 1050 5741 (sed.
1082 5682 1400 5748 {61.15-20.
1480 5682 1522 5716 θ’
1553 5677 1895 5751 napo-(vase;

2023 5676 2051 5728 Ι.
2132 5676 2175 5707 ³³
2209 5674 2324 5729 Act.
2358 5688 2414 5739 tt,
2450 5669 2600 5738 9,l0.
