4048 6212
542 137 581 157 4

516 310 624 375 $50

1759 312 2077 375 GEORGII
2118 317 2575 379 HAMARTOLI

3669 330 3764 398 ἓθο

522 424 907 479 abundantiam
972 422 1293 486 exhausisti,
1342 432 1693 491 ventremque
1745 423 1919 491 ipsum
1987 425 2074 481 ine

2206 445 2297 479 σου
2332 430 2570 498 ματαίας
2603 430 2975 501 ἀναστροφῆς,
3027 435 3113 486 ὅτε
3150 437 3190 466 ¹¹
3229 441 3513 509 περίέρῤει
3549 442 3577 494 ὁ
3612 444 3763 497 πλοῦ-

522 514 608 566 dia
645 513 1050 579 consumpsisti.
1092 514 1354 568 lateribus
1408 514 1550 567 sicut
1596 513 1794 567 domus
1848 517 2095 571 eminen-

522 604 614 659 tiis
666 605 903 659 umbilici
953 617 1133 675 partes
1186 606 1523 661 adumbrasti
1572 617 1625 660 et
1669 617 1840 662 totum
1890 626 2093 679 corpus

520 701 670 749 tuum
735 697 1074 764 oppressisti.
1149 697 1282 751 Dum
1362 708 1501 752 totas
1562 709 1750 754 noctes
1815 699 2094 769 colloque-

518 787 655 842 reris
710 789 836 851 Deo,
898 789 1371 860 lacrymarumque
1425 791 1744 846 ﬂuminibus
1804 793 2084 846 humidam

517 880 773 950 irrigarcs
817 883 1060 937 barbam.
1099 882 1201 937 Sed
1230 885 1294 937 ad
1330 884 1458 953 quid
1494 886 1681 938 urnnia
1716 885 1941 939 dicere?
1986 884 2089 939 Re-

513 973 741 1027 cordare
784 984 916 1042 quot
956 988 1048 1028 ora
1082 985 1395 1030 sanctorum
1438 977 1626 1031 osculo
1669 978 1950 1032 osculatus
1990 994 2087 1040 es;

512 1072 645 1134 quot
677 1080 829 1119 sacra
861 1080 1088 1134 corpora
1123 1069 1408 1136 amplexus
1438 1084 1516 1133 es,
1564 1079 1698 1138 quot
1734 1080 1853 1124 tuas
1899 1085 2090 1123 manus

514 1156 657 1209 velut
686 1158 916 1211 intactas
939 1157 1211 1211 foverunt.
1242 1157 1389 1224 Quot
1415 1161 1555 1213 servi
1588 1162 1675 1213 Dei
1701 1162 1765 1215 ad
1795 1170 1884 1214 tua
1916 1177 2088 1229 genua

516 1247 898 1316 prociderunt.
926 1248 1027 1302 Sed
1055 1264 1162 1317 quo
1182 1251 1362 1302 omnia
1389 1251 1474 1303 illa
1498 1249 1797 1305 evanuere?
1818 1252 2089 1305 Adulterae

512 1340 637 1393 vitae
659 1338 800 1392 fama
824 1342 1107 1395 calumniae
1133 1344 1237 1396 telo
1270 1345 1500 1397 velocior
1523 1344 1906 1413 praetervolans
1924 1360 2086 1398 aures

515 1440 727 1484 nostras
773 1439 824 1482 et
873 1446 969 1485 cor
1020 1441 1266 1485 nostrum
1297 1433 1563 1487 vulnerat.
1608 1432 1707 1486 Ubi
1738 1432 1867 1485 mihi
1901 1447 2089 1485 narra-

511 1525 689 1576 tEOnes
727 1532 939 1577 tuorum
991 1524 1283 1577 laborum?
1334 1524 1656 1579 Cessarunt.
1716 1523 1956 1579 Fmdasti
1992 1540 2086 1579 ca-

511 1614 709 1665 stitatis
744 1615 1038 1679 honorem;
1101 1614 1393 1669 confudisti
1450 1616 1729 1684 sapientie
1785 1614 2085 1683 professio-

512 1722 671 1769 nem;
727 1706 849 1760 facti
890 1722 1082 1761 Sumus
1147 1709 1396 1762 hostibus
1448 1710 1740 1762 ludibrium
1791 1720 1843 1763 et
1893 1711 2085 1764 amicis

2198 535 2286 580 τος
2318 521 2409 571 καὶ
2445 520 2505 572 τὸ
2535 521 2818 590 χαμερπές
2852 521 3117 592 δοξάριον,
3148 526 3375 595 φρίττω,
3415 530 3577 597 ἡνίκα
3612 532 3761 601 ἧπτε-

2196 610 2313 661 τό¹³
2346 626 2425 663 σοι
2457 610 2705 663 κολάκων
2732 613 2937 682 πλῆθος
2957 615 2999 646 ¹⁵
3019 615 3111 667 καὶ
3143 618 3321 685 τρυφὴ
3347 621 3443 670 καὶ
3473 622 3761 688 ἀπόλαυσις

2197 700 2846 771 πρόσκαιρος.--Ἡνίκα
2877 706 3190 774 ἐγυμνάζου
3231 709 3366 777 πρὸς
3405 710 3763 786 μεταϐολὴνη

2196 790 2395 859 σεμνοῦ
2436 793 2663 861 τρόπου,
2698 793 3043 858 σκυϐαλίζων
3079 797 3179 864 μέν
3220 814 3314 850 σου
3354 799 3452 870 τὴν
3474 802 3514 832 ¹⁶
3547 820 3760 874 περιου-

2196 881 2336 943 σίαν,
2367 881 2518 934 οἴκου
2545 899 2602 934 τε
2634 882 2929 953 θεραπείαν
2952 887 3045 936 καὶ
3072 885 3322 940 συνοίκου
3354 889 3572 959 ὁμιλίαν
3591 894 3760 964 ἀπαρά

2192 973 2488 1042 νούμενος,
2543 976 2679 1040 ὅλως
2736 976 2793 1029 δέ
2854 978 3183 1049 μετάρσιος,
3218 980 3406 1054 ῶσπερ
3470 984 3619 1048 ξένος
3676 988 3759 1040 καί

2192 1066 2417 1135 ἀλήτης,
2461 1068 2666 1137 ἀγροὺς
2697 1069 2791 1122 καὶ
2834 1070 3034 1133 τόπους
3102 1072 3383 1141 ἀμείϐων,
3430 1079 3760 1150 κατέδραμις

2191 1156 2282 1208 ἐπὶ
2306 1156 2375 1208 τὰ
2417 1156 2794 1227 Ἱεροσόλυμα,
2831 1160 2959 1213 ἔνθα
3006 1177 3088 1214 σοι
3124 1163 3216 1215 καὶ
3262 1166 3426 1227 αὐτὸς
3466 1168 3760 1241 συνδιατρίο

2193 1246 2303 1317 βων
2336 1248 2676 1319 ἐμακάριζον
2705 1251 2813 1304 τῶν
2848 1251 3159 1322 ἀθλητικῶν
3189 1256 3389 1323 πόνων,
3418 1259 3503 1311 ὅτε
3537 1259 3759 1329 ἐϐδομαδ

2188 1339 2359 1402 δικοτς
2400 1339 2621 1404 κύκλοις
2669 1342 2855 1411 νῆστις
2888 1341 3168 1407 διατελῶν,
3206 1343 3327 1414 Θεῷ
3383 1348 3755 1419 προσεφιλοοόέ

2190 1449 2332 1500 φεις,
2359 1432 2494 1502 όμοῦ
2545 1433 2639 1485 καὶ
2669 1433 2769 1495 τὰς
2796 1434 2905 1485 τῶν
2935 1434 3239 1503 ἀνθρώπων
3276 1438 3607 1508 ἀποφεύγων
3641 1458 3755 1495 συν·

2188 1524 2375 1593 τυχίας
2400 1524 2441 1555 ³⁷
2462 1564 2477 1589 ,
2510 1523 2741 1595 ἡσυχίαν
2776 1524 2832 1578 δὲ
2892 1526 2985 1578 καὶ
3037 1529 3400 1597 μονοτροπίαν
3450 1532 3756 1601 ἐφαρμόσας

2190 1613 2486 1683 σεαυτῷ¹⁸,
2544 1616 2673 1677 τοὺς
2732 1615 3045 1681 πολιτικοὺς
3098 1617 3361 1688 θορύϐους
3417 1620 3753 1686 ἐξέκλινεςη,

2188 1708 2378 1774 σάκκῳ
2408 1723 2465 1757 τε
2504 1708 2697 1775 τραχεῖ
2714 1708 2758 1739 ¹⁰
2785 1707 2846 1759 τὸ
2880 1707 3038 1777 σῶμά
3070 1725 3163 1760 σου
3182 1710 3479 1763 διανύττων
3506 1715 3597 1764 καὶ
3618 1714 3753 1785 ζώνῃ

510 1800 712 1852 nostris
746 1801 943 1855 luctus.
990 1798 1211 1855 Scidisti
1242 1802 1636 1856 monachorum
1672 1804 1923 1867 animus;
1956 1803 2077 1857 dilic

2188 1800 2397 1866 σκληρᾷ
2418 1798 2515 1868 τὴν
2540 1800 2713 1867 ὀσφὺν
2737 1799 3141 1868 περισφίγγων,
3174 1802 3516 1871 καρτερικῶς
3537 1805 3602 1856 τὰ
3629 1805 3754 1858 όστᾱί

509 1890 849 1953 gentioribus
875 1894 1125 1946 timorem
1152 1902 1204 1947 et
1241 1904 1445 1948 metum
1480 1894 1785 1959 incussisti,
1826 1895 2081 1947 miranti-

508 1982 609 2037 bus
651 1984 844 2037 iterum
896 1985 1155 2040 daemonis
1188 1988 1523 2056 potentiam;
1576 1986 1995 2042 indiﬂerentiam
2032 1988 2081 2041 iu

507 2077 737 2129 licentia:
776 2092 1016 2130 amorem
1052 2079 1283 2145 vertisti,
1330 2079 1614 2150 denegasti
1649 2079 1913 2151 quidquid
1947 2081 1998 2134 in
2034 2095 2083 2136 te

508 2164 680 2218 iuerat
736 2166 957 2220 honoris
998 2168 1198 2221 Christi
1248 2169 1524 2225 dicentis:
1583 2190 1600 2220 ι
1646 2170 1935 2237 Conlidite,
1982 2189 2081 2242 ego

508 2257 612 2309 vici
634 2257 918 2321 mundum,
935 2277 951 2307 ›
972 2269 1024 2312 et
1048 2261 1211 2328 hujus
1233 2263 1562 2332 principem;
1586 2265 1809 2319 calicem
1831 2266 2083 2335 blasphe-

508 2348 629 2401 mia:
659 2350 844 2417 patriae
881 2352 1183 2418 miscuisti,
1208 2363 1260 2407 et
1287 2371 1450 2422 opere
1494 2370 1682 2410 verum
1715 2358 2078 2425 comprobasti

507 2442 903 2508 proverbium:
947 2463 964 2495 ι
1005 2444 1160 2500 Sicut
1214 2462 1409 2502 cervus
1443 2448 1762 2502 vulneratus
1812 2465 1982 2517 usque
2012 2450 2077 2503 ad

505 2546 619 2585 eor.
670 2553 689 2583 ι
736 2533 888 2590 Unde
934 2552 1032 2591 nos
1068 2540 1312 2592 hortatur
1349 2540 1475 2593 alibi
1506 2540 1696 2594 dicens
1732 2559 1743 2594 :
1795 2560 1812 2593 ι
1856 2540 2078 2610 Oportet

506 2640 608 2678 nos
652 2626 852 2679 multas
886 2638 938 2680 et
991 2630 1168 2683 varias
1208 2639 1261 2682 et
1312 2630 1561 2684 cmlestes
1615 2629 1836 2685 divitias
1878 2647 2076 2699 conge-

508 2732 627 2770 rere
656 2718 759 2772 nisi
809 2718 1036 2774 velimus
1074 2721 1402 2776 erubescere
1450 2724 1502 2776 in
1554 2722 1765 2777 ratione
1804 2725 2076 2779 reddenda

504 2823 729 2878 Operum
754 2821 1089 2877 nostrorum,
1127 2824 1180 2867 et
1214 2815 1355 2869 sicut
1394 2814 1483 2869 ille
1504 2815 1596 2883 qui
1634 2815 1892 2868 talentum
1923 2831 2077 2871 acce-

506 2900 581 2966 pit
613 2900 799 2953 audire
831 2917 843 2952 :
882 2919 901 2951 ι
932 2901 1099 2956 Serve
1131 2904 1270 2957 male
1293 2911 1346 2958 et
1372 2906 1540 2973 piger.
1583 2923 1600 2954 ι
1646 2903 1921 2974 Depositis
1947 2922 2076 2975 ergo

506 2991 759 3043 omnibus
786 2992 1001 3057 alienis,
1050 2997 1191 3047 hanc
1232 2994 1395 3048 vitam
1430 2997 1636 3050 intrare
1675 3011 1867 3051 secure
1903 3006 2076 3053 tente-

505 3097 649 3134 mus.
686 3079 839 3135 Multi
877 3082 1021 3135 enim
1063 3098 1187 3137 cum
1219 3086 1387 3138 multa
1436 3086 1488 3139 in
1533 3085 1820 3151 juventute
1865 3088 2074 3155 coegis-

505 3182 667 3237 scnt,
728 3172 1073 3242 mediamque
1128 3176 1435 3245 attigissent
1489 3177 1655 3230 vitam
1692 3218 1707 3243 ,
1776 3177 2074 3232 reluctante

504 3265 583 3317 eis
616 3264 909 3318 tentatione
941 3273 994 3319 et
1024 3264 1186 3320 ﬂante
1222 3267 1528 3337 iniquitatis
1573 3279 1754 3335 vento,
1787 3269 1894 3324 vim
1940 3281 2077 3326 tem-

502 3357 724 3423 pestalis
756 3374 860 3410 non
902 3358 1277 3413 sustinuerunt
1306 3376 1370 3414 eo
1399 3361 1542 3429 quod
1566 3362 1630 3415 ad
1662 3363 2071 3431 gubernandum

504 3450 738 3516 impares
768 3450 1135 3518 essent,uude
1166 3471 1184 3502 ι
1213 3451 1301 3505 alii
1333 3452 1477 3505 circa
1532 3452 1689 3507 (idem
1719 3452 2075 3523 naufragave-

503 3555 665 3608 runt;
705 3563 721 3593 ι
759 3542 942 3611 itaque
971 3544 1215 3596 omnium
1253 3542 1443 3597 harum
1479 3560 1655 3597 rerum
1689 3548 1883 3599 damna
1926 3548 2070 3615 passi

502 3649 665 3699 sunt;
720 3636 809 3688 alii
858 3647 1039 3689 autem
1103 3637 1427 3706 sapientiam
1482 3653 1646 3705 quam
1700 3654 1728 3690 a
1789 3637 2071 3707 juventute

498 3729 676 3795 adepti
740 3740 917 3791 erant,
975 3730 1115 3783 sicut
1168 3740 1487 3799 tempesute
1537 3733 1770 3785 instante
1818 3731 2072 3800 cupidine

498 3819 822 3873 amiserunt.
866 3820 1016 3873 Eheu
1066 3822 1430 3875 miserandum
1488 3822 1902 3890 spectaculum!
1944 3822 2071 3875 Post

494 3909 806 3978 jejunium,
884 3921 1009 3980 post
1077 3911 1201 3963 vitae
1272 3911 1540 3964 rationem
1634 3913 1904 3965 difﬁcilem
1975 3928 2071 3965 na-

498 4014 653 4068 turae,
686 4011 805 4073 post
842 4002 1040 4057 multas
1072 4002 1359 4074 lacrymas,
1405 4012 1528 4074 post
1567 4018 1838 4058 annorum
1873 4005 2061 4072 viginti

496 4107 591 4149 aut
618 4096 838 4164 triginta
877 4096 1313 4164 temperantiam,
1350 4111 1445 4165 per
1486 4097 1894 4167 negligentiam,
1929 4097 2068 4150 mol-

496 4190 664 4243 litiem
706 4188 1043 4241 incuriamve
1098 4188 1291 4241 animae
1320 4187 1523 4242 nudum
1556 4188 1669 4242 lieri
1712 4188 1987 4254 omnibus,
2017 4196 2071 4243 et

496 4283 565 4337 iis
593 4283 788 4338 similis
826 4282 919 4352 qui
954 4283 1017 4334 ad
1063 4280 1314 4336 mandata
1344 4280 1618 4350 sequenda
1652 4295 1710 4335 se
1741 4288 2066 4351 praeparant,

497 4374 689 4428 huicve
714 4374 997 4428 mercatori
1030 4374 1203 4440 diviti,
1233 4374 1326 4443 qui
1358 4390 1481 4428 eum
1522 4373 1783 4427 mercium
1813 4373 2066 4427 multitu-

2190 1909 2281 1943 σου
2309 1891 2594 1954 διέθλιϐες,
2629 1892 2857 1958 λαγόνας
2898 1908 2957 1943 τε
3004 1894 3124 1955 ταῖς
3184 1893 3413 1957 ἐνδείαις
3475 1895 3752 1949 κοιλαίνων

2188 1983 2349 2054 μέχρι
2383 1984 2493 2038 τῶν
2534 1983 2789 2037 νοτιαίων
2822 1983 3006 2055 μερῶν
3035 1985 3079 2016 ⁸¹
3112 1984 3507 2054 ὑπεχαύνωσας
3534 1986 3630 2040 καὶ
3658 2006 3753 2055 φα-

2187 2076 2345 2136 σκίας
2374 2077 2471 2144 μὲν
2497 2075 2711 2143 ἁπαλῆς
2741 2074 2837 2145 τὴν
2863 2076 3061 2145 χρῆσιν
3095 2076 3425 2147 ἀταιρνὴσω·
3466 2078 3673 2133 ἔνδοθεν
3698 2079 3751 2132 δὲ

2184 2166 2280 2228 τὰς
2303 2166 2557 2234 λαπάρας
2586 2166 2774 2219 σικύου
2794 2167 2838 2198 ’³
2873 2167 3031 2235 δίκην
3063 2168 3394 2236 ύφελκύσας,
3428 2173 3537 2231 τοῖς
3572 2188 3745 2239 νεφριο

2183 2259 2351 2318 τικοίς
2371 2257 2591 2327 χωρίοις
2618 2256 2837 2322 ἐϐιάζου
2869 2260 3368 2331 προσκολλᾶσθαι¹²
3387 2279 3400 2291 ·
3420 2262 3548 2330 ὃλην
3583 2262 3637 2315 δὲ
3660 2264 3749 2333 τὴν

2182 2349 2279 2418 τῆς
2339 2354 2541 2419 σαρκὸς
2595 2349 2833 2420 πιμελὴν
2857 2350 2902 2381 ’δ
2933 2351 3266 2416 ἐκκενώσας,
3302 2355 3430 2416 τοὺς
3481 2354 3588 2406 τῶν
3623 2355 3753 2406 imo-

2182 2440 2455 2509 γαστρίων
2512 2440 2731 2509 ὀχετοὺς
2780 2441 3044 2507 γενναίως
3083 2443 3371 2512 ἐξήρανας,
3403 2446 3648 2515 γαστέρα
3691 2462 3749 2498 τε

2181 2530 2350 2601 αὐτὴν
2408 2534 2528 2595 ταῖς
2577 2533 2817 2597 ἀσιτίαις
2873 2533 3062 2604 τήξας,
3122 2536 3190 2589 τὰ
3236 2535 3555 2605 πλευριτικὰ
3613 2538 3750 2607 μέρη

2179 2620 2369 2693 ὥσπερ
2418 2625 2539 2678 τινὰ
2585 2628 2784 2697 στέγης
2814 2623 3006 2697 ἐξοχὴν
3021 2628 3065 2659 ’⁸
3096 2629 3209 2690 τοῖς
3249 2627 3342 2682 τοῦ
3376 2628 3622 2699 ὀμφαλοῦ
3658 2631 3750 2697 μέ-

2183 2730 2332 2785 ρεσιν
2388 2716 2715 2780 ἐπεσκίαζες
2761 2719 2856 2771 καὶ
2888 2718 3311 2791 συνεσταλμένῳ
3363 2721 3469 2792 ὅλῳ
3521 2722 3597 2792 τῷ
3642 2721 3747 2774 σὼ-

2182 2824 2333 2876 ματι,
2365 2807 2464 2869 τὰς
2487 2808 2531 2839 ’⁸
2561 2808 2884 2877 νυκτερινὰς
2910 2808 3060 2880 ὥρας
3098 2811 3629 2883 ἀνθομολογούμενος
3667 2814 3747 2882 τῷ

2178 2898 2319 2969 Θεῷ,
2354 2904 2464 2958 τοῖς
2495 2900 2601 2952 τῶν
2633 2900 2884 2970 δακρύων
2915 2901 3125 2971 ὀχετοῖς
3164 2902 3438 2973 ἐμϐρυχον
3467 2906 3562 2974 τὴν
3591 2903 3752 2977 148

2178 2992 2432 3058 γενειάδα
2462 2992 2507 3023 ’⁷
2559 2991 2965 3061 καθωμάλιζες.
2999 2994 3107 3045 Καὶ
3150 2994 3202 3046 τί
3254 2994 3394 3046 δεῖ¹⁸
3428 2996 3747 3063 καταλέγειν

2177 3083 2419 3145 ἓκαστας
2476 3084 2762 3154 Μνήσθητι
2821 3085 2921 3136 ὃσα
2977 3085 3148 3152 ἁγίων
3182 3088 3427 3157 στόματα
3483 3088 3746 3159 φιλήματι

2178 3175 2515 3244 κατησπάσω
2557 3190 2570 3204 ⁶
2603 3176 2705 3228 ὅσα
2759 3175 2880 3243 ἱερὰ
2940 3174 3167 3245 σώματα
3222 3178 3563 3248 περιεπτύξω
3596 3181 3746 3232 ’ὅσοι

2179 3282 2269 3318 σου
2290 3268 2332 3297 ¹⁹
2390 3266 2488 3328 τὰς
2533 3269 2721 3337 χεῖρας
2793 3267 2867 3328 ὼς
2918 3268 3221 3338 ἀχράντους
3262 3270 3307 3301 ⁸⁸
3346 3272 3743 3341 περιέθα).πον;

2175 3356 2288 3409 ὅσοι
2335 3356 2507 3410 δοῦλοι
2561 3358 2711 3410 toﬁ"
2745 3358 2880 3411 Θεοῦ
2938 3362 3049 3422 τοῖς
3083 3359 3274 3426 γόνασί
3317 3374 3410 3414 σου
3460 3363 3748 3431 περιεπλέ·

2175 3465 2353 3501 κοντο.
2408 3451 2514 3502 Καὶ
2558 3452 2609 3502 τί
2644 3451 2848 3503 τούτων
2880 3450 2939 3503 τὸ
2980 3451 3222 3516 τέλος³⁸;
3250 3453 3518 3523 Μοιχικῆς
3560 3456 3749 3525 φήμης

2172 3541 2393 3612 διαϐολὴ
2421 3544 2465 3573 ³³
2520 3540 2708 3610 βέλους
2768 3541 3024 3614 ὀξύτερον
3075 3544 3401 3616 διιπταμένη
3453 3546 3748 3616 τιτρώσκει

2174 3631 2330 3702 ἡμῶν
2363 3636 2459 3695 τὰς
2493 3635 2659 3695 ἀκοὰς
2703 3634 2799 3687 καὶ
2842 3633 2941 3703 τὴν
2970 3634 3199 3704 καρδίαν
3219 3635 3286 3690 ³³.
3315 3667 3382 3676 --
3419 3635 3528 3689 Ποῦ
3563 3656 3652 3708 μοι
3680 3640 3752 3690 τὰ

2171 3724 2489 3794 διηγήματα
2516 3726 2624 3777 τῶν
2655 3726 2762 3777 σῶν
2790 3727 2971 3778 πόνων
2995 3742 3010 3793 ;
3036 3728 3276 3796 Οίχεται.
3311 3728 3665 3799 Κατῄσχυνας
3688 3730 3753 3782 τὸ

2170 3813 2271 3883 τῆς
2303 3816 2523 3879 ἁγνείας
2554 3816 2814 3885 καύχημα
2843 3814 2999 3881 (561³)
3024 3832 3039 3848 ·
3076 3818 3360 3887 ἐμωμήσω
3398 3820 3497 3887 τῆς
3533 3834 3752 3889 σωφρο-

2173 3906 2337 3973 σύνης
2370 3905 2426 3957 τὸ
2462 3906 2820 3974 ἐπάγγελμα·
2858 3904 3158 3977 ἐγενόμεθα
3199 3907 3409 3978 ἐχθρῶν
3464 3910 3564 3979 μὲν
3611 3928 3747 3979 τραδ

2171 3996 2362 4067 γῳδία,
2402 3997 2566 4064 φίλων
2614 3996 2670 4048 δέ
2718 3996 3022 4067 θρηνῳδίαο
3054 4027 3122 4035 -
3149 3998 3398 4067 διέτεμες
3418 3999 3462 4031 ³⁵
3489 3999 3751 4069 φρόνημα

2174 4088 2445 4159 μοναχῶν,
2490 4088 2614 4151 τοὺς
2645 4088 3072 4160 ἀκριϐεστέρους
3101 4091 3181 4151 εἰς
3215 4090 3380 4158 φόϐον
3413 4093 3507 4143 καὶ
3540 4091 3752 4144 δειλίαν

2169 4181 2422 4242 ἐνέϐαλες
2457 4181 2522 4243 ³⁸,
2558 4181 2939 4250 θαυμάζοντας
2994 4182 3075 4234 ἔτι
3104 4183 3149 4214 ’⁷
3184 4183 3281 4235 τοῦ
3337 4184 3589 4237 διαϐόλου
3645 4187 3751 4256 τὴν

2167 4273 2416 4343 δύναμιν
2455 4275 2578 4337 τοὺς
2609 4274 2936 4343 ἀδιαφόρους
2964 4275 3043 4337 είς
3066 4275 3364 4338 ἀκολασίας
3386 4276 3546 4343 ζῆλον
3580 4277 3751 4347 μετέ-

2170 4362 2374 4435 θηκας·
2436 4366 2709 4437 ὴθέτησας
2762 4368 2885 4417 ὅσον
2921 4366 3092 4419 ³1’ἐι-εὶ
3140 4369 3220 4419 σοὶ
3269 4368 3332 4419 τὸ
3378 4367 3471 4420 τοῦ
3503 4369 3751 4436 Χριστοῦ

494 4463 621 4516 dine
666 4466 887 4532 copiosa
932 4468 1227 4535 profectus,
1267 4468 1504 4536 pericula
1548 4468 1715 4522 maris
1741 4467 1932 4530 evasit,
1969 4465 2063 4520 sed

2181 4461 2457 4530 καύχημα,
2501 4480 2517 4511 ι
2548 4459 2831 4529 Θαρσεῖτε,
2858 4461 3107 4527 λέγοντος
3132 4462 3195 4525 ³⁸,
3222 4460 3621 4529 ἐγὼ’νενίκηκα
3651 4463 3753 4515 τὸν

496 4569 666 4623 prope
698 4564 911 4621 portum
959 4558 1162 4624 ipsum,
1214 4559 1441 4615 discissa
1480 4571 1637 4624 nave,
1680 4560 1932 4613 omnibus
1966 4575 2066 4611 nu-

492 4646 654 4701 datus
682 4646 1040 4714 relinquitur!
1083 4647 1235 4712 Quod
1265 4650 1309 4702 si
1351 4652 1493 4703 enim
1540 4651 1722 4703 omnia
1765 4666 1885 4719 quae
1918 4650 2065 4702 mille

493 4740 797 4803 laboribus,
831 4739 999 4793 multo
1043 4739 1243 4792 sudore
1288 4739 1515 4805 adeptus
1553 4755 1695 4802 eras,
1733 4756 1840 4793 uno
1869 4742 2063 4794 discri-

491 4836 672 4900 mine,
721 4844 773 4888 et
822 4848 987 4902 parva
1031 4833 1339 4885 daemonum
1391 4831 1688 4883 tentatione
1741 4832 2061 4898 perdideris,

489 4944 619 4983 sane
646 4928 765 4997 ejus
798 4926 888 4995 qui
922 4934 1083 4979 totam
1113 4925 1255 4977 circa
1290 4923 1539 4975 virtutem
1583 4921 1924 4990 uaufragavit
1948 4922 2057 4974 hrce

2171 4556 2371 4622 κόσμον
2413 4573 2430 4604 ι
2470 4552 2563 4605 καὶ
2614 4552 2704 4604 τὸν
2752 4551 2938 4604 τούτου
2990 4554 3294 4621 diploma."
3323 4568 3337 4581 ⁶
3370 4554 3641 4621 ἐκέρασας
3676 4559 3751 4624 τῇ

2169 4646 2386 4715 πατρίδι
2410 4645 2659 4715 κρατῆρα
2680 4645 2993 4715 δυσφημίας
3016 4647 3079 4675 “'
3105 4646 3273 4709 ὅντως
3304 4648 3382 4707 είς
3413 4647 3575 4717 ἔργον
3603 4649 3758 4717 ἤγα-

2167 4748 2261 4803 γες
2310 4738 2408 4805 τὴν
2463 4736 2760 4805 παροιμίαν
2782 4737 2824 4767 ⁸⁸
2859 4756 2874 4785 ι
2914 4735 2990 4797 ὡς
3014 4736 3210 4802 ἔλαφος
3258 4736 3529 4800 τοξευθεὶς
3572 4741 3653 4799 εἰς
3687 4740 3759 4789 τὸ

2170 4818 2324 4893 ἧπαρ
2363 4825 2427 4877 ⁸³.
2456 4826 2568 4895 (Η)
2602 4825 2763 4877 Ὅθεν
2790 4826 3023 4895 ἀλλαχοῦ
3045 4826 3239 4887 κοινῶς
3269 4827 3754 4894 παραινεῐλέγων·

2173 4937 2190 4968 ι
2230 4920 2320 4969 Δεῖ
2359 4913 2448 4969 οὖν
2497 4918 2647 4987 ἡμᾶς
2682 4918 2851 4970 πολὺν
2905 4919 2997 4969 καὶ
3052 4917 3295 4971 ποικίλον
3344 4920 3435 4972 τὸν
3486 4920 3759 4990 οὐράνιον

1643 5055 1837 5115 Variae
1876 5054 2179 5115 lectiones
2222 5062 2284 5115 et
2326 5063 2515 5115 noue.

561 5190 603 5219 ¹¹
630 5206 685 5241 σε
720 5187 775 5240 Β.
814 5203 901 5242 om
935 5186 982 5241 ὁ.
1065 5185 1107 5215 ’³
1139 5183 1322 5236 εἵπετό
1350 5183 1409 5235 Β.

487 5261 643 5313 δυνον
675 5260 731 5312 Β.
814 5259 853 5288 ¹⁷
899 5274 945 5310 σ.
985 5256 1125 5324 λόγῳ
1161 5256 1366 5324 τροπῆς
1411 5254 1573 5320 ὑποφ.
1608 5254 1666 5307 Β.

488 5331 529 5362 ²¹
568 5330 788 5381 νοτιέων
820 5327 988 5379 ύὲλων
1032 5328 1151 5382 cod.
1232 5328 1275 5356 "
1303 5326 1497 5379 σικύας
1529 5326 1649 5379 cod.

484 5400 702 5468 ὀργάνῳ
729 5399 867 5450 κατά
908 5398 1005 5462 τάς
1047 5397 1103 5451 Β.
1185 5399 1227 5427 ’⁷
1255 5397 1351 5465 τὴν
1385 5412 1437 5463 γ.
1487 5398 1531 5450 ἐ.
1574 5398 1631 5450 Β.

485 5484 596 5520 0m.
636 5470 693 5519 Β.

486 5538 610 5589 cod.

504 5606 776 5679 Ἰουδαίοις
803 5602 895 5655 καὶ
916 5602 1143 5679 ’Ἑλλιξσι
1175 5602 1671 5679 δραματουργεῐταὶ
1704 5610 1769 5679 τὰ
1801 5602 2044 5679 ἡμέτερα
2072 5602 2203 5679 διετ.
2243 5608 2299 5660 Β.
2345 5675 2353 5679 _
2380 5609 2425 5637 "
2460 5607 2666 5674 ἤγαγες

1427 5675 1597 5743 λὲγων
1625 5678 1747 5735 cud.
1826 5675 1868 5707 *δ
1895 5678 1987 5730 τοῦ
2020 5677 2225 5744 κόςιιου
2268 5675 2455 5729 τούτου
2490 5682 2542 5729 α.
2581 5682 2635 5730 Η.

490 5678 502 5729 Ι
534 5715 550 5729 .
629 5676 672 5705 ³⁸
702 5672 999 5743 Ιηιιιικινι.
1035 5678 1125 5728 35.
1160 5672 1225 5716 -ἶ
1262 5672 1395 5728 Nota
1427 5672 1597 5743 λὲγων
1625 5678 1747 5735 cod.

490 5753 617 5817 μίας
652 5746 709 5795 B.
789 5743 832 5772 ⁸³
867 5741 885 5791 t
920 5742 1020 5795 473
1047 5745 1086 5795 υ
1127 5745 1261 5796 -ιιτι
1291 5744 1349 5794 ιι.

1489 5185 1532 5213 ¹⁸
1567 5182 1742 5251 πλήθη
1769 5183 2113 5251 Β.--τρυφῆς
2145 5184 2238 5235 ἀπ.
2268 5184 2327 5236 Β.

1775 5255 1817 5284 ⁸⁸
1849 5254 2024 5322 ἐαυτῷ
2076 5257 2160 5321 ἐφ.
2204 5254 2264 5306 Β.

1728 5324 1772 5354 ’³
1804 5342 1899 5391 πρ.
1932 5325 2015 5376 ἐῢ.
2056 5324 2114 5375 Β.

1710 5396 1754 5426 ²⁸
1789 5396 1850 5465 δή
1894 5396 2013 5447 rod.
2068 5412 2132 5463 με
2176 5394 2256 5446 δεῖ
2284 5395 2342 5447 Β.

771 5469 814 5499 ³²
848 5469 983 5521 Θεοῦ
1010 5469 1200 5537 ὥσπερ
1230 5463 1445 5538 λάτρεις
1476 5468 1786 5538 ὑπέδραμον
1820 5463 1930 5527 τοῖς
1954 5482 2006 5533 γ.
2036 5482 2127 5517 σου
2158 5467 2614 5538 περιπλεκόμενοι
2643 5464 2737 5514 καὶ
2758 5481 2809 5519 τ.
2834 5464 2894 5538 τὸ
2919 5482 2972 5538 ε.
3002 5463 3144 5538 viii,

690 5537 731 5565 ³⁵
769 5540 965 5606 ἀκρὰς.
997 5521 1349 5609 ἀκμαιοτέρῴ
1479 5521 1782 5609 κέντρῳδτὰ
1814 5521 2255 5609 στελέχη-ἡμῶν
2281 5521 2640 5609 διανύτέτουσα
2670 5551 2733 5609 κΔ
2766 5552 2816 5587 τ.
3006 5605 3014 5609 Α
3054 5535 3098 5565 ³⁵
3132 5521 3623 5609 ἐ-γεαξχμξιλίώτων
3653 5521 3765 5607 τρ.

3410 5187 3453 5217 ⁸⁸
3484 5188 3758 5239 πολυκίν-

3379 5257 3422 5288 ¹⁰
3455 5258 3592 5326 ταχύ
3615 5262 3760 5313 t-ml.

2410 5183 2460 5270 ξ’.
2481 5183 2789 5270 μεταϐολήν
2810 5183 2845 5270 1ἶ
2876 5182 3175 5270 μεταϐολᾲς
3204 5184 3329 5239 (⁵οά-

2375 5257 2414 5287 ¹⁹
2447 5254 2717 5318 ἐξέκλινες
2746 5255 2869 5306 cod.
2918 5255 2954 5305 ι.
2996 5254 3297 5317 ἐξέκλινας.
3379 5257 3422 5288 ¹⁰
3455 5258 3592 5326 ταχύ
3615 5278 3701 5310 (ου.

2375 5327 2603 5392 ξμμελήν
2637 5323 2761 5376 cod.
2838 5325 2882 5355 ’⁸
2918 5325 3119 5392 στέγην
3157 5325 3236 5385 είς
3265 5327 3344 5392 ἐξ.
3385 5328 3506 5380 cod.
3587 5330 3633 5359 “
3668 5346 3701 5379 τ

2967 5394 3011 5425 ⁸ο
3042 5395 3333 5461 ἁχράντοις
3364 5399 3488 5452 cod.
3569 5399 3608 5428 ³¹
3647 5394 3759 5451 τοῖ

2967 5504 2972 5516 .
3002 5463 3144 5538 cili,
3224 5464 3267 5496 ³³
3293 5469 3457 5538 ,φήμη
3483 5468 3764 5536 διαϐολῆς

2193 5325 2239 5354 ’⁸
2279 5324 2381 5395 πλη
2392 5327 2603 5395 μμελήν
2637 5323 2761 5395 eod.

2372 5366 2599 5397 tr’r'mt'
2640 5366 2761 5403 “‘1‘”

2421 5399 2463 5428 ³³
2490 5398 2579 5447 ἐπὶ
2626 5410 2719 5444 σου
2765 5393 2887 5448 cod.

2835 5604 2877 5635 ³⁷
2924 5605 3016 5656 ἐπί
3066 5606 3237 5660 cutl.?
3313 5606 3356 5640 ³⁸
3385 5608 3582 5670 ἔλυσας
3611 5604 3771 5661 ὅσον

2720 5677 2759 5705 ⁸¹
2797 5675 3100 5743 δυσθυμίας
3132 5675 3253 5729 cod.
3336 5678 3380 5710 δ’
3411 5681 3508 5739 τὰς
3535 5694 3765 5747 παροι-
