4098 6208
332 287 443 353 905

1545 284 2005 348 CHHONICON.
2050 311 2118 318 —
2159 286 2309 345 LIB.
2352 289 2432 348 II.

3488 293 3594 355 266

336 400 659 470 ὶτελεύτησε
685 397 1011 470 βασιλεύσας
1038 398 1133 470 ἔτη
1158 398 1259 453 κε’.
1290 400 1366 472 ('2)
1407 402 1502 463 Ὃς
1535 401 1622 453 διὰ
1661 402 1760 469 τὴν
1787 401 1922 470 πρὸς

2034 408 2118 455 set
2150 414 2325 456 annos
2362 401 2604 471 quinque
2648 412 2700 456 et
2740 405 2951 474 viginti.
2994 405 3218 475 Propter
3242 408 3361 477 ejus
3401 411 3593 466 amici-

332 493 429 546 τὸν
484 489 687 561 Ἀχαάὅ
733 490 1121 560 φιλοστοργίαν
1166 508 1225 544 τε
1280 491 1376 543 καὶ
1423 489 1769 559 ἀγχιστείαν,
1816 489 1922 558 ἔφη

529 583 665 653 “Pb;
690 583 856 635 αὐτὸν
885 584 914 635 ὁ
946 585 1233 654 προφήτης
1273 582 1414 654 Ἰηοῦ
1449 586 1477 636 ὀ
1506 581 1599 635 τοῦ
1639 584 1838 653 Ἀνανή
1862 585 1882 613 ¹
1905 598 1918 613 ο

341 696 363 731 ε
410 674 642 729 Βασιλιῦ
706 674 1005 742 Ἰωσαφὰτ,
1035 675 1084 727 εί
1139 674 1456 746 ἁμαρτωλῷ
1501 678 1564 727 σὺ
1617 669 1670 726 εἶ
1705 673 1918 745 βοηθὸς,

266 808 269 809 ν
333 770 381 821 εί
435 766 757 836 μισουμένῳ
797 765 902 818 ὑπὸ
951 764 1157 835 Κυρίου
1202 765 1267 817 σὺ
1303 766 1596 832 φιλιάξεις,
1636 764 1726 817 διὰ
1765 765 1924 817 τοῦτο

335 859 557 925 ἐγένετο
600 859 693 909 ἐπὶ
748 856 807 909 σὲ
845 855 983 925 ὀργὴ
1025 856 1255 925 Κυρίου,
1305 856 1353 907 εί
1404 855 1478 925 μὴ
1529 855 1679 923 λόγοι
1724 854 1924 922 ἀγαθοὶ

333 948 656 1017 ηὑρέθησαν
702 948 760 998 ὲν
801 946 884 998 σοὶ
922 944 1019 999 καὶ
1050 946 1131 998 ὅτι
1160 944 1363 1014 ἑξῇρας
1385 945 1453 998 τὰ
1500 945 1636 1015 ἄλση
1680 945 1786 997 ἀπὸ
1819 945 1923 1014 γῆς

345 1042 524 1095 Ἰούδα
558 1040 656 1094 καὶ
686 1038 1027 1101 κατεύθυνας
1054 1037 1155 1109 τὴν
1202 1038 1431 1107 καρδίαν
1477 1054 1570 1090 σου
1618 1036 1923 1108 ὲκζητῆσαι

334 1130 428 1183 τὸν
458 1128 685 1200 Κύριον,
726 1147 744 1176 ι
781 1126 875 1180 καὶ
907 1126 1108 1196 εὑρέθη
1135 1127 1168 1196 ή
1200 1126 1402 1196 καρδία
1439 1143 1533 1178 σου
1568 1125 1753 1178 τελεία
1784 1127 1922 1195 πρὸς

337 1222 566 1293 Κύριον.
599 1221 698 1273 Διά
723 1217 884 1272 τοῦτο
911 1218 1167 1287 ὲφείσατό
1214 1235 1308 1271 σου
1356 1217 1582 1287 Κύριος,
1615 1219 1755 1289 πλὴν
1786 1220 1869 1272 ὅτι
1902 1222 1923 1252 ⁸

342 1330 362 1365 ε
404 1314 633 1381 διεκόπη
674 1312 742 1363 τὰ
777 1310 915 1380 ἔργα
969 1327 1088 1376 σου,
1114 1311 1208 1363 καὶ
1242 1310 1640 1381 συνετρίϐησαν
1668 1311 1736 1362 τὰ
1764 1309 1925 1364 πλοῖά

338 1422 460 1458 σου.
497 1422 514 1455 ι
552 1405 630 1473 (3)
663 1401 973 1455 Κάντεῦθεν
1018 1402 1404 1470 διδασκόμεθα,
1436 1400 1512 1464 ὡς
1563 1401 1776 1454 ἐλαττοῖ
1824 1403 1924 1462 τὰς

339 1498 432 1548 ἐπὶ
471 1497 584 1558 τοῖς
627 1494 1025 1563 ἁμαρτήμασιν
1066 1494 1296 1556 ἐκείνοις
1342 1493 1719 1564 ἀντιμετρῶν,
1752 1494 1924 1556 οὕτως

338 1586 565 1656 ἑκτρὲρει
606 1586 707 1655 τὴν
745 1585 946 1654 ψῆφον.
982 1584 1260 1654 Προσήκει
1307 1584 1490 1637 τοίνυν
1528 1583 1703 1638 ταῦτα
1741 1601 1921 1656 μεμαι-

2027 491 2157 545 tiam
2215 500 2270 546 et
2322 490 2499 546 foedus
2537 506 2661 545 cum
2709 493 2914 559 Achab,
2956 496 3033 549 ait
3061 494 3126 549 ad
3169 511 3292 550 eum
3333 500 3592 568 propheta

2025 581 2160 637 Jehu
2196 583 2343 638 ﬁlius
2374 581 2586 637 Hanani
2620 600 2633 634 :
2678 604 2695 633 ‹
2735 583 2844 637 Rex
2874 584 3161 655 Josapiiat,
3190 586 3234 640 si
3266 588 3392 640 huic
3432 604 3593 657 quem

2026 675 2140 729 odit
2191 674 2456 729 Dominus
2509 676 2745 728 amicitia
2796 674 3042 745 iungeris
3074 716 3088 741 ,
3154 678 3357 732 idcirco
3413 680 3594 732 veniet
3664 673 3682 695 '

2027 778 2190 834 super
2247 773 2298 818 te
2353 765 2431 819 ira
2489 764 2739 831 Domini;
2804 765 2911 819 nisi
2968 765 3108 819 bona
3163 781 3327 834 opera
3379 768 3595 822 inventa

2028 866 2151 909 sunt
2188 856 2241 908 in
2276 865 2327 910 te
2360 870 2425 909 eo
2455 856 2599 926 quod
2640 856 2931 911 abstuleris
2966 856 3119 911 lucos
3151 856 3217 911 de
3250 867 3394 911 terra
3432 859 3595 920 Juda.

2028 956 2081 999 et
2140 946 2531 1016 praeparaveris
2579 962 2674 1001 cor
2732 957 2885 1000 tuum
2939 957 2996 1000 ut
3052 947 3361 1016 requireres
3416 946 3599 1001 Domi-

2028 1053 2178 1100 num,
2227 1048 2281 1092 et
2331 1038 2610 1092 inventum
2662 1048 2744 1091 est
2793 1053 2889 1092 eor
2938 1048 3085 1090 tuum
3120 1038 3416 1107 perfectum
3457 1041 3598 1107 apud

2028 1126 2337 1182 Dominum.
2377 1127 2561 1193 Itaque
2594 1128 2830 1198 pepercit
2867 1129 2959 1181 tibi
2992 1127 3252 1182 Dominus
3282 1129 3383 1182 etsi
3427 1147 3445 1178 ι
3478 1146 3599 1198 per-

2028 1220 2199 1273 cussit
2230 1234 2394 1289 Opera
2421 1228 2511 1274 tua
2546 1234 2598 1275 et
2628 1223 2884 1274 contrivit
2928 1235 3093 1275 naves
3147 1227 3291 1275 tuas.
3322 1241 3340 1272 ι
3395 1221 3599 1275 Exinde

2027 1310 2287 1367 discimus
2320 1312 2484 1366 Deum
2521 1327 2643 1366 cum
2675 1312 2884 1382 justitia
2921 1328 3111 1382 poenas
3133 1313 3443 1367 commetiri
3476 1329 3602 1383 pec-

2026 1402 2163 1454 catis
2192 1408 2244 1454 et
2274 1416 2482 1469 aequam
2520 1400 2661 1456 ferre
2694 1401 3038 1456 sententiam.
3069 1400 3201 1466 Qum
3227 1416 3349 1454 cum
3381 1400 3602 1456 noveri-

2025 1505 2183 1554 mus,
2248 1506 2347 1545 nos
2394 1491 2557 1561 igitur
2612 1493 2766 1547 decet
2831 1490 3016 1562 fugere
3073 1492 3365 1560 impiorum
3416 1494 3602 1547 amici-

2028 1581 2156 1635 tiam
2189 1597 2252 1635 ac
2284 1581 2727 1644 familiaritatem,
2778 1584 2987 1637 nullum
3023 1584 3167 1638 enim
3202 1585 3595 1640 commercium

338 1678 566 1747 θηκότες
602 1675 623 1706 ⁸
665 1674 887 1742 φεύγειν
943 1673 1053 1726 τῶν
1086 1674 1395 1740 θεοστυγῶν
1435 1676 1529 1727 καὶ
1583 1675 1681 1745 τὴν
1736 1676 1922 1744 φιλίαν

2028 1671 2165 1726 lucis
2196 1688 2321 1726 cum
2370 1674 2626 1735 tenebris,
2671 1690 2848 1745 neque
2888 1676 3141 1730 virtutem
3174 1691 3293 1729 cum
3335 1677 3599 1747 nequitia,

339 1734 435 1822 κείι
488 1734 588 1838 τὴν
633 1734 994 1835 σῦγγίνειανθ
1040 1764 1159 1819 οὐδὲ
1200 1734 1308 1834 γὰρ
1356 1766 1456 1835 μία
1498 1734 1760 1820 κοινωνία
1780 1770 1921 1835 φωτὶ

2028 1777 2145 1817 cum
2175 1763 2555 1826 Iatrone,cum
2610 1766 2853 1820 adultero
2916 1767 3090 1819 virum
3140 1766 3348 1835 justum
3393 1779 3598 1838 partem

341 1861 480 1929 πρὸς
519 1858 733 1923 σκότος,
761 1856 887 1910 οὔτε
931 1856 1040 1926 μὴν
1084 1856 1256 1926 ἀρετῇ
1291 1856 1389 1908 καὶ
1436 1856 1626 1927 κακίᾳ,
1661 1856 1758 1910 καὶ
1795 1855 1919 1910 οὔτε

338 1951 552 2022 κλέπτῃ
584 1950 665 2002 δεῖ
696 1948 1074 2017 συμμετέχειν
1111 1946 1237 2000 οὕτε
1277 1945 1416 2016 μετὰ
1454 1943 1657 2017 μοιχῶν
1694 1949 1793 2018 τὴν
1828 1964 1923 2017 με-

341 2042 469 2113 ρίδα
489 2041 730 2094 τιθέναι·
762 2039 845 2093 διό
878 2056 1014 2109 φησι
1047 2040 1068 2071 ⁸
1091 2054 1107 2071 ο
1146 2056 1163 2089 ι
1202 2039 1334 2107 Οὐχὶ
1370 2040 1496 2102 τοὺς
1520 2038 1813 2109 μισοῦντας
1838 2056 1919 2101 σε,

342 2134 547 2202 Κύριε,
570 2132 811 2201 ἐμίσησα
854 2134 948 2184 καὶ
980 2131 1073 2184 ἐπὶ
1100 2132 1214 2194 τοῖς
1253 2130 1468 2200 ἐχθροῖς
1519 2148 1615 2184 σου
1671 2129 1925 2199 ἐξετηκό-

347 2240 497 2293 μην;
543 2222 758 2274 Τέλειον
801 2224 957 2291 μῖσος
1002 2220 1231 2290 ἐμίσουν
1274 2220 1472 2282 αύτούς
1499 2235 1513 2251 ·
1568 2220 1647 2283 εἰς
1694 2221 1923 2290 ἐχθροὺς

341 2313 593 2381 ἐγένοντό
633 2330 726 2382 μοι
746 2329 760 2343 ·
793 2331 812 2365 ι
836 2312 939 2353 -⁶
972 2329 991 2363 ‹
1022 2311 1116 2364 καὶ
1147 2311 1496 2381 παρανομίαν
1527 2312 1790 2381 ἐμίσησα,
1826 2312 1924 2365 καὶ

340 2403 443 2455 οὐκ
470 2401 736 2472 ἐκολλήθη
773 2418 863 2469 μοι
889 2400 1087 2468 καρδία
1123 2401 1369 2469 σκαμϐἡ.
1423 2418 1441 2451 ι
1487 2401 1596 2453 Καὶ
1631 2400 1815 2470 μέντοι
1859 2417 1923 2468 γε

340 2496 437 2549 καὶ
465 2496 549 2548 ὅτι
573 2494 860 2558 πταίοντες
889 2495 964 2557 ὡς
991 2493 1270 2563 ἄνθρωποι
1313 2495 1361 2545 οἱ
1407 2493 1499 2545 τοῦ
1541 2493 1678 2545 Θεοῦ
1725 2492 1922 2555 δοῦλοι,

343 2583 762 2654 φιλανθρωπίας
799 2583 1079 2650 ἀξιοῦνται
1124 2582 1407 2646 πολλάκις,
1439 2582 1527 2635 διὰ
1555 2582 1655 2644 τὰς
1700 2598 1924 2651 προειρ-

338 2676 629 2743 γασμένας
657 2674 881 2743 ἀρετὰς,
910 2675 987 2734 εἰς
1020 2673 1076 2725 δὲ
1123 2673 1191 2726 τὰ
1224 2674 1479 2743 κτήματα
1525 2674 1620 2726 καὶ
1646 2673 1713 2726 τὰ
1747 2673 1926 2743 ὑπάρ-

340 2783 514 2836 χοντα
548 2765 734 2827 αὐτοῖς
773 2767 804 2835 η
848 2764 971 2817 θεία
1019 2764 1144 2833 δίκη
1175 2763 1606 2817 ἀνταποδίδωσιν
1640 2763 1782 2834 ὑπὲρ
1814 2764 1925 2815 τῶν

342 2858 708 2927 πταισμάτων
740 2857 921 2910 αὐτῶν
951 2856 1257 2926 λεληθότως
1283 2873 1298 2888 ο
1349 2858 1410 2909 ού
1449 2858 1555 2927 μὴν
1580 2857 1636 2909 δὲ
1665 2856 1802 2911 ἀλλά
1830 2857 1927 2908 καὶ

344 2950 553 3018 ἑτέρων
581 2948 921 3018 ἁμαρτωλῶν
953 2948 1221 3001 συνόντων
1250 2947 1500 3010 δικαίοις,
1524 2946 1684 3001 τοῦτο
1705 2947 1797 3000 διὰ
1830 2946 1929 3017 τὴν

342 3039 441 3093 τοῦ
503 3040 713 3093 δικαίου
770 3038 1123 3107 δικαιοσύνην
1185 3040 1213 3090 ὁ
1268 3039 1653 3109 φιλάνθρωπος
1718 3038 1924 3108 Κύριος
1949 3079 1997 3143 C

344 3134 521 3183 ποιεῖν
590 3130 749 3184 εἴωθε
778 3132 820 3194 ⁷,
849 3131 987 3198 ὅπερ
1039 3131 1138 3200 ἤδη
1201 3132 1294 3182 καὶ
1355 3129 1447 3182 ἐπὶ
1504 3130 1774 3198 Ἰωσαφὰτ
1832 3132 1927 3183 καὶ

346 3219 566 3274 Παύλου
609 3221 796 3289 σαφῶς
834 3221 1071 3291 ἐδήλωσε
1102 3223 1195 3274 καὶ
1236 3222 1334 3290 τῆς
1362 3221 1383 3252 ⁸
1422 3219 1515 3274 τοῦ
1568 3221 1753 3274 πλοίου
1804 3239 1930 3274 συνο

343 3314 545 3383 τριϐῆς
580 3330 641 3366 τε
676 3314 771 3367 καὶ
803 3312 1082 3375 ἀπωλείας
1108 3327 1123 3343 °
1155 3310 1280 3366 ὃθεν
1308 3308 1400 3366 οὖν
1431 3312 1567 3381 πρὸς
1592 3313 1719 3375 τοὺς
1748 3312 1806 3364 ὲν
1846 3312 1924 3381 τῷ

347 3405 526 3473 πλοίῳ
576 3404 1011 3475 χειμαζομένους
1083 3404 1201 3472 μετ’
1254 3402 1418 3457 αὑτοῦ
1465 3402 1676 3466 Παῦλός
1724 3406 1929 3473 φησιθο

337 3514 373 3552 ,ι
419 3494 565 3546 Ἔδει
595 3494 695 3563 μὲν
721 3493 836 3558 οὖν,
874 3488 919 3546 ὧ
960 3492 1171 3563 ἄνδρες,
1212 3491 1688 3563 πειθαρχήσαντάς
1722 3506 1810 3560 μοι
1848 3492 1923 3562 μὴ

2026 1855 2226 1909 habere
2257 1864 2487 1925 Oportet.
2524 1856 2679 1911 Unde
2712 1857 2789 1910 ait
2832 1857 3115 1926 Scriptura
3156 1876 3170 1911 :
3219 1878 3237 1909 ι
3276 1857 3467 1914 Nonne
3506 1865 3599 1930 qui

2029 1948 2263 2002 oderunt
2313 1957 2386 2015 te,
2446 1948 2691 2011 Domine,
2737 1949 2978 2014 oderam,
3034 1957 3087 2003 et
3137 1964 3302 2018 super
3350 1951 3602 2005 inimicos

2032 2046 2157 2093 tuos
2213 2038 2600 2093 tabescebam?
2637 2040 2888 2095 Perfecto
2937 2040 3062 2094 odio
3107 2041 3327 2095 oderam
3379 2043 3500 2097 illos
3551 2055 3605 2097 et

2026 2130 2233 2184 inimici
2267 2128 2393 2185 facti
2437 2139 2566 2186 sunt
2618 2131 2773 2185 mihi.
2816 2130 3100 2187 Faeientes
3131 2134 3604 2201 praevaricationes

2026 2220 2190 2285 odivi,
2214 2235 2321 2273 non
2342 2220 2567 2274 adhaesit
2593 2220 2726 2273 mibi
2744 2235 2839 2274 cor
2865 2236 3114 2289 pravum.
3147 2240 3163 2272 ι
3190 2220 3325 2287 Quia
3345 2222 3483 2275 servi
3508 2222 3603 2278 Del

2025 2320 2333 2382 peccantes,
2379 2327 2500 2381 quae
2552 2320 2639 2367 est
2688 2312 2927 2366 hominis
2978 2322 3192 2377 natura,
3252 2314 3406 2367 venia
3454 2315 3602 2382 digni

2027 2406 2366 2458 azstimantur
2398 2414 2613 2473 propter
2655 2405 2881 2458 virtutes
2910 2422 3046 2474 quas
3069 2408 3243 2473 primo
3272 2408 3557 2460 coluerunt
3586 2426 3601 2471 ;

2029 2495 2081 2549 in
2114 2494 2315 2551 divitiis
2337 2504 2517 2555 autem
2552 2496 2816 2564 bonisque
2863 2497 3090 2551 terrenis
3114 2513 3141 2550 a
3175 2497 3355 2550 divina
3394 2498 3601 2566 justitta

2029 2586 2328 2653 puniuntur
2352 2587 2422 2640 ob
2454 2599 2667 2654 peccata
2698 2602 2816 2652 sua,
2847 2588 2939 2641 sed
2968 2603 3126 2657 paena
3160 2604 3263 2642 non
3289 2596 3395 2641 tam
3428 2589 3604 2642 mani-

2031 2671 2165 2727 festa
2200 2683 2300 2727 εει.
2344 2673 2572 2727 Maxime
2599 2684 2776 2729 autem
2810 2691 2932 2728 cum
2972 2676 3061 2729 alii
3092 2685 3411 2746 peccatores
3439 2677 3603 2745 justis

2030 2763 2361 2826 cobabitaut,
2397 2764 2765 2831 propterjusti
2812 2764 3083 2833 justitiam
3137 2765 3454 2820 misericors
3501 2764 3604 2817 Do-

2031 2851 2212 2905 minus
2254 2865 2357 2904 non
2392 2850 2568 2905 facere
2602 2853 2739 2906 solet
2781 2855 2925 2922 quod
2959 2856 3010 2907 in
3040 2853 3301 2925 Josapbat
3337 2865 3392 2910 et
3432 2857 3602 2916 Paulo

2031 2940 2158 2995 fecit
2188 2956 2282 3012 per
2314 2942 2695 2995 contritionem
2747 2953 2801 2995 et
2844 2944 3193 2998 amissionem
3237 2947 3415 3000 navis.
3450 2945 3605 3000 Unde

2033 3031 2097 3083 ad
2130 3045 2225 3083 eos
2251 3029 2343 3097 qui
2378 3045 2500 3082 cum
2534 3030 2649 3099 ipso
2698 3039 3015 3098 tempestate
3063 3033 3115 3085 in
3151 3034 3282 3086 mari
3323 3036 3606 3102 perturba-

2029 3122 2249 3185 bantur,
2288 3122 2488 3175 Paulus
2540 3122 2616 3175 ait
2658 3139 2670 3174 :
2729 3139 2747 3171 ι
2798 3123 3094 3191 Oportebat
3138 3124 3383 3192 quidem,
3423 3126 3602 3186 oviri.

2028 3216 2212 3271 audito
2258 3231 2375 3281 me;
2435 3231 2540 3270 non
2586 3217 2775 3270 tollere
2819 3231 2849 3270 a
2906 3217 3087 3281 Creta,
3140 3218 3389 3288 tuerique
3428 3219 3606 3273 facere

2030 3308 2286 3376 injuriam
2330 3310 2472 3363 hanc
2517 3317 2572 3363 ct
2612 3310 2910 3376 jacturam.
2942 3308 3007 3362 Et
3038 3324 3184 3362 nunc
3206 3310 3410 3365 suadeo
3448 3312 3604 3365 vobis

2030 3401 2174 3454 bono
2202 3401 2383 3454 animo
2411 3416 2562 3465 esse;
2595 3401 2821 3457 amissio
2861 3401 3006 3455 enim
3037 3402 3236 3456 nullius
3277 3402 3471 3457 anima:
3503 3404 3609 3457 erit

2028 3506 2093 3546 ex
2125 3492 2280 3546 vobis
2311 3502 2670 3561 praterquam
2705 3492 2877 3547 navis.
2914 3511 2933 3543 ι

346 3589 649 3658 ἀνάγεσθαι
676 3590 785 3642 ἀπδ
842 3591 940 3658 τῆς
966 3590 1211 3659 Κρήτης,
1251 3590 1512 3661 κερδῆσαί
1548 3605 1607 3641 τε
1651 3588 1752 3659 τὴν
1785 3586 1942 3657 ὓϐριν
1977 3588 2183 3657 ταύτην
2238 3591 2329 3640 καὶ
2365 3588 2463 3656 τὴν
2511 3587 2734 3657 ζημίαν.
2769 3587 2878 3640 Καὶ
2910 3589 2977 3641 τὰ
3017 3587 3112 3642 νῦν
3166 3590 3419 3659 παραινῶ
3461 3591 3601 3660 ὑμᾶς

345 3684 610 3752 εὐθυμεῖν
636 3698 650 3713 ο
686 3680 929 3752 ἀποϐολὴ
959 3687 1070 3753 γὰρ
1095 3684 1276 3753 ψυχῆς
1313 3682 1568 3751 οὐδεμιᾶς
1597 3680 1750 3733 ἔσται
1772 3677 1831 3743 ἐξ
1861 3679 2013 3749 ὑμῶν
2048 3678 2187 3748 πλὴν
2215 3680 2307 3732 τοῦ
2341 3680 2548 3733 πλοίου.
2584 3699 2603 3731 ι

778 3778 831 3829 Μ
840 3776 922 3830 H'.
958 3778 1251 3831 Βασιλεία
1284 3775 1509 3844 Ἰωράμ.

422 3896 469 3925 ¹⁶
501 3894 659 3947 Μετά
696 3892 968 3961 Ἰωσαφὰτ
994 3890 1307 3945 ἐϐασίλευσε
1347 3890 1570 3960 Ἰωρὰμ,
1597 3891 1712 3953 υίὸς
1740 3889 1928 3955 αὑτοῦ,

346 3988 445 4039 καὶ
489 3984 715 4052 ἰποίησε
754 3984 816 4037 τὸ
846 3984 1085 4054 πονηρὸν
1133 3984 1365 4037 ὲνὼπιον
1411 3982 1621 4051 Κυρίου
1648 3997 1662 4011 ⁸
1697 3980 1832 4052 πρὸς
1871 3981 1929 4034 δὲ

346 4081 444 4132 καὶ
474 4076 602 4140 τοὺς
624 4076 686 4141 ἒξ
714 4076 976 4145 ἀδέλφους
1008 4075 1163 4156 153
1215 4074 1378 4128 αὑτοῦ
1424 4073 1749 4139 ἀποκτείνας
1793 4073 1928 4129 ἀπέ-

347 4172 478 4226 θανε
507 4170 909 4240 δυσεντερικὸς,
940 4170 1266 4240 βασιλεύσας
1291 4169 1385 4241 ἔτη
1414 4175 1486 4240 η’.

742 4279 876 4336 MO’.
909 4281 1202 4345 Βασιλεία
1260 4277 1539 4348 Ὀχοζῖου.

2439 3773 2671 3830 XLVIII.
2716 3776 2947 3846 Regnum
2972 3776 3178 3831 10mm.

2107 3890 2234 3943 Post
2258 3887 2517 3957 Josapltat
2551 3885 2990 3958 rcgnavitJoram
3020 3884 3163 3938 titius
3192 3884 3338 3952 ejus,
3372 3883 3607 3952 fecitque

2037 3982 2236 4044 malum
2270 3981 2321 4035 in
2355 3991 2648 4051 conspectu
2687 3980 2937 4045 Domini;
2969 3978 3169 4031 occidit
3202 3986 3381 4030 autem
3407 3974 3607 4028 fratres

2035 4090 2165 4130 suos
2202 4089 2295 4130 sex
2337 4083 2389 4127 ct
2431 4082 2680 4128 mortuus
2711 4080 2790 4126 cst
2820 4069 3197 4141 dysentericus
3231 4082 3354 4120 cum
3380 4081 3604 4136 regnas-

2034 4177 2115 4221 set
2142 4181 2319 4229 annos
2349 4176 2493 4224 octo.

2442 4275 2631 4331 XLIX.
2664 4276 2894 4346 Regnum
2931 4273 3189 4331 Ocltost'w.

418 4375 462 4407 ¹¹
487 4373 645 4433 Μετά
676 4373 864 4427 τοῦτον
895 4371 1250 4427 ὲὸασίλευσεν
1298 4372 1568 4442 Ὀχοζίας,
1595 4372 1706 4433 υίὸς
1732 4370 1919 4434 αὐτοῦ,

2102 4366 2234 4423 Post
2278 4367 2425 4419 hunc
2468 4365 2718 4434 regnavit
2748 4362 3013 4417 Dchosias
3065 4359 3206 4413 tilius
3231 4356 3349 4425 ejus
3390 4362 3444 4410 et
3484 4355 3606 4411 fecit

344 4464 443 4523 καὶ
501 4462 726 4535 ἐποίησε
788 4460 851 4515 τό
923 4460 1163 4533 πονηρὸν
1243 4460 1477 4513 ἐνώπιον
1538 4458 1770 4527 Κυρίου,
1831 4458 1924 4517 καὶ

343 4552 557 4607 ἀνεῖλεν
588 4552 753 4606 αὐτὸν
793 4550 957 4624 Ἰηοῦ,
996 4550 1398 4622 βασιλεύσαντα
1426 4550 1543 4612 ἔτος
1577 4545 1647 4599 α’.

755 4669 837 4723 N'.
870 4669 1161 4723 Βασιλεία
1211 4666 1531 4731 Γοθολίας.

416 4782 462 4815 ⁸⁸
487 4782 645 4837 Μετά
679 4781 737 4836 δὲ
774 4782 1018 4852 Ὀχοζίαν
1047 4780 1368 4837 ἐϐασίλευσε
1401 4779 1644 4847 Γοθολία,
1676 4781 1708 4849 ἡ
1741 4781 1922 4851 μήτηρ

342 4873 539 4938 αὑτοῦ,
576 4877 670 4927 καὶ
692 4872 1065 4927 ἀποκτείνασα
1096 4872 1305 4934 πάντας
1330 4872 1455 4935 τοὺς
1485 4873 1631 4935 υἱοὺς
1677 4870 1918 4941 Ὀχοζίου

343 4964 622 5035 παρεκτὸς
653 4964 851 5031 νηπίου
910 4963 1029 5027 ἑνὸς
1080 4962 1432 5025 διασωθέντος
1467 4960 1784 5032 παραδόξως
1817 4961 1921 5015 ὑπὸ

337 5056 459 5125 τῆς
497 5056 762 5120 γυναικὸς
841 5056 1021 5111 Ἰωδαὲ
1084 5055 1180 5111 τοῦ
1250 5054 1441 5124 ἱερέως
1468 5070 1481 5083 ·
1531 5054 1798 5124 αἰφνίδιον
1860 5053 1922 5106 τὸ

338 5147 844 5218 ἀποκεκρυμμένον
874 5147 1091 5202 παιδίον
1133 5146 1289 5209 Ἰωάς
1332 5148 1723 5218 ἀναγορεύεται
1763 5145 1918 5217 βασι-

2031 4460 2235 4516 malum
2268 4459 2324 4511 in
2353 4465 2647 4525 conSpcctu
2683 4454 2925 4517 Domini,
2959 4460 3015 4507 et
3046 4450 3262 4507 occisus
3301 4460 3380 4501 est
3417 4463 3443 4501 a
3471 4447 3603 4509 Jelttt

2033 4565 2155 4607 cum
2184 4547 2519 4619 regnavisset
2551 4562 2753 4601 annum
2780 4560 2971 4600 unum.

2495 4658 2557 4713 L.
2600 4658 2832 4731 Regnum
2870 4656 3145 4715 Gotholiw.

2099 4773 2230 4833 Post
2253 4774 2541 4831 Oeliosiam
2561 4773 2802 4844 regnavit
2821 4771 3122 4833 Getholias,
3148 4775 3319 4823 mater
3343 4766 3484 4834 ejus,
3517 4778 3601 4818 oc.

2028 4870 2269 4940 ciditque
2300 4883 2488 4923 omnes
2509 4867 2649 4921 tilios
2665 4864 2915 4920 Ochosia:
2932 4873 3125 4934 praeter
3147 4873 3315 4913 unum
3345 4867 3475 4911 natu
3504 4858 3603 4909 mi-

2028 4964 2235 5019 nimum
2255 4961 2347 5032 qui
2378 4970 2568 5015 contra
2590 4972 2742 5028 spem
2766 4957 3005 5010 salvatus
3021 4960 3103 5007 est
3121 4950 3190 5005 ab
3213 4963 3382 5004 uxore
3401 4946 3603 5003 Joiadee
3687 5000 3695 5007 .

2027 5055 2207 5126 magni
2231 5053 2523 5123 pontiﬁcis.
2564 5049 2664 5116 Qui
2692 5063 2826 5117 puer
2854 5046 2981 5100 Joas
3011 5043 3230 5098 nomine
3254 5040 3348 5095 diu
3380 5041 3608 5093 abscon—

2028 5142 2174 5195 ditus
2208 5156 2302 5195 rex
2345 5142 2678 5195 acelamatus
2717 5146 2800 5190 est
2841 5150 2868 5187 a
2902 5133 3182 5189 sacerdote
3211 5127 3601 5197 Joiadatomni-

1544 5317 1743 5377 Varia:
1776 5316 2082 5377 lectiones
2125 5319 2390 5373 etnotae.

415 5470 438 5507 ν
472 5466 517 5522 ΙΙ
556 5466 679 5523 Par.
704 5482 818 5529 ιιι,
854 5465 910 5527 Ξ.
943 5468 996 5522 3.
1077 5466 1097 5498 ⁸
1130 5466 1171 5521 ll
1212 5467 1333 5521 Par.
1368 5485 1458 5529 xx,
1492 5469 1584 5522 37.
1660 5469 1681 5498 ⁸
1714 5467 1925 5535 μεμαθη

2028 5465 2175 5535 ἀςῖῇ
2206 5459 2617 5535 “Ps.ucx§_xtv‘,
2647 5456 2833 5521 2t,22.
2903 5451 3173 5535 ᾕρει-οι,
3208 5452 3263 5514 3i,
3296 5449 3385 5535 $.77
3429 5444 3603 5535 ’νείιξτ-

342 5538 471 5593 Oet?
577 5538 597 5569 '
629 5538 704 5591 ιδ.
743 5537 835 5589 διά
868 5537 966 5604 τῆς
997 5536 1118 5591 ced.
1254 5540 1274 5569 ’
1301 5538 1425 5591 Act.
1456 5552 1627 5600 xxvtt,
1656 5536 1875 5591 ιιι-εν.

341 5678 562 5734 18-558.
586 5679 650 5739 ις
693 5675 735 5732 II
761 5675 915 5743 .Reg.
950 5692 1026 5739 τι,
1058 5677 1132 5736 3:
1168 5676 1208 5730 11
1254 5674 1380 5729 Par.
1412 5692 1545 5739 xxrt,
1576 5676 1660 5737 I2.

727 5771 993 5831 Pauor“
1035 5770 1153 5831 Gn.
1202 5769 1331 5831 CX.

343 5538 471 5605 Oet?
577 5538 597 5569 '
629 5538 704 5591 ιδ.
743 5537 835 5589 διά
868 5537 966 5604 τῆς
997 5536 1118 5591 ced.
1254 5540 1274 5569 ’
1301 5538 1425 5591 Act.
1456 5552 1627 5600 xxvtt,
1656 5531 1875 5591 ἳὶ-ΞΞ.
1921 5531 1925 5535 ’

343 5611 383 5662 ἕξ
417 5607 669 5665 856-855
728 5605 1079 5675 (ιεθθοεδοο)
1106 5605 1234 5661 Ccd.
1260 5605 1387 5675 j79,
1415 5606 1501 5662 15.
1530 5607 1664 5671 Reg.
1693 5621 1809 5671 νιιι.
1838 5605 1905 5659 Ξϐ

2075 5533 2180 5586 863
2229 5531 2409 5598 (4291)

2042 5600 2165 5656 Par.
2217 5616 2352 5662 χχιι,
2404 5600 2459 5653 2.

2466 5529 2511 5582 ll
2570 5517 3260 5656 ΕθίὲὦιηἏέἔἌίιιιὲῐόαἳτ.

3215 5757 3250 5829 9
