4048 6212
1120 265 1207 278 .__'

341 334 439 399 εει

1540 339 1999 403 CHRUNICON.
2043 363 2111 376 ·-
2150 333 2301 402 LIB.
2346 341 2426 403 ll.

3486 352 3594 415 282

343 451 465 501 σίαν
496 446 580 502 ἀεὶ
625 446 721 499 καὶ
759 446 1040 518 προσεχῶς
1077 448 1223 519 αῦτῴ
1254 449 1295 479 ⁸⁸
1340 452 1435 503 καὶ
1466 450 1571 521 πρὸ
1604 452 1712 504 τῶν
1738 452 1900 505 ἄλλον.

2016 448 2097 504 los
2149 451 2457 521 multasque
2509 452 2623 508 alas
2669 463 2724 510 et
2779 454 3041 513 dicuntur
3099 457 3280 530 lingua
3329 461 3593 521 llebraica

338 540 556 609 ἀμέσως
582 538 825 609 ἡνῶσθαι
856 539 902 571 ⁸³
933 540 1398 612 παραδεδομένην,
1434 539 1527 613 [β’]
1562 542 1688 607 τούς
1722 560 1780 596 τε
1803 542 1914 613 γάρ

238 610 253 620 ”
338 630 677 698 ἁγιωτάτους
705 628 965 701 Θρόνους,
1002 630 1098 705 [γ’]
1130 610 1224 687 και
1254 610 1716 703 ’τὲ-πολυόμματα
1745 632 1791 665 ⁸³
1817 610 1914 686 καὶ

334 725 399 776 τὶ
430 720 752 792 πολύπτερα
779 722 1084 794 Χερουϐὶμ,
1118 726 1182 794 τῇ
1213 723 1478 794 Ἐϐραίων
1511 728 1666 794 φωνῇ
1694 724 1790 777 καὶ
1817 725 1913 777 Σε-

334 814 512 884 ριφὶμ
535 814 929 884 ὠνομασμέναι
953 844 1025 855 --
1049 814 1159 868 Καὶ
1186 815 1407 885 ἀμέσως
1446 815 1727 886 ἱδρύεσθαι
1754 833 1907 886 φησι,

334 906 682 977 παραδιδόναι
711 907 813 978 τὴν
833 906 942 959 τῶν
971 907 1132 977 ἱερῶν
1158 906 1356 976 λογίων
1385 908 1773 978 ὲκφαντορίαν.
1807 908 1910 961 Τὸν

329 999 611 1068 τριαδικδν
640 996 737 1053 οὖν
766 998 956 1053 τοῦτον
999 999 1294 1069 διάκοσμον
1324 1000 1400 1064 ώς
1434 1001 1552 1066 ἕνα,
1583 1002 1679 1055 καὶ
1711 1002 1911 1070 ὁμοτασ-

332 1090 425 1155 Υῆι
458 1090 557 1143 καὶ
586 1089 760 1153 ὅντως
809 1090 1034 1158 πρώτην
1080 1090 1385 1161 ἱεραρχίαν,
1435 1094 1463 1144 6
1498 1092 1709 1154 κλεινὸς
1748 1091 1909 1162 ήμῶν

332 1182 433 1251 ἔφη
484 1180 843 1251 καθηγεμὼν,
874 1177 943 1251 ἦς
987 1181 1089 1235 οὐκ
1139 1181 1288 1235 ἔστιν
1324 1183 1485 1252 ἑτέρα
1534 1183 1908 1253 θεοειδεστέρα

334 1271 425 1323 καὶ
446 1270 603 1343 [τοῖς]
632 1274 1015 1343 πρωτουργοῖς
1036 1275 1137 1344 τῆς
1167 1274 1429 1344 θεαρχίας
1465 1274 1606 1347 (HO)
1636 1275 1907 1345 ἐλλάμψε-

331 1379 417 1413 σιν
446 1362 672 1432 ἀμέσως
715 1363 1146 1434 προσεχεστέρα.
1206 1367 1476 1436 Δευτέραν
1525 1367 1581 1419 δὲ
1630 1363 1767 1422 εἶναι
1807 1367 1906 1438 τὴν

330 1447 475 1521 [ὑπὸ]
501 1449 614 1503 τῶν
647 1451 963 1517 Ἐξουσιῶν.
988 1453 1085 1506 καὶ
1106 1454 1478 1525 Κυριοτήτων,
1503 1456 1597 1508 καὶ
1609 1458 1906 1526 Δυνάμεων

328 1541 848 1613 συμπληρουμένην,
881 1544 975 1596 καὶ
1000 1544 1193 1615 τρίτην
1226 1546 1311 1598 ἐπ’
1343 1547 1589 1617 ἐσχάτων
1612 1548 1721 1601 τῶν
1742 1547 1907 1619 οὖρα-

328 1632 450 1682 νίων
482 1631 781 1702 ίεραρχιῶν
798 1633 897 1704 τὴν
926 1634 1036 1687 τῶν
1065 1635 1114 1666 ⁸⁸
1164 1636 1370 1706 ’Δρχῶν
1410 1638 1505 1690 καὶ
1551 1636 1710 1709 164
1746 1638 1908 1707 ἀγγέ-

326 1722 427 1775 λων
456 1722 848 1794 διακόσμησιν.
891 1756 961 1765 —
987 1725 1104 1796 (I5)
1134 1725 1331 1780 ’ἰστέον
1374 1726 1466 1781 οῦν
1499 1729 1575 1791 ώς
1600 1730 1703 1783 οὐκ
1741 1730 1903 1784 ἄλλον

2023 539 2315 596 Cherubim
2342 550 2395 596 et
2425 540 2732 612 Scraphim.
2758 546 3095 615 Immediate,
3120 550 3219 616 ait,
3241 567 3405 621 prope
3423 553 3592 611 Deum

2024 630 2212 686 sedent
2258 640 2316 685 ut
2350 647 2538 702 preces
2563 634 2815 691 oﬂ‘erant.
2855 637 2989 694 Tres
3019 640 3105 696 isti
3132 641 3352 698 ordines
3382 643 3593 701 bierar-

2022 720 2199 775 chiam
2226 723 2457 791 primam
2498 725 2842 780 constituunt
2872 727 3014 783 inter
3044 745 3105 785 se
3142 732 3400 801 coaptati,
3434 744 3494 789 ut
3518 737 3595 791 ait

2019 812 2209 867 doctor
2245 814 2332 868 ille
2366 815 2527 884 cujus
2572 816 2797 887 vestigia
2845 819 3148 888 sequimur,
3183 834 3284 876 nec
3312 822 3400 877 illa
3442 823 3593 879 hier-

2018 905 2201 958 arebia
2218 914 2299 960 est
2320 906 2426 960 alia
2449 907 2698 976 superior
2734 909 2901 963 Deum
2921 909 3175 974 videndo,
3198 911 3245 963 ei
3281 913 3591 980 serviendo,

2016 995 2244 1066 ejusque
2279 996 2731 1053 illustrationibus
2764 998 3014 1054 fruendo.
3066 999 3315 1055 Secunda
3351 1000 3595 1059 Potesta-

2018 1087 2181 1152 tibus,
2213 1086 2679 1145 Dominationibus
2718 1100 2771 1145 et
2806 1090 3112 1149 Virtutibus
3136 1103 3390 1161 constat;
3432 1100 3589 1152 lerliu

2017 1192 2168 1241 vero,
2205 1176 2625 1247 Principatibus,
2652 1182 3010 1253 Archangelis
3045 1194 3102 1240 et
3130 1187 3369 1256 Angelis.
3405 1187 3591 1244 Scien-

2012 1269 2142 1324 dum
2174 1278 2279 1336 est,
2315 1269 2650 1341 Scriptorum
2701 1275 2907 1329 nullum
2956 1276 3268 1332 nominasse
3316 1280 3591 1349 angelum.

2016 1362 2189 1417 tribus
2223 1364 2485 1433 exceptis,
2538 1365 2763 1421 Michael
2812 1368 3065 1433 scilicet,
3110 1370 3348 1440 Rapbael
3375 1381 3430 1427 et
3478 1372 3589 1428 Ga—

2014 1452 2173 1507 briel.
2203 1451 2363 1508 Stulti
2395 1454 2560 1524 igitur
2597 1466 2726 1510 sunt
2769 1468 2821 1512 et
2856 1460 3012 1532 longe
3069 1477 3098 1515 a
3138 1462 3363 1517 veritate
3404 1461 3591 1527 alieni,

2013 1544 2106 1613 qui
2145 1560 2243 1599 sua
2279 1556 2472 1616 sponte
2509 1547 2793 1617 prolerunt
2825 1551 2928 1606 alia
2982 1553 3300 1623 angelorum
3339 1552 3589 1619 nomina,

2015 1633 2069 1687 in
2103 1635 2391 1703 perniciem
2441 1637 2618 1706 impiae
2654 1654 2717 1692 ac
2738 1641 3141 1698 scelestissima:
3162 1658 3348 1698 eorum
3365 1644 3589 1705 animm.

2014 1725 2079 1777 a.l
2114 1727 2418 1793 perdendos
2468 1731 2751 1785 audientes
2778 1742 2831 1786 et
2878 1735 3162 1791 credentes
3192 1750 3434 1791 errorem
3481 1734 3593 1791 Deo

324 1816 462 1880 τινὸς
511 1818 752 1887 ἀγγέλου
784 1821 1158 1892 προσηγορίαν
1189 1823 1457 1891 ἐδήλωσεν
1483 1826 1512 1894 ἡ
1534 1826 1731 1894 Γραφὴ
1767 1843 1900 1880 παν-

2012 1817 2271 1872 odibilem
2305 1861 2319 1883 ,
2380 1820 2617 1875 hostium
2666 1834 2720 1878 et
2769 1824 3127 1881 nefandorum
3184 1827 3589 1884 hatreticorum.

325 1906 485 1969 τελῶς
524 1908 557 1977 ῆ
594 1908 759 1977 μόνον
786 1908 895 1962 τῶν
919 1910 1087 1978 τριῶν
1117 1911 1344 1977 τούτων,
1383 1914 1627 1984 Μιχαὴλ,
1660 1915 1905 1987 Γαϐριὴλ

323 1991 410 2043 καὶ
454 1991 725 2065 Ῥαφαήλ.
790 1997 1000 2050 Οὐκοῦν
1048 1999 1477 2070 ἐματαιιέλθησαν
1512 2004 1578 2055 ἐκ
1608 2002 1903 2076 διαμέτρου

324 2086 410 2136 καὶ
441 2087 826 2157 πεπλάνηνται
867 2090 988 2144 λίαν
1014 2093 1064 2144 οἱ
1097 2092 1600 2165 πλαστουργοῦντες
1638 2098 1732 2150 καὶ
1760 2115 1903 2169 παρ-

322 2176 672 2247 εισφέροντες
698 2178 890 2248 ἑτέρας
938 2181 1242 2251 ὀνομασίας
1288 2183 1537 2252 ἀγγέλων
1579 2185 1666 2239 ἐπ’
1701 2185 1905 2258 ὀλέθρῳ

325 2268 419 2334 τῆς
451 2270 677 2323 ἀνοσίου
730 2272 823 2324 καὶ
882 2273 1178 2326 παναθλίου
1214 2274 1393 2327 αὐτῶν
1443 2275 1624 2347 ψυχῆς
1678 2278 1773 2331 καὶ
1809 2280 1903 2333 ἐπὶ

323 2365 674 2434 καταστροφῇ
706 2363 813 2416 τῶν
843 2365 1153 2418 ἀκουόντων
1183 2367 1277 2420 καὶ
1317 2368 1660 2439 πειθομένων
1689 2373 1755 2440 τῇ
1784 2370 1903 2425 θεο-

322 2455 509 2519 στυγεῖ
539 2453 720 2524 πλάνῃ
752 2454 859 2509 τῶν
879 2455 1212 2527 δυσωνύμων
1242 2460 1338 2512 καὶ
1375 2460 1787 2530 πλαστωνῦμων
1815 2463 1902 2516 αί-

324 2543 586 2611 ρετικῶν;
619 2545 845 2613 ’Δμέλει
879 2548 940 2611 γέ
973 2564 1055 2600 τοι
1093 2548 1183 2601 καὶ
1215 2549 1449 2604 τοιοῦτοί
1483 2553 1590 2605 εἰσι
1613 2552 1709 2606 καὶ
1745 2554 1901 2623 τηλι-

320 2634 527 2706 κεῦτης
562 2637 721 2707 δόξης
752 2638 815 2690 ὲκ
855 2637 955 2707 τῆς
989 2636 1139 2702 θείας
1179 2642 1508 2713 προσεδρίας
1560 2642 1907 2715 ἠξιώθησαν,

320 2729 431 2781 ἀλλ’
462 2729 623 2782 οὐδὲν
656 2729 765 2782 τῶν
787 2730 1091 2800 μελλόντων
1121 2732 1266 2786 ἴσασι
1290 2734 1418 2805 πρὶν
1439 2734 1506 2788 ἂν
1527 2733 1729 2805 τύχωσι
1750 2736 1901 2800 θείας

322 2820 737 2897 ἀποκαλύψεως,
776 2822 929 2893 παρά
967 2823 1060 2877 τοῦ
1093 2824 1164 2878 τὰ
1214 2826 1394 2880 πάντα
1428 2829 1900 2898 προγινώσκοντος

325 2911 478 2977 φῦσει
511 2911 609 2964 καὶ
644 2911 1006 2980 προλέγοντος
1036 2913 1170 2967 Θεοῦ
1202 2916 1298 2969 καὶ
1326 2916 1621 2989 διαρρήδην
1652 2915 1709 2972 εὖ
1754 2918 1901 2989 μάλα

324 3004 619 3069 φάσκοντος
643 3003 690 3035 ⁸⁸
714 3020 728 3035 ο
767 3022 785 3055 ι
816 3005 930 3059 Οὐκ
963 3005 1110 3059 ἔστιν
1129 3008 1157 3060 6
1195 3008 1545 3077 ἀναγγέλλων
1565 3012 1635 3065 τὰ
1664 3012 1897 3083 ἐπερχό-

328 3111 457 3159 μενα
485 3094 629 3165 πλὴν
658 3094 817 3164 ἐμοῦ.
848 3113 865 3147 ι
923 3098 1031 3151 Καὶ
1064 3099 1227 3152 τοῦτο
1268 3100 1447 3169 δηλῶν
1479 3103 1506 3154 6
1558 3102 1899 3174 ἀρχάγγελος

328 3186 423 3256 ίιρη
451 3187 496 3218 ⁸⁵
518 3201 530 3214 ·
564 3207 582 3238 ι
618 3186 790 3258 Κύριε
817 3190 1235 3261 παντοκράτωρ,
1268 3191 1373 3255 ἕως
1399 3192 1543 3256 τίνος
1582 3194 1642 3247 οὐ
1678 3195 1753 3266 μὴ
1783 3194 1900 3249 ἐλε-

325 3277 453 3349 ήσῃς
486 3278 589 3347 τὴν
623 3278 986 3351 Ἰερουσαλὴμ
1024 3281 1119 3334 καὶ
1148 3280 1248 3344 τὰς
1295 3281 1482 3345 πόλεις
1529 3283 1788 3347 Ἰουδαίας
1830 3283 1898 3350 ἃς

324 3370 637 3441 ὑπερεῖδεςς
676 3392 692 3423 ι
751 3370 827 3434 ώς
872 3371 1085 3439 ἀγνοῶν
1137 3372 1407 3443 δήπουθεν
1447 3376 1546 3445 τῆς
1582 3375 1897 3445 ἐλευθερίας

318 3457 406 3513 τδν
434 3464 656 3533 χρόνον,
690 3463 897 3531 ἔφασκε
929 3463 1102 3518 ταῦτα
1125 3481 1141 3496 ο
1173 3464 1269 3519 καὶ
1289 3465 1516 3530 ἀλλοίως
1548 3468 1648 3520 οὐκ
1666 3467 1893 3522 ἔστινδτ.

323 3554 428 3607 Καὶ
451 3554 520 3622 δὴ
549 3554 683 3625 περὶ
724 3555 826 3625 τῆς
877 3554 1118 3626 ἐσχάτης
1174 3556 1387 3627 ἡμέρας
1434 3558 1531 3611 καὶ
1582 3559 1896 3626 συντελείας

318 3645 561 3716 ἐναργῶς
583 3646 944 3717 ὕπεμφαίνων
964 3649 991 3700 6
1012 3646 1218 3718 Κύριος
1239 3648 1337 3720 τὴν
1362 3648 1568 3705 τούτων
1588 3651 1812 3719 ἄγνοιαν
1826 3650 1891 3686 ⁸⁸·

319 3755 338 3786 ι
367 3736 503 3790 Οὐδὲ
536 3737 587 3788 oi
616 3734 841 3803 ἄγγελοι
867 3737 1232 3805 γινώσκουσιν
1253 3752 1266 3766 ·
1302 3756 1320 3791 ι
1381 3739 1685 3793 καντεῦθεν
1708 3741 1896 3796 λοιπὸν

312 3828 432 3879 οὐδὲ
476 3828 541 3880 τ’)
593 3826 902 3897 μυστήριον
949 3826 1047 3895 τῆς
1083 3827 1350 3898 ὲνσάρκου
1399 3828 1551 3892 θείας
1584 3830 1896 3897 οἰκονομίας

310 3920 523 3973 εῖδεσαν
581 3918 645 3971 τὸ
696 3918 1220 3990 ἀποκεκρυμμένον,
1282 3920 1454 3991 ἀλλ’ἢ
1489 3924 1546 3976 ὲν
1591 3923 1671 3995 τῷ
1701 3923 1744 3955 ⁸⁸
1775 3923 1894 3995 Θεῴ

307 4010 457 4077 μόνῳ
486 4010 564 4077 ⁸⁸,
602 4027 620 4059 ι
645 4009 703 4060 έν
730 4000 776 4075 ᾧ
794 4008 843 4060 οἱ
871 4006 1136 4079 θησαυροὶ
1157 4009 1256 4080 τῆς
1289 4010 1484 4079 σοφίας
1508 4014 1603 4066 καὶ
1631 4013 1729 4083 τῆς
1755 4013 1895 4082 γνώο

308 4118 446 4165 σεως
468 4100 868 4170 ἀπόκρυφοιυ.
898 4117 918 4153 ι
938 4132 1005 4143 -—
1029 4119 1047 4152 ι
1083 4101 1180 4164 Τίς
1202 4102 1310 4173 γὰρ
1340 4102 1481 4170 ἔγνω
1507 4104 1631 4158 νοῦν
1662 4105 1891 4176 Κυρίου,

306 4195 461 4264 ςησὶ,
515 4191 553 4263 ἢ
601 4191 688 4254 τίς
740 4191 1051 4261 σύμϐουλος
1102 4194 1267 4247 αὑτοῦ
1299 4194 1559 4263 ὲγένετφς
1595 4215 1612 4248 ι
1652 4196 1809 4251 Μετά
1835 4197 1894 4251 δὲ

307 4285 406 4354 τῆς
462 4280 857 4354 σωτηριώδους
918 4284 1385 4357 ένανθρωπήσεως
1443 4284 1490 4318 ³¹
1561 4304 1578 4337 ι
1618 4287 1889 4358 ἐγνώσθη,

308 4376 448 4427 κατά
474 4375 571 4427 τὸν
600 4374 765 4427 αὐτὸν
806 4374 1155 4439 Ἀπόστολον,
1200 4377 1324 4436 ταῖς
1383 4375 1608 4446 Ἀρχαῖς
1640 4379 1737 4429 καὶ
1770 4378 1890 4438 ταῖς

2006 1908 2270 1979 Equidem
2331 1921 2460 1966 sunt
2518 1913 2655 1968 tales
2714 1917 2889 1985 angeli
2947 1917 3039 1986 qui
3103 1920 3398 1973 maximam
3462 1927 3592 1974 sunt

2007 1998 2186 2068 adepti
2218 1999 2447 2070 gloriam
2495 2017 2559 2056 eo
2588 2004 2733 2072 quod
2776 2021 2942 2075 prope
2977 2007 3144 2061 Deum
3188 2007 3402 2071 adsint;
3451 2017 3593 2063 atta-

2007 2104 2131 2143 men
2185 2090 2321 2144 nihil
2370 2090 2680 2148 Iuturorum
2734 2105 3004 2151 noverunt
3063 2099 3381 2168 priusquam
3444 2101 3588 2170 apud

2007 2181 2174 2235 Deum
2211 2182 2448 2237 divinam
2476 2184 2780 2240 invenerint
2801 2202 2991 2241 eorum
3023 2190 3431 2259 apocalypsim;
3466 2190 3585 2259 ipso

2004 2272 2149 2327 enim
2184 2282 2379 2328 natura
2415 2289 2514 2329 sua
2546 2290 2736 2330 omnes
2774 2287 3002 2331 eventus
3029 2278 3179 2333 novit
3205 2288 3260 2333 et
3290 2280 3587 2349 przcdicere

2005 2372 2200 2432 potest,
2230 2363 2377 2419 sicut
2419 2379 2673 2423 sermone
2702 2367 2935 2437 simplici
2965 2368 3205 2424 declarat
3246 2388 3261 2425 :
3296 2388 3314 2422 ι
3360 2367 3474 2424 Νοιι
3502 2380 3589 2426 est

2002 2455 2093 2527 qui
2132 2458 2420 2513 annuntiat
2450 2467 2676 2515 eventus
2701 2470 2894 2529 praater
2922 2477 3061 2516 me.»
3100 2460 3240 2516 Idem
3268 2462 3587 2533 signiﬁcant

2002 2547 2312 2616 archangeli
2344 2547 2506 2603 verba
2554 2548 2783 2603 dicentis
2818 2566 2833 2604 :
2866 2568 2884 2601 ι
2928 2550 3154 2619 Domine
3217 2551 3584 2618 exercituum,

2006 2652 2288 2708 usquequo
2320 2648 2374 2694 tu
2424 2656 2530 2695 non
2561 2641 2912 2698 misereberis
2941 2641 3242 2698 Jerusalem
3266 2651 3321 2698 et
3363 2644 3583 2700 urbium

2002 2726 2161 2795 Juda,
2184 2729 2387 2799 quibus
2440 2731 2616 2788 iratus
2633 2730 2734 2787 es?
2772 2752 2788 2784 ι
2829 2733 2922 2788 Ille
2951 2733 3167 2803 quidem
3197 2734 3581 2806 archangelus,

2005 2822 2267 2890 temporis
2308 2822 2575 2878 libertatis
2609 2824 2837 2890 inscius,
2868 2826 2981 2880 haec
3017 2826 3250 2881 dicebat.
3291 2826 3362 2881 De
3388 2827 3580 2882 ultima

2002 2924 2132 2964 vero
2155 2909 2241 2964 die
2268 2918 2322 2965 et
2345 2918 2652 2979 temporum
2682 2914 3016 2982 plenitudine
3040 2915 3266 2985 loquens
3297 2915 3584 2979 Dominus,

2002 3001 2143 3056 hanc
2176 3000 2492 3071 angelorum
2517 3002 2859 3056 inscientiam
2895 3004 3137 3058 declarat
3165 3005 3393 3060 dicens:
3432 3024 3450 3056 ι
3472 3004 3582 3060 Ne-

2002 3108 2107 3164 que
2138 3092 2309 3163 angeli
2339 3091 2598 3147 ccelorum
2634 3101 2918 3147 noverunt.
2957 3112 2975 3145 ι
3013 3092 3139 3147 Inde
3171 3094 3336 3164 igitur
3362 3095 3587 3150 conclu-

2002 3184 2239 3240 dendum
2266 3194 2349 3240 est
2377 3183 2521 3255 quod
2549 3186 2911 3240 oeconomiam
2948 3193 3005 3240 et
3043 3185 3365 3256 mysterium
3398 3184 3585 3241 lucar-

2000 3275 2239 3333 nationis
2296 3291 2404 3331 non
2435 3284 2807 3347 c0gnoverunt
2840 3314 2857 3340 ,
2907 3284 3177 3332 secretum
3240 3277 3374 3332 illud
3435 3279 3583 3347 quod

1999 3368 2177 3423 inerat
2213 3368 2265 3422 in
2304 3368 2411 3423 Deo
2438 3368 2553 3423 solo
2597 3386 2615 3419 ι
2657 3367 2709 3422 ἱιι
2745 3381 2854 3436 quo
2905 3376 3035 3423 sunt
3086 3382 3278 3429 omnes
3329 3369 3574 3424 thesauri

1998 3459 2277 3531 sapientiai
2306 3469 2361 3515 et
2393 3459 2633 3515 scientia:
2669 3457 2999 3514 ahsconditi.
3048 3477 3067 3512 ι
3115 3487 3185 3501 -
3221 3477 3240 3512 ι
3283 3458 3418 3528 Quis
3434 3460 3581 3515 enim

1998 3550 2252 3621 cognovit
2302 3564 2523 3605 sensum
2581 3548 2821 3613 Domini,
2858 3548 2936 3603 ait
2983 3548 3299 3620 Apostolus,
3326 3559 3422 3606 aut
3452 3550 3581 3619 quis

1996 3641 2344 3695 consiliarius
2394 3640 2518 3711 ejus
2550 3639 2696 3695 fuit?
2735 3657 2752 3690 ι
2794 3639 2924 3695 Post
2954 3650 3134 3696 autem
3171 3640 3462 3696 salutarem
3487 3640 3583 3696 ln-

1996 3734 2372 3788 carnationem
2404 3771 2420 3799 ,
2484 3748 2504 3783 ι
2538 3729 2815 3796 innotuit,
2873 3740 2932 3787 nt
2985 3731 3126 3787 idem
3180 3732 3256 3787 ait
3287 3731 3582 3802 Apostolus

1996 3822 2396 3891 Principatibus
2432 3832 2489 3879 et
2540 3822 2909 3879 Potestatihus
2935 3825 2987 3878 in
3024 3822 3340 3879 cmlcstibus
3369 3838 3463 3892 per
3484 3823 3579 3878 Ec-

1995 3915 2213 3972 clesiam
2242 3914 2597 3971 multiformis
2621 3916 2883 3986 sapientia
2907 3914 3018 3968 Dei.
3037 3933 3055 3967 ι
3072 3913 3234 3969 Solus
3259 3913 3403 3967 enim
3424 3913 3571 3968 Deus

1996 4017 2198 4064 natura
2228 4023 2326 4064 sua
2358 4007 2603 4079 sapiens,
2638 4006 2934 4079 praesciens
2961 4019 3023 4060 ac
3051 4004 3312 4074 propheta
3341 4013 3445 4069 est,
3481 4007 3576 4073 qui

1994 4117 2217 4158 sensum
2248 4100 2531 4156 hominum
2558 4099 2698 4155 bene
2729 4106 3045 4169 cognoscat,
3065 4096 3365 4166 cordisque
3384 4110 3575 4151 eorum

1995 4193 2070 4249 sit
2114 4202 2414 4250 scrutator.
2470 4191 2580 4247 Res
2610 4198 2793 4246 autem
2845 4188 3023 4260 ipsius
3058 4203 3219 4244 nemo
3257 4190 3425 4254 novit,
3470 4187 3577 4242 nisi

1994 4283 2229 4355 Spiritus
2260 4286 2402 4353 ejus.
2456 4282 2641 4353 Itaque
2669 4279 2801 4336 dicit
2847 4280 3110 4350 propheta
3145 4295 3160 4331 :
3198 4296 3215 4330 ι
3259 4277 3575 4331 Intellexisti

1993 4374 2350 4445 cogitationes
2414 4387 2566 4428 meas
2641 4371 2710 4426 de
2788 4370 2969 4439 longe.
3023 4386 3042 4420 ι
3105 4367 3243 4422 Cum
3311 4366 3578 4437 attigisset

318 4466 631 4532 Ἐξουσίαις
663 4465 753 4520 διὰ
786 4466 889 4537 τῆς
939 4464 1270 4538 Ἐκκλησίας
1299 4468 1333 4537 ἡ
1368 4465 1751 4532 πολυποίκιλος
1793 4465 1889 4521 τοῦ

2004 4463 2218 4528 Paulus,
2266 4463 2360 4534 qui
2392 4462 2461 4522 in
2500 4477 2559 4519 se
2611 4460 2892 4515 Christum
2943 4459 3257 4528 loquentem
3315 4458 3572 4522 habebat,

308 4561 437 4614 Θεοῦ
468 4562 672 4631 σοφίαν
702 4581 721 4613 ι
764 4562 926 4631 μόνος
953 4559 1066 4633 γάρ
1102 4562 1220 4615 ἔστι
1247 4563 1315 4632 τῇ
1372 4561 1534 4629 φύσει
1573 4560 1757 4628 σοφὸς,
1796 4562 1892 4614 καὶ

2015 4555 2548 4626 ncomprebensibile
2596 4561 2864 4609 secretum
2916 4558 2971 4606 et
3003 4549 3385 4606 absconditum
3422 4564 3575 4605 mare

308 4652 691 4720 προγνώστης.
738 4652 832 4705 καὶ
865 4652 1179 4723 προφήτης,
1209 4650 1327 4721 ἅμα
1359 4652 1455 4705 καὶ
1488 4650 1581 4703 τὸν
1612 4648 1737 4703 νοῦν
1783 4648 1893 4704 τῶν

2004 4649 2106 4713 Dei,
2171 4646 2627 4716 infamlorumque
2677 4644 3012 4715 judiciorum
3067 4652 3123 4698 et
3188 4643 3574 4716 mysteriorum

308 4740 615 4812 ἁιϐρώπων
652 4741 896 4814 ἀκριϐῶς
917 4742 1279 4813 ἐπιστάμενος
1315 4742 1389 4807 ώς
1422 4741 1888 4813 καρδιογνώστης.

309 4833 383 4884 T'a
410 4833 467 4886 δὲ
494 4832 667 4886 αὑτοῦ
707 4832 886 4897 οὐδεὶς
934 4833 1075 4902 ἔγνω
1124 4835 1174 4887 εἰ
1225 4833 1301 4905 μὴ
1349 4834 1409 4887 τὸ
1442 4834 1668 4904 Πνεῦμα
1698 4832 1886 4889 αὐτοῦ.

1990 4742 2129 4811 ejus,
2163 4740 2425 4796 attonitus
2448 4782 2463 4806 ,
2493 4737 2947 4809 stupefactusque
2974 4737 3343 4798 vehementer,
3390 4732 3576 4787 uela.

1991 4834 2158 4889 mavit
2187 4832 2375 4887 dicens
2402 4848 2417 4885 :
2457 4849 2476 4883 ι
2516 4832 2560 4886 0
2591 4828 2819 4885 altitudo
2843 4828 3159 4883 divitiarum
3204 4821 3487 4895 sapientiae
3520 4831 3577 4876 et

314 4920 395 4971 Διῦ
428 4937 563 4990 φησι
593 4922 675 4954 ⁸³·
712 4939 731 4973 ι
762 4921 835 4975 Σὺ
880 4922 1122 4993 συνῆκας
1175 4925 1303 4987 τοὺς
1350 4922 1735 4994 διαλογισμούς
1784 4938 1886 4995 μου

2004 4926 2232 4984 ieieutia:
2260 4924 2375 4989 Dei,
2405 4937 2572 4994 quam
2604 4917 3183 4990 incomprehensibilia
3215 4923 3343 4970 sunt
3365 4911 3576 4982 judicia

313 5014 415 5066 ἀπὸ
461 5014 761 5084 μακρόθεν.
799 5034 817 5066 ι
860 5014 1223 5087 ,Παρακύψας
1282 5017 1391 5089 γάρ
1437 5018 1465 5070 6
1508 5017 1599 5070 τὸν
1645 5015 1883 5085 Χριστὸν

2004 5022 2183 5091 ιῖιιεοι
2229 5014 2631 5091 investigabiles
2678 5013 2779 5067 via:
2807 5011 2965 5082 ejusl
3008 5027 3029 5062 ι
3066 5004 3455 5062 lnenarrabilia
3511 5011 3571 5056 et

314 5106 445 5174 ἔχων
476 5108 536 5159 ὲν
556 5107 737 5178 ἑαυτῷ
768 5106 1037 5163 λαλοῦντα
1063 5108 1278 5172 Παῦλος
1304 5110 1385 5173 είς
1417 5110 1475 5161 τὸ
1501 5109 1887 5179 ἀκατάληπτον

317 5197 402 5248 καὶ
431 5199 631 5267 ἀχανὲς
667 5200 907 5269 πέλαγος
930 5200 1043 5253 τῶν
1071 5200 1285 5272 ἀδήλων
1307 5200 1400 5254 τοῦ
1429 5201 1564 5254 Θεοῦ
1592 5201 1687 5254 καὶ
1713 5202 1886 5271 ἀπορ-

317 5288 486 5357 ρἠων
512 5291 823 5362 χριμάτων,
844 5291 939 5345 καὶ
968 5294 1285 5363 μυστηρίων
1320 5293 1415 5346 καὶ
1445 5291 1885 5362 ὑπερεκπλαγεὶς

1992 5104 2569 5179 incomprehensibilia
2622 5111 2748 5158 sunt
2785 5104 3135 5170 omniaquae
3170 5113 3200 5151 a
3256 5095 3365 5149 Deo
3420 5102 3571 5148 sunt.

1990 5199 2270 5271 Siquidem
2303 5214 2426 5269 quae.
2458 5197 2527 5252 ab
2550 5196 2769 5250 homine
2799 5194 2919 5264 ipso
2949 5200 3080 5249 sunt
3104 5204 3262 5245 nemo
3288 5187 3436 5243 novit
3465 5186 3572 5241 nisi

2001 5293 2225 5361 spiritus
2282 5288 2544 5344 hominis.
2571 5283 2729 5352 Quod
2785 5286 2831 5340 si
2893 5283 3043 5339 solus
3098 5281 3240 5334 Deus
3297 5287 3574 5333 scrutatur

1422 5518 1440 5531 ,
1470 5455 1664 5516 Variae
1707 5448 2023 5516 lectiones
2066 5460 2128 5514 et
2173 5457 2361 5513 notua.

381 5604 419 5635 δ’
443 5606 582 5678 αὐτῇ
611 5606 733 5662 cod.
752 5675 766 5678 _
813 5606 880 5678 _"
911 5604 1184 5678 ὴνωθεντ.
1204 5604 1324 5678 cod.

314 5674 427 5771 :91.
456 5671 617 5732 Dion.
725 5675 770 5707 "'
811 5671 1063 5738 Isaful,
1086 5676 1197 5730 26?
1300 5676 1344 5706 “
1367 5671 1533 5729 Zach.
1564 5691 1603 5739 ι,
1634 5674 1719 5729 II.

382 5745 486 5771 L\\.
514 5743 581 5771 ι--
612 5747 681 5771 ..⁵Δ
702 5749 726 5771 ’1
824 5748 869 5771 1ο
891 5746 984 5771 ι“-1
1038 5763 1075 5771 -.
1130 5747 1158 5771 '2
1261 5748 1302 5771 ΙΙ
1347 5746 1477 5771 ΗΑ...
1529 5762 1577 5771 ..-
1622 5746 1685 5771 τι

1420 5604 1466 5636 ⁸³
1514 5604 1608 5658 καὶ
1649 5621 1713 5660 π.
1741 5603 1997 5660 τάγματα
2037 5602 2106 5655 Χ.
2154 5599 2231 5654 'E.
2263 5596 2423 5652 Dion.

1812 5619 1997 5671 γμιτα
2037 5619 2106 5655 Α.
2172 5619 2231 5654 rs.
2263 5619 2399 5652 won

1834 5674 1878 5705 ⁸⁷
1907 5671 2009 5725 οὐκ
2036 5672 2186 5723 ἔστιν
2219 5669 2310 5721 καὶ
2336 5666 2399 5736 δὴ

2524 5594 2567 5625 ιδ
2596 5591 2990 5664 Ἀρχαγγέλωξδ⁸
3006 5588 3138 5664 ιφ.ὶῖ
3162 5587 3326 5664 _inter
3358 5586 3573 5664 dTYLC‘

2429 5664 2522 5720 καὶ
2566 5657 2844 5735 nep-{coll}
2949 5661 2995 5692 δ’
3029 5659 3222 5735 Matth:
3273 5674 3419 5726 xxiv,
3480 5657 3572 5714 3U.

377 5730 726 5817 ariam?
818 5730 1180 5813 “uotiua.
1261 5730 1711 5811 ειιιοιη.κιξδι.
1791 5743 1900 5797 ⁸³Ε

2028 5742 2107 5809 iu,
2148 5736 2230 5794 ιο.
2306 5739 2350 5771 ³³
2384 5730 2546 5794 iCor.
2588 5730 2650 5801 tt,
2680 5734 2735 5791 ll
2764 5752 2779 5804 ;
2811 5732 2898 5791 Ps.
2931 5747 3151 5797 cxxxu,
3192 5730 3248 5783 2.
