4098 6208
458 324 568 390 283

460 531 711 600 spiritus,
763 538 1087 595 compagem
1156 542 1376 598 quoque
1433 545 1498 587 ac
1537 533 1913 596 medullarum,
1977 543 2031 587 et

459 621 728 674 discretor
755 624 842 670 est
863 617 1255 687 cogitationem
1282 628 1337 675 et
1365 621 1729 677 intentionum
1775 624 1977 688 cordis,
2006 644 2023 675 ι

459 716 624 780 patet,
672 722 922 774 sensum,
959 711 1293 766 voluntatem
1326 720 1381 767 et
1428 714 1758 770 desiderium
1797 718 2031 772 abscon-

459 799 635 853 ditum
673 799 933 865 hominis,
968 812 1157 858 notum
1217 817 1324 857 non
1351 818 1473 859 esse
1507 804 1575 859 ab
1609 807 1821 876 angelo,
1857 823 2031 875 neque

456 890 687 960 quodvis
720 891 811 945 Dei
844 895 1159 964 mysterium
1191 903 1361 958 certe,
1391 896 1495 950 nisi
1528 898 1803 967 sapienter
1829 906 1881 953 et
1905 915 2030 968 pro-

457 982 581 1037 vide
606 983 721 1054 ipse
753 983 898 1040 Deus
938 986 1254 1056 patefecerit
1295 990 1361 1043 ad
1389 989 1675 1043 utilitatem
1711 1006 1900 1045 eorum
1939 992 2030 1061 qni

457 1088 790 1143 cognoscere
829 1076 1064 1145 debent;
1098 1079 1219 1133 ideo
1263 1079 1550 1134 abscondit
1598 1078 2028 1137 lncarnationcm

458 1163 709 1234 pluribus
734 1166 805 1220 ob
834 1181 1027 1221 eorum
1082 1168 1451 1239 insipientiam
1482 1179 1535 1226 et
1587 1179 1646 1226 ut
1692 1172 1783 1226 diu
1815 1171 2028 1227 lateret.

457 1252 524 1308 Et
569 1256 699 1324 quid
734 1257 856 1312 dico
910 1259 1197 1329 plerosque
1232 1260 1437 1329 fugisse
1473 1262 1614 1318 hanc
1645 1264 1887 1335 mysterii
1936 1279 2031 1319 co-

455 1347 789 1419 gnitionem?
809 1348 924 1419 Ipsa
950 1351 1406 1423 enimfpraegnans
1435 1353 1598 1425 Virgo
1625 1365 1892 1411 secretum
1915 1372 2031 1427 my-

457 1436 607 1493 sterii
661 1448 715 1492 et
761 1440 881 1509 ejus
912 1440 1278 1497 inenarrabile
1316 1458 1577 1498 arcanum
1617 1460 1724 1498 non
1777 1445 2032 1515 cognovit

458 1529 685 1599 ipseque
738 1532 987 1587 diabolus
1019 1533 1307 1600 ignoravit.
1338 1533 1495 1601 Quod
1546 1536 1589 1591 si
1625 1537 1938 1606 prophetias
1964 1538 2031 1590 de

1662 328 1985 391 GEORGII
2026 333 2472 422 HAMARTOLI

459 440 620 493 cm].
659 450 713 492 ct
739 457 755 488 ε
803 437 1046 504 penetrat
1083 448 1254 505 usque
1286 437 1351 490 ad
1392 437 1712 494 divisionem
1747 442 1942 497 animm
1978 451 2029 495 et

2138 441 2338 511 σφόδρα
2388 443 2480 496 καὶ
2528 441 2648 495 λίαν
2705 438 3053 507 ἰλιγγιάσας,

3607 324 3717 389 238

3106 436 3367 506 ιιισοήπ
3428 438 3587 510 tes
3616 439 3717 511 τὴν

2133 534 2374 605 ἀοίδιμον
2407 532 2590 603 φωνὴν
2620 532 2837 601 ἐκείνην
2864 530 3038 599 λέγων
3070 530 3149 562 ⁸⁸·
3190 548 3208 581 ι
3246 524 3316 582 Ὦ
3346 528 3510 598 βάθος
3545 530 3715 584 πλού-

2133 642 2248 692 του,
2279 628 2372 679 καὶ
2404 626 2596 695 σοφίας
2625 625 2718 678 καὶ
2739 622 2993 691 γνώσεως
3012 619 3171 686 Θεοῦ,
3200 620 3277 684 ὡς
3302 620 3712 692 ἀνεξερεύνητα

2134 715 2199 767 τὶ
2228 714 2474 785 κρίματα
2501 712 2668 767 αὑτοῦ
2698 711 2792 766 καὶ
2818 708 3214 779 ἀνεξιχνίαστοι
3236 711 3291 762 αἱ
3323 708 3433 763 ὁδοὶ
3466 709 3658 764 αὑτοῦ.
3686 729 3706 761 ι

2146 806 2523 875 Ἀνέκφραστα
2560 805 2741 858 πάντα
2786 802 2893 855 eiul.
2923 800 3018 853 καὶ
3078 799 3427 866 ἀδιάγνωστα
3454 801 3591 853 πᾶσι
3642 801 3716 853 τά

2132 893 2228 947 τοῦ
2261 894 2397 947 Θεοῦ
2419 910 2431 922 ο
2461 892 2583 948 οὐδὲ
2620 892 2731 962 γὰρ
2776 891 2844 944 τὰ
2872 889 2967 943 τοῦ
2995 887 3294 958 ἀνθρώπου
3324 905 3341 939 ι
3396 883 3507 943 οἶδέ
3533 905 3618 951 τις
3639 890 3708 951 ⁸9,

2132 988 2181 1039 εί
2214 986 2286 1054 μὴ
2302 988 2362 1039 τὸ
2375 984 2600 1055 Πνεῦμα
2619 983 2713 1037 τοῦ
2743 980 3029 1053 ἀνθρώπου
3053 996 3067 1010 °
3086 999 3105 1031 ι
3139 981 3188 1032 εί
3214 978 3323 1049 γὰρ
3348 980 3506 1049 μόνος
3525 981 3554 1032 ό
3577 978 3710 1044 Θεὸς

2133 1076 2571 1145 καρδιογνώστης
2599 1076 2655 1139 ⁸⁸,
2695 1092 2714 1125 ι
2756 1073 2852 1127 καὶ
2899 1071 3278 1140 διικνούμενος
3332 1070 3497 1140 μέχρι
3549 1087 3709 1140 μερι-

2134 1167 2271 1238 σμοῦ
2298 1168 2478 1236 ψυχῆς
2509 1169 2605 1220 καὶ
2636 1166 2907 1236 σώματος,
2932 1163 3126 1234 ἁρμῶν
3163 1179 3224 1215 τε
3248 1163 3344 1216 καὶ
3373 1160 3588 1232 μυελῶν
3613 1162 3709 1214 καὶ

2132 1258 2379 1330 κριτικὸς
2410 1259 2764 1327 ἐνθυμήσεων
2792 1257 2887 1309 καὶ
2918 1254 3139 1309 ἐννοιῶν
3169 1253 3453 1323 mediae,»
3485 1251 3709 1321 εῠδηλον

2131 1353 2208 1416 ὼς
2236 1352 2357 1406 οὐδὲ
2391 1352 2517 1405 νοῦν
2552 1348 2842 1420 ἀνθρώπου
2889 1350 2985 1402 καὶ
3025 1346 3273 1418 βούλημα
3325 1346 3421 1399 καὶ
3452 1344 3709 1415 ἐνθύμιον

2132 1444 2514 1516 κεκρυμμένον
2543 1442 2776 1509 ἄγγελος
2802 1436 2966 1503 οἶδεν,
2996 1440 3125 1509 μήτι
3149 1454 3212 1505 γε
3239 1435 3377 1488 Θεοῦ
3410 1437 3713 1505 μυστήριον

2130 1537 2339 1607 ἕτερον,
2362 1538 2411 1589 εί
2441 1536 2485 1569 ⁸⁷
2523 1535 2598 1605 μὴ
2625 1532 2812 1602 σαφῶς
2842 1532 2933 1585 ὑπ’
2964 1530 3132 1584 αὑτοῦ
3165 1529 3312 1599 (Hb)
3347 1528 3440 1581 καὶ
3468 1527 3715 1591 ἑξαὺτοῦ

456 1636 523 1676 eo
557 1624 827 1690 audierat,
864 1625 1084 1679 tnodnm
1128 1624 1528 1681 lncarnatiouis
1564 1645 1670 1681 nun
1700 1637 1951 1692 noverat;
1983 1628 2027 1680 si

2138 1628 2503 1699 δεδηλωμένον
2555 1624 2922 1695 οἰκονομικῶς
2974 1623 3115 1690 πρὸς
3143 1621 3205 1675 τὸ
3257 1619 3558 1690 συμφέρον,
3590 1620 3714 1673 ὅθεν

456 1713 601 1766 enim
638 1716 895 1781 novisset,
930 1713 1124 1771 Jesum
1162 1726 1312 1770 tanto
1361 1726 1482 1787 post
1518 1726 1758 1787 tempore
1809 1734 1914 1772 non
1948 1719 2030 1770 in-

2138 1720 2309 1774 τοίνυν
2332 1720 2523 1787 ἄδηλον
2551 1718 2775 1789 ἐποίησε
2814 1716 2912 1787 τὴν
2937 1714 3205 1785 ἐνσαρκον
3248 1714 3569 1780 οἰκονομίαν
3617 1712 3714 1765 καὶ

456 1806 864 1875 terrogavisset,
904 1808 1089 1862 dicens
1127 1808 1176 1862 ei
1220 1809 1416 1873 semel,
1452 1810 1644 1865 iterum
1673 1820 1725 1865 et
1747 1822 1828 1866 ter
1858 1825 1875 1865 :
1910 1829 1927 1862 ι
1968 1809 2025 1865 Si

2138 1813 2257 1874 τοὺς
2288 1811 2517 1874 πολλοὺς
2545 1808 2805 1880 κρύπτων
2833 1808 2923 1860 διὰ
2951 1806 3052 1875 τὴν
3086 1804 3361 1873 ἀσάφειαν
3388 1805 3484 1857 καὶ
3517 1800 3716 1856 λανοάο

457 1892 632 1951 Filius
662 1898 752 1951 Dei
779 1914 861 1952 es.
904 1917 923 1951 ι

2140 1919 2253 1956 νειν
2290 1901 2450 1973 μέχρι
2477 1883 2697 1955 πολλοῦ.
2729 1900 2838 1953 Καὶ
2856 1897 2909 1950 τί
2933 1896 3076 1965 λέγω
3104 1896 3232 1957 τοὺς
3252 1893 3479 1957 πολλοὺς
3500 1910 3515 1955 ;
3537 1892 3715 1945 Ὅπου

456 2003 521 2056 γε
542 1988 662 2041 οὐδὲ
686 1991 873 2062 αὑτὴὴ
902 1993 1244 2064 κυοφοροῦσα
1269 1996 1544 2064 Παρθένος
1569 1997 1686 2068 ᾔδει
1748 1997 1843 2050 τοῦ
1904 1997 2206 2067 μυστηρίου
2234 1996 2293 2049 τὸ
2326 1997 2663 2065 ἀπόρρητον,
2715 1994 2776 2046 οὐ
2817 1992 2924 2064 μὴν
2963 1991 3021 2045 δὲ
3097 1989 3236 2045 ἀλλά
3291 1989 3386 2041 καὶ
3427 1986 3591 2040 αὑτὸν
3621 1984 3717 2038 τὸν

454 2081 701 2138 διάϐολον
726 2086 1015 2141 ὲλάνθανεν
1036 2101 1051 2116 ⁶
1076 2093 1123 2144 εί
1170 2092 1277 2161 γὰρ
1310 2092 1405 2144 καὶ
1433 2092 1533 2154 τὰς
1560 2093 1902 2162 προφητείας
1958 2093 2061 2159 τὰς
2102 2093 2229 2163 περὶ
2260 2091 2451 2145 τούτου
2483 2091 2703 2160 ἡκουεν,
2757 2088 2895 2142 ἀλλά
2959 2086 3048 2140 τὸν
3083 2084 3285 2155 τρόπον
3324 2082 3546 2151 ἡγνόει·
3592 2078 3715 2133 οὐδὲ

457 2175 587 2245 γὰρ,
619 2177 775 2248 εἴπερ
806 2178 946 2249 ᾔδει,
973 2179 1160 2250 ἡρὼτα
1191 2182 1355 2236 αὑτὸν
1383 2183 1522 2251 μετά
1551 2182 1807 2236 τοσοῦτον
1865 2184 2057 2254 χρόνον
2093 2184 2266 2255 λέγων
2297 2180 2472 2253 αὐτῷ·
2514 2201 2531 2233 ι
2578 2182 2636 2235 '0
2664 2180 2788 2243 Υἱὸς
2818 2175 2869 2232 el
2892 2179 2985 2231 τοῦ
3044 2176 3201 2243 Θεοῦ,
3242 2193 3260 2228 ι
3293 2175 3385 2228 καὶ
3422 2172 3591 2239 ἅπαξ,
3620 2176 3714 2229 καὶ

456 2267 559 2331 δὶς,
592 2269 687 2321 καὶ
718 2269 923 2339 τρίτον.

526 2362 662 2417 Cum
694 2378 823 2418 vero
881 2364 1198 2429 Marodach,
1251 2382 1549 2423 successor
1613 2366 2031 2433 Sennaeberim,

458 2454 685 2511 vidisset
735 2456 868 2512 solis
908 2472 1240 2529 regressum,
1276 2459 1345 2513 ob
1392 2459 1639 2515 Ezechiae
1668 2459 2034 2514 valetudinem

461 2546 632 2620 (omni
685 2550 829 2605 enim
883 2557 1041 2607 terra:
1089 2532 1323 2607 iimotuit
1381 2551 1513 2607 solis
1553 2551 1655 2606 iste
1731 2551 2033 2623 regressus)

459 2654 553 2694 rex
588 2639 706 2709 ipse
736 2640 1157 2713 Babyloniorum
1183 2660 1304 2697 cum
1332 2643 1527 2699 fuisset
1549 2644 1752 2699 certior
1770 2644 1835 2698 de
1862 2653 2038 2698 morte

460 2729 612 2785 illius
641 2732 733 2800 qui
788 2742 947 2787 antea
983 2750 1075 2789 rex
1108 2733 1305 2799 fuerat,
1346 2746 1401 2790 et
1430 2736 1497 2791 de
1538 2736 1623 2791 his
1665 2751 1787 2806 qua:
1828 2737 1881 2791 in
1922 2736 2037 2792 sole

462 2820 604 2877 facta
636 2822 849 2879 fuerant
881 2826 951 2880 ob
984 2826 1230 2882 Ezechiae
1261 2830 1539 2899 pietatem,
1584 2830 1793 2902 legatos
1820 2831 1910 2898 qui
1938 2846 2036 2901 pa-

459 2928 576 2968 cem
615 2914 820 2971 icerent
858 2933 983 2972 cum
1028 2921 1345 2976 muneribus
1392 2921 1458 2976 ad
1506 2937 1631 2975 eum
1665 2921 1833 2977 misit.
1880 2922 2035 2990 Quod

456 3004 604 3060 enim
646 3015 865 3075 propter
900 3009 1033 3064 solis
1071 3010 1378 3077 quindecim
1433 3012 1690 3082 gradibus
1730 3028 2035 3081 regressum

460 3097 528 3151 ad
576 3112 700 3152 eum
763 3100 973 3154 miserit
1025 3114 1119 3155 rex
1160 3099 1581 3174 Babyloniorum
1643 3105 1866 3174 legatos,
1919 3106 2034 3174 ipsa

464 3202 656 3242 rursus
682 3196 913 3243 testatur
939 3188 1169 3244 historia
1203 3208 1217 3244 :
1248 3210 1267 3242 r
1304 3191 1573 3261 Prospere
1615 3191 1741 3248 fecit
1773 3193 2033 3250 Ezechias
2062 3165 2104 3222 ο

461 3279 514 3332 in
550 3273 801 3334 omnibus
850 3280 1108 3351 operibus
1157 3282 1294 3337 suis.
1354 3282 1605 3337 Attamen
1658 3284 1712 3339 in
1766 3285 2037 3354 legatione

462 3369 767 3439 principum
805 3369 1096 3443 Babylonis
1128 3374 1221 3443 qui
1252 3374 1404 3428 missi
1440 3373 1654 3429 fuerant
1692 3374 1755 3428 ad
1787 3391 1932 3437 cum,
1978 3385 2036 3430 ut

471 3458 877 3530 interrogarent
928 3463 995 3515 de
1054 3473 1305 3530 portento
1354 3464 1499 3532 quod
1549 3462 1822 3517 acciderat
1874 3477 2038 3531 super

463 3562 683 3617 terram,
717 3553 1003 3624 dereliquit
1032 3569 1155 3609 eum
1188 3554 1353 3619 Deus,
1391 3564 1449 3609 ut
1494 3564 1792 3610 tentaretur
1817 3564 1872 3611 et
1912 3565 2035 3610 nota

464 3646 654 3702 fierent
711 3649 893 3702 omnia
947 3665 1070 3720 qua:
1115 3659 1271 3705 erant
1309 3650 1362 3706 in
1407 3652 1573 3707 corde
1632 3652 1775 3721 ejus.
1818 3671 1837 3703 ι
1898 3651 2033 3707 Cum

462 3741 608 3795 enim
642 3740 971 3796 ostendisset
1025 3742 1221 3813 legatis
1260 3758 1477 3797 omnem
1526 3743 1750 3797 domum
1799 3759 1952 3797 suam
1984 3754 2035 3798 et

464 3831 755 3885 thesauros
810 3847 961 3899 suos,
998 3832 1138 3886 dixit
1193 3832 1364 3888 Isaias
1414 3833 1481 3885 ad
1518 3849 1666 3896 eum,
1714 3833 1766 3886 in
1817 3833 2036 3891 nomine

464 3921 675 3975 Domini
715 3940 729 3978 :
770 3941 787 3974 ι
823 3921 902 3976 Εο
940 3923 1082 3993 quod
1117 3922 1402 3978 ostendisti
1434 3923 1502 3977 iis
1528 3924 1731 3985 omnia,
1770 3938 1896 3978 cccc
1921 3923 2035 3977 dies

464 4011 682 4065 venient
729 4020 783 4066 et
815 4012 1131 4067 auferentur
1177 4013 1365 4068 omnia
1422 4028 1544 4082 qua:
1594 4021 1720 4067 sunt
1777 4014 1829 4067 in
1877 4013 2038 4067 domo

465 4115 578 4167 tua,
627 4120 967 4175 quaecunque
1013 4103 1251 4174 majores
1294 4104 1371 4159 tui
1420 4104 1473 4158 in
1506 4104 1647 4159 hanc
1679 4119 1853 4173 usque
1893 4103 2035 4157 diem

462 4201 879 4261 congesserunt,
914 4193 967 4248 ln
1002 4192 1364 4265 Babylonem;
1397 4210 1504 4249 non
1537 4193 1838 4248 remanebit
1883 4194 2039 4263 quid-

462 4298 650 4352 quam,
683 4285 760 4340 ait
792 4286 1074 4343 Dominus.
1106 4285 1210 4342 Sed
1242 4295 1294 4342 ct
1324 4288 1390 4343 de
1435 4287 1561 4343 ﬁliis
1612 4287 1723 4342 tuis
1755 4285 1846 4357 qui
1888 4302 2040 4361 egre-

463 4376 681 4429 dicttlur
729 4393 796 4431 ex
837 4389 910 4444 te,
962 4394 1102 4449 quos
1124 4379 1445 4449 generabis,
1483 4379 1761 4444 tollentur,
1795 4387 1847 4433 et
1880 4386 2040 4433 erunt

462 4466 699 4517 eunuchi
740 4468 792 4520 in
846 4471 1045 4537 palatio
1095 4472 1239 4541 regis
1275 4472 1587 4544 Babylonis.
1623 4489 1641 4523 ι
1680 4472 1906 4542 Oportet
1938 4470 2038 4541 igi-

464 4564 552 4606 tur
607 4555 889 4609 cordatum
936 4574 1208 4631 quemque
1244 4565 1441 4633 gaudio
1475 4564 1736 4635 luctuque
1789 4564 2041 4635 superio-

464 4656 579 4694 rem
641 4656 761 4698 esse
808 4653 863 4698 et
910 4661 1034 4701 eum
1088 4652 1377 4718 prudentia
1432 4665 1485 4708 et
1552 4657 1808 4724 aequitate
1873 4656 2042 4710 animi

465 4734 748 4801 utriusque
807 4734 1036 4792 sufferre
1102 4739 1461 4797 invasionem.
1514 4746 1651 4799 Cum
1711 4746 1857 4799 enim
1926 4746 2043 4815 ipse

464 4825 750 4890 Ezechias,
784 4828 1018 4897 cognitis
1048 4828 1338 4885 Persarum
1392 4833 1660 4898 cladibus,
1695 4851 1725 4889 a
1775 4835 2040 4890 miraculo

465 4916 608 4971 haud
642 4916 1002 4988 absimilibus,
1035 4932 1090 4977 et
1130 4934 1347 4976 omnem
1382 4922 1678 4977 humanam
1726 4924 1834 4978 vim
1871 4935 2039 4995 atque

464 5027 615 5082 spem
682 5017 1142 5085 exsuperantibus
1196 5016 1542 5072 vehementer
1609 5017 1808 5090 gaudio
1856 5018 2036 5075 elatus

464 5113 629 5170 esset,
655 5115 710 5161 et
736 5107 907 5179 magis
933 5123 1097 5177 quam
1131 5109 1408 5165 hominem
1439 5111 1593 5165 decet
1622 5111 1836 5166 animos
1859 5120 2043 5167 sustu-

467 5194 643 5262 lisset,
694 5202 885 5257 morbo
924 5201 1160 5259 ail'lictus
1194 5212 1299 5267 est,
1337 5212 1396 5259 ut
1423 5203 1619 5260 anima:
1651 5204 1769 5275 ejus
1810 5204 2045 5274 impetus

469 5286 836 5361 irenarentur,
875 5310 943 5350 ne
968 5305 1158 5351 contra
1203 5294 1460 5352 decorem
1508 5297 1657 5351 illum
1696 5311 1921 5365 peccare
1960 5294 2043 5351 fa-

2201 2370 2246 2402 ⁵⁸
2276 2368 2386 2439 (16)
2430 2368 2487 2422 '0
2520 2368 2576 2421 δέ
2600 2384 2663 2436 γε
2689 2367 2971 2437 Μαροδὰχ,
3006 2365 3035 2418 ό
3066 2367 3158 2418 καὶ
3182 2365 3421 2436 διάδοχος
3452 2368 3711 2438 Σεναχειο

2136 2460 2254 2530 ρὐμ,
2305 2457 2640 2527 θεασάμενος
2669 2456 2769 2526 τὴν
2815 2458 3149 2527 ἐπιστροφὴν
3180 2456 3273 2509 τοῦ
3313 2456 3464 2527 ἡλίου
3501 2459 3595 2512 ἐπὶ
3640 2463 3709 2531 τῇ

2134 2548 2300 2620 ρὡει
2350 2548 2595 2613 Ἐζεκίου
2642 2548 2814 2622 (πάσῃ
2846 2548 2952 2618 γὰρ
2992 2550 3057 2619 τῇ
3105 2548 3400 2620 οἰκουμένῃ
3433 2549 3709 2620 γέγονενὴ

2132 2641 2449 2713 ἀναστροφὴ
2480 2640 2573 2694 τοῦ
2599 2640 2752 2710 ἡλίου
2778 2639 3101 2712 γνώριμος),
3124 2634 3186 2693 οὗ
3210 2640 3273 2711 δὴ
3309 2641 3470 2712 χάριν
3498 2642 3593 2696 καὶ
3616 2635 3711 2694 οῦ.

2132 2752 2224 2797 τος
2252 2736 2280 2787 ό
2306 2733 2414 2785 τῶν
2437 2732 2798 2786 Βαϐυλωνίων
2827 2730 3085 2801 βασιλεὺς
3117 2732 3211 2783 καὶ
3244 2731 3337 2785 τὸν
3369 2730 3595 2801 ὄλεθρον
3617 2730 3714 2785 τοῦ

2136 2829 2241 2898 πρὸ
2267 2826 2430 2880 αὑτοῦ
2462 2827 2726 2897 βασιλέως
2757 2825 3014 2895 ἐγνωκὼς
3052 2827 3147 2879 καὶ
3179 2824 3248 2879 τά
3274 2823 3416 2879 κατά
3442 2826 3535 2877 τὸν
3564 2824 3716 2895 ἥλιον

2136 2918 2456 2987 παραδόξως
2510 2916 2855 2988 γεγενημένα
2915 2914 3258 2986 μεμαθηκὼς
3308 2914 3396 2968 διὰ
3460 2914 3561 2984 τὴν
3619 2912 3712 2968 τοῦ

2147 3008 2388 3073 Ἐζεκίου
2413 3008 2717 3075 εὐσέϐειαν,
2746 3005 3006 3080 πρέσϐεις
3036 3005 3186 3076 αὐτῷ
3206 3007 3429 3077 εἰρήνης
3447 3007 3542 3059 καὶ
3565 3005 3716 3076 δῶρα

2137 3100 2482 3154 ἀπέστειλεν*
2522 3101 2604 3154 ὅτι
2645 3100 2754 3170 γὰρ
2806 3099 2894 3152 διὰ
2938 3098 2997 3151 τὸ
3030 3098 3369 3169 ἀναστρέψαι
3419 3098 3512 3150 τὸν
3556 3097 3714 3169 ἡλιον

2138 3191 2487 3261 ἀναϐαθμοὺς
2523 3189 2582 3244 ιε’
2625 3191 2760 3261 πρὸς
2819 3190 2981 3244 αὑτὸν
3023 3189 3347 3243 ἀπέστειλεν
3377 3192 3405 3243 ό
3455 3188 3713 3258 βασιλεὺς

2139 3283 2477 3346 Βαϐυλῶνος,
2500 3283 2633 3352 φησὶ
2663 3282 2826 3336 πάλιν
2855 3283 2888 3351 ἡ
2919 3280 3130 3352 ἱστορία
3152 3281 3197 3314 ⁸⁸
3218 3298 3233 3314 ο
3275 3299 3293 3332 ι
3324 3281 3432 3334 Καὶ
3453 3279 3709 3350 εὐωδώθη

2150 3373 2399 3436 Ἐζεκίας
2434 3374 2491 3427 ὲν
2519 3374 2655 3426 πᾶσι
2684 3374 2795 3435 τοῖς
2821 3372 3004 3443 ἔργοις
3035 3370 3226 3425 αὐτοῦ.
3264 3371 3373 3425 Καὶ
3402 3370 3572 3433 οὕτως
3606 3370 3714 3441 (ἐν)

2136 3470 2248 3529 τοῖς
2284 3466 2649 3537 πρεσϐευταῖς
2692 3495 2758 3505 -——
2790 3462 3139 3528 Βαϐυλῶνος,
3176 3465 3289 3525 τοῖς
3322 3460 3715 3516 ἀποσταλεῖσιν

2138 3558 2273 3629 πρὸς
2297 3557 2457 3609 αὐτὸν
2505 3554 2774 3609 πυθέσθαι
2808 3554 2942 3625 παρ’
2980 3552 3144 3607 αὐτοῦ
3168 3553 3230 3606 τὸ
3260 3552 3457 3623 πέρας,
3505 3553 3534 3604 ὃ
3563 3552 3719 3619 γέγοο

2137 3667 2225 3703 νεν
2256 3649 2301 3680 ⁶⁰
2332 3650 2424 3701 ἐπὶ
2444 3648 2544 3718 τῆς
2573 3648 2697 3717 γῆς,
2732 3665 2753 3698 t
2792 3648 2887 3700 καὶ
2943 3665 2961 3698 ι
2999 3645 3392 3713 ἐγκατέλειπεν
3414 3645 3576 3697 αὑτὸν
3607 3644 3724 3696 Κῦ-

2142 3757 2254 3810 ριος
2287 3738 2379 3792 τοῦ
2435 3741 2692 3807 πειράσαι
2739 3738 2922 3803 αὐτὸν,
2958 3736 3159 3789 εἰδέναι
3194 3737 3264 3789 τὰ
3297 3738 3356 3787 ἐν
3398 3738 3463 3805 τῇ
3518 3735 3720 3805 καρδίῃ⁵

2138 3827 2324 3885 αὑτοῦ.
2362 3847 2381 3880 ι
2412 3828 2601 3894 Δείξας
2621 3829 2728 3899 γὰρ
2756 3830 2869 3891 τοῖς
2895 3826 3263 3897 πρεσϐευταῖς
3287 3827 3405 3878 ὅλον
3443 3826 3606 3897 166
3625 3825 3721 3878 τὸν

2136 3914 2281 3971 οἷκον
2310 3916 2474 3970 αὐτοῦ
2506 3918 2746 3980 καὶτοὺς
2778 3916 3108 3987 Θησαυροὺς.
3133 3912 3290 3969 εἴπεν
3329 3915 3561 3979 Ἡσαΐας
3578 3916 3716 3985 πρὶς

2139 4008 2301 4063 αὐτὸν
2327 4011 2383 4060 ἐν
2412 4008 2556 4079 λόγῳ
2606 4008 2814 4081 Κυρίου
2852 4010 2893 4040 ⁶¹
2934 4028 2954 4060 ε
2996 4007 3137 4062 ’Δνθ’
3166 4002 3241 4063 ὧν
3284 4007 3493 4076 ἔδειξας
3534 4009 3720 4071 αὐτοῖς

2140 4099 2337 4161 πάντα,
2374 4100 2483 4154 ίδού
2514 4100 2721 4170 ἡμέραι
2752 4099 3004 4172 ἔρχονται
3032 4102 3128 4154 καὶ
3156 4100 3533 4171 ληφθήσονται
3563 4101 3630 4153 τὰ
3660 4102 3720 4152 ἐν

2140 4194 2216 4264 τῷ
2249 4193 2381 4263 οἴκῳ
2405 4210 2499 4246 σου
2529 4193 2729 4258 πάντα,
2755 4195 2850 4246 καὶ
2879 4193 2981 4247 ὅσα
3009 4193 3380 4264 ὲθησαύρισαν
3406 4194 3456 4246 0i
3488 4192 3722 4261 πατέρες

2142 4302 2235 4338 σου
2267 4284 2728 4356 ἀπενεχθὴσονται
2756 4286 2835 4347 είς
2867 4283 3179 4349 Βαϐυλῶνα,
3214 4285 3308 4338 καὶ
3343 4286 3406 4338 ὲκ
3442 4282 3554 4338 τῶν
3588 4284 3721 4339 υἱῶν

2143 4392 2236 4428 σου
2266 4374 2549 4446 λήψονται,
2601 4374 2695 4429 καὶ
2729 4374 2945 4429 ἔσονται
2994 4376 3287 4446 ἐπᾴδοντες
3327 4375 3574 4447 εὐνοῦχοι
3620 4375 3718 4430 τοῦ

2148 4469 2409 4540 βασιλέως
2444 4467 2779 4533 Βαϐυλῶνος.
2816 4488 2834 4521 ›
2872 4471 2964 4522 Δεῖ
2995 4469 3176 4523 τοίνυν
3204 4468 3295 4522 τὸν
3321 4468 3591 4539 ἐχέφρονα
3624 4470 3720 4522 καὶ

2144 4564 2319 4635 χαρᾶς
2341 4563 2435 4617 καὶ
2474 4561 2650 4633 λύπης
2681 4562 3009 4634 ὑψηλότερον
3047 4557 3188 4617 εἶναι
3218 4562 3310 4615 καὶ
3336 4562 3574 4632 μετρίως
3623 4563 3720 4616 καὶ⁵

2142 4657 2523 4727 ἐπιστημόνως
2550 4657 2659 4709 τῶν
2689 4656 2967 4726 ἑκατέρων
3004 4655 3193 4725 φέρειν
3227 4655 3325 4727 τὴν
3364 4654 3574 4725 ἔφοδον.
3608 4655 3718 4707 Καὶ

2143 4748 2251 4819 γὰρ
2282 4749 2443 4811 αὐτὸς
2482 4748 2750 4813 Ἐζεκίας,
2796 4748 2962 4819 ἡνίκα
2993 4742 3100 4800 εἶδε
3154 4747 3417 4818 τρόπαιον
3442 4746 3583 4801 κατὰ
3605 4746 3719 4801 τῶν

2140 4840 2367 4910 Περσῶν
2401 4839 2751 4911 ἐγειρόμενον
2795 4842 2892 4894 καὶ
2934 4838 3216 4909 θαύματος
3251 4840 3499 4908 κρεῖττον
3543 4838 3588 4871 ⁶¹
3620 4836 3718 4891 καὶ

2139 4932 2319 5009 πάσης
2365 4932 2714 5005 ἀνθρωπίνης
2768 4931 2960 5005 ῥώμης
3013 4932 3105 4986 καί⁵
3147 4931 3362 4995 ἐλπίδος
3395 4930 3717 5000 ὑπέρτερον,

2145 5025 2240 5078 καὶ
2289 5024 2407 5076 λίαν
2439 5023 2543 5077 ὑπὸ
2589 5025 2688 5095 τῆς
2718 5026 2895 5096 χαρᾶς
2945 5023 3275 5094 φυσιωθεὶς,
3326 5022 3421 5077 καὶ
3472 5022 3719 5094 μεῖζονῆ

2144 5116 2283 5170 κατά
2311 5115 2597 5186 ἄνθρωπον
2622 5118 2919 5187 φρονήσας,
2952 5117 3074 5171 τότε
3099 5116 3183 5187 δὴ,
3217 5116 3341 5169 τότε
3365 5113 3506 5185 νόσῳ
3534 5112 3722 5185 βάλλε-

2141 5223 2252 5271 ται,
2271 5206 2356 5258 ἵνα
2381 5206 2449 5260 τὰ
2468 5208 2817 5280 σκιρτήματα
2842 5208 2939 5277 τῆς
2962 5207 3138 5280 ψυχῆς
3161 5208 3379 5279 χαλινοῦ
3398 5205 3715 5271 ἀξιωθέντα,

2148 5296 2221 5368 μὴ
2254 5297 2358 5363 ἔξω
2401 5297 2495 5353 τοῦ
2526 5299 2733 5362 δέοντος
2782 5301 2943 5353 αὑτὸν
2993 5303 3341 5368 ἁναγκᾶσωτι
3397 5300 3717 5371 περιπεεεῖν

1625 5464 1831 5527 Variae
1865 5461 2170 5526 lectiones
2214 5469 2275 5525 et
2314 5470 2506 5526 notae.

545 5598 589 5675 2⁵
622 5598 1013 5675 89113111.:53.
1124 5610 1169 5640 "
1203 5610 1219 5662 l
1250 5608 1376 5665 Cor.
1406 5625 1465 5675 ιι,
1503 5611 1582 5665 tt.

474 5668 985 5746 ts9.2o_t90,_t72
1035 5676 1076 5727 ll
1111 5675 1239 5746 Reg.
1307 5696 1393 5742 xx,
1447 5668 1531 5733 i2.

472 5739 515 5769 "
547 5738 865 5807 κρεαίττοντ

1693 5612 1739 5645 ³⁸
1777 5609 1910 5666 lleb.
1970 5626 2040 5669 tv.
2096 5611 2182 5669 12.

1640 5682 1684 5709 "
1721 5680 1757 5733 ll
1792 5679 1914 5734 Par.
1954 5699 2081 5745 xm,
2112 5684 2292 5748 30,5l.

2329 5608 2375 5640 "
2404 5611 2696 5682 μυστήριον
2748 5610 3071 5682 ἀπόκρυφον
3112 5612 3212 5666 ὲάιν
3239 5612 3360 5669 cod.
3511 5611 3556 5641 "
3589 5610 3721 5664 Cetl.

2392 5684 2434 5713 ευ
2472 5683 2682 5713 tutum-ﬁ
2708 5682 2748 5713 11
2778 5680 2880 5713 Dm.
3007 5684 3046 5713 οι
3109 5682 3151 5713 ll
3208 5680 3313 5713 ιι...
3388 5699 3449 5713 ην
3510 5682 3570 5713 ιη
3635 5682 3695 5713 ια

2414 5685 2434 5714 ο
2471 5683 2682 5749 ἐγένετο
2707 5682 2748 5735 ll
2778 5680 2910 5737 Par.
3007 5684 3046 5713 “
3109 5682 3151 5737 ll
3206 5680 3335 5751 lius.
3388 5699 3473 5744 xx.
3510 5682 3593 5743 i7,
3635 5682 3719 5737 i8.
