4098 6208
358 281 470 345 289

1566 270 2030 334 (ΠΙΗΟΝΙΕΟΝ.
2073 293 2139 302 -
2181 268 2324 328 LIB.
2372 267 2452 326 Il.

3514 266 3625 329 290

361 392 681 450 ιδούλευσεν
708 387 914 451 αὐτοῖς,
949 404 969 438 ι
1003 415 1072 426 -
1099 386 1146 418 “
1183 403 1201 437 ι
1241 387 1336 440 καὶ
1362 384 1621 455 ἐποίησεν
1653 388 1945 453 ἐγγαστρι-

2052 378 2473 447 vestigationes;
2514 376 2917 442 inrantatores,
2951 389 3046 430 eos
3083 374 3177 446 qui
3227 390 3322 446 per
3356 375 3624 432 viscerum

366 485 595 556 μύθους,
627 479 724 534 καὶ
753 478 1005 548 γνὼστας
1052 477 1354 549 ἐπλήθυνεν
1386 480 1480 531 καὶ
1507 475 1940 546 ἑκληδονίξετο·ι

364 574 630 647 στρατιὰν
695 571 798 641 μὲν
832 570 984 638 λέγει
1014 570 1110 625 τοῦ
1146 567 1374 640 ούρανοῦ
1424 567 1516 621 τὸν
1544 566 1695 638 ἥλιον
1724 566 1821 620 καὶ
1847 566 1948 635 τὴν

362 668 595 738 σελήνην
626 666 723 719 καὶ
750 664 883 726 τοὺς
916 662 1176 733 ἀστέρας,
1225 660 1585 732 κληδονισμὸν
1616 659 1676 713 δὲ
1709 658 1809 722 τὰς
1857 658 1947 711 διὰ

358 761 469 816 τῶν
520 758 700 825 λόγων
733 755 1170 828 παρατηρήσεις,
1205 751 1612 823 γαστριμυθίαν
1640 750 1698 804 δὲ
1731 749 1832 813 τὰς
1858 748 1947 802 διὰ

360 856 463 923 τῆς
512 849 754 921 γαστρὸς
790 847 1241 917 ψευδόμαντείας,
1288 845 1579 914 οίωνισμδν
1613 844 1671 898 δὲ
1707 843 1805 906 τὰς
1857 842 1947 895 διὰ

358 941 472 994 τῶν
498 937 721 1009 πτηνῶν
741 954 809 989 πε
818 953 900 1008 ριε
910 936 1118 1007 ργείας,
1149 933 1398 1004 γνὼστας
1424 935 1482 988 δὲ
1502 935 1627 995 τοὺς
1646 934 1715 987 δι’
1736 933 1946 1003 ἥπατος

359 1034 394 1103 ἢ
457 1031 634 1093 ἄλλως
676 1029 795 1091 πῶς
849 1027 1289 1097 μαντευομένους
1347 1027 1443 1080 καὶ
1497 1023 1946 1095 προφητεύοντας

362 1123 677 1191 δαιμονίως,
706 1120 839 1192 περὶ
872 1115 947 1173 ὧν
978 1116 1130 1172 εἶπεν
1163 1120 1191 1171 ό
1240 1119 1374 1182 Θεὸς
1406 1119 1548 1190 πρὸς
1572 1117 1847 1188 Ἰερεμίαν
1862 1116 1941 1147 ’³⁸

371 1234 389 1267 ι
435 1214 687 1283 Ὀρὰσεις
711 1211 951 1281 ψευδεῖς,
984 1212 1080 1264 καὶ
1112 1210 1397 1281 μαντείας,
1454 1210 1550 1263 καὶ
1584 1207 1942 1278 οίωνίσματα,

363 1305 461 1358 καὶ
494 1302 849 1372 προαιρέσεις
893 1300 1121 1371 καρδίας
1166 1299 1347 1353 αὐτῶν
1376 1299 1509 1371 (45')
1539 1299 1697 1353 αὐτοὶ
1728 1315 1945 1370 προφη-

358 1392 636 1446 τεύουσιν.
670 1410 688 1443 ι
726 1390 772 1422 ’⁸
803 1389 880 1459 (7)
923 1406 942 1440 ι
983 1390 1106 1443 Τῶν
1138 1388 1248 1459 γὰρ
1280 1389 1652 1461 προφητειῶν,
1679 1388 1753 1453 ὦς
1776 1404 1944 1459 φησιν

360 1488 389 1538 ὁ
415 1484 594 1554 μέγας
618 1482 1031 1553 Χρυσόστομος,
1063 1483 1097 1553 η
1144 1484 1246 1552 μέν
1272 1485 1390 1535 ἐστι
1420 1481 1794 1550 πνευματικὴ,
1825 1483 1858 1552 ἡ
1888 1482 1944 1535 δὲ

359 1573 680 1643 διαϐολικήο
721 1573 976 1642 λέγονται
1029 1572 1138 1644 γὰρ
1172 1574 1304 1644 παρ’
1355 1573 1590 1636 ἐκείνοις
1633 1572 1944 1643 ὁμωνύμως

361 1666 716 1736 προφητεῖαιυ
740 1665 773 1732 ὴ
794 1664 853 1716 δὲ
875 1664 1019 1732 μέση
1047 1663 1279 1729 τούτων,
1301 1665 1506 1735 φυσική
1532 1665 1663 1736 τιςῆ
1691 1665 1937 1734 τεχνικὴ,

360 1759 393 1826 ἠ
419 1757 477 1810 δὲ
506 1757 663 1827 κοινὴ
711 1758 807 1808 καὶ
834 1753 1113 1826 δημώδης.
1161 1757 1273 1826 Τῆς
1306 1757 1405 1827 μὲν
1430 1756 1524 1810 οὖν
1559 1755 1939 1826 πνευματικῆς

364 1846 797 1916 προηγουμένως
833 1845 932 1914 μὲν
979 1848 1092 1909 τοῖς
1126 1846 1303 1914 ἁγίοις
1334 1848 1608 1916 μέτεστιν,
1641 1846 1710 1900 δι’
1735 1849 1940 1901 οἰκονο-

364 1936 499 2007 μίας
523 1936 580 1989 δὲ
623 1938 737 1999 τοῖς
777 1936 853 2006 μὴ
885 1935 1149 2000 τοιούτοις
1202 1936 1276 2000 ὡς
1318 1938 1397 2009 τῷ
1430 1936 1653 2008 Φαραὼ,
1698 1939 1794 1991 καὶ
1830 1939 1939 1991 Βα-

363 2026 531 2092 λαὰμ,
586 2026 683 2079 καὶ
718 2025 1235 2099 Ναϐουχοδονόσωρ.
1287 2030 1379 2083 καὶ
1440 2030 1690 2099 Καῖάιρα,
1741 2030 1845 2101 τῆς
1882 2031 1939 2084 δὲ

360 2116 674 2188 δωϐολικῆς
700 2120 814 2183 τοῖς
842 2119 1037 2173 τούτου
1094 2121 1256 2191 μόνον
1314 2121 1682 2192 Θεραπευταῖς
1710 2139 1723 2153 ·
1772 2122 1939 2177 αὐτοῦ

361 2210 476 2281 γὰρ
501 2210 549 2262 ol
579 2209 1004 2279 ἀλευρομάντεις
1037 2212 1131 2264 καὶ
1167 2210 1579 2283 κριθομὰντεις,
1615 2215 1709 2268 καὶ
1764 2215 1796 2283 ἡ
1850 2213 1940 2267 διὰ

361 2302 475 2355 τῶν
504 2300 726 2372 μωρίων
766 2302 834 2354 τὰ
869 2302 989 2355 Θεία
1024 2303 1400 2374 μαντευομένη
1439 2303 1633 2369 Πυθία,
1658 2306 1753 2359 καὶ
1786 2306 1821 2375 ἡ
1852 2303 1941 2358 διὰ

360 2393 545 2464 δρυὸς,
583 2394 677 2447 καὶ
711 2396 744 2464 ἡ
778 2394 1026 2464 Δοδώνης
1057 2396 1254 2465 ἱέρειαο
1289 2397 1385 2450 καὶ
1434 2397 1619 2467 μέντοι
1646 2397 1742 2452 καὶ
1782 2399 1816 2469 ἡ
1852 2396 1942 2452 διὰ

363 2484 692 2557 σπλάγχνων
719 2489 815 2541 καὶ⁵
845 2490 1103 2558 πτήσεων
1134 2489 1340 2558 ὀρνέων
1365 2490 1463 2544 καὶ
1495 2491 1772 2559 κλαγγῶν,
1804 2509 1939 2561 συμ-

360 2578 536 2632 δόλων
568 2597 629 2632 τε
652 2578 747 2633 καὶ
783 2580 1073 2651 πταρμῶν,
1096 2579 1366 2650 κληδόνων
1392 2582 1484 2635 καὶ
1511 2582 1761 2653 βροντῆς,
1788 2582 1941 2652 μυῶν

359 2686 419 2723 τε
458 2671 556 2723 καὶ
588 2671 781 2740 γαλῆς,
816 2671 909 2724 καὶ
941 2671 1187 2742 τρισμῶν
1220 2670 1404 2735 ξύλου,
1445 2674 1541 2726 καὶ
1572 2671 1728 2726 ὤτων
1780 2675 1940 2744 ἤχου,

362 2763 457 2814 καὶ
491 2761 722 2831 παλμῶν
748 2763 1024 2832 σώματος,
1050 2763 1149 2815 καὶ
1187 2762 1256 2816 δι’
1284 2762 1549 2832 ὀνόματος
1578 2764 1808 2835 νεκρῶν,
1846 2766 1942 2818 καὶ

366 2853 580 2925 μυρίων
616 2857 894 2908 τοιούτων⁹
950 2856 984 2924 ἡ
1022 2855 1131 2925 γὰρ
1161 2855 1229 2909 δι’
1262 2856 1490 2926 ὀνείρων
1518 2855 1613 2907 καὶ
1644 2856 1777 2922 παρ’
1810 2858 1941 2926 ἡμῖν

362 2944 453 2998 διὰ
486 2945 724 3014 κατοχῆς
761 2945 921 3015 17o
954 2946 1053 3016 μὲν
1092 2946 1187 3000 καὶ
1221 2946 1381 3011 αὐτὴ,
1442 2948 1473 3015 ἡ
1521 2946 1580 3001 δὲ
1631 2948 1943 3017 πρόγνωσις

365 3036 574 3100 αὐτοῖς,
604 3038 664 3090 ού
697 3036 767 3089 δι’
789 3038 995 3108 ἀρετῆς
1024 3039 1100 3101 ὡς
1128 3041 1287 3108 ἡμῖν,
1338 3038 1477 3092 ἀλλὰ
1508 3039 1596 3093 διά
1646 3057 1792 3102 τινος
1839 3058 1939 3093 και
1970 3067 2014 3126 c

365 3128 673 3198 κοτεχνίας·
713 3128 809 3180 καὶ
840 3130 868 3181 ὁ
900 3131 1001 3198 μὲν
1051 3129 1182 3191 Θεὸς
1240 3129 1666 3200 προλέγωνκαὶ
1716 3130 1869 3184 λύσιν
1896 3133 1941 3165 ³⁵

366 3216 704 3280 ὑποτίθεται,
747 3218 841 3271 καὶ
890 3218 953 3271 τὸ
994 3218 1169 3288 πέρας
1223 3219 1367 3290 μετὰ
1424 3220 1609 3290 πάσης
1655 3221 1944 3292 ἀκριδείας

364 3309 597 3375 γίνεται·
634 3310 836 3363 ἐκείνοι
873 3308 929 3362 δὲ
961 3311 1105 3364 κατὰ
1141 3309 1493 3381 συμδεδηκὸς
1532 3312 1592 3366 ἐν
1627 3330 1770 3367 τισιν
1804 3314 1940 3386 ἀλη-

366 3399 685 3465 θεύσαντες,
718 3403 776 3454 ἑν
808 3403 918 3465 τοῖς
946 3403 1159 3456 πλείοσι
1183 3402 1507 3475 διήμαρτον.
1565 3404 1677 3459 Καὶ
1716 3406 1943 3477 τοιαύτη

368 3489 471 3558 μιν
494 3490 529 3559 η
562 3504 618 3542 τε
652 3488 771 3542 θεία
804 3492 903 3543 καὶ
939 3489 1223 3561 διαδολικὴ
1271 3492 1600 3561 προφητεία.
1634 3493 1844 3563 Φυσικὴ
1887 3492 1944 3546 δὲ

365 3580 402 3650 η
428 3579 541 3632 τῶν
569 3580 800 3650 ἀλόγων·
829 3581 1099 3651 χελιδόνες
1143 3583 1251 3654 γὰρ
1286 3584 1381 3637 καὶ
1410 3585 1630 3654 γερανοὶ
1664 3585 1760 3639 καὶ
1804 3587 1944 3658 μύρ-

370 3685 547 3739 μηκες
580 3670 825 3734 ὲπίοντος
853 3670 1119 3742 χειμῶνος
1148 3672 1523 3741 αἰσθάνονται,
1556 3674 1726 3744 ἔχινοί
1763 3691 1822 3727 τε
1851 3674 1945 3728 καὶ

365 3761 650 3825 ἀλκύονες,
678 3761 837 3831 φύσει
893 3763 1054 3817 τοῦτο
1102 3765 1463 3836 κτησάμενοι.
1503 3765 1570 3819 Ἠ
1620 3766 1678 3819 δὲ
1720 3765 1942 3839 τεχνικὴ

365 3854 685 3925 προφητεία
721 3856 875 3925 παρὰ
904 3856 1112 3926 ἰατροῖς
1138 3858 1232 3910 καὶ
1276 3856 1568 3926 συμϐόλοις
1606 3859 1699 3912 καὶ
1746 3859 1945 3930 κυϐερ-

364 3948 577 4016 νήταιςο
608 3949 656 3999 oi
694 3946 794 4017 μὲν
823 3948 934 4020 γὰρ
966 3948 1315 4020 ἀρρωστείας
1345 3950 1440 4003 καὶ
1478 3950 1580 4015 τὰς
1610 3950 1793 4016 λύσεις
1821 3952 1944 4006 τού-

364 4049 475 4090 των
499 4035 883 4106 προλέγουσινο
914 4039 968 4091 οἱ
998 4038 1054 4090 δὲ
1086 4039 1417 4109 πνευμάτων
1453 4041 1782 4112 μεταϐολὴν,
1805 4045 1854 4095 οἱ
1882 4042 1942 4096 δὶ

364 4125 457 4179 τοῦ
501 4127 793 4198 μέλλοντος
809 4130 1063 4184 συνέπειν
1084 4132 1130 4163 ’⁸
1158 4133 1659 4203 καταστοχάζοντες
1683 4135 1748 4191 ’⁷.
1794 4134 1856 4187 Ἦ
1886 4134 1943 4188 δὲ

366 4219 521 4290 κοινὴ
562 4220 657 4274 καὶ
688 4221 945 4292 δημώδης
977 4222 1073 4276 τοῦ
1112 4222 1400 4293 μέλλοντος
1452 4225 1673 4293 γνῶσις,
1706 4224 1819 4280 οἷον
1860 4228 1942 4283 ὅτι

366 4314 508 4381 μετά
540 4312 718 4383 μῆνας
748 4321 796 4382 γ’
826 4315 856 4367 ό
879 4314 1088 4384 χειμὼν
1119 4317 1351 4383 γίνεται·
1381 4319 1586 4381 πάντες
1616 4320 1725 4390 γὰρ
1758 4319 1941 4391 έχουσι

2051 471 2446 541 inspectionem
2477 476 2572 522 aut
2604 469 2710 522 alio
2760 468 2939 524 medio
2984 470 3303 539 prophetam
3336 477 3393 525 et
3432 470 3625 524 diabo-

2051 564 2150 617 liee
2184 561 2519 617 ominantur.
2550 559 2624 615 De
2648 559 2849 629 quibus
2881 559 3022 615 Deus
3054 561 3120 614 ad
3151 559 3443 615 Jeremiam
3482 562 3557 617 ait
3603 581 3616 617 τ

2055 672 2076 707 ι
2116 654 2392 710 Visionem
2436 653 2758 709 mendacem
2794 662 2849 707 et
2883 652 3273 707 divinationem
3304 663 3357 708 ct
3393 652 3624 709 fraudu-

2049 746 2269 801 lentiam
2318 756 2372 801 et
2416 745 2786 800 seductionem
2822 744 3003 798 cordis
3046 745 3130 798 sui
3166 746 3492 814 prophetam
3530 763 3624 801 vo.

2049 840 2154 894 bis.
2189 858 2205 890 ι
2240 838 2540 907 Prophetia:
2569 838 2713 892 enim
2736 878 2751 903 ,
2785 845 2846 891 ut
2894 835 3024 891 dicit
3079 851 3308 905 magnus
3341 837 3624 907 Chrysos-

2051 941 2231 986 tomus
2263 931 2458 1001 duplex
2489 944 2659 1001 genus
2677 939 2802 995 est;
2851 944 3020 983 unum
3055 928 3299 983 divinum
3328 968 3343 993 ,
3395 930 3622 984 alterum

2048 1022 2423 1087 diabolicum;
2476 1021 2665 1075 eodem
2713 1030 2894 1074 autem
2931 1021 3151 1075 nomine
3197 1019 3267 1075 ab
3316 1019 3622 1074 hominibus

2047 1124 2333 1168 vocantur.
2361 1113 2457 1168 Est
2484 1122 2665 1167 autem
2695 1122 2746 1167 et
2778 1111 2934 1167 tertia
2971 1112 3254 1181 prolihetia
3286 1126 3407 1182 quae
3438 1120 3521 1167 est
3551 1111 3624 1167 in-

2050 1215 2131 1262 ter
2164 1206 2302 1261 duos
2329 1206 2505 1260 media
2533 1214 2587 1259 et
2616 1214 2700 1260 est
2722 1220 2754 1260 a
2781 1214 2977 1259 natura
3015 1205 3100 1259 vel
3135 1204 3202 1258 ab
3232 1213 3351 1258 arte
3381 1212 3436 1259 et
3468 1218 3623 1260 com-

2048 1298 2232 1353 munis
2288 1308 2372 1353 est
2414 1297 2745 1353 hominibus.
2793 1294 3041 1351 Divinum
3089 1296 3383 1366 prophetite
3452 1312 3623 1366 genus

2046 1392 2252 1447 sanctis
2285 1390 2585 1461 praesertim
2629 1390 2821 1456 datur,
2857 1397 2914 1443 et
2940 1388 3282 1444 ordinatione
3313 1389 3494 1445 divina
3524 1390 3625 1444 ali-

2047 1485 2265 1555 quando
2299 1483 2431 1539 viris
2478 1498 2584 1538 non
2634 1485 2863 1548 sanctis,
2902 1494 2961 1538 ut
3015 1481 3310 1547 Pharaoni,
3361 1481 3578 1538 Balaam
3606 1524 3620 1545 .

2046 1573 2554 1629 Nabuchodonosor
2584 1583 2638 1629 et
2680 1573 2939 1642 Caiphae;
2973 1574 3299 1630 diabolicum
3339 1586 3521 1629 autem
3556 1575 3624 1630 iis

2048 1667 2179 1722 solis
2205 1666 2300 1735 qui
2333 1666 2458 1719 huic
2498 1666 2602 1719 arti
2654 1665 2901 1720 nefanda:
2936 1673 3065 1720 sunt
3108 1665 3293 1720 dediti.
3327 1665 3465 1722 lluic
3493 1682 3623 1721 Vero

2048 1755 2149 1810 arti
2177 1754 2395 1810 student
2423 1762 2476 1808 et
2511 1762 2681 1818 vates,
2715 1763 2769 1809 et
2792 1770 3049 1825 augures,
3081 1765 3136 1811 et
3162 1769 3258 1826 per
3286 1757 3499 1829 plantas
3534 1759 3622 1813 di-

2046 1847 2172 1901 vina
2221 1844 2548 1916 portendens
2577 1845 2787 1918 Pythia,
2834 1856 2888 1901 et
2926 1862 3022 1917 per
3066 1863 3328 1917 quercum
3374 1847 3619 1906 Dodonia

2046 1938 2318 1993 sacerdos.
2349 1936 2442 1991 illa
2469 1936 2630 1992 etiam
2662 1948 2747 1993 est
2767 1937 3031 1994 diabolica
3071 1940 3354 2013 prophetia
3386 1957 3508 2014 quae
3544 1944 3623 1996 vi-

2047 2030 2296 2085 sceribus
2326 2029 2607 2099 auspiciis,
2632 2030 2918 2100 symbolis.
2949 2031 3461 2101 sternutationibus,
3488 2051 3627 2105 pra:-

2047 2118 2196 2189 sagis
2232 2117 2579 2181 clamoribus,
2618 2118 2916 2173 tonitruum
2948 2118 3275 2189 fragoribus,
3334 2124 3620 2188 musculis,

2048 2208 2315 2274 mustelis,
2343 2210 2518 2263 acutis
2544 2207 2673 2279 ligni
2706 2210 2880 2275 sonis,
2924 2210 3141 2265 aurium
3176 2212 3397 2277 tinnitu,
3425 2229 3621 2284 corpo-

2047 2300 2123 2355 ris
2151 2297 2392 2364 l'remitu,
2423 2308 2765 2356 mortuorum
2792 2301 3129 2366 evocatione,
3157 2304 3454 2374 multisque
3477 2305 3625 2376 ejus-

2048 2392 2195 2446 modi
2235 2392 2446 2447 artibus
2497 2393 2687 2447 utitur.
2735 2392 2993 2463 Ejusdem
3046 2404 3257 2449 natura:
3304 2406 3433 2450 sunt
3466 2396 3625 2452 nobis

2046 2497 2266 2553 quoque
2304 2484 2644 2538 somniorum
2682 2482 3194 2554 interpretationes;
3237 2486 3495 2556 praesagia
3529 2502 3625 2541 au-

2049 2584 2155 2630 tem
2196 2577 2264 2630 ab
2307 2576 2376 2631 iis
2404 2592 2514 2630 non
2556 2577 2701 2632 sicut
2738 2578 2877 2646 apud
2918 2593 3019 2632 nos
3063 2594 3131 2633 ex
3188 2579 3413 2643 virtute,
3466 2580 3560 2634 sed
3594 2596 3625 2633 ο

2049 2667 2322 2722 maleﬁcio
2379 2667 2567 2737 aliquo
2624 2668 2994 2725 deducuntur.
3065 2669 3206 2727 Deus
3266 2671 3485 2743 quando
3540 2672 3625 2726 l‘u-

2051 2766 2169 2812 tura
2229 2759 2549 2826 denuntiat,
2592 2760 2917 2816 solutionem
2981 2762 3266 2832 promittit,
3303 2779 3496 2834 resque
3528 2765 3623 2820 de.

2052 2849 2303 2903 nuntiata
2363 2850 2600 2903 maxima
2646 2866 2769 2904 cum
2814 2850 3092 2921 diligentia
3148 2854 3260 2908 ﬁeri
3318 2855 3476 2910 solet.
3526 2853 3620 2910 lsli

2050 2954 2179 2993 vero
2205 2939 2450 2993 homines
2480 2939 2774 3009 aliquando
2808 2940 3030 2996 fortuito
3059 2944 3339 2999 veritatem
3368 2961 3623 3015 praenun-

2051 3032 2207 3095 tiant,
2246 3032 2446 3101 saepius
2475 3042 2655 3086 autem
2689 3032 3052 3088 mendacium.
3092 3033 3166 3086 Ea
3205 3044 3290 3090 est
3318 3037 3503 3092 divina
3536 3047 3621 3091 at-

2048 3140 2154 3196 que
2212 3125 2480 3179 diabolica
2544 3126 2851 3195 prophetia.
2902 3125 3180 3182 Naturalis
3232 3129 3509 3199 prophetia
3552 3131 3620 3184 ad

2048 3216 2306 3272 animalia
2367 3217 2577 3272 ratione
2635 3219 2877 3272 carentia
2942 3220 3193 3288 pertinet.
3248 3218 3619 3279 llirundines.

2047 3325 2209 3382 grues
2237 3319 2292 3366 et
2318 3309 2558 3365 formicae
2590 3312 2978 3380 praesentiunt,
3014 3311 3218 3381 pariter
3258 3318 3312 3366 et
3350 3313 3530 3368 echini
3569 3323 3625 3368 et

2047 3403 2301 3473 alcyones
2333 3403 2567 3472 quadam
2623 3411 2759 3467 arte,
2812 3402 3007 3472 peritia
3050 3403 3118 3457 ab
3167 3403 3282 3474 ipsa
3319 3413 3511 3459 natura
3554 3406 3622 3459 iis

2048 3493 2234 3548 insita.
2269 3493 2561 3561 Prophetia
2596 3508 2725 3546 vero
2750 3507 2873 3562 quze
2900 3493 2970 3547 ab
2996 3502 3111 3548 arte
3140 3494 3198 3548 iit
3236 3495 3311 3550 ad
3340 3496 3619 3557 medicos.

2048 3584 2213 3638 duces
2245 3592 2299 3639 et
2329 3585 2719 3653 gubernatores
2742 3583 3006 3652 pertinet;
3030 3599 3266 3654 quorum
3298 3586 3390 3643 alii
3417 3586 3622 3640 invale-

2050 3673 2268 3729 tudines
2344 3684 2655 3743 mortesque
2733 3676 3133 3745 praenuntiant,
3189 3678 3279 3731 alii
3334 3687 3619 3733 ventorum

2047 3766 2399 3832 mutationes,
2436 3766 2527 3822 alii
2560 3766 2730 3821 futuri
2760 3768 3208 3835 consequentiam
3234 3769 3619 3825 vaticiuantur.

2046 3860 2365 3917 Communis
2409 3870 2591 3916 autem
2629 3876 2694 3915 ac
2743 3861 2977 3930 vulgaris
3024 3859 3188 3915 futuri
3246 3860 3472 3915 scientia
3506 3862 3621 3915 haec

2045 3963 2148 4016 est,
2176 3955 2325 4007 verbi
2346 3953 2537 4023 gratia,
2567 3953 2741 4008 tribus
2760 3952 3039 4007 mensibus
3062 3951 3263 4022 elapsis
3296 3950 3472 4005 hiems
3503 3951 3619 4007 ﬂeri

2046 4046 2211 4111 solet;
2248 4061 2438 4100 omnes
2470 4047 2615 4100 enim
2649 4060 2771 4117 qua:
2810 4054 3015 4101 statuto
3059 4054 3303 4113 tempore
3335 4045 3616 4110 eveniunt,

2046 4136 2418 4206 speculantur,
2468 4137 2597 4206 quid
2647 4138 2847 4190 mirum
2894 4137 2940 4191 si
2998 4136 3102 4206 ipsi
3144 4137 3418 4191 daamones
3471 4153 3617 4207 prae-

2050 4229 2331 4283 scientiam
2387 4231 2619 4282 habeant
2672 4243 2835 4297 quam
2881 4238 2937 4282 et
2998 4227 3240 4282 formica:
3292 4229 3620 4297 possident?

2049 4317 2207 4371 Periti
2250 4318 2495 4372 homines
2532 4318 2712 4371 l‘utura
2747 4318 3135 4383 vaticinantur,
3168 4317 3261 4370 sed
3293 4318 3477 4372 omnia
3510 4333 3620 4374 non

362 4406 465 4469 τὰς
498 4403 768 4474 περιόδων
802 4405 1199 4475 προτηρήσειςο
1222 4405 1374 4459 οὐδὲν
1404 4406 1533 4477 γὰρ,
1584 4408 1635 4458 εί
1684 4406 1780 4460 καὶ
1818 4407 1937 4460 δαί-

2048 4406 2274 4463 omnino
2303 4415 2453 4460 certo
2484 4415 2770 4461 noverunt.
2824 4405 3077 4459 Diabolus
3126 4406 3194 4461 de
3235 4406 3456 4462 homine
3493 4423 3620 4478 pro-

368 4515 531 4568 μονες
586 4497 896 4567 πρόγνωσιν
928 4497 1101 4568 ἔχοιεν
1133 4498 1179 4530 ³⁸
1206 4497 1340 4553 ὅπου
1390 4516 1453 4568 γε
1506 4500 1601 4551 καὶ
1651 4500 1943 4570 μύρμηκες

365 4588 553 4656 ἔχουσι
587 4605 599 4619 ·
634 4588 731 4641 καὶ
777 4588 942 4641 δεινοὶ
993 4588 1271 4660 ἄνθρωποι
1312 4589 1404 4642 τοῦ
1453 4588 1738 4659 μέλλοντος
1772 4608 1943 4644 κατα-

367 4679 669 4749 στοχασταί
700 4679 858 4744 εἰσιν,
893 4680 1008 4733 ἀλλ’
1032 4680 1131 4751 οὑχ
1152 4681 1227 4744 ὠς
1258 4681 1477 4744 πάντως
1514 4681 1692 4735 πάντα
1722 4680 1942 4749 ειδέναι,

366 4770 493 4823 επεὶ
522 4768 620 4823 καὶ
671 4768 701 4820 ὀ
747 4768 995 4832 διάϐολος
1027 4771 1440 4841 προεφήτευσεν
1486 4769 1656 4823 εἰπών
1681 4772 1745 4805 ’θ’
1786 4790 1805 4824 ι
1835 4772 1943 4825 Τοῦ

367 4860 661 4928 γινώσκειν
715 4860 881 4913 καλὸν
926 4864 1022 4916 καὶ
1071 4862 1329 4934 πονηρὸν,
1375 4881 1394 4913 ι
1424 4860 1519 4916 καὶ
1568 4860 1805 4931 ἐγένετο.
1836 4864 1945 4917 Καὶ

363 4955 531 5009 πάλιν
557 4959 587 5009 ό
618 4955 852 5028 Βαλαὰμ
875 4957 1158 5028 προεῖπεν,
1184 4956 1268 5010 ὅτι
1298 4956 1315 4987 ⁸
1345 4955 1582 5026 Πόρνους
1604 4956 1822 5027 στῆσον,
1850 4957 1946 5010 καὶ

2045 4501 2286 4573 phetavit
2316 4500 2501 4554 dicens
2545 4517 2558 4553 :
2596 4516 2613 4550 ι
2651 4497 2944 4553 Scieutiam
2981 4499 3107 4553 boni
3146 4509 3201 4555 et
3236 4500 3359 4555 mali
3400 4518 3419 4552 ι
3453 4501 3620 4557 habe-

2046 4593 2143 4657 bit,
2176 4603 2226 4646 et
2267 4591 2469 4646 factum
2501 4598 2585 4647 est
2628 4590 2723 4646 ita.
2755 4590 2948 4645 lterum
3000 4589 3219 4647 Balaam
3262 4594 3505 4662 praedixit
3561 4609 3619 4648 se

2046 4687 2225 4759 malos
2246 4686 2644 4741 concitaturum
2676 4699 2706 4739 a
2740 4685 2938 4756 quibus
2959 4682 3258 4741 Jerusalem
3288 4694 3615 4749 vastaretur,

2048 4786 2102 4833 et
2137 4760 2336 4832 factum
2370 4786 2453 4832 est
2493 4777 2590 4831 ita.
2618 4777 2744 4832 Inde
2776 4776 3085 4845 conjectura
3118 4776 3382 4831 naturalis
3425 4775 3617 4830 melior

2052 4876 2135 4923 est
2165 4869 2255 4921 tali
2306 4867 2611 4938 prophetia,
2650 4867 2755 4922 illa:
2804 4876 2979 4923 tamen
3016 4867 3311 4938 praphetite
3358 4866 3490 4920 nihil
3534 4865 3619 4919 in-

2053 4957 2311 5012 credibile
2351 4958 2569 5012 habent.

363 5053 762 5124 προδοθήσεται
809 5055 878 5109 δι’
907 5054 1087 5109 αὐτῶν
1122 5052 1479 5124 Ἰερουσαλὴμ
1501 5055 1544 5117 ¹,
1593 5054 1689 5107 καὶ
1738 5054 1955 5123 έγένετο
2004 5054 2198 5122 οὕτως,
2243 5057 2381 5127 ὅπερ
2418 5055 2724 5127 στοχασμός
2778 5055 2894 5109 ἐστι
2943 5054 3143 5125 μᾶλλον
3194 5054 3228 5125 ἢ
3277 5052 3618 5124 πρόρρησις)

362 5150 460 5199 καὶ
487 5148 647 5202 οὐδὲν
677 5147 981 5219 παράδοξον
1000 5144 1325 5202 αἱτοιαῦται
1352 5148 1679 5219 προφητεῖαι
1701 5147 1937 5218 ἔχουσιν.
2034 5218 2037 5220 ἓ

1518 5333 1717 5395 νει-ιω
1760 5335 2068 5399 lectiones
2097 5341 2159 5399 et
2199 5339 2387 5397 notes.

437 5512 486 5544 ”
513 5508 559 5565 ll
589 5508 712 5565 Par.
742 5524 933 5575 sunt,
964 5508 1017 5563 6.
1094 5509 1138 5540 ’³
1164 5508 1273 5564 Jer.
1307 5524 1417 5566 xw.
1448 5508 1532 5563 ιι.
1611 5508 1655 5539 ’⁸
1685 5523 1756 5569 vn,
1819 5508 1915 5561 511

437 5600 447 5633 ι
473 5577 523 5635 α’
537 5581 651 5704 ἐῢν
677 5576 815 5643 εἶδος
837 5580 1175 5679 πρρφητείας
1205 5579 1264 5633 τὸ
1296 5581 1490 5641 εἰπεῖν,
1513 5575 1556 5649 β’
1592 5578 1650 5678 δὲ
1679 5577 1737 5629 τὸ
1780 5576 1850 5630 δι’
1895 5578 1945 5648 ἐξ

437 5666 532 5702 συν
571 5668 653 5702 σει
682 5650 806 5704 cod.
957 5647 1494 5704 καταστογάζουσινῖ
1567 5649 1587 5680 ⁸
1636 5646 1781 5704 ἕγειν
1818 5653 1945 5702 code

2050 5510 2236 5580 Ωσπερ
2269 5507 2377 5578 γὰρ
2411 5504 2539 5573 τρία
2579 5506 2696 5577 εἴδη
2730 5506 3065 5577 προφητείας
3109 5506 3192 5579 είρ
3237 5524 3306 5563 κα
3357 5524 3416 5562 εν
3448 5509 3617 5567 πάλαι

2048 5579 2281 5702 nisi.
2301 5577 2553 5703 διἠερεῖου
2584 5576 2931 5702 vitae:
2975 5576 3139 5701 Ls“
3159 5506 3615 5704 fliam?-

3046 5595 3139 5632 και
3177 5595 3276 5632 την

362 5577 653 5704 res:
677 5576 815 5704 tas
837 5579 1494 5704 πξθῖἒξῗὲέοξὲςῐῖῖὲςῖὶνξ
1513 5575 2145 5704 insessam:
2584 5576 2898 5702 mare:

3345 5578 3465 5633 ύσιν
3490 5583 3615 5637 cod.

363 5651 413 5723 ’ξ
437 5645 653 5723 συνέσει
682 5650 806 5704 cod.
848 5654 849 5657 “
881 5645 926 5723 ’ξ
957 5645 1524 5723 καταστοχάξοιδσινῖ⁷
1567 5647 1612 5680 ³³
1636 5645 1945 5723 ἔχειν-εοᾱῷ

2065 5645 2133 5723 _"
2162 5647 2304 5723 _ch.
2341 5645 2437 5723 ιιι,
2454 5651 2505 5700 5.
2588 5645 3089 5723 ’,Νιιιηλκι-νιῖιιῖ
3159 5652 3179 5682 ¹
3209 5645 3428 5723 Ἰσραήλ
3452 5649 3617 5719 (Mar-

364 5719 613 5789 ginalis.)
648 5723 691 5775 A
716 5719 957 5774 secunda
981 5734 1142 5775 manu
1188 5717 1443 5789 leguntur
1468 5732 1623 5774 erasa
1654 5718 1945 5788 quaedamt

2048 5718 2099 5790 τῷ
2151 5719 2546 5786 ἀναγινώσκειν
2576 5717 2631 5771 τί
2654 5717 2819 5772 αὑτὸν
2855 5718 3019 5772 είσδ..
