4048 6212
543 341 643 405 311

1734 339 2055 399 GEORGII
2093 338 2540 401 IIAMARTOLI

3666 319 3791 390 312

554 480 570 512 ι
605 460 762 513 Salva
794 473 897 520 me.
931 458 1150 513 domine
1184 460 1254 513 mi
1291 475 1405 513 rex.
1432 460 1534 526 Qui
1560 463 1674 515 ait:
1712 461 1827 517 Non
1866 474 1916 518 te
1945 465 2112 519 salvat

2219 463 2354 534 πρὸς
2394 461 2591 516 αὐτόν’
2633 459 2836 523 Σῶσον,
2898 457 3052 528 κύριε
3095 449 3339 527 βασιλεῦ.
3391 448 3504 503 Καὶ
3557 447 3795 519 ὀιποκρι⁴

550 553 811 605 Dominus
838 566 848 600 :
879 552 1021 606 unde
1059 562 1111 607 te
1148 568 1368 621 possunt
1404 553 1651 622 salvare;
1684 555 1752 609 de
1778 570 1905 610 arca
1938 558 2019 611 vel
2046 557 2113 611 de

546 645 809 698 toreulari
839 646 863 697 ?
913 645 975 698 Et
1038 646 1171 699 dixit
1226 646 1417 700 mulier
1441 663 1455 699 :
1478 644 1619 709 Non,
1645 664 1759 715 rex,
1792 648 1885 702 sed
1920 649 2115 703 mulier

548 735 648 787 ista
689 734 827 788 dixit
879 734 1011 789 mihi
1048 752 1062 789 :
1094 734 1170 790 Da
1208 736 1377 790 filium
1442 746 1595 791 tuum
1648 746 1708 791 ut
1763 739 2114 793 comedamus

542 842 668 882 eum
697 826 881 890 hodie,
916 836 969 881 et
1000 828 1166 881 tilium
1188 844 1366 882 meutn
1397 830 1759 886 concedemus
1786 846 1930 885 cras.
1952 830 2115 886 Coxi-

544 931 666 969 mus
693 930 823 984 ergo
841 916 1005 969 filium
1040 930 1219 969 meum
1261 925 1314 969 et
1352 916 1713 981 comedimus,
1751 925 1805 972 et
1837 917 1951 986 ipsa
1985 917 2115 972 abs-

543 1007 727 1061 condit
792 1007 959 1060 filium
1015 1023 1199 1063 suum.
1267 1007 1418 1073 Quod
1480 1024 1603 1063 eum
1679 1008 1921 1063 audisset
1974 1024 2109 1069 rex,

544 1098 706 1152 scidit
737 1099 1059 1152 vestimenta
1087 1114 1206 1162 sua,
1232 1098 1474 1169 viditque
1513 1100 1691 1154 omnis
1722 1100 1954 1170 populus
1997 1098 2115 1154 cili-

543 1191 688 1245 cium
721 1207 831 1259 qno
869 1192 1096 1245 vestitus
1124 1201 1244 1245 erat
1284 1192 1349 1245 ad
1382 1207 1603 1245 carnem
1635 1194 1992 1246 intrinsecus.
2040 1190 2109 1245 Et

544 1282 617 1335 ait
644 1298 733 1336 rex
770 1300 784 1336 :
828 1283 950 1337 Ilzce
978 1283 1110 1336 mihi
1149 1282 1306 1337 faciat
1338 1282 1477 1338 Deus
1511 1292 1566 1337 et
1599 1284 1711 1337 haec
1742 1284 1904 1337 addat
1930 1284 1973 1339 si
2003 1291 2113 1337 ste-

547 1374 670 1426 terit
702 1384 864 1442 caput
892 1374 1052 1428 Elisei
1099 1374 1189 1427 lilii
1233 1372 1441 1444 Sapbat
1488 1390 1651 1444 super
1688 1374 1862 1443 ipsum
1931 1375 2109 1429 hodie.

545 1464 791 1533 Cumque
837 1465 1081 1520 misisset
1108 1466 1303 1520 ducem
1333 1481 1498 1534 super
1546 1466 1703 1535 cujus
1752 1481 1969 1519 manum
2016 1483 2111 1520 rex

547 1557 893 1611 incumbebat
922 1559 996 1611 ait
1020 1559 1084 1611 ad
1120 1559 1267 1611 illum
1303 1558 1560 1627 propheta
1591 1575 1606 1614 :
1656 1559 1782 1613 Haec
1844 1559 1975 1611 dicit
2010 1559 2115 1611 Do-

547 1648 730 1700 minus
764 1666 776 1700 :
810 1646 865 1699 lu
913 1656 1155 1715 tempore
1198 1634 1299 1702 hoc
1336 1662 1460 1701 cras
1510 1646 1721 1700 modius
1768 1646 1959 1699 similae
2006 1660 2113 1699 uno

545 1744 746 1789 statere
776 1738 881 1790 erit
923 1745 977 1790 et
1015 1740 1124 1791 dtto
1172 1738 1340 1791 modii
1386 1737 1615 1801 hordei,
1659 1748 1855 1791 statere
1901 1752 2009 1790 uno
2056 1738 2109 1790 in

547 1840 698 1892 porta
731 1827 1009 1883 Samariam
1069 1830 1133 1881 Et
1159 1828 1295 1881 dixit
1325 1829 1427 1882 dux
1474 1845 1489 1879 :
1543 1827 1597 1881 Si
1645 1828 1907 1881 Dominus
1972 1827 2112 1882 fece-

546 1915 615 1967 rit
646 1918 809 1969 etiam
848 1928 1156 1975 cataractas
1183 1921 1235 1973 in
1267 1920 1433 1987 cado,
1469 1920 1733 1988 numquid
1770 1922 1967 1989 poterit
1994 1934 2113 1974 esse

544 2008 686 2074 quod
721 2007 997 2077 loqueris?
1020 2008 1123 2074 Qui
1154 2011 1226 2063 ait
1256 2029 1269 2063 :
1307 2009 1522 2065 Videbis
1554 2012 1730 2065 oculis
1760 2013 1868 2066 tuis
1893 2023 1947 2067 et
1988 2012 2112 2067 inde

544 2114 652 2151 non
713 2100 989 2155 eomedes.
1026 2099 1090 2154 Et
1150 2101 1247 2154 viri
1292 2102 1486 2169 leprosi
1534 2105 1683 2171 juxta
1722 2111 1928 2171 portam
1959 2101 2111 2158 urbis

552 2189 806 2242 sedentes
830 2189 1097 2259 famisque
1122 2191 1465 2261 impatientes
1494 2202 1800 2247 statuerunt
1835 2194 1899 2248 ad
1934 2196 2111 2249 hostes

545 2277 907 2347 transfugere.
952 2279 1318 2335 Surrexerunt
1355 2297 1483 2352 ergo
1546 2284 1752 2350 vesperi
1783 2292 1842 2337 ut
1870 2285 2115 2338 venirent

545 2369 613 2422 ad
644 2378 825 2423 castra
852 2369 1043 2441 Syriae,
1073 2386 1309 2440 cumque
1351 2374 1627 2427 venissent
1679 2374 1883 2427 nullum
1914 2374 2110 2429 ibidem

547 2471 886 2529 repererunt.
942 2462 1149 2516 Etenim
1185 2462 1446 2519 Dominus
1479 2462 1679 2518 fecerat
1726 2475 1783 2518 ut
1818 2466 1870 2519 in
1909 2466 1976 2519 iis
2020 2482 2113 2521 ca-

543 2550 674 2605 stris
695 2552 908 2607 sonitus
931 2569 1215 2617 curruum,
1240 2569 1503 2624 equorum
1529 2557 1818 2625 magnique
1838 2558 2112 2614 exercitus

545 2645 847 2708 audiretur,
884 2662 992 2713 quo
1056 2647 1324 2717 perterriti
1390 2645 1805 2716 Syri,omnibus
1838 2648 1996 2704 rebus
2025 2663 2113 2703 re-

549 2736 712 2799 lictis,
752 2738 803 2789 in
837 2740 1074 2792 tenebris
1100 2740 1401 2807 profugere.
1439 2737 1571 2803 Qua:
1596 2752 1719 2792 eum
1754 2737 1950 2808 leprosi
1986 2754 2114 2793 nar-

546 2827 813 2880 ravisseut
843 2828 1118 2891 misitrex,
1142 2828 1234 2897 qui
1257 2836 1645 2896 cognoscerent
1668 2844 1734 2881 an
1767 2829 1816 2881 id
1854 2828 2110 2883 indicium

548 2932 734 2970 verum
773 2929 942 2973 esset.
971 2920 1073 2984 Qui
1112 2920 1254 2988 regis
1294 2918 1416 2990 Syri
1450 2921 1675 2989 vestigia
1706 2937 1875 2989 usque
1900 2922 1965 2975 ad
1999 2921 2114 2975 Jur-

545 3010 739 3062 danem
786 3011 1008 3065 fluvium
1047 3012 1242 3075 secuti,
1272 3028 1400 3066 ecce
1433 3012 1612 3065 omnis
1643 3013 1728 3065 via
1777 3014 1934 3082 plena
1996 3022 2114 3067 erat

2216 556 2330 618 Osi;
2360 551 2480 609 εἷπε
2502 569 2517 584 ’
2551 552 2642 624 Μὴ
2674 550 2847 605 σώσαι
2889 567 2949 605 σε
2984 550 3219 618 Κύριος;
3254 544 3420 598 πόθεν
3464 542 3678 604 micat;
3716 541 3795 612 μή

2216 648 2324 701 ἀπὸ
2381 649 2481 716 τῆς
2541 646 2812 717 ᾰλωνοςῆ
2868 644 2977 696 ἀπὸ
3023 643 3123 711 τῆς
3142 637 3339 711 ληνοῦ;
3398 635 3507 689 Καί
3548 652 3722 704 φησιν
3758 636 3792 703 ή

2216 738 2353 806 γυνή
2375 750 2388 765 ’
2422 735 2578 805 Οὐχὶ,
2632 734 2876 805 βασιλεῦ,
2925 732 3042 785 ἀλλ’
3074 732 3108 800 ή
3148 728 3285 796 γυνὴ
3332 725 3473 794 αὕτη
3504 721 3628 778 εἷπέ
3660 741 3787 793 μοι·

2214 825 2315 888 Δὸς
2359 824 2451 877 τὸν
2502 824 2614 878 υίόν
2652 841 2770 885 σου,
2824 821 3135 892 φαγώμεθα
3176 817 3338 872 αὐτὸν
3393 816 3658 886 σήμερον,
3696 812 3795 865 καὶ

2214 918 2307 970 τὸν
2347 916 2464 970 υἱόν
2521 934 2624 987 μου
2684 916 2898 986 αὔριον,
2958 914 3054 966 καὶ
3101 911 3411 980 ἑψήσαντες
3453 908 3616 961 αὑτὸν
3665 906 3794 977 χθὲς

2214 1008 2512 1076 ἐφάγομεν,
2564 1008 2658 1060 καὶ
2714 1008 2957 1077 σήμερον
3018 1004 3109 1058 τὸν
3157 1001 3272 1055 υίδν
3322 1000 3493 1070 αὐτῆς
3531 998 3790 1070 ἔκρυψεν.

2217 1100 2397 1169 Ὅπερ
2428 1098 2670 1162 ἀκούσας
2713 1100 2741 1151 6
2789 1097 3045 1167 βασιλεὺς
3070 1091 3325 1164 διέρρηξε
3358 1092 3427 1143 τά
3459 1090 3653 1159 ίμάτια
3684 1090 3788 1143 αύ-

2213 1191 2330 1255 τοῦ,
2379 1192 2474 1244 καὶ
2520 1188 2663 1244 εἶδεν
2694 1192 2721 1243 6
2752 1191 2879 1255 λαὸς
2925 1188 3017 1243 τδν
3063 1188 3267 1241 σάκκον
3317 1186 3409 1238 ἐπὶ
3437 1186 3537 1254 τῆς
3586 1184 3789 1252 σαρκὶς

2213 1282 2379 1336 αὐτοῦ
2413 1283 2617 1336 ἔσωθεν
2642 1284 2734 1337 καὶ
2762 1280 3082 1352 ἀποκριθεὶς
3116 1276 3266 1332 εἶπεν
3301 1278 3347 1310 ⁸³
3367 1294 3382 1310 ·
3431 1277 3569 1331 Τάδε
3624 1276 3789 1345 ποιὴ-

2215 1392 2304 1428 σαι
2340 1393 2430 1445 μοι
2480 1376 2509 1427 6
2553 1375 2686 1438 Θεὸς
2738 1374 2832 1429 καὶ
2861 1374 2987 1427 τάδε
3019 1370 3306 1443 προσθείη,
3359 1370 3409 1421 εἰ
3465 1370 3719 1438 στήσεται
3751 1368 3787 1435 ή

2219 1466 2428 1535 κεφαλὴ
2496 1465 2772 1519 Ἐλισαίου
2824 1466 3063 1535 σήμερον
3145 1463 3232 1515 ἐπ’
3284 1460 3452 1529 αύτῷ.
3488 1459 3595 1512 Καὶ
3654 1460 3794 1510 ἁπο-

2214 1557 2427 1621 στείλας
2454 1557 2547 1610 τὸν
2577 1557 2871 1626 τριστάτην
2895 1554 2981 1623 ἐφ’
3006 1553 3064 1606 δν
3096 1548 3469 1605 ὲπανεπαύετο
3505 1544 3626 1600 εἷπε
3652 1547 3791 1616 πρὸς

2213 1648 2378 1702 αὐτὸν
2419 1647 2448 1701 6
2488 1649 2808 1718 προφήτης·
2866 1646 3004 1699 Τάδε
3076 1643 3222 1711 λέγει
3297 1640 3536 1711 Κύριος’
3590 1636 3790 1705 Δθριον

2218 1741 2378 1811 186
2406 1741 2537 1793 ὡσεὶ
2569 1739 2687 1810 ὥρα
2717 1738 2857 1809 αὔτη
2898 1735 3235 1807 σεμιδάλεως
3269 1733 3453 1785 σίκλου
3494 1729 3591 1782 καὶ
3634 1728 3789 1796 δίμεο

2214 1847 2340 1901 τρον
2368 1831 2561 1901 κριθῆς
2591 1831 2773 1884 σίκλου
2798 1833 2853 1882 ὲν
2899 1831 3019 1891 ταῖς
3070 1827 3267 1889 πύλαις
3298 1823 3631 1894 Σαμαρείας.
3679 1819 3790 1874 Καὶ

2216 1916 2371 1974 εἶπεν
2398 1924 2426 1974 6
2454 1921 2751 1991 τριστάτης
2772 1938 2785 1951 ο
2829 1921 2888 1972 Εί
2917 1918 3271 1987 καταράκτας
3300 1916 3525 1984 ποιήσαι
3560 1911 3786 1979 Κύριος,

2213 2014 2274 2067 ού
2312 2014 2385 2083 μὴ
2435 2013 2586 2066 ἔσται
2643 2012 2821 2066 τοῦτο.
2888 2012 2947 2064 ὐ
2992 2011 3047 2063 δὲ
3090 2008 3388 2070 Ἐλισσαῖός
3409 2023 3543 2075 φησι
3578 2021 3593 2035 ·
3630 2003 3786 2065 Ἰδοὺ,

2212 2108 2317 2180 ὄψῃ
2349 2110 2460 2169 τοῖς
2497 2106 2791 2176 ὀφθαλμοῖς
2848 2124 2939 2158 σου
2980 2106 3072 2157 καὶ
3134 2102 3345 2155 ἐκεῖθεν
3398 2101 3461 2153 ού
3500 2098 3574 2169 μὴ
3615 2099 3790 2167 ιρὰ-,Ἧι

2212 2199 2323 2253 Καὶ
2349 2198 2540 2268 ἄνδρες
2570 2197 2763 2267 λεπροὶ
2807 2195 2849 2249 δ’
2893 2197 3043 2267 παρά
3076 2196 3173 2264 τήν
3221 2194 3397 2262 πύλην
3437 2190 3537 2257 τῆς
3576 2188 3786 2249 πόλεως

2214 2289 2516 2359 καθήμενοι
2546 2289 2643 2342 καὶ
2676 2288 2769 2341 τὸν
2801 2286 2959 2357 λιμὸν
2987 2287 3049 2340 οὐ
3082 2287 3359 2356 φέροντες,
3394 2281 3789 2335 ἐϐουλεύσαντο

2212 2380 2349 2450 πρὸς
2378 2380 2505 2442 τοὺς
2538 2379 2817 2441 ἐναντίους
2851 2377 3242 2448 αὐτομολῆσαι.
3278 2374 3389 2429 Καὶ
3412 2373 3477 2443 δὴ
3512 2371 3791 2425 ἀναστάν-

2213 2488 2301 2534 τες
2325 2473 2382 2524 ὲν
2426 2470 2503 2540 τῷ
2535 2469 2719 2522 σκότει
2747 2466 2912 2541 ἦλθον
2944 2470 3023 2531 είς
3056 2469 3153 2536 τὴν
3184 2464 3534 2533 παρεμϐολὴν
3564 2461 3789 2533 Συρίας,

2212 2563 2306 2617 καὶ
2344 2561 2452 2615 ίδοὺ
2503 2562 2604 2614 ούκ
2655 2556 2724 2631 ἦν
2771 2560 2909 2631 ἀνὴρ
2956 2562 3091 2621 ἐκεῖ,
3149 2560 3230 2612 ὅτι
3277 2557 3479 2627 Κύριος
3509 2553 3790 2619 ἀκουστὴν

2214 2651 2438 2721 εποίησε
2492 2650 2591 2718 τὴν
2644 2648 2995 2719 παρεμϐολὴν
3043 2647 3243 2718 Συρίας
3286 2645 3471 2714 φωνὴν
3519 2642 3789 2712 ἁρμάτων

2215 2742 2307 2795 καὶ
2339 2741 2471 2812 (48⁸)
2507 2740 2689 2794 ἵππων
2735 2741 2828 2793 καὶ
2871 2740 3099 2809 δύναμιν
3150 2737 3393 2807 μεγάλην
3420 2735 3486 2799 ⁸⁸,
3523 2736 3622 2789 καὶ⁵
3653 2733 3795 2787 ἀπέ-

2214 2834 2418 2904 δρασαν
2450 2835 2508 2886 ὲν
2533 2832 2610 2903 τῷ
2638 2832 2820 2885 σκότει
2847 2831 3046 2894 πάντες
3078 2828 3507 2897 καταλείψαντες
3527 2825 3750 2879 ἅπαντα
3771 2838 3788 2854 ⁶

2214 2924 2322 2978 τῶν
2350 2925 2407 2977 δὲ
2445 2925 2665 2995 λεπρῶν
2700 2924 2879 2977 πάντα
2913 2920 3367 2992 διασαφησάντων
3410 2920 3468 2970 ὲν
3501 2920 3571 2988 τῇ
3605 2916 3787 2980 πόλει,

2216 3016 2533 3069 ἀπέστειλεν
2570 3018 2598 3069 ὁ
2643 3014 2898 3083 βασιλεὺς
2938 3013 3164 3082 γνῶναι,
3210 3012 3259 3064 εί
3291 3009 3499 3078 ἀληθὴς
3535 3010 3563 3060 6
3600 3006 3781 3075 λόγος,

551 3100 891 3153 vestimentis
933 3111 986 3154 et
1041 3102 1186 3155 vasis
1219 3118 1341 3171 qua:
1396 3102 1727 3171 trepidantes
1774 3103 2112 3172 projecerant

2218 3108 2314 3162 καὶ
2338 3107 2693 3178 πορευθέντες
2722 3107 2900 3159 ὀπίσω
2924 3106 3017 3158 τοῦ
3049 3104 3314 3174 βασιλέως
3342 3102 3540 3172 Συρίας
3562 3100 3668 3163 ἕως
3692 3100 3789 3152 τοῦ

546 3192 690 3261 Syri.
735 3194 1091 3263 Iteversisque
1120 3195 1186 3249 iis
1239 3211 1377 3262 quos
1436 3212 1528 3250 rex
1557 3196 1811 3259 miserat,
1864 3211 2114 3265 egressus

546 3296 630 3338 est
663 3286 894 3353 populus
929 3288 996 3339 ab
1030 3286 1163 3341 urbe
1200 3294 1255 3339 et
1301 3286 1524 3355 diripuit
1565 3300 1746 3342 castra
1789 3288 1958 3357 Syriae
1986 3304 1999 3338 :
2030 3287 2113 3342 fa-

546 3383 774 3444 ctusque
794 3387 876 3429 est
903 3377 1114 3431 modius
1143 3377 1335 3431 similae
1365 3386 1567 3432 statere
1598 3394 1708 3431 uno
1734 3388 1787 3433 et
1815 3378 1924 3433 duo
1948 3378 2111 3433 modii

550 3468 733 3523 hordei
756 3476 956 3523 statere
978 3484 1088 3524 uno
1113 3468 1267 3536 juxta
1292 3470 1516 3523 verbum
1542 3469 1782 3524 Domini.
1812 3469 1900 3525 Ille
1930 3481 2110 3526 autem

546 3574 577 3611 a
618 3573 740 3627 rege
775 3560 1004 3622 tertius,
1046 3574 1169 3614 cum
1231 3575 1354 3614 eum
1398 3575 1490 3614 rex
1534 3569 1704 3630 porta:
1734 3561 2102 3631 praefecisset.

553 3648 787 3703 obtritos
816 3665 843 3701 a
872 3650 1074 3719 populo
1100 3649 1283 3720 periit,
1324 3665 1431 3704 non
1462 3652 1696 3719 gustatis
1732 3652 1796 3706 iis
1814 3652 2109 3717 alimentis,

548 3742 707 3796 sicuti
740 3751 793 3795 et
821 3752 970 3797 vates
998 3743 1409 3797 afﬁrmaverat.»
1437 3744 1577 3798 Idem
1599 3746 1850 3811 precibus
1875 3746 2111 3801 obtinuit

551 3841 609 3886 ut
646 3848 802 3903 aqute
834 3831 1226 3889 Jerichuntina
1250 3844 1434 3889 essent
1462 3835 1713 3890 salubres
1743 3852 1867 3891 cum
1918 3848 2111 3893 natura

546 3935 730 3982 essent
755 3942 975 3990 amarae,
1002 3927 1153 3995 potui
1185 3925 1393 3981 acerba:
1418 3935 1473 3981 et
1501 3925 1819 3981 fecunditati
1852 3929 2110 3983 adversae.

548 4016 704 4082 Quod
751 4016 804 4069 in
848 4017 1137 4071 utilitatem
1170 4016 1452 4070 hominum
1490 4018 1862 4088 arborumque
1899 4018 2101 4074 factum

547 4109 846 4164 fertilitatis
891 4108 1193 4179 salutisque
1250 4109 1498 4178 plurimae
1555 4110 1644 4164 isti
1699 4110 1903 4179 regioni
1947 4127 2112 4166 causa

548 4200 777 4254 exstitit.
814 4199 947 4254 Nam
997 4200 1051 4253 in
1098 4201 1245 4254 hunc
1272 4215 1447 4270 uSque
1488 4202 1630 4255 diem
1663 4202 1945 4257 exundans
1995 4202 2114 4258 fons

548 4292 652 4348 iste
706 4302 1065 4363 campestrem
1104 4292 1397 4347 maximam
1443 4293 1720 4363 regionem
1768 4295 2112 4364 impinguat,

546 4384 822 4453 nuli-itque
867 4384 1109 4453 pomaria
1152 4392 1206 4437 et
1264 4384 1525 4453 palmaria
1583 4383 1840 4438 mellifera
1880 4399 2110 4453 quorum

2227 3197 2518 3268 Ἰορδάνου,
2573 3199 2681 3252 ίδοὺ
2723 3199 2873 3251 πᾶσα
2910 3197 2946 3265 ἠ
2986 3196 3103 3259 666;
3149 3194 3364 3264 πλήρης
3403 3194 3640 3262 ἱματίων
3693 3192 3789 3243 καὶ

2217 3289 2450 3355 σκευῶν,
2478 3282 2554 3342 ὧν
2583 3288 2776 3359 ἔρριψε
2808 3287 2979 3358 Συρία
3008 3288 3066 3339 ὲν
3094 3286 3171 3357 τῷ
3204 3285 3527 3356 θαμϐεἰσθαι
3558 3282 3784 3345 αὐτούς.

2218 3382 2326 3437 Καὶ
2356 3379 2820 3451 ὑποστρεψάντων
2856 3377 2962 3431 τῶν
2995 3374 3445 3445 ἀπεσταλμένων,
3495 3370 3722 3440 ἐξῆλθεν
3761 3374 3791 3425 6

2216 3474 2345 3537 λαὸς
2402 3474 2502 3542 τῆς
2548 3472 2757 3534 πόλεως
2807 3470 2901 3524 καὶ
2954 3470 3224 3540 διήρπασε
3278 3466 3377 3537 τὴν
3429 3464 3791 3535 παρεμϐολὴν

2216 3565 2436 3636 Συρίας,
2468 3563 2561 3616 καὶ
2590 3562 2810 3630 ἐγένετο
2851 3559 3050 3631 μέτρον
3096 3559 3430 3629 σεμιδάλεως
3470 3556 3659 3609 σίκλου
3692 3556 3794 3607 καὶ

2219 3656 2474 3727 δίμετρον
2501 3653 2698 3725 κριθῆς
2729 3653 2913 3706 σίκλου
2958 3651 3100 3705 κατά
3132 3651 3192 3702 τὸ
3223 3651 3373 3722 ῥῆμα
3412 3648 3643 3718 Κυρίου.
3681 3647 3794 3700 Τοῦ

2214 3744 2271 3797 δὲ
2311 3743 2575 3813 βασιλέως
2616 3742 3066 3816 καταστήσαντος
3106 3743 3196 3793 τὸν
3229 3740 3523 3809 τριστάτην
3554 3739 3648 3790 ἐπὶ
3692 3736 3798 3805 τῆς

2217 3833 2411 3902 πύλης,
2451 3832 2830 3901 συνεπάτησεν
2870 3833 3035 3885 αὑτὸν
3066 3834 3094 3884 6
3120 3831 3269 3894 λαὸς,
3315 3832 3411 3883 καὶ
3443 3829 3685 3881 ἀπέθανε
3720 3829 3799 3897 μὴ

2215 3923 2406 3992 φαγὼν
2436 3925 2499 3976 ὲκ
2527 3924 2621 3976 τοῦ
2646 3924 2793 3977 σίτου
2823 3923 2963 3977 κατὰ
2988 3923 3049 3976 τὸ
3080 3923 3228 3993 ῥῆμα
3252 3920 3347 3975 τοῦ
3374 3922 3660 3992 προφήτου
3682 3920 3754 3973 ⁵⁸.
3774 3936 3796 3970 ι

2217 4018 2294 4088 (4)
2342 4018 2452 4071 Καὶ
2484 4017 2673 4086 μέντοι
2703 4016 2797 4070 καὶ
2824 4017 2892 4070 τὰ
2927 4017 3278 4087 Ἱεριχούντια
3306 4014 3469 4069 ὕδατα
3504 4014 3595 4067 διὰ
3627 4030 3805 4081 προσ-

2215 4109 2378 4179 εὐχῆς
2408 4107 2620 4171 ίάσατο,
2640 4109 2834 4179 πικρὸν
2867 4109 2976 4179 γὰρ
3038 4104 3106 4174 ἦν
3150 4106 3330 4176 φύσει,
3365 4108 3459 4159 καὶ
3502 4104 3802 4168 δύσποτον,

2220 4204 2315 4254 καὶ
2347 4200 2483 4271 πρὸς
2514 4202 2863 4270 τεκνογονίαν
2893 4202 3151 4271 ἐμπόδιόν
3180 4219 3239 4255 τε
3269 4200 3364 4254 καὶ
3390 4199 3806 4268 θανατηφόρον,

2219 4291 2332 4345 ἐσθ’
2373 4294 2461 4343 ὅτε
2494 4294 2587 4344 καὶ
2623 4290 2758 4359 πρὸς
2793 4291 3014 4363 ἀρδείαν
3042 4292 3087 4323 ⁵⁸
3116 4290 3509 4361 ἀνεπιτήδειον,
3545 4290 3687 4359 ὅπερ
3723 4291 3809 4352 είς

2218 4382 2547 4455 εὐχρηστίαν
2580 4382 2889 4451 ἀνθρώποις
2936 4383 3030 4437 καὶ
3062 4383 3283 4453 κτήνεσι
3322 4379 3668 4451 μεταϐαλὼν,
3706 4382 3811 4434 εὐ-

546 4471 755 4525 fruetus
796 4474 985 4526 calcati
1036 4483 1201 4542 atque
1253 4474 1424 4543 pressi
1478 4488 1727 4542 magnam
1775 4476 1951 4529 mellis
2001 4474 2105 4526 vim

2215 4475 2453 4545 καρπίας
2486 4473 2719 4544 μάλιστα
2770 4474 2973 4543 πολλῆς
3010 4476 3105 4527 καὶ
3140 4474 3415 4544 σωτηρίας
3467 4471 3688 4541 ὑπῆρξε
3736 4477 3810 4544 τῇ

545 4558 966 4629 οπιιιιάιιιιι.ιεει
985 4565 1128 4617 enim
1145 4566 1390 4634 apprime
1405 4565 1663 4620 mellifera
1684 4574 1739 4621 et
1760 4567 2110 4621 aromatifera

550 4650 657 4704 ista
701 4650 871 4718 regio,
918 4650 1113 4705 citrum
1168 4656 1473 4721 producens
1512 4666 1564 4709 et
1599 4658 2006 4726 myrobalanum
2060 4668 2113 4711 et

544 4742 885 4814 opobalsami
921 4743 1246 4811 plurimum,
1274 4756 1331 4798 ut
1365 4757 1583 4813 propter
1616 4763 1767 4799 raros
1795 4760 1849 4801 et
1875 4748 2110 4801 homini-

544 4835 648 4890 bus
692 4834 1079 4889 desiderabiles
1125 4834 1334 4887 fructus
1394 4851 1497 4887 non
1564 4835 1801 4889 absurde
1855 4838 2109 4905 paradiso

545 4928 848 4997 comparari
879 4941 1036 4994 posse
1064 4924 1327 4979 videatur.
1370 4924 1441 4976 De
1470 4939 1575 4992 qua
1606 4939 1835 4994 magnus
1873 4926 2107 4979 Anasta—

544 5021 661 5075 sius
690 5018 1121 5090 Theopolitanus
1146 5018 1221 5070 ait
1248 5034 1260 5069 :
1293 5036 1308 5066 ι
1342 5014 1644 5085 Diligentes
1673 5032 1854 5070 rerum
1879 5019 2114 5088 scripto-

548 5128 636 5166 res
696 5113 961 5176 referunt,
1009 5111 1319 5181 paradisum
1377 5123 1497 5162 esse
1547 5109 1820 5176 regionem
1884 5112 2119 5165 maxime

548 5204 875 5258 orientalem
935 5212 989 5257 et
1028 5203 1184 5271 quasi
1224 5210 1382 5255 terra:
1407 5216 1557 5254 aram
1603 5215 1746 5263 esse,
1784 5201 1943 5270 cujus
2002 5204 2117 5272 agri

547 5296 615 5349 ad
643 5298 805 5353 ludos
833 5308 1056 5353 exteros
1089 5296 1430 5365 pertingunt,
1460 5294 1740 5348 fructuum
1807 5296 2117 5350 odorifero-

547 5402 661 5441 rum
687 5398 847 5461 atque
866 5388 1290 5444 aromaticorum
1318 5386 1543 5442 feraces.
1572 5386 1816 5457 Namque
1839 5396 2119 5443 ventorum

2210 4570 2363 4641 χώρᾳ
2398 4569 2694 4640 πρόξενον·
2726 4568 2855 4637 ἄχρι
2891 4568 3000 4637 γὰρ
3034 4566 3197 4637 δεῦρο
3243 4563 3598 4636 πλημμυρῶν
3633 4565 3814 4633 μεγί-

2212 4679 2346 4733 στην
2375 4664 2576 4714 πιαίνει
2608 4662 2841 4713 πεδιάδα
2891 4662 2983 4713 καὶ
3041 4661 3231 4729 τρέφει
3273 4658 3641 4728 παραδείσους
3702 4672 3817 4725 και

2210 4755 2467 4821 φοινίκων
2506 4755 2637 4822 γένη
2682 4754 2915 4824 διάφορα
2953 4753 3303 4822 μελιτοφόρα,
3334 4745 3409 4804 ὧν
3448 4754 3497 4802 οί
3541 4748 3812 4803 πλεῖστοι

2211 4843 2543 4913 πατούμενοι
2581 4845 2674 4896 καὶ
2703 4844 3119 4914 ὰποθλιϐόμενοι
3154 4844 3274 4912 μέλι
3309 4843 3444 4895 πολὺ
3470 4842 3814 4911 ἔκχέουσενσ

2218 4936 2335 4987 ἔστι
2388 4936 2495 5005 γὰρ
2538 4936 2892 5005 μελιτοφόρος
2944 4937 3038 4989 καὶ
3094 4934 3528 5007 άρωματοφόρος
3567 4934 3603 5001 ἡ
3641 4932 3817 5003 χώρα

2218 5029 2381 5091 πάνυ,
2419 5029 2655 5100 φέρουσα
2703 5030 2910 5099 κίτρον,
2940 5029 3031 5083 καὶ
3084 5027 3479 5099 μυροϐάλανον,
3528 5024 3631 5077 xai.
3676 5027 3823 5079 ὀπο-

2219 5121 2499 5187 ϐάλσαμον
2523 5123 2604 5173 ὅτι
2635 5122 2910 5184 πλεῖστον,
2953 5121 3075 5189 ἥτις
3106 5120 3175 5172 δι’
3207 5120 3407 5187 ὀλίγων
3430 5118 3672 5184 καρπῶν
3714 5122 3822 5173 καὶ

2219 5212 2529 5282 ἀνθρώποις
2593 5212 2953 5282 ὲπιθυμητῶν
3014 5213 3073 5265 εὖ
3138 5212 3283 5280 μάλα
3347 5211 3423 5281 τῷ
3480 5210 3825 5285 παραδείσῳ

2222 5302 2401 5366 ποσῶς
2431 5303 2916 5374 παρεικάξεταιδτ.
2953 5305 3029 5373 (5)
3068 5305 3203 5369 Περὶ
3240 5296 3301 5355 οὗ
3335 5317 3503 5370 φησιν
3536 5301 3566 5351 6
3624 5303 3823 5370 μέγας

2234 5391 2582 5457 Ἀναστάσιος
2621 5394 2994 5457 Θεουπὸλεως·
3053 5414 3071 5445 ι
3130 5394 3241 5447 Καὶ
3295 5395 3343 5445 οἱ
3397 5389 3657 5461 ἀκριϐεῖς
3718 5396 3822 5447 τοῦ

1730 5562 1928 5624 Vat-ia)
1974 5561 2276 5624 lectiones
2305 5572 2364 5624 et
2410 5570 2596 5623 notae.

618 5678 732 5762 δξ-ιι
763 5682 891 5759 Reg.
921 5690 1239 5762 ψει-17,-
1284 5692 1323 5721 ii
1343 5690 1619 5756 δυνάμεως
1653 5690 1890 5761 μεγάλης
1924 5689 1991 5757 Χ,
2015 5692 2112 5746 δυν.

2238 5690 2425 5762 μεταλ.
2463 5691 2585 5747 cod.
2664 5690 2706 5721 "'
2736 5688 2775 5744 ΙΙ
2807 5688 2936 5760 Reg.
2980 5706 3034 5753 tt,
3085 5691 3163 5742 l9.

550 5749 744 5804 similia
770 5754 821 5804 in
848 5749 1151 5819 quxstione
1177 5758 1265 5810 “2.3.

3248 5690 3286 5719 V'
3315 5686 3579 5757 ᾰξρησινῖ
3668 5694 3719 5723 ’τ’
3751 5691 3820 5748 εἰ.
