4098 6208
470 293 575 355 319

1663 285 1982 346 GEORGII
2026 283 2475 347 HAMAHTOLI

3625 291 3732 353 320

475 407 676 478 singuli
707 414 817 459 tres
837 402 1053 455 cubitus
1080 400 1197 463 lati.
1228 416 1434 470 sexque
1466 402 1678 456 cubitos
1712 400 1875 467 longi.
1914 401 2042 450 Am-

2146 398 2310 452 λίθων
2366 400 2795 471 λελαξευμένων,
2854 404 3086 475 ἑχόντων
3138 410 3242 462 ἀνά
3295 409 3521 480 πήχεων
3572 406 3624 475 γ’
3682 412 3735 463 εδ

475 500 619 551 bitus
652 494 802 548 urbis
832 491 935 544 fuit
967 492 1328 561 quadraginta
1360 492 1556 556 stadia,
1590 493 1637 545 id
1669 500 1753 544 est
1792 491 2041 544 milliaria

470 603 564 644 sex
596 584 775 639 :muri
822 582 1052 636 altitudo
1109 583 1277 637 cubili
1327 584 1624 652 octoginta,
1673 582 1900 635 latitudo
1947 581 2042 634 tri-

469 677 638 745 ginta,
670 684 722 728 et
764 683 941 729 turres
969 674 1229 743 imposuit
1256 675 1310 727 iu
1354 674 1522 742 portis
1552 675 1787 726 ’ceutum
1828 671 2043 725 cubitos

470 770 524 821 in
561 766 846 821 altitudine
889 775 943 820 et
984 766 1264 835 sexaginta
1315 765 1368 817 in
1417 764 1708 818 latimdiue
1748 763 2042 827 habentes;

470 870 654 927 portas
685 857 813 912 fecit
847 873 1018 912 aereas
1046 857 1437 926 quinquaginta
1467 855 1772 909 cubitorum
1803 853 2046 908 altitudi-

472 952 577 1012 nis.
622 952 914 1021 vigintiqne
949 948 1255 1003 latitudinis
1310 947 1362 1001 in
1414 948 1692 1001 introitum
1730 948 2045 1014 exitumque

476 1044 662 1113 populi
707 1044 847 1111 ejus.
899 1040 1059 1095 Juxta
1103 1039 1291 1093 urbem
1339 1038 1632 1091 cisternam
1686 1037 1841 1100 fodit,
1876 1036 2045 1092 :ediii-

470 1136 719 1203 cavitque
767 1149 887 1186 eam
945 1130 1225 1199 murisque
1256 1129 1595 1182 mirabilibus
1651 1129 2039 1194 circumdedit;

471 1226 629 1292 cujus
652 1222 888 1275 ambitus
907 1220 1265 1289 quadraginta
1284 1219 1483 1280 stadia,
1503 1218 1726 1270 altitudo
1749 1230 1927 1272 autem
1960 1221 2045 1273 ul-

473 1331 667 1371 narum
690 1314 1068 1383 quadraginta.
1091 1312 1247 1364 Aliud
1271 1327 1407 1381 opus
1430 1311 1629 1379 pariter
1646 1312 1928 1365 aediﬁcavit
1949 1313 2045 1366 mi-

474 1408 663 1469 rabile,
681 1406 953 1460 exstruxit
975 1405 1117 1456 enim
1143 1404 1481 1456 munimenta
1503 1402 1788 1461 altissima.
1812 1418 1875 1456 ex
1898 1403 2045 1457 saxis

476 1498 755 1568 variisque
786 1495 1046 1554 materiis,
1085 1494 1137 1546 in
1163 1494 1359 1562 quibus
1387 1493 1627 1562 pomaria
1645 1492 1903 1561 plantavit
1925 1508 2046 1561 qua:

475 1591 643 1644 monti
678 1591 861 1641 densis
900 1589 1187 1641 arboribus
1232 1586 1411 1640 obsite
1458 1584 1656 1637 similia
1700 1583 2043 1649 videbantur;

477 1684 587 1737 haec
614 1683 799 1736 hortos
830 1681 1061 1749 pensiles
1102 1678 1330 1731 vocavit.
1365 1674 1514 1741 Quos
1544 1676 2041 1730 circumamhulans

474 1788 610 1826 uxor
637 1772 756 1839 ejus
788 1771 1057 1839 gaudebat
1100 1784 1166 1822 eo
1195 1768 1339 1835 quod
1396 1769 1507 1834 ipsa
1544 1768 1673 1821 nulli
1720 1769 1833 1821 visa
1874 1779 2039 1822 totam

473 1863 746 1928 regionem
781 1861 920 1913 haue
946 1860 1216 1927 inspicere
1242 1868 1445 1926 posset.
1474 1856 1547 1909 lbi
1574 1857 1931 1911 obambulans
1957 1874 2045 1912 ar-

471 1963 721 2023 roganter
754 1954 825 2005 ita
859 1961 941 2006 est
974 1952 1150 2005 fatus:
1179 1969 1195 2000 ι
1232 1947 1422 2003 Nonne
1454 1950 1567 2002 ha~c
1586 1960 1669 2001 est
1693 1965 1884 2018 magna
1914 1952 2043 2005 urbs

472 2045 712 2115 Babylon
769 2061 930 2113 quam
988 2044 1115 2097 mihi
1181 2044 1378 2112 regiam
1438 2041 1694 2094 :edilicavi
1736 2042 1787 2093 iu
1849 2043 2045 2098 robore

470 2131 805 2186 fortitudinis
867 2147 999 2185 mea:
1056 2143 1109 2185 et
1173 2132 1224 2183 iu
1283 2130 1452 2200 gloria
1521 2130 1733 2184 decoris
1793 2131 2046 2185 mei?—

471 2220 607 2275 Cum
663 2222 837 2275 adhuc
880 2222 931 2274 iu
984 2237 1077 2274 ore
1107 2221 1153 2273 ei
1183 2220 1294 2273 haec
1332 2218 1491 2272 verba
1517 2219 1804 2280 haererent,
1850 2236 1951 2274 vox
1979 2220 2045 2275 de

472 2311 611 2366 uelo
648 2313 791 2365 edita
843 2322 923 2365 est
953 2312 1075 2364 talis
1109 2324 1123 2361 :
1168 2309 1288 2363 Tibi
1321 2310 1498 2372 hoc,o
1537 2308 2043 2365 Nabuchodonosor

473 2416 588 2465 rex,
610 2401 842 2454 dicitur:
884 2401 1127 2468 Regnum
1158 2408 1310 2452 tuum
1346 2397 1598 2451 transibit
1624 2414 1654 2450 a
1692 2406 1743 2451 te
1768 2399 1916 2450 etab
1950 2398 2046 2452 ho-

471 2491 710 2546 minibus
767 2492 982 2561 cjieieut
1010 2500 1081 2553 te,
1114 2499 1310 2544 etcum
1345 2487 1539 2543 bestiis
1568 2500 1621 2542 et
1647 2487 1777 2543 feris
1808 2488 1912 2543 erit
1943 2488 2043 2542 ha-

473 2583 662 2637 bitatio
696 2594 808 2647 tua,
832 2596 889 2638 et
917 2584 1098 2637 fenum
1134 2583 1291 2652 quasi
1323 2582 1423 2637 bos
1449 2583 1731 2646 comedes;
1756 2592 1809 2635 et
1836 2591 2042 2651 septem

472 2684 713 2743 tempora
764 2676 1117 2729 mutabuntur
1166 2690 1327 2744 super
1381 2683 1433 2728 te
1481 2674 1655 2727 donec
1701 2676 1847 2730 scias
1897 2675 2042 2743 quod

472 2765 782 2820 dominetur
822 2767 1078 2820 Excelsus
1103 2769 1155 2820 in
1196 2781 1361 2835 regno
1395 2766 1697 2827 hominum.
1730 2776 1784 2820 et
1822 2768 2047 2822 cuieuu-

476 2871 580 2925 que
598 2856 830 2911 voluerit
871 2859 961 2911 det
1005 2858 1159 2911 illud.
1201 2857 1397 2911 Eadem
1430 2856 1559 2910 hora
1583 2857 1671 2912 hie
1694 2872 1874 2913 sermo
1897 2874 2045 2913 como

476 2951 652 3019 pletus
679 2959 763 3004 est
790 2965 952 3018 super
978 2950 1503 3015 Nabuchodonosor,
1531 2959 1586 3005 et
1627 2968 1692 3005 ex
1733 2953 2045 3007 hominibus

2145 493 2369 553 πλάτος,
2397 493 2458 545 τὸ
2495 494 2553 547 δὲ
2596 495 2768 564 μῆκος
2810 496 2913 548 sua
2950 500 3169 567 πήχεων
3201 499 3277 563 ς’,
3312 500 3374 552 τδ
3419 500 3521 568 μὲν
3568 502 3732 569 περι-

2148 601 2345 651 μετρον
2375 585 2546 654 αύτῆς
2573 585 2794 653 ἐποίησε
2830 588 3020 641 στάδια
3057 588 3131 657 μ’,
3160 591 3425 658 γινόμενα
3458 591 3616 659 μελια
3653 600 3731 657 ς’,

2143 674 2207 726 τδ
2232 674 2361 742 ὕψος
2400 675 2494 727 τοῦ
2527 676 2737 745 τείχους
2776 678 2997 747 πήχεων
3033 678 3087 732 π’
3129 681 3223 732 καὶ
3266 681 3329 732 τὸ
3363 679 3571 744 πλάτος
3620 684 3731 754 πή-

2144 781 2286 832 χεων
2314 765 2376 828 λ’,
2403 766 2496 817 καὶ
2524 765 2651 827 τοὺς
2681 765 2928 835 πύργους
2959 766 3193 835 ἔστησεν
3235 768 3329 820 ἐπὶ
3360 769 3486 831 ταῖς
3528 768 3735 833 πύλαις

2145 855 2246 907 ἀνά
2270 858 2487 926 πήχεων
2511 862 2558 926 ρ’
2596 857 2657 909 το
2684 856 2838 925 ὕψος,
2862 859 2922 910 τὸ
2945 859 3002 911 δὲ
3029 860 3231 922 πλάτος
3265 860 3369 912 ἀνὰ
3401 861 3631 930 πήχεων
3664 860 3731 928 ε’,

2146 948 2239 1000 καὶ
2296 949 2517 1016 ἐποίησε
2568 948 2669 1010 τὰς
2726 948 2882 1017 192
2930 949 3107 1011 πύλας
3160 951 3333 1019 αὐτῆς
3373 951 3589 1019 χαλκᾶς
3637 954 3733 1006 xui

2144 1038 2555 1107 διεγειρομένας
2578 1039 2655 1099 εἰς
2684 1039 2816 1107 ὕψος
2846 1040 2949 1094 ἀνά
2985 1042 3208 1110 πήχεων
3241 1047 3284 1092 ν’
3313 1043 3409 1095 xui
3427 1042 3490 1093 τὸ
3524 1042 3731 1107 πλάτος

2146 1132 2365 1200 πήχεων
2413 1129 2481 1191 κ’,
2520 1132 2599 1191 εἰς
2644 1131 2855 1195 ἐξόδους
2903 1133 2997 1185 καὶ
3048 1132 3289 1194 εἰσόδους
3329 1132 3461 1185 λαοῦ
3513 1135 3723 1189 αὐτοῦ·

2145 1221 2372 1289 πλησίον
2425 1222 2480 1273 δὲ
2534 1223 2632 1291 τῆς
2684 1223 2889 1284 πόλεως
2946 1222 3125 1290 ὤρυξε
3170 1224 3503 1292 κινστὲρναν
3540 1225 3588 1257 ⁸⁷
3627 1228 3722 1279 xui

2144 1313 2461 1383 ᾠκοδόμησε
2511 1316 2608 1366 xui
2654 1314 3056 1385 περιετείχισεν
3092 1314 3263 1385 αὐτὴν
3307 1314 3622 1382 ἀξιολόγως,
3657 1319 3725 1369 τὸ

2146 1404 2474 1475 περέμετρον
2494 1405 2662 1471 αὐτῆς
2685 1404 2806 1473 ἔχον
2831 1405 3019 1458 στάδια
3040 1403 3115 1473 μ’,
3132 1405 3192 1457 τὸ
3211 1404 3375 1473 βάθος
3391 1406 3622 1474 ὀργυιὰς
3649 1407 3723 1476 μ’·

2144 1496 2405 1559 ὡσαύτως
2453 1498 2823 1550 κατεσκεύασε
2881 1500 2973 1549 καὶ
3007 1498 3136 1551 ἄλλο
3186 1498 3350 1567 ἔργον
3379 1498 3725 1567 ἀξιοθαύμα-

2146 1604 2269 1639 στον
2293 1604 2309 1620 ο
2352 1588 2575 1655 ἐγείρας
2607 1588 2714 1659 γάρ
2753 1588 3121 1658 ἀναλήμματα
3176 1588 3355 1641 λίθινα
3410 1589 3729 1659 ὑψηλότατα

2146 1679 2350 1747 σφόδρα
2416 1679 2511 1732 xui
2586 1678 2924 1741 παντοδαπὰ,
2990 1679 3413 1747 καταφυτεύσας
3489 1677 3730 1748 ὕπερθεν

2143 1769 2337 1839 δένδρα
2388 1767 2718 1839 καρποφόρα
2781 1766 2856 1829 ὡς
2909 1768 3070 1835 ὅμοια
3135 1766 3462 1830 δασυτάτοις
3520 1768 3728 1838 ὄρεσιν,

2144 1861 2457 1931 κρεμαστὸν
2512 1860 2842 1929 παράδεισον
2886 1858 3050 1911 αὐτὸν
3108 1858 3497 1928 ἐπωνόμασεν,
3536 1860 3619 1920 εἰς
3668 1859 3729 1911 δν

2143 1954 2176 2021 ὴ
2206 1952 2344 2019 γυνὴ
2369 1948 2534 2002 αὑτοῦ
2582 1935 2954 2018 περιπολοῦσα
2984 1949 3079 2000 xui
3104 1949 3285 2001 πᾶσαν
3313 1945 3413 2017 τὴν
3444 1948 3550 2017 γῆν
3580 1948 3728 2001 ὲκεί-

2144 2060 2242 2112 νην
2290 2042 2671 2095 ἐποπτεύουσα
2736 2041 3105 2109 κατετέρπετο
3161 2040 3254 2092 ὑπ’
3305 2039 3529 2102 οὐδενὸς
3588 2041 3730 2109 ὁρωο

2148 2135 2305 2206 μένη.
2322 2134 2366 2168 ⁸⁸
2386 2135 2461 2203 (3)
2496 2134 2640 2201 Αῦτη
2666 2133 2811 2186 ἐστὶν
2841 2135 2873 2201 ἠ
2914 2132 3085 2194 πόλις,
3111 2132 3236 2201 περὶ
3256 2126 3323 2201 ἧς
3337 2129 3731 2200 διαπορευόμε-

2145 2242 2235 2288 νος
2284 2226 2387 2294 ἐιρη
2448 2226 2564 2293 μετ’
2616 2225 2899 2293 ὲπάρσεως
2935 2224 3137 2291 πολλῆς
3180 2224 3274 2275 xui
3310 2221 3728 2285 ἀλαζωνείας⁸⁹⁶

2152 2337 2168 2368 ι
2206 2318 2317 2386 υύχ
2344 2316 2481 2387 αὕτη
2522 2316 2637 2369 ἐστὶ
2663 2317 2708 2348 ’⁸
2749 2315 3009 2367 Βαϐυλὼν
3052 2318 3085 2386 ἡ
3116 2315 3354 2385 μεγάλη,
3386 2314 3452 2385 ἢν
3484 2313 3598 2380 ἐγὼ
3642 2314 3728 2376 εἰς

2143 2404 2291 2462 οἶκον
2338 2408 2617 2477 βασιλείας
2649 2410 2704 2459 ὲν
2755 2406 2832 2476 τῷ
2867 2407 3060 2475 κράτει
3104 2407 3205 2474 τῆς
3252 2406 3433 2475 ἰσχύος
3479 2422 3615 2474 μου,
3645 2406 3728 2468 εἰς

2144 2500 2309 2570 τιμὴν
2370 2500 2469 2569 τῆς
2532 2499 2690 2568 δῦξης
2748 2516 2848 2566 μου
2879 2539 2895 2564 ,
2940 2498 3304 2569 ᾠκοδόμησας
3349 2499 3462 2550 Καὶ
3504 2496 3585 2549 ἔτι
3631 2495 3726 2549 τοῦ

2143 2590 2302 2657 λόγου
2356 2592 2413 2642 ὲν
2469 2590 2547 2659 τῷ
2598 2590 2827 2658 στόματι
2874 2588 3040 2642 αὑτοῦ
3094 2588 3269 2651 ὄντος,
3312 2587 3468 2657 φωνὴ
3517 2588 3581 2640 ἐκ
3630 2586 3725 2640 τοῦ

2143 2682 2371 2750 ούρανεῦ
2396 2681 2612 2747 ἐγένετο
2639 2682 2682 2713 ⁹¹
2716 2696 2732 2711 ·
2781 2681 2877 2733 Σοὶ
2920 2680 3160 2746 λέγεται,
3209 2677 3725 2748 Ναϐουχοδονόσωρ,

2145 2775 2178 2839 ἡ
2212 2773 2457 2843 βασιλεία
2509 2790 2601 2825 σου
2662 2772 2942 2842 παρῆλθεν
2996 2772 3107 2825 ἀπὸ
3165 2771 3282 2833 σοῦ,
3314 2772 3409 2825 xui
3459 2771 3569 2824 ἀπὸ
3611 2770 3725 2825 τῶν

2145 2866 2444 2936 ἀνθρώπων
2482 2862 2796 2929 ἐκδιώξουσι
2846 2880 2927 2928 σε,
2958 2864 3052 2917 καὶ
3099 2865 3236 2932 μετά
3284 2863 3491 2932 θηρίων
3528 2865 3560 2931 ἡ
3595 2879 3726 2915 κατ-

2144 2959 2357 3027 οίκησίς
2413 2976 2530 3017 σου,
2590 2958 2684 3009 xui.
2744 2956 2939 3026 χόρτον
2992 2957 3067 3018 ὠς
3123 2955 3252 3024 βοῦν
3308 2953 3586 3024 ψωμιοῦσί
3637 2970 3727 3019 σε,

473 3040 716 3110 abjeetus
739 3051 823 3095 est
845 3048 898 3094 et
928 3039 1111 3094 fenum
1161 3052 1217 3094 ut
1248 3042 1346 3096 bos
1376 3042 1615 3098 comedit
1653 3050 1707 3095 et
1747 3059 1870 3097 rore
1916 3046 2038 3100 caeli

2146 3051 2237 3103 xui
2268 3049 2310 3113 ζ’
2346 3049 2527 3119 καιροὶ
2551 3047 2953 3116 ἀλλαγήσονται
2984 3045 3075 3098 ἐπὶ
3109 3045 3190 3108 σὲ,
3218 3046 3323 3107 ἕως
3345 3036 3408 3097 οὗ
3443 3042 3607 3113 γνῷς,
3639 3044 3724 3095 ὅτι

472 3149 676 3204 corpus
709 3135 827 3203 ejus
860 3134 1119 3190 infectum
1153 3146 1256 3201 est,
1300 3138 1475 3191 donec
1508 3138 1688 3207 capilli
1729 3136 1848 3205 ejus
1880 3139 1932 3191 in
1973 3139 2041 3192 si-

474 3226 833 3281 militudinem
865 3227 1170 3295 aquilarum
1198 3237 1526 3293 crescerent,
1560 3237 1611 3282 et
1664 3244 1872 3297 ungues
1919 3230 2040 3297 ejus

475 3322 633 3389 quasi
666 3321 902 3374 avium.»
935 3320 1139 3375 Deinde
1168 3319 1308 3375 idem
1334 3320 1403 3374 de
1430 3336 1527 3375 sua
1548 3320 1892 3375 restitutione
1941 3324 2037 3376 ait:

479 3431 497 3464 ι
537 3412 595 3467 ln
646 3414 736 3467 illo
785 3423 1027 3483 tempore
1077 3427 1274 3467 sensus
1348 3427 1502 3466 meus
1559 3427 1809 3466 reversus
1850 3422 1933 3467 est
1973 3413 2038 3467 ad

476 3520 561 3558 Ine
607 3512 661 3557 et
714 3504 779 3557 ad
834 3505 1095 3557 honorem
1156 3505 1304 3572 regni
1356 3503 1461 3557 mei
1508 3503 1872 3571 decoremque
1912 3519 2039 3573 per-

474 3596 616 3658 veni,
640 3604 692 3648 et
723 3598 893 3664 tigura
940 3611 1055 3648 mea
1086 3610 1301 3649 reversa
1324 3604 1407 3649 est
1430 3595 1495 3649 ad
1524 3609 1630 3657 me,
1677 3604 1732 3649 et
1754 3596 2043 3663 optimates

475 3687 581 3741 mei
605 3696 659 3740 et
690 3688 1047 3755 magistratus
1081 3688 1186 3741 mei
1214 3686 1582 3756 requisierunt
1617 3694 1770 3740 meet
1798 3686 1849 3739 in
1879 3703 2042 3756 regno

474 3793 597 3832 meo
616 3778 898 3834 restitutus
919 3794 1062 3843 sum,
1087 3788 1141 3832 et
1165 3778 1561 3849 magniﬁcentia
1585 3779 1817 3845 amplior
1838 3777 2040 3832 reddita

472 3878 556 3924 est
592 3870 742 3923 mihi.
773 3867 927 3925 Nunc
967 3869 1132 3937 igitur
1172 3885 1274 3938 ego
1330 3866 1834 3923 Nabuchodonosor
1880 3868 2043 3922 laudo

470 3970 519 4015 et
555 3962 842 4030 magnilico
881 3970 934 4015 et
964 3961 1206 4031 glorifieo
1240 3960 1438 4030 Regem
1469 3959 1589 4015 eaali
1636 3962 1804 4028 :quia
1857 3960 2040 4015 omnia

470 4071 635 4125 opera
684 4055 801 4121 ejus
837 4071 960 4109 vera
993 4067 1047 4109 et
1099 4056 1196 4108 via:
1245 4055 1361 4123 ejus
1392 4053 1621 4124 judicia,
1655 4062 1709 4107 et
1734 4052 2043 4123 gradientes

474 4148 526 4202 iu
551 4148 804 4215 superbia
855 4157 1032 4216 potest
1088 4147 1401 4200 hutniliare.
1454 4165 1472 4198 ι
1510 4145 1660 4201 llauc
1727 4162 1755 4200 a
1791 4144 1897 4200 Deo
1934 4145 2041 4200 Na-

472 4239 897 4294 buchodonosor
945 4240 1124 4293 datam
1164 4237 1574 4298 abundantiam.
1621 4238 1807 4303 robur,
1858 4239 2041 4307 splen-

470 4335 767 4403 doremque
791 4335 943 4401 quasi
967 4330 1234 4397 revolans,
1267 4331 1343 4385 ait
1372 4346 1465 4400 per
1492 4347 1554 4386 os
1588 4328 1836 4386 Ieremia:
1863 4347 2043 4387 sermo

2147 3142 2389 3211 κυριεύει
2419 3140 2448 3192 ὁ
2474 3138 2741 3207 ’Υψιστος
2775 3138 2875 3207 τῆς
2907 3136 3188 3205 βασιλείας
3228 3136 3339 3190 τῶν
3390 3134 3720 3205 ἀνθρώπων.

2146 3231 2238 3283 xui
2263 3222 2307 3298 ᾧ
2347 3229 2441 3281 ἐὰν
2482 3228 2630 3300 δόξῃ,
2666 3228 2829 3281 δώσει
2871 3227 3066 3298 αὐτήν.
3113 3227 3223 3281 Καὶ
3262 3227 3399 3297 αὐτῇ
3432 3229 3495 3296 τῇ
3529 3226 3649 3297 ὥρᾳ
3692 3229 3724 3279 ὁ

2145 3320 2301 3387 λόγος
2331 3318 2685 3386 συνετελέσθη
2714 3318 2805 3371 ἐπὶ
2835 3316 3345 3388 Ναϐουχοδονόσωρ,
3381 3318 3473 3370 καὶ
3522 3318 3632 3370 ἀπ’)
3668 3318 3721 3349 "

2145 3408 2447 3479 ἀνθρώπων
2478 3409 2792 3479 ὲξεδιώχθη,
2826 3410 2921 3461 xui
2940 3410 2987 3441 ’³
3019 3407 3212 3480 χόρτον
3243 3408 3319 3472 ὡς
3347 3407 3474 3479 βοῦς
3505 3409 3722 3480 ήσθιεν,

2146 3504 2241 3556 xui
2276 3503 2383 3555 ἀπὸ
2425 3504 2523 3571 τῆς
2571 3502 2764 3572 δρόσου
2801 3501 2894 3554 τοῦ
2940 3502 3173 3571 ούρανοῦ
3227 3503 3286 3556 τὸ
3338 3504 3499 3570 σῶμα
3553 3504 3722 3557 αὐτοῦ

2146 3594 2322 3663 ὲόάφη
2355 3593 2459 3656 ἕως
2485 3587 2546 3646 οὗ
2580 3594 2638 3647 αἱ
2658 3594 2840 3663 τρίχες
2863 3592 3030 3647 αὑτοῦ
3064 3594 3138 3657 ὠς
3165 3594 3379 3659 λέοντος
3420 3597 3727 3664 ἐμεγαλύν-

2148 3687 2318 3756 θησαν
2350 3688 2441 3739 xui.
2462 3688 2508 3739 oi
2549 3686 2736 3755 ὄνυχες
2768 3685 2934 3739 αὑτοῦ
2964 3686 3039 3749 ὡς
3065 3688 3278 3758 ὀρνέου.
3318 3707 3336 3740 ι
3375 3689 3421 3719 ’³
3449 3687 3526 3758 (4)
3568 3691 3728 3743 Μετὰ

2148 3779 2204 3832 δὲ
2251 3779 2421 3832 ταῦτα
2475 3779 2640 3832 πάλιν
2694 3779 2861 3846 φησὶν
2891 3781 2920 3832 ὁ
2963 3779 3127 3843 αὐτὸς
3175 3782 3306 3849 περὶ
3347 3780 3451 3850 τῆς
3480 3781 3647 3834 αὐτοῦ
3677 3782 3728 3814 ⁵⁸

2148 3870 2646 3932 ἀποκαταστάσεως
2671 3871 2840 3924 ⁹⁶.-‹
2872 3870 2965 3923 Ἐν
2982 3870 3060 3940 τῷ
3086 3872 3265 3941 καιρῷ
3284 3872 3478 3943 ἐκείνῳ
3508 3876 3563 3925 αἱ
3590 3874 3728 3943 φρέ-

2147 3979 2236 4024 νες
2272 3977 2375 4030 μου
2412 3962 2836 4031 ἐπεστράφησαν
2881 3963 2969 4014 ἐπ’
3002 3962 3122 4031 ἐμὲ,
3166 3964 3261 4016 xui
3305 3964 3386 4026 εἰς
3426 3964 3596 4033 τιμὴν
3626 3964 3727 4032 τῆς

2151 4053 2425 4125 βασιλείας
2460 4070 2561 4121 μου
2595 4048 2783 4123 ἦλθον,
2818 4055 2916 4108 xui
2961 4056 2994 4124 ἡ
3040 4056 3221 4125 μορφὴ
3260 4054 3599 4124 ἐπέστρεψεν
3632 4055 3727 4109 ἐπ’

2148 4147 2267 4216 ἐμὲ,
2301 4146 2395 4199 xui
2430 4146 2479 4197 oi
2520 4143 2776 4216 τύραννοι
2830 4163 2931 4213 μου
2989 4148 3084 4201 xui
3138 4149 3187 4199 oi
3237 4148 3567 4216 μεγιστᾶνες
3622 4165 3727 4218 μου

2149 4238 2375 4308 ἐζήτουν
2442 4255 2531 4308 με,
2586 4237 2681 4290 xui
2739 4237 2835 4290 ἐπὶ
2891 4239 2993 4306 τὴν
3062 4237 3342 4307 βασιλείαν
3403 4256 3508 4307 μου
3559 4240 3728 4311 Expu-

2148 4331 2412 4401 ταιὼθην,
2442 4332 2536 4384 xui
2590 4330 2670 4401 (ἡ)
2724 4330 3086 4401 μεγαλωσύνη
3136 4349 3242 4400 μου
3293 4331 3603 4402 προσετέθη
3636 4351 3729 4401 μοι

470 4429 727 4480 divinus:
767 4444 783 4476 ι
821 4426 946 4480 llaec
978 4425 1401 4479 dicit-Dominus
1434 4438 1448 4477 :
1485 4423 1547 4477 Et
1573 4439 1716 4479 nunc
1740 4423 1921 4494 itaque
1946 4438 2042 4494 ego

2152 4424 2536 4493 περισσοτέρα.
2576 4421 2691 4475 Νῦν
2729 4417 2824 4475 οὖν
2873 4421 2985 4488 ἐγὼ
3024 4423 3518 4495 Ναὸουχοδονόσωρ
3564 4425 3724 4486 αενῶ,

473 4517 596 4569 dedi
630 4532 819 4569 omnes
848 4527 1020 4570 terras
1059 4518 1191 4572 istas
1228 4519 1279 4570 iu
1341 4532 1501 4571 manu
1542 4515 2044 4571 Nabuchodonosor

475 4607 619 4675 regis
654 4606 944 4676 Babylonis
972 4609 1111 4661 servi
1167 4610 1295 4673 mei,
1342 4610 1565 4678 insuper
1602 4618 1657 4662 et
1689 4610 1893 4664 bestias
1926 4608 2041 4676 agri

476 4699 597 4752 dedi
634 4698 683 4752 ei
731 4706 789 4751 ut
839 4696 1081 4752 serviant
1139 4698 1239 4751 illi.
1286 4698 1431 4751 Gens
1493 4707 1672 4751 autem
1721 4707 1775 4751 et
1815 4713 2038 4765 regnum

473 4790 615 4859 quod
663 4806 769 4843 nou
803 4786 1110 4842 curvaverit
1143 4786 1340 4840 collum
1394 4802 1550 4838 suum
1594 4786 1696 4839 sub
1719 4786 1849 4854 jugo
1876 4787 2043 4855 Baby-

475 4883 634 4944 lonis,
668 4883 719 4935 iu
745 4882 942 4951 gladia,
973 4880 1024 4933 in
1052 4878 1192 4933 lattie
1225 4876 1458 4932 visitabo
1479 4892 1621 4937 eam,
1653 4876 1824 4929 donec
1849 4890 2045 4930 consu-

477 4990 618 5027 mam
651 4989 744 5027 eos
778 4974 833 5027 in
869 4988 1027 5027 manu
1055 4971 1174 5040 ejus
1197 4986 1287 5037 ;—-
1325 4969 1390 5023 Et
1444 4966 1679 5023 crudelis
1724 4974 1809 5020 est
1856 4975 1909 5020 et
1939 4984 2043 5022 nou

475 5066 846 5131 miserebitur,
885 5080 989 5119 vox
1020 5063 1142 5134 ejus
1169 5062 1323 5132 quasi
1364 5075 1514 5115 mare
1556 5059 1853 5114 sonabitet
1883 5073 2047 5129 super

2152 4513 2309 4583 193
2372 4513 2463 4565 xui
2496 4509 2780 4580 ὑπερυψῶ,
2812 4512 2906 4563 xui
2960 4510 3165 4574 δοξάζω
3214 4510 3307 4563 τδν
3362 4509 3598 4563 Βασιλέα
3629 4509 3727 4563 τοῦ

2147 4603 2403 4675 ούρανοῦ,
2465 4604 2546 4655 ὅτι
2608 4601 2788 4653 πάντα
2823 4600 2890 4654 τὰ
2930 4601 3069 4671 ἔργα
3099 4601 3265 4654 αὐτοῦ
3290 4601 3517 4671 ἀληθινὰ
3548 4602 3639 4654 xui
3664 4604 3733 4654 ui

2148 4696 2325 4763 τρίϐοι
2356 4693 2517 4746 αὐτοῦ
2556 4693 2769 4764 κρίσεις
2799 4693 2893 4745 xui
2925 4693 3133 4755 πάντας
3166 4695 3293 4757 τοὺς
3327 4693 3723 4763 πορευομένους

2149 4788 2207 4839 ὲν
2241 4785 2589 4854 ὑπερηφανία
2617 4784 2841 4837 δύναται
2868 4782 3157 4837 ταπεινοῦν
3179 4786 3280 4839 ⁸⁷.»
3305 4786 3381 4855 (5)
3400 4788 3444 4820 ’⁸
3471 4786 3512 4836 Τ
3515 4786 3580 4853 ὴν
3604 4784 3724 4837 τοι-

2153 4895 2248 4930 νυν
2276 4877 2339 4927 ἐκ
2366 4875 2502 4927 Θεοῦ
2536 4875 2782 4928 δοθεῖσαν
2806 4876 2997 4946 (αὐτῷ)
3038 4877 3384 4940 πολυολὸἰαν,
3449 4877 3641 4949 ῥώμην
3665 4894 3727 4931 τι

2153 4969 2247 5023 καὶ
2310 4969 2667 5037 περιφάνειαν
2724 4970 2754 5020 ὁ
2801 4967 2943 5029 θεῖος
3006 4967 3165 5035 λόγος
3219 4970 3582 5038 ύπεμφαίνων
3638 4970 3729 5023 διὰ

2164 5059 2428 5131 Ἱερεμίου
2482 5059 2741 5128 φάσκει⁹⁹
2778 5075 2792 5091 ’
2831 5078 2850 5110 ι
2876 5059 3015 5115 Τάδε
3074 5060 3226 5129 λέγει
3293 5062 3501 5132 Κύριος
3536 5080 3549 5093 ·
3594 5062 3731 5116 Ἰδοὺ

1674 5223 1872 5286 Varia:
1904 5223 2213 5286 lectiones
2258 5230 2320 5283 et
2362 5228 2551 5283 notae.

544 5404 589 5435 ⁸⁷
614 5404 946 5474 γνηστέρναν
976 5403 1099 5459 cod.
1166 5402 1221 5474 ‘3'
1250 5401 1460 5474 Ἐκεῖσε
1509 5398 1829 5474 δτμστόματι
1866 5400 2040 5474 ύπερη

2146 5416 2198 5474 {ip
2244 5395 2397 5474 εἶπεν
2432 5397 2561 5474 ρύχ.
2596 5396 2726 5452 Ccd.
2781 5395 2924 5474 20-5..
2950 5395 3011 5447 l7
3042 5396 3263 5474 Ξθίδὸ.

3377 5393 3425 5426 ⁸³⁹
3463 5394 3598 5449 Dan.
3653 5411 3730 5457 Iv,

476 5465 655 5529 30-53.
704 5465 777 5507 ’⁹⁰
874 5474 1004 5530 (Sed.
1037 5474 1080 5504 "
1115 5472 1305 5539 γέγονε
1337 5470 1480 5543 (Σαὼ
1522 5465 1777 5543 7“7Ced._
1805 5470 1939 5523 Dan.
1980 5465 1986 5467 V

2228 5467 2321 5543 xui
2354 5469 2413 5520 ὲν
2446 5465 2984 5543 ἐρήμοιςῌηύλξσθη
3015 5466 3362 5543 καλε-ὄρεσιν’·¹
3392 5465 3583 5543 γέγονε
3604 5465 3730 5543 Δγάρ

477 5546 542 5593 τὰ
582 5536 888 5609 ἔμπροσθεν
908 5544 1073 5597 αὐτοῦ
1106 5536 1203 5597 σὺν
1229 5546 1293 5613 τῇ
1330 5541 1535 5613 κεφαλῇ
1578 5542 1652 5613 ᾡς
1688 5541 1811 5612 βοῦς
1853 5542 1952 5613 xui
1977 5539 2032 5613 αἱ
2069 5538 2223 5600 πόδες
2253 5540 2358 5613 οἶν
2384 5539 2494 5613 τοῖς
2534 5536 2804 5613 ὀπισθίοις
2832 5536 2911 5613 ὡς
2929 5536 3069 5613 λέων
3102 5536 3232 5613 Cetl.

1909 5610 1954 5641 "
1986 5607 2118 5661 Dan.
2166 5625 2251 5675 tv,
2293 5606 2475 5675 36,37.

479 5613 752 5673 lii-205.9.
830 5616 874 5645 "
906 5615 1097 5666 ἑαυτοῦ
1156 5615 1278 5667 cod.

477 5684 520 5713 ’³⁸
557 5680 666 5735 Jer.
696 5696 861 5740 xxvn.
910 5684 962 5745 6,
1003 5685 1052 5733 7.

1332 5614 1408 5673 εἰς
1442 5610 1629 5663 ἑαυτόν
1679 5610 1808 5667 Ced.

3327 5537 3373 5566 οδ
3409 5536 3538 5589 aeu.
3598 5536 3728 5598 20s,

2580 5608 2622 5639 "
2658 5606 2945 5661 ταπεινοῦν
2969 5607 3092 5660 cod.
3201 5606 3244 5635 "
3276 5606 3401 5660 Ced.
3442 5605 3728 5669 205,9-‘22.
