4048 6212
491 332 591 396 331

1686 324 2009 385 GEORGII
2049 322 2503 383 HAMARTOLI

3628 320 3736 382 332

490 450 547 495 ut
581 451 799 509 quoque
825 442 1072 491 notatum
1098 440 1206 499 est,
1244 428 1487 503 impediti
1535 438 1663 484 sunt
1698 428 2052 499 quadraginta

2162 426 2272 480 τῶν
2322 426 2455 480 ulth
2512 425 2732 495 Ἰσραὴλ
2804 427 2867 479 ἐκ
2928 426 3182 495 Περσίδος
3236 429 3315 490 είς
3373 418 3739 503 Ἰερουσαλὴμ

489 528 668 590 annis,
692 534 746 577 et
783 524 896 589 jam
937 530 1057 578 erat
1097 530 1283 577 sextus
1338 519 1490 589 regni
1524 518 1669 573 Darii
1701 533 1904 574 annus.
1948 517 2053 571 Re-

484 617 634 670 diere
664 615 827 683 igitur
870 614 963 669 lilii
1004 614 1171 669 lsrael
1195 628 1224 667 e
1253 612 1476 667 Perside
1501 611 1555 666 in
1586 608 1912 675 Jesusalem,
1946 608 2059 677 pri-

486 722 632 760 mum
682 707 907 776 jubente
951 706 1120 777 Cyro,
1153 704 1350 759 deinde
1387 702 1576 768 Dario,
1624 701 1678 755 in
1726 716 1888 756 manu
1925 699 2054 754 Jesu

482 798 747 852 Josedech
778 798 876 851 lilii
901 804 955 851 et
983 796 1285 849 Zorobabel
1320 804 1374 850 et
1412 792 1649 848 Nemesii
1695 792 1932 846 eunuchi
1963 790 2061 844 Ju—

480 890 601 944 daei.
642 887 871 943 Occasio
903 896 1084 942 autem
1117 885 1327 941 reditus
1358 885 1473 941 haec
1506 884 1605 938 fuit
1644 900 1659 938 :
1691 884 1888 938 Tribus
1919 882 2060 936 mili-

481 982 627 1035 tibus
663 995 844 1050 regem
875 978 1313 1033 custodientibus
1340 1017 1355 1040 ,
1386 991 1522 1045 quos
1557 976 1697 1030 inter
1727 983 1844 1029 erat
1884 974 2057 1029 Zoro-

478 1070 659 1134 babel,
692 1068 1029 1139 propositum
1088 1075 1171 1123 est
1222 1067 1473 1137 aenigma,
1522 1065 1885 1135 promissione
1916 1063 2059 1119 facta

487 1161 747 1216 victorem
775 1174 1116 1229 quaecunque
1166 1159 1400 1213 voluerit
1429 1173 1457 1212 a
1490 1172 1611 1225 rege
1637 1157 1953 1226 petiturum.
1978 1156 2059 1209 Ad

481 1249 804 1305 solvendum
853 1248 1084 1319 aenigma
1138 1248 1347 1317 primus
1379 1247 1455 1301 ait
1500 1262 1512 1298 :
1550 1244 1751 1300 Vinum
1806 1253 2057 1314 praestat;

483 1340 625 1404 Rex,
653 1340 730 1393 ait
756 1340 1052 1403 secundus;
1074 1338 1325 1395 Mulieres
1352 1348 1405 1393 et
1435 1338 1707 1407 imprimis
1735 1340 1957 1401 veritas,
1988 1335 2062 1389 ait

482 1430 809 1498 Zorobabel;
856 1431 1055 1498 quibus
1104 1430 1263 1485 dictis
1319 1429 1601 1484 victoriam
1655 1428 1840 1483 retulit
1876 1436 1929 1482 et
1983 1426 2059 1479 illi

483 1536 829 1591 quaecunque
861 1521 1097 1575 voluerit
1129 1531 1331 1588 petere,
1375 1530 1460 1573 est
1506 1534 1851 1573 concessum.
1899 1517 2061 1571 Petiit

482 1600 662 1666 autem
699 1619 757 1664 ut
792 1613 1204 1665 remitterentur
1238 1611 1290 1662 in
1322 1607 1625 1663 Jerusalem
1651 1609 1849 1677 captivi
1876 1618 1929 1662 et
1961 1608 2060 1662 Je-

462 1702 716 1757 rusalem
738 1700 1120 1766 aediﬁcaretur,
1143 1709 1198 1756 et
1215 1702 1293 1754 sic
1322 1699 1523 1754 factum
1545 1708 1657 1765 est;
1680 1708 1733 1753 et
1757 1708 1883 1753 tunc
1899 1699 2058 1754 tinem

2164 519 2387 587 γέγονεν
2420 519 2483 569 ἐκ
2534 516 2963 587 προστάγματος
3001 518 3181 588 Κύρου
3217 520 3512 592 πρότερον,
3541 519 3736 577 ἔπειτα

2163 610 2391 681 Δαρείου
2424 608 2785 671 κελεύσαντος
2811 610 2868 660 ὲν
2910 608 3054 679 χειρὶ
3082 607 3255 679 Ἰησοῦ
3282 611 3328 644 ⁸⁸
3357 610 3453 663 τοῦ
3482 612 3737 666 Ἰωσεδὲκ

2161 699 2257 750 καὶ
2314 697 2641 767 Ζοροϐάϐελ,
2678 698 2772 750 καὶ
2820 698 3093 766 Νεμεσίου
3162 699 3420 769 εὐνούχου
3456 701 3735 759 Ἰουδαίου.

2164 788 2241 860 (2)
2291 790 2353 841 'll
2389 791 2668 860 πρόφασις
2694 790 2792 858 τῆς
2833 790 3094 845 ἐπανόδου
3131 790 3274 844 οῦτω
3306 793 3523 859 γέγονε.
3560 795 3738 863 Στρα-

2162 880 2373 933 τιωτῶν
2404 879 2452 948 γ’
2485 881 2575 933 τὸν
2614 880 2839 950 βασιλέα
2883 880 3285 945 φυλαττόντων,
3318 884 3375 934 ὲν
3419 877 3501 945 οἷς
3537 878 3603 952 ἦν
3636 885 3737 936 Ζο-

2165 970 2419 1040 ροϐάϐελ,
2447 972 2675 1039 εἴρησαν
2695 973 2751 1022 ὲν
2770 969 3145 1038 προϐλήματι,
3187 970 3439 1038 τεθείσης
3494 972 3739 1039 ἐπαγγεο

2163 1061 2282 1123 λίας
2307 1062 2526 1131 αἰτῆσαι
2590 1061 2679 1113 τὸν
2725 1060 2958 1113 νικῶντα
3000 1062 3135 1131 ὅπερ
3180 1061 3246 1114 ἂν
3296 1061 3540 1131 θελήσειε
3583 1066 3740 1134 παρὰ

2155 1150 2257 1205 τοῦ
2293 1151 2577 1220 βασιλέως.
2612 1152 2717 1203 Τοῦ
2746 1151 2838 1203 οὖν
2862 1152 2980 1213 ἑνὸς
3004 1151 3251 1214 εἰπόντος
3271 1155 3428 1222 νικᾷν
3460 1156 3551 1206 τὸν
3569 1150 3735 1217 οἶνον,

2162 1241 2257 1294 τοῦ
2281 1242 2470 1311 ἑτέρου
2502 1242 2775 1311 φήσαντος
2807 1244 2971 1312 νικᾷν
2992 1240 3083 1294 τὸν
3114 1240 3359 1310 βασιλέα·
3384 1245 3410 1295 ὁ
3433 1245 3736 1314 Ζοροδϋελ

2164 1336 2269 1405 ἔφη
2296 1335 2450 1404 νικᾷν
2479 1333 2578 1396 τὰς
2609 1336 2873 1401 γυναῖκας
2909 1334 3001 1387 καὶ¹
3035 1335 3177 1404 ὑπὲρ
3203 1336 3421 1389 πάντων
3460 1338 3554 1405 τὴν
3597 1338 3733 1401 ἀληο

2165 1427 2333 1491 θειαν,
2368 1426 2461 1478 καὶ
2510 1425 2698 1494 ἐπειδὴ
2765 1424 2937 1479 ταῦτα
2984 1424 3224 1495 εἰρηκὼς
3273 1427 3491 1493 ἐνίκησε
3518 1428 3615 1479 καὶ
3639 1428 3739 1479 ἑπ-

2164 1518 2405 1586 ἐτραπτο
2472 1516 2800 1585 αἰτήσασθαι
2874 1515 2903 1567 δ
2966 1515 3237 1585 βούλεται,
3292 1518 3448 1586 201
3502 1518 3740 1587 ἠξίωσεν

2163 1606 2435 1676 ἀφεθῆναι
2483 1608 2581 1675 τὴν
2616 1606 2992 1676 αἰχμαλωσίαν
3042 1608 3139 1661 καὶ
3182 1608 3601 1678 οἰκοδομηθῆναι
3634 1608 3739 1678 τὴν

2178 1698 2566 1770 ἰερουσαλήμο
2602 1700 2739 1769 ὅπερ
2816 1700 2909 1751 καὶ
2972 1698 3217 1767 γέγονεν.
3276 1688 3388 1752 Καί
3450 1700 3570 1752 τότε
3631 1716 3738 1751 πε-

482 1800 813 1862 acceperunt
832 1801 886 1845 et
908 1791 1323 1860 transmigratio
1342 1800 1397 1844 et
1425 1790 1767 1860 septuaginta
1794 1791 1921 1843 anni
1946 1790 2052 1845 irae.

2165 1764 2451 1860 πλήρωται
2476 1764 2581 1852 ἐίς
2628 1764 2776 1853 τέλος
2809 1764 2993 1859 101?};
3028 1764 3405 1859 αἰχμαλωσίας
3433 1793 3528 1843 καὶ
3559 1791 3738 1861 όργῆς

482 1882 743 1950 Princeps
777 1882 1125 1936 sacerdoutm
1158 1891 1211 1936 et
1243 1883 1423 1936 scriba
1458 1882 1660 1936 Esdras
1688 1880 1921 1936 docebat
1963 1899 2060 1952 po-

481 1972 669 2040 pulum
698 1971 874 2041 legem
923 1979 977 2027 et
1019 1971 1166 2025 illam
1205 1971 1662 2040 interpretabatur
1705 1972 1862 2040 quasi
1910 1973 2063 2026 nobi-

487 2062 737 2117 lissimus
768 2072 821 2116 et
856 2063 1138 2132 recollegit
1169 2078 1356 2119 sacras
1399 2063 1717 2132 Scripturas
1753 2064 1910 2117 bellis
1936 2080 2063 2118 cor-

486 2162 698 2222 ruptas.
732 2152 976 2207 Chaldaei
1011 2155 1156 2206 enim
1190 2163 1315 2221 post
1342 2154 1578 2206 dirutam
1607 2151 1908 2207 Jerusalem
1943 2155 2063 2208 illas

484 2259 677 2300 omnes
726 2245 1182 2309 combusseraut,
1232 2255 1285 2298 et
1333 2243 1514 2298 Esdra:
1550 2244 1693 2299 Deus
1725 2244 1780 2299 in
1820 2254 2055 2301 mentem

489 2335 719 2391 immisit
751 2350 845 2390 eas
880 2334 1146 2404 relegere.

550 2512 595 2563 Α
625 2511 800 2580 prima
830 2510 989 2579 igitur
1025 2509 1384 2564 aediﬁcatione
1420 2512 1603 2579 templi
1655 2527 1828 2581 usque
1879 2514 1945 2567 ad
1973 2529 2060 2567 sc-

481 2600 714 2652 rundam
747 2598 1002 2652 eﬂluxere
1033 2597 1282 2652 undecim
1309 2608 1359 2653 et
1385 2600 1665 2667 quingenti
1690 2600 1841 2654 anni.
1865 2600 2060 2655 Forma

481 2696 661 2742 autem
684 2696 735 2741 et
759 2688 967 2758 species
1011 2688 1386 2743 aediﬁcationis
1435 2690 1753 2758 posterioris
1790 2693 1979 2759 templi
2010 2701 2063 2746 ct

489 2778 643 2834 urbis
694 2777 997 2833 Jerusalem
1051 2778 1168 2833 haec
1199 2786 1401 2833 erant:
1437 2778 1580 2835 Urbs
1624 2782 1833 2835 munita
1866 2783 2059 2851 triplici

482 2885 642 2923 muro
666 2871 1106 2942 inexpugnabilis
1136 2880 1273 2936 erat,
1312 2874 1453 2924 muri
1484 2881 1767 2941 turresque
1799 2874 2059 2941 quadrata

479 2969 657 3023 erant,
685 2962 1083 3031 quinquaginta
1118 2963 1335 3015 cubitos
1379 2962 1684 3018 latitudinis
1723 2965 2060 3035 totidemque

2162 1880 2273 1933 ἔτει
2330 1888 2369 1933 0'
2404 1881 2488 1937 .“
2529 1882 2604 1949 (3)
2645 1882 2703 1933 ’0
2746 1881 2802 1933 δὲ
2865 1881 3158 1953 ἀρχιερεὺς
3221 1882 3313 1935 καὶ
3376 1882 3740 1951 γραμματεὺς

2168 1973 2405 2044 Ἔσδρας
2436 1969 2501 2043 ἦν
2549 1973 2812 2027 διδάσκων
2855 1976 2947 2027 τὸν
2980 1975 3108 2028 λαδν
3137 1974 3229 2029 τὸν
3273 1975 3437 2045 νόμον
3463 1978 3558 2029 καὶ
3588 1976 3739 2044 διερ-

2166 2064 2437 2134 μηνεύων,
2468 2064 2542 2126 ὡς
2571 2065 2931 2132 εὐφυέστατος
2967 2066 3204 2130 πάντων,
3232 2065 3291 2129 ὃς
3332 2069 3427 2119 καὶ
3456 2068 3554 2129 τὰς
3580 2068 3737 2137 ἱερὰς

2164 2155 2382 2224 βίόλους
2437 2155 2855 2223 ἀποκατέστησε
2903 2156 3297 2226 διαφθαρείσας
3340 2158 3446 2209 ὑπὸ
3501 2158 3611 2210 τῶν
3639 2177 3741 2211 πο-

2161 2246 2367 2315 λέμων.
2419 2248 2482 2299 Οἱ
2516 2247 2620 2317 γάρ
2662 2262 2745 2298 τοι
2793 2246 3051 2299 Χαλδαῖοι
3094 2248 3233 2316 μετὰ
3274 2246 3373 2317 τὴν
3406 2247 3607 2301 ἅλωσιν
3638 2249 3743 2316 τῆς

2174 2336 2530 2407 Ἰερουσαλὴμ
2554 2339 2938 2408 ἐμπρήσαντες
2963 2338 3161 2400 πάσας,
3205 2339 3528 2390 ἐνέπνευσεν
3555 2342 3582 2391 ὀ
3604 2340 3739 2401 Θεθις

2162 2428 2336 2496 τούτῳ
2368 2427 2507 2480 ὥστε
2532 2428 2699 2487 αὑτὰς
2735 2426 3014 2481 ἐκθέσθαι.

2232 2517 2308 2586 (4)
2344 2516 2385 2547 ⁸⁷
2416 2517 2660 2569 Γίνονται
2704 2512 2797 2570 οὖν
2860 2518 2966 2570 ἀπὸ
2991 2520 3089 2587 τῆς
3144 2518 3193 2572 α’
3249 2520 3537 2590 οἰκοδομῆς
3589 2521 3738 2590 (521³)

2162 2607 2256 2661 τοῦ
2312 2608 2441 2661 ναοῦ
2501 2608 2607 2672 ἕως
2659 2609 2760 2678 τῆς
2824 2608 2868 2678 β’
2930 2610 3024 2680 ἐτη
3094 2618 3225 2679 φια’.
3286 2612 3363 2682 (5)
3430 2613 3503 2665 Τὸ
3558 2616 3742 2666 τοίνυν

2164 2700 2348 2770 σχῆμα
2417 2701 2511 2753 καὶ
2568 2697 2708 2763 εἶδος
2760 2702 2857 2769 τῆς
2902 2700 2944 2769 β’
2987 2703 3275 2772 οἰκοδομῆς
3331 2704 3426 2756 καὶ
3467 2704 3559 2757 τοῦ
3607 2704 3739 2757 ναοῦ

2162 2791 2256 2841 καὶ
2301 2789 2401 2859 τῆς
2455 2790 2665 2855 πόλεως
2726 2791 3082 2862 Ἰερουσαλὴμ
3130 2788 3197 2864 ἦν
3268 2794 3459 2858 οὕτως.
3520 2796 3586 2849 Ἡ
3637 2798 3741 2865 μὲν

2162 2873 2253 2930 οὖν
2300 2880 2455 2941 πόλις
2498 2881 2644 2948 τρισὶ
2702 2881 2934 2950 τείχεσιν
2991 2882 3310 2953 ὀχυρωμένη
3357 2902 3447 2937 και
3490 2884 3738 2938 δυσάλωο

2162 2987 2251 3032 τος
2303 2971 2515 3040 ὑπῆρχε
2555 2986 2572 3002 ο
2636 2972 2727 3022 τοῦ
2782 2972 2839 3023 δὲ
2888 2971 3096 3042 τείχους
3155 2976 3202 3026 οί
3274 2976 3473 3043 πύργοι
3544 2979 3743 3046 τετρά-

480 3048 788 3104 latitudinis
844 3062 1025 3105 turres
1081 3051 1377 3116 babebant,
1416 3061 1470 3106 et
1519 3055 1699 3107 omnis
1740 3055 1877 3124 lapis
1925 3072 2052 3110 con-

2162 3076 2327 3127 γωνοι
2353 3060 2528 3125 ὄντες,
2560 3060 2706 3129 εἰχον
2750 3062 2810 3113 τὸ
2840 3061 3044 3125 πλάτος
3106 3066 3202 3116 καὶ
3236 3066 3296 3116 τὸ
3334 3066 3465 3134 ῦψος
3493 3068 3595 3120 ἀνὰ
3625 3071 3738 3135 πή-

480 3141 798 3195 structionis
849 3142 1037 3209 viginti
1090 3143 1399 3195 cubitorum
1452 3143 1647 3212 longus
1695 3154 1835 3200 erat.
1889 3146 2052 3200 Erant

2167 3168 2308 3220 χεων
2326 3157 2389 3216 ν’,
2411 3153 2641 3216 ἕκαστος
2674 3153 2816 3214 λίθος
2836 3156 2932 3223 τῆς
2953 3156 3232 3225 δομήσεως
3251 3153 3317 3229 ἦν
3334 3160 3703 3232 εἰκοσάπηχυς
3719 3175 3735 3189 °

464 3240 659 3286 autem
693 3234 991 3300 magniﬁca:
1016 3233 1213 3285 domus
1236 3270 1251 3294 ,
1325 3234 1713 3306 altissimaque
1764 3247 1818 3291 et
1857 3250 2059 3307 parata:

480 3322 545 3374 ad
576 3335 775 3387 aquam
835 3320 1225 3385 recipiendam.
1288 3320 1455 3375 Erant
1508 3335 1685 3378 turres
1736 3336 2055 3398 octogenae,

480 3423 714 3475 quarum
748 3407 977 3462 altitudo
1021 3409 1382 3463 ducentorum
1436 3414 1773 3480 cubitorum;
1823 3432 1890 3470 ex
1949 3420 2055 3473 illis

478 3496 690 3549 oriente
737 3496 851 3549 sole
897 3497 1094 3551 Arabia
1125 3499 1361 3568 prospici
1419 3512 1652 3571 poterat,
1691 3514 1838 3559 tanta
1865 3522 2052 3562 earum

476 3593 596 3637 erat
622 3584 877 3641 elevatio.
910 3586 1096 3641 Murus
1119 3598 1377 3643 externus
1399 3600 1449 3645 et
1480 3592 1703 3662 cingens
1726 3596 1912 3650 urbem
1938 3608 2055 3654 erat

476 3674 873 3745 quinquaginta
931 3679 1105 3733 stadia
1139 3678 1356 3749 longus,
1390 3683 1642 3752 altusque
1692 3687 2050 3757 quadraginta

456 3765 817 3833 cubitorum;
868 3770 1055 3822 cuncti
1102 3779 1281 3824 autem
1331 3771 1536 3841 lapides
1582 3776 1782 3844 quibus
1819 3780 2053 3834 aediﬁca-

476 3857 672 3911 bantur
719 3858 908 3927 viginti
957 3860 1171 3915 cubitos
1215 3860 1268 3914 in
1303 3862 1810 3927 latitudine,decem
1842 3884 1969 3923 vero
1996 3874 2047 3925 in

473 3944 756 3999 altitudine
788 3946 1121 4017 totidemque
1173 3949 1227 4003 in
1262 3952 1647 4017 crassitudine,
1702 3964 1756 4008 et
1803 3958 1872 4008 ita
1909 3957 2049 4012 inter

472 4049 533 4089 se
560 4036 614 4088 in
645 4050 806 4105 opere
829 4038 1185 4107 conglutinati
1226 4049 1401 4103 erant,
1438 4053 1496 4095 ιιι
1546 4044 1709 4100 unius
1740 4049 1889 4116 rupis
1920 4064 2045 4117 spe-

479 4126 621 4179 ciem
653 4130 976 4196 praaberent,
1015 4130 1353 4201 minimeque
1378 4145 1661 4203 appareret
1691 4153 1779 4192 ars
1819 4155 1923 4208 qua
1954 4157 2046 4196 co-

474 4216 765 4273 haererent.
801 4219 1086 4289 Templum
1149 4223 1205 4276 in
1259 4224 1396 4279 colle
1449 4226 1676 4281 lirmiter
1707 4241 2043 4287 exstructum

467 4319 812 4380 quatuorque
854 4312 1064 4369 aedibus
1095 4314 1337 4370 cinctum
1383 4316 1711 4372 aediﬁcatum
1743 4333 1860 4376 erat
1904 4324 2042 4380 albis

2166 3241 2253 3309 ἐφ’
2278 3243 2337 3295 δν
2360 3238 2501 3314 ἦσαν
2532 3241 2675 3298 οἶκοι
2726 3245 3067 3309 πολυτελεῖς,
3122 3249 3215 3301 καὶ
3257 3250 3493 3320 ὑπερῷα,
3526 3253 3619 3304 καὶ
3642 3252 3739 3305 δε-

2165 3333 2396 3404 ξαμεναί
2444 3336 2580 3406 πρὸς
2619 3337 2884 3406 ὑποδοχὴν
2931 3338 3280 3408 ὀμϐριμαίων
3339 3341 3561 3395 ὑδάτων.
3602 3338 3739 3413 Εἶχε

2161 3423 2219 3476 δὲ
2241 3426 2579 3495 παράπυργα
2627 3427 2917 3494 ὀκτάγωνα
2978 3432 3072 3482 καὶ
3122 3432 3450 3501 παμμεγέθη
3494 3434 3597 3487 ἀνὰ
3621 3435 3737 3505 πή-

2160 3527 2299 3581 χεων
2325 3510 2367 3562 σ⁹
2398 3513 2458 3563 τὸ
2502 3513 2632 3581 ὕψος
2681 3515 2893 3584 ἔχοντα,
2943 3518 3021 3583 ὡς
3075 3519 3174 3588 τὴν
3205 3520 3471 3591 ’Ἀραϐίαν
3525 3524 3738 3576 ἐκεῖθεν

2160 3603 2313 3673 ἠλίου
2338 3604 2645 3674 ἀνίσχοντος
2667 3608 2915 3676 ὁρᾶσθαι.
2954 3611 3064 3663 Καὶ
3085 3612 3141 3664 τὸ
3165 3613 3263 3682 μὲν
3292 3616 3489 3684 μέτρον
3514 3615 3609 3684 τῆς
3629 3618 3736 3668 πό-

2158 3693 2295 3755 λεως
2321 3695 2413 3747 καὶ
2434 3695 2767 3764 περίμετρον
2790 3697 2883 3750 ἀπ’
2900 3698 3087 3769 ἄκρων
3116 3703 3194 3763 εἰς
3212 3704 3379 3773 ἄκρον
3405 3703 3517 3774 εἶχε
3539 3705 3732 3758 στάδια

2159 3791 2202 3836 ν’
2227 3786 2322 3838 καὶ
2350 3786 2412 3838 τὸ
2448 3787 2580 3854 ὕψος
2611 3788 2809 3857 πήχεις
2838 3788 2889 3858 μ’
2918 3808 2930 3821 ·
2985 3793 3033 3843 οἱ
3063 3793 3119 3845 δὲ
3146 3793 3284 3847 λίθοι
3308 3796 3406 3864 τῆς
3441 3799 3734 3867 οἰκοδομῆς

2156 3874 2301 3944 εἶχον
2323 3877 2425 3928 ἀνὰ
2474 3879 2694 3946 πήχεων
2733 3878 2782 3931 κ’
2820 3884 2878 3932 τὸ
2912 3882 3107 3951 μῆκος,
3139 3884 3198 3936 τὸ
3233 3886 3288 3937 δὲ
3337 3887 3533 3949 πλάτος
3563 3890 3667 3942 ἀνὰ
3700 3895 3732 3940 ι’

2156 3965 2356 4031 ποδῶν,
2386 3968 2461 4028 ὡς
2490 3970 2663 4033 κάτω,
2698 3970 2793 4022 καὶ
2844 3972 2903 4023 τὸ
2966 3974 3159 4043 πάχος.
3193 3977 3299 4028 Καὶ
3330 3976 3503 4040 οὕτως
3560 3982 3618 4031 ὲν
3666 3983 3731 4050 τῇ

2152 4056 2380 4125 δομήσει
2430 4060 2481 4110 οἱ
2548 4059 2685 4112 λίθοι
2728 4061 2981 4132 ἀλλήλοις
3018 4066 3360 4134 ἥνωνταιηώς
3387 4069 3563 4122 δοκεῖν
3595 4072 3733 4139 μίαν

2154 4145 2293 4202 εἶναι
2326 4149 2553 4219 πέτραν,
2591 4151 2844 4221 μηδαμοῦ
2880 4154 2978 4224 τῆς
3006 4158 3302 4223 συναφείας
3334 4159 3434 4228 τῆς
3457 4161 3731 4229 ἁρμονίας

2152 4240 2602 4310 διαφαινομένης.
2642 4242 2716 4294 Τὸ
2765 4243 2821 4295 δὲ
2883 4245 3028 4315 ἱερὸν
3082 4249 3176 4299 ἐπὶ
3229 4249 3394 4316 λόφου
3441 4253 3733 4321 καρτερῶς

2149 4332 2519 4403 δεδομημένον
2542 4334 2639 4387 καὶ
2686 4335 2911 4405 τετράσι
2962 4338 3273 4407 περιϐόλοις
3328 4341 3727 4411 κυκλούμενον,

466 4400 761 4500 politisque
803 4400 1098 4471 lapidibus,
1129 4420 1363 4473 quorum
1399 4407 1682 4476 longitudo
1716 4412 1875 4480 pedes
1904 4430 2042 4483 qua-

2158 4400 2285 4492 εῐχεν
2311 4400 2492 4487 λίθους
2532 4427 2565 4494 ή
2593 4400 2848 4499 οἰκοδομὴ
2891 4400 3055 4483 αὑτοῦ
3094 4432 3318 4496 λευκοὺς
3357 4436 3450 4487 καὶ
3501 4400 3728 4500 ξεστοὺς

466 4488 739 4575 draginta.
794 4489 851 4542 In
908 4497 1166 4564 templum
1215 4498 1395 4552 media
1443 4500 1498 4553 in
1550 4502 1682 4556 urbe
1732 4505 1897 4559 situm
1950 4521 2043 4575 per

462 4573 672 4665 gradus
726 4576 1015 4632 duodecim
1077 4587 1495 4642 ascendebatur.
1570 4588 1789 4647 Frontis
1859 4573 2043 4665 templi

467 4664 695 4719 altitudo
720 4674 1074 4722 eratcentum
1095 4675 1428 4743 cubitorum,
1451 4681 1619 4746 partis
1646 4696 1774 4735 vero
1804 4686 1867 4738 ad
1880 4664 2045 4740 versa:

464 4758 824 4827 quadraginta
901 4759 1247 4830 cubitorum;
1282 4782 1404 4833 pars
1431 4769 1575 4821 enim
1608 4772 1757 4838 prior
1789 4776 2043 4831 inclinata

461 4849 647 4901 eratin
672 4850 826 4913 urbe,
849 4851 1119 4919 posterior
1142 4868 1269 4907 vero
1292 4865 1571 4911 exstructa
1607 4860 1661 4912 in
1680 4863 1834 4917 colle.
1855 4865 2037 4922 Prima

460 4938 815 5008 templieporta
839 4942 1178 5011 septuaginta
1203 4945 1414 4999 cubitos
1439 4947 1744 5005 altitudinis
1770 4953 2027 5023 habebat,

2147 4515 2251 4567 ἁνά
2292 4515 2468 4569 ποδῶν
2501 4523 2553 4587 μ’
2583 4517 2643 4570 τὸ
2689 4520 2921 4587 μέγεθος
2950 4523 3183 4577 ἑκάστου
3229 4526 3400 4580 λίθου.
3427 4528 3610 4580 Μέσον
3669 4530 3726 4582 δὲ

2146 4606 2243 4675 τῆς
2297 4606 2504 4670 πόλεως
2534 4603 2601 4678 ἦν
2653 4610 2682 4661 δ
2724 4613 2852 4673 ναός
2877 4629 2889 4641 ·
2922 4612 3347 4686 δωδεκὰὁαομος
3371 4620 3399 4671 ὁ
3441 4620 3726 4689 ἀναϐάτης

2147 4694 2384 4765 ὑπῆρχε.
2418 4699 2527 4750 Καὶ
2561 4700 2622 4751 τὸ
2656 4701 2757 4769 μὲν
2792 4703 2934 4755 κατὰ
2960 4705 3256 4773 πρόσωπον
3288 4709 3455 4761 αὑτοῦ
3496 4709 3631 4778 ὕψος
3653 4706 3725 4782 ἦν

2146 4783 2372 4872 πήχεων
2388 4793 2457 4855 ρ’,
2505 4788 2566 4839 τὸ
2601 4788 2657 4841 δὲ
2712 4793 3041 4848 κατόπισθεν
3085 4802 3137 4865 μ’
3167 4814 3179 4826 ’
3212 4802 3559 4871 κατάρροπον
3604 4803 3721 4872 γὰρ

2146 4870 2441 4943 ἐτύγχανεν
2480 4877 2539 4929 τὸ
2591 4878 2655 4931 ἓν
2695 4881 2859 4953 μέρος
2911 4882 3011 4952 τῆς
3050 4887 3279 4952 πόλεως,
3334 4870 3392 4940 τὸ
3442 4889 3498 4941 δὲ
3527 4870 3723 4961 ἕτερον

2140 4962 2405 5031 ὑπόλοφον
2427 4967 2569 5020 κατὰ
2596 4970 2657 5022 τὸ
2690 4970 2815 5040 ὅρος
2841 4988 2855 5004 ο
2894 4976 2925 5044 ή
2957 4975 3012 5027 δὲ
3037 4978 3228 5047 πρώτη
3252 4979 3394 5049 πύλη
3428 4980 3525 5032 τοῦ
3556 4983 3719 5046 vam."
3762 4985 3775 5009 θ

456 5028 764 5087 latitudinis
784 5041 966 5086 autem
1020 5049 1114 5089 sex
1145 5044 1198 5091 et
1233 5037 1442 5107 viginti.
1473 5038 1758 5097 Corinthio
1788 5060 1893 5100 aere
1920 5058 2035 5102 erat

2222 5028 2501 5124 “Edisti/0;,
2530 5054 2642 5128 εἷχε
2679 5028 2996 5132 τεῖήχεων¹ο¹ν
3031 5028 3095 5119 τδ
3119 5028 3185 5120 δὲ*
3203 5028 3719 5143 ⁷Ιίο-ριυζ

456 5121 654 5177 vestita
688 5124 762 5178 ita
799 5132 858 5177 ut
898 5124 1070 5192 portis
1098 5140 1234 5182 auro
1264 5139 1598 5201 argentoque
1657 5138 1869 5193 ornatis
1910 5143 2029 5208 pul-

457 5210 766 5270 chritudine
820 5224 1094 5284 praestaret
1132 5220 1489 5291 quadraginta
1528 5224 1742 5281 cubitos
1788 5229 2031 5285 altitudi-

2132 5140 2231 5213 θίῳ
2254 5144 2439 5216 χαλκῷ
2474 5150 2872 5222 κεκαλυμμένη
2902 5155 2978 5218 ὠς
3024 5158 3325 5228 ὑπεράγειν
3366 5164 3433 5231 τῇ
3474 5140 3716 5233 καλλονῇ

2128 5234 2227 5295 τὰς
2266 5233 2594 5305 διαχρύσους
2642 5243 2739 5292 καὶ
2780 5247 3189 5318 περιαργύρους
3215 5250 3414 5314 πύλας,
3461 5252 3569 5305 ἀνὰ
3605 5256 3719 5323 πή·

457 5301 541 5354 nis
573 5301 892 5360 habentibus
928 5314 980 5360 st
1008 5306 1062 5359 in
1110 5310 1473 5367 crassitudine
1519 5329 1652 5370 auro
1686 5326 1739 5371 et
1796 5334 2018 5391 argento

2158 5340 2267 5392 ςεων
2299 5301 2434 5393 μ”τὸ
2460 5328 2713 5398 μέγεθος,
2739 5333 2832 5386 ἐπὶ
2854 5301 3044 5405 ’πάχδς
3061 5301 3072 5318 ³
3098 5301 3235 5394 πολὺ
3265 5301 3714 5412 551,...th

1666 5458 1859 5521 Variae
1906 5466 2207 5529 tectiones
2247 5474 2307 5529 et
2349 5476 2538 5531 notua.

523 5578 566 5655 τ’
606 5578 867 5651 Josephtts
923 5590 985 5641 Α.
1040 5592 1122 5644 ΙΙ.
1164 5591 1249 5646 ΙΙΙ.
1305 5593 1423 5648 2-7.
1452 5597 1580 5651 Cod.
1614 5599 1815 5663 εδιῌο
1889 5604 1950 5659 ’Π
1978 5607 2033 5659 δὲ

523 5658 712 5705 "VT-“ﬁ
740 5670 793 5705 κ.
829 5673 877 5705 τ.
906 5657 955 5705 λ.
1033 5662 1077 5689 ⁸⁸
1106 5663 1597 5705 (ὶιξιΙ-2ιΔ-<Μ-(-Μὲς
1623 5671 1695 5705 99
1770 5674 1810 5703 or
1854 5675 1935 5705 ιι...
1986 5678 2015 5705 .,

2158 5611 2182 5705 Ξ)
2222 5612 2881 5705 δοροδάσελμὺπόμνησις
2930 5625 3152 5705 τοιαύτη
3180 5622 3250 5705 ᾗς)
3272 5634 3422 5705 τρεῖς
3448 5651 3711 5705 σωματος

454 5646 712 5715 φύλακες,
733 5646 793 5706 ’κ.
829 5673 877 5709 τ,
906 5657 955 5706 λ.

1033 5662 1077 5689 ⁸⁸
1106 5663 1238 5714 Ced.
1259 5663 1695 5731 244,22-2d5,2?
1732 5662 1735 5663 ν
1770 5674 1810 5703 ⁸⁷
1842 5675 1957 5729 Jos.
1982 5678 2035 5730 b.

2158 5679 2206 5733 υ.
2238 5683 2269 5732 ξ)
2294 5662 2485 5735 Τινμ-
2516 5686 2627 5753 φια’
2665 5662 2790 5744 οτιιίι
2820 5662 2881 5745 it;

3236 5700 3409 5769 ulgar.
