4098 6208
366 326 477 390 333
1543 324 2005 392 CHRONICON.
2042 348 2115 365 ···
2153 326 2303 395 LIB.
2344 328 2431 390 II.
3518 332 3628 397 331

363 439 466 496 τοῦ
508 438 751 509 ἀργύρου
776 438 1224 510 κεκοσμημένας,
1259 442 1420 512 202
1438 441 1581 496 ὥστε
1630 442 1947 512 καταστρά-
1974 486 1981 501 ι

2007 438 2222 502 ιωυιιο
2282 437 2497 495 refertis
2551 440 2624 495 ita
2667 450 2726 495 ut
2776 442 3109 499 collucerent
3170 442 3461 513 splendore
3505 461 3625 502 ma-

355 532 592 586 πτεσθαι
624 531 672 563 ⁸⁸
710 532 779 585 τά
836 531 1041 587 πάντα.
1075 532 1139 585 '0
1188 531 1281 586 οῦν
1319 533 1539 604 πρῶτος
1592 528 1741 597 οἶκος
1790 530 1937 603 εἶχεν

2049 546 2179 600 gno.
2212 530 2392 585 Prima
2425 532 2620 586 domus
2652 532 2953 587 tabulatum
2991 534 3222 589 habebat
3256 536 3622 605 intrinsecus,

351 622 509 684 ὶντδς
532 619 781 689 ὑπερῷα,
807 620 870 674 τὸ
907 620 1009 689 μὲν
1039 620 1175 692 ῦψος
1206 621 1400 693 ἔχοντα
1434 623 1659 693 πήχεων
1690 623 1763 691 ιζ,
1784 628 1846 677 τὸ
1878 624 1938 676 δὲ

2040 619 2196 688 cujus
2244 619 2475 673 altitudo
2522 620 2692 674 cubiti
2737 622 3056 692 nonaginta,
3120 625 3398 693 longitudo
3443 636 3624 680 autem

351 712 535 781 μῆκος
560 710 624 764 ν’.
661 711 726 765 Ἦ
748 712 805 765 δὲ
837 712 983 784 πύλη
1030 712 1126 765 τοῦ
1170 715 1322 767 οτκου
1367 715 1766 783 κεχρυσωμένη
1802 710 1937 767 οὖσα

2039 708 2451 777 quinquaginta.
2486 709 2659 780 Supra
2690 722 2903 781 portam
2934 712 3132 769 domus
3184 725 3434 768 auratam
3470 725 3626 768 erant

348 802 448 853 καὶ
470 802 682 870 χρυσᾶς
703 800 845 870 ὑπὲρ
867 802 1038 872 αὐτῆς
1081 802 1365 872 ἀμπέλους
1402 804 1624 873 ἔχουσα,
1664 803 1934 873 κατεκρέ-

2044 801 2181 855 vites
2236 815 2436 867 aureze,
2487 802 2904 873 pendebantque
2949 820 3065 859 uvae
3102 805 3357 859 humana:
3412 805 3625 874 magni-

350 909 530 962 μαντο
556 893 790 962 βότρυες
819 894 1210 964 ἀνδρομήκεις.
1236 897 1393 949 Μετὰ
1421 897 1477 951 δὲ
1498 897 1560 949 τὸ
1585 896 1848 950 εἰσελθεῖν
1875 894 1937 949 τὸ

2042 892 2271 948 tudinis.
2306 892 2568 964 Ingressis
2599 894 2655 949 in
2691 896 3058 965 pavimentum
3083 896 3270 965 templi
3307 896 3466 949 obvia
3501 906 3623 949 erat

346 984 611 1037 ἐπίπεδον
638 985 683 1016 ⁶⁹
710 984 805 1036 τοῦ
838 984 988 1049 ναοῦ,
1017 985 1176 1049 ἄλλος
1214 981 1283 1055 ἦν
1312 982 1464 1050 οἶκος
1496 984 1592 1039 τοῦ
1623 985 1932 1050 ἑνδοτάτου,

2042 982 2188 1038 ardes
2241 984 2470 1038 interior
2517 986 2800 1056 sexaginta
2848 987 3067 1043 cubilos
3108 987 3237 1053 alta,
3292 987 3401 1041 lata
3434 997 3617 1041 autem

346 1066 525 1137 οὗπερ
546 1072 608 1125 τδ
631 1072 733 1141 μὲν
772 1071 907 1141 ῦψος
958 1068 1025 1142 ἦν
1060 1074 1283 1143 πήχεων
1348 1073 1412 1141 ξ’,
1456 1074 1517 1128 τὸ
1548 1074 1604 1127 δὲ
1630 1074 1829 1135 πλάτος
1863 1071 1931 1138 κ’,

2041 1072 2250 1142 viginti,
2306 1074 2361 1128 in
2406 1090 2513 1145 qua
2572 1076 2919 1143 candelabra,
2968 1093 3213 1133 mensam
3259 1089 3315 1133 et
3367 1078 3621 1132 thuribu-

352 1164 411 1215 ὲν
431 1156 478 1230 ᾧ
496 1162 711 1232 λυχνία,
731 1163 981 1233 τράπεζα
1001 1164 1096 1217 καὶ
1112 1162 1476 1234 θυμιατήριον
1497 1164 1725 1218 ἔκειντο.
1756 1164 1935 1234 Διείρ-

2037 1162 2149 1216 lum
2203 1163 2387 1219 videre
2434 1172 2589 1230 erat;
2634 1166 2993 1234 separabatur
3038 1166 3157 1220 velo
3224 1181 3253 1218 a
3306 1166 3622 1221 sanctuaria

350 1268 482 1318 γετο
510 1252 566 1304 δὲ
598 1253 1057 1321 καταπετάσματι
1089 1254 1229 1323 πρὸς
1273 1254 1333 1306 τὸ
1353 1254 1399 1285 ⁷⁰
1424 1253 1646 1319 ἔξωθεν,
1679 1253 1737 1306 ὲν
1765 1248 1809 1321 ᾧ
1843 1253 1935 1306 οῦ-

2036 1252 2184 1322 quod
2241 1254 2377 1308 nihil
2423 1255 2757 1321 continebat,
2807 1265 3084 1311 sacratum
3135 1267 3319 1311 autem
3379 1266 3499 1311 erat
3557 1265 3613 1311 et

343 1343 438 1397 ὁὲν
481 1344 685 1409 ἔκειτο,
719 1345 835 1397 ἀλλ’
866 1341 934 1415 ἦν
975 1344 1181 1400 ἄϐατόν
1236 1362 1297 1397 τε
1345 1345 1441 1397 καὶ
1480 1346 1773 1414 ἄχραντον,
1812 1343 1934 1397 ὅθεν

2037 1344 2305 1399 mundum
2353 1355 2409 1400 et
2478 1343 2610 1401 inde
2673 1344 2876 1402 Sancta
2934 1356 3247 1403 sanctorum
3315 1348 3617 1403 dicebatur.

346 1436 527 1502 ἁγίων
568 1436 740 1503 Ἀγια
782 1435 1003 1504 ἐλέγετο
1029 1454 1041 1467 ·
1093 1436 1155 1489 τὸ
1211 1436 1270 1488 δὲ
1310 1435 1425 1489 ἄνω
1461 1437 1555 1488 καὶ
1599 1434 1801 1498 ἔξωθεν
1835 1432 1932 1487 τοῦ

2034 1435 2170 1491 Pars
2232 1436 2479 1506 superior
2531 1445 2586 1491 et
2654 1438 2895 1492 exterior
2958 1438 3123 1506 hujus
3174 1438 3374 1492 sacrati
3435 1438 3621 1508 templi

347 1527 625 1597 ἁχράντου
645 1526 775 1580 ναοῦ
805 1527 997 1579 τούτου
1028 1526 1296 1596 μεγίστην
1336 1528 1568 1598 παρεῖχε
1597 1528 1709 1589 τοῖς
1731 1524 1931 1595 ὁρῶσιν

2034 1525 2344 1581 videntibus
2381 1526 2679 1581 maximum
2731 1537 3013 1598 stuporem
3047 1529 3361 1598 injiciebat;
3406 1531 3622 1584 lamina

348 1614 637 1684 ἔκπληξιν,
660 1616 825 1680 πλαξὶ
859 1620 969 1687 γάρ
1000 1619 1226 1687 χρυσαῖς
1263 1616 1699 1685 στιϐαρωτάταις
1736 1613 1932 1667 κεκαλ-

2032 1616 2178 1669 enim
2205 1630 2387 1670 aureae
2417 1617 2759 1672 densissima:
2798 1618 2966 1672 radiis
3003 1619 3136 1672 solis
3162 1620 3390 1675 orientis
3417 1620 3621 1674 illumi-

344 1709 680 1777 λωπισμένα
720 1709 826 1761 ὑπὸ
852 1709 952 1771 τὰς
984 1710 1209 1780 πρώτας
1243 1707 1508 1771 ἀνατολὰς
1533 1706 1627 1761 τοῦ
1653 1706 1806 1777 ἡλίου
1824 1723 1929 1758 πυ-
1960 1770 1962 1779 Α

2033 1716 2176 1761 natae
2206 1706 2711 1775 splendidissimum
2739 1707 2923 1762 lumen
2946 1709 3283 1774 emittebant,
3312 1712 3622 1765 oculorum-

348 1769 683 1868 ροδεστάτην
722 1798 899 1865 αὐγὴν
934 1769 1265 1867 ἡάνέπεμψεν
1325 1798 1421 1851 καὶ
1478 1769 1574 1859 τὰς
1614 1769 1767 1864 ὄψεις
1817 1769 1966 1847 ’τῶνΙ

2027 1811 2145 1866 que
2183 1796 2357 1851 aciem
2389 1797 2828 1866 perstringebant
2878 1814 2985 1852 non
3023 1814 3185 1854 secus
3223 1815 3287 1855 ac
3342 1802 3475 1857 solis
3530 1819 3620 1856 ra-

344 1888 606 1960 όρώντων
649 1889 998 1958 ἀπέστρεφεν
1041 1890 1113 1954 ⁷¹,
1142 1889 1332 1958 ὥσπερ
1396 1905 1482 1951 τις
1535 1886 1734 1957 ἡλιακὴ
1786 1885 1931 1956 αὐγὴ

2036 1885 2161 1940 dius
2196 1886 2291 1955 qui
2331 1886 2521 1941 oculos
2578 1888 2838 1942 obcaecat.
2877 1888 3275 1943 Accedentibus
3324 1894 3620 1957 extraneis,

346 1984 461 2044 τοῖς
493 1980 797 2050 ὀφθαλμοῖς
829 1980 1279 2050 προσπίπτουσα.
1304 1979 1396 2031 Διὸ
1439 1980 1552 2041 τοῖς
1592 1976 1929 2047 ἀφικνουμέ-

2042 1977 2299 2044 templum
2346 1991 2376 2028 a
2410 1976 2597 2044 procul
2634 1976 2809 2031 visum
2831 2015 2847 2041 ,
2881 1979 3041 2046 quasi
3071 1978 3158 2031 nix
3199 1979 3310 2033 alto
3354 1979 3407 2034 in
3438 1994 3621 2038 monte

348 2088 463 2133 νοις
496 2070 668 2134 ξένοις
692 2069 979 2141 πόρρωθεν
1006 2071 1033 2122 ό
1060 2069 1184 2129 ναὸς
1207 2068 1506 2138 ὁρώμενος,
1530 2067 1737 2137 ὄμϐρος
1754 2066 1931 2135 χιόνος

2038 2076 2191 2119 stans
2255 2065 2581 2129 collucebat,
2650 2066 2781 2134 quia
2832 2077 3173 2121 exstructum
3226 2078 3347 2124 erat
3390 2085 3618 2139 prorsus

348 2162 441 2215 ht‘
492 2160 650 2231 ὅρους
699 2159 910 2229 ὑψηλοῦ
969 2159 1200 2228 κειμένη
1263 2158 1582 2227 ἐξεφαίνετο
1633 2156 1722 2208 διὰ
1769 2154 1832 2206 τὸ
1867 2157 1932 2206 ἐκ

2040 2158 2165 2211 albo
2200 2172 2473 2211 marmore
2502 2166 2557 2211 et
2590 2159 2647 2212 in
2682 2159 2820 2214 colle
2847 2159 3035 2214 situm.
3064 2159 3124 2214 In
3153 2161 3396 2216 culmine
3432 2175 3616 2216 autem

344 2251 679 2303 λευκοτάτου
710 2249 756 2281 ⁷⁸
781 2252 1078 2319 μαρμάρου
1107 2249 1503 2318 συνεστηκέναι
1536 2245 1631 2299 καὶ
1653 2245 1746 2296 ἐπὶ
1764 2243 1928 2312 λόφου

2038 2246 2224 2317 templi
2273 2256 2429 2303 erant
2463 2248 2688 2303 Obelisci
2720 2249 2872 2303 aurei
2928 2258 2984 2303 et
3038 2251 3181 2304 acuti
3242 2266 3475 2319 quorum
3543 2256 3621 2307 at-

344 2340 720 2409 δεδομείσθαι.
749 2340 877 2392 Ἐπὶ
935 2340 993 2393 δὲ
1050 2342 1147 2410 τῆς
1192 2340 1441 2410 κορυφῆς
1491 2332 1639 2407 εἶχεν
1685 2334 1930 2396 ἑστῶτας

2038 2342 2213 2395 titudo
2247 2340 2606 2411 quadraginta
2632 2340 2876 2406 cubitos,
2912 2339 3066 2397 basis
3096 2350 3277 2397 autem
3319 2358 3413 2397 sex
3452 2344 3622 2399 babe-

345 2433 588 2501 χρυσοῦς
627 2432 722 2484 καὶ
756 2432 1108 2500 τεθηγμένας
1139 2430 1379 2493 ὀϐελοὺς,
1407 2430 1511 2483 ἀνὰ
1535 2429 1752 2497 πήχεων
1791 2431 1843 2495 μ’
1869 2426 1931 2477 τ’)

2039 2431 2150 2495 bat,
2194 2446 2264 2486 ne
2297 2446 2425 2485 aves
2458 2431 2878 2501 supersederent
2906 2432 2962 2486 in
2987 2433 3190 2501 templo
3224 2432 3471 2503 illudque
3493 2450 3617 2491 sor-

344 2522 486 2592 ῦψος
523 2523 616 2575 καὶ
655 2522 759 2575 ἀνὰ
804 2521 864 2586 ἒξ
900 2522 961 2574 τὸ
988 2521 1213 2586 πλάτος,
1235 2522 1373 2592 πρὸς
1400 2521 1456 2572 τὺ
1484 2518 1715 2573 κωλύειν
1742 2515 1929 2586 ὲφιζά-

2036 2524 2198 2577 dibus
2229 2522 2514 2577 foedarent.
2553 2521 2812 2589 Quaedam
2836 2532 2993 2578 erant
3036 2525 3092 2578 in
3134 2523 3248 2593 lege
3289 2525 3356 2579 de
3384 2535 3621 2594 quatuor

346 2634 467 2670 νειν
498 2616 567 2669 τά
596 2616 823 2668 πετεινὰ
851 2614 945 2667 καὶ
963 2612 1218 2683 ὲκρεύσει
1240 2612 1333 2664 τὸν
1354 2610 1481 2665 ναὸν
1509 2608 1780 2679 μολύνειν.
1808 2605 1929 2657 Τῶν

2038 2614 2245 2669 aedibus
2295 2615 2555 2683 templum
2607 2614 3080 2670 circumdantibus
3145 2618 3498 2686 praescripta;
3562 2618 3615 2670 iu

342 2706 407 2759 δὲ
457 2704 807 2758 κυκλούντων
850 2701 1157 2773 περιϐόλων
1204 2700 1487 2770 τεσσάρων
1524 2698 1585 2750 τὸ
1613 2696 1758 2767 ἱερὸν
1793 2695 1929 2757 ἰδίας

2038 2705 2269 2774 primam
2315 2704 2484 2767 enim,
2519 2713 2795 2759 externam
2841 2705 3070 2769 scilicet,
3098 2702 3301 2759 Judaeis
3345 2717 3398 2759 et
3440 2715 3620 2760 extra-

342 2797 587 2850 ’ἑκαστον
623 2794 1067 2863 παρατηρήσεως
1093 2790 1236 2845 κατὰ
1262 2790 1352 2843 τὸν
1394 2790 1557 2859 νόμον
1586 2787 1803 2857 ἠξίωτο.
1835 2782 1929 2846 Et;

2039 2794 2157 2848 neis
2207 2792 2415 2862 ingredi
2449 2792 2679 2858 licebat;
2716 2795 2770 2847 in
2807 2793 3105 2849 secundam
3132 2792 3338 2847 Judaeis
3370 2812 3386 2861 ;
3419 2795 3470 2848 in
3510 2807 3618 2849 ter-

341 2887 450 2956 μὲν
487 2888 596 2957 γὰρ
632 2887 691 2939 τὸ
721 2885 945 2952 πρῶτον
978 2885 1110 2953 (55⁸)
1138 2883 1233 2936 καὶ
1266 2882 1537 2947 ἐξώτατον
1568 2881 1733 2932 πᾶσιν
1756 2880 1930 2946 ἐγχωο

2040 2880 2173 2933 tiam
2203 2880 2547 2933 sacerdotum
2583 2880 2924 2950 principibus
2955 2881 3256 2949 purificatis
3290 2883 3612 2952 uitidisque;

341 2978 492 3049 ρίοις
522 2992 581 3028 τε
614 2976 710 3029 καὶ
736 2973 1055 3042 ἀλλοφύλοις
1110 2972 1373 3024 εἰσελθεῖν
1420 2969 1819 3038 ἐπετέτραπτο,
1848 2964 1929 3027 είς

2041 2968 2093 3021 in
2126 2976 2375 3037 quartam
2429 2968 2804 3022 sacerdotibus
2847 2970 3102 3034 mundis;
3146 2973 3198 3023 in
3244 2973 3504 3040 templum
3535 2974 3619 3041 ip-

338 3068 405 3121 δὲ
428 3068 490 3120 τὸ
512 3066 767 3137 δεύτερον
794 3064 1079 3127 Ἰουδαίοις
1116 3064 1161 3095 ⁷³
1194 3062 1390 3132 ἠφίετο
1446 3060 1698 3117 εἰσιέναι,
1753 3057 1831 3117 είς
1874 3051 1930 3105 δὲ

2000 3117 2002 3133 ν
2039 3076 2159 3114 sum
2196 3061 2542 3115 solummodo
2589 3060 2965 3116 sacerdotibus
2998 3060 3363 3116 immaculatis
3412 3064 3618 3119 sacris-

340 3159 410 3211 τὸ
444 3160 627 3229 τρίτον
653 3113 836 3227 ρίόνοις
868 3159 981 3219 τοῖς
1011 3113 1332 3226 ἀρχιερεῦσι
1361 3153 1471 3205 τῶν
1521 3149 1796 3204 Ἰουδαίων
1830 3163 1930 3200 κα-

2002 3148 2144 3221 ‘que
2176 3153 2418 3207 vestibus
2477 3152 2721 3220 indutis;
2754 3163 2810 3207 et
2866 3154 2921 3207 in
2970 3155 3269 3223 penetralia
3317 3154 3407 3209 ubi
3461 3166 3620 3212 erant

346 3249 541 3319 Θαροῖς
575 3248 673 3301 καί⁷
726 3249 911 3316 ἁγνοῖς
960 3247 1323 3316 ὑπάρχουσιν,
1357 3245 1436 3308 εἰς
1472 3244 1531 3296 δὲ
1560 3242 1619 3295 τὸ
1656 3238 1696 3293 δ’
1727 3238 1933 3309 ἱερεῦσι

2036 3244 2231 3305 altare,
2262 3256 2468 3305 mensa,
2505 3243 2865 3307 thuribulum,
2896 3242 3213 3313 lampasque
3245 3243 3615 3315 inexstingui-

344 3342 517 3411 μόνον
542 3340 896 3406 ἁγνεύουσιν,
928 3339 1007 3402 είς
1048 3340 1104 3391 δὲ
1140 3336 1280 3407 μετὰ
1306 3335 1395 3389 τὸν
1444 3334 1591 3400 ναὸν,
1622 3336 1733 3395 τοῖς
1782 3329 1936 3401 ἀμώ-

2032 3332 2186 3397 bilis,
2219 3332 2321 3386 soli
2353 3346 2566 3386 summo
2625 3333 2869 3403 pontifici
2901 3333 3067 3388 semel
3120 3333 3174 3386 in
3224 3349 3390 3387 anno.
3449 3333 3620 3390 Recte

346 3448 477 3500 μοις
513 3430 775 3500 ἱερεῦσιν,
828 3429 1021 3493 στολὰς
1071 3428 1355 3500 ἱερατικὰς
1400 3424 1932 3499 ἠμφιεσμένοιςκείς

2037 3421 2201 3491 igitur
2268 3423 2344 3476 ait
2400 3423 2665 3492 prOpbeta
2702 3440 2716 3478 :
2760 3440 2779 3473 ι
2819 3423 3009 3493 Magna
3044 3425 3146 3478 erit
3191 3424 3361 3493 gloria
3422 3425 3620 3481 domus

338 3521 405 3574 δὲ
454 3522 523 3573 τά
568 3520 759 3581 ἄδυτα,
807 3518 937 3572 ἔνθα
974 3515 1041 3589 ἧν
1076 3521 1103 3571 ό
1135 3518 1337 3588 βωμὸς,
1369 3519 1402 3587 ή
1457 3517 1707 3586 τράπεζα
1750 3515 1843 3566 καὶ
1871 3513 1932 3565 τὸ

2034 3512 2197 3566 istius
2215 3512 2529 3568 novissima:
2557 3514 2677 3582 plus
2700 3527 2866 3583 quam
2900 3515 3111 3583 primae,
3137 3514 3269 3569 dicit
3294 3516 3611 3570 Dominus»

252 3612 265 3623 “
344 3609 751 3680 Θυμιαστήριον
805 3610 897 3662 καὶ
976 3609 1009 3679 ὴ
1059 3607 1324 3670 ἄσϐεστος
1389 3607 1609 3675 λυχνία,
1666 3603 1812 3671 μόνῳ
1853 3620 1870 3654 ’1

2038 3601 2174 3656 Nam
2234 3604 2472 3658 secunda
2540 3605 2828 3659 mditicatio
2869 3605 3059 3675 templi
3117 3606 3308 3676 primm
3364 3607 3619 3675 praestitit

342 3704 600 3772 ἀρχιερεῖ
625 3702 1051 3771 συγκεχώρηται
1088 3698 1238 3764 ἅπαξ
1273 3698 1368 3751 τοῦ
1399 3694 1669 3750 ἐνιαυτοῦ.
1691 3693 1929 3754 Εἰκότως

2040 3702 2094 3746 et
2135 3694 2545 3763 pulchritudine
2597 3703 2651 3752 et
2681 3696 3062 3768 magnitudine
3102 3709 3155 3752 et
3189 3698 3401 3753 caeteris
3431 3699 3616 3754 omni-

343 3794 537 3860 ἔλεγεν
571 3796 599 3845 ὁ
638 3794 929 3864 προφήτης
960 3792 1006 3822 ⁷⁵
1026 3806 1039 3820 ⁸
1068 3810 1086 3842 ι
1126 3791 1235 3844 Καὶ
1263 3790 1471 3859 ἔσταιή
1505 3788 1632 3853 δόξα
1662 3786 1755 3839 τοῦ
1779 3783 1929 3837 οἴκου

1068 3810 1086 3842 ι
1126 3791 1235 3844 Καὶ
1263 3790 1471 3859 ἔσταιή
1505 3788 1632 3853 δόξα
1662 3786 1755 3839 τοῦ
1779 3783 1929 3837 οἴκου
2041 3782 2166 3837 bus.
2211 3784 2339 3837 Haec
2386 3785 2677 3842 hactenus.

344 3890 543 3945 τούτου
579 3891 611 3958 ἠ
648 3891 853 3958 ἐσχάτη
892 3889 1030 3958 ὑπὲρ
1062 3886 1159 3958 τὴν
1197 3885 1443 3956 πρώτην,
1468 3884 1618 3953 λέγει
1646 3882 1849 3952 Κύριος
1880 3897 1924 3931 ι.
1968 3877 2081 3931 Καὶ
2115 3878 2225 3951 γὰρ
2260 3881 2292 3948 ὴ
2329 3876 2376 3948 β’
2418 3881 2678 3952 οἰκοδομὴ
2736 3880 2877 3952 αὕτη
2939 3881 3033 3934 τοῦ
3086 3879 3214 3934 ναοῦ
3260 3880 3617 3954 λαμπροτέρα

343 3984 543 4049 γέγονε
574 3981 673 4049 τῆς
741 3976 966 4050 πρώτης
992 3977 1072 4041 εἷς
1098 3996 1157 4030 τε
1223 3978 1415 4041 κάλλος
1439 3979 1531 4031 καὶ
1559 3974 1786 4047 μέγεθος
1813 3970 1907 4025 καὶ
1925 3968 1994 4021 τὰ
2022 3969 2185 4025 λοιπὰ
2216 3974 2418 4027 πάντα.
2460 3974 2572 4026 Καὶ
2618 3972 2791 4027 ταῦτα
2835 3974 2937 4044 μὲν
2969 3972 3167 4037 οὕτως.

429 4054 596 4143 203
630 4072 710 4144 (6)
744 4073 901 4125 Μετὰ
928 4073 985 4125 δὲ
1016 4073 1235 4125 ταῦταὸ
1268 4070 1519 4141 βασιλεὺς
1551 4071 1774 4140 Δαρεῖος
1817 4068 1941 4117 ὲπι-

2112 4063 2323 4120 Deinde
2371 4081 2466 4119 rex
2516 4065 2714 4118 Darius
2773 4064 2939 4118 variis
2986 4078 3111 4117 cum
3163 4063 3417 4133 gentibus
3477 4063 3618 4121 bella

348 4166 702 4237 στρατεύσας
746 4163 888 4234 μετὰ
937 4163 1213 4233 διαφόρων
1247 4162 1441 4227 ἐθνῶν,
1465 4162 1666 4231 Συρίαν
1704 4158 1802 4229 μὲν
1844 4155 1940 4208 καὶ

2040 4156 2228 4225 gessit,
2257 4165 2311 4210 et
2343 4155 2581 4225 Syriam,
2624 4154 2960 4209 thniciam
2988 4168 3287 4222 omnesque
3314 4155 3617 4212 maritimas

340 4258 609 4327 Φοινίκην
647 4257 744 4308 καὶ
784 4255 882 4326 τὴν
904 4255 1178 4325 παραλίαν
1199 4256 1381 4308 πᾶσαν
1414 4254 1731 4307 ὲσκύλευσε.
1762 4249 1844 4319 Τῇ
1883 4245 1941 4299 δὲ

2042 4248 2293 4314 regiones
2343 4246 2447 4302 sub
2476 4246 2682 4301 ditione
2711 4260 2809 4300 sua
2850 4245 3080 4314 redegit.
3111 4245 3389 4299 Adversus
3433 4256 3617 4302 autem

360 4346 731 4418 Ἰερουσαλὴμ
760 4344 1070 4398 ἐπανελθὼν
1096 4343 1410 4413 κατεϐλήθη
1429 4342 1521 4393 καὶ
1538 4340 1753 4393 διόλωλε
1788 4353 1939 4406 παμ-
1960 4404 1978 4418 Ι

1998 4411 2005 4418 _
2039 4336 2341 4392 Jerusalem
2384 4352 2636 4391 reversus
2672 4334 2917 4404 deiectus
2946 4345 3029 4389 cst
3076 4346 3130 4391 et
3163 4337 3343 4403 periit,
3399 4336 3616 4393 cmlitus

345 4404 573 4506 πληθεὶ,
605 4404 706 4489 τοῦ.
729 4435 863 4489 Θεοῦ
885 4434 1170 4504 θεηλάτοις
1198 4404 1361 4487 αὑτὸ-ν
1407 4433 1644 4501 πληγαῖς
1662 4431 1757 4483 καὶ
1789 4446 1927 4496 σκη-
1956 4406 1963 4463 λ

2096 4430 2252 4485 nissis
2302 4430 2474 4500 plagis
2525 4438 2578 4484 et
2618 4428 2940 4483 fulminibus
2990 4444 3280 4499 percussus
3333 4445 3455 4484 cum
3514 4431 3616 4485 mi-

344 4530 511 4590 πτοίς
529 4528 869 4592 πατάξαντος
892 4527 986 4581 καὶ
1002 4527 1101 4588 τὰς
1121 4526 1216 4578 σὺν
1233 4525 1377 4595 αὑτῷ
1400 4523 1685 4595 μυριάδας.
1704 4518 1935 4572 Κάντεῦ·

2033 4524 2191 4575 litum
2238 4521 2585 4575 multitudine
2638 4519 2865 4591 ingenti.
2899 4518 3054 4575 Tunc
3094 4521 3236 4576 Deus
3272 4522 3419 4577 dedit
3471 4521 3615 4578 hanc

350 4622 447 4675 θεν
474 4621 576 4691 μὲν
598 4620 757 4691 νίκην
781 4619 1083 4692 παράδοξον
1108 4618 1307 4672 ἔδωκεν
1330 4621 1355 4671 ὁ
1374 4618 1506 4682 Θεὸς
1523 4617 1622 4686 τὴν
1645 4618 1702 4668 ὲν
1736 4614 1933 4684 Ἰερου-

2033 4613 2336 4668 mirabilem
2381 4612 2662 4667 victoriam
2702 4610 3000 4667 Jerusalem
3042 4613 3160 4668 sine
3198 4614 3365 4668 armis
3403 4624 3454 4667 et
3492 4615 3618 4669 abs-

348 4712 561 4784 σαλὴμ,
590 4712 776 4765 ὅπλων
806 4714 899 4767 καὶ
934 4714 1115 4782 μάχης
1155 4712 1333 4774 ἐκτὸς,
1368 4708 1597 4762 πλούτου
1637 4707 1694 4760 δὲ
1723 4706 1817 4758 καὶ
1844 4704 1934 4756 λα-

2030 4722 2137 4777 que
2166 4721 2364 4776 pugna,
2395 4714 2448 4759 et
2486 4704 2633 4759 illam
2678 4705 2884 4760 divitiis
2936 4704 3355 4775 ingentibusque
3421 4705 3609 4773 spoliis

348 4804 546 4875 φύρων
602 4805 845 4874 ἀπείρων
887 4805 1147 4873 ἔπλησεν,
1195 4803 1455 4873 ἄρχοντος
1498 4799 1593 4853 τοῦ
1629 4797 1931 4869 Ζοροϐάϐελ

2034 4797 2297 4868 implevit,
2330 4796 2467 4851 duce
2496 4795 2819 4863 Zorobabel,
2856 4808 2979 4867 post
3009 4812 3171 4867 quem
3204 4797 3436 4850 nulluse
3468 4794 3608 4852 Juda

346 4896 501 4957 τότε,
540 4894 665 4965 μεθ’
692 4889 766 4947 ὧν
800 4896 847 4927 ⁷⁸
882 4895 1067 4947 οὐκέτι
1100 4894 1284 4964 ἕτερος
1311 4896 1374 4946 ὲκ
1415 4892 1507 4946 τοῦ
1539 4886 1929 4961 ’1ούδαῆρξεν,

2042 4889 2347 4960 imperavit,
2407 4891 2572 4944 duces
2619 4898 2802 4943 autem
2844 4888 2995 4942 fuere
3039 4888 3312 4957 principes
3363 4888 3614 4942 sacerdo-

347 4988 471 5040 ἀλλ’
500 4990 549 5041 ot
611 4988 889 5058 ἀρχιερεῖς
926 4988 1283 5058 ἡγεμόνευον.
1317 4985 1471 5040 Μετὰ
1513 4987 1624 5055 γὰρ
1670 4985 1771 5052 τὴν
1824 4982 1931 5035 ἀπ’)

2042 4993 2176 5039 tum.
2212 4982 2341 5037 Post
2371 4982 2515 5035 enim
2546 4982 2773 5035 reditum
2804 4995 2836 5033 a
2873 4979 3144 5049 Babylone
3172 4994 3279 5031 non
3306 4994 3338 5032 a
3372 4979 3608 5045 regibus,

348 5080 677 5142 Βαϐυλῶνος
709 5079 967 5133 ἐπάνοδον
997 5078 1184 5131 οὐκέτι
1219 5078 1480 5147 βασιλεῖς,
1513 5076 1628 5128 ἀλλ’
1656 5076 1929 5146 ἀρχιερεῖς

2044 5076 2191 5131 seda
2226 5075 2563 5144 principibus
2615 5071 2965 5127 sacerdotum
3030 5067 3201 5123 Judaei
3261 5069 3605 5136 regebantur.

348 5171 537 5225 αὐτῶν
574 5166 765 5241 ἦρχον.
798 5170 876 5238 (7)
928 5171 1021 5223 Διό
1052 5186 1218 5241 φησιν
1256 5171 1283 5221 ό
1335 5170 1507 5240 μέγας
1542 5168 1818 5231 Βασίλειος
1843 5169 1888 5201 ⁷⁸
1916 5184 1928 5197 ⁸

2043 5166 2199 5221 Unde
2248 5165 2323 5219 ait
2377 5177 2607 5232 magnus
2668 5159 2902 5215 Basilius
2936 5176 2951 5214 :
2980 5177 3000 5211 ι
3038 5158 3254 5212 'Eversa
3311 5155 3610 5211 Jerusalem

354 5262 842 5331 «Καθαιρεθιίσης
906 5262 1017 5332 γὰρ
1084 5261 1183 5330 τῆς
1252 5260 1612 5330 Ἰερουσαλὴμ
1680 5260 1784 5315 ὑπὸ
1836 5260 1930 5313 τοῦ

2040 5274 2071 5313 a
2100 5256 2629 5315 Nabuchodonosor,
2660 5251 2821 5321 periit
2861 5251 3007 5318 regia
3038 5258 3300 5318 potestas,
3356 5262 3457 5301 nec
3498 5247 3609 5312 jam

352 5352 876 5425 Νιϐουχοϐονόσωρ,
915 5354 1105 5408 λέλυτο
1166 5355 1264 5423 μὲν
1309 5354 1375 5407 τὰ
1424 5355 1693 5420 βασίλεια,
1748 5355 1931 5408 οὐκέτι

2044 5348 2330 5419 imperium
2361 5343 2684 5399 translatum
2720 5342 3052 5404 haereditate,
3084 5349 3142 5395 ut
3180 5349 3362 5402 antea,
3407 5337 3531 5392 fuit.
3565 5339 3608 5390 Α

1568 5467 1767 5529 Variae
1815 5469 2125 5529 lectiones
2160 5470 2222 5524 et
2262 5466 2453 5523 notas.

428 5589 475 5665 ’ξ
501 5608 627 5665 κατ.
657 5594 728 5665 τά
752 5593 938 5665 πηκαὶ
973 5593 1050 5665 τῷ
1079 5593 1276 5663 ὁρῶντι
1312 5593 1629 5665 νομίζεσθαι
1651 5592 2034 5665 κεχρυσῶσθαι
2063 5588 2368 5665 τὰμπάντι.
2487 5580 2620 5665 cod.
2643 5581 2745 5665 "'1
2770 5576 3464 5665 ifiﬁg5;‘C0(l-"".E®I}§

348 5660 418 5736 "_
450 5660 845 5736 agtéozpsjksv?
868 5734 905 5736 __
949 5647 1521 5736 "deuitoratotfcod.
1548 5647 1553 5711 ην
1614 5647 1959 5736 ⁷θάῖιδράσιί

2062 5661 2105 5691 ⁷⁵
2132 5659 2267 5734 Agg.
2336 5669 2393 5719 tt,
2453 5650 2539 5708 t0.
2643 5652 2688 5683 "
2720 5650 2817 5705 6v?
2891 5651 2935 5682 "
2962 5650 3061 5719 Ep.
3090 5647 3219 5705 256.
3250 5648 3354 5705 ὑπό
3380 5647 3610 5705 Basilius

346 5731 441 5785 ed.
474 5731 600 5787 Par.
652 5731 807 5788 l730.
847 5734 930 5791 lll.
954 5734 1059 5789 562
1088 5733 1306 5790 Ε--ὃϐὂ
1347 5736 1405 5792 Ω.
