4098 6208
473 286 581 351 313
1673 290 1989 351 GEORGII
2030 293 2129 350 ΗΛ
2141 294 2241 351 ΜΛ
2255 296 2481 351 ΒΤΟΗ
3606 282 3715 348 344

472 418 733 458 rorouam
767 412 893 457 sunt
924 400 1183 454 assecuti.
1223 398 1294 455 De
1316 400 1517 470 quibus
1550 403 1790 473 loquitur
1810 412 2029 458 sanctus

2145 409 2447 479 μαρτυρῖου
2490 407 2749 478 στέφανον
2781 406 3041 470 ὡσαύτως
3086 404 3413 476 ἁνεδήσαντο
3448 402 3547 470 (ι).
3583 404 3720 471 Περὶ

470 493 782 563 Gregorius.
835 491 925 545 Sic
968 490 1238 547 conclusit
1276 494 1642 549 sacerdotium
1680 510 1838 548 suum
1878 496 2029 549 divus

2147 495 2220 553 ὧν
2242 504 2268 553 ὁ
2303 501 2473 570 μέγας
2499 500 2796 572 Γρηγόριᾶς
2825 515 2988 569 φησιν
3007 516 3021 530 ο
3055 516 3073 548 ι
3104 498 3293 561 Οὕτως
3322 497 3602 549 ἀ-τέλαυσε
3620 495 3719 563 τῆς

473 584 760 638 Eleazarus
798 582 888 652 qui
916 583 1108 639 doctus
1134 593 1251 640 erat
1276 596 1329 641 et
1349 589 1609 643 docuerat
1640 590 1904 653 cwlestia,
1941 605 2029 642 nec

2150 591 2443 661 ἱερωσύνης
2481 592 2509 642 6
2535 593 2674 653 θεῖος
2711 588 2975 657 Ἐλεάζαρ
3009 587 3233 657 μυηθεὶς
3279 585 3373 638 καὶ
3405 584 3621 652 μυήσας
3651 586 3716 637 τὰ

467 684 691 728 externa
722 673 896 728 aliena
945 677 1280 745 aspersione,
1312 681 1405 733 sed
1438 696 1540 735 suo
1574 683 1841 751 sanguine
1869 682 2029 735 Israel

2147 683 2441 750 ἐπουράνια
2472 683 2564 734 καὶ
2585 682 2646 734 οὐ
2678 684 2787 743 τοῖς
2807 678 3006 743 ἔξωθεν
3030 677 3345 748 ραντισμοῖς
3366 674 3457 727 τὸν
3498 674 3717 743 Ἰσραὴλ

1673 290 1989 351 GEORGII
2030 293 2129 350 ΗΛ
2141 294 2241 353 ΜΛ
2255 296 2481 356 HTDL!

466 760 851 823 sanctiﬁcavit.
894 774 949 818 et
981 776 1152 820 morte
1196 767 1447 821 ultimum
1493 770 1810 838 mysterium
1847 768 2033 823 confe-

467 853 560 909 cit.
595 855 673 910 lta
707 857 857 925 pueri
897 858 1094 911 nedum
1124 858 1495 929 voluptatibus
1531 861 1822 926 servirent,
1856 861 2039 915 libidio

467 949 630 1005 nibus
685 950 927 1012 domitis,
983 966 1183 1022 corpus
1219 953 1578 1022 puriﬁcavere
1640 961 1693 1010 et
1748 956 1813 1010 ad
1870 955 2034 1010 vitam

467 1039 617 1095 nullo
636 1040 807 1095 dolori
834 1041 1125 1095 obnoxiam
1150 1044 1434 1098 transiere.
1458 1044 1549 1099 Sic
1579 1052 1869 1115 pereuntes
1897 1045 2037 1099 lilios

467 1132 668 1186 multos
713 1131 849 1186 vidit
902 1142 1093 1197 mater,
1142 1148 1284 1203 quae,
1336 1143 1395 1188 ut
1456 1134 1592 1189 dixit
1635 1134 1877 1204 quidam,
1930 1133 2036 1189 illis

464 1223 773 1277 viventibus
803 1222 1160 1292 gloriabatur,
1199 1226 1439 1281 moriens
1487 1241 1669 1280 secum
1702 1226 1755 1279 in
1808 1236 2033 1280 mortem

463 1314 585 1369 illos
620 1315 832 1369 indu-xit
863 1323 938 1381 et,
964 1330 1103 1385 quos
1128 1319 1332 1373 mundo
1360 1328 1644 1389 genuerat,
1672 1318 1780 1373 Deo
1814 1319 2031 1373 obtulit.

462 1404 738 1459 Attonitus
777 1405 895 1474 ipse
938 1407 1240 1463 Antiochus
1291 1410 1343 1462 in
1399 1410 1818 1465 admirationem
1856 1411 2033 1464 minas

464 1498 837 1553 commutavit.
857 1497 1041 1555 Probe
1069 1503 1251 1557 sciunt
1299 1505 1442 1558 enim
1482 1504 1667 1559 mirari
1704 1504 1953 1558 virtutem
1981 1513 2035 1557 et

462 1588 750 1645 bellatores
779 1591 998 1660 quando
1025 1593 1307 1647 recedente
1336 1594 1414 1648 ira
1454 1603 1657 1650 statum
1687 1609 1867 1649 rerum
1901 1609 2030 1648 exa-

462 1679 675 1735 minant
722 1696 787 1736 ac
830 1681 1029 1737 deinde
1082 1686 1150 1737 ab
1200 1686 1406 1751 agendo
1451 1685 1740 1741 desistunt.
1778 1685 1872 1739 His
1915 1698 2033 1740 om-

2147 773 2398 839 ἀγιάσας,
2452 772 2564 824 ἀλλ’
2594 772 2817 834 οἰκείοις
2842 770 3058 838 αἵμασι,
3084 768 3176 821 καὶ
3230 768 3462 834 ποιήσας
3496 766 3599 834 τὴν
3627 782 3715 817 τε-

2145 864 2337 932 λευτὴν
2365 863 2671 916 τελευταῖον
2706 864 3021 931 μυστήριον.
3060 858 3215 913 Οὕτω
3239 859 3333 912 καὶ
3365 859 3414 911 οἱ
3444 858 3554 910 νέοι
3588 861 3714 911 atat—

2143 954 2230 1017 δες
2268 955 2365 1024 οὐχ
2394 954 2613 1024 ἡδοναῖς
2646 953 3050 1015 δουλεύσαντες,
3089 952 3226 1004 ἀλλά
3253 952 3361 1003 τῶν
3400 952 3590 1004 παθῶν
3618 970 3716 1004 κυ-

2147 1043 2460 1114 ριεύσαντες
2489 1044 2579 1096 καὶ
2611 1044 2671 1096 τὸ
2713 1042 2868 1111 σῶμα
2894 1042 3035 1112 (55⁸)
3077 1041 3530 1108 καθαγνίσαντες,
3577 1041 3715 1109 πρὸς

2142 1138 2240 1207 τὴν
2272 1136 2455 1206 ἀπαθῆ
2483 1136 2625 1207 ζωὴν
2655 1136 3011 1205 μετέστησαν.
3050 1152 3069 1185 ι
3097 1164 3165 1174 —-
3198 1133 3412 1197 (Οὕτως
3435 1134 3711 1187 ἀπέλαυσε

2142 1226 2241 1293 τῆς
2263 1225 2619 1290 πολυτεκνίας
2647 1226 2680 1297 ἡ
2727 1228 2928 1297 μήτηρ,
2984 1225 3059 1288 ὣς
3092 1225 3226 1293 φησί
3256 1241 3361 1289 τις,
3417 1223 3590 1287 οὕτως
3619 1228 3714 1278 καὶ

2142 1317 2306 1381 ζῶσιν
2338 1316 2767 1379 ἐκαλλωπίσατο,
2796 1317 2888 1369 καὶ
2920 1312 3232 1367 ἀπελθοῦσα
3261 1314 3703 1367 συνανεπαύσατο

2140 1409 2235 1464 καὶ
2273 1408 2366 1471 οὓς
2394 1409 2649 1478 ἐγέννησε
2688 1400 2897 1479 κόσμῳ,
2926 1406 3043 1477 Θεῷ
3075 1405 3493 1475 παραστήσασα.
3538 1406 3711 1469 Ἦγά-

2141 1500 2243 1570 σθη
2278 1500 2335 1553 δὲ
2390 1501 2485 1554 καὶ
2523 1499 2794 1570 ’Δντίοχος
2852 1499 2993 1552 οὕτω
3050 1497 3369 1568 μεταϐαλὼν
3410 1497 3488 1559 είς
3524 1497 3713 1567 θαῦμα

2138 1591 2236 1661 τὴν
2271 1590 2524 1659 ἀπειλήν.
2553 1591 2732 1643 Ἰσασι
2772 1590 2881 1659 γὰρ
2926 1590 3228 1658 θαυμάζειν
3267 1588 3471 1658 ἀρετὴν
3501 1588 3713 1659 ἀνδρῶν

2139 1681 2234 1735 καὶ
2265 1681 2533 1749 πολέμιοι,
2567 1680 2717 1743 ὅταν,
2742 1679 2837 1733 τοῦ
2863 1680 3033 1750 θυμοῦ
3058 1679 3342 1749 λήξαντος,
3392 1678 3477 1746 ἐφ’
3511 1679 3716 1749 ἑαυτῆς

464 1770 626 1825 nibus
688 1787 782 1827 rex
839 1774 1047 1842 pudore
1113 1775 1336 1831 aﬂ‘cctus
1399 1788 1453 1830 et
1514 1777 1718 1848 majore
1775 1777 2029 1831 incensus

2134 1774 2165 1843 ἡ
2200 1772 2398 1841 πρᾶξις
2426 1772 2819 1844 δοκιμάζηται,
2852 1772 2993 1825 ὥστε
3020 1772 3112 1824 καὶ
3152 1771 3394 1841 ἀπῆλθεν
3426 1771 3711 1842 ἄπρακτος

463 1862 543 1913 ira
591 1875 745 1915 sacra
801 1877 931 1916 vasa
982 1864 1146 1933 cepit,
1212 1865 1329 1919 auri
1386 1865 1701 1935 argentique
1751 1864 1859 1918 vim
1927 1863 2029 1917 im-

463 1965 709 2006 mensam
765 1955 1063 2023 congessit,
1098 1967 1153 2009 et
1198 1956 1333 2011 urbe
1365 1965 1575 2011 vastata
1622 1954 2033 2026 pecudibusque

461 2042 681 2107 occisis,
734 2044 913 2099 omnia
949 2044 1096 2100 crede
1143 2047 1431 2115 complevit
1477 2058 1531 2101 et
1581 2047 1748 2101 multa
1792 2047 2031 2101 minatus

460 2133 807 2187 Antiochiam
840 2150 1093 2191 reversus
1144 2148 1229 2191 est
1258 2177 1272 2200 ,
1323 2153 1519 2207 magno
1576 2138 1762 2193 dolore
1812 2135 2031 2193 aﬂ‘octos

462 2223 601 2275 ﬁlios
630 2222 795 2279 Israel
835 2220 1170 2294 relinquens.
1207 2226 1621 2281 Doobusannis
1655 2227 1875 2297 elapsis,
1906 2241 2029 2281 cum

460 2312 644 2369 Persis
686 2315 823 2369 bella
875 2315 1060 2385 gessit,
1099 2316 1524 2387 praefectumque
1568 2318 1716 2373 misit
1757 2318 1809 2372 in
1866 2320 2030 2373 urbes

460 2403 683 2471 hirneae,
709 2408 801 2476 qui
831 2409 1112 2479 vectigalia
1143 2410 1403 2481 exigeret.
1423 2409 1522 2465 Hic
1555 2426 1756 2480 magna»
1778 2426 1900 2466 cum
1930 2410 2031 2464 ho-

462 2497 677 2551 minum
699 2498 852 2567 capia
880 2499 1102 2554 advenit
1132 2516 1432 2573 pacemque
1458 2503 1725 2557 simulans
1752 2502 2027 2556 civitatem

459 2583 761 2642 Jerusalem
793 2589 919 2645 dolo
950 2591 1228 2661 ingressus
1266 2603 1383 2659 est;
1418 2604 1471 2650 et
1512 2608 1704 2663 magna
1741 2593 1893 2647 clade
1924 2591 2025 2646 Ju-

458 2677 605 2732 deeos
678 2679 880 2747 affecit,
943 2684 1144 2738 ntmnia
1205 2683 1429 2750 evertit,
1498 2684 1796 2753 urbemque
1860 2692 2025 2737 totam

459 2769 676 2839 dejecit,
709 2770 1027 2842 diruitque;
1087 2775 1347 2843 templum
1392 2775 1620 2845 impuris
1670 2774 2028 2844 nefandisque

458 2861 743 2918 sacriﬁciis
773 2865 1037 2932 implevit,
1067 2876 1124 2922 et
1158 2876 1418 2937 negantes
1458 2867 1751 2922 simulacra
1781 2866 2024 2938 gentium

455 2952 605 3007 adire
636 2954 1048 3025 prollibitasque
1104 2972 1297 3013 carnes
1334 2958 1494 3013 edere
1524 2956 1740 3014 Iudaeos
1775 2958 2028 3014 indiscri—

457 3042 705 3098 minatim
768 3045 989 3102 occidit.
1055 3045 1377 3103 Innumeros
1449 3049 1614 3119 igitur
1664 3050 1848 3112 viros,
1906 3064 2028 3103 mu—

456 3134 615 3191 lieres
644 3150 953 3206 puerosque
982 3139 1194 3208 magnis
1222 3140 1493 3209 sevisque
1528 3140 1860 3195 cruciatibus
1894 3138 2025 3193 ali‘e-

456 3236 575 3281 ctos
605 3227 896 3294 interfecit,
930 3237 985 3285 et
1023 3232 1224 3287 multos
1255 3232 1501 3300 captivos
1542 3248 1727 3288 secum
1773 3230 2020 3298 abduxit,

456 3319 649 3376 relicto
673 3321 915 3391 principe
946 3323 1039 3392 qui
1068 3332 1293 3379 caeteros
1320 3322 1538 3379 Iudaeos
1565 3332 1801 3379 vexaret.

2134 1862 2231 1916 καὶ
2263 1862 2736 1933 άπληροφόρητος.
2775 1882 2793 1914 ι
2836 1864 2882 1894 ⁷⁸
2914 1863 2989 1936 (ἃ)
3031 1862 3152 1929 Ὑφ’
3184 1856 3257 1916 ὧν
3290 1862 3513 1933 (τοίνυν)
3545 1864 3574 1916 6
3616 1864 3710 1916 τύ-

2138 1971 2327 2022 ραννος
2358 1955 2782 2026 καταισχυνθεὶς
2808 1958 2899 2009 καὶ
2933 1955 3132 2025 μᾶλλον
3172 1955 3431 2024 ἐκμανεὶς
3474 1954 3611 2026 (καὶ)
3640 1955 3709 2009 τὰ

2138 2044 2257 2114 ἱερά
2309 2044 2477 2115 σκεύη
2503 2045 2681 2098 πάντα
2711 2047 2755 2078 ⁷⁷
2794 2045 2993 2110 λαϐὼν,
3025 2046 3225 2115 χρυσόν
3255 2062 3314 2097 τε
3338 2045 3435 2098 καὶ
3467 2044 3709 2117 ἄργυρον

2133 2135 2359 2206 ἄπειρον
2388 2136 2484 2189 καὶ
2513 2138 2693 2190 πᾶσαν
2742 2137 2842 2206 τὴν
2872 2137 3027 2190 πόλιν
3076 2136 3559 2207 λαφυραγωγήσας
3613 2137 3709 2189 καὶ

2132 2224 2199 2278 τὰ
2225 2226 2395 2295 κτήνη
2427 2228 2803 2297 κρεουργήσας
2833 2227 2928 2281 καί
2951 2227 3151 2299 πολλὴν
3174 2226 3520 2296 φονοκτονίαν
3546 2226 3708 2297 ποιή-

2136 2333 2234 2378 σας
2267 2317 2363 2369 καὶ
2395 2316 2978 2388 μεγαλορρημονήσας,
3007 2317 3356 2389 ἀνεχώρησεν
3384 2319 3462 2380 είς
3498 2316 3706 2369 Ἀντιό-

2132 2424 2284 2477 χειαν
2313 2408 2482 2477 (μέγα
2522 2408 2716 2471 πένθος
2770 2408 3103 2477 καταλείψας
3135 2412 3251 2471 τοῖς
3276 2408 3407 2471 υἱοῖς
3441 2406 3703 2478 Ἰσραήλ).

2132 2529 2199 2538 _
2236 2499 2348 2552 Καὶ
2378 2498 2515 2569 μετά
2563 2497 2607 2568 β’
2655 2499 2749 2568 ἔτη
2799 2498 2942 2554 κατά
2972 2500 3198 2570 Περσῶν
3250 2498 3705 2568 ἐπιστρατεύσας,

2130 2589 2449 2645 ἀπέστειλεν
2483 2589 2719 2659 ἄρχοντα
2745 2590 2793 2621 ⁷⁸
2829 2590 3199 2661 φορολογῆσαι
3242 2590 3340 2652 τάς
3386 2589 3571 2650 πόλεις
3607 2588 3710 2641 Ἰε-

2134 2682 2437 2752 ρουσαλήμ,
2469 2682 2527 2745 ὃς
2562 2683 3005 2753 παραγενόμενος
3029 2683 3167 2752 μετά
3194 2680 3395 2748 πολλῆς
3423 2679 3710 2748 δυνάμεως

2132 2774 2226 2825 καὶ
2258 2771 2497 2839 λαλήσας
2521 2771 2831 2840 εἰρηνικοὺς
2856 2772 3069 2840 λόγους,
3095 2771 3235 2840 μετά
3264 2770 3418 2823 δόλου
3449 2769 3588 2838 πρὸς
3611 2769 3709 2836 τὴν

2133 2864 2286 2917 πόλιν
2354 2863 2713 2934 Ἰερουσαλὴμ
2741 2864 2784 2896 ⁷⁸
2814 2862 3071 2920 εἰσελθὼν
3121 2861 3390 2927 ἐπάταξεν
3425 2861 3623 2922 αὐτοὺς
3656 2855 3708 2890 ⁸⁸

2131 2954 2312 3024 πληγῇ
2345 2954 2577 3026 μεγάλῃ,
2606 2955 2702 3007 καὶ
2722 2954 2965 3007 καθελὼν
2998 2953 3067 3006 τὰ
3087 2953 3263 3024 τείχη,
3289 2953 3471 3007 πᾶσαν
3494 2949 3706 3021 (αὐτὴν)

2133 3046 2397 3114 ἐνέπρησε
2438 3045 2602 3114 210
2629 3043 2742 3113 (καὶ
2770 3046 3155 3115 κατέστρεψε),
3208 3043 3386 3097 καὶτὸ
3425 3043 3525 3111 μὲν
3560 3040 3704 3111 ἱερὸν

2051 3102 2096 3164 C
2140 3102 2419 3204 (ἀσωτίαις
2438 3102 2819 3206 ἷᾶῑμιαραΐς
2849 3102 3068 3198 θυσίαι-ς.
3083 3102 3469 3206 ἀνεπλήρωσεν
3490 3134 3555 3197 ⁸⁸,
3576 3102 3707 3197 τοὺς

2134 3227 2190 3280 δὲ
2228 3226 2300 3297 μὴ
2336 3228 2836 3297 προσαιρουμένους
2892 3227 2997 3280 τῶν
3042 3227 3310 3281 Ἰουδαίων
3362 3222 3705 3293 μεταϐαίνειν

2130 3322 2208 3381 εἰς
2241 3319 2307 3372 τὰ
2349 3319 2635 3387 Ἐλληνικά
2663 3320 2707 3353 ⁸⁸
2750 3323 2842 3373 καὶ
2872 3319 2978 3372 τῶν
3008 3320 3282 3390 ἀθεμίτων
3309 3314 3701 3384 ἀπογεύεσθαι,

456 3412 689 3479 ἀφειδῶς
725 3417 1090 3471 κατέκτεινεν.
1127 3417 1360 3483 Πολλοὺς
1432 3412 1524 3472 οὖν
1561 3418 1783 3487 (ἄνδρας
1831 3419 1925 3470 καὶ
1992 3416 2256 3485 γυναῖκας
2292 3416 2384 3467 καὶ
2452 3416 2649 3479 παῖδας
2711 3415 2848 3484 μετὰ
2883 3415 3092 3469 πολλῶν
3126 3415 3223 3469 καὶ
3246 3415 3498 3485 χαλεπῶν
3538 3410 3704 3466 κολάυ

458 3514 619 3578 σεων)
649 3512 853 3567 ἀνελὼν
886 3513 1002 3583 (καὶ
1065 3513 1258 3577 ἀλλους
1307 3512 1779 3585 αἱχμαλωτεύσας)
1824 3510 2056 3579 ἀπῆλθε,

454 3599 656 3666 δαίους.

829 3748 912 3802 Cl.
955 3749 1029 3802 De
1058 3748 1325 3804 sacerdote
1358 3748 1682 3804 M’alhathia.

535 3862 863 3918 Mathatbias
908 3863 1129 3934 quidam
1181 3863 1437 3919 sacerdos
1467 3864 1554 3917 cui
1601 3861 1844 3932 quinque
1878 3869 2033 3913 erant

457 3955 578 4021 ﬁlii,
609 3957 751 4012 inter
778 3971 918 4025 quos
947 3955 1118 4011 ludas
1142 3955 1501 4019 Maccabaeus,
1530 3955 1646 4009 zelo
1688 3964 1872 4024 raptus
1901 3952 2033 4007 ado-

456 4053 599 4106 ritur
652 4048 1001 4120 przefectum;
1048 4062 1158 4119 quo
1213 4046 1523 4111 interfecto,
1573 4054 1863 4115 congregat
1912 4061 2030 4099 om-

457 4156 553 4199 nes
594 4156 724 4198 suos
777 4150 833 4196 et
880 4140 1066 4212 dejicit
1108 4141 1290 4196 omnia
1336 4140 1550 4210 impura
1596 4140 1838 4211 gentium
1887 4140 2025 4193 alta-

454 4234 572 4296 ria,
644 4233 953 4303 occiditque
1012 4231 1186 4303 legum
1258 4239 1604 4301 paternarum
1693 4230 2019 4285 desertores.

2137 3509 2373 3580 ἅρχοντα
2436 3510 2753 3565 καταλιπὼν
2803 3513 2883 3575 είς
2934 3511 2996 3565 τὸ
3047 3510 3360 3581 βασανίζειν
3397 3512 3524 3575 τοὺς
3570 3511 3707 3564 Ἰον-

2326 3745 2446 3797 PA’.
2484 3743 2619 3811 Περὶ
2650 3744 2757 3798 τοῦ
2795 3743 3168 3798 Ματθατθίου
3194 3742 3392 3811 ἱερέως
3425 3742 3493 3797 ⁸³.

2200 3857 2243 3887 ⁸⁸
2271 3858 2518 3919 Ματθίας
2546 3858 2602 3910 δέ
2633 3876 2714 3921 τις
2763 3858 2965 3928 ἱερεὺς,
3014 3857 3153 3927 ἔχων
3202 3858 3352 3920 υἱοὺς
3386 3853 3448 3918 ε’,
3502 3855 3595 3925 ἀφ’
3627 3848 3705 3908 ὧν

2141 3947 2340 4011 Ἰούδας
2378 3950 2404 4001 6
2456 3948 2810 4009 Μακκαϐαῖος
2846 3948 3164 4017 ἐτύγχανεν.
3217 3946 3381 4019 ζήλου
3440 3946 3705 4017 πλησθεὶς

2132 4037 2224 4089 καὶ
2249 4038 2496 4107 ὁρμήσας
2528 4038 2668 4091 κατὰ
2710 4037 2804 4091 τοῦ
2836 4037 3117 4109 ἄρχοντος,
3166 4037 3376 4090 ἀνεῖλεν
3414 4038 3576 4090 αυτὸν
3610 4039 3706 4091 καὶ

2131 4129 2452 4199 συναγαγὼν
2477 4132 2722 4195 ἅπαντας
2749 4131 2874 4194 τοὺς
2914 4130 3041 4201 περὶ
3079 4130 3263 4195 αὑτὸν,
3296 4131 3587 4201 ἐπέρχεται
3610 4132 3707 4183 καὶ

2128 4224 2505 4277 κατασκάπτει
2554 4225 2679 4287 τοὺς
2706 4223 3053 4293 ἀκαθάρτους
3099 4222 3317 4293 βωμοὺς
3346 4224 3455 4277 τῶν
3510 4222 3707 4293 Ἑλλήι

450 4324 589 4379 Cum
644 4324 1016 4381 tumultuatim
1063 4339 1094 4380 e
1140 4321 1430 4379 Persarum
1475 4336 1643 4391 regno
1672 4321 1849 4376 victus
1878 4321 2020 4374 redi-

2125 4333 2249 4380 νων,
2302 4317 2394 4369 καὶ
2445 4318 2567 4380 τοὺς
2611 4316 3051 4378 ἀποστατοῠντας
3107 4316 3159 4348 ⁸³
3186 4316 3279 4368 τοῦ
3335 4316 3503 4384 νόμου
3549 4318 3706 4369 ἀναι-

452 4424 535 4471 ret
604 4416 902 4474 Antiochus
934 4455 957 4480 ,
1002 4416 1199 4473 defecit
1255 4416 1438 4471 animo
1495 4422 1655 4485 atque
1709 4412 2025 4485 proceribus

453 4506 592 4559 dixit
625 4520 640 4555 :
688 4524 707 4557 ι
746 4505 990 4562 Recessit
1038 4522 1266 4565 somnus
1298 4508 1367 4562 ab
1412 4506 1586 4561 oculis
1616 4505 1773 4566 meis,
1809 4512 1864 4559 et
1889 4517 2025 4557 con-

452 4594 584 4659 cidi,
614 4600 667 4647 et
699 4605 903 4663 aegroto
933 4611 1043 4663 pra:
1081 4596 1465 4651 sollicitudine.
1506 4592 1664 4649 Nunc
1700 4608 1826 4648 vero
1862 4593 2024 4647 remi-

450 4687 638 4743 niscor
672 4684 936 4739 malorum
984 4700 1105 4753 quae
1151 4685 1254 4740 feci
1296 4686 1352 4740 in
1393 4685 1764 4741 Jerusalem...
1824 4698 2026 4753 cogno-

453 4779 503 4831 vi
550 4774 678 4847 quia
736 4782 1020 4844 propterea
1073 4773 1397 4829 invenerunt
1441 4788 1527 4827 me
1573 4774 1715 4827 mala
1768 4774 1871 4827 ista
1914 4789 1927 4826 :
1973 4780 2029 4827 et

450 4883 580 4923 ecce
643 4882 806 4936 pereo
835 4866 891 4921 in
922 4875 1068 4921 terra
1100 4864 1297 4920 aliena.
1332 4883 1352 4917 ι
1387 4862 1453 4918 Et
1486 4864 1654 4933 jussit
1683 4878 1842 4919 suum
1874 4863 2024 4917 auri-

453 4971 579 5025 gam
632 4956 779 5012 nulla
831 4956 1155 5027 interposita
1202 4970 1351 5010 mora
1403 4970 1629 5010 cursum
1686 4954 2028 5020 accelerare;

455 5063 580 5101 nam
646 5049 993 5105 vehementer
1052 5048 1243 5119 judicii
1322 5046 1562 5103 cmleslis
1618 5060 1834 5117 poenam
1897 5061 2022 5101 sen-

2130 4412 2214 4479 ρεῐ
2240 4411 2305 4463 ⁸⁸.
2328 4408 2405 4482 (2)
2440 4409 2498 4464 '0
2524 4410 2580 4462 δέ
2612 4428 2674 4479 γε
2700 4409 2973 4481 Ἀντίοχος
3011 4409 3274 4480 ἀκόσμως
3303 4426 3362 4463 τε
3393 4410 3490 4464 καὶ
3538 4413 3706 4482 ἡττη-

2129 4504 2287 4575 μένος
2312 4505 2375 4558 ὲκ
2396 4502 2503 4557 τῶν
2528 4504 2574 4537 ⁸⁷
2605 4503 2745 4557 κατά
2777 4503 3037 4572 Περσίδος
3068 4503 3251 4556 τόπων
3277 4502 3377 4574 τὴν
3415 4501 3705 4566 ἀνάζευξιν

2127 4596 2465 4665 ποιούμενος,
2500 4595 2635 4667 (καὶ)
2669 4596 2732 4649 ὲκ
2776 4594 2980 4665 πολλῆς
3037 4594 3277 4664 ἀθυμίας
3336 4595 3705 4666 ἀρρωστήσας

2125 4688 2228 4760 ἔφη
2253 4689 2387 4760 πρὸς
2400 4689 2525 4753 τοὺς
2550 4688 2742 4742 ἑαυτοῦ
2762 4688 2807 4719 ⁸⁸
2835 4688 3169 4757 μεγιστᾶνας
3191 4702 3205 4717 °
3237 4705 3257 4740 ι
3281 4688 3595 4755 Ἀφίσταται
3624 4682 3697 4755 [6]

2136 4779 2303 4843 ὕπνος
2350 4780 2458 4833 ἀπὸ
2490 4780 2597 4832 τῶν
2617 4779 2910 4850 ὀφθαλμῶν
2944 4797 3068 4849 μου,
3122 4778 3217 4832 καὶ
3254 4778 3630 4847 συμπέπτωκε).
3650 4774 3696 4805 ⁸⁸

2124 4870 2231 4924 ἀπὸ
2261 4872 2361 4940 τῆς
2384 4871 2678 4941 μερίμνης.
2697 4901 2766 4911 -
2794 4870 2889 4923 νῦν
2920 4867 3017 4924 οὖν
3046 4871 3360 4940 μνήσκομαι
3389 4867 3434 4900 ⁸⁸
3456 4865 3566 4919 τῶν
3597 4882 3700 4917 κα-

2125 4960 2235 5013 κῶν
2281 4956 2357 5013 ὧν
2398 4960 2632 5031 ἐποίησα
2674 4963 2732 5015 ὲν
2782 4961 3137 5032 Ἰερουσαλήμ
3173 4977 3189 4993 ⁸
3220 4989 3289 5001 -—
3328 4959 3500 5026 ἔγνων
3525 4957 3595 5022 ’⁸,
3618 4958 3702 5009 ὅτι

2126 5051 2286 5123 χάριν
2315 5053 2526 5106 τούτων
2565 5046 2724 5123 εὗρον
2759 5054 2804 5086 ⁹¹
2832 5054 2903 5106 τα
2944 5053 3092 5108 κακά
3123 5051 3317 5106 ταῦτα.
3349 5049 3486 5105 ’1δοῦ
3534 5048 3703 5102 ἀπόλ-

1642 5190 1839 5252 Variee
1879 5189 2185 5253 lectiones
2215 5199 2277 5253 et
2322 5200 2507 5256 notae.

523 5360 568 5391 τι
596 5358 727 5413 Ced.
759 5357 863 5412 286
887 5353 1171 5418 eti-287,8.
1249 5356 1289 5385 ’τ
1327 5374 1386 5410 π.
1424 5373 1509 5407 σκ.
1537 5353 1667 5410 Ced.
1744 5355 1786 5385 τε
1813 5354 2029 5424 ἄρχοντε

2125 5356 2242 5408 rod.
2288 5372 2315 5409 a
2354 5358 2523 5423 prima
2549 5375 2644 5423 nt.,
2684 5360 2777 5413 sed
2817 5360 2886 5413 cf.
2933 5360 2948 5412 l
2990 5360 3157 5415 Macc.
3201 5360 3356 5420 1.29.
3392 5358 3492 5422 τὰς
3522 5358 3702 5419 πόλεις

451 5430 575 5483 cod.
669 5429 713 5460 "
750 5429 842 5481 καί
905 5425 1028 5480 add.
1071 5425 1203 5479 ϐοά.

450 5498 648 5551 θυσιῶν
703 5495 966 5564 ἐνέπλησε
1035 5496 1164 5551 ϐοά.
1240 5496 1284 5528 ⁸⁸
1316 5496 1351 5549 'l
1414 5494 1721 5564 Ἐλληνὶσαι
1766 5495 1881 5560 ἀφ’.
1913 5495 2043 5549 Ced.
2120 5495 2166 5527 ⁸³
2217 5494 2453 5552 llubrica
2486 5500 2535 5550 in
2558 5494 2749 5553 codice
2779 5502 2954 5555 dceSI.
3054 5501 3100 5532 “
3147 5500 3243 5554 162
3267 5494 3697 5570 (5035)-ὲ-ϐρά.

450 5567 757 5629 287.943;
810 5566 1030 5621 lMacc.
1086 5582 1145 5628 tt.
1187 5565 1248 5621 Ἴ.
1354 5566 1399 5601 ⁸⁸
1435 5566 1771 5635 ἀποστάντες
1793 5564 1925 5621 Ced.
2016 5564 2060 5597 “
2101 5567 2120 5618 1
2164 5565 2332 5621 Macc.
2373 5582 2441 5630 vt,
2490 5568 2856 5635 1οο15;(]εά.
2885 5569 3009 5631 287.
3055 5570 3250 5626 15-19.
3332 5570 3385 5602 ⁸⁷
3411 5571 3473 5623 ὲκ
3507 5569 3604 5633 τῆς
3632 5566 3697 5635 [Ι.

449 5567 757 5629 287.9-15;
810 5566 1030 5621 lMacc.
1086 5582 1145 5628 tt.
1187 5565 1248 5621 Ἴ.
1354 5566 1399 5601 ⁸⁸
1435 5566 1771 5628 ἀποστάντες
1793 5564 1925 5621 Ced.

454 5638 553 5708 τὴν
576 5637 943 5708 ὑποστροφήν.
1030 5636 1074 5668 ⁸⁸
1110 5638 1344 5708 οξκε-ίους
1384 5633 1576 5708 ἑαυτοῦ
1604 5634 1731 5691 Ced.

451 5702 575 5764 add.
605 5702 774 5757 Haec.
890 5706 933 5735 "
969 5722 1031 5771 με
1066 5706 1188 5757 add.
1223 5706 1241 5757 l
1274 5705 1480 5759 Macch.

1303 5426 1349 5497 θ’
1395 5427 1578 5497 οιὲτφῖς
1612 5425 1785 5497 πληγοι
1832 5425 2024 5497 μετριλς

2125 5426 2173 5497 [1,.
2204 5427 2375 5497 αὐτὴν
2425 5428 2516 5482 πλ.
2556 5446 2615 5497 μ.
2655 5428 2784 5482 Ced.
2817 5444 2876 5484 ut
2905 5430 3174 5491 IMacc.t.
3212 5430 3300 5484 '50.

1826 5635 1871 5667 "
1892 5637 1955 5706 τῇ
1986 5636 2180 5708 καρδίᾳ
2217 5637 2231 5690 Ι
2271 5636 2439 5692 Macc.
2520 5639 2563 5671 ὀ
2588 5637 2683 5692 νῦν
2709 5638 2765 5692 δὲ
2800 5642 3176 5712 μιμνήσκομαι
3207 5640 3228 5695 Ι
3265 5639 3431 5695 Flacc.

3407 5429 3449 5460 "
3489 5427 3701 5495 μιαρῶν

3054 5501 3100 5532 ει
3147 5500 3243 5554 :62
3267 5498 3453 5570 (5035)
3475 5526 3542 5538 --
3567 5498 3698 5570 Ceﬂ.

3528 5640 3571 5671 "
3604 5633 3700 5689 οὖν
