4048 6212
346 316 429 378 357
1499 318 1909 384 CHRONICOE

2008 344 2071 355 -
2114 320 2259 382 LIB.
2296 320 2415 381 III.

3479 328 3586 390 358

344 445 504 484 κειται
560 430 681 500 (καὶ
734 432 898 495 αὐτὸς
956 434 1254 504 προσδοκία
1303 433 1539 505 ἐθνῶν),
1567 453 1585 488 ι
1617 436 1675 498 ὃς
1701 436 1849 488 ἐστιν
1879 434 1907 486 6

2009 432 2274 503 gentium,
2298 452 2318 486 ι
2357 432 2451 504 qui
2476 440 2559 489 est
2598 432 2869 491 Christus.
2904 433 2983 490 Ex
3017 450 3126 506 quo
3154 437 3298 493 enim
3321 437 3585 505 Herodes.

344 522 581 594 Χριστός.
634 522 851 595 Ἐπειδὴ
886 524 995 595 γὰρ
1045 526 1208 589 αὐτὸς
1237 529 1265 581 6
1307 526 1572 597 Ἡρώδης,
1607 527 1907 597 ἀλλόφυλος

344 612 565 683 eum)
621 613 988 686 περιτμηθεὶς
1011 616 1078 683 ⁸⁸,
1148 612 1281 687 ἦρξε
1346 618 1455 672 τῶν
1512 618 1783 672 Ἰουδαίων
1812 619 1907 673 καὶ

344 705 589 775 ἀρχιερέα
620 705 961 776 κατέστησεν
992 707 1255 779 ἀλλογενῆ
1280 710 1373 763 τὸν
1418 710 1718 775 ’Δνὰνιλον,
1744 711 1907 773 εὐθὺς

344 796 563 865 ἐπαύθη,
600 797 742 849 κατά
797 796 896 868 τὴν
952 798 1103 852 θείαν
1158 802 1487 872 πρόρρησιν,
1542 804 1577 873 ή
1624 803 1683 869 ἐξ
1735 802 1905 856 ’ἰούδα

342 888 466 958 ἀρχὴ
500 887 664 958 μέχρι
693 888 813 940 τότε
848 890 1197 960 κρατήσασα·
1228 892 1277 943 οι
1302 891 1410 962 γὰρ
1435 893 1600 961 ἱερεῖς
1639 895 1905 965 προεστή-

344 978 528 1031 κασιυ
590 980 699 1031 τῶν
763 980 1105 1048 πραγμάτων
1158 982 1321 1051 ἄχρις
1373 976 1437 1037 οὗ
1490 984 1814 1053 Πομπήϊος,
1877 985 1904 1035 6

353 1067 628 1138 Ῥωμαίων
687 1070 1016 1138 στρατηγὸς,
1072 1071 1324 1136 ἐπιστὰς,
1356 1072 1457 1143 τὴν
1496 1072 1597 1143 μὲν
1632 1073 1903 1144 Ἰερουσα-

342 1158 440 1228 λὴμ
489 1158 633 1211 κατά
688 1160 891 1227 κράτος
940 1159 1222 1231 πολιορκεῖ
1239 1162 1305 1225 ⁸⁸,
1340 1164 1542 1231 μιαίνει
1575 1163 1630 1217 δὲ
1668 1163 1736 1217 τά
1774 1165 1905 1231 ἅγια

347 1251 476 1319 (ἄχρι
502 1250 612 1302 τῶν
638 1250 849 1304 ἀδύτων
905 1251 1164 1305 εἰσελθὼν
1201 1253 1297 1306 τοῦ
1325 1254 1366 1306 Is
1378 1254 1520 1323 ροῦ).
1553 1255 1673 1307 Τῶν
1696 1255 1753 1307 δέ
1771 1254 1818 1285 ⁸³
1840 1257 1905 1307 ἐκ

339 1339 424 1409 τῆς
493 1341 784 1409 προγόνων
855 1340 1108 1412 διαδοχῆς
1169 1344 1365 1414 μέχρις
1436 1345 1647 1398 ἐκείνου
1706 1344 1902 1415 καιροῦ

338 1429 760 1498 διαρκεσάντων,
818 1432 1042 1501 βασιλέα
1068 1450 1128 1485 τε
1160 1435 1295 1503 ὁμοῦ
1336 1436 1431 1488 καὶ
1462 1436 1721 1507 ἀρχιερέα
1758 1437 1904 1507 Ἀρι-

338 1522 617 1573 στόὸουλον
652 1563 665 1587 ,
725 1522 949 1593 δέσμιον
1000 1525 1135 1586 sic“
1188 1525 1409 1595 Ῥώμην
1469 1527 1765 1597 ἐκπέμψας
1810 1529 1899 1591 ⁸⁸,

347 1610 604 1682 Ὑρκανὸν
632 1652 646 1677 ,
695 1613 785 1667 τὸν
842 1614 1254 1683 Ἀριστοϐούλου
1302 1616 1568 1686 ἀδελφὸν,
1632 1619 1903 1684 ἀνέδειξεν

335 1704 587 1773 ἀρχιερέα
610 1704 679 1759 ⁸⁸.
712 1706 789 1775 (2)
817 1699 986 1769 Οὗτος
1008 1707 1063 1759 δὲ
1096 1708 1281 1777 φιλίαν
1315 1704 1428 1779 εἶχε
1467 1710 1605 1780 πρὸς
1643 1711 1903 1765 Ἀντίπα-

2013 524 2319 595 alienigena
2348 533 2403 579 et
2432 525 2799 581 circumcisus
2820 566 2834 592 ,
2867 541 3031 596 super
3071 525 3285 582 Iudaeos
3319 530 3585 599 regnavit,

2008 623 2063 668 et
2140 615 2435 670 Auanilum
2497 616 2857 685 alienigenam
2913 632 3186 673 summum
3244 622 3583 678 sacerdotem

2009 706 2310 772 constituit,
2345 708 2530 763 statim
2567 708 2816 773 cessavit,
2843 709 3141 763 secundum
3174 710 3413 765 divinam
3444 728 3578 781 pra:-

2008 797 2301 851 dictionem
2329 836 2346 864 ,
2397 799 2709 855 dominatus
2753 816 2815 854 ex
2856 798 2995 854 Juda
3053 802 3147 871 qui
3202 818 3370 872 usque
3415 804 3483 857 ad
3531 804 3585 859 id

2007 890 2272 958 temporis
2312 891 2691 959 praevaluerat.
2726 890 3053 947 Sacerdotes
3086 894 3231 946 enim
3261 908 3444 946 rerum
3488 910 3584 963 po-

2008 979 2089 1033 titi
2116 988 2263 1046 sunt,
2281 981 2453 1036 donec
2482 981 2795 1051 Pompeius,
2825 982 3196 1038 Romanorum
3233 984 3368 1050 dux,
3393 1001 3585 1053 super-

2008 1068 2249 1132 veniens,
2288 1066 2589 1124 Jerusalem
2625 1072 2673 1122 vi
2704 1083 3016 1140 expugnat,
3046 1082 3101 1126 et
3141 1085 3325 1127 sancta
3370 1075 3583 1142 polluit,

2006 1174 2176 1229 usque
2202 1159 2255 1212 in
2297 1162 2671 1215 sanctuarium
2712 1164 2897 1231 templi
2947 1163 3253 1233 ingressus.
3298 1164 3433 1217 Cum
3457 1180 3586 1233 ergo

2007 1250 2321 1305 sacerdotes
2361 1252 2501 1306 avita
2541 1255 2888 1309 successione
2920 1255 2985 1309 ad
3036 1254 3089 1308 id
3138 1262 3354 1323 tempus
3403 1270 3585 1323 perse-

2008 1350 2332 1406 verassent,
2397 1340 2713 1411 Pompeius,
2764 1343 3084 1398 Aristobulo
3139 1360 3267 1414 rege
3317 1345 3480 1398 simul
3531 1352 3586 1397 ct

2005 1445 2220 1484 summo
2262 1434 2541 1486 sacerdote
2583 1434 2637 1486 in
2690 1434 2900 1489 vincula
2933 1436 3218 1504 conjecto,
3253 1445 3311 1490 et
3352 1438 3582 1491 Romam

2006 1521 2198 1583 misso,
2252 1518 2590 1588 Hyrcanum,
2642 1521 2947 1576 Aristobuli
3004 1523 3250 1587 fratrem,
3304 1539 3577 1578 summum

2006 1610 2349 1664 sacerdotem
2382 1612 2697 1666 declaravit.
2734 1614 2834 1668 Hic
2857 1625 3038 1669 autem
3067 1617 3363 1670 amicitiam
3389 1617 3582 1670 habuit

2016 1715 2140 1754 cum
2174 1701 2467 1768 Antipatro
2516 1703 2827 1757 Ascalonite
2852 1743 2867 1771 ,
2900 1704 3149 1767 .llerodis
3196 1715 3374 1774 patre,
3423 1722 3583 1776 quem

332 1795 449 1863 τρόν
475 1772 599 1847 τινα
636 1772 1062 1867 Ἀσκαλωνίτην,
1105 1772 1212 1853 *τὸν
1265 1772 1483 1870 πατέρα
1511 1772 1811 1873 λιίρώδου,
1842 1804 1903 1856 ὃν

2008 1789 2241 1860 regionis
2262 1790 2445 1858 posuit
2470 1800 2902 1858 procuratorem.
2938 1792 3177 1847 Herodes
3196 1772 3408 1859 autem,
3438 1772 3583 1850 iilius

335 1885 665 1953 κατέστησεν
696 1886 994 1956 ἐπίτροπον
1024 1888 1126 1959 τῆς
1171 1890 1381 1960 χώρας.
1401 1888 1511 1944 Ἦν
1540 1893 1597 1945 δὲ
1633 1894 1899 1964 Ἡρώδης,

330 1976 357 2025 6
381 1976 490 2038 υἱὸς
526 1977 716 2042 αὑτοῦ,
773 1978 955 2041 ἱκανὸς
1006 1980 1142 2047 πρὸς
1193 1984 1517 2053 πράγματα,
1549 1985 1645 2039 καὶ
1677 1984 1904 2048 πολλοὺς

330 2064 637 2136 ληστάρχας
692 2070 1093 2124 κατέστειλείτ.
1121 2072 1200 2142 (ὅ)
1260 2073 1368 2126 Τοῦ
1395 2074 1450 2126 δέ
1496 2075 1765 2145 Ὑρκανοῦ
1801 2075 1905 2128 ὑπὸ

332 2157 563 2226 Πάρθων
596 2160 1156 2229 αἰχμαλωτισθέντος,
1217 2164 1310 2217 καὶ
1354 2164 1713 2238 Ἀντιπάτρου
1753 2167 1902 2220 δολο-

330 2249 677 2317 φονηθέντος,
705 2252 797 2303 καὶ
832 2253 1059 2322 μηδενὸς
1090 2253 1241 2318 ὄντος
1275 2253 1367 2307 τοῦ
1396 2256 1753 2325 ἀντεχομένου
1797 2259 1903 2310 τῶν

329 2342 694 2411 πραγμάτων,
748 2345 1063 2415 ἐπεπήδησε
1097 2348 1162 2415 τῇ
1193 2346 1335 2415 ἀρχῇ
1367 2346 1395 2397 ὁ
1437 2345 1683 2416 Ἡρώδης
1750 2349 1900 2409 παῖς,

328 2432 499 2485 πολλὰ
552 2437 810 2504 χρήματα
865 2436 989 2500 δοὺς
1039 2438 1152 2498 τοῖς
1192 2435 1487 2505 Ῥωμαίοις
1527 2436 1631 2489 ὑπὸ
1663 2436 1904 2489 σπονδῶν

325 2524 505 2576 αὐτῶν
524 2524 571 2555 ⁸⁸
598 2527 913 2595 γενόμενος.

326 2639 491 2709 220
556 2641 657 2693 PI'.
694 2641 1041 2710 Αὔγουστος
1089 2645 1121 2694 ό
1175 2642 1477 2707 ,ϐασιλεὺς
1536 2642 1770 2711 ἀπάρας
1812 2644 1905 2710 εις

909 2712 1215 2780 Αἴγυπτον
1250 2712 1316 2763 δ’.

398 2848 468 2877 η’
506 2846 822 2913 Αὐγούστου
885 2848 993 2915 γὰρ
1055 2848 1340 2919 Καίσαρος
1365 2849 1679 2920 ἀπάραντος
1703 2853 1783 2912 είς
1808 2849 1905 2903 Αἵ·

326 2954 537 3005 γυπτον
567 2937 709 3006 μετά
740 2940 1002 3009 στρατιᾶς
1035 2939 1117 2992 ὅτι
1154 2940 1390 3009 μάλιστα
1421 2941 1683 3010 πλείστης
1713 2943 1793 3003 είς
1815 2941 1906 2993 τὸν

325 3029 469 3082 κατά
530 3030 887 3101 Κλεοπάτρας
938 3031 1083 3101 (53⁸)
1135 3032 1389 3103 πόλεμον,
1429 3035 1509 3095 εἰς
1540 3034 1607 3102 ἢν
1645 3032 1905 3103 περιέστη

324 3121 391 3174 τὰ
411 3122 512 3192 τῆς
538 3124 712 3193 ἀρχῆς
737 3123 1038 3190 Αἰγύπτου,
1074 3124 1265 3193 γένους
1297 3124 1592 3195 μένιοῦσαν
1628 3126 1735 3178 τῶν
1766 3126 1904 3177 Πτο-
1931 3104 1974 3164 (ἶ

326 3211 592 3280 λεμαίων,
656 3213 973 3282 ὑπήντησεν
1000 3215 1150 3285 αὐτῷ
1196 3215 1445 3285 Ἡρώδης
1477 3217 1732 3285 παρέχων
1754 3215 1904 3283 αὐτῷ

322 3304 387 3357 οὐ
418 3303 519 3374 τὴν
550 3303 824 3375 τυχοῦσαν
856 3305 1206 3377 λειτουργίαν
1239 3309 1295 3359 ἐν
1321 3310 1431 3369 τοῖς
1448 3309 1495 3340 ⁸ο
1532 3308 1905 3379 στρατεύμασι

324 3398 422 3448 καὶ
451 3396 804 3465 ἀναλώμασι.
824 3397 1243 3468 Χειρωσάμενος
1271 3399 1329 3451 δὲ
1354 3398 1453 3469 τὴν
1471 3400 1510 3431 ⁹¹
1548 3400 1905 3469 Κλεοπάτραν

320 3489 401 3558 τῷ
433 3491 492 3543 ιδ’
525 3489 640 3541 ἔτει
674 3488 774 3557 τῆς
816 3488 1093 3557 βασιλείας
1124 3489 1317 3553 αὑτοῦ,
1347 3491 1780 3560 ἐπανερχόμενος
1810 3491 1901 3541 ἐπὶ

320 3581 424 3650 τὴν
461 3579 685 3650 ’Βώμην
706 3580 782 3643 ὡς
812 3581 1155 3649 εὐνοήσαντα
1209 3581 1299 3633 τὸν
1344 3581 1593 3650 Ἡρώδην
1621 3581 1758 3649 μετά
1807 3582 1905 3649 τῆς

317 3674 454 3743 ὅλης
486 3672 800 3742 συγκλήτου
829 3673 1182 3725 ἀναδείκνυσι
1243 3672 1466 3743 βασιλέα
1491 3674 1589 3743 τῆς
1623 3672 1902 3737 Ἰουδαίας,

315 3766 581 3836 περιθεὶς
643 3765 793 3835 αύτῷ
813 3766 872 3819 τὸ
900 3766 1161 3837 διάδημα.
1191 3765 1378 3828 Οὕτως
1428 3766 1628 3828 ἐπιὸἀς
1662 3767 1775 3827 τοῖς
1811 3765 1908 3818 Ἰε-

317 3858 700 3929 ροσολύμοις,
760 3859 855 3910 καὶ
921 3858 1031 3911 τῶν
1097 3856 1372 3910 Ἰουδαίων
1430 3858 1504 3929 μὴ
1566 3857 1907 3928 βουλομένων

310 3951 587 4016 δέξασθαι
656 3950 821 4004 αύτδν
864 3951 941 4015 ὠς
981 3950 1308 4018 ἀλλόφυλον,
1372 3950 1601 4015 πολλοὺς
1637 3950 1697 4014 ἐξ
1727 3951 1907 4003 αὐτῶν

310 4043 667 4113 κατέσφαξε,
698 4044 1182 4115 λαφυραγωγήσας
1220 4043 1321 4113 τὴν
1352 4043 1505 4096 πόλιν
1541 4045 1635 4097 καὶ
1662 4048 1720 4095 τὸ
1741 4045 1904 4112 ἱερὸν,

313 4138 587 4207 πονηρῶς
634 4136 691 4190 δὲ
737 4139 1080 4208 χρησάμενος
1136 4139 1203 4205 τῇ
1258 4136 1499 4207 ἐξουσίᾳ,
1560 4136 1739 4197 πάσας
1800 4136 1908 4186 τῶν

314 4231 515 4296 φυλῶν
562 4231 664 4282 καὶ
703 4231 808 4283 τῶν
864 4229 1068 4298 γενεῶν
1116 4230 1441 4299 ἀναγραφὰς
1492 4228 1593 4291 τάς
1656 4227 1766 4279 ἀπὸ
1814 4226 1907 4279 τοῦ

320 4324 548 4393 Ἐσδρα
576 4322 975 4390 ἀποκειμένας,
1013 4321 1150 4391 πυρὶ
1173 4320 1486 4374 κατέκαυσε
1517 4318 1652 4387 πρὸς
1696 4318 1756 4371 τὺ
1801 4335 1908 4387 μη-

2004 1881 2145 1949 ejus,
2181 1881 2345 1934 rebus
2380 1881 2630 1949 gerendis
2666 1882 2895 1937 idoneus
2924 1892 3062 1947 erat,
3089 1894 3142 1937 et
3175 1885 3375 1937 multos
3414 1887 3585 1938 duces

1998 1970 2321 2039 praedonum
2354 1972 2640 2041 repressit.
2679 1973 2814 2028 Cum
2843 1988 2968 2028 vero
3002 1972 3284 2043 Hyrcanus
3308 1988 3337 2026 a
3363 1973 3580 2028 Partitis

1994 2071 2195 2129 captus
2229 2070 2398 2126 esset,
2428 2071 2482 2116 et
2505 2062 2791 2133 Antipater
2822 2064 3057 2127 occisus,
3092 2063 3384 2133 nullusque
3417 2064 3579 2119 ades-

2007 2156 2091 2201 set
2127 2148 2220 2217 qui
2252 2164 2341 2204 res
2384 2150 2627 2219 publicas
2663 2152 2986 2215 contineret,
3020 2149 3261 2206 Herodes
3312 2152 3456 2207 ﬁlius
3494 2153 3579 2206 in-

2004 2239 2148 2293 vasit
2182 2239 2497 2310 imperium,
2528 2241 2750 2295 multam
2791 2243 2932 2297 dans
2961 2241 3225 2298 Romanis
3252 2243 3540 2312 pecuniam
3562 2279 3581 2309 ,

2000 2332 2296 2401 rsubjacens
2327 2332 2733 2388 conditionibus
2762 2334 2831 2388 ab
2859 2334 2966 2389 illis
2996 2335 3312 2405 propositis.

2044 2644 2155 2700 LX.
2201 2644 2468 2714 Augustus
2508 2649 2797 2716 imperator
2829 2650 2887 2702 in
2926 2648 3218 2720 «Egyptum
3259 2652 3541 2721 profectus.

2081 2852 2357 2917 Augustus
2407 2852 2549 2903 enim
2604 2852 2809 2918 Cmsar,
2850 2869 2973 2907 cum
3025 2855 3301 2923 profectus
3335 2866 3480 2913 esset
3524 2858 3578 2913 in

2010 2942 2300 3012 Egyptum
2329 2957 2451 2996 cum
2484 2946 2725 2996 exercitu
2762 2962 2922 3014 quam
2953 2952 3212 3010 maximo,
3239 2948 3578 3016 Cleopatram

2010 3031 2399 3096 debellaturus,
2435 3033 2521 3085 cui
2557 3031 2773 3101 [Egypti
2836 3035 3105 3101 obtigerat
3156 3037 3465 3104 itnperittm,
3517 3052 3581 3090 eo

2010 3123 2152 3192 quod
2181 3138 2246 3177 ex
2299 3138 2496 3189 genere
2539 3134 2683 3177 CSSI‘I
2728 3124 3160 3191 Ptoleinzeorum,
3214 3126 3467 3189 Herodes
3505 3128 3581 3182 illi

2008 3214 2220 3268 obviam
2244 3215 2503 3278 occurrit,
2530 3216 2800 3283 praebens,
2833 3217 3005 3285 copiis
3036 3228 3088 3270 et
3120 3218 3401 3285 impensis,
3435 3220 3580 3286 quod

2004 3323 2119 3362 non
2159 3309 2262 3362 sibi
2303 3309 2569 3378 obtigerat
2617 3310 3004 3363 ministerium.
3052 3311 3331 3379 Augustus
3365 3321 3581 3372 autem,

2009 3414 2151 3453 anno
2186 3398 2300 3453 XIV
2338 3401 2486 3469 regni
2518 3400 2625 3464 sui,
2652 3400 2874 3455 Subacta
2907 3400 3211 3471 Cleopatra,
3248 3401 3472 3455 Romam
3499 3419 3585 3457 re-

2010 3506 2227 3556 versus,
2262 3489 2530 3546 Herodem
2559 3531 2574 3554 ,
2614 3492 2743 3559 quia
2774 3508 2831 3547 se
2862 3493 3185 3548 benevolum
3238 3497 3542 3562 prwbuerat
3566 3532 3584 3561 ,

2008 3580 2208 3634 Judreae
2234 3597 2413 3649 regem
2446 3598 2570 3636 cum
2600 3591 2717 3638 toto
2753 3593 2944 3637 senatu
2986 3586 3247 3649 declarat,
3295 3585 3373 3638 illi
3414 3588 3586 3656 impo-

2011 3686 2145 3725 nens
2176 3673 2447 3727 diadema.
2486 3674 2560 3727 lta
2597 3672 2859 3741 Herodes,
2890 3691 3013 3729 cum
3059 3675 3392 3730 ascendisset
3424 3676 3589 3731 Jero-a

2013 3763 2316 3833 solymam,
2367 3775 2421 3817 et
2460 3763 2631 3819 Judaei
2679 3767 2885 3822 nollent
2934 3767 3085 3820 illum
3136 3769 3397 3836 recipere,
3450 3771 3580 3837 quia

2012 3856 2319 3925 alienigena
2350 3868 2486 3921 erat,
2519 3858 2725 3912 multos
2758 3874 2823 3910 ex
2854 3859 2960 3911 illis
2987 3859 3208 3921 occidit,
3239 3858 3485 3925 Spolialil
3516 3874 3584 3910 Ct°

2008 3948 2173 4001 vitate
2202 3960 2253 4003 et
2285 3951 2508 4019 templo,
2541 3950 2898 4019 improbeque
2931 3958 3198 4018 potestate
3257 3960 3439 4011 utens,
3463 3963 3585 4001 om-

2010 4055 2109 4096 nes
2150 4042 2388 4095 tribuum
2418 4052 2470 4095 et
2495 4042 2823 4095 familiarum
2856 4041 3134 4100 bistorias.
3175 4040 3246 4093 ab
3295 4040 3463 4093 Esdra
3491 4055 3580 4092 re-

2011 4133 2239 4200 positas,
2261 4134 2382 4201 igne
2405 4133 2727 4198 combussit,
2752 4141 2809 4187 ut
2833 4147 2937 4186 non
2962 4132 3073 4200 jam
3099 4131 3333 4198 amplius
3358 4145 3584 4185 noscere

2013 4234 2236 4292 possent
2277 4222 2445 4277 Judaei
2489 4240 2735 4293 quaenam
2769 4234 2915 4279 esset
2955 4224 3253 4293 unicuique
3295 4223 3502 4291 patria,
3533 4232 3586 4275 ct

2012 4316 2230 4383 quinam
2264 4316 2485 4369 advena:
2516 4318 2709 4369 vocati.
2754 4315 3155 4368 Sacerdotaletn
3187 4316 3347 4368 etiam
3378 4321 3583 4365 vestem

313 4416 449 4467 κὲτι
508 4413 824 4482 γνωσθῆναι
872 4412 998 4475 τοὺς
1037 4412 1327 4474 Ἰουδαίους
1362 4414 1425 4464 ἐκ
1456 4410 1617 4472 ποίας
1651 4410 1909 4478 πατρίδος

2017 4405 2118 4457 sub
2162 4405 2379 4471 proprio
2403 4405 2581 4473 sigillo
2614 4405 2928 4459 reservavit.
2962 4404 3226 4474 Deinceps
3252 4404 3586 4474 ignobilibus

317 4509 473 4560 εἰσὶν
497 4508 548 4559 οἱ
572 4506 896 4575 αὐτόχθονες
916 4507 1009 4557 καὶ
1043 4505 1189 4565 τίνες
1216 4505 1265 4557 οἱ
1289 4504 1571 4573 λεγόμενοι
1603 4501 1877 4573 γηῶρες⁹²
1898 4515 1913 4529 ⁸

2017 4494 2382 4563 quibusdam,
2444 4509 2682 4561 congrua
2743 4503 2963 4562 accepta
2993 4495 3261 4564 pecunia,
3307 4507 3583 4549 summum

324 4598 431 4650 aut
457 4598 560 4667 τὴν
599 4597 879 4668 ἱερατικὴν
909 4596 964 4649 δέ
991 4596 1185 4667 στολὴν
1215 4597 1321 4649 ὑπὸ
1363 4596 1459 4667 τὴν
1483 4596 1621 4649 ἰδίαν
1645 4596 1909 4667 σφραγῖδα

2018 4587 2383 4641 sacerdotittttt
2412 4587 2630 4656 impune
2670 4587 2936 4642 vendidit.

322 4690 592 4744 ἀπέθετο.
630 4690 739 4742 Καὶ
771 4689 955 4743 λοιπὸν
1011 4689 1183 4750 ἀδεῶς
1217 4689 1454 4760 ἀσήμοις
1485 4688 1629 4741 τισὶν
1658 4690 1751 4741 ἐπὶ.
1785 4689 1918 4759 χρήκ

330 4794 506 4848 μασιν
535 4783 740 4844 ἱκανοῖς
768 4782 864 4852 τὴν
898 4781 1311 4852 ἀρχιερωσύνην
1338 4781 1633 4851 ὲπίπρατο.

408 4875 454 4905 ’³
486 4872 563 4943 (2)
613 4873 807 4934 Ἐτους
841 4873 897 4925 δὲ
930 4874 1015 4943 μβ¹
1070 4875 1348 4941 Καίσαρος
1379 4870 1692 4938 Αὐγούστου
1722 4868 1913 4939 ἐξῆλθε

332 4966 472 5034 παρ’
519 4965 687 5018 αὑτοῦ
720 4964 897 5032 δόγμα
924 4964 1348 5034 ἀπογράφεσθαι
1378 4965 1558 5017 πᾶσαν
1587 4962 1690 5031 τὴν
1725 4962 1908 5015 οἰκου-

336 5058 516 5128 μένην
545 5057 736 5127 (αὐτὴν
759 5056 803 5086 ⁸⁵
830 5056 888 5107 δὲ
933 5055 1032 5124 τὴν
1077 5055 1424 5127 φορολογίαν,
1483 5054 1557 5116 ὡς
1613 5051 1908 5105 εὐνούστα-

2085 4869 2245 4921 Anuo
2278 4866 2632 4921 autcni'XLII
2662 4868 2894 4924 Caesaris
2926 4867 3180 4939 Augusti,
3218 4865 3351 4921 exiit
3393 4863 3461 4919 ab
3493 4863 3589 4919 illo

2018 4961 2254 5014 edictum
2306 4969 2362 5014 ut
2406 4959 2803 5015 describeretur
2851 4960 3135 5014 universus
3192 4958 3361 5012 orbis.
3410 4956 3587 5025 Ipsam

2015 5059 2196 5104 autem
2226 5050 2415 5105 tributi
2467 5051 2806 5105 exactionem
2847 5049 3062 5120 Cyreno
3097 5047 3413 5110 commisit,
3461 5047 3589 5114 quia

1528 5216 1728 5278 Variae
1750 5214 2059 5275 lectiones
2096 5220 2157 5274 et
2183 5218 2373 5274 notae.

442 5372 488 5405 "
516 5367 925 5442 ἀπερίτμητοςζ
959 5436 988 5442 __
1032 5367 1075 5442 '_'
1114 5362 1574 5442 uppeotﬁxa_cod_.
1608 5362 2065 5442 προειστηκεισαν
2096 5361 2227 5442 ερατ

2341 5357 2384 5389 ⁸⁸
2430 5354 2715 5426 πολιορκή.
2759 5352 2964 5426 θοάζω
2988 5349 3152 5426 "_1:6_v
3187 5348 3243 5426 δέ
3274 5346 3588 5426 -τῼδιαρκᾴ-

341 5417 920 5497 σαντα-δέδῗιῖίνέπί
949 5436 1079 5492 Ced.
1123 5417 1361 5489 Πδίέκπί
1402 5417 1471 5486 τδ
1489 5435 1597 5485 πᾶν
1641 5417 1792 5491 έθνος
1829 5417 1909 5484 'I’t

2008 5432 2095 5493 ιῖος
2128 5430 2399 5499 ύπόςρορον
2434 5417 2835 5499 κατέσ-τῃσεὲει-
2856 5420 2994 5499 CXI,
3019 5420 3087 5499 2,
3114 5420 3273 5499 Beda
3324 5417 3371 5494 ξ’
3407 5417 3589 5499 \‘et‘sio

338 5509 505 5566 δέτι».
542 5515 656 5567 haec
689 5512 847 5565 habet
883 5523 1057 5574 usque
1076 5508 1144 5563 ad
1174 5504 1313 5570 CXI,
1335 5507 1390 5568 3,
1424 5503 1516 5558 sed
1546 5504 1742 5555 desunt
1772 5502 1825 5552 in
1860 5500 2010 5569 Bulg.

338 5581 385 5613 "
419 5584 547 5637 llaec
576 5583 791 5637 rubrica
825 5581 879 5634 in
930 5577 1117 5632 codice
1166 5588 1405 5633 evanuit.
1509 5574 1574 5603 ""
1603 5572 1672 5625 9.8
1708 5569 1909 5639 (2573).
1982 5637 1994 5639 _

331 5581 385 5613 ⁸⁵
419 5584 547 5637 llaec
576 5583 791 5637 rubrica
825 5581 879 5634 in
930 5577 1117 5632 codice
1166 5588 1405 5633 evanuit.

2089 5485 2133 5528 ετ
2172 5485 2319 5551 (zeli:
2355 5485 2675 5558 διεδ-ιον·
2738 5495 2783 5524 υ
2816 5488 3189 5552 ὑπόσπονδοςῖ
3214 5485 3367 5558 αὐτῷ,
3399 5487 3587 5541 codex.

2014 5567 2061 5599 ’°
2098 5565 2152 5617 ἔν
2174 5583 2230 5618 τε
2256 5569 2364 5628 τοῖς
2393 5557 2514 5621 oud.
2620 5566 2663 5595 "
2702 5564 2758 5616 δὲ
2792 5563 2890 5615 Κλ.
2929 5562 3047 5615 cod.
3143 5560 3189 5590 "
3222 5558 3292 5613 cl.
3331 5557 3426 5610 ΕΖ.
3455 5571 3591 5628 xui.

328 5627 547 5717 22:6?
944 5627 1449 5721 ῐᾶὸζιξαὶφ,
1492 5627 1816 5721 αύτὴόκχθόνεὶς
1850 5627 2012 5721 ἦλθες
2044 5638 2059 5689 1
2068 5651 2152 5717 sa.
2184 5651 2290 5700 xrv,
2319 5636 2343 5721 Il
2400 5636 2494 5689 καὶ
2529 5637 2557 5687 6
2578 5634 2800 5704 γηώρας
2846 5633 2956 5703 (Ἢ)
2988 5630 3417 5701 προστεθήσεται
3454 5627 3590 5695 πρὸς

325 5706 554 5785 nam;
628 5706 681 5752 ὐ
712 5706 762 5774 δῖ
798 5737 847 5775 ε.
878 5721 979 5774 Ch.
1010 5733 1061 5770 η.
1101 5706 1281 5788 (5195)
1320 5715 1538 5769 ——Ced.
1571 5706 1817 5780 sane.
1894 5709 1909 5737 ι

2008 5706 2184 5775 ἀὐτην
2233 5706 2354 5761 cod.
