4088 6224
384 263 492 325 373

1551 259 2009 322 CHRONICON.
2054 285 2119 296 -υ
2159 260 2306 319 LIB.
2353 259 2470 319 III.

3517 256 3621 322 3H

383 377 451 447 ην
484 374 744 446 ἐποίησεν
775 375 803 426 6
834 373 1060 445 Κύριος,
1091 373 1552 443 άγαλλιαςὼμεθα
1588 374 1680 427 καὶ
1721 373 1954 442 εὐφραν-

2079 371 2400 424 exsultemus
2452 377 2504 421 et
2548 368 2789 420 laetemur
2841 366 2893 419 in
2949 381 3049 429 ea.
3085 386 3102 419 ι
3152 385 3274 437 qum
3327 377 3408 424 est
3443 369 3624 423 Domi-

385 466 569 536 θῶμεν
626 464 685 516 ἐν
727 466 888 536 αὐτῇ,
926 484 944 516 ι
987 467 1103 536 ἣτις
1156 465 1275 518 ἐστὶ
1325 465 1385 518 16
1416 464 1694 536 κυριακὸν
1743 464 1954 534 Πάσχα,

385 557 632 628 Μαρτίου
667 556 768 619 κε’,
797 557 870 620 ὡς
901 559 1139 628 εἴρηται.

382 672 532 726 PII‘.
581 671 688 726 Διὰ
730 673 787 727 τι
829 673 868 740 ἡ
914 673 1024 726 τοῦ
1075 672 1332 740 Χριστοῦ
1396 671 1736 738 ἀνάστασις
1776 671 1956 741 ὀγδόη

947 741 1287 812 ὠνόμασται
1325 742 1390 796 ¹³.

459 858 596 928 Περὶ
622 851 691 928 ἧς
724 856 789 924 γέ
833 873 916 910 τοι
949 856 978 908 6
1012 857 1186 927 μέγας
1227 856 1330 927 ἔφη
1371 856 1760 927 Χρυσόστομος
1786 870 1798 884 ⁸
1844 875 1863 908 ι
1899 857 1959 910 Ei

378 952 476 1007 οὖν
528 954 588 1004 ἐν
629 954 694 1022 τῇ
722 953 772 1018 γ’
803 949 990 1021 ἡμέρᾳ
1042 949 1242 1020 άνέστη
1298 951 1326 1003 6
1377 949 1636 1020 Χριστὸς,
1673 951 1748 1011 ὡς
1798 950 1977 1014 αὐτὸς·

381 1046 543 1112 ἕλεγε
579 1043 644 1107 ³⁸,
674 1060 692 1093 ι
717 1043 808 1095 Δεῖ
835 1041 927 1094 τὸν
961 1041 1089 1094 Υἰδν
1116 1041 1209 1094 τοῦ
1239 1040 1524 1112 ἀνθρώπου
1554 1041 1722 1095 πολλὰ
1746 1043 1958 1102 παθεῖν,

383 1137 482 1189 καὶ
514 1132 1044 1202 ἀποδοκιμασθῆναι,
1083 1132 1176 1186 καὶ
1221 1131 1654 1202 ἀποκτανθῆναι,
1694 1133 1791 1186 καὶ
1816 1135 1880 1202 τῇ
1913 1131 1959 1200 γ’

384 1227 572 1296 ἡμέρᾳ
601 1225 953 1295 άναστῆναι,ι
982 1224 1069 1279 διὰ
1099 1225 1151 1279 τί
1181 1227 1214 1295 ἡ
1243 1225 1403 1294 ὀγδόη
1429 1226 1723 1286 ἀνάστασις
1746 1224 1962 1292 λέγεται

381 1316 480 1371 τοῦ
517 1317 765 1386 Κυρίου;
802 1315 915 1370 Καὶ
959 1316 1114 1386 τρίτη
1167 1316 1267 1384 μὲν
1327 1315 1542 1384 εἴρηται
1593 1316 1669 1380 ὡς
1713 1316 1822 1370 άπὸ
1866 1316 1960 1368 τοῦ

382 1408 596 1470 πάἆους
625 1407 720 1461 καὶ
751 1406 844 1460 τοῦ
882 1405 1143 1476 σταυροῦ,
1171 1405 1332 1474 ὀγδόη
1360 1407 1416 1460 δὲ
1442 1407 1517 1468 ὡς
1548 1407 1654 1459 ἀπὸ
1710 1407 1809 1475 τῆς
1859 1407 1923 1476 δη
1942 1435 1958 1447 -

385 1498 685 1568 μιουργίας
726 1498 820 1552 καὶ
862 1499 960 1568 τῆς
1008 1499 1384 1560 ἀναστάσεως.
1415 1499 1570 1552 Ἐπεὶ
1600 1494 1694 1552 οὖν
1746 1501 1811 1569 τῇ
1845 1500 1961 1551 Κυ-

383 1593 557 1663 ριακῇ
595 1590 796 1659 ἀνέστη
828 1592 856 1642 6
886 1590 1140 1659 Χριστὸς,
1181 1584 1298 1662 ὲνῇ
1337 1592 1370 1660 ἡ
1404 1590 1547 1660 ἀρχὴ
1583 1589 1678 1643 τοῦ
1704 1590 1963 1660 φαινομέ-

2061 463 2243 516 nicum
2291 461 2496 516 Pascha
2529 457 2808 526 vigesimae
2841 459 3045 526 quintae
3086 457 3297 524 Martii,
3332 469 3388 513 ut
3422 460 3622 514 dictum

2059 562 2164 608 est.

2060 667 2244 724 CXIII.
2289 668 2468 735 Quare
2507 665 2701 721 Christi
2751 665 3071 746 resurrectio
3124 675 3308 718 octava
3358 666 3627 720 nominata

2793 745 2880 789 sit.

2133 850 2208 904 De
2236 850 2322 903 illa
2357 849 2576 919 quidem
2604 863 2833 918 magnus
2859 848 3278 918 Chrysostomus
3305 848 3482 902 dixit:
3519 867 3536 900 ι
3569 844 3625 902 Si

2062 957 2190 1011 ergo
2214 942 2372 996 tertia
2411 941 2498 996 die
2525 941 3107 1004 resurrexitChristus,
3138 941 3277 995 sicut
3311 940 3425 1008 ipse
3452 941 3624 994 dixit:

2069 1055 2086 1086 ι
2121 1033 2342 1101 Oportet
2407 1031 2600 1086 Filium
2661 1031 2897 1086 hominis
2937 1032 3106 1084 multa
3148 1029 3254 1100 pati
3284 1069 3298 1094 ,
3348 1039 3400 1084 et
3445 1045 3629 1100 repro-

2062 1125 2200 1188 bari,
2234 1135 2286 1178 et
2317 1124 2516 1188 occidi,
2551 1130 2603 1177 ct
2636 1123 2792 1177 tertia
2827 1123 2913 1178 die
2941 1137 3282 1194 resurgere,»
3314 1136 3413 1177 cur
3442 1130 3631 1175 octava

2063 1216 2391 1272 resurrectio
2421 1215 2633 1270 Demini
2677 1215 2900 1269 dicitur?
2923 1213 3105 1270 Tertia
3137 1214 3355 1284 quidem
3386 1213 3526 1269 dicta
3544 1225 3652 1267 est-

2065 1322 2093 1359 a
2148 1308 2398 1377 passione
2445 1315 2499 1362 et
2553 1321 2734 1368 cruce,
2785 1316 2970 1361 octava
3011 1316 3190 1360 autem
3223 1310 3445 1374 prepter
3476 1318 3631 1358 crea-

2066 1400 2263 1455 tionem
2301 1408 2355 1454 et
2391 1399 2869 1453 resurrectionem.
2915 1397 3182 1463 Quoniam
3237 1397 3404 1467 igitur
3449 1395 3636 1449 Domi-

2065 1489 2185 1542 niea
2227 1489 2312 1544 die
2343 1487 2578 1544 surrexit
2600 1485 2872 1550 Christus,
2903 1502 3008 1557 qua
3037 1487 3123 1542 die
3149 1486 3418 1554 surgentis
3445 1483 3635 1538 mundi

2065 1581 2386 1653 principium
2415 1581 2638 1645 exstitit,
2669 1595 2776 1649 qua
2807 1579 2893 1632 lux
2913 1594 2978 1633 ex
3015 1579 3217 1632 mundo
3243 1576 3438 1638 illuxit,
3464 1584 3518 1629 et
3542 1575 3630 1628 lu-

381 1698 479 1733 νου
535 1679 741 1749 κόσμου
772 1680 988 1748 γέγονε,
1019 1681 1141 1751 ἥτις
1172 1681 1406 1750 ὑπάρχει
1450 1681 1509 1734 16
1559 1681 1674 1748 φῶς
1718 1681 1828 1734 ἀπὸ
1870 1681 1961 1740 τοῦ

2079 1688 2191 1727 men
2228 1671 2591 1726 intellectuale
2624 1679 2677 1724 et
2703 1685 2887 1723 verum
2917 1707 2932 1733 ,
2963 1669 3240 1730 Christus,
3275 1683 3338 1722 ex
3385 1667 3635 1736 sepulcro

384 1772 598 1842 κόσμου
644 1770 866 1840 λάμψαν
912 1773 970 1824 ὲν
1002 1771 1160 1842 αὐτῇ,
1193 1772 1290 1824 καὶ
1345 1771 1407 1824 16
1460 1772 1650 1840 νοητὸν
1704 1773 1817 1840 φῶς
1867 1773 1962 1824 καὶ⁵

385 1862 647 1931 ἀληθινὸν
670 1864 699 1916 6
730 1863 961 1933 Χριστὸς
1007 1863 1070 1916 ὲκ
1119 1863 1292 1931 τάφου
1345 1863 1618 1918 ἀνέτειλεν
1654 1866 1696 1897 ¹⁵
1717 1879 1731 1894 ·
1761 1863 1841 1916 διδ
1870 1865 1964 1918 καὶ

387 1954 502 2008 ἀπὸ
563 1955 659 2008 10-3
698 1956 871 2022 τάφου
915 1956 1010 2009 καὶ
1062 1955 1298 2009 Θανάτου
1342 1958 1370 2010 6
1414 1956 1620 2026 κόσμος
1669 1957 1962 2027 ἐγήγερτο.

400 2046 540 2100 Ἀπὸ
571 2048 858 2118 Κυρωκῆς
884 2043 976 2101 οὖν
1019 2050 1098 2112 εἰς
1133 2051 1419 2121 Κυριακὴν
1449 2051 1480 2120 ἡ
1516 2050 1674 2119 ὀγδόη
1705 2050 1921 2121 ἀπαντᾷ
1946 2065 1962 2082 °

389 2138 486 2192 atati
535 2138 594 2192 δὲ
641 2139 801 2209 τρίτη
838 2140 933 2192 καὶ
991 2143 1022 2209 η
1083 2140 1243 2209 αὕτη,
1291 2142 1448 2210 τρίτη
1503 2142 1596 2209 ἀφ’
1649 2135 1710 2193 οὗ
1769 2141 1961 2205 ἔπαθε,

391 2228 557 2299 ὀγδόη
588 2231 684 2300 ἀφ’
712 2225 771 2285 οὗ
797 2232 825 2284 ὀ
851 2231 1052 2300 κόσμος
1075 2232 1312 2300 ἐγένετο.
1334 2233 1409 2301 (Ξ)
1442 2233 1596 2286 Ἔστι
1625 2233 1682 2286 δὲ
1709 2234 1803 2286 καὶ
1828 2234 1962 2304 άλλη

392 2320 549 2374 αἰτία
581 2321 679 2389 τῆς
716 2320 768 2389 η’
791 2323 882 2374 καὶ
909 2321 1007 2390 τῆς
1042 2328 1090 2389 γ’
1126 2323 1187 2386 ⁸⁸,
1224 2321 1310 2375 διὰ
1344 2323 1395 2374 τί
1437 2323 1733 2385 ἀνάστασις
1761 2323 1964 2392 ἑκάστη

390 2410 714 2480 ὠνόμασται
743 2427 757 2441 ·
793 2413 851 2464 ὲν
883 2413 990 2482 γὰρ
1020 2415 1084 2484 τῇ
1118 2411 1161 2476 ζ’
1184 2414 1364 2483 ἡμέρα
1399 2413 1748 2468 κατέπαυσεν
1779 2416 1806 2466 6
1836 2414 1968 2477 Θεὸς

393 2503 508 2555 ἀπὸ
557 2504 773 2567 πάντων
803 2503 912 2556 τῶν
946 2503 1122 2573 ἔργων
1161 2503 1324 2556 αὑτοῦ
1350 2521 1362 2535 '
1401 2506 1494 2558 καὶ
1542 2505 1690 2558 ἔστιν
1723 2507 1754 2576 ἡ
1796 2506 1966 2560 κατά-

284 2647 300 2657 ,
395 2610 604 2658 παυσις
641 2595 817 2658 τέλος,
853 2596 1138 2650 συντέλεια
1184 2596 1363 2666 ἔργων
1414 2597 1838 2667 ἀπηρτισμένων
1885 2598 1923 2628 ¹¹¹
1955 2613 1967 2627 ”

393 2685 553 2749 τέλος
587 2686 645 2739 δὲ
676 2686 772 2740 καὶ
802 2688 1144 2750 κατάπαυσις
1183 2689 1223 2718 ¹⁸
1250 2688 1582 2756 λέγεταικαὶ
1619 2689 1650 2758 ἡ
1684 2687 1778 2740 τοῦ
1809 2688 1968 2756 λόγου

397 2776 702 2840 συντέλεια,
723 2778 814 2831 ὅτε
839 2779 1020 2847 μέλλει
1044 2779 1313 2849 παράγειν
1346 2780 1404 2831 τὸ
1434 2779 1620 2848 σχῆμα
1645 2780 1738 2832 τοῦ
1765 2780 1969 2848 κόσμου

393 2869 594 2924 τούτου
650 2872 677 2924 6
709 2870 860 2932 Θεός.
913 2870 1131 2939 Ἐπειδὴ
1188 2870 1280 2923 οὖν
1335 2870 1622 2941 ἁμαρτιῶν
1681 2873 1708 2922 ὁ
1769 2871 1972 2940 κόσμος

398 2962 602 3061 ἔγεμεν
656 2962 768 3061 xei.
803 2961 1017 3030 ἠπείλει
1074 2963 1152 3032 τῷ
1203 2963 1393 3032 κόσμῳ
1450 2962 1786 3024 συντέλειαν,
1839 2965 1867 3016 6
1917 2963 2046 3061 δὶς

397 3053 639 3123 Χριστὸς
685 3052 780 3104 ἐπὶ
830 3053 1143 3115 συντελείας
1186 3052 1293 3104 τῶν
1349 3051 1560 3104 αἰώνων
1595 3053 1674 3114 είς
1713 3051 1972 3120 ἀθέτησιν

400 3145 679 3215 ἁμαρτίας
727 3139 888 3214 ἦλθε,
918 3146 1012 3196 καὶ
1052 3143 1242 3208 ἔπαθε,
1280 3143 1373 3209 καὶ
1419 3143 1618 3212 ἐτάφη,
1670 3143 1765 3197 καὶ
1813 3144 1970 3213 231

399 3237 629 3307 ἀνέστη,
662 3235 758 3292 καὶ
812 3235 904 3290 τὸν
954 3235 1157 3304 κόσμον
1215 3235 1506 3305 ἀνέστησε,
1549 3236 1640 3287 καὶ
1691 3238 1722 3305 ἡ
1783 3233 1975 3305 πρώτη

401 3327 861 3399 ἔνδημιούργησις
894 3328 1053 3398 ὀγδόῃ
1094 3329 1150 3380 ὲν
1195 3329 1260 3396 τῇ
1307 3326 1696 3397 παλιγγενεσία
1734 3330 1975 3394 γέγονεν.

401 3423 488 3494 Τῇ
520 3428 577 3487 ς’
598 3422 692 3474 ἐπὶ
737 3421 896 3487 ξύλου
931 3421 1262 3492 σταυροῦται
1297 3420 1384 3473 διὰ
1427 3420 1520 3472 τὸν
1551 3420 1608 3472 ὲν
1639 3423 1702 3491 τῇ
1738 3427 1790 3483 ς’
1823 3421 1978 3487 γενό-

409 3529 576 3584 μενον
605 3511 892 3583 ἄνθρωπον
920 3529 932 3542 ο
966 3512 1053 3565 διά
1093 3511 1250 3565 τοῦτο
1293 3511 1386 3564 οὖν
1420 3512 1477 3563 ἐν
1510 3515 1574 3581 τῇ
1619 3520 1670 3577 ς’
1702 3511 1983 3582 ἐσταύρω-

405 3623 500 3661 ται
561 3604 768 3677 ἡμέρᾳ.
829 3606 915 3659 ἵνα
967 3606 1166 3667 πάντες
1228 3603 1492 3674 μάθωμεν
1556 3605 1637 3658 δτι
1700 3606 1757 3656 ἐν
1799 3607 1864 3674 τῇ
1929 3601 1982 3666 ς,

406 3701 824 3771 δημιουργήσας
858 3699 949 3751 τὸν
978 3697 1286 3766 ἄνθρωπον,
1313 3696 1475 3759 αὐτὸς
1515 3697 1721 3759 ἐκεῖνος
1755 3696 1812 3759 ἐν
1837 3697 1901 3764 τῇ
1931 3692 1983 3756 ς’

407 3792 738 3862 ισταυρώοη
777 3791 864 3845 διὰ
887 3789 981 3842 τὸν
1012 3789 1320 3857 ἄνθρωπον.
1357 3789 1432 3857 t5)
1464 3788 1575 3839 Καὶ
1618 3787 1680 3838 οὐ
1735 3785 1896 3855 μόνον
1927 3787 1984 3838 ὲν

411 3885 600 3956 ἡμέρᾳ
633 3881 706 3948 ς’,
728 3881 866 3937 ἀλλὰ
896 3882 987 3935 καὶ
1013 3881 1072 3932 ὲν
1098 3878 1217 3949 ὥρᾳ
1251 3877 1305 3942 ς’
1344 3879 1436 3931 ἐπὶ
1469 3877 1630 3944 ξύλου
1655 3877 1984 3947 ὲκρέμαται,

412 3977 606 4047 ἐπειδὴ
628 3975 771 4044 ἀρχὴ
799 3973 1078 4042 ἁμαρτίας
1105 3970 1226 4040 ὥρᾳ
1266 3967 1318 4032 ς’
1343 3969 1450 4021 ἀπὸ
1496 3968 1588 4020 τοῦ
1633 3967 1793 4031 ξύλου
1823 3969 1984 4034 γέγο-

413 4088 536 4135 νεν,
571 4069 660 4122 ὅτε
703 4066 878 4136 ’Δδάμ
909 4066 1001 4118 τὸν
1028 4063 1260 4116 θάνατον
1297 4061 1584 4130 ἠρίστησε,
1635 4059 1759 4112 ὅθεν
1797 4058 1987 4109 λοιπὸν

414 4163 540 4217 τότε
576 4162 670 4216 καὶ
697 4157 1014 4228 λογχευθεὶς
1044 4153 1331 4218 ἐξέϐλυσεν
1357 4145 1496 4217 αἷμα
1518 4149 1612 4202 καὶ
1642 4148 1808 4216 ὕδωρ,
1829 4147 1878 4198 οἱ
1899 4146 1991 4198 δύο

421 4254 700 4324 μάρτυρες
755 4251 797 4282 ⁸⁸
856 4247 966 4302 τῶν
1025 4244 1412 4316 κυριοκτόνων,
1460 4240 1522 4292 16
1576 4239 1677 4305 μὲν
1718 4231 1858 4306 αἷμα
1905 4236 1992 4288 ἵνα

2067 1780 2325 1821 exorsum
2361 1774 2466 1828 est,
2505 1763 2706 1817 idcirco
2735 1777 2800 1814 ex
2836 1760 3086 1830 sepulcro
3108 1768 3162 1813 et
3202 1768 3374 1813 morte
3402 1756 3637 1811 mundus

2069 1856 2245 1911 fuerat
2269 1855 2560 1910 excitatus.
2598 1851 2950 1906 ADominica
3001 1865 3131 1917 ergo
3181 1849 3245 1902 ad
3297 1848 3634 1902 Dominicam

2068 1957 2259 2005 octava
2296 1946 2568 2011 occurrit;
2601 1953 2762 2012 atque
2793 1943 2948 1996 tertia
2981 1950 3035 1995 et
3078 1942 3204 2004 ista,
3249 1938 3405 1993 tertia
3438 1954 3500 1991 ex
3531 1953 3666 2005 quo~

2068 2054 2262 2108 passus
2287 2047 2389 2098 est.
2421 2045 2608 2091 octava
2639 2051 2702 2090 ex
2737 2049 2845 2102 quo
2895 2033 3130 2086 mundus
3180 2031 3356 2084 factus
3404 2037 3505 2084 est.
3544 2029 3638 2082 Est

2069 2141 2249 2186 autem
2281 2140 2334 2185 et
2357 2131 2459 2185 alia
2493 2130 2629 2184 ratio
2648 2137 2850 2181 octavae
2869 2133 2921 2180 et
2948 2126 3141 2188 tertize,
3175 2140 3273 2178 cur
3308 2120 3638 2176 resurrectio

2068 2233 2300 2291 utraque
2351 2221 2492 2275 dicta
2546 2219 2639 2274 sit.
2693 2217 2907 2271 Etenim
2961 2215 3187 2285 septima
3238 2214 3325 2267 die
3375 2211 3642 2280 requievit

2071 2314 2212 2369 Deus
2245 2313 2313 2368 ab
2346 2312 2600 2366 omnibus
2629 2309 2888 2380 operibus
2919 2308 3072 2369 suis;
3103 2316 3267 2374 atque
3303 2313 3385 2358 est
3414 2303 3638 2371 requies

2072 2407 2218 2472 linis,
2254 2405 2656 2460 consummatio
2690 2416 2910 2470 operum
2942 2399 3339 2470 perfectorum;
3379 2396 3498 2450 linis
3531 2410 3632 2448 au-

2071 2509 2180 2553 tem
2217 2507 2271 2551 et
2314 2495 2532 2564 requies
2573 2493 2770 2546 dicitur
2818 2493 2978 2546 etiam
3025 2490 3172 2544 verbi
3217 2485 3667 2548 eonsutnmatio,.

2071 2587 2290 2660 quando
2350 2586 2506 2641 debet
2560 2583 2827 2639 deducere
2908 2582 3131 2652 ﬁguram
3221 2579 3382 2647 huius
3455 2576 3668 2630 tnuudi=

2073 2680 2236 2734 Dens.
2271 2678 2563 2746 Postquam
2594 2690 2726 2743 ergo
2759 2673 2996 2743 peccatis
3023 2670 3259 2725 mundus
3285 2670 3476 2738 plenus
3505 2676 3640 2728 erat,

2075 2781 2128 2827 et
2165 2771 2470 2824 minabatur
2519 2765 2723 2820 mundo
2771 2761 3294 2818 consummationem
3323 2797 3336 2820 ,
3391 2756 3662 2810 Christus.

2080 2878 2205 2916 vero
2237 2861 2290 2914 in
2325 2857 2795 2914 consummatione
2826 2854 3146 2909 saeculorum
3188 2850 3252 2904 ad
3292 2847 3640 2902 abolitionem

2079 2951 2282 3023 peccati
2307 2950 2475 3009 venit.
2503 2957 2556 3003 et
2598 2939 2794 3017 passus
2829 2955 2932 3008 est,
2983 2953 3036 2997 et
3069 2942 3314 3012 sepultus
3345 2947 3426 2992 est
3471 2946 3525 2990 et
3556 2951 3643 2988 re-

2080 3045 2352 3106 surrexit,
2400 3050 2452 3096 et
2485 3041 2746 3094 mundum
2781 3038 3065 3098 excitavit,
3105 3045 3158 3088 et
3193 3033 3365 3101 prima
3403 3029 3644 3084 conditio

2079 3148 2270 3192 octava
2303 3136 2354 3188 in
2389 3131 2797 3203 regeneratione
2843 3127 2984 3180 facta
3029 3134 3130 3180 est.
3185 3123 3346 3179 Sexta
3383 3120 3469 3174 dic
3496 3119 3672 3189 ligno-

2081 3227 2432 3297 suspenditur
2480 3226 2547 3278 ab
2592 3222 2811 3277 homine
2864 3229 3016 3274 sexta
3066 3217 3153 3272 die
3204 3215 3380 3280 iacto;
3440 3212 3649 3266 idcirco

2083 3319 2246 3386 igitur
2281 3326 2428 3372 sexta
2461 3314 2756 3370 crucifixus
2784 3321 2866 3366 est
2892 3311 2998 3374 die,
3030 3317 3091 3362 ut
3122 3321 3313 3361 omnes
3338 3303 3649 3358 noverimus

2083 3410 2230 3464 iitum
2282 3410 2373 3478 qui
2423 3415 2572 3464 sexta
2625 3406 2712 3465 die
2760 3411 3037 3458 creaverat
3095 3398 3418 3463 hominem,
3471 3397 3646 3466 ipsum

2083 3511 2232 3556 sexta
2267 3500 2355 3555 die
2375 3499 2693 3554 cruciﬁxum
2729 3495 2896 3550 fuisse
2923 3493 2991 3547 ob
3021 3492 3318 3546 hominem.
3347 3489 3409 3542 Et
3430 3503 3537 3542 non
3560 3502 3650 3541 so-

2086 3595 2194 3648 lum
2224 3593 2313 3647 die
2347 3601 2519 3653 sexta,
2550 3589 2644 3644 sed
2676 3587 2837 3642 etiam
2873 3587 3005 3640 hora
3053 3593 3205 3638 sexta
3237 3581 3384 3651 ligno
3419 3592 3654 3648 suspens

2086 3700 2181 3738 sus
2208 3691 2312 3746 est,
2341 3682 2466 3751 quia
2491 3678 2816 3748 principium
2845 3675 3050 3746 peccati
3082 3676 3212 3728 hora
3239 3683 3394 3727 sexta
3416 3687 3482 3724 ex
3507 3669 3653 3738 ligno
3682 3704 3692 3714 -

2088 3774 2287 3829 factum
2322 3784 2437 3835 est,
2465 3769 2685 3839 quando
2729 3769 2898 3823 Adam
2954 3774 3182 3821 mortem
3233 3763 3470 3834 prandit,
3508 3762 3653 3815 unde

2085 3865 2338 3931 deinceps
2376 3874 2503 3916 tunc
2532 3862 2694 3916 etiam
2732 3860 2918 3913 lancea
2949 3856 3258 3927 perforatas
3290 3853 3480 3907 effudit
3519 3866 3651 3905 san-
3753 3901 3756 3904 .

2087 3956 2303 4023 guinem
2332 3964 2385 4008 et
2411 3967 2628 4021 aquam,
2663 3966 2784 4020 qua:
2817 3949 2924 4004 duo
2956 3956 3082 4004 sunt
3115 3955 3276 4000 testes
3313 3943 3528 3997 Domini
3570 3941 3658 3994 in-

2091 4048 2481 4107 terfectorum;
2515 4046 2833 4104 sanguinem
2860 4040 3076 4110 quidem
3101 4046 3156 4092 ut
3177 4035 3397 4090 Iudaeos
3428 4033 3657 4088 convin-

2090 4149 2236 4192 ceret
2290 4138 2381 4206 qni
2427 4137 2678 4189 dixerant
2714 4151 2727 4185 :
2765 4152 2781 4183 ι
2827 4130 3062 4199 Sanguis
3103 4129 3224 4197 ejus
3259 4139 3572 4194 supernos,
3607 4131 3660 4176 et

2091 4246 2254 4301 super
2289 4230 2429 4282 lilios
2477 4235 2692 4280 nostros
2726 4241 2740 4286 ;
2772 4243 2788 4274 ι
2821 4237 3016 4290 aquam
3061 4235 3187 4273 vero
3217 4227 3276 4271 ut
3301 4218 3531 4271 Pilatum
3565 4228 3655 4267 ar-

431 4305 726 4406 Ξίοιζδαλους
760 4341 954 4411 ἐλέγξῃ
977 4305 1231 4398 εἰπόντας
1250 4336 1294 4367 ’θ
1319 4351 1330 4364 ·
1365 4352 1383 4385 ι
1424 4333 1498 4387 Τὸ
1529 4327 1668 4400 αἷμα
1703 4305 1868 4385 αὐτοῦ
1903 4330 1971 4396 ἐφ

2093 4332 2295 4390 gttet'et,
2324 4318 2477 4388 quia,
2503 4324 2716 4384 sumpta
2741 4327 2908 4382 aqua,
2934 4325 3056 4365 cum
3081 4324 3140 4364 se
3164 4308 3384 4363 lavisset
3411 4314 3470 4360 ut
3497 4305 3662 4359 inno-

418 4395 681 4504 ἡμᾶςκαὶ
706 4395 803 4483 έπὶ
825 4395 1272 4496 τέκ’τέκναὴμων
1299 4441 1312 4454 ·
1351 4443 1368 4473 ι
1403 4422 1463 4474 16
1510 4420 1565 4474 δὲ
1594 4395 1759 4488 υόωρ,
1787 4418 1873 4471 ἵνα
1903 4395 1976 4469 τοὶ

2097 4429 2248 4478 cens,
2282 4413 2624 4465 innocentem
2669 4415 2719 4458 rt
2747 4405 2954 4472 justum
2992 4401 3318 4467 ﬂagellatum
3369 4395 3661 4452 cruciﬁxit.

418 4527 656 4581 Πιλάτου
680 4522 1056 4594 κατηγορήσῃ,
1085 4519 1166 4571 ὅτι
1192 4514 1374 4569 λαϐὼν
1403 4512 1548 4582 ὕδωρ
1577 4511 1668 4564 καὶ
1697 4508 1994 4577 νιψάμενος

419 4620 495 4682 ὡς
545 4615 744 4679 άθῶος,
798 4615 893 4666 τὸν
947 4610 1125 4664 ἀθῶον
1189 4607 1284 4661 κα)⁵
1336 4605 1546 4658 δίκαιον
1596 4599 1994 4672 φραγγελώσας

421 4710 787 4778 ἐσταύρωσεν.
823 4705 898 4777 (4)
941 4702 1098 4758 Ἐπεὶ
1142 4701 1258 4764 οὖν,
1313 4698 1389 4760 ὡς
1443 4695 1704 4756 πολλάκις
1755 4693 1914 4762 ἔφην,
1962 4693 1995 4763 ἡ

421 4802 584 4871 ὀγδόη
614 4800 714 4854 καὶ
745 4800 778 4868 ὴ
813 4795 923 4850 τῶν
951 4793 1162 4862 νεκρῶν
1194 4794 1411 4860 ἔγερσις
1450 4789 1547 4859 βοᾷ
1596 4787 1696 4855 τὴν
1736 4783 1831 4838 τοῦ
1885 4785 1994 4836 κό-

421 4911 565 4964 σμου
617 4891 955 4953 συντέλειαν,
987 4888 1183 4948 ἰστέον,
1215 4885 1304 4938 ὅτε
1337 4881 1550 4944 πάντως
1589 4881 1621 4950 ἡ
1667 4877 1761 4931 τοῦ
1789 4876 1995 4944 κόσμου

418 4987 650 5056 γένηται
679 4981 980 5042 συντέλεια,
1009 4981 1130 5033 τότε
1163 4978 1211 5030 οί
1246 4977 1386 5028 ὅσιοι
1419 4973 1514 5026 καὶ
1538 4971 1782 5032 εὐσεϐεῖς
1816 4966 1995 5021 ἐκλείσ-

419 5077 620 5144 ψουσιν
645 5072 756 5126 ἀπὸ
781 5073 884 5140 τῆς
915 5069 1041 5138 γῆς.
1078 5068 1188 5120 Καὶ
1220 5063 1409 5118 τούτου
1445 5061 1654 5132 μάρτυς
1690 5060 1718 5110 6
1764 5057 1997 5127 Χριστὸς

423 5165 598 5222 εἰπών
622 5166 664 5195 ’⁸
688 5178 702 5192 ·
734 5183 750 5215 ι
775 5159 921 5233 Ἀρά
950 5158 1120 5213 ἐλθὼν
1146 5158 1174 5210 6
1193 5155 1317 5216 Υἱὸς
1337 5153 1431 5207 τοῦ
1455 5151 1742 5222 ἀνορὼπου
1773 5148 1998 5216 εὑρήσει

422 5261 524 5328 τὴν
556 5258 739 5310 πίστιν
755 5256 847 5308 ἐπὶ
873 5256 975 5324 τῆς
1010 5251 1150 5320 γῆς
1177 5268 1195 5301 ι
1222 5247 1328 5302 Καὶ
1348 5249 1375 5299 6
1400 5244 1719 5305 Ἀπόστολός
1745 5258 1908 5310 φησιν
1930 5241 1994 5269 "-

2097 4505 2231 4562 Cum
2260 4501 2446 4572 igitur,
2482 4510 2538 4552 ut
2579 4511 2723 4564 saepe
2778 4493 2929 4559 dixi,
2981 4502 3172 4546 octava
3221 4499 3274 4545 et
3321 4497 3672 4544 mortuorum-

2098 4591 2426 4650 resurrectio
2471 4590 2670 4645 clamet
2701 4585 2886 4641 mundi
2923 4583 3476 4644 consunnnationem,
3523 4580 3664 4635 scire

2094 4685 2327 4758 expedit,
2387 4699 2510 4737 cum
2565 4680 2788 4735 omnino
2824 4676 3008 4732 mundi
3077 4675 3358 4730 advenerit
3405 4687 3662 4726 consum.

2105 4779 2290 4843 matio,
2314 4787 2441 4831 tunc
2469 4784 2700 4832 sanctos.
2715 4781 2766 4826 et
2795 4771 2912 4840 pios
2939 4770 3245 4825 defecturos
3265 4778 3384 4820 esse
3407 4764 3473 4816 de
3500 4771 3662 4815 terra.

2099 4871 2276 4939 Atque
2301 4866 2464 4935 hujus
2497 4864 2572 4918 rei
2598 4862 2750 4917 testis
2781 4861 3037 4915 Christus
3061 4858 3246 4911 dicens
3279 4871 3291 4906 :
3336 4871 3352 4902 ι
3388 4847 3661 4917 Numquid

2101 4960 2321 5016 veniens
2354 4957 2524 5012 Filius
2585 4951 2823 5008 hominis
2875 4947 3111 5004 inveniet
3157 4944 3312 4998 (idem
3359 4953 3520 5007 super
3552 4947 3662 4990 ter-

2101 5069 2214 5107 ram
2244 5051 2298 5104 is
2340 5047 2402 5103 Et
2434 5046 2723 5117 Apostolus
2756 5041 2885 5096 dicit
2919 5057 2932 5093 :
2974 5057 2991 5088 ι
3028 5036 3138 5090 Nisi
3168 5032 3375 5088 venerit
3404 5027 3666 5084 discessio

2103 5145 2360 5212 primum,
2406 5157 2525 5189 ι--ι
2564 5136 2782 5205 quando
2812 5131 3089 5186 discedent
3119 5144 3146 5180 a
3182 5124 3306 5187 ﬁde,
3332 5119 3667 5177 attendentes

2102 5234 2382 5304 spiritibus
2417 5229 2617 5283 erroris
2647 5237 2699 5280 et
2722 5222 2982 5280 doctrinis
3013 5216 3428 5276 daemoniorum,
3462 5227 3583 5263 t—t
3614 5216 3665 5263 et

1618 5379 1812 5438 Varia:
1849 5376 2156 5437 lectiones
2180 5378 2238 5432 et
2261 5379 2448 5430 nota).

501 5527 541 5557 ’³
566 5523 688 5578 "me
717 5523 934 5575 rubrica
984 5521 1036 5573 in
1072 5519 1191 5574 cod.
1229 5514 1466 5570 evanuit.
1547 5511 1586 5540 “
1629 5510 1757 5578 an.
1785 5523 1857 5578 ix.
1886 5505 1970 5556 '22.

2079 5499 2216 5552 ’καὶ
2275 5499 2331 5548 ὲν
2364 5493 2530 5560 ταύτῃ
2569 5494 2622 5543 τδ
2653 5493 2740 5544 ἀλ.
2783 5488 2912 5578 φῶς³
2932 5491 2956 5538 ὁ
2987 5485 3227 5578 ’ξρζστῦς
3254 5485 3313 5534 ὲκ
3341 5500 3388 5534 τ.
3421 5476 3665 5578 άνὶιῼριὶ.

2079 5571 2123 5578 -.
2259 5569 2299 5578 ...
2399 5566 2409 5578 ι
2484 5563 2534 5578 ..ο
2642 5562 2686 5578 ιν
3117 5558 3228 5578 --ιιι-
3295 5567 3435 5578 ..ι-...ι
3547 5549 3571 5578 ξ

955 5592 995 5620 ¹⁷
1037 5587 1419 5654 ἀπηρτισμένη
1447 5582 1566 5654 corl_.

433 5599 472 5625 "
505 5599 599 5646 καὶ
630 5594 729 5658 τῆς
763 5592 848 5644 at"?

1041 5661 1082 5688 "
1122 5651 1163 5710 II-
1195 5651 1391 5709 Thess.
1444 5671 1502 5716 ιι,
1532 5651 1583 5704 '5.

427 5669 467 5696 ἰ
510 5665 642 5716 Luc.
694 5678 843 5728 mu,
881 5661 961 5712 l8.

1665 5579 1706 5607 ’⁸
1738 5575 1901 5628 ICor.
1942 5589 2034 5630 vlt.
2068 5571 2154 5624 5|.

2259 5569 2300 5597 "
2334 5566 2456 5625 τοὺς
2479 5548 2912 5630 δ’ὖομάρτυραςῖ
2987 5548 3253 5608 “Matth.
3295 5567 3462 5612 xxvu.
3502 5548 3595 5604 95.
