4060 6216
503 320 609 386 407

1710 330 2033 394 GEORGII
2072 332 2526 398 HAMARTOLI
3660 333 3738 397 ωδ

504 441 827 495 sublimibus
848 453 1156 497 sermonem
1188 441 1449 501 habentes
1494 454 1547 501 et
1592 460 1785 503 eorum
1815 463 1937 517 qua'
1982 448 2066 503 de‘

2183 448 2239 503 δέ
2269 449 2608 519 φιλοσοφίαν,
2642 449 2715 514 ὡς
2743 448 3016 513 δοκοῦσιν,
3055 443 3502 518 ἐπανῃρημένοι,
3545 459 3737 513 μετεωα

502 541 741 587 monstra
752 532 794 585 ri
815 547 921 587 non
942 544 1174 603 possunt
1189 536 1533 608 interpretes,
1549 539 1938 611 magnitudinis
1956 542 2079 597 caeli

499 632 553 677 et
579 620 712 677 solis
731 637 1017 680 mensuras
1038 635 1091 680 et
1109 633 1382 681 astrorum
1406 629 1514 682 vim
1542 631 1681 685 scire
1700 646 1759 687 se
1783 632 2081 702 jactantes,

500 713 905 785 aliquandoque
924 716 1085 770 etiam
1120 718 1184 771 de
1214 720 1387 775 sacris
1408 721 1679 777 disserere
1708 724 2081 794 aggredientes

498 804 587 859 ubi
620 814 673 860 et
702 806 905 861 veritas
960 807 1238 863 inaccessa
1290 820 1346 865 et
1393 813 1704 880 conjectura
1752 815 2078 884 periculosa,

495 899 605 950 vita
640 904 820 951 autem
876 897 929 951 in
966 912 1123 953 emno
1176 902 1545 959 volutantibus
1598 919 1655 959 se
1714 906 1895 975 porcis
1927 907 2080 975 igno-

494 988 863 1044 miniosiores.
931 989 989 1044 Si
1024 992 1243 1061 quando
1291 996 1509 1063 quidam
1576 996 1640 1051 ad
1689 998 1957 1068 agendum
2019 1012 2079 1053 se

493 1080 904 1142 convertebant.
941 1081 1059 1138 istis
1116 1084 1328 1153 pejores
1386 1086 1609 1154 ﬁebant,
1667 1102 1763 1159 pro
1825 1087 1966 1147 fama
2025 1098 2079 1145 et

498 1173 755 1229 laudibus
806 1175 1084 1231 molestias
1135 1177 1468 1245 tolerantes;
1533 1182 1737 1237 nullius
1796 1184 1939 1238 enim
1997 1184 2076 1240 rei

497 1266 667 1336 gratia
712 1266 815 1321 nisi
860 1269 1244 1325 ostentationis
1291 1281 1344 1327 et
1393 1273 1711 1344 cupiditatis
1745 1275 1929 1346 gloriae
1958 1276 2077 1347 ple-

489 1358 650 1427 rique
692 1372 911 1428 operam
972 1360 1174 1415 dahant
1222 1364 1447 1430 miseri;
1480 1369 1785 1421 mercedem
1852 1384 2074 1440 parvam

488 1458 544 1505 et
581 1449 742 1505 vilem
774 1466 871 1520 pro
906 1452 997 1505 tali
1063 1453 1164 1508 sibi
1206 1456 1559 1512 conciliantes
1585 1458 1839 1527 miseria;
1874 1462 2075 1516 etenim

489 1556 722 1611 prorsus
770 1544 1022 1611 siluisse,
1070 1547 1225 1615 juxta
1260 1547 1678 1620 Pythagoricum
1741 1553 2073 1623 institutum,

486 1640 543 1687 et
573 1634 818 1704 gramine
870 1636 1035 1700 vesci,
1099 1637 1328 1693 cilicinis
1388 1640 1695 1712 vilibusque
1751 1652 1805 1698 et
1861 1645 2076 1701 detritis

487 1723 798 1791 panniculis
834 1726 939 1794 tegi
996 1727 1137 1781 etin
1215 1728 1363 1785 dolio
1432 1731 1707 1788 inclusum
1773 1734 2071 1803 habitasse,

488 1824 540 1870 et
574 1830 673 1885 pro
708 1816 933 1872 tolerata
966 1818 1073 1872 vita
1102 1819 1306 1874 nullam
1345 1832 1465 1891 post
1497 1835 1724 1880 mortem
1757 1838 2077 1899 exspectare

489 1910 819 1977 mercedem,
869 1918 923 1965 et
964 1911 1073 1965 vita
1133 1913 1235 1968 ista
1271 1913 1499 1971 delinire
1557 1918 1775 1976 virtutis
1828 1922 2074 1991 prtemia,

484 1997 628 2053 ultra
663 2014 882 2055 omnem
913 2004 1203 2058 amentiam
1236 2017 1339 2060 est.
1394 2007 1706 2065 Judaaorum
1741 2022 1923 2068 autem
1952 2016 2078 2085 qui-

484 2103 707 2159 cunque
748 2092 908 2147 istam
960 2095 1194 2164 amplexi
1255 2108 1384 2153 sunt
1431 2102 1621 2166 vitam,
1690 2114 1820 2160 sunt
1853 2106 2070 2175 quidam

484 2179 734 2238 Ionadab
770 2185 1023 2253 posteri;
1081 2201 1379 2259 omnesque
1446 2192 1699 2249 similiter
1764 2197 1946 2253 vivere
1976 2214 2072 2252 vo-

482 2274 658 2330 lentes
686 2276 1008 2346 excipiendo
1042 2278 1107 2333 ad
1153 2294 1315 2335 suum
1375 2284 1669 2342 traducunt
1718 2287 2069 2357 institutum;

483 2365 578 2435 qui
611 2366 665 2420 in
698 2367 1066 2426 tabernaculis
1141 2384 1358 2442 semper
1413 2375 1681 2444 habitant,
1738 2380 1973 2451 vinoque
2020 2392 2073 2437 et

483 2458 739 2514 omnibus
756 2460 918 2516 rebus
938 2475 1056 2531 quae
1073 2462 1139 2515 ad
1170 2464 1446 2519 mollitiem
1469 2479 1717 2537 spectant
1738 2471 2071 2528 abstinentes

482 2560 538 2605 ct
569 2552 746 2606 victus
776 2567 995 2623 parcam
1039 2559 1304 2612 rationem
1364 2560 1622 2616 habentes
1676 2571 1730 2615 et
1764 2562 2071 2620 moderatas

482 2646 728 2714 corporis
800 2649 1201 2717 necessitates;
1260 2661 1316 2707 et
1375 2654 1532 2708 valde
1610 2670 1742 2710 sane
1817 2670 2069 2712 curantes

483 2740 747 2794 moralem
802 2740 1070 2807 habitum,
1121 2746 1175 2799 in
1232 2750 1691 2818 contemplatione
1746 2752 2069 2821 plerumque

482 2843 871 2901 perseverant;
904 2835 1033 2892 hinc
1096 2838 1371 2895 enimvero
1397 2840 1562 2895 Essaei
1618 2852 1898 2905 vocantur,
1925 2844 2068 2899 istud

480 2927 802 2983 ostendente
841 2931 1061 2984 nomine
1095 2948 1108 2996 ;
1142 2941 1195 2985 et
1236 2947 1457 3001 prorsus
1513 2943 1596 2988 est
1646 2935 1751 2989 illis
1783 2937 2068 3006 undequa-

481 3032 591 3087 que
649 3027 830 3075 rectus
876 3022 1233 3092 philos0phiae
1294 3025 1442 3091 ﬁnis,
1500 3025 1658 3082 factis
1720 3043 2063 3099 nequaquam

2188 541 2439 611 ρολέσχαι
2473 543 2617 605 τινὲς
2647 542 2799 606 ὄντες
2836 543 2929 595 καὶ
2960 540 3072 595 τῶν
3114 538 3523 594 ἀναποδείκτων
3553 538 3736 609 ἐξηγη-

2182 631 2297 697 ταὶ,
2322 633 2552 702 μέγεθος
2585 633 2819 705 ούρανοῦ
2849 632 2944 687 καὶ
2976 632 3129 704 ἡλίου
3174 632 3349 704 μέτρα
3388 632 3484 683 καὶ
3511 630 3739 702 ἀστέρων

2182 724 2468 794 ἐνέργειαν
2522 725 2721 779 είδέναι
2767 724 3343 795 κατεπαγγελλόμενοι
3371 764 3384 789 ,
3446 722 3564 777 ἔστι
3593 723 3639 777 δ’
3667 726 3737 778 ὅτι

2182 817 2278 869 xui.
2306 815 2579 886 θεολογείν
2619 818 2719 887 μὲν
2761 815 3190 888 ἐπιχειροῦντες,
3237 814 3371 868 ὅπου
3421 814 3518 868 καὶ
3553 818 3587 887 ὴ
3631 818 3742 888 ἀλήο

2182 906 2302 960 θεια
2337 907 2631 975 ἀνέφικτος
2662 908 2755 961 καὶ
2780 910 2807 962 ό
2838 907 3143 978 στοχασμὸς
3166 904 3531 970 ἐπικίνδυνος,
3555 907 3737 973 ζῶντες

2179 998 2235 1052 δὲ
2264 997 2374 1051 τῶν
2414 1002 2472 1052 ἐν
2529 999 2777 1071 βορϐόρῳ
2836 997 3268 1069 κυλινδουμένων
3319 998 3518 1068 χοίρων
3562 998 3734 1069 ἀτιμό·

2179 1107 2345 1161 τεροι.
2374 1092 2434 1144 El
2465 1090 2520 1145 δὲ
2564 1092 2658 1145 καί
2690 1110 2836 1156 τινες
2875 1090 3126 1161 ἐγένοντο
3180 1089 3501 1161 πρακτικοὶ,
3547 1088 3732 1144 τούτων

2181 1184 2431 1253 ἐγένοντο
2455 1183 2693 1255 χείρους,
2725 1183 2908 1250 δόξαις
2939 1201 2999 1238 τε
3051 1184 3144 1237 καὶ
3178 1182 3428 1244 ἐπαίνοις
3454 1184 3581 1245 τοὺς
3608 1180 3735 1252 (68⁸)

2179 1277 2374 1341 πόνους
2421 1279 2807 1349 πεπραχότες’
2836 1280 3051 1340 οὐδενὸς
3108 1277 3219 1347 γὰρ
3274 1274 3461 1345 ἐτέρου
3520 1274 3742 1346 χάρινῆ

2179 1368 2494 1433 ἐπιδείξεως
2546 1371 2643 1423 xui.
2678 1370 2984 1440 φιλοδοξίας
3040 1369 3373 1440 ἐπετήδευον
3433 1368 3483 1420 οἱ
3532 1366 3745 1422 δείλαιοι

2177 1461 2248 1514 τὰ
2304 1461 2735 1533 πολλάομισθὸν
2779 1463 2972 1535 εὐτελῆ
3037 1464 3131 1516 καὶ
3185 1462 3344 1533 255
3393 1460 3601 1515 εὔωνον
3654 1462 3747 1530 τῆς

2177 1549 2435 1619 τοιαύτης
2503 1552 3000 1623 καταλλαττόμενοι
3067 1552 3487 1623 ταλαιπωρίας’
3529 1552 3591 1605 τὸ
3646 1550 3749 1622 γάρ

2180 1643 2456 1712 σιωπῆσαι
2484 1644 2571 1697 διὰ
2604 1644 2807 1709 παντὸς
2861 1644 3004 1697 κατά
3031 1644 3132 1715 τὴν
3174 1644 3564 1715 Πυθαγορικὴν
3593 1660 3749 1712 νομο-

2178 1733 2367 1789 θεσίαν
2387 1737 2479 1788 xui.
2509 1736 2688 1806 χόρτῳ
2715 1736 3039 1807 τρέφεσθαι,
3075 1738 3340 1807 τριχίνοις
3379 1737 3587 1809 ῥακίοις
3628 1753 3751 1789 σκε-

2179 1826 2449 1890 πάζεσθαι
2477 1830 2573 1881 xui.
2600 1829 2658 1879 ἐν
2682 1828 2827 1898 πίθῳ
2859 1828 3318 1883 κατακεκλεῖσθαι
3356 1828 3449 1880 καὶ
3474 1826 3751 1880 διαϐιῶναι

2180 1919 2453 1989 μηδεμίαν
2486 1920 2723 1991 ἀμοιϐὴν
2760 1923 2901 1993 μετά
2949 1921 3181 1974 θάνατον
3209 1920 3534 1991 προσδοκᾷν,
3571 1920 3751 1987 πάσης

2177 2012 2360 2076 ἀνοίας
2390 2014 2536 2067 ἐστὶν
2563 2014 2843 2076 ἐπέκεινα,
2872 2013 2950 2084 τῷ
2977 2013 3078 2084 βίῳ
3102 2011 3276 2082 τούτῳ
3350 2009 3753 2079 συγκαταλύειν

2176 2103 2275 2170 τῆς
2322 2106 2524 2174 ἀρετῆς
2571 2104 2641 2158 τὰ
2699 2104 2929 2158 ἔπαθλα.
2964 2135 3033 2146 -
3064 2104 3176 2174 (10)
3224 2104 3472 2157 Ἰουδαῖοι
3526 2103 3584 2156 δὲ
3637 2102 3753 2157 ὅσοι

2175 2199 2364 2249 τοῦτον
2396 2197 2661 2267 ἐτίμησαν
2713 2198 2806 2251 τὸν
2857 2197 2990 2268 βίον,
3038 2196 3151 2250 elui.
3196 2196 3296 2265 μὲν
3351 2195 3445 2249 τοῦ
3494 2195 3749 2249 Ἶωναδάϐ

2174 2288 2437 2356 ἀπόγονοι
2461 2306 2474 2318 ·
2512 2289 2722 2352 πάντας
2748 2289 2805 2342 δὲ
2832 2290 2961 2352 τοὺς
2992 2289 3255 2351 ὡσαύτως
3291 2287 3440 2357 βιοῦν
3468 2285 3754 2352 ἐθέλοντας

2177 2382 2447 2451 προίεμεν
2500 2383 2582 2444 είς
2614 2381 2713 2451 τὴν
2774 2382 2947 2451 αὐτὴν
2986 2382 3289 2451 ἐνάγουσαν
3336 2380 3649 2447 πολιτείαν,
3674 2379 3757 2433 ol-

2172 2491 2315 2536 τινες
2348 2475 2407 2525 ἐν
2440 2476 2667 2543 σκηναῖς
2696 2474 3013 2529 κατοικοῦσι
3036 2473 3354 2540 διαπαντὸς,
3382 2473 3525 2528 οἴνου
3566 2489 3625 2526 τε
3656 2473 3755 2526 καὶ

2170 2565 2280 2619 τῶν
2310 2565 2447 2637 πρδς
2472 2566 2515 2597 ⁸⁸
2541 2566 2600 2619 τὸ
2629 2565 2975 2636 ἁϐροδίαιτον
3021 2567 3242 2620 πάντων
3291 2566 3620 2636 ἀπεχόμενοι
3655 2564 3755 2617 xui.

2170 2658 2386 2712 δίαιταν
2409 2657 2626 2727 ἔχοντες
2649 2658 2843 2729 εὐτελῆ
2872 2659 2969 2712 xui.
2998 2657 3098 2729 τὴν
3122 2658 3321 2729 χρείαν
3354 2672 3756 2727 συμμεμετρη-

2174 2750 2343 2822 μένην
2370 2750 2463 2803 τοῦ
2496 2750 2751 2820 σώματος
2770 2766 2785 2781 ο
2815 2751 2907 2806 xui
2934 2751 3139 2823 σφόδρα
3170 2751 3269 2817 μὲν
3295 2749 3388 2803 οῦν
3423 2746 3754 2818 ἐπιμελοῦν-

2169 2858 2262 2905 τες
2289 2841 2393 2911 τῆς
2424 2840 2621 2911 ἠθικῆς
2653 2840 2841 2906 ἕξεως,
2884 2842 3091 2912 θεωρίᾳ
3116 2841 3173 2893 δέ
3198 2840 3268 2894 τὰ
3290 2838 3462 2892 πολλά
3499 2837 3751 2907 προσμέ-

2172 2949 2351 2985 νουσιν
2374 2949 2388 2963 ο
2419 2931 2573 2984 ἐνθεν
2596 2932 2821 3002 γὰρκαὶ
2844 2931 3085 2983 Ἐσσαῖοι
3116 2927 3432 2993 καλοῦνται,
3460 2928 3619 2981 τοῦτο
3649 2926 3752 2995 δη·

2169 3023 2392 3088 λοῦντος
2422 3022 2517 3077 τοῦ
2539 3024 2825 3095 ὀνόματος,
2853 3022 2948 3076 καὶ
2982 3022 3170 3081 ἁπλῶς
3193 3023 3340 3074 ἐστιν
3378 3021 3564 3082 αὐτοῖς
3604 3019 3752 3072 πάν-

480 3108 811 3177 prol‘essioni
863 3116 1316 3183 repugnantibus.
1377 3117 1448 3171 At
1502 3134 1625 3189 quae
1672 3119 1758 3177 his
1788 3120 2065 3176 molestia-

2170 3114 2326 3167 τοθεν
2352 3111 2795 3184 κατορθούμενος
2828 3116 2857 3166 ὁ
2879 3112 2980 3182 τῆς
3026 3110 3350 3181 φιλοσοφίας
3400 3108 3623 3172 σκοπὸς,
3654 3108 3752 3158 ού-

480 3216 604 3255 ium
647 3203 853 3258 utilitas
890 3213 944 3259 et
965 3204 1222 3262 laboriosi
1260 3209 1596 3277 certaminis,
1623 3210 1714 3280 qui
1752 3210 2066 3267 certaminis

481 3295 881 3362 designatorem
910 3307 962 3352 et
996 3298 1381 3356 instructorem
1403 3300 1682 3357 Christum
1712 3304 2067 3361 occiderunt?

485 3384 701 3440 Etenim
739 3388 859 3443 istis
896 3388 1151 3444 similiter
1223 3390 1470 3446 laborum
1509 3409 1715 3449 merces
1759 3395 1938 3464 periit,
1970 3395 2063 3465 qui

482 3477 832 3547 przemiorum
886 3481 1202 3536 certaminis
1257 3482 1666 3553 ahnegaverunt
1714 3486 2063 3555 dispensato-

482 3581 597 3621 rem
624 3582 638 3632 ;
667 3576 719 3623 et
740 3584 769 3623 a
789 3584 913 3624 vera
948 3570 1056 3625 vita
1089 3570 1321 3641 ideoque
1349 3587 1378 3626 a
1405 3574 1745 3643 philosophia
1778 3584 2058 3629 exerrant.

477 3659 831 3730 Philosophia
883 3662 1026 3716 enim
1076 3672 1159 3717 est
1212 3679 1423 3718 morum
1489 3665 1756 3721 correctio
1785 3682 1909 3721 cum
1941 3667 2062 3736 opi-

483 3752 645 3807 nione
668 3768 809 3808 vera:
835 3754 901 3807 de
932 3754 1022 3808 illo
1048 3756 1139 3825 qui
1206 3766 1289 3811 est
1345 3760 1712 3828 cognitionis;
1774 3760 1877 3814 hac
1933 3775 2064 3814 vero

479 3849 723 3905 destituti
759 3859 887 3905 sunt
912 3850 1074 3905 simul
1114 3862 1163 3905 et
1195 3849 1364 3906 Judaei
1393 3862 1445 3908 et
1484 3852 1677 3916 Grmci,
1728 3856 1819 3925 qui
1846 3856 2064 3926 sapien-

480 3941 610 3999 tiam
639 3957 761 4011 quze
797 3956 827 3995 ο
850 3942 989 3995 coelo
1015 3942 1372 3996 desrenderat
1406 3946 1638 3999 aversati
1673 3955 1818 4010 sunt,
1860 3958 1913 4000 et
1943 3949 2060 4002 sine

481 4037 701 4091 Christo
732 4035 1009 4105 sapientes
1068 4051 1189 4089 esse
1221 4046 1582 4098 tentavcrunt,
1605 4039 1692 4108 qui
1726 4040 1875 4094 solus
1898 4055 2061 4110 opere

477 4139 534 4183 et
567 4130 730 4184 verbo
786 4130 1175 4184 demonstravit
1250 4130 1669 4200 philosophiam.
1741 4130 1839 4186 llic
1912 4133 2058 4187 enim

476 4240 512 4302 p
546 4223 692 4278 itnus
721 4233 772 4277 et
798 4224 950 4277 solus
988 4224 1108 4277 vita:
1138 4223 1276 4277 viam
1335 4225 1546 4294 aperuit
1582 4242 1597 4289 ;
1632 4224 1794 4295 hujus
1818 4226 2056 4295 regimen

477 4321 863 4373 demonstrans
896 4333 1117 4388 purum,
1169 4325 1223 4371 et
1276 4317 1647 4372 sublimiorem
1699 4333 1914 4388 semper
1944 4334 2061 4373 cor-

476 4412 627 4482 poris
706 4412 1096 4480 cupiditatibus
1182 4411 1431 4465 attollens
1515 4412 1776 4475 animam,
1868 4412 2058 4466 ultimo

2170 3205 2345 3275 δαμοῦ
2370 3206 2479 3258 τῶν
2508 3206 2853 3275 πραγμάτων
2900 3204 3319 3273 διαμαχομένων
3361 3202 3439 3273 τῷ
3482 3201 3758 3269 ἐπαγγέλ-

2174 3315 2324 3368 ματι.
2375 3297 2534 3349 Ἀλλά
2562 3297 2615 3349 τί
2642 3297 2749 3350 τῶν
2778 3296 3004 3365 ἀγώνων
3040 3296 3233 3366 ϐφελος
3272 3296 3456 3357 αὐτοῖς
3496 3295 3589 3349 xui.
3641 3293 3757 3364 τῆς

2170 3389 2431 3442 ἐπιπόνου
2465 3388 2748 3457 ἀθλήσεως
2774 3389 2865 3441 τὸν
2893 3388 3238 3459 ἀγωνοθέτην
3269 3387 3506 3457 Χριστὸν
3533 3387 3757 3457 ἀνῃρη-

2170 3483 2290 3535 κόσι
2316 3484 2360 3514 ⁶¹
2388 3500 2402 3548 ;
2432 3482 2523 3534 καὶ
2556 3482 2763 3535 τούτων
2797 3482 2902 3553 γάρ
2927 3480 3129 3551 ὁμοίως
3178 3482 3206 3533 ὁ
3232 3480 3341 3533 τῶν
3376 3480 3555 3532 πόνων
3598 3480 3757 3547 οἶχε-

2166 3592 2253 3628 ται
2305 3574 2518 3644 μισθὸς,
2551 3573 2949 3641 ἀρνησαμένων
3000 3571 3093 3624 τὸν
3127 3571 3236 3623 τῶν
3284 3569 3536 3623 ἐπάθλων
3565 3568 3757 3621 διανο·

2172 3668 2277 3738 μέα
2299 3684 2312 3699 °
2341 3668 2433 3719 xui
2459 3667 2555 3735 τῆς
2585 3664 2821 3734 ἀληθοῦς
2844 3665 2989 3733 ζωῆς·
3023 3664 3117 3717 xui.
3143 3662 3462 3731 φιλοσοφίας
3490 3662 3759 3729 ἀπεσφά-

2167 3761 2339 3829 λησαν
2359 3760 2425 3812 ⁸³.
2454 3758 2500 3828 (Ι
2520 3761 2563 3825 Ι)
2589 3757 2882 3824 Φιλοσοφία
2903 3757 3011 3826 γάρ
3059 3756 3207 3808 ἐστιν
3227 3754 3374 3825 ἠθῶν
3404 3753 3761 3822 κατόρθωσις

2170 3854 2307 3923 μετά
2340 3852 2497 3922 δόξης
2532 3851 2629 3919 τῆς
2666 3851 2796 3920 περὶ
2840 3848 2929 3903 τοῦ
2956 3849 3106 3912 ὄντος
3152 3850 3408 3917 γνώσεως
3465 3846 3710 3916 ἀληθοῦς
3740 3862 3757 3877 ο

2166 3943 2367 4013 ταύτης
2428 3945 2484 3996 δὲ
2550 3942 2942 4012 ἀπεσφάλησαν
2987 3942 3155 4010 ἄμφω
3209 3941 3304 3993 xui.
3358 3940 3605 3993 Ἰουδαῖοι
3653 3938 3763 3991 καὶ

2166 4039 2446 4109 Ἕλληνες,
2480 4037 2577 4107 τὴν
2624 4037 2718 4090 ἀπ’
2754 4036 2988 4106 ούρανοῦ
3032 4035 3491 4106 παραγενομένην
3544 4032 3757 4100 σοφίαν

2164 4130 2637 4201 παραιτησάμενοι
2670 4128 2759 4183 καὶ
2772 4128 3181 4199 χωρὶςΧριστοῦ
3203 4128 3513 4197 φιλοσοφεῖν
3533 4130 3763 4197 ἐπιχει-

2167 4229 2449 4298 ρήσαντες,
2498 4225 2590 4279 τοῦ
2624 4225 2785 4295 μόνου
2840 4224 3267 4294 παραδείξαντος
3292 4224 3439 4294 ἔργῳ
3460 4225 3554 4277 καὶ
3598 4223 3764 4294 λόγῳ

2162 4320 2260 4391 τὴν
2296 4318 2472 4390 ἀληθῆ
2528 4317 2866 4388 φιλοσοφίαν.
2894 4311 3062 4379 Οὗτος
3113 4317 3222 4387 γὰρ
3265 4317 3479 4386 πρῶτος
3512 4316 3607 4368 καὶ
3645 4318 3762 4384 μό-

2161 4429 2253 4475 νος
2280 4411 2327 4443 ”
2356 4410 2517 4479 ἔτεμε
2563 4408 2639 4479 τῷ
2673 4409 2795 4479 βίῳ,
2834 4408 2933 4477 τὴν
2958 4407 3165 4477 ταύτης
3209 4407 3491 4460 πολιτείαν
3546 4406 3761 4459 ἐπιδει-

476 4514 656 4558 autem
684 4513 738 4557 et
758 4505 930 4572 ipsam
950 4504 1275 4574 despiciens,
1308 4506 1525 4573 quando
1550 4519 1577 4557 a
1611 4520 1668 4559 se
1698 4504 2057 4573 dispensanda

2170 4470 2399 4571 ξάμενος
2426 4470 2697 4570 καθαράνί,
2724 4470 3006 4569 ἀνωτέραν
3052 4470 3138 4551 ἀεί
3174 4498 3356 4568 φέρων
3413 4500 3511 4567 τὴν
3562 4499 3761 4569 ψυχὴν

475 4593 627 4651 salus
688 4593 970 4648 hominum
1027 4604 1256 4648 mortem
1315 4596 1647 4663 postulabat,
1700 4596 1828 4649 hinc
1858 4596 2057 4651 docens

474 4695 730 4760 oportere
776 4683 1156 4754 philosophum
1228 4693 1370 4736 recte
1430 4686 1716 4753 eligentem
1773 4687 2059 4755 repudiare

474 4780 696 4855 quidem
739 4791 1076 4847 qumcunquc
1109 4775 1160 4830 in
1210 4777 1314 4829 vita
1342 4776 1582 4844 jucunda
1608 4787 1757 4844 sunt,
1786 4779 2062 4835 laboribus

408 4864 418 4879 ’
472 4883 657 4930 autem
685 4880 739 4935 et
756 4870 1043 4930 aﬂectibus
1066 4868 1357 4940 praevalere
1390 4868 1621 4933 fortiter,
1642 4886 1840 4940 corpus
1875 4866 2056 4941 despi-

473 4969 734 5029 cientem,
793 4972 848 5019 ct
878 4978 945 5018 ne
988 4963 1225 5018 animam
1264 4961 1484 5032 quidem
1536 4960 1737 5015 habere
1776 4962 1828 5015 in
1861 4963 2056 5031 pretio,

474 5059 570 5113 scd
602 5067 654 5112 et
689 5057 859 5127 ipsam
921 5052 1088 5107 alacri
1152 5052 1337 5113 animo
1399 5051 1746 5122 profundere,
1813 5068 1937 5106 cum
1990 5054 2056 5107 ad

468 5148 863 5207 ostendendam
891 5146 1145 5199 virtutem
1193 5145 1338 5198 illam
1370 5144 1637 5214 deponere
1696 5154 1927 5213 Oportet.
1994 5145 2059 5201 Et

470 5243 613 5298 hanc
641 5248 915 5311 acceptam
950 5236 1177 5308 apostoli
1234 5236 1354 5305 ejus
1403 5243 1451 5294 el
1488 5234 1737 5310 discipuli
1788 5251 1910 5291 vere
1936 5236 2055 5293 vitae

472 5348 721 5390 normam
756 5332 953 5388 imitati
988 5340 1132 5385 sunt.
1171 5329 1346 5383 Simul
1388 5343 1452 5383 ac
1478 5330 1623 5385 enim
1665 5330 1841 5384 vocati
1898 5340 2048 5398 sunt,

474 5426 848 5481 renuntiantes
904 5425 1120 5495 quidem
1154 5424 1296 5491 vitae,
1334 5432 1387 5477 et
1423 5424 1756 5493 negligentes
1793 5426 2051 5493 patriam,

475 5526 530 5567 et
580 5532 774 5585 genus,
827 5530 879 5573 et
927 5518 1230 5580 facultates,
1292 5517 1358 5572 ad
1391 5517 1584 5571 duram
1637 5527 1689 5572 et
1721 5518 2046 5573 laboriosam

476 5607 639 5659 vitam
670 5611 1025 5677 transierunt,
1079 5626 1174 5679 per
1208 5626 1399 5666 omnes
1428 5611 1743 5667 incedentes
1771 5612 2048 5668 molestias

2161 4597 2270 4649 τῶν
2306 4593 2495 4648 παθῶν
2518 4592 2609 4646 τοῦ
2648 4591 2900 4662 σώματος
2926 4608 2939 4621 ·
2972 4592 3202 4661 ἔσχατον
3225 4591 3281 4644 δὲ
3312 4593 3406 4645 καὶ
3441 4591 3609 4662 αὐτῆς
3648 4610 3760 4645 και

2164 4690 2515 4759 ταφρονήσας
2548 4686 2613 4751 ⁸⁸,
2641 4686 2728 4738 ὅτε
2750 4687 2783 4755 ἡ
2813 4686 2947 4754 παρ’
2977 4683 3142 4737 αὑτοῦ
3167 4684 3599 4755 οίκονομουμένη
3640 4700 3763 4736 σωι

2164 4781 2332 4849 τηρία
2360 4780 2470 4831 τῶν
2497 4776 2801 4849 ἀνθρώπων
2822 4778 3017 4848 ἀπῄτει
3048 4777 3301 4841 θάνατον,
3356 4777 3625 4831 διδάσκων
3659 4776 3764 4831 διὰ

2161 4871 2377 4935 τούτου,
2409 4871 2490 4923 ὅτι
2522 4870 2604 4924 δεῖ
2625 4871 2716 4923 τὸν
2749 4868 3040 4939 φιλόσοφον
3078 4869 3255 4939 ὀρθῶς
3303 4868 3766 4939 προαιρούμενον

2161 4962 2509 5035 ἀρνήσασθαι
2560 4962 2663 5032 μὲν
2690 4962 2759 5015 τά
2788 4962 2925 5030 ἡδέα
2949 4963 3131 5015 πάντα
3181 4960 3275 5013 τοῦ
3306 4960 3447 5031 βίου,
3479 4960 3668 5013 πόνων
3698 4962 3765 5014 δὲ

2162 5055 2253 5110 xui
2286 5056 2475 5110 παθῶν
2503 5055 2563 5108 εὖ
2606 5056 2749 5127 μάλα
2778 5057 3118 5126 ἐπικρατεῖν,
3160 5056 3617 5125 καταφρονοῦντα
3654 5056 3767 5108 τοῦ

2161 5150 2433 5221 σώματος,
2494 5150 2642 5221 ἔχειν
2674 5150 2729 5203 δὲ
2790 5150 2934 5220 μηδὲ
2991 5152 3091 5220 τὴν
3136 5148 3317 5219 ψυχὴν
3367 5150 3579 5219 τιμίαν,
3604 5150 3773 5205 ἀλλὰ

2161 5244 2255 5296 xui.
2280 5243 2485 5313 ταύτην
2508 5242 2805 5312 προθύμως
2828 5242 3115 5309 προέσθαι,
3143 5242 3272 5295 ὅταν
3295 5241 3361 5293 δι’
3381 5242 3579 5311 ἀρετῆς
3606 5242 3731 5294 ἀπό
3748 5272 3771 5283 ο

2158 5334 2326 5400 δειξιν
2357 5334 2660 5388 ἀποθέσθαι
2689 5333 2853 5405 256
2878 5335 3009 5389 δέοι.
3063 5334 3172 5387 Καὶ
3222 5333 3429 5401 ταύτην
3488 5333 3771 5404 παραλα-

2161 5428 2347 5492 ϐόντες
2375 5430 2423 5482 οί
2448 5428 2737 5482 ἀπόστολοι
2764 5428 2930 5482 αὑτοῦ
2957 5429 3052 5481 καὶ
3089 5429 3329 5498 μαθηταὶ
3356 5426 3594 5496 γνησίως
3649 5426 3772 5498 τὴν

2156 5521 2434 5591 διαγωγὴν
2475 5522 2819 5591 ἐμιμήσαντο
2844 5538 2858 5552 ⁸
2903 5522 3019 5591 ἅμα
3053 5520 3162 5589 γάρ
3200 5520 3279 5590 τῷ
3305 5520 3573 5591 κληθῆναι
3603 5520 3774 5570 ἁπο-

2156 5617 2453 5688 ταξάμενοι
2491 5619 2590 5688 μὲν
2620 5616 2698 5687 τῷ
2731 5616 2831 5687 βίῳ
2885 5618 2978 5670 καὶ
3024 5617 3374 5687 ὑπεριδόντες
3410 5616 3679 5687 πατρῖδνις
3712 5620 3773 5648 ’⁸

1654 5706 1849 5767 Varios
1876 5708 2178 5773 lectiones
2214 5722 2273 5775 et
2307 5723 2472 5777 notm

542 5802 701 5873 “th
725 5802 999 5873 πρόςςοιί.
1071 5805 1579 5874 οίάπηρντ,μξνοιςῖ²
1638 5808 2060 5876 "immitius:

2170 5814 2234 5867 ul.
2300 5816 2511 5871 “6.66;?
2568 5816 2727 5887 ⁶⁵τῆς
2752 5816 2892 5885 ζωῆς
2915 5814 3227 5886 γρίψυχῆςῖδ
3285 5814 3579 5889 εἶπατρίδα
3617 5818 3773 5874 cod.
