4088 6224
404 328 506 393 ρίοΩ

1577 341 2038 407 CIIRONICON.
2080 369 2149 382 -
2189 346 2335 407 LIB.
2382 348 2501 408 III.

3547 346 3649 410 4ίο

404 442 496 493 καὶ
546 441 739 508 γένους
792 444 885 496 καὶ¹
927 444 1215 516 ὑπάρξεως
1264 447 1403 518 πρὸς
1448 448 1540 501 τὸν
1596 451 1835 521 σκληρὸν
1877 453 1966 505 καὶ

2072 467 2126 514 et
2183 460 2525 523 aﬂlictiones,
2600 458 2869 521 iusectati,
2925 458 3064 512 male
3120 459 3317 523 vexati,
3377 458 3646 514 destituti.

405 534 662 586 ἐπίπονον
683 533 851 598 εὐθὺς
881 538 1246 607 μετετάξαντο
1272 539 1405 609 βίον,
1433 541 1520 595 διὰ
1542 542 1761 595 πάντων
1787 545 1976 614 χωρή-

408 640 600 688 σαντες
618 624 730 678 τῶν
757 624 1040 697 δυσχερῶν
1077 631 1171 683 καὶ
1200 631 1599 702 τεθλιμμένων,
1626 634 1972 707 διωκόμενοι,

402 717 859 788 κακουχούμενοι,
898 720 1306 792 ὑστερούμενοι,
1355 726 1723 798 ἐλαυνόμενοι,
1765 746 1976 803 γυμνη-

400 804 674 871 τεύοντες,
730 807 1117 879 ὑϐριζόμενοι,
1165 815 1574 885 ἐμπτυόμενοι,
1625 819 1809 873 αὑτῶν
1863 821 1973 876 τῶν

399 896 718 963 ἀναγκαίων
748 900 950 964 ἐνδεεῖς
974 920 988 933 ·
1017 901 1246 971 ὕστερον
1282 907 1341 959 δὲ
1406 910 1499 961 καὶ
1553 908 1782 965 θανάτου
1838 929 1974 965 κατ-

397 989 712 1059 εφρόνησαν
735 992 916 1056 καλῶς
942 994 1031 1048 διὰ
1062 998 1281 1051 πάντων
1317 1001 1693 1072 μιμησάμενοι
1715 1004 1808 1057 τὸν
1827 1005 1974 1059 διδά-

399 1080 625 1143 σκαλον,
650 1081 729 1152 τῷ
760 1083 861 1154 βίῳ
886 1085 1280 1153 καταλιπόντες
1314 1092 1595 1159 πολιτείας
1637 1096 1866 1168 ἀρίστης
1896 1100 1974 1151 εί-

398 1172 553 1226 κόνα.
590 1173 752 1227 Ἀλλὰ
783 1175 970 1248 ἐπειδὴ
1019 1181 1252 1248 γράφειν
1298 1184 1405 1237 ἀπὸ
1437 1184 1580 1258 (68b)
1614 1188 1713 1258 τῆς
1761 1191 1971 1255 εἰκόνος

394 1261 606 1332 ταύτης
658 1264 858 1328 πάντες
906 1267 1224 1337 Χριστιανοὶ
1272 1271 1364 1325 τὸν
1417 1276 1625 1329 ἑαυτῶν
1674 1278 1789 1348 βίον
1820 1280 1972 1349 ὀφεί-

397 1354 605 1421 λονται,
643 1356 673 1425 ἢ
710 1358 810 1411 οὐκ
842 1359 1248 1434 ἠϐουλήθησαν,
1292 1366 1323 1436 ἢ
1375 1368 1652 1440 ἠτόνησαν
1695 1373 1835 1443 πρὸς
1869 1375 1969 1446 τὴν

398 1447 674 1519 μίμησιν·
708 1452 880 1522 ὀλίγοι
933 1454 990 1510 δέ
1032 1475 1179 1522 τινες
1226 1461 1573 1534 ἠδυνήθησαν
1629 1467 1728 1531 τὰς
1778 1486 1971 1541 κοσμι-

391 1541 498 1604 κάς
542 1543 860 1615 ὑπερκῦψαι
908 1551 1159 1620 ταραχὰς
1200 1554 1298 1606 καὶ⁸
1340 1559 1537 1624 φυγεῖν
1592 1559 1695 1627 τὴν
1732 1561 1790 1612 ἐν
1847 1566 1968 1628 ταῖς

393 1632 585 1686 πόλεσι
616 1634 784 1706 ζάλην
817 1639 911 1692 καὶ
931 1642 1032 1711 τὴν
1058 1643 1152 1695 τοῦ
1183 1647 1414 1713 ματαίου
1452 1647 1569 1717 βίου
1617 1654 1875 1721 φροντίδα
1907 1673 1965 1708 τε

2077 553 2285 623 agitati,
2313 550 2596 608 denudati.
2629 550 2975 606 contumeliis
3001 551 3199 615 an‘ecti,
3225 553 3496 620 consputi,
3517 555 3649 622 ipsis

2078 644 2240 699 rebus
2264 643 2591 698 necessariis
2613 642 2948 709 indigentes;
2979 643 3193 697 tandem
3214 652 3441 697 mortem
3476 644 3647 714 ipsam

2074 742 2520 803 contempserunt
2540 742 2687 788 recte
2705 747 2800 801 per
2814 731 2995 786 omnia
3012 731 3289 786 imitantes
3308 730 3644 803 Magistrum,

2074 827 2186 880 vita
2214 841 2311 881 sua
2344 824 2707 894 relinquentes
2737 823 2956 892 optimae
2988 822 3202 876 vivendi
3256 824 3482 880 rationis
3508 828 3647 880 ima-

2074 921 2280 990 ginem.
2310 916 2414 971 Sed
2449 924 2634 986 postea
2665 930 2827 984 quam
2868 913 3168 969 Christiani
3204 930 3415 972 omnes.
3444 917 3534 985 qui
3566 920 3649 973 vi-

2076 1018 2183 1063 tam
2217 1024 2373 1063 suam
2404 1008 2469 1061 ad
2494 1006 2802 1077 exemplum
2826 1005 2931 1060 hoc
2950 1005 3222 1059 delineare
3243 1005 3533 1066 debebant.
3563 1008 3646 1061 vel

2072 1102 2364 1157 noluerunt
2397 1100 2482 1155 vel
2520 1099 2837 1155 defecerunt
2870 1097 3171 1164 imitantes,
3210 1097 3428 1163 quidam
3463 1108 3643 1153 autem

2070 1196 2229 1265 pauci
2278 1194 2581 1248 mundanas
2604 1191 2998 1247 sollicitudines
3032 1189 3319 1244 valuerunt
3345 1189 3643 1259 despicere,

2070 1297 2123 1342 et
2162 1287 2377 1341 urbium
2433 1286 2615 1356 fugere
2662 1284 2931 1339 turbinem
2957 1292 3009 1337 et
3039 1283 3243 1336 insana:
3273 1282 3395 1335 vitae
3452 1296 3641 1335 curam

2067 1388 2120 1434 et
2150 1379 2487 1434 atl‘ectionem
2516 1395 2530 1445 ;
2570 1378 2754 1447 itaque
2779 1392 2808 1430 a
2854 1375 3144 1429 mundanis
3178 1374 3412 1442 exempti
3443 1375 3644 1426 tumul-

2070 1477 2237 1539 tibus,
2273 1485 2327 1530 et
2370 1474 2671 1530 solitariam
2717 1471 3111 1542 amplectentes
3172 1470 3360 1534 vitam,
3409 1467 3639 1520 turmam

2067 1576 2455 1639 expresserunt
2483 1567 2793 1636 apostolicae
2834 1564 3071 1627 virtutis,
3101 1562 3376 1633 possidere
3406 1558 3643 1627 inopiam

2067 1667 2456 1728 anteponentes
2506 1658 2574 1712 ob
2625 1658 2794 1711 animi
2831 1656 3156 1719 libertatem,
3211 1668 3348 1708 ese-.e
3378 1650 3647 1720 exquisite

391 1724 489 1777 καὶ
513 1729 913 1795 προσπάθειαψ
935 1735 1027 1786 καὶ
1040 1734 1215 1799 οὕτως
1236 1737 1339 1801 ἔξω
1357 1741 1636 1809 γενόμενοι
1658 1745 1768 1798 τῶν
1782 1764 1966 1817 κοσμι.

391 1816 507 1846 υιτ...
532 1818 779 1846 a--.¢:....
820 1823 909 1846 ,ιη
939 1826 1185 1846 ﬁbula”;
1241 1829 1309 1846 ιι.
1357 1832 1368 1846 ο
1550 1833 1562 1846 ι
1760 1838 1801 1846 --
1832 1838 1878 1846 ...

2072 1752 2298 1808 condita:
2349 1764 2660 1817 extempore
2702 1760 2754 1804 et
2817 1750 2933 1803 sine
2989 1756 3105 1801 arte
3142 1755 3384 1816 paratam
3452 1741 3645 1812 pra‘fe-

390 1816 507 1868 κῶν
532 1818 800 1888 θορύϐων,
818 1823 909 1875 τὸν
935 1826 1225 1893 μοναδικδν
1241 1829 1309 1859 ⁸⁸·
1343 1832 1728 1903 ἀσπασάμενοι
1758 1838 1801 1869 ⁸⁷
1827 1816 1962 1908 βίον,

388 1910 691 1976 ἐκμαγεῖον
715 1913 817 1981 τῆς
853 1914 1221 1989 ἀποστολικῆς
1253 1920 1457 1991 ἀρετῆς
1488 1926 1839 1996 ἐποιήσαντο,
1870 1930 1963 1982 τοῦ

389 1998 496 2065 μὲν
532 2002 833 2072 κεκτῆσθαι
864 2007 963 2078 τὴν
1002 2010 1393 2084 ἀκτημοσύνην
1452 2017 1849 2090 προκρίναντες
1877 2022 1965 2078 διὰ

386 2092 448 2185 τὸ
500 2092 934 2185 ἀπερίσπαστον,
972 2104 1177 2173 τροφῆς
1236 2106 1294 2158 δὲ
1355 2113 1840 2184 κεκαρυκευμένης
1867 2116 1965 2185 τὴν

386 2182 820 2258 ἑτχεδιασμένην
868 2194 1329 2265 προτιμήσαντες,
1378 2199 1464 2252 διὰ
1502 2202 1601 2265 τὰς
1638 2202 1748 2256 τῶν
1776 2182 1964 2260 παθῶν

384 2275 795 2369 ὲπμναστάσεις
847 2288 912 2355 τῇ
964 2292 1358 2364 παρατυχούσῃ
1415 2299 1588 2366 τροφῇ
1634 2297 1732 2367 τὴν
1773 2301 1964 2369 χρείαν

384 2366 483 2418 τοῦ
514 2369 768 2438 σώματος
802 2375 1227 2447 ἐκπληροῦντες,
1271 2382 1585 2452 ἐνδυμάτων
1608 2404 1666 2440 τε
1690 2366 1964 2457 μαλακῶν

384 2458 612 2530 καὶτῆς
643 2464 834 2533 χρείας
869 2466 996 2535 ἔξω,
1033 2471 1109 2534 ὡς
1159 2473 1509 2546 ἀνθρωπίνης
1558 2479 1743 2550 χλιδῆς
1769 2483 1814 2513 ⁸⁸
1843 2485 1963 2536 ἐπί-

384 2569 546 2647 νοιαν
570 2554 943 2647 ἀλογήσαντες
975 2565 1043 2630 ⁸³,
1082 2565 1201 2638 λιτῇ
1228 2572 1322 2621 καὶ
1353 2572 1669 2645 ἀπεριέργῳ
1696 2578 1853 2647 στολῇ
1876 2578 1965 2631 διὰ

380 2645 490 2717 τὴν
518 2646 613 2738 τοῦ
655 2648 909 2720 σώματος
939 2655 1188 2728 ἀνάγκην
1210 2661 1534 2730 ἐχρήσαντο.
1575 2664 1687 2734 (l2)
1722 2645 1964 2738 Καὶ-γὰρ

378 2741 411 2789 ὁ
452 2737 656 2808 Κύριος
683 2743 759 2812 τῷ
790 2744 1031 2817 πλουσίῳ
1048 2750 1148 2820 τὴν
1175 2751 1519 2823 τελειοτάτην
1551 2755 1643 2808 τοῦ
1667 2758 1807 2809 κατά
1831 2737 1966 2811 Θεὸν

381 2830 701 2899 ἀκροτάτου
759 2832 877 2903 βίου
913 2836 1106 2891 τούτου
1157 2841 1475 2909 σαφέστατα
1505 2844 1895 2915 ὑποτιθέμενος
1917 2849 1963 2879 ⁷⁸

386 2942 406 2973 ι
449 2923 704 2993 πωλῆσαι
727 2926 770 2958 ⁷⁸
794 2930 863 2981 τὰ
897 2928 1211 3001 ὑπάρχοντα
1236 2933 1328 2986 καὶ
1353 2935 1624 2991 διαδοῦναι
1648 2941 1904 3007 πτωχοῖς,
1940 2956 1959 2990 ι

379 3016 483 3067 καὶ
538 3015 711 3079 οὕτως
758 3020 1082 3090 ἀμερίμνως
1128 3024 1224 3076 καὶ
1260 3025 1685 3093 ἀπερισπάστως
1742 3028 1967 3081 ἀκολου-

2074 1854 2274 1909 rentes,
2335 1845 2404 1898 ob
2482 1842 2841 1911 cupiditatum
2909 1840 3231 1894 rebelliones
3307 1834 3468 1888 obvio
3523 1833 3646 1886 cibo

2072 1936 2316 2008 corporis
2374 1934 2683 1990 necessitati
2722 1931 3160 1994 satisfacientes;
3195 1928 3425 1982 vestitus
3455 1924 3647 1977 molles

2071 2038 2126 2085 et
2179 2037 2333 2085 extra
2369 2025 2747 2081 necessitatem
2806 2031 2865 2077 ut
2916 2022 3200 2076 hominum
3255 2018 3415 2071 luxus
3462 2016 3648 2068 inven-

2072 2123 2273 2177 tionem
2343 2125 2718 2190 asperuantes,
2794 2114 2887 2168 vili
2936 2123 2990 2168 et
3052 2113 3170 2167 sine
3214 2118 3330 2164 arte
3369 2107 3644 2163 elaborata

2072 2222 2243 2277 veste,
2293 2211 2363 2265 ob
2399 2208 2640 2279 corporis
2665 2206 3066 2266 necessitatem,
3092 2203 3398 2257 utebantur.
3430 2196 3642 2251 Etenim

2072 2306 2333 2361 Dominus
2367 2302 2519 2358 diviti
2552 2314 2766 2356 summa
2799 2299 2924 2352 vitae
2954 2296 3114 2365 hujus
3144 2294 3441 2349 secundum
3477 2288 3644 2342 Deum

2071 2397 2402 2469 perfectione
2440 2392 2725 2465 praeposita
2750 2432 2765 2457 ,
2817 2410 2835 2443 ι
2867 2401 2926 2446 ut
2979 2388 3239 2444 venderet
3285 2379 3644 2440 substantiam

2072 2501 2125 2547 et
2181 2491 2335 2545 daret
2389 2485 2737 2557 pauperibus,
2780 2501 2799 2535 ι
2834 2490 2888 2536 et
2922 2482 2992 2534 ita
3052 2479 3170 2534 sine
3214 2489 3345 2530 cura
3394 2481 3449 2527 et
3478 2472 3643 2525 libera

2073 2592 2253 2637 mente
2303 2579 2531 2635 serviret
2595 2588 2856 2631 «crucem
2932 2571 3128 2626 tollens
3164 2586 3182 2619 ι
3257 2562 3554 2623 mandavit,
3592 2569 3646 2613 et

2073 2690 2178 2729 non
2203 2673 2283 2729 sic
2308 2672 2589 2726 facientem
2618 2668 2798 2737 seipso
2818 2664 3097 2733 indignum
3126 2658 3388 2731 judicavit
3413 2674 3426 2709 :
3455 2673 3472 2705 ι
3508 2653 3646 2719 Qu”-

2071 2778 2286 2833 cunque
2344 2762 2486 2816 enim
2541 2774 2645 2813 non
2678 2756 2956 2826 reliquerit
2992 2761 3223 2823 patrem,
3269 2756 3363 2803 aut
3393 2755 3643 2804 matrem,

2071 2867 2166 2911 aut
2221 2855 2437 2919 fratres,
2489 2861 2583 2907 aut
2641 2864 2890 2913 uxorem,
2968 2856 3055 2900 aut
3090 2843 3251 2904 filios,
3312 2846 3405 2894 aut
3462 2850 3643 2905 agros,

2072 2957 2292 3018 propter
2343 2960 2539 3000 nomen
2591 2957 2793 3002 meum,
2828 2949 2881 2994 et
2921 2954 3027 2992 non
3093 2931 3367 3002 acceperit
3427 2942 3642 2982 (ειύεριιι

2073 3055 2227 3094 suam
2264 3047 2318 3093 et
2364 3045 2581 3091 secutus
2611 3048 2696 3087 me
2738 3032 2921 3091 fuerit,
2957 3042 3067 3082 non
3116 3036 3199 3080 est
3252 3037 3337 3075 me
3372 3020 3587 3088 dignus.
3620 3033 3638 3065 ι

378 3106 504 3158 θεῖν
524 3107 572 3138 ’⁸
616 3127 636 3161 ι
670 3109 764 3162 τὸν
823 3112 1061 3181 σταυρὸν
1099 3115 1310 3184 ἄραντα
1350 3135 1368 3168 ι
1401 3118 1722 3186 προσέταξε,
1749 3120 1843 3172 καὶ
1872 3121 1963 3173 τὸν

2072 3129 2198 3184 Ideo
2255 3144 2360 3183 non
2392 3128 2549 3182 aliter
2581 3124 2833 3177 meritum
2869 3121 2974 3175 hoc
3022 3127 3076 3171 et
3132 3112 3516 3186 perfectionem
3551 3120 3641 3158 as-

378 3198 550 3252 τοῦτο
582 3201 659 3272 μὴ
700 3203 956 3257 ποιοῦντα
984 3207 1203 3270 ἀνάξιον
1226 3209 1422 3262 ἐαυτοῦ
1448 3210 1689 3281 ἔκρινεν·
1722 3231 1739 3263 ι
1777 3214 1965 3278 Ὅστις

381 3294 520 3361 γὰρ,
578 3296 745 3364 φησὶν
772 3297 839 3361 ⁷⁸,
872 3298 973 3352 οὑκ
1018 3300 1222 3368 ἀφήσει
1290 3303 1504 3373 πατέρα
1551 3305 1581 3374 ἢ
1645 3306 1963 3377 μητέρα,ἢ

379 3386 655 3455 ἀδελφοὺς
686 3389 718 3460 ἢ
749 3392 1061 3460 γυναῖκα,ῆ
1093 3394 1279 3456 τέκνα,
1310 3396 1341 3468 ἢ
1374 3396 1579 3464 ἀγροὺς
1632 3397 1819 3451 ἕνεκεν
1869 3398 1963 3451 τοῦ

378 3478 654 3548 ὀνόματός
692 3498 795 3551 μου
828 3483 921 3534 καὶ
961 3485 1086 3552 ἀρεῖ
1113 3485 1204 3537 τὸν
1236 3487 1469 3556 σταυρὸν
1496 3488 1682 3554 αὑτοῦ,
1713 3489 1809 3542 καὶ
1833 3491 1963 3543 ἀκο-

378 3570 645 3637 λουθήσει
701 3590 844 3642 μοι,
879 3574 979 3627 οὑκ
1045 3574 1161 3629 ἐστι
1215 3593 1316 3645 μου
1372 3576 1544 3643 ἄξιος.
1582 3597 1601 3631 ι
1659 3581 1964 3651 Τοιγαροῦν

379 3666 484 3716 οὐκ
505 3664 653 3719 ἔστιν
671 3666 849 3730 ἄλλως
871 3667 971 3736 τῆς
996 3667 1153 3733 ἀξίας
1181 3670 1384 3741 ταύτης
1418 3672 1513 3725 καὶ
1536 3673 1637 3741 τῆς
1688 3673 1958 3745 τελειότη-

378 3774 477 3820 τος
528 3759 807 3829 ἐπιτυχεῖν
847 3763 895 3813 εί
948 3760 1022 3830 μὴ
1084 3761 1208 3813 καθ’
1243 3760 1302 3813 ὃν
1334 3763 1534 3829 τρόπον
1590 3764 1618 3814 ὁ
1662 3765 1965 3835 ὑπερτελὴς

380 3849 482 3900 καὶ
528 3850 845 3917 προτέλειος
885 3850 1093 3914 ἐδίδαξε
1145 3850 1308 3922 257
1332 3851 1559 3921 Κύριος.
1608 3854 1964 3923 Θαυμαστέον

377 3940 684 4012 τοιγαροῦν
711 3944 843 4013 ἡμῖν
870 3945 964 3996 καὶ
988 3944 1195 4013 σφόδρα
1240 3946 1523 4015 τιμητέον,
1552 3947 1679 4011 τοὺς
1709 3948 1964 4020 ἀπαρνη-

381 4037 661 4106 σαμένους
691 4040 874 4089 πᾶσαν
908 4039 1247 4108 πρόσκαιρον
1275 4037 1468 4108 ἡδονήν
1498 4055 1556 4090 τε
1592 4042 1687 4093 καὶ
1716 4043 1965 4111 προσπα-

379 4128 542 4180 θειαν
580 4129 723 4181 κατά
743 4130 843 4200 τὴν
866 4130 1090 4199 ἐντολὴν
1130 4128 1224 4182 τοῦ
1283 4129 1489 4199 Κυρίου
1536 4132 1632 4183 καὶ
1682 4133 1820 4202 πρὸς
1864 4132 1963 4202 τὴν

381 4221 689 4293 μοναδικὴν
754 4220 1035 4274 πολιτείαν
1091 4223 1592 4292 μεταχωρήσαντας
1634 4222 1731 4275 καὶ
1783 4226 1963 4277 πᾶσαν

378 4317 490 4385 τὴν
514 4313 622 4382 γῆν
667 4312 1070 4385 πληρώσαντας
1093 4343 1164 4352 -
1191 4312 1285 4367 καὶ
1324 4313 1433 4382 γὰρ
1464 4312 1812 4383 μεμέστωται
1837 4314 1963 4367 τού-

376 4425 492 4460 των
513 4406 813 4471 Αἴγυπτος,
847 4405 1159 4474 καὶΛιὸύη,
1188 4405 1280 4458 καὶ¹
1309 4404 1620 4466 Αίθιόπεια,
1650 4407 1744 4458 καὶ
1776 4405 1959 4471 Ἰνδία,

2072 3220 2221 3290 sequi
2255 3218 2336 3273 fas
2383 3228 2467 3273 est
2518 3216 2619 3271 nisi
2657 3215 2812 3282 juxta
2854 3209 3070 3265 modum
3129 3220 3289 3275 quem
3324 3211 3536 3295 sum-tne

2073 3284 2195 3371 ante
2238 3312 2437 3369 saecula
2499 3308 2771 3379 perfectus
2828 3300 3047 3358 edocuit
3082 3295 3364 3352 Dominus.
3412 3284 3639 3343 Mirandi

2072 3407 2231 3462 nobis
2269 3420 2396 3473 ergo
2420 3411 2473 3456 et
2502 3400 2655 3454 valde
2695 3391 2995 3451 honorandi
3035 3398 3163 3445 sunt
3193 3386 3283 3456 qui
3316 3382 3645 3448 :tbnegantes

2073 3514 2288 3553 omnem
2348 3492 2728 3564 temporariam
2795 3484 3190 3558 jucunditatem
3224 3487 3278 3532 et
3331 3481 3643 3529 terrestrem

2072 3589 2342 3651 allectum,
2394 3588 2549 3656 justa
2599 3592 2922 3652 praeceptum
2980 3573 3193 3629 Domini
3225 3570 3291 3625 ad
3338 3565 3640 3623 solitariam

2073 3683 2236 3735 vitam
2303 3686 2652 3733 accesserunt
2706 3682 2759 3728 et
2806 3674 3115 3725 universam
3182 3673 3381 3717 terram
3452 3656 3644 3723 imple-

2072 3782 2265 3827 verunt
2295 3789 2308 3823 :
2344 3771 2429 3826 his
2480 3769 2623 3823 enim
2685 3766 2900 3834 impleta
2962 3770 3045 3816 est
3086 3749 3642 3847 Egyptusittlfilt'a.

2073 3861 2348 3931 Aitltiopia
2404 3869 2457 3914 ct
2511 3858 2685 3923 India,
2754 3852 3186 3919 Mattritauiaque
3251 3852 3306 3899 et
3363 3839 3639 3941 Thebais;

2073 3954 2227 4026 Syria
2267 3965 2319 4010 et
2366 3953 2553 4008 Cilicia
2615 3961 2669 4005 et
2726 3948 2956 4010 Galatia,
3002 3944 3208 3997 Pontus
3259 3948 3313 3991 et
3344 3936 3643 4026 Armenia;

2071 4021 2455 4116 M—esortotamia
2495 4053 2547 4098 et
2580 4041 2794 4107 Persis;
2827 4037 3110 4093 Palaestina
3147 4041 3201 4086 et
3238 4027 3431 4083 Arabia
3457 4033 3511 4079 et
3541 4021 3648 4090 Cy-

2072 4154 2223 4209 prus,
2259 4138 2491 4207 Asiaque
2524 4147 2578 4190 et
2605 4134 2867 4206 Cyclades
2900 4129 3086 4184 insulae
3132 4135 3186 4179 et
3242 4120 3449 4176 Graecia
3506 4125 3640 4209 tota,

2072 4208 2182 4283 imo
2242 4231 2404 4283 etiam
2464 4229 2635 4281 Roma
2691 4235 2745 4280 et
2791 4221 3047 4292 Hispania
3078 4228 3132 4273 et
3161 4215 3331 4271 Gallia
3368 4224 3539 4280 usque
3573 4208 3639 4261 ad

2072 4319 2335 4372 terminos
2388 4327 2544 4370 terrae
2588 4315 2802 4367 donata:
2841 4320 2968 4366 sunt
3015 4305 3361 4362 monasteriis
3406 4311 3455 4355 CI
3483 4315 3640 4353 asce-

2073 4409 2243 4470 teriis,
2298 4417 2350 4460 et
2418 4408 2666 4459 universa
2709 4414 2853 4459 terra
2886 4409 3102 4456 resonat
3158 4407 3211 4451 ct
3269 4391 3638 4451 sanctiﬁcatur

376 4499 737 4568 Μαυριτανία
763 4516 821 4551 τε
849 4498 944 4552 καὶ
973 4500 1026 4552 αί
1061 4497 1328 4568 Θηδαῒδες
1351 4512 1364 4527 ⁸
1391 4495 1597 4549 τούτων
1634 4496 1801 4566 Συρία
1823 4497 1962 4568 πλή-

2072 4514 2254 4555 eorum
2280 4497 2462 4551 choris
2494 4510 2545 4552 et
2580 4496 2913 4565 psalmodiis.

382 4611 511 4666 ρης,
566 4596 664 4647 καὶ
690 4594 942 4659 Κιλικία,
990 4592 1086 4646 καὶ.
1123 4590 1383 4653 Γαλατία,
1442 4590 1646 4652 Πόντος
1689 4607 1749 4642 τε
1792 4591 1887 4643 καὶ
1941 4592 2230 4662 Ἀρμενία,
2280 4593 2700 4661 Μεσοποταμία,
2757 4590 2853 4642 καὶ
2902 4590 2935 4658 ή
2966 4586 3168 4656 Περσὶς
3204 4584 3390 4638 ἅπασα
3434 4578 3638 4633 τούτων

375 4688 694 4752 ἀνάπλεως,
746 4687 1075 4754 Παλαιστίνη
1104 4684 1196 4739 καὶ
1234 4683 1461 4755 Ἀραὸία
1489 4685 1585 4737 καὶ
1622 4683 1867 4755 Κύπρος,
1894 4684 2048 4738 Ἀσία
2078 4701 2135 4736 τε
2178 4685 2272 4738 καὶ
2314 4686 2369 4738 αί
2402 4684 2678 4748 Κυκλάδες
2703 4685 2876 4755 νῆσοι,
2899 4682 2994 4736 καὶ
3028 4682 3060 4750 ἠ
3112 4678 3302 4741 Ἑλλὰς
3343 4679 3512 4735 πᾶσα,
3548 4680 3642 4729 καὶ

382 4784 494 4852 μὴν
534 4782 631 4836 καὶ
663 4779 877 4850 Ῥώμη,
906 4780 999 4833 καὶ
1060 4776 1325 4840 Ἱσπανία,
1356 4778 1453 4828 καὶ
1518 4776 1759 4831 Γαλατία
1790 4777 1836 4807 ⁷⁸
1879 4778 2041 4847 μέχρι
2076 4777 2167 4829 τοῦ
2214 4778 2453 4850 πέρατος
2509 4781 2607 4851 τῆς
2662 4781 2765 4849 γῆς
2802 4777 3115 4847 πέπλησται
3140 4773 3516 4847 μοναστηρίων
3544 4774 3639 4824 καὶ

376 4874 665 4946 ἀσκητῶν,
703 4877 800 4928 καὶ
853 4874 1003 4925 πᾶσα
1050 4874 1083 4941 ἡ
1132 4871 1203 4942 γῆ
1246 4870 1649 4941 κατευλόγηται
1704 4872 1798 4925 καὶ
1864 4870 2151 4940 ἁγιάζεται
2196 4873 2478 4945 προδήλως
2537 4876 2661 4937 ταῖς
2714 4873 2921 4928 τούτων
2980 4869 3365 4943 χοροστασίαις
3414 4883 3475 4919 τε
3542 4868 3641 4921 καὶ

373 4968 746 5042 ψαλμῳδίαις.

459 5064 507 5097 τι
542 5064 658 5134 (15)
698 5063 812 5116 Καὶ
850 5062 914 5133 δὴ
962 5063 1262 5135 Γρηγὸριος
1307 5065 1336 5117 ὁ
1372 5063 1648 5134 πάνσοφος
1704 5065 1799 5119 καὶ
1860 5065 1962 5134 τῆς

2084 5056 2085 5061 “
2134 5066 2202 5121 Et
2245 5065 2545 5137 Gregorius
2577 5065 2796 5136 quidem
2856 5061 3005 5117 omni
3053 5058 3318 5128 sapientia
3354 5057 3636 5126 praeditus.

376 5156 653 5222 Θεολόγου
702 5155 1023 5225 ἐπωνυμίας
1052 5156 1100 5187 ⁷⁸
1126 5156 1523 5226 ἀποσεμνύνων
1555 5159 1718 5223 αὑτὸς
1767 5158 1916 5227 λέγει

2072 5159 2322 5227 I‘lteologi
2390 5173 2587 5214 nomen
2644 5156 3022 5227 magnificans,
3084 5154 3197 5221 ipse
3270 5149 3449 5203 dicit:
3488 5145 3633 5212 «Qui

378 5267 397 5299 ι
440 5247 509 5300 Ut
539 5246 865 5314 ψάλλοντες,
921 5247 971 5299 οί
997 5246 1334 5313 δοξάζοντες,
1388 5250 1439 5302 οί
1493 5250 1830 5320 μελετῶντες
1871 5254 1963 5306 τὸν

2072 5252 2319 5322 psallunt,
2381 5252 2470 5320 qui
2526 5248 2852 5320 gloriﬁcant,
2913 5246 3006 5316 qui
3070 5244 3403 5298 meditantur
3464 5240 3633 5309 Iegt'ttt

368 5341 547 5410 νόμον
574 5340 780 5411 Κυρίου
813 5340 1025 5411 ἡμέρας
1048 5341 1144 5394 καὶ
1172 5341 1383 5412 νυκτὸς⁸
1413 5344 1463 5395 oi
1482 5344 1579 5407 τὰς
1603 5344 1843 5414 ὑψώσεις
1866 5346 1962 5400 τοῦ

2072 5344 2275 5398 Domini
2325 5341 2413 5397 die
2440 5356 2505 5396 ac
2535 5349 2716 5407 nocte,
2768 5338 2861 5409 qui
2914 5335 3272 5392 exaltationes
3321 5332 3414 5388 Dei
3458 5331 3655 5435 ferunt‘

1539 5457 1738 5518 Variae
1781 5458 2092 5523 lectiones
2135 5465 2198 5520 et
2238 5461 2429 5517 notae.

447 5608 522 5680 ⁶⁶ξ
543 5605 838 5680 νομαδικὶιν
867 5606 991 5660 cod.
1025 5608 1279 5680 utinfra.
1358 5610 1399 5641 ⁸⁷
1430 5607 1780 5663 ἀσπάσασθαι
1802 5609 1923 5680 cod.

2079 5607 2323 5680 ἀτροφῇς
2342 5602 2647 5680 Scholion:
2694 5601 2741 5680 ξ’
2766 5597 3185 5680 ἀναλογίσαντηες
3200 5595 3381 5680 mood.“
3421 5595 3463 5680 ⁷⁸]
3489 5597 3635 5680 ἐντο-

366 5678 527 5746 ὶήνῖ
604 5658 646 5746 ἦ*
683 5658 1966 5739 statimxii.‘2t'.""'7ataitfi.'{ait"Uttan

2073 5658 2182 5738 ω’.
2214 5658 2320 5737 229';
2367 5691 2419 5737 χ,
2448 5675 2535 5727 as.
2614 5673 2657 5704 τι
2694 5670 2889 5725 ruma
2922 5658 3044 5725 cod.
3121 5668 3165 5701 τι
3200 5665 3305 5721 Τοῦ
3343 5664 3630 5733 Θεολόγου,

365 5745 517 5803 orat.
556 5745 672 5811 XII,
721 5747 769 5810 I,
811 5747 897 5801 9|.
926 5748 1105 5801 A—I).
1186 5751 1229 5781 ⁷⁸
1259 5752 1356 5821 τῆς
1390 5750 1665 5819 θεολογίας
1695 5750 1966 5820 ἐπώνυμος

2072 5766 2116 5801 τ.
2148 5745 2341 5809 αὑτούς
2379 5746 2503 5801 cod.
