4060 6216
233 312 333 382 H3

1405 321 1869 383 CIIRONICON.
1912 349 1979 359 —
2020 324 2171 388 LIB.
2217 325 2311 384 III

3399 336 3505 400 414

229 436 497 504 Αἴγυπτος
538 432 790 500 ἡνε-ίκεν,
827 430 919 481 τὸν
959 429 1132 498 μέγαν
1155 428 1249 481 καὶ
1310 430 1580 499 μακάριον
1613 433 1635 463 ’⁷
1688 436 1792 485 Λν-

1903 448 2157 501 magnutn
2198 442 2252 486 et
2286 433 2504 488 beatum
2535 432 2854 504 Antonium,
2907 447 2957 493 et
3007 439 3208 509 quibus
3252 445 3392 503 Deus
3422 452 3508 505 vi-

229 527 438 588 .m'wmv.
499 523 593 576 καὶ
640 521 769 574 οἵων
797 520 819 551 ⁸
864 520 1040 587 ὄψεων
1095 522 1258 572 θείων
1310 520 1514 590 ἠξιώθη
1541 525 1633 575 καὶ
1694 522 1810 592 βίον

232 615 502 684 θεοπρεπῆ
530 630 587 666 τε
604 612 700 663 καὶ
725 609 1022 678 ἀγγελικδν
1038 609 1370 671 ἐπεδείξατο.
1400 612 1507 663 Καὶ
1528 611 1689 665 τοῦτο
1709 614 1808 644 ⁹·²⁶

228 706 430 763 εἴσεταί
461 722 546 768 τις
575 705 617 735 ’⁷
652 704 921 769 ἀναγνοὺς
953 701 1121 772 259
1146 700 1309 755 αὑτοῦ
1354 702 1447 755 τὸν
1496 702 1609 772 βίον
1669 705 1809 773 μετὰ

228 799 538 870 ἁκριῦείας,
579 797 638 849 ἐν
661 789 705 860 ᾧ
743 795 840 849 καὶ
871 796 1072 864 πολλὴν
1099 794 1287 864 ὄψεται
1316 796 1417 865 τὴν
1443 798 1805 865 προφητείαν.

227 898 331 950 Καὶ
364 896 475 964 γὰρ
501 892 609 946 τῶν
635 893 767 960 περὶ
793 891 839 923 ⁸³
868 891 938 943 τὰ
981 892 1193 961 Ἀρείου
1246 891 1568 953 νοσούντων,
1596 908 1807 960 προαν-

222 987 470 1055 εφτίνησέ
525 1003 586 1038 τε
627 985 723 1038 καὶ
770 980 926 1037 εἶπεν
962 984 1063 1053 τὴν
1129 984 1362 1045 ἐκείνοις
1398 984 1443 1015 ’θ
1499 983 1806 1053 μέλλουσαν

223 1077 473 1148 γίνεσθαι
528 1076 760 1144 βλάϐην,
812 1074 906 1126 τοῦ
952 1074 1087 1127 Θεοῦ
1129 1074 1406 1139 δείξαντος
1439 1073 1587 1139 αύτῷ
1630 1074 1676 1107 ³ο
1711 1073 1808 1126 καὶ

221 1172 323 1241 πρὸ
384 1170 495 1220 τῶν
547 1167 843 1237 ὀφθαλμῶν
892 1168 960 1219 τὰ
1020 1166 1301 1235 μέλλοντα.
1348 1185 1365 1215 ι
1409 1196 1477 1206 --
1521 1164 1807 1232 Ἀληθείας

219 1263 369 1315 ἐστὶν
400 1257 697 1323 ἀπόδειξις,
739 1258 799 1309 τὸ
831 1256 1034 1326 μηδένα
1077 1255 1188 1307 τῶν
1228 1255 1523 1325 αἱρετικῶν
1559 1256 1601 1286 ³⁸
1634 1254 1807 1322 ἄνδρα

218 1352 462 1408 τοιοῦτον
501 1351 665 1420 ἔχειν.
705 1350 819 1420 (l5)
863 1368 880 1399 ι
908 1349 1001 1401 Διὸ
1027 1348 1090 1418 δὴ
1116 1348 1160 1379 ³³
1194 1349 1289 1400 καὶ
1308 1347 1572 1417 θαυμάζω
1598 1347 1804 1417 σφόδρα

215 1446 307 1498 καὶ
340 1443 564 1497 τελείαν
607 1442 814 1494 ἐπαινῶ
852 1442 978 1503 τοὺς
1005 1439 1104 1503 τὰς
1138 1440 1377 1510 ἐρήμους
1407 1438 1805 1508 κατειληφότας

216 1536 491 1604 μοναχοῦς
528 1533 637 1585 τῶν
670 1549 728 1584 τε
760 1531 944 1585 ἄλλων
982 1529 1200 1600 ἀρετῶν
1231 1530 1394 1582 ἕνεκα
1438 1531 1534 1581 καὶ
1577 1529 1678 1599 τὴν
1709 1545 1804 1598 με·

212 1625 448 1695 ταϐολὴν
510 1624 609 1692 τῆς
652 1622 879 1690 ἐσθῆτος
913 1638 926 1650 ·
959 1619 1138 1689 βούλει
1192 1621 1321 1690 γὰρ,
1370 1620 1452 1671 σοὶ
1490 1618 1649 1682 δείξω
1674 1618 1804 1681 τοὺς

210 1718 370 1779 ὄντας
438 1715 863 1785 ἐστολισμένους
912 1716 1009 1766 καὶ
1041 1713 1087 1745 ⁸³
1120 1713 1181 1765 τὸ
1230 1712 1435 1780 ἔνδυμα
1479 1710 1573 1763 τοῦ
1620 1710 1801 1779 γάμου

1915 526 2166 580 sionihus
2204 542 2329 580 eum
2365 525 2619 595 dignatus
2675 529 2767 592 sit,
2825 542 2878 585 et
2910 547 3075 599 quam
3116 537 3391 593 coelestem
3449 552 3504 594 et

1912 618 2212 685 angelicam
2258 620 2495 673 ostendit
2524 621 2713 673 vitam.
2764 620 2830 675 Et
2884 624 2988 678 hoc
3016 627 3154 681 sciet
3191 631 3503 701 quicunque

1913 708 2080 761 vitam
2162 709 2284 778 ejus
2336 724 2458 763 cum
2532 722 2784 766 accurata
2844 712 3033 782 legerit
3090 718 3391 787 diligentia,
3447 724 3498 775 in

1912 815 2018 869 qua
2078 803 2276 856 multas
2332 802 2535 857 videbit
2577 807 2911 874 prophetias.
2963 808 3171 864 Etenim
3225 814 3497 881 quodnam

1910 892 2167 946 damnum
2227 893 2468 947 futurum
2521 904 2665 949 esset
2757 898 2824 952 iis
2898 900 2990 968 qtti
3048 901 3160 954 Arii
3233 904 3498 959 doctrinis

1910 984 2258 1039 insaniebant
2291 987 2428 1040 dixit
2478 995 2532 1041 et
2593 993 3057 1058 prmmonstrarit,
3112 1008 3235 1047 cum
3280 996 3420 1049 Deus
3446 997 3493 1049 ei

1909 1076 2241 1130 ostendisset
2307 1086 2365 1131 et
2423 1087 2549 1131 ante
2608 1081 2798 1134 oculos
2855 1094 3081 1137 ventura
3142 1084 3435 1154 posuisset.
3471 1105 3489 1137 ι

1908 1166 2580 1224 Veritatisdemonstratio
2626 1184 2730 1237 est,
2778 1174 2986 1227 nullum
3024 1175 3163 1229 inter
3200 1177 3493 1231 haereticos

1909 1258 2071 1312 talem
2122 1259 2355 1313 inveniri
2422 1261 2623 1314 virum.
2692 1280 2711 1313 ι
2749 1262 2984 1333 Ideoque
3018 1267 3175 1321 valde
3217 1268 3387 1322 miror
3441 1279 3493 1323 et

1909 1366 2254 1420 summopere
2294 1352 2455 1406 laudo
2513 1354 2605 1422 qui
2668 1356 2880 1409 deserta
2934 1370 3343 1428 occupaverunt
3377 1376 3494 1414 mo-

1907 1442 2115 1498 nachos
2154 1455 2268 1496 tum
2316 1444 2385 1497 ob
2432 1445 2568 1499 alias
2624 1446 2876 1506 virtutes.
2928 1459 3039 1503 tum
3076 1452 3146 1505 ob
3179 1454 3343 1507 vestis
3376 1470 3493 1507 mu-

1906 1537 2186 1590 tationem.
2220 1534 2279 1590 Si
2341 1538 2420 1592 vis
2460 1539 2629 1601 enim,
2692 1541 2976 1595 ostendam
3035 1545 3172 1599 stola
3229 1547 3484 1600 inductos

1909 1637 1964 1682 et
2040 1638 2286 1682 «vestem
2346 1630 2659 1699 nuptiarum
2721 1651 2739 1684 ι
2795 1633 3078 1694 habentes.
3174 1640 3486 1704 nuptiarum

1906 1717 2101 1770 harum
2155 1717 2299 1783 dico,
2351 1728 2406 1773 et
2439 1722 2593 1787 quasi
2652 1723 2705 1774 in
2741 1724 2880 1777 emlo
2913 1738 3191 1781 versantes
3228 1729 3487 1795 interra;

211 1808 458 1875 ἔχοντας,
490 1807 587 1860 τοῦ
616 1807 797 1876 γάμου
825 1805 1058 1867 ἐκείνου,
1087 1804 1179 1856 καὶ
1206 1804 1282 1866 ὼς
1320 1804 1378 1855 ὲν
1403 1800 1618 1871 οὐρανῷ
1647 1804 1707 1853 ἐν
1733 1802 1795 1869 γῇ

1906 1823 1970 1863 ea
2005 1816 2132 1862 sunt
2165 1809 2311 1863 enim
2358 1811 2553 1865 horum
2622 1813 2919 1868 diversoria
2974 1824 3030 1868 ut
3067 1819 3197 1870 nihil
3239 1821 3379 1873 caelo
3406 1822 3489 1874 in-

210 1901 632 1969 διατρὶὅοντας*
668 1899 823 1951 οὐδὲν
876 1898 986 1966 γὰρ
1021 1895 1201 1950 αὐτῶν
1229 1896 1298 1948 τὰ
1327 1893 1647 1961 καταγώγια
1690 1893 1807 1961 χεῖ-

209 2012 297 2062 ρον
328 1994 442 2045 τῶν
470 1992 721 2062 οὐρανῶν
770 1990 1069 2043 διάκεινται
1088 2004 1105 2021 ⁶
1134 1988 1229 2041 καὶ
1271 1988 1380 2055 γὰρ
1408 1985 1630 2055 ἄγγελοι
1678 2001 1808 2038 κατ-

208 2084 444 2151 άγονται
471 2084 607 2151 πρὸς
637 2081 836 2142 αὐτοὺς
860 2082 955 2133 καὶ
975 2081 1002 2132 ὁ
1036 2079 1144 2133 τῶν
1188 2077 1436 2146 ἀγγέλων
1489 2075 1798 2141 Δεσπότηςσ

212 2178 254 2226 εἱ
288 2176 403 2243 γὰρ
462 2173 596 2241 προς
640 2172 735 2225 τὸν
776 2170 1034 2241 ’Λϐραὰμ
1091 2164 1280 2240 ἦλθον,
1336 2168 1507 2236 ἄνδρα
1561 2168 1799 2234 γυναῖκα

202 2268 406 2333 ἔχοντα
463 2266 559 2317 καὶ
617 2264 809 2316 παιδία
863 2262 1247 2333 δια-τρέφοντα,
1295 2260 1480 2329 ἐπειδὴ
1522 2259 1797 2327 φιλόξενον

200 2352 367 2412 εἶδον.
411 2356 544 2407 ὅταν
577 2352 757 2423 πολλῷ
782 2352 1008 2406 πλείονα
1047 2351 1282 2423 εὕρωσιν
1332 2351 1533 2420 ἀρετὴν
1576 2351 1670 2404 καὶ
1698 2350 1794 2403 ἆν-

198 2449 429 2521 θρωπον
464 2447 721 2517 σώματος
741 2445 1194 2514 καταφρονοῦντα
1211 2444 1258 2475 ⁸⁸
1272 2445 1364 2497 καὶ
1399 2444 1563 2513 σαρκὶ
1595 2444 1796 2513 σαρκὸς

198 2542 599 2611 ὑπερορῶντα,
626 2538 807 2607 πολλῷ
843 2538 1043 2608 μᾶλλον
1075 2536 1315 2589 ἐνταῦθα
1346 2534 1679 2605 διατρίϐουσι
1698 2536 1796 2588 καὶ

194 2630 501 2702 χορεύουσι
543 2628 643 2697 τὴν
686 2628 855 2698 αὐτὴν
895 2627 1214 2698 πρέπουσαν
1262 2627 1511 2696 χορείαν⁶
1548 2627 1641 2679 καὶ
1684 2626 1794 2694 γὰρ

192 2721 456 2793 τράπεζα
487 2720 632 2790 (69b)
669 2719 799 2786 παρ’
838 2721 1070 2783 ἐκείνοις
1121 2720 1304 2785 πάσης
1354 2719 1673 2785 πλεονεξίας
1692 2737 1791 2773 κα-

193 2815 342 2883 θαρὰ
383 2813 483 2865 καὶ
508 2813 832 2882 φιλοσοφίας
857 2814 1030 2882 μεστή
1054 2829 1067 2842 σ
1100 2813 1197 2880 οὐχ
1228 2812 1464 2879 αἵματος
1500 2813 1792 2882 χείμαρροι

191 2908 329 2976 παρ’
365 2904 577 2967 αὐτοῖς,
602 2903 725 2956 οὐδὲ
755 2906 935 2973 κρεῶν
970 2904 1302 2967 κατακοπαὶ,
1334 2902 1457 2957 οὐδὲ
1493 2905 1790 2971 καρυκεῖαι

192 2998 288 3050 καὶ
334 2996 553 3059 κνίσεις
586 2996 631 3028 ³⁸
655 2995 839 3066 ἀηδεῖς
864 2997 931 3062 ³⁸,
957 2996 1077 3049 οὐδὲ
1109 2995 1313 3057 καπνὸς
1362 2994 1632 3065 ἀτερπὴς,
1695 2996 1789 3047 καὶ

192 3091 415 3160 δρόμοι,
487 3090 582 3143 καὶ
638 3089 879 3161 θόρυϐοι,
933 3091 1028 3143 καὶ
1085 3090 1346 3160 ταραχαὶ,
1400 3090 1497 3141 καὶ
1546 3090 1787 3160 κραυγαὶ

1914 1897 2101 1953 videre
2131 1899 2383 1954 debeant.
2412 1900 2621 1956 Etenim
2643 1905 2817 1973 angeli
2838 1906 3183 1961 diversantur
3209 1910 3348 1974 apud
3371 1910 3488 1963 illos

1913 2003 1967 2051 et
2024 1997 2343 2065 angelorum
2419 1996 2797 2063 Dominus;si
2882 2001 3024 2053 enim
3083 1998 3146 2054 a‘d
3216 2001 3484 2055 Abraham

1911 2095 2199 2150 venerunt,
2238 2101 2460 2141 uxorem
2492 2088 2807 2153 habentem,
2862 2099 2918 2144 et
2964 2091 3106 2145 ﬁlios
3136 2092 3484 2157 educantem,

1909 2181 2167 2247 quoniam
2191 2179 2513 2247 hospitalem
2542 2191 2833 2245 noverunt,
2860 2197 2983 2236 cum
3017 2182 3188 2236 multo
3218 2184 3478 2251 majorem

1906 2271 2163 2324 virtutem
2197 2270 2501 2335 inveniunt,
2538 2279 2593 2324 et
2622 2272 2898 2326 hominem
2928 2288 3126 2343 corpus
3170 2274 3481 2343 despicien-

1906 2376 2013 2418 tem
2046 2371 2101 2419 et
2125 2364 2176 2417 in
2195 2378 2361 2417 carne
2393 2376 2616 2417 carnem
2654 2375 3060 2433 aspernantem.
3100 2366 3271 2420 multo
3310 2366 3482 2435 magis

1905 2457 1979 2511 ibi
2009 2466 2420 2511 commorantur
2447 2467 2500 2511 et
2542 2459 2797 2511 choream
2844 2475 2995 2512 suam
3034 2459 3311 2513 decentem
3344 2459 3484 2513 cele-

1903 2551 2081 2604 brant.
2107 2549 2392 2603 Enimvero
2413 2565 2604 2603 mensa
2626 2550 2733 2604 illis
2750 2550 2895 2603 omni
2920 2550 3290 2617 superﬂuitate
3310 2565 3482 2605 vacua

1903 2648 1956 2693 et
1981 2639 2325 2708 philosophia
2354 2640 2532 2707 plena;
2555 2654 2663 2692 non
2688 2639 2901 2694 cruoris
2921 2640 3345 2708 torrentesapud
3362 2653 3484 2705 eos,

1901 2745 2002 2784 nec
2031 2731 2277 2784 carnium
2309 2730 2679 2794 concisiones,
2714 2746 2813 2786 nec
2844 2732 2952 2785 eihi
2986 2732 3314 2801 exquisitius
3348 2744 3483 2787 con-

1900 2822 2018 2885 diti,
2054 2836 2151 2875 nec
2198 2822 2418 2874 nidores
2466 2820 2776 2889 injucundi,
2826 2837 2924 2876 nee
2977 2824 3158 2876 fumus
3207 2823 3475 2888 ingratus,

1899 2926 1999 2966 nec
2044 2927 2265 2977 cursus,
2318 2927 2419 2965 nec
2471 2914 2762 2973 tumultus,
2811 2929 2911 2966 nee
2966 2914 3340 2974 turbationes.
3377 2928 3478 2967 nec

1897 3003 2163 3058 clamores
2199 3017 2390 3073 graves
2412 3002 2535 3063 ,sed
2561 3004 2715 3071 panis
2739 3012 2792 3057 et
2821 3019 2983 3070 aqua,
3014 3005 3130 3057 haec
3161 3004 3378 3071 quidem
3410 3006 3506 3057 de.

1900 3097 2045 3150 fonte
2079 3111 2237 3164 puro,
2268 3096 2360 3149 ille
2401 3110 2609 3148 veroex
2644 3096 2820 3163 :equis
2846 3094 3145 3148 laboribus.
3181 3096 3235 3148 Si
3261 3096 3480 3162 quando

192 3182 487 3251 ἐπαχθεῖς,
527 3180 646 3233 ἀλλ’
701 3180 861 3250 ἄρτος
918 3180 1016 3233 καὶ
1053 3178 1219 3249 ὕδωρ,
1272 3180 1331 3232 τὸ
1367 3181 1465 3249 μὲν
1508 3182 1571 3233 ἐκ
1611 3181 1794 3250 πηγῆς

1906 3196 2089 3240 autem
2161 3186 2366 3240 lautius
2422 3185 2567 3239 vesci
2629 3185 2818 3247 velint,
2891 3200 2956 3238 ex
2996 3185 3243 3238 arboreis
3286 3184 3481 3238 fructi-

193 3273 334 3324 καθα
346 3273 475 3342 ρᾶς,
512 3271 571 3323 τὸ
606 3270 665 3323 δὲ
706 3271 814 3324 ἀπὸ
866 3270 1096 3323 δικαίων
1142 3272 1339 3325 πόνων.
1373 3271 1433 3322 Εί
1468 3271 1525 3323 δέ
1561 3288 1662 3323 που
1697 3272 1794 3324 καὶ

193 3364 632 3435 φιλοτιμώτερον
684 3362 971 3416 ἑστιᾶσθαι
1024 3362 1359 3432 βουληθεῖεν,
1419 3363 1701 3433 ἀκρόδρυα
1758 3366 1790 3434 ἡ

195 3458 488 3525 φιλοτιμία
521 3458 756 3523 γίνεται,
792 3456 885 3508 καὶ
931 3454 1134 3526 μείζων
1161 3454 1397 3507 ἐνταῦθα
1426 3458 1458 3526 ἡ
1485 3456 1647 3525 ἡδονὴ
1678 3456 1709 3525 ἢ
1736 3458 1793 3509 ὲν

196 3554 319 3612 ταῖς
353 3549 667 3619 βασιλικαῖς
708 3549 1040 3618 τραπέζαις.
1071 3549 1291 3618 Ταύτην
1320 3552 1413 3602 καὶ
1445 3548 1667 3616 ἄγγελοι
1695 3550 1792 3621 τὴν

195 3646 481 3715 τράπεζαν
511 3646 577 3696 ὲκ
605 3643 700 3696 τοῦ
752 3643 984 3715 ούρανοῦ
1031 3642 1365 3711 θεωροῦντες
1411 3643 1793 3713 κατατρὲπον-

196 3756 286 3792 ται
311 3741 358 3769 ³⁷
392 3739 491 3791 xxi.
540 3738 796 3807 ἥδονταιο
823 3741 874 3791 εί
903 3738 1013 3807 γὰρ
1045 3738 1090 3770 ³⁸
1121 3740 1216 3791 ἐπὶ
1258 3738 1575 3809 ἁμαρτωλῷ
1626 3755 1794 3807 μετα-

198 3831 414 3885 νοοῦντι
478 3832 787 3901 χαίρουσιν,
841 3832 934 3883 ἐπὶ
974 3832 1206 3893 δικαίοις
1256 3832 1533 3895 τοσούτοις
1587 3850 1788 3903 μιμουο

201 3925 387 3991 μένοις
420 3924 625 3985 αὐτοὺς
687 3923 739 3975 τί
793 3924 896 3975 οὐκ
944 3924 1305 3993 ὲργάσονται;
1351 3926 1457 3977 Καὶ
1489 3926 1648 3994 ἡμεῖς
1690 3924 1790 3993 μὲν

197 4018 307 4067 τῶν
337 4017 549 4085 θηρίων
585 4015 801 4085 χείρους
840 4015 1009 4084 ἐσμὲν
1042 4016 1138 4068 καὶ
1175 4015 1282 4069 τῶν
1312 4017 1544 4084 ἀλόγων,
1589 4019 1789 4069 ἐκεῖνοι

196 4106 253 4157 δὲ
275 4106 381 4158 τῶν
404 4106 661 4174 ἀγγέλων
689 4105 815 4166 τσοι,
841 4107 982 4171 ξένοι
1026 4109 1123 4161 καὶ
1154 4109 1533 4178 παρεπίδημοι
1556 4108 1666 4161 τῶν
1698 4111 1787 4162 ὲνο

200 4201 372 4253 ταῦθα
399 4200 557 4263 ὄντες
580 4214 595 4229 ⁸
628 4201 721 4252 καὶ
752 4199 931 4252 πάντα
966 4200 1150 4263 αὐτοῖς
1199 4200 1528 4269 ἐνήλλακται
1563 4201 1630 4253 τὰ
1652 4200 1789 4271 πρὸς

203 4298 365 4363 ἡμᾶς.
386 4296 487 4348 καὶ
514 4294 743 4363 ἔνδυμα,
771 4293 871 4347 καὶ
894 4294 1119 4363 τρόπος,
1156 4295 1251 4345 καὶ
1270 4295 1498 4364 οἴκημα,
1526 4295 1621 4345 καὶ
1653 4293 1787 4345 ὑπόε-

202 4387 364 4456 δημα,
400 4388 501 4440 καὶ
538 4386 759 4453 ὁμιλία*
792 4387 887 4439 καὶ
915 4386 1077 4447 εἴτις
1109 4386 1329 4438 ἐκείνων
1359 4387 1566 4457 ἢκουσε
1605 4385 1787 4437 διαλε-

205 4484 451 4549 γομένων
483 4481 649 4551 260
675 4480 771 4534 καὶ
802 4481 835 4551 ἡ
845 4480 982 4549 μῶν,
1008 4480 1129 4533 τότε
1163 4480 1229 4533 ἂν
1266 4480 1407 4547 ἔγνω
1443 4478 1626 4542 καλῶς
1669 4477 1785 4542 πῶς

1895 3279 2000 3334 lius
2033 3279 2338 3333 desumitur
2367 3275 2789 3345 sumptuositas,
2823 3285 2877 3328 ct
2912 3277 3083 3344 major
3120 3277 3193 3329 ibi
3226 3276 3480 3345 voluptas

1894 3387 2057 3442 quant
2082 3372 2292 3441 regales
2324 3371 2388 3424 ad
2431 3385 2671 3425 mensas.
2702 3368 2853 3422 llane
2884 3377 2937 3422 et
2968 3370 3146 3437 angeli
3180 3383 3422 3421 thensam
3448 3382 3478 3421 e

1893 3464 2031 3517 coelo
2070 3472 2379 3532 spectantes
2411 3463 2770 3517 delectantur.
2802 3460 2861 3515 Si
2901 3461 3047 3515 enim
3088 3477 3106 3510 t
3140 3476 3310 3529 super
3336 3474 3467 3529 pee-

1893 3569 2076 3613 catore
2111 3558 2489 3626 ptnnitentiam
2516 3564 2707 3625 agente
2740 3572 2759 3605 ι
2796 3555 3057 3619 gaudent,
3085 3553 3216 3623 quid
3250 3568 3356 3606 non
3397 3550 3478 3605 fa-

1892 3653 2036 3705 cient
2067 3650 2233 3719 justis
2268 3648 2387 3702 istis
2417 3647 2511 3715 qui
2565 3661 2625 3700 se
2656 3644 2979 3698 imitantur?
3014 3644 3078 3696 Et
3125 3658 3225 3697 nos
3258 3641 3476 3711 quidem

1892 3744 2022 3799 feris
2061 3752 2113 3797 et
2145 3743 2321 3796 brutis
2352 3741 2566 3809 pejores
2602 3754 2816 3801 sumus,
2848 3738 2926 3791 illi
2962 3751 3089 3791 vero
3134 3735 3346 3805 angelis
3378 3748 3477 3803 pa-

1893 3851 2000 3901 res,
2036 3836 2089 3889 in
2124 3846 2264 3889 terra
2320 3834 2559 3902 hospites
2610 3841 2665 3884 ct
2709 3830 2970 3892 advenae;
3003 3837 3055 3881 et
3100 3827 3183 3881 his
3213 3825 3395 3879 omnia
3443 3839 3473 3876 a

1894 3929 2102 3981 nostris
2132 3927 2350 3981 diversa
2383 3936 2533 3990 sunt,
2565 3933 2619 3978 et
2648 3923 3047 3976 indumentum.
3082 3928 3134 3971 et
3187 3931 3388 3975 mores.
3415 3925 3469 3967 et

1890 4020 2259 4075 habitaculum
2291 4029 2345 4073 et
2373 4019 2798 4073 calceamentum
2838 4022 2895 4068 et
2920 4009 3295 4069 conversatio;
3325 4014 3378 4060 et
3422 4007 3467 4059 si

1888 4114 2013 4177 quis
2042 4127 2137 4166 eos
2173 4112 2411 4164 audierit
2444 4110 2818 4176 colloquentes
2848 4116 2902 4158 et
2940 4118 3061 4168 nos,
3097 4102 3198 4155 iste
3231 4098 3475 4168 apprime

1889 4204 2107 4258 noverit
2159 4203 2303 4273 quod
2354 4202 2430 4255 illi
2487 4200 2706 4268 quidem
2761 4198 3027 4253 caelorum
3081 4196 3305 4247 omnino
3351 4200 3480 4245 sunt

1888 4295 2059 4358 cives,
2090 4309 2193 4348 nos
2225 4308 2354 4346 vero
2392 4308 2461 4345 ne
2512 4301 2652 4343 terra
2708 4289 2928 4358 quidem
2972 4285 3143 4354 digni.
3175 4282 3475 4336 Videamus

1890 4401 2115 4455 quoque
2164 4399 2304 4453 quas
2352 4382 2516 4437 nobis
2552 4382 2711 4435 luxus
2764 4381 2945 4449 gignat
2991 4376 3351 4445 cupiditates,
3389 4389 3479 4427 cu-

1890 4476 2291 4548 pediariorum,
2382 4488 2705 4541 coquorttm,
2785 4484 3002 4524 mensas
3063 4466 3475 4528 instruentium,

208 4574 255 4623 οξ
284 4572 374 4640 μὲν
404 4572 852 4637 οὐρανοπολῖται,
877 4574 1041 4640 ἡμεῖς
1081 4572 1137 4625 δὲ
1167 4571 1290 4624 οὐδὲ
1322 4571 1422 4641 τῆς
1480 4572 1585 4639 γῆς
1620 4570 1783 4634 ἄξιοι·

1900 4569 2309 4627 duleiariorum.
2345 4574 2399 4621 et
2440 4566 2508 4619 de
2538 4564 2815 4619 similibus
2865 4572 3186 4626 certamen;
3222 4568 3277 4613 et
3330 4560 3475 4615 circa

215 4664 429 4734 ἰὁωμεν
455 4663 515 4716 δὲ
540 4664 636 4717 καὶ
660 4664 757 4725 τὰς
780 4666 848 4717 ὲκ
880 4665 979 4732 τῆς
1012 4664 1225 4733 τρυφῆς
1271 4663 1428 4732 ἡμῶν
1462 4662 1785 4732 ἐπιθυμίας,

213 4758 301 4818 τὶς
328 4762 391 4811 ἐκ
430 4757 539 4811 τῶν
568 4758 865 4827 ὀψοποιῶν,
896 4757 1007 4811 τῶν
1046 4758 1348 4828 μαγείρων,
1380 4754 1491 4808 τῶν
1524 4754 1787 4826 τραπεζο-

213 4852 390 4916 ποιῶν,
419 4851 531 4905 τῶν
561 4850 1037 4905 πλακουντοπιῶν
1088 4851 1184 4904 καὶ
1209 4850 1308 4919 τὴν
1335 4848 1463 4921 περὶ
1482 4849 1591 4901 τῶν
1614 4849 1787 4901 τοιού-

211 4958 311 4994 των
342 4943 581 5012 ἅμιλλαν
600 4960 614 4975 ·
651 4945 747 4997 καὶ
776 4944 915 5014 ὑπὲρ
967 4943 1255 5011 ποιότητος
1282 4943 1376 4995 καὶ
1402 4942 1545 5012 ὑπὲρ
1573 4940 1788 5006 τάξεως

217 5038 302 5086 κιὶ
329 5038 471 5109 ὑπὲρ
509 5037 775 5108 πλήθους,
832 5037 970 5107 ὅπερ
1012 5036 1167 5089 οὐδὲν
1216 5034 1458 5088 τοιοῦτον
1494 5034 1645 5101 παρὰ
1673 5036 1789 5097 τοῖς

220 5128 459 5193 ἀγγέλοις
515 5131 781 5193 ἐκείνοις
808 5130 869 5182 οὐ
914 5130 1025 5197 γὰρ
1060 5131 1141 5192 είς
1172 5128 1491 5199 πλησμονὴν
1535 5128 1631 5182 καὶ
1659 5143 1790 5197 τρυ-

222 5220 336 5289 φὴν.
358 5221 475 5274 ἀλλ’
511 5224 592 5285 είς
641 5223 832 5292 χρείαν
867 5223 1053 5286 αὐτοῖς
1084 5224 1118 5293 ὴ
1141 5222 1315 5293 τροφὴ
1348 5222 1440 5275 καὶ
1474 5223 1658 5293 μέτρῳ
1691 5220 1789 5274 καὶ

1894 4662 2234 4729 qualitatem.
2290 4656 2746 4726 dispositionem,
2796 4669 3106 4716 numerum,
3163 4668 3229 4706 ex
3279 4654 3480 4720 quibus

1894 4756 2031 4811 nihil
2063 4755 2203 4825 apud
2237 4755 2462 4823 angelos
2493 4752 2634 4806 illos.
2669 4749 2788 4805 Non
2815 4749 2960 4803 enim
2992 4749 3055 4801 ad
3090 4748 3395 4801 satietatem
3425 4753 3475 4796 et

1893 4849 2140 4913 delicias,
2175 4846 2268 4902 scd
2299 4845 2367 4900 ad
2402 4846 2782 4901 necessitatem
2813 4843 2991 4905 cibus,
3023 4851 3076 4894 et
3106 4840 3170 4893 ad
3197 4838 3468 4906 quantita-

1896 4943 1965 4996 tis
1992 4942 2255 5010 temporis
2298 4939 2540 5008 regulam
2575 4945 2839 4999 exactus;
2875 4936 3036 4987 unica
3080 4931 3225 4984 enim
3254 4942 3479 4997 prorsus

1896 5034 2161 5091 comestio
2211 5031 2353 5101 apud
2401 5046 2534 5097 eos;
2589 5044 2691 5083 nec
2740 5027 2951 5097 prandii
3012 5039 3209 5078 nomen
3250 5031 3472 5085 norunt,

1897 5129 1990 5182 sed
2034 5141 2248 5180 coenam
2287 5133 2494 5177 tantum
2540 5120 2725 5181 modo,
2756 5119 3015 5189 quoniam
3050 5117 3229 5170 luctus
3256 5122 3335 5166 est
3367 5112 3479 5163 vita

1898 5234 2137 5289 prtescns
2168 5217 2393 5288 jcjuniis
2422 5224 2475 5269 et
2506 5212 2796 5268 certamini
2829 5211 3047 5274 dedita;
3076 5210 3130 5263 in
3165 5209 3270 5261 hoc
3298 5206 3475 5259 adim-

1377 5363 1578 5424 Varia:
1621 5361 1932 5424 lectiones
1977 5367 2038 5422 et
2084 5365 2273 5421 notae.

287 5484 301 5510 ²
335 5503 462 5552 μακ.
513 5487 607 5539 καὶ
646 5505 705 5555 μ.
742 5487 873 5542 Chr.

228 5551 362 5633 ’νόμοι
385 5551 758 5633 ἱητοῦσιᾼϐῑιτ.
834 5558 931 5598 ’⁵-⁸⁶
960 5560 1147 5613 τοῦτον
1167 5551 1288 5614 cod.

232 5628 500 5687 ςπυῇςίίςιιν.
576 5628 625 5661 ³⁸
653 5629 694 5683 C
728 5646 786 5682 π.
825 5629 933 5681 τῶν
975 5630 1105 5682 Chr.

234 5694 469 5755 ’ῖίρέεεουν
494 5698 627 5751 Chr.
725 5699 767 5729 ²¹
801 5699 976 5753 Locus
1006 5702 1058 5752 in
1100 5701 1222 5753 edd.
1255 5716 1359 5754 non
1398 5699 1774 5753 inveniendus.

236 5778 338 5819 ιη..
404 5768 746 5839 "zz-any“?
824 5771 864 5801 ³⁸
896 5769 1025 5824 Ιιτις.
1055 5787 1183 5835 \xtt,
1220 5772 1269 5824 7.

1395 5560 1437 5588 ²⁷
1461 5575 1545 5618 τις
1583 5575 1620 5625 μ

1003 5490 1097 5540 καὶ
1125 5488 1424 5556 λογιζέσθω
1457 5489 1540 5541 ὅτι
1564 5517 1617 5525 ——
1656 5487 1806 5549 θείας
1823 5487 2001 5556 ὅψεως
2026 5484 2341 5556 κατεξηκαὶ
2373 5482 2611 5556 τοιοῦτον
2641 5485 2730 5535 ἐπ.
2863 5476 2976 5556 οἷον
3014 5480 3064 5532 οἱ
3107 5477 3202 5556 τοῦ
3234 5477 3474 5556 Χριστοῦ

1628 5599 1639 5609 .
1682 5561 1736 5611 ἀ.
1781 5548 2018 5626 ὲντύχὼν
2053 5554 2129 5623 τῷ
2156 5553 2341 5622 βιϐλίῳ
2370 5553 2445 5620 τῷ
2475 5554 2572 5621 τὴν
2602 5548 3082 5626 Ξστορίανᾼὲχοντι-
3106 5548 3207 5626 τῆς
3263 5549 3474 5626 ἐκείνου

1209 5631 1254 5661 ²⁹
1285 5630 1381 5694 τὴν
1422 5627 1483 5692 ἐξ
1528 5619 1750 5679 ἐκείνων

1903 5619 2178 5707 till—$277..
2245 5619 2395 5707 Chr-.-
2420 5619 2425 5620 ⁷
2452 5624 2496 5654 ³ο
2520 5619 2644 5707 τότε
2672 5619 2809 5707 add:
2835 5619 2966 5707 Chr.
3044 5621 3096 5707 ’ξ
3130 5620 3238 5707 τίῖζν
3276 5619 3475 5707 ξξιιζθεν

1880 5697 1922 5728 ³³
1955 5690 2141 5750 Matth.
2171 5710 2299 5760 xm,
2346 5696 2423 5749 ll.
2519 5694 2556 5723 ³⁷·
2593 5695 2647 5745 ἓν
2672 5694 2692 5745 1’
2770 5694 2811 5723 ³⁸
2840 5692 3096 5764 κ-,οήτειςῖ
3193 5691 3237 5722 ³⁸
3272 5690 3473 5751 ἁειδεῖς
