4088 6224
465 322 571 385 415

1665 312 1986 374 GEORGII
2032 309 2490 372 HAMARTOLI

3642 300 3744 361 ΗΒ

470 433 615 501 plent
648 428 790 498 quod
828 426 893 479 ad
929 423 1262 479 Ezechielem
1294 423 1615 493 praphetam
1644 437 1675 477 a
1704 422 1814 477 Deo
1845 421 2053 477 dictum

2165 418 2336 489 καιρῷ
2370 416 2738 486 κανονισμὲνη
2760 430 2773 444 ⁸
2808 412 3087 483 μονοσιτία
3116 412 3226 483 γάρ
3253 414 3385 481 παρ’
3409 412 3591 474 αὐτοῖς
3634 414 3745 468 ἐστι

466 532 550 575 est
600 538 613 574 :
652 538 670 569 ι
719 517 819 574 Fili
875 516 1139 578 hominis,
1196 530 1389 586 panem
1439 526 1592 569 tuum
1637 514 1692 568 in
1726 513 1919 568 dolore
1963 528 2057 568 co-

469 612 645 669 mede.
684 618 739 663 et
793 623 989 678 aquam
1042 616 1188 661 tuam
1253 607 1306 661 in
1340 605 1688 661 tribulatione
1739 614 1794 659 et
1824 620 2058 661 maerore

469 702 612 757 bibe.
654 700 847 755 Cibum
885 709 1036 753 tuum
1077 702 1129 751 in
1171 697 1411 768 pondere
1444 699 1698 752 comedes
1738 712 1769 750 a
1816 707 2057 767 tempore

465 808 647 863 usque
688 793 753 847 ad
805 802 1053 859 tempus;
1105 800 1156 844 et
1204 804 1391 860 potum
1446 798 1600 845 tuum
1639 791 1691 844 in
1731 790 2055 844 verecundia

480 887 632 942 bibes
660 885 769 939 die.
812 902 829 935 ι
890 884 1053 952 Atqui
1101 882 1266 936 verbo
1320 883 1600 951 disrumpe
1644 894 1886 936 ventrem
1934 882 2057 936 illo-

468 993 591 1033 rum
642 977 735 1047 qui
789 976 895 1031 illis
950 975 1139 1029 multis
1194 984 1493 1043 pascuntur
1538 974 1704 1038 cibis,
1738 984 1791 1029 et
1846 974 2055 1029 videbis

471 1083 611 1123 onus
665 1082 829 1137 grave
872 1074 926 1120 et
979 1068 1249 1137 impuram
1308 1066 1593 1130 cloacam,
1645 1074 1699 1119 et
1746 1065 2054 1119 dealbatum

468 1177 534 1215 ac
566 1167 728 1229 putre
772 1158 1127 1227 sepulcrum;
1158 1173 1279 1227 qua:
1310 1168 1431 1226 post
1464 1156 1563 1211 ista
1608 1156 1691 1209 vel
1723 1156 1903 1211 dicere
1934 1172 2057 1210 eru-

468 1250 656 1314 besco,
677 1257 865 1317 turpes
882 1257 937 1303 et
965 1247 1185 1303 lmtidos
1206 1257 1415 1311 ructus,
1453 1246 1706 1309 vomitus,
1740 1248 2054 1315 procellam,

469 1342 911 1397 obscurationem
937 1342 1154 1405 animm,
1188 1340 1399 1410 pomlus
1425 1340 1693 1406 corporis,
1720 1349 1773 1393 ct
1791 1355 1820 1393 a
1843 1355 2058 1394 summo

477 1446 535 1489 et
568 1436 637 1489 ab
662 1435 772 1488 imo
798 1435 1143 1505 eruptiones,
1179 1444 1226 1487 et
1258 1434 1481 1502 insuper
1503 1434 1937 1488 vehementiores
1964 1448 2057 1487 ve-

474 1542 766 1581 nerearum
802 1528 1135 1595 voluptatum
1170 1540 1408 1578 amores.
1438 1524 1503 1577 Et
1536 1523 1626 1576 illa
1659 1523 1879 1592 quidem
1908 1539 2061 1577 men-

472 1634 531 1671 sa
558 1617 627 1672 ad
647 1618 816 1672 cmlos
851 1617 1075 1687 angelos
1102 1615 1300 1678 mittit;
1338 1617 1437 1669 ista
1489 1628 1620 1668 vero
1650 1614 1716 1668 ad
1750 1615 2058 1684 gehennam

472 1710 615 1779 ignis
663 1709 872 1764 ventris
925 1722 1117 1763 servos
1152 1708 1379 1760 attrahit
1428 1706 1570 1760 sicut
1626 1706 1849 1761 divitem
1881 1706 2054 1773 illum_

2158 513 2413 573 πάντοτε,
2445 509 2541 563 καὶ
2572 510 2795 577 ἄριστον
2819 506 3075 560 οὐδέποτε
3101 506 3154 557 εἰ
3178 508 3330 558 ἐστιν
3368 507 3573 568 ἴσασιν,
3615 506 3750 558 ἀλλὰ

2157 606 2373 659 δεῖπνον
2400 605 2443 635 ³⁸
2480 600 2869 669 γινώσκοντες,
2896 600 2978 652 ὃτι
3014 596 3209 660 πένθος
3232 597 3261 649 ὁ
3290 599 3485 667 παρὼν
3519 597 3635 667 βίος
3664 600 3756 650 καὶ

2159 696 2415 765 νηστείας
2464 695 2559 747 καὶ
2617 693 2831 761 ἀγῶνος
2866 692 2935 755 ⁸⁸,
2968 689 3308 759 πληροῦντες
3344 691 3402 742 ἐν
3451 690 3629 759 τούτῳ
3660 691 3757 743 καὶ

2158 789 2218 841 τὸ
2253 789 2387 853 πρὸς
2414 788 2505 839 τὸν
2542 787 2829 856 προφήτην
2895 783 3156 852 Ἰεζεκιὴλ
3208 784 3499 853 εἰρημένον
3523 783 3632 835 ἀπὸ
3657 782 3753 835 τοῦ

2157 878 2295 931 Θεοῦ
2330 877 2370 909 ⁸⁸
2395 895 2406 908 ·
2446 878 2543 929 Υἱέ
2598 874 2912 946 ἀνθρώπου,
2941 874 3034 924 τὸν
3078 871 3245 941 ἄρτον
3285 889 3381 924 σου
3409 871 3530 941 μετ’
3552 869 3752 940 ὀδύνης

2161 971 2326 1039 φάγει
2359 970 2453 1021 καὶ
2504 969 2565 1019 τὸ
2618 965 2763 1035 ὕδωρ
2798 982 2893 1017 σου
2933 964 3070 1034 μετά
3122 964 3354 1033 βασάνου
3387 964 3478 1015 καὶ
3508 962 3746 1033 θλίψεως

2162 1062 2314 1113 πίει·
2348 1056 2445 1109 καὶ
2506 1056 2566 1108 τὺ
2616 1053 2810 1125 βρῶμά
2869 1069 2962 1104 σου
3021 1054 3080 1105 ἐν
3137 1050 3357 1121 σταθμῷ
3425 1050 3666 1119 φάγεσαι
3697 1051 3742 1079 ⁸⁸

2160 1149 2268 1201 ἀπὸ
2296 1147 2489 1218 καιροῦ
2538 1146 2641 1208 ἕως
2690 1144 2882 1211 καιροῦ
2919 1143 2965 1174 ⁸³
2988 1160 3001 1173 ·
3037 1141 3133 1193 καὶ⁵
3163 1141 3222 1193 τὸ
3271 1141 3421 1210 πόμα
3456 1156 3550 1192 σου
3606 1140 3745 1208 μετά

2163 1241 2431 1308 ἐντροπῆς
2466 1238 2506 1267 ⁵⁸
2534 1238 2719 1290 πίεσαι
2748 1237 2794 1268 ⁸⁸
2826 1236 2925 1305 τῆς
2961 1234 3197 1305 ἡμέρας.
3233 1252 3249 1283 ι
3300 1232 3635 1302 ’Λνάρρηξον
3656 1232 3749 1283 οῦν

2161 1333 2236 1403 τῷ
2258 1332 2401 1402 λύγῳ
2428 1330 2525 1401 τὴν
2562 1329 2805 1399 γαστέρα
2844 1327 2955 1381 τῶν
2983 1329 3167 1380 ἐκεῖνα
3195 1325 3265 1378 τὰ
3296 1324 3465 1377 πολλά
3491 1326 3713 1393 σιτονμέ
3731 1352 3747 1362 -

2162 1439 2268 1474 νων
2300 1421 2395 1473 καὶ
2425 1418 2547 1488 ὄψει
2589 1418 2680 1469 τὸν
2713 1416 2881 1469 πολὺν
2934 1416 3133 1485 φόρτον
3163 1416 3260 1466 καὶ
3316 1414 3408 1466 τὸν
3438 1412 3742 1480 ἀκάθαρτον

2160 1513 2347 1583 ὀχετὸν
2381 1511 2474 1564 καὶ
2510 1511 2602 1563 τὸν
2641 1507 3029 1578 κεκονιαμένον
3056 1507 3153 1560 καὶ
3191 1505 3404 1574 σαπρὸν
3434 1505 3637 1572 τάφον·
3678 1507 3747 1556 τὰ

2160 1605 2219 1658 δὲ
2275 1603 2414 1673 μετὰ
2469 1602 2642 1654 ταῦτα
2692 1599 3018 1670 αἰσχύνομαι
3084 1600 3178 1651 καὶ
3229 1600 3427 1659 εἰπεῖν,
3483 1597 3580 1660 τὰς
3631 1599 3751 1649 ἀει-

2160 1697 2267 1760 δεῖς
2308 1698 2400 1749 καὶ
2446 1693 2701 1757 δυσώδεις
2768 1692 2993 1763 ἐρυγάς,
3053 1692 3178 1754 τοὺς
3219 1691 3474 1761 ἐμετοῦς,
3528 1688 3629 1759 τὴν
3657 1691 3751 1751 ζά-

472 1802 555 1854 llli
592 1815 821 1855 somnus
852 1799 1010 1853 morti
1058 1798 1256 1852 similis
1293 1797 1567 1862 succedit;
1620 1796 1746 1850 huic
1792 1797 2049 1853 distracta

2165 1792 2404 1865 ὶ.ην,τὴν
2462 1793 2729 1846 σκότωσιν
2781 1789 2883 1857 τῆς
2936 1788 3115 1858 ψυχῆς
3170 1789 3263 1841 καὶ
3317 1789 3377 1839 τὸ
3433 1787 3599 1856 βάρος
3655 1786 3753 1840 τοῦ

470 1891 694 1960 vigilia;
753 1889 846 1944 uni
900 1889 1215 1950 cruciatus.
1277 1888 1432 1941 alteri
1488 1901 1719 1954 regnum
1769 1887 2055 1942 ccelorum.

472 1981 687 2036 Etenim
752 1991 873 2049 post
934 1980 1153 2035 unicam
1219 1979 1577 2033 refectionem
1643 1986 1698 2033 et
1758 1981 2058 2049 gratiarum

472 2074 739 2135 actiones.
770 2073 1124 2142 compunctio
1155 2082 1208 2125 et
1240 2071 1511 2126 ferventes
1542 2070 1813 2141 lacrymas
1843 2072 2062 2140 copiose

472 2164 835 2229 clfundentes,
866 2165 945 2219 sic
990 2164 1055 2218 ad
1090 2180 1343 2219 somnum
1391 2164 1835 2233 progrediuntur,
1870 2166 1962 2219 sed
1992 2166 2058 2219 ad

473 2270 728 2310 somnum
762 2254 980 2308 brevem
1031 2270 1141 2324 quo
1172 2255 1258 2308 vix
1313 2257 1660 2323 requiescant
1682 2297 1696 2319 ,
1730 2271 2060 2325 rursumque

475 2355 664 2401 noctes
688 2344 808 2401 dies
857 2344 1088 2410 faciunt,
1128 2345 1183 2399 in
1214 2346 1513 2414 gratiarum
1554 2348 1773 2402 actione
1808 2356 1862 2401 et
1914 2349 2060 2416 psal-

484 2438 662 2493 modia
696 2448 912 2507 tempus
946 2451 1109 2492 omne
1137 2446 1400 2492 terentes.
1438 2437 1538 2490 Ahi
1572 2453 1701 2506 ergo
1734 2437 1802 2491 ad
1838 2446 2060 2492 sanctos

476 2532 612 2586 istos
645 2542 701 2587 et
745 2531 896 2587 disce
928 2531 997 2586 ab
1027 2530 1135 2584 illis
1181 2529 1386 2599 aliquid
1432 2529 1585 2594 utile,
1618 2538 1671 2583 et
1718 2529 2056 2595 illuminare;

480 2622 764 2692 lampades
791 2622 940 2676 enim
971 2636 1100 2676 vere
1125 2630 1255 2676 sunt
1300 2632 1354 2675 et
1411 2620 1641 2682 lumina.
1674 2620 1901 2675 verbum
1940 2622 2063 2676 vitae

474 2722 877 2784 exspectantes,
901 2722 954 2767 et
986 2712 1191 2783 ubique
1224 2723 1496 2768 terrarmn
1532 2721 1835 2777 versantes,
1863 2722 1917 2768 et
1941 2728 2061 2767 om-

477 2819 603 2859 nem
638 2805 906 2859 mundum
942 2804 1308 2859 illusuantes.
1344 2806 1484 2875 Ergo
1516 2818 1682 2874 perge
1717 2807 2063 2861 continenter

476 2896 546 2949 ad
582 2895 727 2959 illos,
765 2906 823 2951 ut
848 2910 943 2952 eas
991 2911 1113 2966 quae
1142 2906 1271 2951 sunt
1303 2896 1356 2950 in
1391 2903 1445 2951 te
1482 2897 1728 2952 maculas
1766 2897 2062 2966 purilicans

475 2986 679 3040 horum
727 2987 1072 3043 orationibus
1126 2997 1181 3042 et
1240 2988 1738 3054 adhortationibus,
1779 2990 2058 3045 meliorem

473 3077 589 3147 jam
614 3080 873 3135 ostendas
904 3081 1069 3133 vitatu
1097 3090 1149 3135 et
1183 3080 1365 3137 futura
1403 3080 1545 3136 bona
1581 3081 1856 3136 obtineas.
1892 3101 1910 3133 ι

2166 1887 2442 1956 σώματος,
2494 1885 2593 1947 τὰς
2642 1883 2890 1937 κάτωθεν
2928 1899 2988 1935 τε
3032 1884 3125 1934 καλ⁵
3158 1879 3363 1935 ἄνωθεν
3393 1880 3649 1949 ἐκρήσεις
3684 1880 3753 1941 ⁸⁸,

2164 1982 2258 2035 καὶ
2305 1980 2431 2042 τοὺς
2462 1979 2553 2031 ἐπὶ
2586 1977 2801 2039 τούτοις
2845 1975 3239 2046 σφοδροτέρους
3271 1975 3382 2027 τῶν
3420 1974 3754 2043 ἀφροδισίων

2162 2072 2393 2143 ἔρωτας.
2432 2068 2676 2137 Κάκείνη
2713 2068 2811 2137 μὲν
2844 2068 2877 2137 ὴ
2909 2064 3181 2136 τράπεζα,
3218 2066 3295 2127 είς
3327 2064 3591 2134 οὐρανοὺς
3624 2063 3752 2125 τοὺς

2162 2163 2434 2232 ἀγγέλους
2491 2160 2886 2238 παραπέμπει·
2921 2156 3059 2228 αῦτη
3108 2158 3163 2210 δὲ
3200 2158 3277 2221 είς
3311 2158 3539 2223 γέενναν
3581 2154 3752 2225 πυρὸς

2161 2256 2314 2308 ἕλκει
2346 2255 2475 2316 τοὺς
2529 2251 2949 2315 κοιλιοδούλους,
2987 2249 3179 2315 ὥσπερ
3232 2252 3327 2301 καὶ
3362 2249 3454 2301 τὸν
3496 2245 3754 2300 πλούσιον

2162 2349 2369 2400 ἐκεῖνον
2392 2365 2403 2375 ·
2440 2346 2536 2399 καὶ
2557 2344 2655 2415 τὴν
2676 2346 2775 2414 μέν
2799 2344 2842 2376 δ’
2876 2344 3042 2405 ὕπνος
3068 2342 3285 2411 θανάτῳ
3318 2342 3677 2412 προσεοικυῖα
3706 2340 3755 2371 ⁵⁸

2162 2439 2489 2508 διαδέχεται,
2513 2438 2611 2507 τὴν
2634 2438 2690 2490 δέ
2722 2436 2887 2505 νῆψις
2910 2435 3008 2488 καὶ
3041 2433 3347 2504 ἀγρυπνία,
3384 2432 3482 2487 καὶ
3518 2432 3618 2503 τὴν
3652 2431 3755 2502 μὲν

2164 2531 2405 2595 κόλασις,
2431 2530 2528 2599 τὴν
2556 2528 2663 2602 [δὲ]
2693 2528 2940 2601 οὐρανῶν
2975 2526 3226 2598 βασιλεία
3251 2527 3324 2558 ⁸⁸⁸
3360 2524 3499 2596 μετὰ
3523 2525 3631 2595 γὰρ
3650 2524 3757 2594 τὴν

2164 2622 2314 2688 ἅπαξ
2341 2624 2587 2676 ἑστίασιν
2621 2623 2718 2676 καὶ
2753 2623 2854 2692 τὴν
2886 2620 3244 2692 εὐχαριστίαν
3279 2619 3483 2689 πολλῆς
3533 2615 3753 2689 ἐμπλη-

2166 2716 2387 2778 σθέντες
2421 2717 2466 2748 ⁸ο
2494 2714 2839 2781 κατανύξεως
2894 2714 2989 2768 καὶ
3034 2712 3257 2783 θερμῶν
3299 2710 3573 2781 δακρύων,
3605 2709 3755 2763 οῦτω

2164 2808 2304 2877 πρὸς
2345 2807 2514 2860 ὕπνον
2576 2805 2903 2877 βαδίζουσιν,
2961 2804 3217 2859 τοσοῦτον
3262 2802 3427 2856 αὑτοῦ
3475 2802 3755 2873 μεταλαγ-

2164 2899 2419 2970 χάνονται
2460 2899 2584 2951 ὅσον
2628 2899 2825 2969 μικρὸν
2848 2896 3271 2951 ἀναπαύσασθαι
3299 2903 3312 2916 ⁸
3354 2896 3450 2951 καὶ
3474 2896 3635 2950 πάλιν
3651 2896 3755 2958 τὰς

2171 2990 2372 3053 νύκτας
2404 2987 2621 3059 ἡμέρας
2667 2989 2937 3052 ποιοῦσιν,
2965 2988 3023 3040 ἐν
3050 2986 3374 3058 εὐχαριστία
3408 2985 3506 3040 καὶ
3527 2985 3755 3055 ψαλμῳ-

2164 3084 2255 3155 δία
2282 3082 2370 3138 ἀεὶ
2396 3080 2701 3148 διάγοντες.
2748 3078 2989 3133 Ἀπελθε
3028 3078 3208 3132 τοίνυν
3242 3081 3379 3148 πρὸς
3406 3078 3534 3141 τοὺς
3563 3076 3753 3144 ἁγίους

476 3170 701 3234 τούτους
732 3170 828 3223 καὶ
874 3169 1014 3240 μάθε
1045 3188 1097 3224 τι
1151 3171 1282 3242 παρ’
1326 3172 1508 3225 αὐτῶν
1568 3173 1842 3243 χρήσιμον
1877 3171 1970 3226 καὶ
2002 3174 2334 3244 φωτίσθητι·
2370 3171 2553 3242 λύχνοι
2586 3171 2693 3240 γάρ
2726 3171 2865 3224 είσιν
2897 3171 3066 3235 δντως
3105 3172 3196 3224 καὶ
3230 3170 3542 3240 φωστῆρες,
3596 3168 3771 3237 λόγονΔ

478 3264 626 3332 ζωῆς
649 3265 963 3333 ἐπέχοντες,
1001 3269 1099 3319 καὶ
1146 3266 1427 3336 πανταχοῦ
1458 3267 1615 3337 261
1652 3268 1749 3334 τῆς
1794 3269 2120 3338 οἰκουμένης
2156 3270 2309 3332 ὄντες
2347 3268 2443 3321 καὶ
2474 3268 2640 3321 πᾶσιν
2676 3265 2773 3338 τὴν
2802 3267 2907 3336 γῆν
2940 3266 3521 3337 καταλαμπρύνοντες.
3544 3264 3758 3319 Οὐκοῦν

482 3357 665 3429 βάδιζε
708 3359 947 3429 συνεχῶς
996 3362 1133 3431 προς
1165 3361 1382 3425 αὐτοὺς,
1422 3361 1509 3415 ἵνα
1564 3354 1661 3425 τὰς
1702 3365 1759 3416 ἐν
1789 3367 1874 3417 σοὶ
1932 3365 2156 3433 κηλίδας
2184 3364 2323 3435 (70⁸)
2363 3362 2678 3433 ἐκκαθάρας
2733 3366 2853 3426 ταῖς
2882 3362 3109 3416 ἐκείνων
3176 3362 3364 3431 εὐχαῖς
3412 3363 3508 3414 καὶ
3557 3376 3762 3430 παραι-

480 3447 718 3515 νέσεσιν,
769 3448 991 3520 ἄριστον
1039 3450 1293 3522 ἀναδείξῃ
1328 3452 1372 3482 ⁸⁸
1399 3453 1494 3505 τοῦ
1518 3452 1705 3505 λοιποῦ
1763 3454 1877 3524 βίον
1916 3456 2011 3508 καὶ
2057 3457 2164 3508 τῶν
2200 3454 2503 3525 μελλόντων
2538 3453 2759 3521 ἀγαθῶν
2801 3453 3089 3525 ἐπιτύχῃς.
3130 3472 3148 3503 ι

558 3543 827 3599 Similiter
856 3553 910 3598 et
941 3543 1319 3600 Theodoretus
1352 3544 1424 3600 ita
1456 3548 1700 3616 loquitur
1730 3566 1743 3602 :
1779 3567 1797 3601 ι
1834 3549 2063 3619 Angelo-
2094 3556 2135 3614 c

482 3651 607 3689 rum
628 3650 757 3691 vere
782 3636 1066 3690 imitantur
1095 3639 1590 3705 conversationem,
1619 3640 1936 3710 quicunque
1968 3641 2057 3697 Dei

483 3730 766 3786 servitium
813 3732 1105 3801 amplexati
1159 3743 1314 3799 sunt,
1366 3734 1459 3803 qui
1517 3735 1763 3804 corporis
1810 3734 2067 3805 fugerunt

482 3822 725 3892 requiem
757 3833 811 3877 et
844 3823 1138 3893 legitimam
1188 3826 1527 3888 societatem,
1572 3836 1757 3895 utpote
1806 3844 1834 3878 a
1866 3829 2065 3883 divinis

483 3913 892 3968 abstrahentem
958 3914 1147 3980 rebus,
1193 3926 1248 3970 et
1281 3932 1311 3971 a
1347 3918 1661 3971 cmlestibus
1712 3928 1766 3972 et
1815 3918 2065 3975 invisibi-

483 4006 632 4063 libus
668 4008 877 4063 deliciis
909 4018 1255 4076 avocantem,
1330 4020 1383 4065 et
1438 4011 1530 4080 qui
1588 4011 1931 4081 reliquerunt
1968 4028 2067 4083 pa-

482 4100 645 4153 triam
692 4108 748 4154 et
789 4116 961 4170 genus
993 4102 1157 4156 simul
1199 4112 1252 4157 et
1282 4103 1525 4169 divitias,
1560 4113 1619 4159 ut
1651 4120 1867 4159 omnem
1907 4107 1960 4160 in
1992 4107 2069 4162 di-

484 4188 630 4244 vinis
673 4204 863 4244 curam
918 4200 1205 4260 reponant,
1254 4192 1574 4261 nullumque
1617 4193 1893 4248 vinculum
1938 4208 2067 4263 pro-

484 4280 671 4335 hibeat
704 4282 837 4351 quin
864 4282 928 4337 ad
962 4283 1161 4337 ccelum
1199 4300 1354 4339 tuens
1382 4286 1583 4340 evolet.
1619 4284 1715 4341 llis
1753 4286 1911 4355 plena
1941 4296 2070 4342 sunt

483 4382 539 4427 et
563 4373 727 4429 urbes
756 4384 811 4429 et
836 4375 938 4431 vici
964 4384 1017 4429 et
1050 4377 1320 4430 montium
1356 4378 1587 4433 vertices
1616 4388 1669 4432 et
1708 4379 2061 4449 praecipitia.»

486 4462 566 4516 Ex
593 4477 706 4532 quo
743 4467 889 4519 enim
920 4465 1180 4522 Christus
1213 4466 1583 4537 virginitatem
1616 4468 1827 4523 honore
1862 4467 2066 4532 alfecit,

485 4568 551 4605 ex
581 4550 807 4623 Virgine
830 4566 1014 4622 natus,
1040 4560 1368 4629 virginitatis
1399 4569 1551 4629 prata
1577 4570 1772 4615 natura
1800 4562 2071 4629 germina—

486 4647 585 4711 vit,
647 4654 703 4701 et
761 4662 961 4704 suaves
1019 4666 1082 4705 ac
1134 4654 1618 4709 immarccscibiles
1674 4655 2067 4710 monachorum

488 4738 650 4793 ﬂores
692 4738 854 4793 offert
919 4740 1165 4795 Creatori
1235 4753 1289 4797 et
1338 4742 1590 4798 Domino.
1649 4742 1863 4815 Ubique
1923 4745 2069 4799 enim

490 4832 821 4887 monasteria
850 4833 1071 4887 condita
1099 4844 1251 4896 sunt,
1300 4850 1407 4888 non
1444 4838 1622 4891 solum
1647 4839 1791 4905 apud
1824 4855 1946 4903 nos,
1975 4839 2068 4893 sed

2241 3550 2286 3580 "
2326 3547 2437 3619 (I5)
2472 3546 2547 3600 Ού
2584 3545 2691 3618 μὴν
2738 3546 2795 3599 δὲ
2839 3546 2975 3601 ἀλλὰ
3034 3546 3129 3601 καὶ
3179 3546 3525 3618 Θεοδώρητος
3578 3546 3756 3611 οὕτως

2170 3641 2295 3709 ἔφη·
2357 3659 2375 3691 ι
2410 3640 2521 3710 Τὴν
2556 3638 2665 3709 γὰρ
2726 3638 2789 3709 δὴ
2844 3639 2953 3693 τῶν
3008 3640 3259 3707 ἀγγέλων
3319 3641 3691 3711 ἐκμιμοῦντες
3711 3643 3757 3676 ⁸⁸

2172 3733 2457 3805 προδήλως
2517 3733 2796 3787 πολιτείαν
2830 3734 2945 3786 ὅσοι
2988 3734 3099 3787 τῶν
3136 3734 3441 3805 ἀνθρώπων
3502 3736 3601 3807 τὴν
3656 3738 3757 3792 τοῦ

2170 3822 2306 3877 Θεοῦ
2343 3822 2639 3895 θεραπείαν
2690 3822 3043 3892 ἠσπάσαντο,
3096 3824 3294 3887 οἵτινες
3341 3824 3547 3895 ἔφυγον
3572 3826 3618 3859 ⁸⁵
3656 3828 3760 3896 μὲν

2171 3918 2269 3988 τὴν
2295 3918 2389 3971 τοῦ
2425 3917 2677 3986 σώματος
2709 3917 3018 3970 ἀνάπαυσιν
3052 3919 3146 3970 καὶ
3172 3918 3272 3988 τὴν
3301 3919 3346 3951 ⁵⁸
3380 3917 3608 3989 ἔννομον
3638 3936 3759 3972 κοι-

2172 4010 2365 4064 νωνίαν
2390 4009 2465 4071 ὡς
2494 4008 2601 4061 τῶν
2634 4008 2796 4061 θείων
2813 4008 3157 4075 ἀφέλκουσα-ι
3184 4009 3229 4041 ⁵⁸
3257 4009 3351 4062 καὶ
3380 4009 3491 4062 τῶν
3519 4012 3760 4081 ἐπουρα-

2172 4100 2302 4154 νίων
2336 4101 2586 4170 ἀοράτων
2610 4100 3009 4169 τρυφημάτων,
3057 4101 3352 4154 κατέλιπον
3400 4102 3457 4154 δὲ
3505 4103 3602 4156 καὶ
3645 4120 3758 4156 πα-

2171 4194 2327 4265 τρίδα
2352 4196 2447 4246 καὶ
2486 4194 2642 4261 γένος
2674 4192 2791 4262 ἅμα
2820 4193 2865 4225 ³⁷
2896 4192 2993 4246 καὶ
3040 4192 3296 4257 πλοῦτον,
3333 4193 3419 4246 ἴνα
3465 4196 3648 4247 πᾶσαν
3680 4198 3760 4257 είς

2171 4288 2241 4341 τὰ
2276 4288 2395 4342 θεῖα
2434 4287 2743 4357 μεταθῶσιν
2800 4288 2898 4359 τὴν
2953 4289 3247 4359 μέριμναν,
3302 4291 3396 4344 καὶ
3434 4291 3626 4361 μηδεὶς
3665 4293 3759 4345 τὸν

2172 4380 2297 4433 νοῦν
2329 4379 2505 4451 ἐπέχῃ
2533 4379 2731 4449 δεσμδς
2766 4379 2811 4411 ⁸⁸
2844 4380 2925 4444 είς
2953 4380 3182 4450 οὐρανὸν
3237 4381 3571 4452 ἀναπτῆναι.
3619 4382 3762 4435 Τού-

2171 4487 2282 4524 των
2316 4469 2546 4538 πλήρεις
2595 4469 2689 4521 καὶ
2738 4469 2945 4535 πόλεις,
3008 4470 3103 4522 καὶ
3156 4468 3366 4539 κῶμαι,
3421 4472 3517 4524 καὶ
3544 4472 3601 4524 αί
3648 4472 3761 4524 τῶν

2172 4562 2345 4633 ὁρέων
2394 4561 2669 4632 ἀκρωρίαι
2706 4563 2751 4594 ⁸⁸
2785 4564 2878 4615 καὶ
2934 4562 3241 4632 φάραγγες.
3281 4581 3299 4613 ι
3366 4563 3479 4633 (16)
3526 4562 3645 4633 ⁹Δφ’
3699 4557 3761 4617 οὗ

2173 4654 2284 4725 γὰρ
2313 4656 2340 4706 ὁ
2371 4653 2607 4724 Χριστὸς
2640 4652 2739 4721 τὴν
2774 4654 3076 4725 παρθενίαν
3121 4653 3408 4724 ἐτίμησεν,
3467 4654 3574 4709 ὑπὸ
3614 4674 3762 4723 παρα

2174 4746 2330 4800 θένου
2371 4745 2605 4815 τεχθεὶς,
2630 4746 2756 4809 τοὺς
2788 4744 2884 4814 τῆς
2910 4743 3209 4813 παρθενίας
3228 4744 3503 4815 λειμῶνας
3533 4747 3565 4817 ή
3596 4745 3763 4814 φύσις

2174 4837 2477 4909 ἐϐλάστησε
2529 4838 2625 4892 καὶ
2673 4836 2743 4890 τά
2798 4835 2971 4907 εὐώδη
3012 4836 3121 4889 τῶν
3159 4836 3414 4906 μοναχῶν
3465 4837 3602 4908 ἄνθη
3666 4841 3766 4891 καὶ

488 4931 634 4978 etum
675 4924 727 4978 in
782 4922 941 4996 Syria
969 4935 1079 4982 tota
1124 4936 1178 4981 et
1224 4926 1538 4992 Palaestina,
1584 4940 1640 4984 et
1692 4930 1881 4985 Cilicia
1922 4940 1977 4985 et
2010 4932 2062 4985 in

2172 4930 2463 5000 ἀμάραντα
2498 4929 2799 5001 προσφέρει
2838 4929 2917 4999 τῷ
2961 4930 3167 4999 Ποιητῇ
3213 4930 3307 4982 καὶ
3333 4929 3607 4999 Δεσπότη.
3651 4930 3766 4983 Καὶ

489 5010 919 5086 Mesopotamia;
966 5014 1020 5074 in
1065 5018 1297 5092 Egypto
1330 5020 1592 5078 dicuntur
1620 5024 1861 5095 quinque
1899 5025 2061 5079 etiam

493 5105 661 5160 millia
736 5108 976 5163 virorum
1027 5111 1223 5167 habere
1296 5112 1543 5182 quaedam
1622 5115 1821 5171 schola:
1886 5116 2067 5171 'simul

2172 5024 2281 5091 γὰρ
2306 5023 2585 5093 πανταχοῦ
2624 5023 2967 5093 μοναστήρια
3002 5022 3318 5091 γεγόνασιν,
3369 5022 3431 5075 ού
3467 5021 3599 5092 παρ’
3624 5024 3761 5092 ἡμῖν

2180 5116 2362 5187 μόνον,
2396 5117 2534 5171 ἀλλά
2565 5118 2660 5171 καὶ⁵
2704 5119 2759 5170 ἐν
2790 5116 2964 5188 Συρίᾳ
2998 5116 3168 5187 πάσῃ,
3205 5114 3299 5168 καὶ
3352 5114 3692 5185 Παλαιστίνῃ
3716 5116 3762 5145 ⁸⁸

1653 5251 1845 5313 Varias
1880 5251 2184 5313 lectiones
2211 5261 2271 5313 ct
2311 5260 2499 5315 noue.

570 5407 616 5440 ”
645 5411 773 5473 περὶ
794 5408 1059 5463 δείπνωνῗ
1162 5410 1205 5441 ⁸⁸
1246 5409 1569 5472 άνάπλεωςῖ

500 5476 711 5550 ἠμιραν
742 5477 834 5535 Et.
867 5496 936 5542 Iv.
962 5481 1016 5535 ἓ.
1092 5482 1137 5513 ⁸³
1162 5482 1266 5543 ἕως
1289 5481 1482 5544 καιροῦ
1544 5483 1642 5550 τῆς

504 5618 627 5693 cmi.

510 5688 902 5763 μοῖξνταιιιτυιίΖ
952 5691 1020 5763 ,⁸³
1050 5694 1182 5753 ἡαπ.
1206 5694 1302 5763 Αὲφ.
1328 5693 1439 5763 _'_l'lt.
1517 5694 1562 5726 ⁸⁸
1589 5694 1686 5762 τὴν
1722 5694 1988 5763 σωμάτων
2011 5688 2062 5743 κε

2174 5692 2236 5760 ἠν
2270 5688 2369 5743 Tlt.

511 5752 782 5823 σμὸνοοά.
863 5758 904 5785 υ
943 5752 1273 5823 ἀκρωνυχίαι
1327 5759 1427 5813 Tit.
1508 5764 1549 5791 ⁸⁸
1584 5752 1674 5815 καὶ
1719 5766 1773 5814 ἐν
1805 5752 1872 5816 ἸΙ.
1915 5764 2034 5817 cod.

1680 5412 1721 5443 “
1756 5411 1847 5466 Ez.
1909 5428 2006 5469 xu,
2050 5409 2133 5463 18.
2185 5407 2511 5475 φάγεσαι-
2552 5410 2758 5464 πίεσαι.

1699 5483 1910 5553 ἡμέρας
1969 5481 2062 5535 cod

2165 5479 2216 5553 ff
2243 5480 2351 5553 ἀπὸ
2387 5479 2597 5553 ,καιροῦ
2619 5480 2724 5553 ἕως
2760 5478 2957 5553 καιροῦ
2988 5480 3040 5533 in
3070 5480 3335 5553 margine.
3413 5484 3457 5553 δὲ
3491 5481 3591 5553 Δκαὶ
3612 5478 3759 5553 ῦδωρ

502 5549 560 5599 ἰν
593 5548 783 5621 *μέτρῳ
813 5568 868 5604 π.
904 5551 996 5605 ΕΖ.
1041 5570 1111 5616 ιν,
1146 5554 1229 5605 η.
1307 5552 1353 5584 ⁸⁸
1384 5548 1664 5621 ἐκρεύσεις
1698 5548 1777 5607 νέοι
1799 5548 2085 5621 ἐκρήξειςῖ
2161 5550 2204 5581 ⁸⁷
2234 5550 2325 5603 καὶ
2347 5551 2411 5619 τῇ
2559 5549 2679 5605 cod.

704 5620 747 5645 "’
773 5620 1220 5688 ἐμπληροῦνταιῖ
1296 5624 1336 5653 ⁵¹
1382 5620 1523 5676 ἐπιδ.
1559 5628 1679 5677 rod.
1756 5626 1799 5654 "
1824 5623 2062 5691 Θεοδωρεί

2165 5640 2193 5678 ι,
2230 5636 2410 5691 seruio
2454 5620 2541 5681 Ill.
2577 5637 2698 5689 pag.
2727 5622 2812 5675 53.

2870 5408 3011 5491 “.tp:
3066 5412 3121 5463 ἐν
3179 5427 3260 5491 στ.
3296 5414 3344 5463 κ’
3380 5408 3755 5491 σίκλους-ξὴν

2761 5550 2804 5581 ⁸⁸
2836 5550 3174 5619 προσεοικώς
3211 5551 3333 5606 cod.
3412 5552 3455 5581 δ’
3484 5549 3766 5618 βασιλείαν

2915 5621 2960 5652 ⁸³
2990 5620 3318 5689 μιμούμενοι
3376 5621 3477 5676 Th.
3516 5651 3580 5658 —-
3606 5622 3769 5685 ἐκμι-

2452 5692 2497 5721 ⁸⁶
2536 5691 2628 5759 ἀφ.
2658 5708 2781 5744 κατ.
2817 5693 2917 5747 Th.
2997 5692 3040 5721 ⁸⁷
3078 5692 3262 5759 γέννος
3303 5693 3390 5744 ἴνα
3414 5690 3515 5743 Th.
3598 5692 3643 5720 ”
3681 5690 3769 5741 ξε-
