4088 6224
497 353 602 416 419

1707 339 2035 399 GEORGII
2077 337 2530 398 llAMARTOLI

3658 339 3764 404 420

499 458 838 526 Aisehylum,
875 465 982 504 ncn
1009 448 1181 504 videri
1207 446 1342 503 velle
1372 449 1466 504 sed
1505 446 1642 501 velle
1671 446 1873 515 reipsa,
1908 444 2077 499 videri

2195 446 2307 496 κατ’
2343 444 2610 512 Λῖσχυλον
2637 444 2680 474 ⁷⁵⁸
2716 441 2796 512 (ού
2842 442 3022 495 δοκεῖν
3052 442 3166 496 ἀλλ’
3195 442 3337 497 εἶναι
3391 446 3601 514 ἀγαθὶν
3653 449 3776 502 ἐθέ-

501 568 630 604 γυνο
649 545 948 602 tollendum
969 556 1120 609 esse;
1149 541 1194 596 si
1213 541 1358 596 enim
1374 540 1556 611 justus
1573 553 1693 594 esse
1713 539 1915 606 aliquis
1933 537 2086 591 vide-

503 649 668 706 bitur,
697 648 858 694 erunt
883 639 932 692 ei
963 638 1200 691 honores
1216 643 1270 689 et
1295 648 1524 688 munera
1546 631 1672 700 quia
1715 631 1932 683 videtur
1965 644 2086 683 esse

501 739 644 791 talis.
671 736 832 803 Atqui
864 732 918 786 in
952 731 1163 785 incerto
1204 738 1289 784 est
1332 743 1400 781 an
1438 727 1510 780 oh
1533 723 1827 794 justitiam,
1853 724 1933 775 vel
1967 735 2086 775 mu-

501 846 692 883 nerum
721 841 772 881 et
798 829 1065 880 honorum
1092 823 1265 894 gratia
1299 821 1426 874 talis
1461 822 1554 874 sit.
1586 816 1887 870 Nudandus
1923 815 2086 884 igitur

500 922 760 976 nnmihus
791 930 896 980 est,
927 919 1111 984 itaque
1153 913 1479 982 redigendus
1533 918 1591 964 ut
1637 910 1709 964 sit
1755 908 1873 976 ejus
1920 917 2082 973 quem

502 1017 656 1082 prius
703 1008 1094 1074 descripsimus
1132 1005 1466 1060 contrarius.
1509 1002 1663 1056 Nulla
1701 1001 1846 1054 enim
1872 1015 1928 1051 re
1947 1011 2086 1067 prae-

503 1111 650 1158 ditus
689 1103 1004 1170 opinionem
1059 1098 1257 1151 habeat
1301 1108 1531 1151 summae
1578 1093 1876 1157 injustitizn.
1909 1101 1966 1143 ut
2011 1089 2084 1142 ita

505 1200 848 1264 exploratum
871 1195 940 1248 sit
957 1208 1081 1245 eum
1100 1205 1220 1245 esse
1236 1190 1469 1260 justum,
1484 1202 1608 1242 cum
1655 1199 1759 1238 non
1780 1183 1935 1238 cedat
1952 1182 2086 1237 sini-

505 1302 630 1345 sine
663 1289 838 1352 famae,
863 1302 1038 1356 neque
1061 1284 1362 1339 ambitione
1383 1290 1477 1336 aut
1502 1280 1569 1334 iis
1597 1295 1718 1350 qua:
1743 1277 1869 1331 inde
1898 1275 2087 1330 oriun-

508 1395 594 1437 tur
634 1396 848 1452 agatur,
892 1378 986 1433 sed
1017 1380 1088 1433 sit
1119 1377 1420 1438 mutabilis,
1452 1383 1568 1429 toto
1597 1373 1722 1427 vitae
1750 1371 1927 1441 spatio
1960 1384 2083 1423 cum

507 1487 728 1546 putetur
757 1490 877 1530 esse
907 1473 1166 1542 injustus.
1185 1471 1329 1536 Ouin
1353 1469 1517 1523 etiam
1542 1463 2086 1533 Socrates.tnagister

508 1569 646 1635 ejus,
681 1568 748 1620 ad
780 1567 962 1636 ipsum
995 1563 1168 1617 dicit:
1200 1559 1485 1629 Numquid
1522 1557 1666 1625 vulgi
1708 1555 1952 1624 Opinioni
1986 1566 2086 1606 nos

508 1663 699 1715 cedere
722 1667 936 1728 oportet
956 1665 1009 1708 et
1030 1655 1171 1708 hanc
1190 1651 1573 1712 relurmidare,
1596 1648 1679 1701 vel
1711 1648 1910 1716 potius,
1936 1658 2088 1714 spre-

509 1757 579 1808 tis
601 1753 858 1807 munibus
881 1749 1025 1814 aliis,
1057 1747 1176 1815 ejus
1202 1745 1464 1816 judicium
1486 1742 1725 1796 revereri
1742 1741 1832 1808 qui
1865 1739 1912 1793 ei
1939 1737 2087 1808 quod

2186 539 2384 592 λον-ια’
2446 537 2770 606 ἀφαιρετέον
2812 536 2869 587 δὲ
2904 534 2949 566 ⁸⁸
3000 535 3061 586 τὸ
3099 535 3300 591 δοκεῖν.
3360 536 3422 590 Εἰ
3471 540 3583 608 γὰρ
3634 539 3776 605 δόξει

2185 635 2394 696 δίκαιος
2451 629 2612 701 εἶναι)
2648 630 2862 682 ἔσονται
2893 629 2938 661 ⁸⁸
2975 631 3135 698 τιμαὶ
3188 631 3340 700 αὐτῷ
3375 635 3472 687 καὶ
3500 635 3544 665 ’⁸⁸
3574 635 3779 702 δωρεαὶ

2185 727 2428 780 δοκοῦντι
2482 727 2721 778 τοιοῦτον
2751 726 2798 756 ⁸³
2829 720 2988 776 εἶναι·
3021 723 3219 793 ἄδηλον
3263 721 3378 788 οὖν,
3414 729 3524 780 εἴτε
3562 727 3657 779 τοῦ
3692 728 3775 782 δι-

2187 818 2369 880 καίού,
2401 816 2508 868 εἴτε
2537 814 2691 887 [τῶν]
2717 814 2937 884 δωρεῶν
2966 814 3060 866 καὶ
3096 815 3274 882 τιμῶν
3304 815 3487 869 εἵνεκα
3525 817 3775 880 τοιοῦτος

2188 910 2277 978 εἴη
2305 909 2371 939 ⁸⁸⁸
2401 910 2717 977 γυμνωτέος
2746 907 2810 976 δὴ
2843 907 3065 960 πάντων
3093 905 3234 974 πλὴν
3271 907 3620 978 δικαιοσύνης
3676 911 3774 963 καὶ

2189 999 2443 1069 ποιητέος
2467 999 2726 1060 ἐναντίως
2757 998 3102 1068 διακείμενος
3125 998 3169 1031 ⁸⁸
3198 998 3273 1069 τῷ
3300 1001 3571 1069 προτέρῳ
3602 1000 3772 1068 μηὶὲν

2187 1091 2294 1160 γὰρ
2324 1089 2463 1160 ἔχων
2502 1089 2660 1155 δόξαν
2687 1087 2733 1120 ⁸⁸
2767 1091 2940 1157 ἐχέτω
2976 1088 3240 1159 μεγίστης
3281 1090 3523 1153 ἀδικίας,
3557 1091 3645 1140 ἵνα
3679 1087 3773 1156 βε·-

2188 1183 2586 1252 6ασανισμένος
2690 1183 2769 1242 είς
2799 1181 3174 1250 δικαιοσύνην,
3198 1181 3260 1234 τὸ
3291 1183 3368 1252 μὴ
3403 1183 3705 1250 τέγγεσθαι
3729 1186 3774 1215 ⁸⁷

2189 1280 2296 1334 ὑπὸ
2323 1277 2700 1348 κακοδοξίαςῆ
2738 1276 3042 1346 φιλοδοξίας
3089 1278 3184 1330 καὶ
3223 1277 3316 1330 ὑπ’
3362 1277 3534 1347 αὐτῆς
3583 1295 3770 1344 γιγνο-

2193 1374 2394 1443 μένων,
2451 1371 2568 1426 ἀλλ’
2621 1371 2761 1423 εστω
2797 1370 2843 1402 ⁸⁸
2880 1370 3262 1440 ἀμετάστατος
3323 1370 3479 1439 μέχρι
3533 1371 3761 1423 θανάτου

2187 1466 2358 1519 δοκῶν
2386 1464 2570 1527 ἄδικος
2596 1459 2736 1515 εἶναι
2758 1463 2846 1516 διὰ
2878 1462 3017 1532 βίου.
3060 1481 3078 1513 ι
3114 1463 3224 1514 Καὶ
3243 1461 3308 1532 δὴ
3333 1463 3423 1514 καὶ
3447 1461 3761 1531 Σωκράτης,

2189 1559 2217 1610 δ
2255 1556 2576 1618 διδάσκαλος
2609 1554 2797 1616 αὑτοῦ,
2844 1554 2981 1623 πρὸς
3024 1554 3192 1608 αὑτὸν
3221 1553 3268 1586 ⁸⁸
3307 1554 3438 1622 ἔφη’
3484 1572 3503 1603 ι
3540 1554 3768 1623 Πότεράν

2188 1652 2256 1718 τῇ
2287 1648 2397 1702 τῶν
2428 1645 2639 1699 πολλῶν
2672 1646 2800 1715 δόξῃ
2829 1646 2874 1677 ’⁸
2899 1645 2977 1698 δεῖ
3022 1647 3171 1716 ἡμᾶς
3219 1645 3509 1698 πείθεσθαι
3542 1646 3635 1696 καὶ
3681 1661 3776 1711 φο-

2191 1739 2404 1792 ϐεῖσθαι
2462 1736 2670 1808 ταύτην
2729 1737 2763 1806 ἢ
2797 1737 2840 1768 ⁹¹
2871 1737 2969 1806 τὴν
3017 1736 3111 1788 τοῦ
3166 1736 3306 1798 ἑνὸς,
3358 1735 3413 1788 εί
3436 1753 3520 1798 τις
3553 1736 3597 1766 ⁹¹
3627 1734 3776 1786 ἐστιν

511 1857 716 1901 rectum
761 1852 845 1899 est
901 1844 1261 1909 obtemperet,
1305 1839 1394 1893 cui
1424 1836 1528 1891 nisi
1564 1847 1860 1906 pareamus
1897 1833 2088 1901 ingens

2195 1833 2401 1885 ὲπαῖων
2439 1831 2498 1883 ὂν
2527 1830 2574 1862 ’³
2603 1830 2684 1882 δεῖ
2709 1829 2756 1861 ³⁸
2789 1829 2883 1881 καὶ
2930 1827 3214 1895 φοϐεῖσθαι
3272 1827 3365 1879 καὶ
3418 1825 3774 1896 αἰσχύνεσθαι

510 1943 682 1995 simus
730 1937 990 1990 damnum
1032 1930 1380 2004 percepturi?
1407 1929 1526 1983 Non
1564 1943 1719 1993 sane,
1745 1943 1777 1981 0
1805 1927 1970 1991 bone,
2003 1941 2091 1980 cu-

508 2033 739 2089 randum
763 2030 920 2085 nobis
942 2037 1023 2084 est
1051 2027 1185 2097 quid
1213 2030 1280 2081 de
1300 2023 1462 2080 nobis
1479 2024 1628 2093 plebs
1655 2022 1819 2086 dicat,
1846 2021 1937 2075 sed
1959 2019 2091 2090 quid

509 2127 710 2180 veritas
747 2123 937 2194 probet
980 2135 1100 2190 quae
1151 2119 1364 2189 justum
1424 2120 1494 2171 ab
1547 2115 1756 2183 injuste
1802 2113 2089 2178 discernit,

513 2218 659 2289 quod
695 2215 936 2272 veritatis
963 2220 1065 2267 est.
1105 2231 1122 2265 ι

585 2404 709 2458 llaec
739 2414 918 2459 autem
953 2401 1238 2474 perspicue
1292 2400 1467 2472 magis
1509 2401 1847 2456 conveniunt
1891 2403 2094 2457 nostris

514 2499 689 2551 sacris
719 2505 774 2550 et
820 2491 1143 2565 apostolicis
1196 2493 1569 2558 sermonibus,
1603 2493 1656 2545 in
1709 2493 1910 2562 quibus
1961 2493 2096 2546 dicit

512 2588 950 2659 Christopborus
983 2605 998 2641 :
1041 2604 1060 2637 t
1093 2583 1198 2640 Per
1238 2599 1391 2639 arma
1418 2584 1645 2652 justitiae
1683 2599 1712 2637 a
1745 2584 1953 2638 dextris
1977 2594 2029 2638 ct
2063 2600 2092 2638 a

512 2681 784 2747 sinistris;
815 2694 912 2750 per
942 2679 1174 2748 gloriam
1226 2683 1281 2729 et
1331 2674 1768 2743 ignobilitatem;
1815 2691 1908 2745 per
1963 2676 2096 2727 infa-

512 2773 679 2828 ntiam
708 2781 761 2826 et
806 2774 1004 2826 bonam
1033 2769 1236 2824 famam
1260 2786 1275 2835 ;
1321 2779 1377 2823 ut
1403 2770 1753 2838 imposlores,
1778 2782 1830 2823 et
1853 2783 2094 2833 veraces;

516 2876 777 2934 tanquam
811 2863 1008 2933 ignoti,
1037 2877 1160 2917 cum
1199 2861 1374 2917 simus
1403 2861 1555 2923 noti;
1584 2859 1744 2930 quasi
1776 2860 2092 2926 morientes,

514 2969 568 3014 et
593 2973 721 3014 ecce
747 2959 982 3013 vivimus
1013 2975 1026 3011 :
1059 2963 1123 3010 ut
1171 2955 1444 3022 castigati,
1497 2963 1552 3007 et
1579 2968 1687 3006 non
1741 2952 2049 3007 mortiﬁrati
2078 2970 2092 3019 ;

515 3060 576 3104 ut
606 3049 811 3113 tristes,
844 3061 1063 3116 semper
1118 3054 1300 3098 autem
1359 3044 1696 3111 gaudentes;
1754 3045 1897 3098 sicut
1929 3060 2094 3114 egen-

485 3153 619 3210 'tes,
669 3143 873 3196 multos
919 3150 1098 3195 autem
1157 3138 1587 3208 locupletantes;
1642 3145 1902 3208 tanquam
1958 3139 2093 3192 nihil

515 3234 799 3298 habentes,
827 3242 881 3285 et
931 3231 1112 3284 omnia
1148 3230 1516 3299 possidentes.
1557 3248 1576 3280 ι
1611 3227 1795 3284 Talem
1833 3230 1996 3300 igitur
2027 3232 2094 3286 de

506 3325 720 3395 justitia
763 3334 817 3379 et
865 3324 973 3379 Deo
1014 3335 1165 3394 grata
1218 3338 1410 3377 norma
1469 3323 1685 3377 vivendi
1725 3325 1951 3378 omnino
1999 3323 2096 3378 So.

511 3427 692 3474 crates
729 3427 784 3472 et
835 3415 990 3470 Plato
1031 3415 1336 3469 doctrinam
1372 3414 1679 3469 docuerunt
1723 3430 1846 3469 vere
1891 3416 2095 3469 miran-

511 3513 662 3575 dam.
695 3522 748 3566 et
780 3510 1001 3578 dignam
1051 3508 1330 3573 laudibus,
1363 3519 1416 3562 et
1448 3515 1658 3561 natura;
1691 3508 1945 3562 rationali
1997 3509 2095 3562 ho-

513 3606 724 3660 tninum
772 3601 1245 3667 consentientem;
1299 3602 1536 3656 morales
1586 3600 1731 3655 enim
1778 3600 2094 3670 disciplinas

512 3712 705 3752 omnes
757 3705 954 3750 natura
1023 3695 1265 3748 edocuit.
1322 3693 1458 3748 Cum
1507 3694 1650 3748 enim
1691 3708 1864 3764 genus
1921 3692 2095 3747 homio

512 3803 645 3842 num
677 3795 916 3841 creasset
950 3785 1138 3852 Deus,
1196 3794 1408 3840 natura!
1460 3785 1659 3839 indidit
1712 3785 1982 3838 bonorum
2042 3790 2097 3836 et

513 3878 920 3932 contrariorum
959 3876 1372 3942 discretionem,
1426 3875 1522 3946 qui
1572 3874 1754 3930 erudit
1785 3874 2014 3943 populos
2042 3882 2096 3927 et

512 3975 675 4029 docet
715 3971 994 4026 hominem
1028 3971 1342 4026 scientiam.
1381 3968 1586 4023 Idcirco
1615 3982 1723 4022 non
1764 3967 1941 4021 solum
1990 3966 2094 4021 So-

515 4076 694 4122 crates
731 4074 786 4118 et
830 4063 987 4118 Plato
1011 4074 1066 4118 et
1117 4063 1343 4132 quidam
1379 4061 1472 4116 alii
1513 4061 1657 4115 inter
1694 4059 1913 4114 Graecos
1952 4059 2096 4127 inju-

516 4167 659 4214 stam
692 4155 994 4211 abominati
1029 4166 1156 4209 sunt
1183 4153 1373 4220 vitam,
1403 4152 1499 4208 sed
1520 4153 1682 4206 etiam
1714 4150 1869 4204 multi
1905 4150 2094 4220 alii'in-

514 4259 600 4306 ter
623 4249 924 4303 Barbaros:
949 4247 1227 4299 enimvero
1252 4251 1476 4298 narrant
1502 4242 1903 4312 Hyperboreos,
1929 4255 2095 4310 super

517 4342 727 4413 Riphaei
769 4340 1150 4396 cacuminibus
1187 4337 1522 4402 habitantes,
1560 4337 1772 4405 seipsos
1823 4334 1890 4388 ad
1930 4335 2094 4404 justi.

513 4435 647 4487 tiam
682 4445 959 4495 exercere,
991 4445 1102 4484 non
1134 4438 1420 4484 vescentes
1457 4427 1739 4492 carnibus,
1773 4424 1866 4480 sed
1906 4424 2096 4479 fructi-

2198 1926 2402 1996 μᾶλλον
2443 1924 2474 1994 ἦ
2502 1924 2821 1992 ξύμπαντας
2853 1923 2978 1984 τοὺς
3010 1922 3204 1984 ἄλλους
3230 1939 3245 1987 ;
3291 1912 3336 1988 ᾧ
3368 1923 3415 1973 εξ
3449 1920 3524 1990 μὴ
3549 1919 3777 1972 ἀκολου-

2195 2013 2454 2083 θήσομεν,
2474 2013 2661 2077 δεινῶς
2680 2012 3059 2084 λωὸησόμευα·
3087 2013 3186 2064 οὐκ
3214 2012 3406 2082 ἄραγε,
3440 2005 3482 2064 ὧ
3507 2010 3775 2080 βέλτιστε,

2195 2107 2545 2178 φροντιστέον
2592 2108 2726 2176 ἡμῖν
2757 2105 2809 2158 τί
2841 2104 3061 2176 ἐροῦσιν
3103 2106 3252 2175 ἡμᾶς
3297 2107 3345 2157 οἱ
3388 2105 3594 2169 πολλοὶ,
3640 2103 3778 2160 ἀλλὰ

2194 2201 2246 2253 τί
2283 2203 2342 2254 τὸ
2401 2201 2594 2253 ὲπαῖον
2633 2200 2712 2270 τῷ
2759 2198 2953 2268 δικαίῳ
2989 2202 3083 2252 καὶ
3127 2199 3321 2268 ἀδίκῳ,
3363 2199 3485 2270 ἥτις
3537 2199 3684 2250 ἐστὶν
3739 2200 3773 2267 ή

2195 2295 2446 2364 ἀλήθεια..
2491 2315 2510 2346 ι

2267 2385 2454 2439 Ταῦτα
2486 2386 2542 2440 δὲ
2575 2385 2824 2458 φανερῶς
2845 2385 2890 2418 ’³
2919 2386 3163 2438 ἐοίκασιν
3186 2385 3299 2446 τοῖς
3321 2383 3612 2453 ἡμετέροις
3643 2378 3780 2449 μᾶλ-

2197 2483 2287 2534 λον
2314 2483 2476 2550 ἱεροῖς
2510 2481 2604 2533 καὶ
2655 2480 3036 2542 ἀποστολικοῖς
3089 2478 3289 2544 λόγοις,
3322 2479 3379 2529 ἐν
3409 2469 3490 2538 οἷς
3543 2491 3710 2543 φησιν
3751 2476 3779 2526 ὁ

2197 2573 2570 2643 Χριστοφόρος
2600 2573 2666 2605 ⁸⁸⁸
2714 2575 2868 2626 ι’Διά
2913 2573 3021 2624 τῶν
3075 2573 3255 2626 ὃπλων
3290 2569 3387 2640 τῆς
3426 2567 3779 2634 δικαιοσύνης

2197 2668 2304 2720 τῶν
2345 2667 2537 2733 δεξιῶν
2584 2666 2678 2720 καὶ
2726 2666 3053 2737 ἀριστερῶν,
3095 2666 3184 2720 διά
3215 2662 3372 2732 δόξης
3405 2661 3498 2716 καὶ
3529 2661 3777 2729 ἀτιμίας,

2197 2760 2285 2812 διὰ
2313 2759 2628 2828 δυσφημίας
2656 2761 2749 2812 καὶ
2786 2758 3086 2829 εὐφημίας,
3105 2759 3180 2822 ῶς
3206 2758 3397 2810 πλάνοι
3416 2755 3508 2808 καὶ
3533 2753 3776 2821 ἀληθεῖς.

2199 2847 2274 2910 ὡς
2290 2849 2644 2918 ἀγνοούμενοι
2665 2850 2760 2902 καί⁵
2780 2850 3291 2918 ἐπιγινωσκόμενοι,
3311 2845 3385 2910 ὡς
3407 2845 3781 2914 ἀποθνησκονο

2198 2958 2287 3001 τε,
2324 2942 2416 2993 καὶ
2450 2942 2558 2994 ἰδοὺ
2595 2941 2799 3011 ζῶμεν,
2829 2941 2904 3004 ὼς
2937 2941 3317 3010 παιδευόμενοι
3363 2939 3457 2992 καὶ
3503 2937 3578 3007 μὴ
3607 2936 3776 2988 θανα-

2201 3032 2490 3102 τούμενοι,
2545 3033 2620 3096 ῶς
2654 3033 3023 3104 λυπούμενοι,
3075 3034 3164 3085 ἀεὶ
3221 3031 3280 3085 δὲ
3329 3030 3642 3100 χαίροντες,
3701 3027 3779 3088 ὡς

2203 3127 2431 3195 πτωχοὶ,
2467 3125 2696 3189 πολλοὺς
2734 3125 2791 3178 δὲ
2828 3125 3230 3190 πλουτίζοντες,
3267 3122 3342 3186 ῶς
3369 3122 3536 3193 μηδὲν
3562 3122 3777 3190 ἔχοντες

2199 3220 2292 3272 καὶ
2326 3219 2504 3272 πάντα
2543 3220 2886 3289 κατέχοντες.
2929 3238 2947 3271 ι
2981 3249 3055 3258 -
3087 3218 3359 3287 Τοιαύτην
3391 3217 3492 3286 μὲν
3521 3213 3613 3268 οὖν
3649 3216 3780 3286 περὶ

2195 3311 2546 3384 δικαιοσύνης
2565 3317 2656 3366 καὶ
2679 3314 2976 3383 θεαρέστου
2999 3311 3275 3373 πολιτείας
3306 3312 3447 3363 πάνυ
3479 3310 3782 3379 Σωκράτης

2196 3406 2291 3458 καὶ
2327 3406 2552 3459 Πλάτων
2581 3405 2936 3459 διδασκαλίαν
2959 3406 3312 3476 ἐποιήσαντο,
3339 3404 3662 3474 θαυμαστὴν
3687 3404 3783 3456 6v-

2195 3515 2304 3562 τως
2343 3500 2441 3552 καὶ
2472 3497 2788 3562 ἀξιέπαινον
2814 3501 2878 3568 τῇ
2916 3497 3075 3566 φύσει
3115 3501 3182 3568 τῇ
3207 3498 3401 3567 λογικῇ
3436 3497 3542 3550 τῶν
3571 3495 3785 3566 ἀνθρώ-

2197 3609 2316 3644 πων
2349 3591 2777 3659 συμϐαίνουσανο
2809 3592 2878 3642 τὰ
2909 3592 3017 3659 γὰρ
3050 3589 3215 3659 ἠθικά
3242 3591 3544 3660 μαθήματα
3569 3591 3783 3652 πάντας

2197 3683 2585 3754 ἀνθρώπουςὴ
2635 3684 2796 3751 φύσις
2853 3683 3192 3735 ἐπαίδευσενο
3245 3682 3548 3743 διαπλάσας
3598 3683 3709 3751 γὰρ
3736 3681 3782 3714 ⁹²

2195 3776 2502 3846 ἀνθρώπων
2525 3776 2569 3808 ⁸⁸
2604 3776 2758 3843 γένος
2981 3777 3008 3826 ὁ
3040 3775 3172 3839 Θεὸς
3202 3775 3431 3846 ἐνέθηκε
3456 3775 3500 3806 ⁸³
3531 3778 3594 3845 τῇ
3619 3775 3786 3844 φύσει

2196 3869 2305 3921 τῶν
2340 3869 2561 3936 ἀγαθῶν
2596 3869 2821 3921 καὶτῶν
2856 3869 3118 3922 ἐναντίων
3144 3871 3244 3940 τὴν
3283 3869 3601 3939 διάγνωσιν,
3631 3874 3659 3922 ό
3686 3870 3786 3923 καὶ

2185 3961 2469 4028 ,παιδεύων
2500 3963 2627 4030 ἔθνη
2659 3964 2754 4014 καὶ
2789 3962 3058 4015 διδάσκων
3085 3961 3376 4032 ἄνθρωπον
3410 3963 3633 4031 γνῶσιν.
3664 3965 3785 4015 Διό-

2196 4065 2305 4122 περ
2333 4053 2394 4105 ού
2421 4054 2584 4123 μόνον
2625 4054 2924 4124 Σωκράτης
2954 4055 3050 4107 καὶ
3086 4054 3308 4109 Πλάτων
3341 4057 3432 4109 καὶ
3459 4056 3608 4110 ἄλλοι
3639 4057 3785 4118 τινὲς

2195 4145 2304 4198 τῶν
2353 4145 2625 4216 Ἑλλήνιον
2675 4146 2764 4199 τὸν
2818 4147 3006 4200 ἄδικον
3059 4148 3413 4213 ὲὸδελύξαντο
3471 4150 3607 4220 βίον,
3644 4149 3786 4203 ἀλλά

2197 4239 2293 4291 καὶ
2324 4238 2514 4310 (ἄλλοι)
2568 4239 2754 4293 πολλοὶ
2807 4241 2916 4294 τῶν
2978 4241 3309 4313 βαρϐάρων·
3357 4243 3454 4295 καὶ
3500 4243 3608 4312 γὰρ
3657 4246 3787 4305 τοὺς

2208 4330 2612 4402 ’Υπερσορέους
2629 4335 2799 4384 οἰκεῖν
2836 4334 2934 4403 μὲν
2956 4335 3048 4386 ἐπὶ
3077 4333 3144 4385 τά
3171 4335 3185 4363 ¹
3215 4333 3441 4387 Ῥίπαια
3470 4334 3570 4404 ὅρη
3595 4337 3782 4403 φασιν,

2197 4425 2389 4480 ἀσκεῖν
2447 4426 2504 4479 δὲ
2558 4426 2913 4497 δικαιοσύνην
2963 4427 3039 4498 μὴ
3093 4427 3579 4496 κρεωφαγοῦντας,
3645 4427 3786 4481 ἀλλὰ

514 4525 620 4577 bus
675 4523 926 4576 arboreis
973 4529 1030 4576 et
1071 4535 1213 4593 aqua
1246 4528 1484 4585 utentes,
1533 4531 1588 4574 et
1635 4517 2001 4573 Brachmanas
2042 4520 2094 4572 in

2204 4517 2532 4590 ἀκροδρύοις
2564 4521 2659 4573 καὶ
2694 4520 2846 4573 ὕδατι
2871 4522 2892 4551 ¹
2919 4521 3265 4591 χρωμένους,
3317 4521 3414 4573 καὶ
3445 4521 3569 4584 τοὺς
3602 4519 3786 4592 Βραχ-

518 4615 676 4669 silvis
707 4613 872 4667 vitam
900 4612 1116 4682 degere,
1149 4611 1296 4668 l'oliis
1325 4627 1526 4682 corpus
1562 4613 1826 4676 velantes,
1854 4625 1909 4666 et
1931 4625 2096 4682 super

515 4707 803 4762 hominum
826 4714 1079 4757 naturam
1097 4718 1158 4758 se
1171 4703 1858 4758 exercentes.Anacharsin
1875 4717 2096 4772 quoque

520 4798 778 4870 Scytham
826 4795 1212 4864 philosophum
1255 4794 1461 4848 factum
1499 4808 1622 4848 esse
1675 4794 1988 4860 dicunt;et
2019 4795 2093 4848 ita

523 4891 670 4944 hunc
697 4887 1055 4956 philosophia:
1088 4885 1340 4938 accendit
1387 4898 1564 4948 amor,
1606 4893 1665 4938 ut
1695 4899 1790 4954 per
1835 4899 2092 4954 magnum

516 4981 762 5038 studium
801 4990 858 5036 et
906 4976 1327 5048 temperantiam
1373 4975 1766 5032 celeberrimus
1822 4980 2093 5044 evaserit;

519 5091 627 5130 non
660 5077 837 5130 solum
869 5075 1015 5127 enim
1045 5072 1277 5142 vigilans
1310 5070 1574 5126 adversus
1604 5072 1801 5125 animae
1851 5071 2099 5125 luctaba-
2137 5100 2140 5102 η

2203 4611 2380 4680 μᾶνας
2423 4613 2481 4663 ὲν
2535 4613 2657 4674 ταῖς
2721 4610 2873 4674 ὕλαις
2945 4612 3178 4679 διάγειν,
3226 4611 3448 4680 φύλλοις
3509 4615 3570 4665 τὸ
3623 4611 3788 4682 σῶμα

2199 4704 2577 4766 καλύπτοντας
2628 4703 2724 4756 καὶ
2769 4704 2910 4774 ὑπὲρ
2963 4703 3251 4774 ἄνθρωπον
3291 4705 3617 4768 ἀσκοῦντας.
3673 4706 3789 4757 Καὶ

2210 4797 2538 4867 Ἀνάχαρσιν
2568 4797 2625 4848 δὲ
2675 4797 2766 4849 τὸν
2823 4796 3059 4866 Σκύθην,
3121 4797 3414 4866 φιλόσοφον
3442 4800 3588 4868 (Ila)
3621 4816 3788 4867 γεγεο

2201 4889 2399 4960 νῆσθαι
2436 4890 2706 4959 λέγουσιν,
2738 4893 2833 4944 καὶ
2859 4888 3034 4954 οὕτως
3077 4891 3241 4944 αὑτὸν
3269 4892 3297 4942 ὁ
3327 4891 3428 4960 τῆς
3461 4890 3789 4961 φιλοσοφίας

2203 4983 2551 5053 ὲνεπύρωσεν
2579 4983 2718 5054 ἔρως
2751 4983 2792 5048 ⁸,
2826 4983 2903 5046 ὼς
2956 4983 3388 5054 ὀνομαστότερον
3414 4983 3436 5013 ⁸
3461 4982 3550 5036 διὰ
3582 4984 3786 5053 πολλὴν

2206 5077 2441 5146 ἄσκησιν
2493 5079 2590 5130 καὶ
2645 5076 3007 5147 σωφροσύνην
3043 5076 3317 5145 γενέσθαι·
3358 5077 3420 5130 ού
3461 5078 3572 5146 γὰρ
3622 5077 3784 5146 μόνοι

1690 5212 1910 5274 'Varite
1955 5213 2263 5278 lectiones
2308 5225 2367 5278 et
2405 5225 2601 5280 notae.

588 5363 634 5394 τ’
654 5362 774 5414 κατ’
802 5359 1070 5429 Αἰσχύλου
1119 5357 1179 5410 ού
1237 5357 1386 5429 δοκεί
1426 5357 1553 5414 cod.

521 5505 564 5535 "
590 5504 830 5556 τίτεσυαι
861 5505 992 5554 (Leti.
1023 5503 1133 5555 τίθ.
1170 5501 1363 5556 codex.
1439 5499 1486 5531 ⁸⁸
1512 5503 1608 5554 ἴτω
1640 5498 1891 5557 Plato.—

522 5575 802 5626 Hatunts?
914 5574 958 5604 ⁹¹
993 5591 1051 5642 φ.
1095 5575 1128 5640 ἧ
1161 5572 1297 5626 Ccd.

1651 5358 1698 5390 ιο
1737 5362 1832 5428 ἀφ.
1867 5361 1927 5429 δή
1960 5359 2133 5416 Plato.

519 5432 565 5464 ’ν
589 5451 636 5485 τ.
661 5438 778 5486 εστι
809 5423 942 5486 (led.
966 5430 1208 5484 τοιοῦτον
1256 5423 1401 5481 εἶναι
1446 5433 1583 5500 ίεοιί.
1624 5459 1692 5500 στ-
1722 5423 2027 5500 γύμνητέος
2060 5433 2184 5485 cod.

1920 5503 2094 5578 με’-τη(

2195 5545 2206 5558 .
2240 5576 2250 5578 _
2285 5502 2330 5578 ’ξ
2358 5505 2530 5566 οὕτως
2554 5501 2842 5578 ιιιίόκςριί.
2912 5508 2961 5578 Ῡθ
2995 5508 3094 5578 τὴν
3117 5501 3185 5549 -έ-
3215 5501 3371 5570 δόξαν
3426 5506 3560 5562 Ced.
3610 5507 3794 5560 Lucus

1401 5571 1448 5602 "
1489 5573 1785 5664 ﬁngendi
1849 5573 1897 5664 I”
1923 5570 2001 5664 οξ
2025 5574 2094 5626 Cc

2297 5575 2376 5664 ei;
2397 5580 2535 5664 ἰού.
2550 5647 2594 5664 ﬂ
2615 5577 2668 5664 ’l“
2697 5575 2962 5664 Ταῦτα-δὲ
2977 5570 3176 5664 ταῦτα,
3191 5596 3250 5646 φ.
3275 5579 3404 5660 (ιοιιζ
3428 5581 3500 5633 cl'.
3654 5590 3796 5664 ipost

3464 5363 3618 5417 Plato
3653 5365 3786 5420 Cctl.

3295 5437 3497 5489 ἀδικῶν
3529 5439 3576 5490 δ.
3615 5438 3786 5490 l'latu.

2235 5363 2278 5393 ⁸³
2311 5363 2462 5415 ἔσται
2484 5364 2608 5417 cod.
2685 5365 2730 5396 θ’
2759 5365 2812 5418 ά.
2845 5382 2897 5418 τ.
2925 5361 3060 5419 Ced.
3137 5363 3183 5397 ⁸³
3212 5363 3438 5436 τοιούτῳ

2291 5436 2338 5506 _”
2367 5435 2743 5506 ὁιακειμὲνονη
2767 5437 2962 5491 codex.
3064 5437 3119 5469 ’⁸⁸
3147 5437 3259 5506 γὰρ

522 5647 664 5695 tut-tl.
691 5643 877 5695 Ταῦτα
903 5661 961 5714 φτ
1008 5641 1160 5706 cod.,
1185 5645 1280 5714 qui
1308 5641 1364 5694 δέ
1388 5641 1520 5711 post
1543 5643 1743 5712 μᾶλλον
1773 5645 1955 5714 habet.
1984 5642 2092 5697 Loc

2200 5641 2478 5700 Platonis?
2550 5647 2594 5679 "
2629 5648 2755 5700 Cur.
2792 5664 2864 5708 vr.
2891 5648 3056 5704 7—H).
3133 5651 3176 5681 ⁹⁷
3204 5641 3307 5701 ⁷-ιοι
3337 5649 3446 5702 τῶν
3489 5650 3617 5703 add.
3653 5641 3793 5702 Ced.

521 5714 568 5743 "
613 5715 694 5774 τό,
753 5715 879 5762 add.
924 5712 1056 5763 Ccd.
1112 5722 1165 5764 et
1205 5712 1350 5768 'cod.

516 5783 541 5816 δ
564 5780 990 5852 ὀνομαστότατον
1024 5778 1158 5832 Ced.

1426 5714 1472 5744 "
1495 5715 1766 5767 ἐντέθεικε
1793 5713 1928 5769 Ced.

2009 5716 2022 5745 ⁸
2060 5717 2159 5782 μὲν
2197 5719 2240 5770 ὀ,
2276 5721 2415 5787 ὑπὲρ
2446 5720 2514 5774 τά
2551 5719 2682 5773 (Sed.

2761 5723 2780 5750 ³
2815 5719 2970 5773 ὓδασι
2998 5721 3110 5777 Ccd
3209 5720 3228 5752 ³
3264 5722 3311 5774 ἐ.
3342 5721 3627 5791 ἐκύρωσεν
3655 5720 3794 5773 (ἐρα.
