4088 6224
364 296 475 367 421

1553 294 2022 359 CHRONICON.
2064 318 2137 333 ⁸-
2174 299 2322 359 LIB.
2368 299 2486 361 III.

3543 301 3650 366 422

360 412 664 486 γρηγορῶν
697 410 834 482 πρὸς
871 409 941 463 τὰ
969 410 1066 480 τῆς
1098 410 1277 483 ψυχῆς
1306 411 1607 481 ἠγωνίζετο
1637 413 1785 482 πάθη
1823 429 1954 465 σιω-

2061 421 2149 467 tur
2175 414 2422 478 all‘ectus,
2443 423 2631 468 tacens
2646 424 2700 468 et
2726 414 3037 483 quiescens,
3062 414 3155 468 sed
3184 415 3348 470 etiam
3371 417 3652 474 dormiens

364 512 483 563 πῶν
504 507 597 561 καὶ
621 502 938 574 ἡσυχάζων,
959 502 1096 556 άλλά
1120 505 1213 557 καὶ
1240 503 1520 557 καθεύδων
1541 504 1610 555 τὰ
1626 503 1726 572 τῆς
1759 506 1963 573 ἐγκρα-

365 601 518 661 τείας
559 598 656 649 καὶ
689 594 1054 665 σωφροσύνης
1086 596 1107 626 ⁵
1136 595 1326 665 ἐδήλου
1368 598 1594 666 σημεία’
1642 595 1826 647 εἰώθει
1853 596 1963 664 γὰρ

362 696 432 762 τῇ
474 692 573 761 μὲν
606 689 733 758 λαιᾷ
784 688 932 758 χειρὶ
972 689 1042 740 τά
1083 688 1261 740 αἰδοῖα
1314 691 1589 756 κατέχειν,
1622 690 1689 758 τῇ
1717 687 1870 758 δεξιᾷ
1906 687 1962 740 δὲ

362 788 434 838 τὰ
468 782 625 853 χείλη
658 780 929 848 συνέχειν,
962 780 1327 848 ὑπεμφαίνων
1359 779 1433 842 ὡς
1472 778 1654 847 πολλῷ
1708 779 1913 848 μείζων
1942 780 1963 810 ⁸

361 878 517 930 ἐστὶν
550 878 583 944 ἡ
613 874 827 940 ἀγωνία
855 873 951 940 τῆς
984 871 1232 942 γλώττης
1263 875 1357 925 καὶ
1402 872 1647 933 πλείονος
1680 873 1699 902 ⁷
1737 874 1963 925 ἐπικου-

367 967 489 1036 ρίας
525 967 603 1026 εἰς
638 964 946 1031 ἀσφάλειαν
976 962 1171 1016 δεῖται.
1204 960 1225 991 ⁸
1261 962 1373 1032 (18)
1408 963 1517 1015 Καὶ
1544 963 1635 1015 τὸν
1671 963 1962 1033 Χείρωνα’

361 1056 420 1110 δὲ
480 1057 783 1122 κένταυρον
823 1050 1131 1123 ἱστοροῦσιν
1166 1054 1427 1124 Ἕλληνες
1474 1054 1827 1124 δικαιοσύνης
1865 1055 1963 1108 καὶ

364 1149 591 1218 ἁγνείας
622 1148 877 1216 γενέσθαι
907 1146 1249 1211 διδάσκαλον,
1290 1147 1365 1210 ὡς
1400 1149 1494 1200 καί⁵
1521 1147 1772 1216 Ὄμηρος
1817 1163 1961 1216 μαρ-

364 1246 529 1311 τυρεῖ
558 1240 750 1292 τοῦτον
776 1239 1119 1291 δικαιότατον
1169 1239 1473 1310 πεφηνέναι
1503 1238 1844 1308 κενταύρων,
1872 1237 1963 1290 διὰ

368 1332 579 1399 πολλὴν
627 1328 900 1399 δήπουθεν
955 1331 1257 1399 καρτερίαν
1316 1330 1413 1383 και)⁸
1462 1331 1811 1400 ἐγκράτειαν,
1869 1329 1963 1382 καὶ

368 1425 633 1493 σώματος
663 1423 1061 1491 δουλαγωγίαν,
1102 1425 1195 1477 καὶ
1234 1424 1555 1495 σύμμετρον
1597 1426 1920 1493 ἐπιμέλειαν
1946 1440 1960 1455 ’

364 1515 493 1567 ὅθεν
522 1515 585 1583 δὴ
622 1514 849 1567 Πλάτων
905 1512 1061 1578 αὖθις
1101 1515 1345 1585 ἐναργῶς
1374 1516 1415 1545 ¹⁰
1440 1514 1709 1568 διδάσκων
1750 1515 1915 1586 φησίν
1945 1530 1958 1544 ·

374 1626 395 1658 t
441 1606 859 1676 Ἐπιμελείσθαι
914 1608 1074 1673 σῶμα
1108 1608 1259 1659 δεί¹¹
1302 1608 1481 1678 ψυχῆς
1527 1608 1739 1660 εἵνεκεν
1788 1609 1964 1679 ἁρμο-

366 1698 513 1764 νίας,
550 1718 569 1751 ›
599 1698 668 1752 δι’
698 1692 757 1750 οὗ
795 1698 946 1769 βιοῦν
970 1715 1031 1751 τε
1068 1701 1110 1731 ¹¹
1134 1699 1284 1751 ἐστιν
1333 1702 1427 1752 καὶ
1459 1700 1638 1770 ὀρθῶς
1669 1699 1820 1769 βιοῦν
1869 1700 1964 1755 καὶ

2067 503 2422 558 continentia:
2450 514 2504 557 et
2539 506 2915 573 temperantia:
2963 507 3118 574 signa
3165 509 3526 574 ostendebat;
3557 528 3651 566 so-

2065 595 2213 649 lebat
2238 596 2384 649 enim
2416 596 2644 651 sinistra
2692 597 2915 665 quidem
2966 613 3131 650 manu
3172 600 3420 664 pudenda
3471 606 3650 656 conti-

2066 704 2220 753 nere,
2261 691 2453 742 dextra
2487 701 2667 743 autem
2694 691 3065 757 constringere
3097 691 3261 753 labia,
3293 693 3649 747 sabindicans

2066 781 2237 832 multo
2271 782 2452 848 majus
2475 795 2600 835 esse
2652 781 2922 835 adversus
2978 782 3220 850 linguam
3273 798 3555 839 certamen
3597 797 3651 841 et

2064 870 2261 938 majori
2294 871 2502 924 auxilio
2532 872 2599 924 ad
2652 872 3005 925 securitatem
3038 872 3087 925 ei
3141 886 3281 940 opus
3313 886 3457 927 esse.
3504 876 3648 929 Cen-

2064 970 2284 1017 taurum
2316 973 2497 1016 autcm
2546 962 2843 1017 Chironem
2876 971 3103 1017 narrant
3130 962 3304 1018 Graeci
3345 965 3574 1033 justititn
3596 976 3652 1021 et

2064 1055 2339 1110 castitatis
2389 1056 2562 1110 luisse
2609 1066 3023 1124 praeceptorem,
3064 1067 3119 1111 et
3178 1059 3326 1111 hunc
3376 1059 3651 1113 Homerus

2060 1149 2435 1219 justissimum
2492 1158 2883 1202 centaurorum
2941 1150 3117 1202 visum
3176 1149 3346 1205 luisse
3400 1160 3649 1216 testatur,

2066 1240 2137 1294 ob
2167 1256 2419 1310 magnam
2455 1241 2664 1294 scilicet
2704 1241 3019 1310 patientiam
3052 1250 3109 1295 et
3144 1243 3568 1310 continentiam,
3600 1254 3653 1298 ct

2066 1333 2313 1400 (ct-poris
2361 1333 2645 1387 servitium
2698 1342 2753 1387 et
2809 1335 3143 1387 moderatam
3211 1350 3444 1401 curam;
3508 1342 3653 1393 unde

2064 1422 2221 1478 Plato
2249 1439 2442 1478 rursus
2476 1434 2662 1493 aperte
2698 1425 2904 1478 docens
2936 1423 3112 1478 dicit:
3150 1443 3169 1476 ι
3212 1427 3415 1481 Curare
3453 1444 3652 1496 corpus

2068 1523 2285 1585 Oportet
2324 1526 2542 1583 propter
2582 1516 2920 1570 harmoniam
2951 1518 3168 1583 animae,
3218 1536 3237 1568 ι
3274 1534 3383 1588 quo
3416 1520 3652 1576 vivimus

2065 1616 2120 1661 et
2155 1614 2303 1661 recte
2337 1608 2574 1661 vivimus
2601 1618 2655 1662 et
2687 1610 2972 1662 veritatem
3003 1610 3385 1677 prtedicatnus.
3419 1611 3535 1667 Hoc
3561 1627 3655 1666 au-

2069 1706 2178 1752 tem
2218 1699 2378 1753 divus
2412 1699 2616 1754 Paulus
2643 1701 2780 1754 dixit
2812 1718 2825 1754 :
2867 1720 2885 1751 ι
2916 1702 3137 1770 Castigo
3158 1720 3358 1773 corpus
3384 1723 3564 1761 meum
3597 1719 3653 1761 et

362 1790 770 1856 καταγγέλλειν
798 1790 899 1859 τῆς
939 1791 1197 1860 ἀληθείας
1232 1794 1290 1845 τὸ
1321 1794 1606 1863 κήρυγμα.
1633 1792 1805 1846 Τοῦτο
1834 1792 1891 1845 δὲ
1919 1793 1956 1825 ³³

2069 1791 2120 1842 in
2149 1791 2465 1845 servitutem
2489 1792 2699 1860 redigo,
2730 1811 2748 1842 ι
2772 1792 2821 1845 id
2848 1803 2932 1847 est
2957 1796 3023 1846 ad
3040 1771 3384 1864 disciplinam
3409 1810 3464 1852 ct
3516 1802 3653 1854 tole-

361 1882 392 1933 ὁ
429 1880 573 1942 θεῖος
623 1882 727 1951 ἔφη
764 1880 973 1945 Παῦλος
1008 1882 1074 1913 η’
1108 1901 1126 1933 ς
1178 1883 1517 1947 ’Υπωπιὰζω
1552 1901 1653 1953 μου
1701 1886 1760 1937 τὺ
1795 1884 1956 1953 σῶμα

362 1975 465 2025 καὶ
496 1972 840 2040 δούλαγαγῶ·
872 1993 889 2023 ι
925 1974 1175 2027 τουτέστι
1209 1978 1343 2045 πρὸς
1372 1976 1606 2047 ἄσκησιν
1640 1978 1734 2030 καὶ
1759 1977 1957 2029 σύστα-

365 2082 456 2119 σιν
490 2065 625 2119 αὐτὸ
654 2066 773 2131 μετ’
808 2068 1122 2139 ἐπιστήμης
1156 2071 1250 2121 καὶ
1283 2072 1599 2140 φρονήσεως
1627 2070 1890 2139 γυμνά-ξω
1912 2071 1953 2103 ⁸⁵

362 2155 506 2226 πρὸς
541 2154 642 2224 τὴν
676 2157 782 2209 τῶν
810 2161 1143 2226 κρειττόνων
1178 2160 1497 2229 συνεργίαν,
1533 2161 1595 2214 οὐ
1627 2160 1760 2230 πρὸς
1795 2158 1957 2213 ἀσέλ-

362 2265 529 2317 γειαν
584 2250 926 2319 προνοοῦμαι
958 2252 1021 2303 ¹⁶.
1078 2250 1286 2323 (Ταύτῃ
1325 2253 1506 2306 τοίνυν
1553 2254 1648 2306 καὶ
1702 2253 1963 2322 παραινεῖ

363 2343 600 2411 φάσκων
634 2342 697 2371 ⁸⁷·
758 2361 774 2393 t
824 2340 1151 2396 Ἐνδύσασθε
1198 2344 1290 2395 τὸν
1340 2344 1547 2415 Κύριον
1598 2343 1807 2414 Ἰησοῦν
1866 2344 1962 2395 καὶ

362 2433 469 2503 τῆς
501 2436 707 2502 σαρκὸς
751 2434 1015 2505 πρόνοιαν
1064 2435 1139 2503 μὴ
1173 2439 1380 2489 ποιεῖτε
1436 2439 1518 2497 εὶς
1569 2435 1890 2515 ἐπιθυμιίανο
1935 2454 1953 2486 ι

360 2529 429 2581 ού
454 2528 558 2598 τὴν
604 2527 922 2596 σύμμετρον
971 2526 1068 2579 καὶ
1123 2526 1432 2595 ἀναγκαίαν
1454 2526 1615 2597 265
1640 2526 1960 2596 ἐπιμέλειαν

363 2622 467 2690 τὴν
492 2621 631 2688 πρὸς
651 2620 911 2672 σύστασιν
928 2621 1331 2691 ἀπηγόρευσεν,
1365 2620 1502 2673 ἀλλὰ
1528 2622 1626 2690 τὴν
1660 2619 1959 2683 ἀκολασίας

365 2714 591 2784 μητέρα
622 2714 1073 2784 γαστριμαργίαν
1104 2711 1167 2777 ¹⁰,
1206 2713 1487 2781 ἐπήγαγεν
1536 2714 1614 2773 εἰς
1653 2710 1958 2780 ἐπιθυμίας

357 2805 572 2877 δηλαδὴ
607 2805 884 2875 βλαϐεράς
944 2808 1038 2857 καὶ
1097 2805 1383 2874 ἀνοήτους⁶
1424 2804 1484 2856 οὐ
1536 2803 1645 2872 γὰρ
1680 2802 1956 2871 τοσαύτην

2068 1883 2301 1937 rantiam
2348 1882 2479 1936 illud
2517 1897 2639 1937 cum
2681 1893 2797 1938 arte
2824 1892 2878 1937 et
2930 1888 3220 1954 prudentia
3270 1903 3537 1956 exerceo,
3582 1893 3648 1946 ad

2068 1975 2357 2029 meliorum
2392 1989 2619 2043 operum
2676 1976 3020 2044 soeietatem,
3064 1996 3174 2033 non
3224 1981 3290 2034 ad
3338 1981 3648 2049 lasciviam,

2066 2067 2189 2137 ejus
2216 2083 2401 2122 curam
2437 2084 2561 2138 ago.
2603 2068 2731 2122 Ideo
2762 2070 3016 2125 similiter
3063 2073 3387 2128 adhortatur
3416 2076 3603 2131 dicens
3634 2094 3648 2129 :

2070 2179 2088 2210 ι
2122 2160 2416 2215 lndnimini
2452 2161 2742 2215 Dominum
2779 2160 2990 2227 Jesum,
3028 2173 3082 2217 et
3110 2166 3296 2219 carnis
3324 2182 3512 2221 curam
3541 2184 3650 2222 non

2062 2246 2304 2300 feceritis
2329 2248 2380 2300 in
2413 2249 2704 2303 desideriis
2726 2290 2740 2314 ,
2771 2268 2789 2300 ›
2818 2266 2923 2304 non
2960 2254 3298 2308 moderatam
3332 2265 3385 2309 et
3406 2272 3654 2311 necessa-

2064 2338 2199 2390 riam
2234 2352 2447 2403 curam,
2480 2355 2603 2407 qua:
2642 2339 2702 2392 lit
2733 2342 2798 2394 ad
2828 2344 3280 2399 sustentationem
3301 2383 3317 2407 ,
3347 2352 3649 2416 prohibuit.

2067 2429 2161 2483 sed
2188 2430 2596 2485 incontinentia:
2620 2443 2849 2488 matrem
2883 2435 3213 2506 ingluviem;
3240 2439 3446 2494 addidit
3471 2443 3522 2496 in
3556 2444 3653 2498 dc-

2066 2524 2305 2588 sidcriis,
2361 2526 2574 2580 nocivis
2617 2527 2825 2581 scilicet
2874 2538 2929 2582 et
2979 2530 3487 2599 irrationaltilibus;
3539 2552 3650 2590 non

2065 2617 2210 2671 enim
2241 2626 2451 2671 tantum
2480 2620 2527 2673 ei
2577 2618 2732 2673 allert
2772 2620 2976 2676 famula
3016 2634 3129 2677 tum
3164 2634 3221 2678 ιιι
3270 2626 3494 2682 insultet
3533 2631 3650 2683 ani-

2064 2724 2189 2773 mae,
2221 2710 2313 2765 sed
2346 2719 2407 2764 ut
2456 2724 2783 2780 coopcretur
2819 2723 2874 2768 et
2927 2715 3241 2771 subserviat
3290 2718 3398 2773 illis
3429 2719 3651 2788 optimis

2063 2800 2282 2856 studiis.

359 2901 519 2973 αὐτῷ
561 2905 865 2973 προσφέρει
892 2902 935 2933 ¹⁹
971 2900 1274 2970 θεραπείαν
1317 2901 1392 2964 ὡς
1465 2901 1844 2971 κατασκιρτᾷν
1888 2899 1987 2969 τῆς
2024 2897 2235 2969 ψυχῆς,
2270 2895 2386 2953 ἀλλ’
2420 2898 2507 2951 ἵνα
2545 2905 2785 2974 συνεργῇ
2815 2907 2911 2957 καὶ
2973 2908 3334 2981 καθυπουργῇ
3362 2914 3475 2975 τοῖς
3505 2914 3649 2967 ἐκείο

358 3017 477 3061 νοις
503 2999 751 3068 ἀρίστοις
775 2997 1259 3067 ἐπιτηδεύμασιν.)

434 3093 855 3166 Συμπεφώνηκε
881 3092 1064 3145 τοίνυν
1102 3092 1207 3145 κάν
1236 3092 1282 3122 ²⁰
1310 3090 1524 3154 τούτοις
1554 3092 1581 3143 ὁ
1630 3088 1857 3142 Πλάτων
1886 3083 1949 3139 εὖ
1978 3093 2022 3151 c

360 3190 514 3261 μάλα
566 3190 678 3249 τοῖς
698 3187 1047 3255 ἡμετέροις,
1095 3184 1193 3254 τὴν
1244 3184 1552 3249 ἀναγκαίαν
1594 3184 1688 3234 καὶ
1729 3180 1954 3232 δέουσαν

358 3282 688 3351 ἐπιμέλειαν
751 3279 1031 3331 ποιεῖσθαι
1080 3277 1483 3348 παρεγγυήσας
1538 3273 1633 3327 τοῦ
1673 3272 1951 3342 σώματος·

358 3374 613 3437 ὑπέδειξε
646 3372 686 3403 ³³
724 3370 889 3423 πάλιν
946 3368 1043 3422 καὶ
1097 3369 1436 3437 διεσάφησεν
1477 3365 1615 3435 (καὶ)
1676 3368 1825 3426 ὅπως
1854 3364 1953 3434 ἄρ-

359 3485 522 3539 χεται
580 3466 673 3519 καὶ
702 3464 929 3530 αὔξεται
974 3465 1072 3532 τῆς
1120 3462 1332 3530 φαύλης
1379 3459 1674 3528 ἐπιθυμίας
1721 3458 1815 3510 καὶ
1856 3474 1953 3510 κα.-

358 3562 559 3629 κίστης
592 3556 881 3626 συνηθείας
918 3555 979 3606 τὸ
1005 3553 1198 3617 πάθος,
1231 3553 1462 3621 φάσκων
1489 3550 1684 3613 οὕτως·
1724 3568 1743 3600 ι
1780 3546 1949 3618 Ἀρχὴ

357 3656 465 3725 μὲν
494 3652 694 3721 ἔρωτος
719 3654 930 3720 ὅρασις,
965 3646 1120 3712 αὔξει
1147 3646 1202 3697 δὲ
1230 3647 1291 3697 τὸ
1325 3645 1498 3706 πάθος
1550 3643 1729 3706 ἐλπὶς,
1754 3642 1948 3710 τρέφει

355 3747 416 3799 δὲ
458 3747 677 3815 μνήμη,
727 3743 892 3811 τηρεῖ
940 3739 999 3792 δὲ
1037 3738 1320 3808 συνήθεια’
1354 3755 1376 3790 ι
1414 3737 1495 3788 διὸ
1525 3736 1618 3787 καὶ
1650 3734 1952 3805 Σωκράτης

353 3842 428 3893 τὰ
464 3838 761 3905 βλέμματα
794 3835 889 3886 καὶ
941 3833 1010 3885 τὰ
1064 3832 1353 3901 φιλήματα
1390 3827 1499 3881 τῶν
1548 3828 1843 3897 εὐμόρφων
1873 3824 1951 3889 ὡς

352 3932 749 4002 χαλεπώτερον
781 3925 1065 3996 σκορπίων
1106 3922 1224 3994 [καὶ
1260 3922 1436 3990 ὄφεων
1462 3919 1531 3993 ³³]
1571 3920 1648 3973 ἰὸν
1676 3919 1878 3972 ὲνιέναι
1904 3917 1951 3949 ³³

352 4021 700 4092 ἀποφεύγειν
733 4019 1039 4071 ἐδίδασκεν.
1091 4016 1256 4069 Ὅθεν
1318 4014 1439 4068 ίδών
1472 4030 1594 4067 τινα
1644 4010 1949 4083 φιλήσαντα

351 4119 477 4169 νέιν
523 4116 777 4166 εῠοπτον·
839 4127 856 4161 t
892 4102 1062 4171 Οὗτος
1086 4107 1154 4172 ³⁸,
1215 4106 1346 4175 ἔφη,
1398 4104 1600 4175 ῥᾳδίως
1631 4102 1698 4155 διν
1734 4103 1830 4155 καὶ
1869 4102 1949 4165 εἰς

356 4206 648 4277 μαχαίρας
677 4204 722 4234 ’⁸
756 4200 1138 4270 κυδιστήσειεν
1175 4199 1270 4251 καὶ
1299 4198 1376 4260 είς
1407 4196 1518 4266 πῦρ
1564 4195 1879 4264 ὲμπέσειεν,
1921 4211 1941 4245 ι

353 4300 382 4350 5
423 4297 701 4364 τοσαύτην
744 4293 993 4362 δηλονότι
1023 4292 1203 4360 πυρὰν
1233 4290 1291 4342 ὲν
1336 4285 1487 4358 αὑτῷ
1520 4286 1949 4356 κατατολμήσας

350 4390 589 4455 ἀνάψαι.
642 4386 905 4455 Διογένης
944 4383 1002 4437 δὲ
1054 4382 1394 4452 θεασάμενος
1451 4381 1738 4452 μειράκιον
1790 4378 1946 4433 ἀσελ-

2127 3081 2222 3138 llis
2259 3082 2464 3138 nostris
2501 3083 2658 3139 valde
2691 3096 2962 3141 consonat
3010 3088 3188 3155 Plato,
3254 3092 3555 3151 adhortans
3589 3102 3648 3152 ut

2065 3175 2373 3230 necessaria
2411 3186 2467 3229 et
2500 3192 2562 3231 ea
2595 3192 2702 3247 qua
2738 3189 2857 3249 eget
2893 3184 3107 3250 torpori
3140 3198 3272 3238 cura
3308 3188 3645 3255 praebeatur;

2064 3281 2259 3322 rursus
2285 3267 2528 3321 ostendit
2556 3277 2611 3323 et
2633 3270 2857 3338 planum
2891 3268 3023 3325 fecit
3049 3276 3568 3346 quomodoincipia-t
3594 3290 3649 3336 ct

2062 3367 2329 3427 augeatur
2356 3374 2654 3427 pravorum
2698 3359 3105 3417 desideriorum
3139 3373 3194 3418 et
3241 3367 3493 3435 pessitme
3524 3386 3650 3426 con-

2060 3448 2371 3501 suetudinis
2421 3448 2676 3515 all'ectus,
2719 3450 2907 3505 dicens
2958 3451 3073 3505 ita:
3104 3470 3126 3503 ι
3165 3452 3384 3509 Initium
3427 3458 3647 3526 quidem

2061 3539 2266 3592 amoris
2316 3550 2593 3607 aspectus,
2647 3552 2810 3609 auget
2857 3550 3038 3594 autem
3087 3544 3341 3600 allectum
3372 3564 3523 3617 spes,
3553 3551 3649 3605 alit

2060 3630 2346 3696 memoria,
2382 3642 2566 3685 servat
2593 3636 2954 3688 consuetudo.
2986 3634 3109 3689 ldeo
3137 3636 3394 3695 Socrates
3418 3643 3648 3699 docebat

2062 3722 2115 3775 in
2143 3720 2415 3776 lormosos
2459 3734 2712 3792 aspectus
2764 3735 2822 3780 et
2876 3729 3083 3792 oscula,
3138 3738 3197 3783 ut
3263 3733 3645 3790 terribiliorem

2061 3815 2447 3885 scorpionibus
2494 3824 2548 3868 et
2595 3818 2945 3885 serpentibus
2996 3822 3291 3888 sagittam,
3331 3838 3526 3879 cavere
3579 3843 3646 3881 ne

2058 3908 2479 3964 collaberentur.
2553 3907 2708 3965 Unde
2752 3912 2943 3964 videns
2998 3912 3237 3981 aliquem
3280 3912 3524 3970 formoso
3548 3920 3641 3986 ju-

2059 3999 2183 4054 veni
2233 4000 2457 4053 dantem
2514 4003 2748 4058 oscula:
2788 4023 2806 4054 ι
2843 4002 2965 4068 Hic,
3015 4003 3226 4073 inquit,
3276 4004 3436 4062 lac'le
3480 4025 3642 4079 super

2057 4092 2268 4162 gladios
2309 4094 2487 4160 capite
2535 4095 2776 4150 demisso
2806 4110 2866 4150 se
2910 4095 3224 4163 conjiceret,
3276 4109 3329 4152 ct
3366 4101 3419 4153 in
3462 4101 3639 4171 ignem

2056 4187 2421 4256 praecipitaret
2466 4202 2546 4253 se,
2579 4205 2599 4238 ι
2647 4188 2741 4258 qui
2787 4188 2995 4242 scilicet
3028 4198 3236 4243 tantum
3270 4193 3325 4245 in
3369 4207 3428 4248 se
3458 4194 3639 4263 ignem

2058 4294 2225 4334 ausus
2271 4289 2356 4334 est
2414 4280 2735 4336 accendere.
2764 4280 3050 4351 Diogenes,
3115 4293 3412 4352 conspecto
3456 4285 3641 4342 adole-

2057 4382 2246 4427 scente
2324 4373 2667 4428 luxuriosius
2730 4388 2895 4441 quam
2977 4374 3097 4427 viro
3153 4375 3345 4428 deceat
3407 4387 3635 4444 ornato,

352 4484 623 4553 ⁴λέστερον
661 4480 695 4549 ἢ
744 4479 886 4532 κατά
918 4475 1091 4547 ἄνδρα
1139 4475 1583 4546 κεκοσμημένον,
1611 4470 1786 4527 εἶπενο
1833 4492 1850 4526 t
1892 4474 1954 4527 Εί

2060 4465 2197 4520 dixit
2224 4481 2237 4518 :
2275 4483 2294 4516 ι
2330 4464 2389 4520 Si
2424 4465 2557 4519 viris
2581 4464 2828 4536 quidem,
2856 4463 3042 4521 infelix
3072 4482 3131 4522 es
3160 4483 3175 4532 ;
3202 4467 3249 4522 si
3285 4484 3414 4523 vero
3447 4470 3642 4527 mulie-

355 4576 463 4647 μὶν
517 4574 657 4644 πρὸς
712 4572 935 4642 ἄνδρας,
978 4570 1223 4639 ἀτυχεῖς,
1270 4571 1319 4621 εί
1364 4568 1422 4620 δὲ
1473 4567 1610 4637 πρὸς
1663 4570 1951 4636 γυναῖκας,

354 4668 587 4729 ἀδικεῖς.
638 4684 657 4717 ι
696 4663 921 4734 Θηρῶσι
950 4661 996 4693 ’⁸
1028 4661 1116 4715 διά
1173 4658 1268 4713 τοῦ
1324 4658 1716 4730 καλλωπισμοῦ
1762 4659 1812 4712 oi.
1852 4659 1953 4729 μὲν

353 4761 554 4830 ἄνδρες
588 4758 690 4820 τάς
722 4758 994 4824 γυναῖκας
1026 4754 1124 4807 καὶ
1147 4754 1196 4806 οί
1226 4752 1545 4825 ἀνδρόγυνοι
1576 4752 1702 4814 τοὺς
1729 4749 1947 4820 ἄνδρας·

353 4857 450 4908 καὶ
488 4854 679 4923 μέντοι
715 4852 814 4905 καὶ
850 4848 1209 4922 Ἀρκεσίλαος
1236 4848 1283 4880 ³⁷
1317 4846 1595 4917 εὐμόρφου
1616 4845 1727 4918 ἦρα
1758 4843 1947 4908 παιδὸς

349 4948 451 5000 καὶ
480 4944 813 5016 βουλόμενος
840 4943 1006 4997 αὐτὸν
1040 4942 1087 4974 ³⁸
1119 4942 1369 5011 φιλῆσαι,
1411 4938 1706 4993 διεκώλυεν
1753 4939 1948 4992 ἑαυτὸν

351 5038 575 5107 φεύγων
609 5036 712 5105 τὴν
752 5032 979 5105 βλάϐην.
1046 5031 1107 5085 '0
1156 5030 1214 5084 δὲ
1252 5030 1601 5102 Ἀλέξανδρος
1648 5028 1770 5083 οὐδὲ
1814 5030 1946 5102 ίδείν

2058 4558 2235 4622 ribus,
2266 4556 2503 4627 injustas
2548 4572 2629 4633 es.
2669 4574 2687 4608 ›
2716 4556 2879 4610 Cultu
2928 4557 3029 4611 viri
3064 4558 3322 4614 mulieres
3349 4573 3637 4629 venantur.

2058 4661 2112 4706 et
2142 4650 2386 4706 semiviri
2420 4651 2588 4706 viros.
2605 4650 2920 4706 Arcesilaus
2939 4649 3245 4707 formosum
3271 4659 3490 4710 amabat
3508 4671 3639 4726 pue-

2058 4760 2211 4811 rum;
2237 4759 2397 4815 quem
2421 4759 2544 4800 cum
2563 4752 2790 4815 cuperet
2810 4744 3075 4811 osculari,
3095 4745 3295 4801 obnixe
3317 4747 3640 4817 prohibebat

2055 4853 2115 4894 se
2146 4840 2215 4894 ab
2246 4842 2372 4905 hoc,
2401 4854 2600 4896 noxam
2624 4836 2861 4910 fugiens.
2884 4839 3194 4896 Alexander
3217 4855 3285 4894 ne
3309 4842 3489 4896 videre
3517 4841 3639 4911 qui-

2054 4932 2178 4988 dem
2207 4931 2379 4988 voluit
2403 4932 2551 4987 Darii
2578 4933 2741 4998 ﬁlias,
2771 4933 3055 5001 speciosas
3094 4931 3259 4986 nimis
3288 4942 3342 4987 et
3376 4932 3635 5003 virgines,

2057 5035 2217 5096 turpe
2269 5040 2391 5082 esse
2435 5027 2625 5082 dicens
2656 5037 2711 5081 et
2758 5024 2918 5081 valde
2959 5024 3327 5095 incongruum
3370 5041 3495 5080 eum
3542 5028 3636 5096 qui

1557 5171 1759 5234 Varias
1802 5170 2111 5235 lectiones
2155 5178 2217 5232 et
2261 5177 2453 5233 notae.

425 5340 445 5368 ⁸
476 5352 531 5387 σ.
565 5338 662 5386 καὶ
700 5334 748 5386 ὲ.
778 5331 909 5387 Ccd.
987 5331 1008 5361 ⁸
1036 5329 1226 5400 μεῖζον
1250 5325 1383 5400 Ced_.
1460 5325 1479 5355 ⁷
1517 5322 1728 5400 ’τῖλε-πον⁸
1750 5324 1881 5400 cod.

350 5409 369 5438 ’
404 5405 708 5475 Χειρώνιος
736 5406 891 5475 ευιίᾌ
941 5403 984 5475 Ψ
1014 5393 1309 5475 get].
1344 5393 1859 5475 ResleX.__59l.D.

351 5480 475 5532 rod-
520 5472 531 5475 ⁷
560 5475 605 5505 ’⁸
633 5476 698 5528 Τ.
735 5474 830 5529 καί
854 5472 986 5528 Ced.

1069 5472 1113 5503 “
1144 5468 1312 5524 lCor.
1352 5483 1426 5531 ιχ,
1462 5464 1551 5520 Π.
1629 5466 1676 5498 ⁸⁸
1698 5466 1792 5518 καί
1818 5465 1943 5520 add.
1967 5464 2101 5518 (led.

1958 5323 1980 5357 ⁸
2011 5325 2146 5393 Περὶ
2195 5322 2291 5377 τοῦ
2347 5322 2646 5394 Χείρωνος
2677 5321 2979 5394 κενταύρου
3019 5321 3166 5394 βω.
3191 5321 3415 5394 ,εδειιο
3447 5321 3632 5387 560,7.

1940 5397 1982 5425 ³³
2012 5390 2170 5464 σῶμα
2201 5395 2266 5464 δή
2299 5390 2467 5459 οοό.,’
2493 5395 2551 5446 δὲ
2584 5392 2836 5463 σώματος
2861 5390 3040 5464 Ced.?
3125 5392 3263 5444 ⁸³δεί
3292 5390 3384 5464 οῦν
3412 5394 3636 5460 βιοῦντα

2182 5462 2639 5533 ¹⁶προνοούμενος
2659 5462 2789 5517 Sed.
2836 5532 2851 5533 ί
2872 5464 2925 5533 "A
2944 5462 3104 5515 Rom.
3132 5477 3252 5525 xm,
3289 5462 3375 5517 14.
3460 5464 3501 5493 ’⁸
3528 5467 3635 5516 διὸ.

352 5547 445 5599 τιῖ
556 5546 600 5577 ³⁸
630 5544 929 5618 προσφέρει
974 5542 1272 5618 asecunda
1308 5536 1607 5618 πωπω-διά
1640 5552 1670 5618 a_
1698 5540 1896 5618 pritn‘a.

2059 5537 2144 5587 καὶ
2178 5551 2228 5618 τ.
2414 5531 2609 5618 Λίίττε
2650 5534 2772 5618 add.
2821 5531 2985 5618 (Eedu
3030 5533 3194 5618 ’tﬁal
3239 5533 3290 5585 ό.
3334 5549 3518 5618 ansec.
3559 5553 3609 5588 ιη

350 5620 398 5650 ’³
428 5601 715 5685 πεφυκότα
741 5601 863 5691 διίρῖ
887 5616 1018 5691 Εειί.
1096 5609 1357 5691 ’⁸-Οὔτως
1396 5601 1538 5691 "cori.
1576 5608 1674 5691 sed
1817 5606 1956 5691 ἔθη.

2059 5621 2157 5691 gul.
2182 5606 2257 5687 l._
2275 5604 2384 5672 HL,
2491 5601 2646 5668 οὗτος
2680 5602 2789 5691 κᾶν
2807 5606 2887 5691 είς
2914 5602 3304 5691 πῦρηάλλοιτοκ
3364 5608 3405 5635 ³³
3430 5609 3634 5691 μαχαιτ

354 5706 453 5814 ρλέ
492 5677 698 5745 (ςύιΙ.--
724 5686 1028 5755 κυϐιστήσῃ
1052 5710 1121 5725 —-
1143 5682 1363 5752 ἐμπέσῃ
1392 5677 1524 5735 Ced.
1579 5681 1671 5735 sed
1701 5679 1773 5735 cf.
1817 5680 1952 5734 Xen.

354 5774 415 5814 to
458 5798 476 5814 .

348 5774 476 5816 C00.

2034 5676 2078 5709 "
2113 5676 2356 5749 θηρῶσει
2389 5678 2497 5749 γάρ
2542 5680 2667 5731 cod.
2746 5675 2789 5707 ³⁷
2838 5675 3164 5745 ’Δγησίλαος
3196 5674 3327 5731 Ced.
3422 5681 3465 5707 τά
3502 5679 3634 5731 ακεό
