4060 6216
509 284 617 346 423

1718 276 2037 337 GEORGII
2084 275 2537 338 HAMARTOLI
3667 280 3742 346 424

511 403 660 459 viros
687 406 906 468 ceperat
935 411 963 449 a
999 394 1219 449 feminis
1252 394 1419 448 vinci.
1476 391 1543 448 Et
1566 391 1765 463 Cyrus,
1806 393 2093 447 Persarum

2208 394 2297 458 τὰς
2350 396 2581 466 Δαρείου
2634 393 2943 464 θυγατέρας
2990 393 3250 463 ἠνέσχετο
3279 392 3324 425 ⁸⁸
3375 394 3606 459 εὐειδεῖς
3638 399 3744 468 άγαν

510 512 626 559 rex,
656 510 722 548 nc
744 487 1255 557 cnmmisttquidem
1280 496 1337 540 ut
1361 488 1825 557 contemplaretur
1850 486 2086 555 puellam

509 584 802 659 quamdam
827 582 1111 642 eximiam.
1126 580 1452 635 destinatam
1474 579 1646 634 sibiet
1670 579 1831 648 cujus
1850 579 2091 647 pulchri-

512 680 689 736 tudini
716 678 897 732 resisti
928 689 1035 728 non
1067 687 1227 744 posse
1249 680 1605 739 testarentur,
1626 674 1823 725 nedum
1852 671 2087 740 recepit;

508 772 643 843 quin
672 772 836 826 ctiam
872 769 1014 822 hanc
1057 767 1282 820 assidue
1310 766 1585 820 videntem
1622 777 1676 818 et
1711 765 1981 818 dicentem
2010 764 2092 817 ui-

512 865 589 919 hil
614 880 678 919 cx
712 864 817 917 hoc
844 875 902 915 se
928 857 1168 928 experiri
1201 857 1351 922 mali,
1388 857 1707 911 hortabatur
1737 864 1797 910 ut
1827 856 1957 910 illud
1993 870 2092 910 nec

510 956 742 1018 diceret,
806 966 908 1005 nec
963 958 1195 1019 ageret:
1256 966 1275 998 ι
1318 947 1463 1017 Ignis
1505 948 1675 1010 enim,
1737 948 1934 1017 inquit,
1984 951 2092 1001 urit

511 1064 607 1103 eos
631 1046 724 1117 qui
752 1058 921 1115 prope
955 1053 1108 1105 sunt,
1145 1040 1501 1109 pulchritudo
1532 1054 1665 1095 vero
1690 1049 1930 1094 remotos
1959 1053 2096 1107 quo-

513 1156 645 1213 que.
680 1158 698 1190 ι
732 1137 1003 1204 Quoniam
1036 1135 1203 1204 igitur
1230 1150 1295 1187 ex
1323 1144 1550 1202 aspectu
1575 1147 1728 1187 amor
1752 1133 2013 1203 gignitur,
2039 1143 2093 1188 et

512 1250 579 1290 ex
617 1246 807 1288 amore
845 1230 1139 1285 consensio
1182 1228 1262 1293 lit,
1312 1235 1366 1280 et
1408 1240 1475 1280 ex
1522 1228 1886 1280 consensione
1939 1235 2093 1279 actus

513 1334 956 1387 consummatur,
1028 1331 1317 1390 propterea
1367 1318 1622 1373 Christus
1664 1319 2094 1387 intemperanter

518 1429 830 1492 pascentem
867 1416 1056 1472 oculos
1099 1415 1406 1468 adulterum
1444 1412 1728 1481 judicavit.
1775 1427 1883 1466 non
1912 1422 2093 1465 actum

517 1514 887 1577 solummodo,
912 1514 1004 1567 scd
1025 1511 1195 1581 ipsam
1227 1509 1613 1578 cogitationem
1645 1508 1919 1571 inhibens,
1951 1507 2095 1577 quod

517 1610 772 1665 Habacuc
817 1607 1053 1660 obscure
1102 1601 1469 1672 signiﬁcabat,
1522 1602 1759 1655 dicens:
1809 1619 1824 1650 ι
1859 1600 2096 1653 Mundus

514 1714 599 1760 est
648 1702 843 1757 oculus
891 1708 1017 1752 tuus
1048 1712 1116 1750 ne
1148 1696 1327 1748 videat
1384 1694 1589 1747 malum
1633 1702 1685 1747 et
1736 1691 1991 1761 respiciat
2030 1690 2096 1743 ad

2197 488 2291 541 καὶ
2316 488 2619 559 παρθένους
2646 486 2831 551 οὔσας,
2872 486 3099 556 αἰσχρὸν
3144 484 3321 539 εἰπὼν
3362 483 3505 542 εἶναι
3536 493 3628 545 καὶ
3657 493 3748 547 λίαν

2196 582 2398 635 ἄτοπον
2427 582 2518 635 τὸν
2567 581 2767 652 ἄνδρας
2815 581 3006 634 ἑλόντα
3059 578 3165 632 ὑπὸ
3210 582 3490 648 γυναικῶν
3537 585 3753 656 ἡττηθῇ.

2198 693 2307 729 ναι.
2340 676 2385 706 ⁸⁸
2424 676 2532 728 Καὶ
2575 675 2777 745 Κῦρος,
2810 676 2838 727 ὸ
2875 673 3100 745 Περσῶν
3154 672 3424 742 βασιλεὺς,
3480 679 3608 732 οὐδὲ
3652 679 3758 735 θεά·

2199 767 2398 821 σασθαι
2434 768 2603 838 κόρην
2652 768 2773 821 τινὰ
2823 766 3138 834 θαυμασίαν
3188 767 3570 837 ἀφορισθεῖσαν
3619 772 3755 843 αὐτῷ

2198 861 2295 914 καὶ
2327 861 2612 931 ἀμήχανον
2666 860 2862 923 κάλλος
2911 860 3058 931 (711))
3116 858 3268 928 ἔχειν
3319 863 3754 932 μαρτυρουμένην

2200 954 2544 1019 κατεδέξατο,
2601 953 2739 1007 ἀλλά
2792 970 2855 1022 γε
2915 952 3009 1005 καὶ
3045 952 3123 1022 τῷ
3156 953 3357 1020 ὁρῶντι
3386 955 3618 1024 συνεχῶς
3665 956 3751 1008 καὶ

2203 1046 2373 1117 μηδὲν
2413 1049 2476 1098 ὲκ
2504 1046 2698 1099 τούτου
2735 1045 2969 1115 πάσχειν
3021 1044 3194 1097 δεινὸν
3226 1045 3269 1077 ³⁸
3304 1045 3513 1113 λέγοντι
3540 1047 3752 1118 παρῄνει

2205 1140 2350 1210 μήτε
2396 1138 2579 1207 λέγειν
2626 1137 2786 1190 τοῦτο
2845 1138 2983 1207 μήτε
3041 1138 3329 1207 πράττειν.
3368 1154 3387 1187 ι
3427 1137 3501 1190 re
3551 1138 3642 1206 μὶν
3662 1138 3757 1208 γὰρ

2203 1232 2316 1303 πῦρ
2365 1249 2532 1302 φησιν
2577 1232 2704 1295 τοὺς
2744 1231 2974 1299 πλησίον
3007 1230 3051 1260 ³⁸
3095 1230 3257 1293 ὄντας
3290 1231 3490 1295 καίειν,
3536 1230 3596 1283 τὸ
3624 1230 3772 1300 268

2200 1325 2256 1378 δὲ
2306 1326 2503 1389 κάλλος
2544 1325 2641 1378 καὶ
2680 1325 2807 1388 τοὺς
2864 1324 3149 1395 πόρρωθεν
3197 1324 3461 1385 ἑστῶτας.
3509 1322 3665 1375 Ἐπεὶ
3692 1321 3771 1376 οὖν

2203 1422 2268 1473 ὲκ
2300 1418 2395 1472 τοῦ
2425 1419 2560 1489 ὁρᾷν
2588 1420 2650 1471 τδ
2682 1419 2817 1489 ὲρᾷν
2844 1420 3114 1483 τίκτεται,
3152 1420 3249 1472 καὶ
3292 1421 3359 1471 ὲκ
3400 1417 3495 1470 τοῦ
3524 1418 3656 1487 ἐρᾷν
3681 1415 3719 1447 ⁸³
3745 1416 3773 1485 ἡ

2206 1511 2608 1581 συγκατάθεσις
2636 1511 2871 1579 γίνεται,
2904 1512 3000 1563 καὶ
3032 1513 3096 1563 ἐκ
3128 1513 3227 1579 τῆς
3265 1509 3773 1578 συγκαταθέσεωςὴ

2206 1603 2406 1674 πρᾶξις
2433 1603 2669 1656 τελεῖται
2696 1603 2765 1665 ⁸³,
2794 1604 2883 1657 διά
2916 1603 3076 1655 τοῦτο
3101 1604 3148 1635 ³³
3172 1604 3201 1654 ὁ
3243 1603 3482 1673 Χριστὸς
3527 1601 3621 1653 τὸν
3659 1602 3775 1653 duo.

2206 1700 2419 1761 λάστως
2455 1698 2723 1750 ἑστιῶντα
2753 1697 2851 1758 τὰς
2898 1696 3053 1766 ὄψεις
3102 1696 3289 1765 μοιχὸν
3322 1695 3563 1762 ἔκρινεν,
3599 1692 3660 1745 οὐ
3688 1693 3776 1761 τὴν

518 1797 729 1850 labores
755 1792 984 1847 doloris.
1030 1808 1048 1840 ι
1102 1788 1424 1857 Rursusque
1478 1786 1749 1849 Socrates,
1806 1784 2019 1839 fortiter
2043 1792 2096 1839 et

2208 1792 2408 1864 πρᾶξιν
2442 1792 2623 1861 μόνον,
2688 1789 2823 1842 ἀλλά
2876 1791 2973 1842 καὶ
2994 1790 3039 1820 ³⁸
3070 1788 3281 1843 ἔννοιαν
3336 1787 3684 1841 ἀναστέλλων
3713 1786 3775 1837 ⁸³.

515 1888 806 1957 diligenter
847 1881 1127 1937 vitandam
1172 1894 1296 1935 esse
1338 1879 1542 1933 docens
1598 1879 2097 1947 intemperantiam,

514 1980 655 2034 dixit
682 1995 697 2031 :
724 1994 744 2029 ι
768 1975 845 2031 Ne
868 1976 1176 2030 esurientes
1206 1972 1373 2026 nimis
1404 1974 1712 2034 comedunt,
1731 1986 1833 2025 nec
1854 1972 2099 2026 sitientes

518 2075 746 2129 multum
807 2070 1020 2125 bibant.
1061 2085 1079 2119 ι
1126 2065 1422 2120 Enimvero
1456 2064 1721 2120 Dominus
1753 2066 1888 2119 tales
1911 2066 2099 2121 beatos

518 2163 833 2238 praedicavit
863 2163 1049 2215 dicens
1076 2175 1088 2210 :
1120 2179 1137 2211 ι
1160 2159 1312 2213 Beati
1358 2172 1649 2227 pauperes,
1679 2160 1809 2226 quia
1856 2167 2097 2212 vestrum

521 2271 609 2316 est
639 2271 871 2325 regnum
907 2252 1040 2317 Dei;
1081 2252 1222 2305 beati
1252 2252 1343 2320 qui
1387 2266 1532 2305 nunc
1555 2252 1778 2305 esuritis
1815 2258 1868 2303 et
1913 2251 2099 2316 sititis,

518 2352 648 2423 quia
686 2342 1087 2409 saturabimini,
1121 2350 1176 2397 et
1229 2342 1374 2397 beati
1432 2342 1523 2411 qui
1572 2356 1716 2395 nunc
1764 2341 1928 2405 ﬂetis,
1964 2343 2090 2411 quia

522 2445 789 2501 videbitis.
828 2459 846 2494 ι

2205 1886 2415 1957 (⁵οπερ
2444 1884 2537 1937 οῦν
2579 1883 2904 1951 Ἀμὸακοὺμ
2931 1882 3306 1951 αἰνιττόμενος
3338 1881 3491 1948 ἔλεγε
3515 1880 3582 1911 ³⁸·
3618 1897 3638 1929 ι
3671 1880 3778 1930 Κα-

2205 1978 2371 2046 θαρός
2401 1978 2429 2029 ὁ
2459 1976 2740 2046 ὀφθαλμός
2770 1992 2864 2027 σου
2888 1974 2984 2027 τοῦ
3015 1975 3091 2043 μὴ
3114 1975 3247 2044 όρᾷν
3276 1973 3487 2041 πονηρά
3522 1972 3618 2023 καὶ
3669 1971 3779 2022 ἐπι-

2206 2068 2428 2121 ϐλέπειν
2456 2069 2550 2119 ἐπὶ
2590 2068 2784 2129 πόνους
2808 2064 3002 2133 ὀδύνης
3037 2064 3103 2119 ³⁸.
3146 2065 3194 2133 ι)
3230 2064 3352 2116 Ἔτι
3385 2062 3441 2115 δὲ
3479 2062 3643 2115 πάλιν
3671 2062 3779 2114 Σω-

2204 2163 2416 2231 κράτης
2446 2162 2491 2193 ⁸⁸
2525 2159 2895 2229 φυλάττεσθαι
2947 2159 3151 2228 σφόδρα
3202 2158 3299 2211 καὶ
3350 2156 3780 2227 παρατηρεῖσθαι

2207 2253 2306 2324 τὴν
2338 2255 2613 2325 ἀκρασίαν
2667 2254 2940 2307 διδάσκων
2981 2252 3109 2323 ἔφη,
3148 2254 3222 2323 μὴ
3259 2252 3561 2316 πεινῶντας
3594 2252 3712 2304 λίαν
3739 2249 3778 2282 ⁸⁸

2202 2345 2403 2399 ἐσθίειν
2430 2346 2525 2400 καὶ
2553 2348 2628 2417 μὴ
2651 2347 2696 2379 ⁸³
2726 2347 3000 2416 διψῶντας
3039 2346 3201 2400 πολλὰ
3253 2348 3456 2402 πίνειν.
3505 2346 3617 2397 Καὶ
3676 2344 3784 2413 γὰρ

2201 2440 2229 2490 ό
2293 2439 2497 2511 Κύριος
2550 2442 2858 2512 ἐμακάρισε
2917 2441 3046 2502 τοὺς
3108 2440 3388 2502 τοιούτους
3436 2441 3689 2506 (φάσκων
3715 2436 3781 2467 ⁸³·

526 2558 544 2589 ι
575 2536 853 2609 Μακάριοι
882 2538 930 2590 οί
968 2535 1197 2607 πτωχοὶ,
1228 2536 1311 2587 ὅτι
1347 2530 1526 2586 αὐτῶν
1574 2532 1722 2583 ἐστιν
1768 2531 1802 2599 ὴ
1852 2526 2099 2597 βασιλεία
2136 2528 2246 2582 τῶν
2284 2532 2553 2602 οὐρανῶν·
2620 2533 2886 2604 μακάριοι
2913 2533 2963 2585 oi
3025 2533 3319 2595 πεινῶντες
3342 2532 3437 2585 νῦν
3468 2535 3562 2586 καὶ
3586 2531 3787 2601 διψῶν-

520 2650 635 2698 τες,
665 2633 749 2685 ὅτι
788 2626 1250 2701 χορτασθήσεσθε·
1294 2628 1390 2679 καὶ
1442 2624 1701 2695 μακάριοι
1732 2624 1782 2675 οἱ
1818 2623 2100 2686 κλαίοντες
2137 2622 2253 2685 νῦν.
2286 2625 2367 2677 ὃτι
2394 2626 2657 2689 γελάσετε
2689 2628 2757 2697 ι).

595 2724 831 2781 Ubinam
868 2737 999 2793 ergo
1038 2731 1167 2776 sunt
1208 2719 1302 2789 qui
1346 2718 1565 2773 mollem
1616 2726 1670 2769 et
1720 2715 2011 2769 delicatam
2053 2724 2107 2769 et

523 2817 925 2888 voluptuariam
973 2815 1138 2870 vitam
1181 2819 1483 2875 sectantur,
1530 2819 1586 2864 et
1610 2809 1729 2880 qui,
1778 2809 1934 2879 quasi
1979 2823 2105 2862 cum

522 2912 743 2969 licentia
775 2922 830 2966 et
858 2910 1158 2967 securitate
1201 2917 1375 2963 totum
1418 2906 1688 2961 mundum
1736 2907 1989 2969 habeant,
2040 2918 2107 2958 eo

2280 2717 2393 2787 {19)
2432 2718 2541 2772 Ποῦ
2570 2720 2749 2774 τοίνυν
2773 2719 2914 2773 εἰσὶν
2946 2722 2994 2774 οί
3029 2719 3119 2773 τὸν
3159 2720 3500 2793 ἁϐροδίαιτον
3528 2722 3622 2775 καὶ
3648 2737 3789 2791 τρυε

2207 2810 2377 2879 φηλόν
2408 2828 2463 2863 τε
2512 2812 2606 2866 καὶ
2660 2813 2945 2881 ἀνειμένον
3003 2812 3426 2881 μεταδιώκοντες
3488 2811 3625 2880 βίον,
3686 2811 3792 2864 καὶ

2205 2899 2397 2971 ὥσπερ
2426 2902 2517 2955 ἐπ’
2538 2902 2789 2967 ἐξουσίας
2808 2904 2900 2955 τὸν
2924 2903 3128 2972 κόσμον
3147 2903 3359 2975 ἔχοντες
3380 2902 3551 2966 ἀδεῶς
3575 2903 3790 2967 πάντα,

523 3006 592 3061 ad
655 3004 1004 3062 saturitatem
1054 3011 1284 3057 utuntur
1322 3016 1447 3056 cum
1493 3000 1769 3069 voluptate
1813 3008 1867 3053 et
1911 2998 2022 3051 risu
2051 3004 2099 3051 et

2208 2994 2396 3048 λοιπὸν
2435 2995 2554 3065 μεθ’
2597 2995 2813 3065 ἡδονῆς,
2845 2997 2939 3049 καὶ
2967 2996 3228 3063 γέλωτος,
3257 2997 3352 3049 καὶ
3375 2997 3786 3065 αἰσχρολογίας,

524 3098 859 3170 turpiloquio
898 3105 953 3151 et
982 3094 1152 3150 effusa
1180 3094 1390 3161 lzetitia,
1428 3101 1483 3148 et
1521 3064 1727 3162 absque
1765 3090 1874 3144 ullo
1907 3088 1998 3143 Dei
2037 3091 2099 3143 ti-

2210 3087 2303 3141 καὶ
2335 3064 2657 3157 διαχύσεως,
2684 3064 2778 3143 καὶ
2811 3089 3043 3159 ἀφοϐίας
3069 3088 3208 3142 Θεοῦ
3251 3090 3662 3161 χρῶνταιπρὸς
3695 3091 3792 3143 κόο

523 3206 713 3259 more;
747 3190 950 3261 quibus
983 3188 1164 3243 omnis
1195 3187 1312 3242 dies
1341 3187 1393 3240 in
1428 3185 1639 3240 deliciis
1666 3183 1896 3238 teritur?
1938 3196 2105 3252 appe-

522 3287 627 3340 titu
661 3284 809 3339 enim
844 3291 1060 3351 tempus
1099 3278 1389 3333 deﬁniunt.
1427 3276 1485 3331 Si
1525 3278 1669 3331 enim
1702 3288 1918 3329 summo
1947 3286 2108 3327 mane

526 3375 701 3430 fames
726 3371 968 3437 invadat,
982 3368 1271 3424 confestim
1300 3368 1481 3422 cibum
1500 3374 1813 3436 apponunt;
1844 3379 1971 3419 nam
1998 3378 2105 3417 non

526 3469 640 3523 haec
692 3466 758 3522 ad
790 3465 1203 3527 comestionem,
1263 3460 1353 3514 illa
1417 3460 1483 3514 ad
1532 3460 1833 3513 orationem
1880 3457 2104 3510 deﬁnita

528 3568 659 3615 sunt
687 3558 768 3613 eis
818 3567 1086 3626 tempora,
1133 3554 1229 3609 sed
1276 3551 1534 3606 omnibus
1577 3552 2004 3619 intemperanter
2054 3557 2107 3602 et

531 3650 851 3706 indistincte
905 3658 959 3701 et
994 3645 1397 3700 inconsiderate
1448 3642 1739 3706 fruuntur,
1800 3649 1858 3693 ut
1908 3653 2109 3693 mensa:

525 3744 843 3799 adoratores
891 3749 947 3795 et
997 3738 1203 3793 ventris
1251 3737 1417 3798 servi,
1460 3750 1584 3804 quae
1634 3734 1850 3803 quidem
1915 3745 2104 3785 mensa

523 3839 648 3908 jure
697 3850 761 3890 ac
795 3833 1016 3905 proprie
1064 3841 1353 3885 vocaretur
1396 3828 1654 3884 cathedra
1693 3825 2016 3896 pestilentiae
2054 3833 2108 3878 et

524 3945 767 4002 praesepe
806 3930 1110 3984 brutorum.
1158 3923 1275 3977 Nisi
1314 3922 1457 3976 enim
1507 3936 1572 3975 ex
1601 3919 1770 3973 multa
1815 3916 2026 3973 insania
2054 3925 2107 3971 et

532 4025 859 4081 bestialitate
902 4020 1053 4075 obliti
1101 4017 1332 4071 fuissent
1378 4029 1503 4068 eum
1538 4012 1631 4083 qui
1678 4018 1873 4066 cuncta
1920 4019 2105 4064 nostra

525 4119 787 4190 perspicit
835 4130 1025 4187 opera,
1079 4121 1132 4167 et
1167 4110 1234 4165 de
1287 4109 1567 4163 levissimo
1604 4106 1769 4162 verbo
1802 4119 2021 4175 quoque
2054 4112 2109 4157 et

526 4216 595 4267 de
656 4210 989 4280 cogitatione
1042 4218 1234 4275 pmnas
1291 4209 1586 4254 exacturus
1633 4207 1738 4263 est,
1802 4210 1930 4249 num
1977 4207 2109 4249 sane

526 4321 652 4361 cum
683 4301 1001 4372 vaniloquio
1024 4307 1081 4354 et
1113 4294 1489 4352 malevolentia
1522 4299 1578 4347 et
1607 4291 1716 4345 risu
1752 4296 1806 4343 et
1845 4288 2104 4358 blasphe«

2212 3199 2327 3253 ρον,
2349 3184 2443 3235 καὶ
2471 3183 2681 3254 τρυφῆς
2711 3183 2895 3245 αὐτοῖς
2927 3183 3121 3253 καιρὸς
3153 3183 3322 3247 ἄπας,
3355 3186 3420 3254 τῇ
3471 3186 3577 3255 γάρ
3610 3183 3791 3253 ὀρέξει

2210 3274 2303 3327 τὸν
2334 3275 2528 3346 καιρὸν
2546 3275 2841 3343 ὁρίζονται·
2874 3276 2977 3330 κάν
3002 3275 3171 3329 ἕωθεν
3195 3277 3226 3343 ὴ
3257 3276 3419 3329 πείνα
3448 3276 3791 3348 προσϐάλλῃ,

2210 3368 2526 3438 παραυτίκα
2546 3367 2645 3438 τὴν
2663 3369 2870 3441 τροφὴν
2895 3368 3315 3438 προσφέρουσιν·
3338 3369 3398 3422 ού
3424 3368 3531 3436 γάρ
3555 3367 3796 3438 ὥρισται

2206 3460 2370 3513 τοῦτο
2424 3461 2524 3530 μὲν
2557 3460 2783 3526 ἐσθίειν,
2835 3460 3013 3512 ἐκεῖνο
3071 3459 3129 3511 δὲ
3188 3459 3599 3529 παραιτεῖσθαι,
3655 3458 3799 3511 άλλά

2209 3552 2428 3605 πάντων
2459 3552 2714 3622 ἀκρατῶς
2762 3551 2856 3604 καὶ
2889 3550 3205 3619 ἀδιαφόροις
3240 3550 3335 3603 καὶ
3365 3549 3800 3619 ἀπερισκέπτως

2209 3646 2587 3700 ἀπολαύουσιν
2642 3646 2719 3708 ὼς
2768 3643 3213 3715 τραπεζολάτραι
3261 3642 3356 3695 καὶ
3414 3642 3800 3705 κοιλιόδουλοι,

2207 3740 2331 3809 ἥτις
2361 3756 2424 3807 γε
2446 3737 2695 3809 τράπεζα
2722 3739 2950 3801 εἰκότως
2978 3737 3044 3791 ἂν
3072 3736 3301 3806 κληθείη
3326 3736 3533 3805 κυρίως
3550 3737 3805 3807 καθέδρα

2209 3830 2416 3900 λοιμῶν
2453 3832 2547 3883 καὶ
2585 3830 2797 3898 ἀλόγων
2828 3831 3026 3899 φάτνη.
3091 3829 3151 3881 El
3200 3829 3310 3899 γὰρ
3360 3830 3435 3898 μὴ
3466 3830 3531 3881 ἐκ
3586 3828 3807 3898 πολλῆς

2210 3924 2435 3992 ἀλογίας
2466 3923 2561 3976 καὶ.
2611 3921 2945 3992 άπροσεξίας
2995 3921 3499 3991 ἀπεκτηνώθησαν,
3535 3921 3810 3973 ἐπιλαθᾶ-

2213 4030 2362 4085 μενοι
2404 4016 2495 4068 τὸν
2545 4014 2794 4068 συνιόντα
2846 4016 2926 4078 εἰς
2984 4016 3165 4068 πάντα
3210 4015 3279 4068 τά
3308 4013 3443 4084 ἔργα
3498 4015 3667 4083 ἡμῶν
3701 4017 3811 4067 καὶ

2213 4107 2373 4177 μέχρι
2404 4105 2565 4176 ψιλοῦ
2599 4108 2844 4178 ῥήματος
2891 4107 2986 4161 καὶ
3038 4108 3425 4177 ἐνθυμήματος
3466 4106 3629 4169 δίκας
3678 4109 3808 4159 εἰσ-

2211 4202 2493 4269 πράττειν,
2540 4200 2640 4253 ούκ
2688 4199 2755 4253 ἂν
2808 4200 3075 4270 δήπουθεν
3128 4200 3270 4269 μετὰ
3324 4199 3633 4270 φλυαριῶν,
3703 4203 3810 4252 καὶ

2212 4294 2527 4356 κακονοίας,
2554 4294 2649 4345 καὶ
2675 4292 2934 4360 γέλωτος,
2953 4292 3046 4345 καὶ
3068 4291 3421 4361 βλασφημίας
3450 4291 3550 4359 τὴν
3579 4292 3817 4343 θεόσδοο

526 4399 637 4451 mia
673 4411 702 4450 a
730 4394 841 4449 Deo
870 4394 1058 4448 datum
1086 4390 1267 4444 cibum
1298 4392 1596 4449 sumerent,
1628 4399 1735 4437 non
1760 4381 2099 4435 recordantes

2210 4404 2303 4440 τον
2332 4386 2540 4457 τροφὴν
2578 4385 3009 4456 μετελάμϐανον,
3055 4386 3551 4457 ἀμνημονήσαντες
3577 4388 3677 4440 τοῦ
3708 4387 3817 4438 λέ-

527 4485 808 4539 dicentis:
850 4482 1048 4552 Utique
1103 4488 1157 4534 et
1193 4499 1210 4529 ι
1250 4478 1319 4532 de
1379 4476 1555 4531 otioso
1607 4474 1773 4527 verbo
1834 4470 2107 4525 rationem

531 4578 824 4633 reddemus
880 4575 935 4629 in
988 4574 1077 4627 die
1122 4571 1315 4643 judicii
1362 4580 1417 4625 et
1456 4566 1885 4640 justiﬁestionis,
1934 4574 1989 4619 et
2042 4578 2109 4616 ex

2208 4497 2398 4550 γοντος
2418 4479 2594 4543 ⁸⁸,ὅτι
2646 4480 2743 4532 καὶ
2797 4480 2983 4549 «ὑπὲρ
3035 4479 3208 4548 άργοῦ
3268 4478 3429 4547 λόγου
3477 4478 3640 4545 λόγον
3697 4480 3823 4533 δὼς

2211 4592 2377 4645 σομεν
2412 4575 2469 4625 ὲν
2510 4571 2694 4643 ἡμέρα
2720 4572 2958 4641 κρίσεως
2997 4572 3091 4623 καὶ
3114 4571 3434 4641 ἀπολογίας,
3476 4572 3569 4625 καὶ
3595 4574 3661 4625 ἐκ
3690 4574 3824 4624 τῶν

528 4670 713 4725 verbis
743 4665 945 4721 nostris
971 4664 1156 4734 pravis
1191 4661 1683 4718 condemnabimur
1723 4678 1742 4709 ι
1770 4668 1824 4712 et
1865 4675 1883 4708 ι
1919 4657 1986 4710 de
2013 4669 2099 4710 ore

2208 4668 2382 4734 λόγων
2406 4664 2563 4735 ἡμῶν
2590 4664 2700 4715 τῶν
2735 4663 2957 4731 φαύλων
2983 4661 3563 4735 κατακριθησόμεθα·›
3602 4664 3703 4717 καί
3743 4666 3823 4694 “-

528 4774 625 4817 tuo
656 4772 708 4816 te
736 4759 943 4829 iudico,
971 4771 1127 4811 serve
1168 4769 1421 4822 nequam.
1466 4772 1483 4803 ι

602 4855 746 4924 Ergo
777 4861 1126 4920 summopere
1156 4842 1774 4913 iusaniveruntquidam
1800 4856 1867 4895 ex
1890 4838 2105 4907 simpli-

526 4947 767 5004 cioribus
786 4943 1146 5001 saecularibus
1157 4940 1423 5003 dicentes,
1448 4938 1513 4991 ad
1535 4936 1746 4990 ruinam
1764 4931 2101 4990 audientium

525 5053 584 5097 et
613 5042 717 5100 sibi
753 5039 915 5095 ﬁdem
946 5034 1346 5097 adbibentium,
1373 5032 1633 5103 quoniam
1659 5029 1938 5100 inquiunt,
1962 5026 2105 5082 Solis

525 5132 813 5190 monachis
861 5128 1147 5187 molestius
1165 5134 1219 5183 et
1272 5125 1495 5197 gravius
1540 5124 1733 5196 jugum
1790 5121 2103 5192 impositum

2216 4779 2233 4811 ι
2272 4760 2368 4811 Ἐκ
2395 4758 2491 4811 τοῦ
2529 4757 2794 4826 στόματός
2820 4773 2914 4808 σου
2957 4754 3128 4826 κρινῶ
3158 4772 3239 4821 σε,
3268 4756 3473 4827 πονηρὲ
3494 4754 3681 4808 δοῦλε.
3742 4777 3763 4808 ι

2283 4849 2445 4919 267
2482 4848 2595 4918 (ἳο)
2629 4846 2836 4900 Οὐκοῦν
2892 4845 3321 4917 ἐματαιώθησαν
3374 4846 3436 4910 ἐξ
3488 4847 3835 4917 ἐπιμέτρει)

2216 4944 2422 5013 σφόδρα
2444 4942 2586 5004 τινὲς
2613 4941 2722 4994 τῶν
2749 4939 3125 5010 ἀφελεστέρων
3153 4940 3456 5007 κοσμικῶν,
3487 4937 3839 5007 φάσκοντες

2215 5036 2309 5087 επὶ
2334 5036 2686 5105 καταστροφῇ
2711 5032 2821 5087 τῶν
2853 5032 3161 5085 ἀκουόντων
3200 5032 3295 5084 καὶ⁵
3329 5030 3685 5101 πειθομένων
3715 5035 3841 5086 αὑ-

2213 5125 2350 5188 τοῖς,
2396 5123 2477 5175 ὃτι
2532 5124 2669 5193 φησι
2695 5123 2761 5189 ⁸⁸,
2806 5123 3076 5193 Μοναχοῖς
3113 5122 3295 5192 μόνοις
3331 5123 3360 5175 δ
3390 5119 3841 5193 ἀπεχθέστερος

1726 5288 1928 5355 νει-ιω
1959 5286 2269 5349 lectiones
2316 5295 2379 5347 et
2423 5296 2615 5351 notae.

596 5476 639 5505 "
671 5474 720 5527 0.
746 5478 791 5528 ὲ.
821 5474 875 5527 ά.
944 5474 1036 5527 καὶ
1088 5488 1150 5526 π.
1174 5464 1334 5542 ὁρῆν.
1374 5463 1677 5542 Απαντελῶς
1722 5464 1788 5542 ἀ.
1844 5460 2077 5542 νομίσας

2228 5456 2359 5542 Cod.
2402 5456 2668 5542 ,κοῦτοι
2688 5455 3087 5542 “gamma,
3155 5457 3197 5487 ι·
3215 5458 3543 5542 _8.-7r._Ced.
3581 5534 3601 5542 Δ
3630 5462 3679 5493 ιι
3722 5465 3840 5518 π).

528 5544 707 5612 πάντῃ
734 5546 971 5607 ἑστῶτας
1012 5544 1158 5597 καίει
1190 5532 1322 5596 Cea.
1362 5539 1558 5611 Cyrop-
1580 5534 1692 5612 5J-
1713 5533 1783 5612 βο
1811 5533 1872 5587 τδ
1908 5532 2021 5612 ’Έῦρ
2053 5550 2099 5612 ἶτ]

2208 5548 2259 5591 ις
2290 5533 2396 5612 ὁμο

2400 5530 2492 5592 ίως
2520 5530 2686 5582 καίει.
2764 5528 2809 5559 ³³
2836 5530 2898 5581 τὸ
2918 5530 3047 5599 ὲρᾷν
3070 5529 3135 5580 ἐκ
3149 5527 3243 5599 τοῦ
3281 5532 3329 5583 ὁ.
3369 5532 3499 5587 Ced.
3579 5534 3627 5565 "
3650 5536 3839 5588 ὲττιτ.

527 5616 658 5664 Ccd.
678 5598 707 5615 ”
733 5615 888 5665 ³⁸καὶ
909 5598 1035 5669 add.
1056 5614 1188 5668 ϐοά.
1267 5612 1312 5645 ³⁵
1344 5598 1444 5680 τήν
1472 5598 1593 5662 add.
1616 5607 1746 5663 (led.
1775 5598 2005 5680 etcon
2058 5605 2098 5634 "

2208 5598 2605 5680 χοανέυιιειλςδ
2635 5599 2768 5680 Hal).
2792 5598 2958 5680 1,ιᾷ
3037 5600 3078 5630 ³⁸
3118 5598 3366 5680 ὀδυνήσει
3399 5603 3532 5680 cn_d._
3608 5604 3655 5634 “
3696 5607 3833 5658 Καὶ

526 5686 556 5734 ὁ
596 5683 652 5735 Σ.
680 5682 734 5734 δὲ
763 5700 820 5733 π.
848 5684 977 5737 Cetl.

527 5753 618 5807 22.
696 5754 742 5781 ⁸⁸
772 5753 949 5820 φασίῖ

1086 5687 1128 5715 ⁵⁸
1158 5684 1231 5754 μή
1264 5678 1408 5736 ϐω(
1436 5686 1536 5734 bis.
1638 5682 1681 5709 δ’
1714 5678 1843 5748 μηδέ
1901 5678 2031 5733 LCJ-

2128 5668 2331 5725 “iure.
2376 5687 2445 5734 ιι,
2486 5668 2577 5723 20.

2704 5673 2748 5701 “
2787 5672 2979 5725 Matth.
3016 5684 3124 5734 xu,
3172 5670 3357 5733 36,37.
3438 5674 3480 5703 “
3514 5672 3653 5729 Luc.
3696 5691 3841 5741 xix,
