4060 6216
321 299 428 364 453

1494 295 1955 358 (IIIRONlCON.
1997 321 2066 334 -
2107 295 2252 354 LIB.
2300 296 2411 355 ΙΙΙ.

3486 297 3593 360 454

318 415 661 483 ἐμπνέοντας
697 412 789 466 καὶ
820 411 1190 484 ἐρριμμένους
1223 410 1312 463 διὰ
1339 409 1526 477 ξίφους
1556 410 1900 465 ἀπέκτεινον.

2012 409 2231 478 quidem
2290 422 2456 478 prepe
2499 423 2715 461 murum
2770 409 3033 477 suspendi
3063 410 3250 478 jussit,
3288 412 3425 467 alios
3457 429 3586 467 vem

330 506 390 560 '0
440 505 497 557 δὲ
543 505 703 566 Τίτος
755 506 883 572 περ)⁸
934 502 1038 565 τάς
1090 502 1387 571 φάραγγας
1432 500 1571 564 τοῦςξ
1613 500 1903 563 Ἰουδαίους

317 596 520 666 ἀγρίαν
560 597 703 649 πόαν
735 596 815 655 είς
844 595 1053 664 τροφὴν
1092 593 1451 658 συλλέγοντας
1480 589 1900 659 συλλαϐόμενος,

316 689 446 747 τοὺς
497 688 597 757 μὲν
636 686 863 755 πλησίον
911 684 1007 738 τοῦ
1047 684 1263 753 τείχους
1319 683 1644 754 ἐκρέμασεν,
1675 682 1801 745 τοὺς
1847 681 1902 734 δὲ

313 780 728 851 χειροκοπήσας
760 780 838 841 είς
869 778 969 849 τὴν
1010 778 1167 830 πόλιν
1210 777 1521 839 ἀπέστειλε,
1550 774 1902 846 καταπλῆξαι.

307 877 440 937 τοὺς
482 874 819 935 στασιαστὰς
873 872 1216 942 βουλόμενος.
1254 872 1300 905 ⁴⁸
1328 873 1404 940 (4)
1444 874 1598 925 Πᾶσα
1645 872 1701 925 δὲ
1756 875 1902 927 οἰκία

309 969 398 1036 (ἐκ
428 967 529 1037 τῆς
565 965 797 1034 ἐνδείας)
829 964 1039 1036 νεκρῶν
1078 964 1382 1035 ἐπληροῦτο
1405 964 1449 996 ⁸⁸
1474 964 1774 1031 ἀπόζουσα,
1808 967 1902 1018 καὶ

307 1057 504 1128 λοιμὸς
538 1056 583 1089 ⁸⁷
635 1060 703 1128 τῇ
742 1058 895 1109 πόλει
954 1056 1185 1126 χαλεπὸς
1239 1057 1588 1127 ἐπεκράτησε
1650 1056 1796 1126 (ὅθεν
1852 1057 1901 1109 οί

308 1146 646 1200 στασιασταὶ
692 1146 793 1217 τὴν
847 1145 1110 1199 δυσωδίαν
1157 1144 1231 1215 μὴ
1277 1146 1557 1216 φέροντες,
1642 1147 1901 1218 ἔρριπτον

307 1239 422 1293 ἀπὸ
446 1238 543 1292 τοῦ
570 1240 787 1310 τείχους
818 1238 1018 1298 αὐτοὺς
1051 1238 1143 1291 ἐπὶ
1172 1239 1271 1300 τὰς
1311 1238 1624 1309 φάραγγας,
1666 1238 1746 1290 ἔτι
1776 1240 1903 1290 πολ-

306 1332 441 1393 λοὺς
476 1331 660 1383 αὐτῶν
712 1327 1075 1400 ἐμπνέοντας)
1113 1328 1269 1399 (77').
1315 1329 1391 1397 (5)
1449 1331 1509 1381 Οί
1538 1330 1719 1383 τοίνυν
1767 1348 1897 1383 στα-

312 1425 539 1475 σιασταὶ
576 1422 681 1474 ὑπὸ
730 1421 889 1491 λιμοῦ
924 1421 1239 1490 πιεζόμενοι
1292 1420 1467 1492 λάθρα
1505 1423 1644 1491 πρὸς
1685 1423 1747 1476 τὸ
1774 1424 1901 1495 ὅρος

306 1514 422 1567 τῶν
464 1512 696 1566 Ἐλαιῶν
733 1512 1082 1583 ἐξώρμησαν,
1113 1511 1205 1576 οὓς
1236 1514 1285 1565 οί
1324 1513 1586 1583 Ῥωμαῖοι
1632 1515 1901 1569 καταδιὼο

308 1606 506 1670 ξαντες
542 1606 623 1666 είς
655 1604 834 1674 φυγὴν
864 1604 1115 1675 ἔτρεψαν.
1166 1605 1433 1675 Ῥωμαίος
1471 1606 1527 1659 δέ
1562 1624 1645 1670 τις
1670 1607 1780 1660 τῶν
1812 1609 1902 1659 ίπ-

309 1698 463 1748 ττὲων
488 1696 514 1747 ό
538 1693 909 1764 δοκιμώτατος
928 1696 1055 1756 τοὺς
1076 1694 1367 1757 Ἰουδαίους
1390 1694 1734 1765 ὠθουμένους
1758 1696 1899 1747 κατὰ

2008 499 2262 554 manibus
2275 499 2507 554 abscisis
2528 499 2581 552 in
2604 499 2791 553 urbem
2810 500 3037 565 dimisit,
3060 512 3116 554 ut
3141 513 3285 556 metu
3304 503 3592 559 seditiosm

2008 601 2347 648 concuteret.
2400 591 2590 646 Omnis
2620 606 2783 661 porro
2814 592 3011 646 domus
3044 594 3115 647 ob
3156 593 3393 648 inediam
3425 598 3591 649 cada-

2007 683 2223 738 veribus
2278 682 2475 737 rel‘erta
2544 683 2779 751 pessime
2838 680 3058 748 olebat,
3113 696 3165 738 et
3238 686 3375 740 dura
3426 690 3593 756 pestis

2007 775 2193 829 urbem
2219 776 2449 841 invasit;
2473 775 2735 841 seditiosi,
2756 772 3001 829 faetorem
3025 791 3132 830 non
3151 777 3408 841 ferentes,
3424 780 3544 834 illos
3561 796 3591 835 e

2007 883 2166 921 muro
2195 869 2248 921 in
2273 866 2471 930 fossas,
2508 868 2700 936 Spiritu
2735 868 2924 922 multis
2947 871 3258 937 superstite,
3282 872 3591 940 ejiciebant.

2005 956 2112 1025 Ipsi
2161 967 2365 1025 autem,
2429 958 2572 1013 fante
2606 961 2749 1015 male
2784 962 2987 1025 vexati,
3041 964 3176 1015 clam
3237 965 3303 1017 ad
3352 978 3587 1020 montem

2004 1048 2280 1105 Olivarum
2313 1064 2719 1120 cucurrerunt,
2766 1064 2820 1108 et
2874 1069 2902 1107 a
2937 1055 3199 1110 Romanis
3258 1072 3591 1127 persequen-

2006 1143 2149 1196 tibus
2173 1143 2225 1197 in
2272 1144 2457 1215 fugam
2484 1145 2624 1200 versi
2649 1158 2796 1200 sunt.
2826 1146 3104 1201 Romanus
3135 1158 3313 1203 autem
3343 1151 3589 1219 quidam,

2005 1236 2144 1289 inter
2190 1238 2398 1306 equites
2440 1239 2882 1307 probatissimus,
2927 1249 2984 1293 ut
3036 1240 3257 1297 Judteos
3320 1244 3373 1297 in
3410 1243 3588 1299 fessas

2005 1329 2307 1398 prmcipites
2358 1342 2511 1385 actos
2554 1332 2707 1398 vidit,
2740 1347 2804 1386 ex
2852 1335 3074 1404 obliquo
3118 1337 3331 1406 agitans
3362 1352 3585 1408 equum,

2005 1422 2405 1477 adolescentem
2447 1424 2761 1493 quemdam,
2804 1427 3031 1482 robusto
3063 1443 3294 1497 corpore
3319 1438 3371 1483 et
3401 1444 3582 1483 arma—

2008 1524 2140 1577 tum,
2178 1515 2455 1570 seditiosis
2518 1514 2872 1586 fugientibus,
2916 1520 3306 1589 apprehendit;
3351 1536 3587 1590 cumque

2006 1606 2257 1658 malleolo
2284 1607 2435 1673 pedis
2469 1622 2591 1660 cum
2624 1616 2853 1672 teneret,
2892 1610 3133 1679 seipsum
3174 1611 3418 1677 inclinat,
3447 1627 3587 1681 equo

2004 1705 2253 1750 currente
2306 1705 2359 1750 ct
2393 1695 2639 1750 Judaeum
2680 1699 2919 1766 equitem
2958 1710 3349 1770 persequente;
3383 1710 3584 1755 etcum

306 1788 409 1857 τῆς
440 1788 732 1857 φάραγγος
765 1786 1127 1856 θεασάμενος,
1161 1790 1225 1841 ἐκ
1264 1788 1500 1857 πλαγίου
1538 1788 1896 1858 παρελαύνων

2005 1793 2210 1838 tantam
2244 1786 2478 1840 dextera:
2511 1788 2824 1841 lirmitatem
2857 1799 2909 1843 et
2941 1768 3108 1844 lctius
3136 1768 3388 1861 corporis
3414 1793 3579 1846 robur

307 1880 404 1932 τὸν
440 1880 633 1945 ἵππον,
681 1879 917 1950 ἁρπάζει
970 1880 1095 1933 τινὰ
1127 1880 1368 1945 νεανίαν,
1403 1880 1515 1932 τῶν
1555 1881 1897 1934 στασιαστῶν

312 1973 655 2042 φευγόντων,
702 1972 959 2043 στιϐαρὸν
994 1973 1135 2025 κατὰ
1180 1972 1242 2024 τὸ
1285 1972 1445 2041 σῶμα
1479 1974 1575 2025 καὶ
1614 1971 1900 2042 ὠπλισμέ-

310 2082 424 2130 νον,
460 2065 526 2117 ἐκ
574 2062 670 2116 τοῦ
720 2063 928 2134 σφυροῦ
972 2063 1335 2135 δραξάμενος,
1373 2065 1563 2117 ἑαυτὸν
1608 2065 1897 2131 ἐπικλίνει,

305 2154 405 2208 τοῦ
473 2155 645 2207 ἵππου
712 2156 1001 2224 τρέχοντος
1058 2154 1155 2208 καὶ
1236 2154 1329 2208 τὸν
1390 2155 1637 2210 Ἰουδαῖον
1665 2157 1901 2225 ἔφιππον

308 2248 477 2317 287
527 2246 960 2310 καταδιώκοντος
986 2265 1000 2279 ·
1043 2248 1139 2301 καὶ
1172 2246 1427 2301 τοσοῦτον
1468 2249 1563 2318 τῆς
1608 2250 1788 2316 δεξιᾶς
1815 2252 1902 2303 τό·

311 2358 403 2394 νον
443 2342 541 2393 καὶ
572 2340 666 2393 τοῦ
707 2340 896 2394 λοιποῦ
932 2339 1183 2410 σώματος
1224 2342 1652 2412 ἐπιδειξάμενος,
1686 2344 1778 2396 καὶ
1801 2344 1901 2414 τῆς

310 2433 549 2501 ἱππικῆς
592 2433 789 2503 τέχνης
851 2431 950 2501 τὴν
1011 2433 1236 2502 ἀρετὴν,
1279 2431 1469 2504 ὥσπερ
1511 2451 1563 2487 τι
1617 2435 1900 2504 κειμήλιον

308 2520 411 2595 ἧκε
463 2523 543 2592 τῷ
592 2524 837 2592 Καίσαρι
886 2523 1129 2592 κομίζων
1173 2522 1264 2574 τὸν
1311 2523 1679 2593 αἰχμάλωτον.
1737 2522 1795 2576 '0
1843 2523 1900 2576 δὲ

307 2617 473 2677 Τίτος
540 2613 978 2685 ὑπερθαυμάσας
1022 2613 1213 2667 τούτου
1263 2615 1361 2685 τὴν
1421 2615 1574 2684 ἰσχὺν
1643 2616 1738 2667 καὶ
1801 2614 1902 2684 τῆς

305 2710 597 2779 δυνάμεως
642 2709 701 2761 τὸ
745 2709 1035 2779 ἀήττητον,
1067 2706 1263 2778 δώροις
1312 2709 1474 2761 αὑτὸν
1520 2708 1760 2778 ἀμείῦει,
1811 2710 1901 2761 τὸν

308 2803 369 2857 δὲ
420 2802 704 2873 ληφθέντα
751 2801 1083 2871 προσέταξεν
1139 2799 1515 2869 ἀναιρεθῆναι.
1551 2798 1626 2869 (ϐ)
1676 2799 1787 2869 Τῆς
1845 2798 1901 2850 δέ

312 2912 378 2961 γε
414 2896 628 2957 πόλεως
659 2894 764 2945 ὑπὸ
812 2894 1102 2963 Ῥωμαίων
1147 2892 1392 2963 σφοδρῶς
1440 2891 1841 2961 πορθουμένης,
1875 2892 1902 2943 ό

311 2993 472 3062 λιμὸς
516 2992 647 3053 τοὺς
694 2990 835 3045 κατά
887 2990 984 3061 τὴν
1041 2988 1198 3042 πόλιν
1254 2987 1477 3048 πλείους
1534 2986 1627 3038 τοῦ
1660 2985 1899 3053 πολέμου

2005 1876 2332 1931 ostendisset
2358 1886 2411 1931 et
2443 1878 2577 1931 artis
2605 1879 2878 1948 equestris
2907 1880 3185 1945 virtutem,
3220 1883 3284 1934 ad
3312 1881 3581 1937 Caesarem

2006 1970 2269 2037 perrexit,
2311 1970 2586 2038 captivum
2623 1986 2807 2036 suum,
2862 1979 2919 2024 ut
2964 1973 3260 2041 pretiosum
3302 1974 3583 2042 quiddam,

2003 2059 2255 2115 aﬂ‘erens.
2306 2060 2477 2126 Quem
2528 2063 2682 2117 valde
2727 2064 2798 2117 ob
2848 2064 3014 2117 robur
3042 2073 3096 2117 et
3151 2065 3412 2119 invictum
3456 2066 3583 2118 ani-

2006 2164 2155 2204 mum
2213 2150 2513 2206 demiratus
2559 2150 2716 2208 Titus
2764 2154 3060 2207 cnmulavit
3097 2153 3275 2221 donis,
3310 2156 3583 2224 captivum

2006 2257 2134 2296 vero
2163 2242 2326 2308 jussit
2357 2245 2561 2297 necari.
2592 2243 2959 2300 Vehementer
2994 2255 3171 2300 autem
3201 2247 3461 2303 Romanis
3496 2265 3587 2303 va-

2005 2335 2278 2390 stantibus
2310 2338 2608 2402 civitatem,
2646 2338 2818 2394 fames
2855 2339 2905 2393 in
2937 2340 3073 2394 urbe
3104 2341 3364 2411 degentes
3400 2344 3583 2412 plures

2004 2441 2167 2495 quam
2205 2426 2407 2482 bellum
2440 2430 2815 2498 consumpsit;
2859 2429 3064 2484 idcirco
3096 2430 3294 2486 fratres
3322 2434 3583 2489 adversus

2004 2523 2224 2592 fratres,
2244 2534 2298 2579 et
2324 2524 2544 2592 cognati
2568 2522 2836 2577 adversus
2874 2532 3157 2593 cognatos,
3201 2526 3331 2580 sicis
3364 2530 3582 2587 armati,

2004 2618 2158 2673 cibos
2181 2618 2232 2672 vi
2267 2616 2473 2687 rapturi
2496 2618 2689 2670 domos
2716 2616 2992 2686 petebant.
3022 2614 3163 2682 Quin
3192 2618 3299 2671 imo
3325 2620 3583 2690 conjuges

2004 2710 2270 2773 virorum,
2310 2710 2420 2763 nati
2448 2719 2682 2778 patrum,
2713 2717 2764 2762 et
2797 2709 2941 2778 quod
2983 2709 3286 2764 mirabilius
3320 2720 3424 2774 est,
3469 2730 3586 2765 ma-

2006 2810 2117 2856 tres
2162 2802 2448 2855 inlantiunt
2493 2816 2557 2853 ex
2583 2816 2676 2854 ore
2710 2800 2861 2853 cibos
2882 2802 3298 2869 extorquehant,
3339 2818 3438 2857 nec
3475 2804 3585 2858 ullo

2007 2893 2168 2947 modo
2218 2890 2517 2961 parcebant
2566 2892 2930 2946 charissimis.
2985 2891 3049 2946 Et
3097 2894 3187 2946 alii
3235 2894 3452 2964 quidem
3504 2896 3585 2952 in-

2011 2985 2225 3038 hiantes
2258 2992 2315 3035 nt
2342 2997 2503 3035 canes
2534 2981 2706 3034 rabidi
2755 2981 3089 3047 insiliebant,
3136 2994 3189 3037 et
3225 2986 3588 3041 circumibant

308 3083 645 3154 διέφθειρεν,
685 3083 764 3136 διὸ
810 3082 872 3153 δὴ
911 3083 1006 3135 καὶ
1042 3081 1266 3150 ἀδελφοὶ
1303 3081 1445 3133 κατὰ
1494 3076 1759 3144 ἀδελφῶν,
1808 3077 1900 3129 καὶ

2006 3074 2281 3128 ebriorum
2336 3071 2533 3135 instar,
2599 3071 2756 3140 quasi
2813 3087 2911 3141 per
2954 3074 3163 3127 viscera
3209 3087 3262 3130 et
3321 3079 3584 3133 medullas

312 3179 606 3245 συγγενεῖς
648 3175 795 3228 κατά
823 3174 1125 3242 συγγενῶν,
1162 3172 1411 3243 ξιφήρεις
1446 3172 1526 3232 είς
1567 3169 1693 3231 τοὺς
1718 3170 1901 3231 οἴκους

311 3270 584 3341 ἐχώρουν,
615 3267 714 3331 τὰς
747 3266 996 3337 ἀλλήλων
1026 3265 1233 3337 τροφάς
1259 3262 1601 3333 ἁρπάζοντες
1624 3278 1636 3292 ’
1669 3264 1763 3314 καὶ
1798 3260 1899 3327 μέν

311 3381 373 3432 γε
418 3364 682 3431 γυναῖκες
710 3360 919 3429 ἀνδρῶν
950 3360 1044 3412 καὶ
1073 3358 1262 3421 παῖδες
1288 3356 1543 3426 πατέρων
1565 3371 1579 3385 ο
1613 3355 1708 3406 καὶ
1743 3385 1809 3395 --
1838 3354 1899 3405 τὸ

314 3454 683 3522 ἐλεεινότερον
710 3480 783 3490 --
811 3449 1043 3521 μητέρες
1090 3447 1298 3518 νηπίων
1338 3445 1589 3517 ἥρπαζον
1620 3444 1679 3509 ἐξ
1715 3443 1897 3498 αὐτῶν

312 3548 420 3600 τῶν
491 3546 781 3612 στομάτων
829 3544 927 3604 τὰς
999 3544 1229 3611 τροφάς.
1266 3540 1377 3592 Καὶ
1439 3538 1718 3599 παντελῶς
1787 3537 1897 3587 τῶν

2006 3165 2149 3220 fame
2196 3173 2512 3235 penetrante
2554 3163 2695 3217 ctad
2729 3174 2961 3220 mortem
2986 3166 3280 3221 violentam
3315 3171 3582 3240 rapiente.

2000 3259 2105 3311 Alii
2140 3273 2269 3312 vero
2300 3258 2364 3311 ad
2399 3256 2750 3323 inusitataita
2776 3258 3029 3322 ruebant,
3055 3269 3112 3311 ut
3134 3275 3199 3313 ne
3221 3277 3249 3313 a
3270 3277 3588 3318 excremen-

2001 3352 2068 3406 tis
2101 3351 2319 3421 quidem
2343 3350 2627 3405 brutorum
2658 3349 3015 3404 abstinerent.
3059 3352 3339 3408 Posnremo
3368 3356 3585 3426 cingula

1998 3445 2421 3509 manducabant,
2447 3442 2881 3498 etcalccamenta
2902 3452 2954 3499 et
2975 3444 3118 3499 coria
3146 3456 3425 3502 scutorum
3455 3450 3585 3505 ede-

1998 3536 2127 3588 bant
2162 3534 2425 3589 detracta.

312 3638 587 3705 φιλτάτων
636 3638 738 3689 οὐκ
796 3634 1088 3704 ἐφείδοντο.
1138 3632 1247 3685 Καὶ
1290 3632 1441 3684 ἄλλοι
1478 3629 1575 3698 μὲν
1610 3628 1701 3679 ὑπ’
1735 3624 1941 3688 ἐνδείας
1990 3625 2281 3695 κεχηνότες
2329 3625 2518 3696 ὥσπερ
2574 3624 2736 3688 κύνες
2785 3624 3087 3693 λυττῶντες
3145 3630 3438 3699 ἐφάλλοντο
3491 3629 3585 3686 καὶ

315 3731 707 3801 περιεφέροντο
770 3727 1078 3797 μεθυόντων
1107 3725 1280 3795 δίκην,
1311 3722 1385 3784 ὡς
1414 3722 1460 3752 ’⁸⁸
1486 3721 1574 3773 διά
1604 3720 1927 3789 σπλάγχνων
1964 3722 2059 3771 καὶ
2103 3719 2315 3788 μυελῶν
2346 3719 2441 3771 τοῦ
2478 3718 2639 3787 λιμοῦ
2671 3721 2977 3789 χωροῦντος
3040 3724 3133 3777 καὶ
3174 3725 3311 3795 πρὸς
3352 3726 3583 3782 Θάνατον

318 3825 489 3893 βίαιον
520 3823 621 3891 τὴν
674 3818 854 3887 ψυχὴν
892 3815 1212 3878 ἐλαύνοντος
1253 3828 1268 3844 ⁸
1335 3812 1487 3867 ἄλλοι
1533 3812 1588 3865 δὲ
1635 3813 1745 3864 τῶν
1812 3810 2091 3881 ἀθεμίτων
2145 3811 2475 3878 ἐφήπτοντο,
2530 3811 2605 3873 ὡς
2637 3812 2756 3864 οὐδὲ
2820 3813 2887 3865 τά
2943 3816 3165 3883 ῥυπαρὰ
3206 3816 3316 3867 τῶν
3372 3819 3583 3885 ἀλόγων

315 3922 626 3992 ἐφείδοντο·
684 3916 995 3969 τελευταῖον
1040 3914 1097 3968 δὲ
1148 3912 1436 3983 ζωστῆρας
1499 3909 1896 3983 διεμασσῶντο,
1972 3910 2068 3962 καὶ
2112 3908 2460 3980 ὑποδήματα,
2521 3908 2614 3960 καὶ
2669 3908 2915 3981 δέρματα
2980 3910 3087 3963 τῶν
3136 3911 3346 3985 θυρεῶν
3395 3915 3583 3985 ἤσθιον

318 4017 519 4074 ἁπεκδέ
530 4031 740 4086 ροντες.

385 4115 431 4147 to
464 4116 540 4187 (7)
595 4114 739 4184 Γυνὴ
776 4112 832 4165 δέ
855 4112 903 4144 ⁸ο
951 4128 1035 4173 τις
1074 4107 1265 4179 Μαρία
1292 4104 1531 4176 τοῦνομα
1558 4146 1572 4171 ,
1606 4109 1753 4174 γένει
1802 4106 1900 4159 καὶ

325 4208 533 4279 πλούτῳ
561 4207 871 4278 περιφανὴς
904 4207 1000 4259 καὶ
1042 4208 1431 4274 περίϐλεπτος,
1464 4206 1528 4258 ἐκ
1577 4205 1675 4273 τῆς
1714 4204 1898 4274 χώρας

327 4302 456 4370 πρὸς
503 4300 605 4372 τὴν
657 4300 816 4352 πόλιν
869 4297 1290 4369 καταφυγοῦσα,
1344 4298 1525 4349 πᾶσαν
1581 4296 1753 4364 αὐτῆς
1798 4296 1897 4364 τὴν

329 4392 556 4462 ὓπαρξιν
587 4391 683 4445 καὶ
716 4390 815 4454 τάς
850 4388 1149 4461 διατροφάς
1175 4390 1223 4441 οί
1258 4386 1581 4440 στασιασταὶ
1610 4384 1735 4437 καθ’
1764 4385 1899 4453 ὴμέ-

331 4503 421 4553 ραν
451 4485 823 4556 εἰσπηδῶντες
854 4484 1157 4553 διήρπαζον
1181 4483 1275 4534 καὶ
1308 4479 1494 4534 λοιπὸν
1523 4477 1730 4547 τροφῆς
1762 4479 1901 4528 ἀπο-

335 4580 491 4648 ροῦσα
512 4582 609 4633 καὶ
632 4579 851 4631 παιδίον
879 4576 1183 4647 ὐπομάζιον
1213 4576 1434 4645 ἔχουσα,
1455 4570 1615 4624 τοῦτο
1639 4568 1901 4621 καταθύει

334 4673 420 4725 καὶ
461 4674 752 4743 ὀπτήσασα
795 4669 857 4722 τὸ
892 4670 991 4738 μὲν
1022 4668 1195 4739 ἥμισυ
1215 4669 1255 4697 δ¹
1291 4665 1588 4736 βέϐρωκεν,
1620 4662 1679 4714 τὸ
1706 4662 1763 4714 δὲ
1792 4659 1905 4712 λοι-

334 4765 425 4818 πδν
470 4763 770 4834 καλύψασα
809 4762 1069 4831 διετήρει.
1114 4758 1261 4813 υίδέ
1307 4754 1680 4827 (στασιασταὶ,
1718 4751 1903 4814 καθὼς

333 4857 598 4921 alt-3916's),
630 4854 969 4917 εἰσελθόντες
1001 4855 1114 4918 καὶ)
1141 4852 1243 4921 τῆς
1268 4850 1493 4920 κνίσσης
1524 4848 1838 4917 αἰσθόμενοι
1856 4846 1903 4878 ⁸⁸

333 4949 580 5016 ἠπείλουν
609 4946 936 5015 ἀναιρήσειν
954 4944 999 4974 ³⁸
1029 4942 1220 5013 αὐτὴν,
1259 4942 1307 4994 εί
1343 4941 1417 5011 μὴ
1461 4940 1595 5009 ὅπερ
1640 4937 1899 5009 ἔκρυψεν,

333 5043 608 5107 ἐπιδείξειε
630 5041 698 5071 ’δ’
725 5038 831 5112 ήδέ
863 5037 927 5090 τά
955 5035 1181 5107 λείψανα
1218 5033 1313 5087 τοῦ
1339 5032 1626 5101 παιδαρίου
1658 5046 1903 5101 προαγα-

2079 4106 2270 4160 Mulier
2304 4117 2486 4161 autem
2514 4105 2790 4175 quaedam,
2823 4104 2988 4159 Maria
3026 4106 3265 4169 nomine,
3298 4120 3496 4176 genere
3526 4120 3580 4164 et

2008 4199 2214 4252 divitiis
2247 4198 2479 4268 insignis
2526 4206 2580 4251 et
2635 4198 2955 4264 conspicua,
2996 4198 3066 4251 ab
3118 4197 3263 4265 agris
3307 4198 3360 4253 in
3388 4201 3577 4256 urbem

2008 4291 2353 4358 confugerat;
2386 4304 2528 4357 qum,
2552 4287 2641 4341 ubi
2675 4288 3037 4341 substantiam
3068 4288 3244 4357 ipsius
3275 4302 3581 4359 rapuerunt

2011 4382 2282 4435 irruentes
2317 4378 2584 4441 seditiosi,
2633 4393 3021 4447 annonamque
3061 4380 3252 4434 eadem
3304 4381 3392 4437 die
3434 4383 3585 4437 ciba--

2010 4472 2167 4534 riam,
2227 4469 2377 4526 omni
2437 4468 2695 4522 alimento
2743 4468 3022 4535 destituta,
3072 4470 3356 4527 lactentem
3409 4472 3579 4528 lilium

2004 4554 2295 4633 iugulavit,
2326 4560 2722 4629 dimidiamque
2756 4568 2966 4629 partem
3000 4563 3109 4616 assi
3144 4565 3459 4634 corpusculi
3490 4581 3583 4620 co-

2004 4655 2191 4719 medit,
2224 4653 2598 4722 reliquamque
2629 4653 2900 4707 servabat.
2948 4655 3018 4709 At
3060 4656 3306 4713 seditiosi
3333 4657 3401 4711 de
3434 4673 3584 4712 more

2006 4746 2331 4818 introgressi
2369 4756 2423 4801 et
2464 4748 2677 4817 adipem
2708 4746 3027 4815 odorantes,
3062 4749 3109 4802 ei
3148 4758 3380 4803 mortem
3407 4749 3585 4801 mina-

2002 4841 2245 4903 bantur,
2296 4838 2403 4893 nisi
2459 4839 2608 4910 quod
2674 4838 3042 4894 absconderat
3100 4849 3403 4911 retegeret;
3466 4841 3581 4895 haec

2002 4942 2184 4988 autem
2239 4932 2501 5002 reliquias
2554 4933 2822 4988 exhibens
2880 4931 3134 4986 infantuli
3186 4948 3201 4986 :
3266 4950 3284 4983 ι
3323 4930 3399 4986 Ex
3456 4931 3579 4998 hoc,

2006 5026 2200 5096 inquit,
2243 5040 2367 5080 vere
2397 5026 2525 5078 olim
2553 5024 2663 5078 (ilio
2704 5039 2843 5089 meo,
2881 5038 3026 5078 nunc
3063 5038 3189 5078 vero
3221 5023 3444 5078 omnino
3474 5025 3579 5078 mi-

1539 5195 1734 5257 Variaa
1780 5194 2090 5255 lectiones
2129 5199 2189 5251 et
2234 5194 2425 5250 notae.

405 5383 445 5413 ιε
475 5382 602 5434 Ced.
642 5373 968 5440 εοεαε-ξω.
1048 5370 1092 5402 ιο
1117 5368 1469 5440 πληρουμένη

344 5429 863 5519 πόλειῖέξᾶίῖάλυῖσέ
897 5444 950 5496 τί
985 5443 1098 5519 γάρ
1122 5429 1569 5519 παεὲέ)ιεῖ(ῆθη’.μὴ
1592 5429 2466 5519 ἕθωῖλέὲεέἓιίιμ,’ἷ]’ἐξὲ⁶ἐ;⁴ἕ⁰ἐ¹·
2488 5505 2519 5519 υ
2544 5429 2883 5519 ’ζίῗν.⁰ὶῖἶ¹’.,
2925 5429 3132 5519 ’ζ’,ξλὲἔξ
3163 5429 3539 5519 ³21δὲἘέῗέ

1709 5488 1947 5566 τοῦνομα
1968 5488 2242 5566 Μαρία
2267 5491 2364 5566 τῇς
2396 5505 2450 5566 χ.
2488 5505 2542 5540 κ.
2576 5504 2671 5566 πρ,
2708 5488 2806 5566 τὴν
2843 5488 3147 5566 nfundi].
3172 5488 3309 5566 77.}.
3342 5488 3447 5566 ὑπὸ
3470 5489 3584 5566 τῶν

344 5522 383 5552 ’θ
418 5505 558 5574 τὶτέ
602 5524 695 5572 καὶ
739 5519 877 5586 γυνή
930 5505 1012 5576 τις
1048 5505 1275 5580 εὐγενὴς
1307 5510 1401 5586 καὶ
1440 5505 1671 5586 πλουσία

352 5571 1081 5657 σταᾶὶὰὰτῶνίάνιιρὲθηέὴν
1118 5571 1458 5657 messis":
1497 5574 1606 5657 (“in
1636 5573 1683 5655 ές
1723 5571 1960 5657 τιέξνοῖμ
2010 5571 2627 5657 ⁵Ῐ.’³Ῠ.1¹ἰἒέεν.ἰλ⁵ῗῖἱ;1

352 5627 668 5645 ’⁵“ν““ν’“’ν
708 5627 959 5659 *τωο-νη
993 5627 1076 5651 -·ι-
1124 5627 1333 5653 "‘r"';
1377 5627 1392 5661 ;
1447 5627 1456 5638 ι
1660 5646 1668 5655 ,
1808 5641 1827 5654 _

350 5661 462 5716 (led.
536 5664 583 5693 "
619 5663 713 5714 καὶ
742 5656 1170 5727 εισπηδὴσαντες
1200 5651 1323 5704 add.
1355 5649 1484 5702 (μου.
1561 5642 1609 5673 ⁵³
1648 5637 1900 5694 ανελεινί

2033 5635 2081 5687 εί
2117 5627 2200 5701 μὴ’
2229 5627 2317 5681 ἐπ.
2367 5627 2427 5679 τὸ
2462 5628 2623 5697 μέρος

350 5731 564 5801 ίπτδειξε
600 5731 723 5787 cod.

1518 5363 1612 5414 και
1663 5359 1936 5422 amcam
1969 5354 2237 5427 ἀργαλέον
2264 5347 3263 5427 ,ἐνέσκηψειλιιμάν-,Καὶτῖὶιείρυξλ
3285 5346 3513 5427 ἔνθεο
3531 5349 3582 5427 λά

2085 5426 2127 5455 ιτ
2151 5422 2307 5490 λιμός
2340 5413 2510 5472 cod."
2544 5418 2587 5449 ιε
2620 5413 2694 5469 ὧν
2725 5418 2846 5490 cpit.
2925 5419 2969 5490 5'
3002 5418 3132 5490 (led.
3163 5413 3581 5490 375.21.576.79.

2010 5557 2140 5615 σι’τδ
2171 5563 2226 5629 ἡ,
2266 5561 2365 5628 μὲν
2394 5559 2586 5630 ἐφαγε,
2616 5557 2880 5630 τὸκῆμισυ
2904 5557 2960 5609 δὲ
2989 5557 3369 5630 καταλείψασα
3393 5560 3583 5630 ἐτήρει

2668 5624 2802 5679 Ccd.
2853 5655 2895 5665 -
2916 5630 3010 5679 τοῦ
3044 5645 3100 5681 π.
3132 5629 3198 5681 τὰ
3225 5624 3272 5682 λ.
3304 5629 3431 5684 Ced.
3477 5624 3507 5630 ’⁷
3538 5631 3586 5661 ⁸⁵
