4088 6224
425 264 529 328 457

1596 276 2058 340 (ἪᾸΟΝΙΕΟΝ.
2099 302 2166 312 -
2208 280 2355 342 LIB.
2402 282 2515 343 ΙΙΙ.

3568 296 3673 360 458

422 380 695 433 ἐπιτελεῖν
716 380 1005 452 δυνάμενοι
1030 398 1045 416 ⁸
1084 385 1391 458 ὑποφόρους
1414 389 1521 461 γὰρ
1556 390 1775 461 ἔχοντες
1798 393 1989 456 αὐτοὺς

2102 392 2309 448 tributo
2344 394 2607 452 habentes
2641 395 2871 453 Romani
2904 415 3012 456 non
3050 403 3238 460 sinunt
3273 407 3389 463 suis
3418 423 3673 467 caeremo-

426 472 502 541 (οί
540 470 805 541 Ῥωμαῖοι
844 474 943 526 οὐκ
966 476 1103 529 ἐῶσι
1139 480 1250 542 τοῖς
1282 481 1433 543 ἰδίοις
1454 482 1745 552 χρᾶσθαι⁸⁶
1778 484 2001 537 δικαιώ-

425 580 615 633 μασιν,
662 564 967 637 ἐπειδήπερ
1015 569 1278 634 ἑκουσίως
1314 573 1697 627 ἐπεσπάσαντο
1745 574 1844 644 τὴν
1882 576 2002 628 δου-

421 657 572 710 λείαν
601 658 849 722 εἰπόντες
866 659 911 690 ⁸⁸
933 676 950 691 ⁸
989 679 1008 711 ι
1043 663 1156 715 Οὐκ
1186 662 1384 733 ἔχομεν
1425 665 1649 735 βασιλέα
1677 667 1725 719 εί
1757 666 1834 737 μὴ
1863 667 2001 721 Καί-

420 764 569 817 σαρα
593 765 608 780 ’
651 767 669 800 ι
707 750 803 803 καί
830 766 845 781 ’
881 770 900 802 ι
944 753 1069 804 Ἐὰν
1097 754 1170 823 μὴ
1201 755 1609 827 ἀποκτείνωμεν
1626 757 1716 810 τὸν
1742 758 1998 829 Χριστὸν,

420 844 624 903 πάντες
671 845 752 907 είς
803 844 969 896 αὐτὸν
1022 846 1378 901 πιστεύσουσι
1409 849 1547 927 ,καὶ
1592 848 1903 903 ἐλεύσονται
1949 853 1998 905 οί

429 932 721 1002 Ῥωμαῖοι,
742 936 837 988 καὶ
855 936 1050 1006 ἀροῦσι
1062 937 1152 991 τὸν
1174 939 1337 993 τόπον
1354 942 1511 1012 ἡμῶν
1527 942 1572 973 ⁸⁸
1586 944 1679 997 καὶ
1698 944 1759 996 τὸ
1779 943 1952 1010 ἔθνος,
1975 962 1993 995 ι

413 1024 470 1076 οἵ
496 1040 561 1091 γε
604 1029 702 1079 καὶ
729 1025 956 1091 ἄκοντες
986 1032 1404 1101 προεφήτευσαν
1427 1049 1442 1064 °
1478 1036 1573 1087 καὶ
1604 1034 1711 1107 γὰρ
1742 1035 1996 1088 ἐπίστευ-

415 1130 521 1165 σαν
574 1114 657 1176 είς
704 1116 959 1170 αὐτὸν·τά
996 1118 1146 1190 ἔθνη,
1194 1123 1287 1175 καὶ
1318 1124 1477 1176 αὐτοὶ
1513 1126 1613 1196 τὴν
1659 1125 1913 1190 ἐξουσίαν
1950 1127 1997 1158 ⁸³

414 1205 526 1257 ὑπὸ
571 1205 864 1277 Ῥωμαίων
908 1211 1282 1284 ἀφῃρέθησαν,
1338 1217 1431 1268 καὶ⁴
1482 1216 1581 1287 τῆς
1631 1218 1863 1287 νομικῆς
1905 1219 1999 1270 λα-

413 1296 605 1366 τρείας
622 1298 669 1329 ⁸⁵
699 1298 1073 1369 κεκωλυμένοι
1102 1303 1211 1355 είσὶ
1242 1306 1337 1357 καὶ
1375 1308 1623 1377 ἀναιρεῖν
1674 1310 1734 1361 οὐ
1783 1325 1998 1379 συγχω-

414 1386 638 1457 ροῠνται
682 1391 778 1443 καὶ
818 1389 968 1444 θύειν
991 1393 1079 1445 ὅτε
1120 1393 1438 1464 βούλονται·
1471 1398 1552 1452 διὸ
1584 1400 1678 1452 καὶ
1729 1400 1996 1453 ἐπικατά-

411 1478 567 1547 ρατοί
596 1479 725 1544 είσι,
761 1480 838 1551 μὴ
870 1482 1159 1554 δυνάμενοι
1191 1489 1366 1539 ποιεῖν
1400 1487 1468 1541 τὰ
1494 1488 1900 1559 διατεταγμένα
1916 1490 1992 1523 "-

417 1588 435 1619 ι
460 1571 891 1643 Ἐπικατάρατος
914 1575 1042 1646 γὰρ,
1068 1576 1253 1648 φησὶν,
1278 1581 1386 1642 πᾶς
1403 1580 1459 1642 ὃς
1476 1581 1577 1634 οὐκ
1613 1583 1841 1651 ἐμμένει
1862 1582 1995 1636 πᾶσι

404 1664 522 1726 τοῖς
543 1667 968 1735 γεγραμμένοις
1001 1670 1057 1719 ἐν
1092 1668 1170 1739 τῷ
1211 1669 1401 1742 βιϐλίῳ
1433 1671 1528 1726 τοῦ
1548 1673 1718 1743 νόμου
1746 1672 1843 1727 τοῦ
1867 1692 1990 1728 ποι-

406 1754 547 1827 ῆσαι
578 1757 738 1811 αὑτά.
756 1776 775 1810 ο
812 1759 1097 1814 Ἀδύνατον
1126 1762 1184 1815 δέ
1213 1765 1381 1827 ἐστιν⁹
1408 1765 1466 1818 ἐν
1495 1765 1763 1837 διασπορᾷ
1791 1768 1993 1838 μεταξὺ

410 1848 523 1900 τῶν
557 1849 730 1902 ἐθνῶν
753 1850 935 1915 ὄντας,
961 1854 1137 1909 πάντα
1152 1855 1197 1888 ⁸⁸
1249 1856 1448 1919 αὐτοὺς
1468 1858 1736 1912 ἐπιτελεῖν
1748 1860 1794 1893 ⁸⁷
1816 1859 1884 1913 τὰ
1902 1860 1995 1913 τοῦ

403 1942 575 2011 νόμου
626 1944 722 1997 καὶ
756 1946 855 2015 τὴν
905 1945 1167 2018 λατρείαν
1201 1950 1259 2002 ἐν
1294 1950 1376 2004 ἐνὶ
1422 1953 1575 2023 τόπῳ
1618 1969 1996 2025 περιγεγραμ-

406 2037 599 2104 μένην,
626 2034 701 2098 ὡς
730 2037 789 2089 ἐν
809 2037 955 2107 λόγῳ
985 2040 1192 2109 Κυρίου
1220 2041 1464 2112 Μωῦσῆς
1489 2043 1854 2109 διετάξατο.⁸⁹
1880 2045 1991 2118 (10)

400 2125 469 2176 Τί
514 2126 609 2179 οὖν
659 2128 795 2197 πρὸς
852 2130 1026 2182 ταῦτά
1069 2147 1230 2199 φατε,
1279 2126 1324 2186 ὦ
1390 2134 1673 2203 ’1ουδαῖοι;
1715 2137 1810 2190 καὶ
1851 2138 1903 2191 τί
1931 2138 1992 2191 τὸ

402 2213 580 2269 αἴτιον
616 2216 724 2269 τῶν
766 2219 1039 2272 τοσούτων
1067 2222 1161 2274 xui.
1186 2222 1523 2293 τηλικούτων
1564 2224 1709 2295 ὑμᾶς
1738 2225 1990 2297 κατειληο

404 2307 587 2375 φότων
635 2309 862 2376 utamini;
900 2306 1057 2384 *Αρά
1085 2329 1148 2381 γε
1182 2315 1577 2384 συνήκατε,ὄτι
1619 2316 1717 2369 οὑκ
1750 2317 1831 2381 είς
1855 2317 1989 2387 όμό-

399 2398 623 2464 δουλον,
680 2400 797 2453 ἀλλ’
849 2403 931 2466 είς
987 2402 1119 2458 Θεὸν
1175 2408 1685 2476 προσκεκρουκότες
1738 2406 1990 2479 [εἰκότως

400 2489 575 2544 ταῦτα
598 2493 902 2548 πεπόνθατε
934 2497 1029 2550 καλ⁵
1057 2496 1379 2565 ἀσύγνωστα
1408 2498 1683 2569 πάσχετε;
1713 2502 1793 2564 είς
1824 2501 1986 2555 αὑτὸν

402 2584 515 2654 γὰρ
544 2585 714 2649 ὅντως
756 2586 985 2661 ἐκεῖνον]
1006 2589 1169 2659 290
1198 2590 1290 2643 τὸν
1324 2591 1551 2662 ποιητὴν
1579 2592 1672 2645 καὶ
1689 2592 1987 2663 εὐεργέτην

400 2676 767 2748 ἐξημάρτετε,
796 2672 841 2731 ὦ
874 2679 1300 2751 ἐμϐρόντητοι⁸⁹
1326 2682 1421 2735 καὶ
1449 2683 1782 2753 παράνομοι,
1802 2682 1984 2747 καθὼς

398 2769 566 2832 αὐτὸς
598 2769 686 2823 διὰ
729 2771 959 2823 Ἠσαίου
978 2772 1023 2803 ⁹⁰
1059 2773 1358 2842 ἀναφωνῶν
1381 2774 1532 2843 λέγει
1552 2792 1565 2806 ·
1602 2793 1620 2825 ι
1647 2775 1811 2839 Υίοὺς
1833 2776 1986 2843 ἐγέν-

394 2878 540 2927 νησα
575 2864 670 2915 καὶ
714 2861 929 2932 ὗ(ίθιειιςῐα,
983 2863 1139 2918 αὐτοὶ
1180 2865 1237 2917 δέ
1268 2882 1335 2936 με
1379 2865 1681 2935 ⁴π’,θέττισαν,
1724 2885 1743 2919 ι
1782 2867 1935 2920 atat“
1960 2881 1976 2899 ν

402 2971 423 3005 ι
463 2955 529 3007 Τί
560 2954 668 3008 ἔδει
698 2957 921 3025 ποιῆσαι
955 2957 1028 3026 τῷ
1055 2955 1339 3027 ἀμπελῶνί
1368 2974 1469 3028 μου
1503 2960 1597 3011 καὶ
1618 2959 1721 3012 οὐκ
1749 2958 1983 3029 ἐποίησα

394 3045 581 3114 αύτῷ;
610 3046 744 3099 διότι
792 3045 1005 3118 ἔμεινα,
1040 3047 1131 3101 ἴνα
1178 3050 1381 3121 ποιήσῃ
1411 3050 1712 3121 σταφυλὴν,
1752 3050 1976 3121 ἐποίησε
2006 3087 2048 3144 C

395 3135 455 3189 δὲ
512 3138 794 3198 ἀκάνθας·
838 3158 858 3191 ›
915 3139 1009 3193 καί
1049 3142 1133 3174 ⁸⁸·
1177 3159 1197 3193 t
1257 3142 1611 3211 Ἔμεινατοῦ
1669 3143 1894 3212 ποιῆσαι
1932 3144 1979 3176 ⁸³

395 3228 607 3300 κρίσιν,
637 3230 860 3299 ἐποίησε
888 3230 946 3283 δὲ
968 3232 1223 3301 ἀνομίαν,
1247 3234 1340 3286 καὶ
1363 3234 1424 3286 οὐ
1444 3233 1812 3304 δικαιοσύνην,
1842 3234 1981 3289 ἀλλά

395 3324 675 3391 κραυγήν.
708 3340 727 3373 ι
758 3323 925 3385 Ποίας
967 3322 1024 3375 δέ
1053 3324 1299 3387 ἀκάνθας
1343 3323 1493 3392 λέγει
1527 3324 1622 3377 καὶ
1658 3325 1818 3379 ποίαν
1852 3326 1978 3380 ἀνοσ⁸

399 3415 535 3484 μίαν
561 3415 656 3467 καὶ
683 3416 969 3486 κραυγήν;
995 3412 1033 3486 ἦ
1073 3415 1254 3485 δῆλον,
1282 3418 1365 3469 ὅτι
1388 3409 1651 3487 αἷσπερθδ
1670 3416 1980 3485 ἐστεφανώ-

397 3524 531 3561 σατε
562 3506 723 3559 αὐτὸν
757 3506 850 3558 ἐπὶ
900 3508 995 3559 τοῦ
1042 3506 1251 3570 πάθους
1291 3508 1339 3539 ⁸⁸
1380 3508 1598 3577 ἀνόμως
1646 3509 1975 3578 κράζοντες*

394 3598 548 3668 (Ἱὸι)
580 3599 626 3632 ’⁵
665 3618 683 3651 ι
731 3597 925 3667 Ἀρον,
964 3595 1117 3672 ἆρον,
1152 3597 1468 3669 σταύρωσον
1499 3598 1683 3665 αὐτὸν,
1721 3616 1740 3652 ι
1773 3600 1850 3663 ὡς
1882 3601 1978 3654 καὶ

395 3692 489 3744 διὰ
529 3692 799 3763 Ἰερεμίου
836 3693 989 3763 (περ).
1015 3692 1112 3763 τῆς
1143 3690 1443 3763 θεομαχίας
1471 3693 1568 3745 καὶ
1595 3694 1800 3762 μιαρᾶς
1822 3692 1977 3762 ὑμῶν

397 3783 731 3853 συναγωγῆς
772 3782 935 3835 πάλιν
976 3783 1162 3852 φησίν)
1196 3796 1211 3812 ⁸
1249 3784 1293 3815 ³⁷
1333 3801 1352 3834 ι
1377 3782 1627 3849 Ἐγένετο
1652 3785 1686 3854 ἡ
1723 3781 1978 3852 κληρονο-

398 3874 504 3944 μία
562 3892 664 3944 μου
720 3875 845 3943 ἐμοὶ
883 3874 960 3937 ὡς
1005 3874 1144 3927 λέων
1179 3875 1238 3927 ἐν
1283 3872 1510 3945 δρυμῷο
1538 3873 1740 3927 ἔδωκεν
1769 3874 1855 3927 ἐπ’
1877 3874 1977 3945 ἐμὲ

392 3968 499 4034 τὴν
534 3965 720 4036 φωνὴν
766 3966 960 4034 αὐτῆς,
994 3967 1088 4019 καὶ
1118 3966 1206 4019 διὰ
1237 3965 1394 4019 τοῦτο
1445 3965 1687 4036 ἐμίσησα
1728 3966 1920 4036 αὐτήν.
1950 3982 1969 4017 ι

396 4057 535 4122 (‘Hv
564 4057 630 4127 δὴ
666 4056 894 4127 βέεηλον
927 4057 1252 4126 συναγωγὴν
1278 4058 1372 4109 καὶ
1400 4056 1659 4126 θεήλατον
1703 4056 1778 4118 ὡς
1821 4056 1977 4109 τοῦτο

391 4147 700 4219 δρὲισασαν)
763 4147 859 4199 καὶ
919 4145 1173 4216 Σολομὼν
1221 4144 1620 4216 (θριαμϐεύων)
1672 4145 1972 4213 φάσκεινδο

400 4258 421 4291 ε
447 4237 747 4303 Ἐξέλθετε,
801 4235 1100 4306 θυγατέρες
1133 4238 1293 4299 Σιὼν,
1333 4236 1428 4289 καὶ
1477 4236 1615 4288 ἴδετε
1648 4236 1706 4287 ἐν
1736 4234 1813 4303 τῷ
1851 4251 1978 4286 στε-

2107 483 2212 538 niis
2237 485 2337 549 uti,
2375 485 2817 556 quandoquidem
2863 493 3170 549 voluntarie
3222 498 3535 555 asciverunt
3566 503 3669 557 sibi

2106 575 2444 642 servitutem,
2475 577 2720 634 dicentes
2754 597 2767 633 :
2809 600 2828 632 ι
2867 579 2983 637 Non
3032 584 3299 642 habemus
3343 605 3523 660 regem
3565 594 3673 650 nisi

2103 662 2372 720 Caesarem
2403 684 2418 733 ;
2453 686 2471 719 ι
2511 677 2565 722 et
2622 686 2638 722 :
2697 688 2717 721 ι
2755 669 2810 726 Si
2862 687 2969 727 non
3025 677 3327 735 occidimus
3371 680 3671 750 Christum,

2103 769 2292 812 omnes
2322 758 2545 813 credent
2573 759 2628 814 in
2659 776 2805 827 eum,
2850 772 2906 818 et
2930 767 3147 822 venient
3182 768 3432 837 Romani,
3465 786 3518 829 et
3566 776 3673 828 tolo

2102 846 2216 902 lent
2245 858 2491 905 nostrum
2540 851 2720 907 locum
2767 865 2821 909 et
2865 865 3101 924 gentem,
3140 878 3159 910 ι
3194 863 3286 930 qui
3332 877 3524 933 sponte
3562 883 3670 923 non

2102 952 2199 994 sua
2229 941 2717 1010 propbetaverunt,
2767 947 2809 999 si
2844 948 3062 1015 quidem
3090 953 3435 1009 crediderunt
3461 957 3514 1010 in
3545 973 3670 1013 eum

2104 1040 2319 1100 gentes,
2374 1042 2431 1086 et
2471 1032 2572 1102 ipsi
2618 1049 2648 1088 a
2696 1033 2957 1093 Romanis
2992 1038 3239 1096 libertate
3280 1045 3520 1113 spoliati,
3550 1057 3602 1102 ct
3639 1062 3670 1102 a

2100 1123 2252 1176 cultu
2302 1124 2462 1193 legali
2512 1126 2791 1195 prohibiti,
2848 1143 2947 1184 nec
2991 1132 3335 1188 sacriﬁcandi
3385 1145 3441 1191 et
3477 1138 3674 1194 immo-

2101 1211 2245 1267 landi
2278 1214 2552 1270 licentiam
2593 1217 2795 1272 habent
2819 1234 2945 1273 cum
2982 1222 3213 1289 volunt;
3261 1234 3313 1280 et
3356 1226 3478 1282 ideo
3505 1232 3675 1286 male-

2099 1302 2229 1358 dicti
2266 1314 2414 1372 sunt,
2450 1322 2574 1362 cum
2623 1320 2888 1380 pracepla
2930 1311 3066 1383 legis
3094 1314 3320 1384 implere
3350 1333 3623 1390 nequeant
3655 1341 3673 1381 :

2104 1414 2124 1447 ‹
2163 1395 2483 1454 Maledictus
2528 1401 2695 1466 enim,
2734 1402 2935 1474 inqttit,
2986 1407 3166 1461 onmis
3196 1410 3290 1478 qui
3317 1427 3423 1467 non
3456 1429 3675 1483 perma-

2100 1498 2192 1544 net
2249 1492 2302 1545 in
2363 1493 2620 1549 omnibus
2671 1510 2794 1565 quae
2835 1497 3033 1567 scripta
3080 1510 3210 1554 sunt
3249 1502 3301 1556 in
3348 1503 3488 1560 libro
3538 1506 3673 1575 legis

2098 1578 2279 1635 facere
2307 1596 2392 1637 ea.
2418 1601 2436 1634 ι
2473 1582 2584 1639 Nec
2614 1586 2760 1639 enim
2794 1586 2992 1653 valent,
3030 1591 3170 1645 inter
3200 1601 3389 1660 gentes
3409 1595 3669 1666 dispersi,

2097 1672 2282 1727 omnia
2311 1673 2505 1745 legalia
2530 1676 2846 1746 adimplere,
2867 1694 2965 1735 nec
2982 1680 3183 1737 cultum
3217 1684 3271 1737 in
3290 1700 3400 1742 uno
3424 1687 3541 1745 loco
3561 1690 3671 1746 cir-

2102 1764 2515 1835 cumscriptum,
2542 1767 2678 1821 utin
2707 1768 2822 1837 lege
2844 1770 3055 1825 Domini
3081 1771 3292 1843 Moyses
3314 1780 3667 1850 praescripsit.

2099 1851 2239 1918 Quid
2297 1855 2363 1908 ad
2432 1855 2583 1921 haec,
2652 1872 2686 1909 o
2736 1856 2951 1913 Judaei?
3007 1859 3160 1917 Unde
3214 1865 3339 1920 talia
3393 1875 3448 1922 et
3518 1877 3667 1925 tanta

2098 1956 2193 1997 vos
2225 1946 2763 2014 comprehenderunt
2802 1951 2989 2005 mala?
3031 1952 3146 2007 Non
3176 1952 3485 2026 intelligitis
3516 1961 3666 2029 quod

2096 2031 2153 2087 in
2186 2032 2381 2099 Deum,
2424 2050 2530 2090 non
2581 2035 2636 2092 in
2696 2040 3038 2095 consimilem
3087 2044 3262 2111 vobis,
3305 2047 3662 2115 oﬂ‘endcritis,

2095 2139 2189 2180 vos
2218 2124 2338 2180 ideo
2366 2126 2491 2196 jure
2520 2144 2585 2185 ac
2633 2130 2831 2184 merito
2860 2131 2949 2184 illa
2983 2145 3172 2200 passos
3220 2134 3393 2191 fuisse
3419 2147 3474 2194 et
3507 2141 3664 2195 inau—

2090 2216 2201 2270 dita
2238 2218 2390 2286 pati?
2414 2217 2475 2272 In
2518 2217 2668 2274 illum
2700 2220 2869 2287 enim,
2898 2236 2931 2275 ο
2963 2223 3149 2277 vesani
3180 2233 3233 2279 et
3272 2225 3446 2294 impii,
3479 2228 3571 2297 qui
3607 2238 3664 2282 et

2094 2320 2219 2360 vero
2262 2307 2492 2363 Creator
2546 2317 2602 2363 et
2660 2308 2976 2367 benefactor
3016 2322 3119 2377 est,
3179 2317 3468 2382 peccastis,
3520 2317 3664 2373 sicut

2090 2398 2205 2468 ipse
2230 2414 2326 2468 per
2343 2399 2535 2455 Isaiam
2556 2402 2821 2459 extollens
2851 2418 3037 2459 vocem
3071 2405 3201 2460 dicit
3228 2422 3243 2461 :
3272 2424 3291 2458 ι
3312 2406 3477 2463 Filios
3501 2411 3661 2478 genui

2088 2500 2144 2544 et
2201 2491 2474 2557 exaltavi,
2532 2493 2635 2562 ipsi
2692 2504 2873 2549 autem
2928 2507 3249 2565 spreverunt
3306 2514 3412 2553 me.
3444 2519 3463 2551 ι
3530 2500 3657 2558 Et:

2095 2603 2114 2637 ι
2152 2583 2293 2651 Quid
2330 2587 2495 2642 debui
2551 2586 2732 2644 facere
2765 2589 2936 2644 vineae
2994 2606 3126 2646 mete
3176 2601 3230 2645 et
3280 2607 3386 2647 non
3420 2593 3520 2648 l'cci
3560 2596 3660 2650 ei?

2086 2679 2216 2748 quia
2256 2681 2571 2749 exspectavi
2606 2689 2665 2734 ut
2698 2679 2903 2737 faceret
2948 2698 3131 2747 uvam,
3167 2684 3295 2738 fecit
3333 2694 3513 2740 autem
3543 2688 3659 2755 spi—

2087 2782 2330 2823 nasa—
2351 2769 2418 2822 Et
2456 2787 2515 2824 ι(
2548 2769 2867 2840 Exspectavi
2900 2780 2957 2825 ut
2983 2771 3185 2827 faceret
3216 2774 3509 2844 judicium,
3534 2775 3663 2832 fecit

2086 2867 2267 2914 autem
2326 2859 2773 2930 iniquitatem,et
2802 2877 2909 2917 non
2956 2863 3250 2932 justitiam,
3296 2867 3392 2921 sed
3450 2867 3653 2923 clamo-

2084 2965 2220 3004 rem.
2252 2968 2271 3001 ι
2308 2951 2385 3006 De
2430 2950 2628 3021 quibus
2666 2961 2844 3007 autem
2869 2954 3040 3023 spinis
3062 2962 3146 3009 est
3171 2957 3395 3010 sermo?
3443 2956 3511 3012 de
3548 2973 3656 3026 qua

2084 3041 2393 3112 iniquitate,
2442 3043 2511 3098 de
2562 3058 2673 3113 quo
2725 3044 3005 3099 clamore?
3064 3047 3222 3100 Patet
3274 3064 3289 3103 :
3345 3047 3421 3103 De
3455 3050 3657 3118 quibus

2088 3135 2263 3204 spinis
2319 3150 2444 3191 eum
2494 3136 2857 3192 coronavistis
2904 3137 2958 3190 in
3005 3135 3289 3204 Passione,
3329 3139 3516 3209 inique
3542 3141 3657 3195 cla-

2084 3235 2297 3281 mantes
2350 3243 2364 3279 :
2417 3244 2435 3277 ι
2473 3225 2643 3288 Tolle,
2682 3227 2829 3291 tolle,
2871 3227 3132 3298 cruciﬁge
3173 3244 3321 3283 eum.
3357 3247 3376 3281 ι
3416 3228 3569 3286 Sicut
3600 3242 3656 3287 et

2082 3329 2177 3383 per
2220 3313 2513 3370 Jeremiam
2544 3317 2611 3371 de
2645 3317 2786 3371 lucta
2841 3317 3005 3384 impia
3047 3326 3225 3372 vestra
3277 3327 3332 3373 et
3369 3321 3435 3374 de
3466 3320 3652 3389 iniqua

2082 3404 2365 3477 Synagoga
2414 3407 2661 3478 loquitur
2718 3424 2732 3463 :
2796 3424 2815 3459 ι
2854 3407 3017 3462 Facta
3048 3417 3132 3464 est
3182 3409 3471 3466 barreditas
3532 3427 3651 3466 mea

2081 3498 2238 3565 mibi,
2266 3500 2423 3569 quasi
2457 3501 2543 3554 leo
2575 3500 2628 3554 in
2657 3498 2790 3554 silva
2820 3516 2833 3553 :
2872 3500 3020 3554 dedit
3048 3514 3216 3570 super
3251 3517 3336 3557 me
3369 3517 3577 3566 vocem,
3600 3514 3654 3558 et

2081 3599 2303 3657 propter
2327 3589 2433 3645 hoc
2469 3589 2616 3645 odivi
2646 3605 2789 3645 eam.
2824 3608 2843 3643 ι
2873 3589 3045 3656 Quam
3078 3591 3440 3663 Synagogam,
3470 3593 3653 3663 inqui—

2082 3686 2264 3732 natam
2299 3689 2352 3735 et
2377 3694 2614 3747 sacram,
2652 3690 2841 3751 utpote
2874 3697 2996 3752 qua:
3024 3682 3137 3737 haec
3171 3681 3377 3746 fecerit,
3411 3694 3466 3738 et
3496 3682 3653 3738 Salo-

2082 3786 2210 3826 mon
2259 3772 2608 3842 triumphans
2655 3774 2787 3829 dicit
2822 3789 2837 3830 :
2879 3793 2897 3827 ι
2932 3773 3288 3845 Egredimini,
3325 3774 3450 3828 ﬁliae
3497 3775 3651 3841 Sion,

2080 3872 2135 3918 et
2165 3863 2341 3920 videte
2396 3865 2449 3920 in
2505 3865 2812 3921 diademate
2857 3881 2968 3936 quo
3001 3866 3287 3920 coronavit
3316 3880 3440 3919 eum
3480 3874 3653 3921 mater

2080 3972 2178 4011 sua
2224 3956 2278 4012 in
2314 3958 2404 4013 die
2455 3957 2899 4028 desponsationis
2945 3957 3113 4012 illius.
3150 3974 3169 4009 ι
3207 3954 3435 4010 Matrem
3487 3955 3653 4026 igitur

2078 4051 2209 4105 dicit
2255 4052 2557 4106 secundum
2610 4066 2831 4106 carnem
2884 4048 3198 4105 Judaeorum
3259 4047 3649 4119 Synagogam:

2084 4161 2102 4194 ε
2139 4144 2281 4197 Caro
2332 4159 2472 4209 mea,
2518 4143 2695 4212 inquit
2724 4142 2912 4212 _enim,
2943 4156 3013 4196 ex
3048 4141 3177 4198 illis.
3220 4159 3239 4193 ι
3283 4140 3435 4198 Diem
3466 4153 3648 4197 autem

2076 4234 2519 4305 desponsationis
2574 4232 2833 4299 ostendit,
2872 4233 2925 4286 in
2962 4247 3072 4303 qua
3104 4232 3224 4302 ipse
3272 4231 3492 4301 quidem
3544 4233 3652 4287 sibi

396 4324 638 4401 φάνῳ,ᾦ
660 4332 1038 4400 ἐστεφάνωσεν
1055 4330 1218 4383 αὐτὸν
1246 4331 1279 4399 ή
1304 4328 1488 4400 μήτηρ
1517 4326 1682 4381 αὑτοῦ
1709 4328 1767 4379 ἐν
1790 4326 1977 4397 ἡμέρᾳ

2091 4323 2338 4394 gentium
2375 4322 2677 4378 Ecclesiam
2712 4323 3085 4390 desponsam,
3114 4322 3207 4377 illa
3252 4336 3382 4377 vero
3416 4321 3649 4390 decepta

392 4426 761 4494 νυμφεύσεως
808 4424 996 4477 αὐτοῦ.
1028 4441 1048 4475 ι
1086 4421 1312 4495 Μητέρα
1361 4421 1460 4491 μὲν
1509 4419 1602 4473 οὖν
1644 4418 1793 4487 λέγει
1833 4417 1975 4514 κατά

2091 4423 2134 4468 et
2165 4414 2355 4469 insana
2406 4412 2687 4483 Synagoga
2738 4424 2998 4466 coronam
3057 4426 3091 4466 e
3151 4410 3325 4481 spinis
3379 4410 3432 4466 in
3486 4421 3651 4481 caput

396 4517 586 4586 σάρκα
601 4516 647 4551 ’⁸
681 4515 780 4586 τὴν
830 4514 943 4568 τῶν
998 4513 1269 4567 Ἰουδαίων
1322 4511 1680 4581 συναγωγήν
1714 4510 1730 4540 ⁸
1771 4528 1790 4560 ι
1829 4509 1972 4580 Σάρξ

2091 4505 2195 4575 ejus
2230 4504 2431 4574 posuit,
2462 4512 2517 4559 et
2545 4505 2700 4573 quasi
2735 4501 3038 4556 laetabunda
3066 4510 3120 4557 et
3152 4501 3385 4558 illudens
3414 4503 3465 4557 ei
3502 4504 3650 4559 dice-

397 4626 510 4680 μου
541 4608 673 4678 γὰρ,
703 4608 892 4679 φησὶν,
911 4607 970 4672 ἐξ
992 4607 1173 4661 αὐτῶν
1194 4623 1208 4638 υ
1238 4625 1256 4658 ι
1285 4606 1499 4677 ἡμέραν
1531 4604 1585 4658 δὲ
1615 4602 1972 4696 νυμφεύσεως

2091 4602 2172 4651 bat
2214 4613 2230 4652 :
2291 4613 2309 4649 ι
2344 4600 2492 4663 Ave,
2545 4611 2636 4651 rex
2679 4593 3015 4649 Iuda-orum.
3081 4612 3100 4647 ο
3143 4594 3293 4661 Quos
3339 4596 3647 4661 intendens,

390 4699 570 4754 αὐτοῦ
613 4699 809 4770 (δηλοῖ)
840 4698 959 4751 καθ’
986 4700 1055 4770 ἢν
1090 4699 1139 4768 (ό
1169 4699 1291 4768 μὲν)
1322 4696 1418 4768 τὴν
1445 4696 1501 4762 ἐξ
1536 4695 1705 4749 ἐθνῶν
1743 4694 1973 4788 Ἐκκληέ

2091 4686 2257 4742 Isaias
2289 4685 2486 4743 fortius
2518 4687 2770 4742 verberat
2795 4684 2983 4739 dicens
3034 4702 3049 4739 :
3097 4703 3116 4738 ι
3151 4685 3228 4741 De
3253 4700 3363 4756 quo
3408 4685 3652 4740 insistis?

390 4791 521 4844 σίαν
573 4788 984 4862 ἐνυμφεύσατο²
1018 4806 1034 4821 ·
1082 4791 1116 4859 ἡ
1167 4790 1224 4843 δέ
1274 4786 1762 4861 (πεφενακισμένη
1818 4785 1969 4878 και)

2091 4793 2244 4849 super
2285 4793 2447 4848 quem
2496 4777 2734 4847 ejecistis
2766 4776 3004 4848 linguam
3038 4787 3297 4840 vestram,
3343 4777 3434 4830 lilii
3468 4776 3650 4845 perdi-

392 4882 758 4953 ματαιόφρων
789 4881 974 4953 ἐκείνη
1012 4881 1304 4950 συναγωγὴ
1335 4880 1600 4948 στέφανον
1638 4879 1695 4944 ἐξ
1722 4876 1973 4931 ἀκανθῶν

2091 4872 2267 4936 tionis,
2302 4885 2489 4927 semen
2538 4868 2818 4925 mendax?
2852 4887 2869 4920 ι
2926 4867 3076 4923 Unde
3111 4867 3376 4922 Dominus
3402 4867 3519 4936 ipse
3551 4882 3647 4936 per

388 4975 497 5027 ἐπὶ
538 4972 639 5044 την
682 4972 926 5044 κεφαλὴν
955 4972 1120 5026 αὑτοῦ
1152 4973 1312 5025 θεῖσα
1356 4972 1471 5042 (καὶ
1506 4971 1582 5035 ὡς
1612 4972 1975 5042 ἐπευφραινο-

2091 4966 2217 5022 Osee
2246 4964 2664 5021 lamentabiliter
2693 4963 2831 5019 dixit
2860 4982 2872 5017 :
2934 4980 2953 5012 ι
2996 4961 3083 5017 Va
3111 4962 3218 5017 illis
3252 4961 3377 5033 quia
3418 4974 3652 5016 recesse-

1587 5137 1785 5199 νει-ξω
1830 5134 2137 5198 lectiones
2179 5138 2239 5193 et
2282 5138 2471 5192 notae.

470 5269 516 5302 ⁸ο
534 5267 841 5346 κεχρῆσθαι
868 5267 999 5346 Cet}:
1041 5341 1051 5346 Δ
1084 5264 1310 5346 ⁸¹Λ1ιιθιι
1374 5283 1448 5346 xt,
1498 5267 1586 5346 48:
1770 5270 1825 5337 ἡ.
1850 5265 1939 5319 τὸν
1968 5284 1989 5319 ει

2091 5261 2175 5346 ed:
2204 5263 2237 5332 ἠ
2268 5259 2480 5346 καὶτὸν
2512 5277 2563 5313 τ.
2595 5257 2680 5314 Jo.
2772 5256 3390 5346 tﬁinéﬁouoiasch.
3433 5254 3643 5346 $125.9:

389 5341 504 5415 τὴν
534 5325 815 5415 λαξρείαν,
846 5356 912 5415 ικ.
947 5337 1004 5415 δὲ
1117 5337 1351 5415 Cne_JL_—f-
1396 5325 1482 5393 ἀν.
1519 5337 1611 5414 οὓς
1661 5325 1885 5415 θέλουσι⁸
1919 5352 1989 5387 κα

2091 5334 2196 5386 ἰού.
2225 5325 2237 5332 ’
2271 5332 2318 5363 ⁸⁸
2348 5330 2523 5415 Dein:-
2565 5325 2995 5415 ξξνιιῖΔΞρᾊ-Σςὶ
3026 5330 3187 5415 λιιόιντζ
3239 5325 3399 5415 cod.1
3430 5326 3645 5409 παντως

390 5394 531 5483 (leti.
605 5394 655 5438 ’τ’
686 5412 780 5463 ἐπ.
802 5394 814 5403 ’
834 5409 889 5461 ἀ.
915 5408 1075 5483 _Ced.
1152 5407 1200 5438 ⁸⁸
1235 5408 1492 5483 Ἔλεγχος
1538 5394 1647 5457 τῶν
1672 5405 1989 5483 ’παρανόμως

2096 5399 2326 5483 cusanus?
2346 5399 2533 5483 ,‘Ced.
2570 5397 3115 5483 585,12:366_.‘20.'—
3143 5399 3249 5483 είκ.
3281 5394 3644 5483 ῑ-ἐξεῖνονλα

391 5463 571 5551 prima
606 5494 768 5531 manu
821 5476 1094 5541 (intissam
1138 5463 1477 5529 secundani"
1514 5477 1756 5539 margine
1801 5476 1971 5540 posita

391 5553 522 5589 e-eni
561 5548 716 5589 i'nuTm
758 5550 821 5589 In:
866 5549 1158 5589 προσώπω)
1195 5546 1330 5589 Θεοῦ
1360 5562 1524 5589 φησιν
1556 5544 1685 5589 ﬁeri.
1736 5543 1835 5589 Ian-
1870 5559 1907 5589 I-
1934 5543 1989 5589 ‘2.

2091 5479 2141 5522 lt.
2221 5468 2265 5499 ⁸⁸
2298 5467 2672 5535 ἐμϐρόντιστοι
2702 5467 2821 5521 cod.
2901 5468 2946 5552 ’ξ
2972 5469 3233 5545 πάσχετε.
3281 5463 3507 5523 Ἦσαῖας
3537 5463 3638 5583 γὰῖ

2136 5537 2181 5571 ⁹¹
2220 5552 2274 5589 v.
2303 5537 2336 5588 4
2378 5552 2392 5589 :
2423 5538 2473 5586 τί
2507 5538 2715 5589 ποιήσω
2752 5539 2832 5588 ἔτι
2856 5554 2869 5589 :
2894 5553 2945 5588 τι
2973 5555 3031 5589 π.
3061 5553 3137 5589 τω
3156 5536 3286 5589 Ccd.
3434 5533 3478 5566 ν’
3516 5548 3594 5589 νυ
3627 5569 3638 5587 ι

390 5538 464 5602 ἓτε
507 5553 527 5599 ὶ
561 5548 716 5617 ὑμῶν
758 5550 822 5599 ἐκ
866 5538 1158 5614 προσώπου
1195 5546 1330 5598 Θεοῦ
1360 5562 1524 5614 φησιν
1556 5538 1685 5596 (led.
1736 5538 1835 5596 lsa.
1870 5559 1908 5605 I,
1934 5543 1989 5619 τίς

391 5624 442 5653 ’⁸
472 5567 568 5671 θνα
617 5618 822 5671 ποιήσι]
876 5616 1004 5669 Ccd.
1086 5618 1127 5647 ”
1156 5617 1336 5671 ἇσπερ
1371 5616 1491 5670 cod.
1594 5614 1640 5645 9’
1669 5615 1755 5667 ἀν.
1789 5612 1882 5663 ἐπὶ
1908 5627 1989 5662 τοι

2136 5538 2181 5571 ⁹¹
2220 5552 2274 5601 v,
2303 5538 2336 5588 4
2378 5552 2392 5589 :
2423 5538 2473 5586 τί
2507 5538 2715 5604 ποιήσω
2752 5539 2832 5588 ἔτι
2856 5554 2869 5601 ;
2894 5538 2946 5588 τί
2973 5555 3031 5590 π.
3061 5538 3286 5605 τῴίῖυᾱ.
3434 5538 3478 5566 ν’
3516 5548 3566 5597 ν.
3588 5538 3644 5587 ΓΙ.

2126 5605 2257 5661 (Sed.
2364 5606 2411 5636 "
2441 5604 2598 5659 Joan.
2642 5622 2753 5667 XIX,
2788 5608 2840 5659 6.
2918 5607 2962 5638 "'
2990 5605 3097 5661 Jcr.
3130 5620 3227 5671 xtt,
3262 5605 3313 5659 8.
3419 5601 3465 5638 ⁸⁸
3499 5602 3649 5671 λέγει

393 5632 442 5653 ’⁸
479 5632 568 5672 ινα
617 5632 823 5685 ποιησει
876 5632 1004 5669 butt.
1086 5632 1127 5647 "
1156 5632 1336 5686 ασπερ
1371 5632 1491 5670 cou.
1596 5632 1640 5645 "
1669 5632 1755 5667 αν.
1789 5632 1882 5663 επι
1908 5632 1989 5662 ’τοι

393 5691 532 5744 (led.
563 5716 632 5727 -—
654 5687 813 5739 Cant.
853 5701 935 5747 ut,
968 5686 1051 5737 ll.
1129 5688 1173 5717 ”
1207 5690 1304 5754 μὲν
1330 5685 1497 5738 αὐτοῦ
1522 5701 1575 5738 κ.
1609 5699 1659 5737 σ.
1684 5683 1737 5736 λ.
1760 5683 1888 5739 (led.
1967 5681 1983 5712 ¹

2126 5632 2257 5661 υτυσ
2369 5632 2409 5636 ⁷⁷
2441 5632 2598 5659 ὒυὶΙΙΙ.
2642 5632 2753 5667 λιι,
2788 5632 2840 5659 υ.
2920 5632 2958 5638 ’“
2990 5632 3014 5659 J

2097 5695 2149 5732 ιι.
2183 5689 2387 5742 xxxv",
2438 5676 2552 5731 26?
2623 5679 2642 5708 ³
2669 5677 2746 5731 ὲν.
2777 5678 2859 5733 ὲκ.
2887 5676 3019 5733 Ced.

659 5778 928 5840 ΡΑτιιοι..
958 5781 1073 5839 Gn.
1103 5780 1239 5842 CX.

3219 5765 3287 5828 15
