4060 6216
440 275 554 336 ’453

1663 255 1989 317 GEORGII
2034 257 2479 318 l-IAMARTOLI

3599 260 3702 321 £60

453 396 581 443 runt
626 401 655 439 a
693 397 817 445 me;
872 373 1216 431 miserabiles
1248 382 1376 426 sunt
1428 370 1554 439 quia
1596 370 1759 439 impie
1802 377 2018 439 egerunt

2132 370 2267 441 μένη
2322 373 2439 440 καὶ)
2472 371 2817 441 ὲμπαίζουσα
2855 372 3002 440 αὑτῷ
3025 372 3043 403 ³
3080 370 3299 438 ἐλεγενδ
3329 386 3341 399 ·
3388 388 3405 418 ι
3444 370 3645 440 Χαῖρε,
3680 370 3709 420 6

453 482 507 533 in
542 490 649 538 me,
678 482 733 528 et
765 468 904 525 mala
950 468 1004 522 in
1049 482 1137 521 me
1165 464 1557 534 cogitaverunt.
1602 480 1623 513 ι
1667 488 1736 501 -—-
1781 478 1799 512 ι
1841 459 2023 525 Quare

450 572 741 624 devoratus
804 570 889 618 est
938 559 1141 623 lsrael,
1194 567 1247 612 et
1301 555 1370 610 ad
1424 556 1657 610 nihilum
1715 554 2018 618 redactus,

432 670 502 715 et
560 670 818 725 tanquam
876 668 973 707 vas
1022 650 1215 706 inutile
1269 649 1325 702 in
1376 647 1712 703 nationibus.
1766 665 1785 698 ι
1855 646 2022 700 Simi-

451 754 576 807 liter
616 764 671 805 et
730 764 822 818 per
866 744 1157 801 Jeremiam
1206 743 1281 796 ait
1341 760 1357 797 :
1428 759 1446 792 ι
1486 739 1725 794 lnstruet
1764 748 1817 793 te
1863 752 2022 792 aver-

446 846 532 899 sio
583 854 716 907 tua,
769 850 823 893 et
887 837 1093 892 malitia
1148 844 1239 889 tua
1289 832 1593 902 increpabit
1632 840 1685 887 te
1710 866 1729 895 ς,
1780 840 1834 884 et
1881 830 2022 885 scies

440 936 577 1005 quia
627 945 876 987 amarum
933 929 1028 982 tibi
1090 925 1446 995 dereliquisse
1503 934 1556 978 te
1612 937 1743 987 me,
1795 931 1851 975 et
1912 934 2022 975 non

455 1026 664 1098 placuit
699 1024 829 1078 mihi
874 1023 926 1075 in
975 1029 1047 1074 te.
1086 1038 1104 1070 ι
1165 1017 1334 1070 Divus
1374 1023 1428 1069 et
1458 1015 1626 1069 David
1674 1013 1831 1083 quasi
1881 1011 2025 1066 freu-

449 1123 583 1175 dens
630 1130 795 1187 super
839 1127 956 1175 vos,
990 1126 1088 1180 pro
1134 1107 1366 1162 Domino
1395 1105 1650 1160 ludibriis
1696 1103 1893 1158 affecto
1937 1102 2022 1157 sic

451 1214 783 1280 imprecatur
820 1204 1046 1258 dicens:
1087 1219 1104 1251 ι
1140 1198 1516 1255 Obscurentur
1543 1198 1687 1252 oculi
1722 1211 1911 1251 eorum
1955 1209 2023 1248 ne

450 1302 689 1363 videant,
712 1307 762 1351 et
789 1296 1010 1350 dorsum
1033 1306 1221 1346 eorum
1254 1303 1468 1359 semper
1498 1288 1723 1342 incurva
1755 1304 1769 1340 :
1809 1284 2025 1340 eﬂ‘unde

449 1407 612 1464 super
658 1404 753 1446 eos
791 1389 926 1442 iram
976 1395 1148 1448 tuam,
1196 1392 1251 1437 et
1296 1382 1448 1436 zelus
1494 1381 1590 1435 ira:
1627 1390 1729 1434 tuae
1769 1370 2024 1447 compre.

451 1484 651 1540 heudat
673 1495 768 1537 eos
796 1496 810 1531 :
843 1486 896 1533 et
937 1490 1074 1546 pone
1102 1473 1440 1542 iniquitatem
1485 1485 1647 1542 super
1682 1469 2022 1540 iniquitatem

448 1589 661 1639 eorum,
680 1581 849 1627 etnon
870 1569 1071 1622 intrent
1092 1567 1146 1619 in
1167 1565 1432 1632 justitiam
1453 1571 1601 1617 tuam
1623 1578 1637 1617 :
1657 1562 1940 1616 deleantur
1958 1560 2025 1614 de

452 1669 593 1724 libro
638 1660 958 1724 viventium,
1007 1666 1060 1711 et
1110 1671 1233 1711 cum
1263 1655 1427 1725 justis
1472 1670 1581 1709 non
1624 1653 1955 1709 scribantur.
2000 1670 2020 1703 ι

2126 461 2382 531 βασιλεὺς
2425 462 2536 516 τῶν
2566 463 2879 526 Ἰουδαίων,
2912 482 2930 515 ι
2968 463 3101 531 πρὸς
3146 461 3241 524 οὓς
3280 461 3713 531 ἀποτεινόμενος

2136 553 2362 617 Ἡσαΐας
2390 555 2834 623 πληκτικὼτερον
2853 557 2874 587 ⁵
2902 553 3040 625 ἔφη⁸
3067 552 3214 605 ἰἘν
3230 552 3337 605 τίνι
3359 554 3711 623 ἐτρυφήσατε

2124 646 2221 699 καὶ
2270 646 2365 698 ἐπὶ
2409 648 2530 699 τίνα
2564 647 2868 717 ἐχαλάσατε
2908 646 3006 716 τὴν
3039 644 3296 714 γλῶσσαν
3328 644 3513 714 ὑμῶν,
3541 644 3714 701 τέκνα

2125 738 2401 800 ἀπωλείας
2454 739 2549 792 καὶ
2600 738 2824 809 σπέρμα
2874 738 3113 808 ἀνομον;
3168 756 3186 789 ι
3243 736 3412 791 Ὅθεν
3468 738 3635 800 αὐτὸς
3682 740 3712 791 6

2125 831 2330 901 Κύριος
2350 831 2418 884 δι’
2450 832 2608 901 Ὠσηὲ
2629 832 2721 884 τοῦ
2742 832 3024 903 προφήτου
3053 826 3702 901 σχετλιαστικῶςεῖπεντ·

2130 941 2148 973 ι
2186 922 2324 975 Οὐαὶ
2374 922 2580 986 αὐτοῖς,
2627 924 2710 976 ὅτι
2754 922 3113 993 ἀπεπήδησαν
3148 921 3245 974 ἀπ’
3289 921 3443 990 ἐμοῦ,
3475 920 3700 974 δείλαιοί

2124 1014 2284 1075 εἰσιν,
2323 1013 2406 1066 ὅτι
2444 1012 2725 1083 ἠσέϐησαν
2753 1014 2836 1076 είς
2866 1012 2967 1082 ἐμέ
2992 1040 3061 1051 -—
3083 1012 3177 1065 καὶ
3204 1010 3410 1081 πονηρὰ
3454 1012 3532 1074 είς
3588 1011 3688 1079 ἐμὲ

2125 1104 2458 1172 ὲλογίσαντο.
2486 1122 2504 1155 ι
2545 1104 2566 1137 ⁸
2606 1106 2732 1159 «Διὰ
2765 1103 2923 1158 τοῦτο
2970 1104 3246 1173 κατεπόθη
3282 1101 3513 1174 Ἰσραὴλ,
3540 1104 3561 1134 ⁸
3593 1104 3691 1157 καὶ

2123 1197 2203 1258 είς
2232 1196 2382 1249 οὐδὲν
2424 1197 2664 1264 ἐγένετο,
2697 1197 2789 1250 καὶ
2838 1198 2986 1251 ἐστιν
3017 1196 3270 1266 ὥσπερ¹⁶
3304 1195 3490 1257 σκεῦο;
3530 1196 3697 1265 ἀχρη-

2126 1302 2250 1339 στον
2296 1287 2354 1339 ὲν
2409 1286 2566 1355 291
2599 1288 2713 1348 τοῖς
2754 1286 2983 1341 ἔθνεσιν.
3026 1305 3044 1338 ›
3080 1284 3349 1355 (Ὁμοίως
3378 1283 3455 1353 δὲ)
3490 1284 3585 1337 καὶ
3610 1283 3701 1336 διὰ

2136 1378 2401 1448 Ἰερεμίου
2427 1378 2466 1408 ¹¹
2524 1379 2691 1447 φησίν
2715 1377 2759 1409 ¹¹
2786 1392 2801 1407 ’
2837 1396 2855 1429 ι
2898 1375 3185 1431 Παιδεύσει
3211 1392 3268 1429 σε
3317 1376 3349 1444 ἠ
3395 1375 3701 1428 ἀποστασία

2126 1485 2241 1531 σου,
2288 1468 2384 1520 καὶ
2436 1468 2469 1538 ἡ
2522 1467 2696 1521 κακία
2746 1484 2842 1520 σου
2894 1466 3105 1535 ἐλέγξει
3141 1482 3223 1531 σε,
3262 1467 3357 1518 καὶ
3387 1464 3597 1534 γνώσῃ,
3621 1464 3704 1516 ὅτι

2124 1561 2325 1631 πικρόν
2355 1577 2435 1613 σοι
2464 1560 2549 1633 [τὸ
2572 1558 2658 1630 ἐγ]
2695 1559 3015 1613 καταλιπεῖν
3075 1575 3136 1611 σε
3188 1558 3289 1626 ἐμὲ
3323 1555 3439 1626 (καὶ
3461 1557 3562 1610 οὐκ
3603 1556 3709 1625 ηὑ-

2124 1653 2331 1720 δόκησα
2380 1653 2439 1704 ὲν
2482 1650 2618 1720 σοί).
2652 1669 2671 1703 ›
2722 1650 2782 1704 Ὅ
2815 1651 2874 1703 δέ
2903 1667 2965 1718 γε
2996 1649 3135 1711 θεῖος
3165 1647 3351 1713 Δαυῒδ,
3376 1647 3567 1717 ὥσπερ
3591 1645 3708 1699 δια-

630 1756 887 1825 Disperge
929 1716 1027 1804 eos
1067 1748 1121 1801 in
1160 1716 1372 1817 iustitia
1423 1755 1535 1809 tua,
1573 1752 1628 1799 et
1666 1746 1877 1815 depone
1906 1757 2018 1807 eos,

2130 1716 2422 1813 πριάμενος
2460 1716 2583 1794 me;
2629 1741 2805 1810 ὑμῶν,
2833 1716 3111 1810 ἐπαρᾶται
3142 1740 3281 1810 πρὸς
3322 1739 3413 1795 τὸν
3438 1755 3708 1810 παροινη-

452 1855 730 1920 protector
769 1858 944 1908 meus,
974 1840 1221 1894 Domine.
1267 1854 1286 1888 ι
1318 1838 1385 1891 Ει
1416 1836 1945 1905 comprehendantur
1972 1834 2026 1888 in

453 1937 706 2009 superbia
724 1951 844 1997 sua,
887 1934 940 1987 in
974 1932 1054 1985 ira
1083 1927 1597 1989 consummationis,
1628 1935 1683 1980 et
1714 1940 1821 1980 non
1845 1932 2024 1988 erunt,

453 2040 509 2086 et
555 2029 733 2085 scient
775 2026 901 2096 quia
958 2023 1097 2077 Deus
1147 2021 1460 2075 dominator
1507 2016 1678 2072 Jacob
1726 2029 1781 2073 et
1834 2018 2023 2071 liniutn

454 2131 637 2177 terra.
672 2137 690 2170 ι
730 2119 785 2171 ln
834 2116 1036 2185 quibus
1078 2113 1287 2167 scilicet
1336 2110 1530 2164 merito
1578 2110 1810 2178 dispersi
1869 2110 2028 2178 plane

455 2215 791 2279 cognoscent
833 2207 962 2274 quia
1018 2204 1157 2255 Deus
1204 2212 1289 2255 est
1338 2199 1593 2253 Christus
1631 2199 1801 2268 patris
1835 2214 2024 2253 eorum

450 2294 619 2349 Jacob
659 2302 713 2347 et
743 2291 1052 2345 dominatur
1083 2289 1136 2341 in
1164 2301 1359 2341 omnes
1388 2294 1443 2339 et
1475 2286 1566 2340 dat
1605 2287 1902 2354 unicuique
1936 2302 2025 2341 se-

452 2386 691 2441 cundum
722 2396 886 2451 Opera
935 2394 1054 2434 sua.
1110 2377 1200 2431 Sic
1240 2376 1332 2429 Dei
1370 2376 1745 2432 manifestatur
1786 2376 2020 2447 Moyses,

453 2487 581 2534 ante
610 2474 979 2547 perstringens
1008 2479 1063 2525 et
1089 2479 1286 2524 notans
1321 2484 1417 2523 vos
1440 2478 1497 2522 ut
1523 2470 1918 2524 abominabiles
1971 2478 2023 2523 et

452 2568 773 2636 insipientes
817 2573 873 2619 et
924 2564 1169 2632 ingratos
1201 2600 1216 2625 ,
1275 2559 1413 2613 dixit
1454 2577 1468 2613 :
1530 2576 1549 2612 ι
1601 2560 1721 2614 Filii
1766 2576 2019 2630 nequam,

454 2658 736 2729 generatio
777 2669 938 2724 prava
966 2661 1020 2708 et
1058 2666 1332 2722 perversa,
1362 2652 1604 2707 haeccine
1639 2652 1866 2707 Domino
1896 2653 2022 2706 red-

447 2750 626 2805 dunt?
665 2746 772 2803 iste
826 2747 1057 2816 pepulus
1101 2744 1299 2798 stultus
1330 2751 1383 2796 et
1412 2743 1718 2812 insipiens;
1759 2758 1867 2797 non
1907 2743 2023 2812 ipse

449 2839 541 2893 hic
556 2836 716 2892 Pater
736 2845 864 2891 tuus
887 2833 1128 2904 possedit
1160 2844 1210 2886 te
1238 2843 1293 2888 et
1324 2830 1450 2886 fecit
1473 2841 1527 2887 et
1552 2832 1844 2900 plasmavit
1876 2832 1967 2887 te?
1997 2851 2015 2884 ι

450 2925 602 2983 Unde
632 2925 776 2995 juste
811 2924 1050 2992 loquitur
1079 2919 1221 2975 Deus
1254 2936 1270 2977 :
1311 2939 1330 2971 ι
1372 2919 1510 2985 Dixi,
1554 2917 1866 2990 Dispergam
1901 2936 2017 2986 eos,

2130 1835 2292 1888 Θέντα
2324 1835 2526 1904 Κύριον
2558 1833 2795 1901 λέγωνη
2826 1850 2840 1865 θ
2886 1852 2903 1884 ι
2936 1833 3388 1904 Σκοτισθήτωσαν
3416 1832 3467 1885 οἱ
3510 1831 3709 1901 6:903).-

2132 1928 2224 1996 μοὶ
2276 1926 2456 1979 αὐτῶν
2505 1926 2599 1978 τοῦ
2647 1926 2721 1996 μὴ
2772 1924 3014 1994 βλέπειν,
3044 1924 3267 1979 καὶτὸν
3316 1924 3484 1979 νῶτον
3523 1923 3708 1977 αὐτῶν

2127 2020 2216 2072 διά
2245 2018 2447 2080 παντδς
2478 2017 2834 2088 σύγκαμψον·
2868 2019 3059 2087 ἔκχεον
3088 2018 3389 2080 ὲπάὑτοὺς
3413 2017 3511 2088 τὴν
3530 2017 3708 2088 ὀργήν

2129 2125 2247 2173 σου,
2279 2109 2374 2161 καὶ
2393 2108 2421 2158 6
2441 2108 2613 2178 θυμὸς
2640 2110 2738 2176 τῆς
2762 2108 2931 2178 ὀργῆς
2964 2125 3059 2161 σου
3087 2108 3448 2161 “causam
3470 2107 3671 2168 αὐτούς
3688 2122 3707 2139 ·

2128 2202 2266 2272 (καὶ)
2294 2200 2531 2271 πρόσθες
2553 2200 2783 2270 ἀνομίαν
2806 2202 2899 2253 ἐπὶ
2926 2200 3025 2270 τὴν
3048 2200 3278 2270 ἀνομίαν
3302 2201 3345 2233 ³⁸
3379 2198 3586 2264 αὐτῶν,
3607 2199 3711 2252 καὶ

2129 2292 2205 2362 μὴ
2252 2292 2645 2345 είσελθέτωσαν
2681 2293 2739 2345 ὲν
2769 2292 3087 2363 δικαιοσύνῃ
3136 2306 3265 2345 σου⁶
3301 2291 3710 2360 ὲξαλειφθήτωο

2128 2400 2227 2436 σαν
2255 2385 2319 2435 ὲκ
2345 2382 2528 2453 βίϐλου
2563 2382 2803 2449 ζώντων,
2830 2386 2920 2436 καὶ
2956 2384 3099 2455 μετά
3127 2383 3354 2438 δικαίων
3386 2383 3461 2455 μὴ
3485 2385 3707 2453 γραφή-

2124 2490 2345 2528 τωσαν’
2399 2494 2417 2525 ι
2486 2475 2579 2529 καί
2603 2476 2680 2507 ⁸⁸·
2743 2494 2762 2527 ι
2819 2477 3219 2547 Διασκόρπισον
3272 2477 3470 2541 αὐτοὺς
3522 2478 3579 2529 ἐν
3633 2479 3704 2545 τῇ

2122 2567 2441 2638 δικαιοσύνῃ
2459 2584 2552 2620 σου
2576 2568 2670 2621 καὶ
2693 2569 2969 2622 κατάϐαλε
2999 2570 3260 2633 αὑτοὺς,ὁ
3284 2570 3706 2640 ὑπερασπιστὴς

2126 2677 2249 2730 μου,
2280 2659 2472 2730 Κύριε.
2505 2678 2524 2711 ι
2558 2689 2628 2702 -
2664 2679 2682 2712 ι
2706 2661 2813 2714 Καὶ
2844 2662 3302 2733 συλληφθήτωσαν
3325 2665 3383 2714 ἐν
3403 2665 3465 2732 τῇ
3495 2662 3706 2733 ὑπερη-

2123 2752 2291 2822 φανίᾳ
2322 2751 2504 2805 αὐτῶν
2529 2781 2596 2791 -
2614 2752 2671 2804 ὲν
2699 2752 2837 2823 ὀργῇ
2873 2752 3208 2818 συντελείας,
3224 2755 3318 2806 καὶ
3337 2754 3397 2806 οὐ
3424 2752 3499 2823 μὴ
3523 2753 3707 2824 ὑπάρο

2124 2842 2300 2908 ξουσι,
2332 2844 2425 2895 καὶ
2460 2840 2790 2911 γνώσονται,
2823 2843 2907 2896 ὅτι
2957 2843 2985 2896 6
3021 2842 3153 2906 Θεὸς
3176 2843 3425 2907 δεσπόζει
3453 2841 3547 2896 τοῦ
3588 2842 3703 2896 ἰα-

2131 2934 2247 2987 κὼὸ
2282 2936 2378 2989 καὶ
2408 2934 2518 2987 τῶν
2551 2935 2803 3005 περάτων
2858 2935 2957 3006 τῆς
3004 2936 3138 3004 γῆς·
3173 2952 3192 2986 ι
3228 2934 3312 3003 ἐφ’
3428 2934 3703 3004 δήπουθεν

446 3031 663 3074 cessare
698 3015 894 3070 faciam
928 3012 996 3067 ab
1032 3011 1348 3065 hominibus
1375 3010 1695 3065 memoriam
1737 3026 1952 3066 eorum.
1994 3029 2013 3064 ι

2126 3026 2259 3097 (καὶ)
2310 3025 2701 3095 διασπαρέντες
2731 3026 2956 3089 ἐνδίκως
2984 3024 3384 3093 ἐπιγνώσονται
3440 3026 3661 3088 πάντως
3682 3066 3698 3092 ,

451 3108 837 3164 Verumtamen
894 3103 1131 3170 inclytus
1178 3100 1445 3156 Jeremias
1512 3100 1714 3156 clarius
1773 3102 2018 3157 indicans

2124 3118 2297 3189 61:.(6)
2316 3117 2450 3181 Θεός
2477 3119 2591 3171 ἔστι
2621 3118 2857 3187 Χριστὸς
2896 3117 2993 3170 τοῦ
3031 3118 3239 3191 πατρὸς
3285 3116 3466 3172 αὐτῶν
3502 3117 3701 3171 Ἰλκὼσ

445 3198 572 3268 quis
623 3213 651 3251 ο
697 3195 849 3250 vobis
899 3192 1014 3246 hiBC
1076 3206 1271 3259 passus
1292 3190 1395 3256 sit,
1454 3190 1722 3245 exclamat
1768 3192 1960 3248 dicens
2004 3209 2019 3246 :

452 3309 472 3341 ι
514 3288 752 3356 Spiritus
779 3292 906 3338 ante
935 3281 1131 3334 faciem
1167 3288 1427 3344 vestram,
1461 3280 1714 3339 Christus
1754 3283 2020 3343 Dominus

448 3387 644 3444 captus
665 3384 749 3427 est
779 3372 836 3425 in
868 3368 1114 3438 peccatis
1145 3368 1365 3431 vestris,
1409 3369 1475 3423 de
1504 3385 1614 3438 quo
1637 3373 1877 3429 diximus
1904 3393 1919 3430 :
1960 3378 2018 3429 ln

447 3467 643 3522 umbra
702 3463 824 3532 ejus
869 3462 1139 3514 vivemus.
1175 3477 1195 3511 ι
1266 3457 1420 3512 Talia
1482 3462 1700 3529 quidem
1762 3464 2017 3521 Salomon

448 3570 643 3611 rursus
684 3565 971 3623 personam
1010 3556 1269 3615 vestram,
1301 3550 1396 3618 qui
1428 3565 1483 3604 in
1514 3551 1679 3606 Deum
1707 3553 2014 3626 luctamini,

445 3658 736 3700 assumens
773 3640 1030 3697 distincte
1059 3640 1415 3707 vaticinatur,
1458 3642 1649 3699 dicens
1682 3660 1696 3700 ι
1736 3664 1756 3699 ι
1788 3644 2019 3706 insidie-

446 3754 570 3794 mur
600 3737 768 3808 justo,
804 3735 1061 3804 quoniam
1105 3734 1369 3790 molestus
1392 3744 1475 3790 est
1503 3738 1685 3805 nobis,
1713 3748 1765 3795 et
1798 3754 2017 3799 contra-

445 3831 578 3887 dicit
604 3830 862 3899 operibus
895 3827 1118 3889 nostris,
1158 3836 1213 3881 et
1254 3827 1586 3897 improperat
1611 3833 1770 3888 nobis
1796 3847 2016 3903 peccata

443 3920 579 3991 legis
616 3936 631 3973 :
663 3916 930 3987 promittit
958 3929 1017 3970 se
1045 3916 1328 3972 scientiam
1360 3916 1453 3972 Dei
1491 3920 1714 3988 habere,
1761 3933 1816 3979 et
1845 3926 2015 3982 [ilium

441 4009 537 4065 Dei
565 4025 625 4064 se
655 4008 901 4064 nominat
930 4025 945 4060 :
970 4006 1146 4063 factus
1167 4016 1252 4062 est
1283 4008 1439 4064 nobis
1476 4010 1529 4064 in
1561 4012 2011 4082 vituperationem

443 4104 837 4172 cogitationum
871 4108 1181 4155 nostrarum
1209 4117 1224 4154 ξ
1257 4101 1439 4170 gravis
1465 4113 1547 4157 est
1580 4106 1738 4161 nobis
1755 4109 1919 4163 etiam
1947 4113 2014 4167 ad

443 4194 766 4255 videndum,
800 4192 1063 4261 quoniam
1092 4188 1376 4244 dissimilis
1408 4202 1492 4244 est
1528 4192 1653 4249 aliis
1686 4196 1794 4250 vita
1828 4197 2011 4254 illius:

439 4283 820 4339 etimmutatae
842 4283 945 4336 viae
967 4279 1119 4350 ejus:
1149 4278 1203 4332 in
1231 4277 1509 4334 fallaciam
1542 4282 1794 4339 aestimati
1820 4301 2013 4344 sumus

2126 3212 2241 3279 (καὶ
2272 3210 2519 3281 κυριεύει
2551 3210 2620 3264 τὰ
2650 3209 2960 3279 σύμπαντα,
2996 3211 3089 3264 καὶ
3119 3212 3443 3266 ἀποδίδωσιν
3478 3212 3701 3281 ἑκάστῳ

2125 3300 2267 3352 κατὰ
2299 3301 2367 3353 τὰ
2398 3299 2536 3369 ἔργα
2565 3300 2777 3371 αὐτοῦ).
2819 3300 2977 3354 uina)
3007 3318 3073 3369 γε
3114 3301 3223 3373 μὴν
3262 3305 3358 3357 καὶ
3399 3305 3427 3355 6
3467 3301 3701 3371 θεοφάν-

2121 3407 2236 3461 τωρ
2256 3392 2295 3424 ¹⁷
2338 3393 2583 3463 Μωῦσῆς
2618 3394 3164 3465 (προκαθαπτόμενος
3210 3397 3326 3467 καὶ)
3363 3395 3701 3467 στηλιτεύων

2122 3481 2263 3551 ὑμᾶς
2287 3482 2362 3546 ὡς
2380 3482 2668 3555 βδελυροὺς
2685 3486 2775 3538 καὶ
2795 3486 3037 3555 ἄφρονας
3054 3488 3147 3540 καὶ
3164 3487 3485 3559 ἀγνώμονας
3506 3488 3612 3561 ἔφη
3629 3490 3698 3522 ¹⁸’

2128 3590 2145 3625 ι
2184 3574 2362 3626 Τέκνα
2398 3575 2663 3645 μωμητὰ,
2694 3577 2858 3644 γενεὰ
2889 3578 3080 3632 σκολιά
3130 3580 3224 3633 καὶ
3258 3580 3696 3653 διεστραμμένη.

2118 3664 2293 3719 ταῦτα
2343 3667 2533 3737 Κυρίῳ
2586 3668 3008 3724 ἀνταποδίδωσιν
3033 3670 3112 3737 ¹⁹;
3144 3665 3298 3736 οὗτος
3333 3673 3458 3736 λαὸς
3503 3676 3693 3745 μωρὸς

2121 3758 2212 3810 καὶ
2249 3758 2370 3829 οὐχὶ
2420 3758 2618 3828 σοφός’
2653 3761 2755 3814 οὐκ
2800 3759 3148 3834 αὐτδςρῦτός
3183 3782 3276 3818 σου
3309 3764 3499 3837 Πατὴρ
3525 3767 3698 3839 ἐκτή-

2120 3852 2248 3905 σατό
2294 3869 2354 3906 σε
2409 3855 2503 3907 καὶ
2532 3853 2759 3925 εποίησε
2804 3858 2899 3910 καὶ
2930 3858 3133 3911 ἔπλασε
3177 3875 3274 3923 σε;
3316 3878 3335 3910 ι
3378 3859 3696 3915 Κάντεῦθεν

2117 3943 2341 4002 εἰκότως
2359 3943 2522 4012 φησὶν
2542 3943 2569 3996 6
2602 3943 2734 4009 Θεός
2756 3947 2803 3977 ¹⁰
2828 3964 2841 3979 ’
2867 3970 2885 4000 ι
2929 3943 3117 4013 Εἶπον,
3147 3952 3351 4003 Διασπε
3363 3950 3439 4018 ρῶ
3467 3952 3692 4016 αὐτοὺς,

2119 4033 2311 4086 παύσω
2332 4033 2397 4104 δὴ
2426 4034 2483 4100 ἐξ
2507 4035 2815 4106 ἀνθρώπων
2842 4039 2903 4092 τὸ
2928 4042 3275 4111 μνημόσυνον
3299 4042 3503 4098 αὐτῶν.
3527 4061 3547 4095 ο
3582 4044 3695 4098 Καὶ

2121 4122 2302 4192 μέντοι
2337 4126 2433 4178 καὶ
2462 4127 2490 4178 6
2522 4126 2734 4189 κλεινὸς
2771 4129 3045 4202 Ἱερεμίας
3085 4135 3341 4203 μᾶλλον⁸¹
3379 4136 3693 4205 σαφηνίζων

2117 4212 2198 4276 τίς
2225 4206 2381 4278 οὗτός
2413 4217 2560 4271 ἐστιν
2585 4220 2613 4272 6
2641 4219 2814 4274 ταῦτα
2852 4222 3140 4287 πεπονθὼς
3180 4226 3275 4294 ἀφ’
3311 4227 3485 4297 ὑμῶν,
3518 4227 3692 4298 ικδοᾷ

2117 4304 2289 4373 λέγων
2307 4307 2350 4337 ³⁸
2374 4322 2387 4337 ⁸
2421 4326 2439 4358 ι
2466 4309 2686 4379 Πνεῦμα
2714 4314 2818 4382 πρὸ
2850 4315 3138 4385 προσώπου
3162 4318 3339 4389 ὑμῶν,
3355 4320 3591 4391 Χριστὸς
3617 4320 3689 4390 (ὁ)

438 4376 659 4442 abillo,
702 4388 756 4431 et
788 4376 1026 4431 abstinet
1071 4389 1130 4430 se
1164 4387 1193 4426 a
1237 4373 1337 4426 viis
1377 4376 1580 4432 nostris
1631 4386 1888 4450 tanquam
1943 4384 2011 4438 ab

2123 4368 2345 4465 Ktiptog,
2369 4368 2677 4471 omniququ
2705 4368 2768 4455 ἐν
2780 4368 2904 4468 ταῖς
2921 4368 3605 4481 augeamus—‘13:,
3618 4368 3687 4464 ξέ

439 4467 855 4523 immunditiis:
910 4466 1181 4520 beatificat
1247 4473 1431 4518 autem
1484 4469 1785 4525 novissima
1831 4474 2011 4543 justo-

437 4572 586 4621 rum,
618 4566 674 4611 et
705 4555 971 4623 gloriatur
1004 4554 1215 4608 Patrem
1255 4568 1314 4607 se
1341 4553 1543 4610 habere
1565 4554 1732 4614 Deum
1772 4579 1788 4619 :
1826 4564 2009 4620 videa-

434 4662 559 4704 mus
584 4647 634 4701 si
667 4659 954 4701 sermones
1000 4644 1147 4699 illius
1176 4642 1291 4698 veri
1322 4643 1470 4708 sint,
1507 4655 1563 4701 et
1589 4658 1859 4709 tentemus
1884 4671 2005 4725 qua:

432 4748 662 4795 ventura
687 4747 816 4793 sunt
840 4736 941 4791 illi.
985 4734 1045 4790 Si
1088 4737 1234 4790 etaim
1268 4745 1352 4789 est
1389 4735 1575 4805 justus
1599 4751 1653 4796 et
1690 4742 1861 4803 Filius
1888 4749 2004 4815 Dei,

424 4829 696 4899 rmcipiet
718 4825 968 4896 illum,:et
988 4827 1236 4882 liberabit
1255 4842 1382 4884 eum
1403 4830 1470 4886 de
1487 4847 1651 4888 manu
1670 4837 2008 4896 adversario-

430 4938 578 4977 rum.
599 4920 944 4977 Contumelia
971 4927 1027 4975 et
1047 4928 1320 4976 tormento
1343 4921 1747 4995 interrogemus
1767 4944 1916 4997 eum,
1947 4944 2006 4988 ut

432 5017 672 5073 sciamus
705 5014 1063 5071 reverentiam
1085 5013 1229 5083 ejus,
1269 5022 1323 5067 et
1356 5014 1653 5085 probemus
1680 5021 2001 5088 patientiam

2114 4487 2350 4558 εἴπαμεν
2366 4490 2411 4521 ’³
2438 4507 2451 4520 ’
2498 4492 2585 4545 Ἐν
2612 4497 2676 4565 τῇ
2706 4497 2835 4566 σκιᾷ
2858 4498 3022 4552 αὑτοῦ
3049 4500 3352 4570 ζησὰμεθα.
3381 4520 3401 4553 ι
3444 4502 3687 4557 Τοιαῦτα

2110 4580 2242 4648 γοῦν
2267 4584 2364 4636 καὶ
2381 4583 2427 4613 ⁸⁸
2453 4584 2705 4655 Σολομὼν
2733 4584 2891 4652 αὖθις
2920 4592 2985 4643 ὲκ
3019 4591 3110 4662 (78
3133 4592 3180 4662 δ)
3201 4594 3496 4664 προσώπου
3525 4595 3686 4665 ὑμῶν

2111 4671 2221 4726 τῶν
2240 4672 2555 4757 ’θεομάχων
2586 4678 2887 4751 διαρρήδην
2937 4684 3341 4755 προαγορεύει,
3370 4687 3597 4757 φάσκων
3611 4690 3679 4721 ¹³’

2118 4781 2136 4813 ι
2188 4745 2624 4839 Ἐ’νεδρεύσωμεν
2654 4745 2937 4843 £92ka
2979 4745 3188 4831 δίκαιον
3233 4745 3684 4850 ὄτιδίὶσχρηστος

2112 4854 2245 4922 ἡμῖν
2299 4856 2417 4910 ἐστι
2464 4861 2557 4913 καὶ
2606 4862 2950 4917 ἐναντιοῦται
2998 4869 3111 4930 τοῖς
3171 4867 3354 4939 ἔργοις
3384 4872 3547 4941 ἡμῶν
3587 4874 3685 4927 καὶ

2109 4945 2356 5010 ὀνειδίζει
2391 4950 2521 5021 ἡμῖν
2544 4952 2589 4983 ’⁸
2618 4953 2995 5025 ἁμαρτήματα
3023 4959 3191 5030 νόμου
3222 4963 3314 5015 καὶ
3340 4963 3682 5031 ἐπαγγέλλε-

2109 5052 2198 5088 ται
2233 5038 2436 5104 γνῶσιν
2486 5042 2632 5113 ἔχειν
2682 5044 2817 5099 Θεοῦ
2865 5050 2957 5101 καὶ
2992 5052 3203 5104 παιδίον
3234 5054 3443 5124 Κυρίου
3483 5056 3688 5109 ἑαυτὸν

1587 5154 1789 5220 Variae
1827 5160 2136 5233 lectiones
2179 5178 2241 5234 et
2286 5182 2474 5239 notae.

500 5260 522 5290 ⁹
544 5258 705 5313 αὐτόν
727 5256 849 5370 (ξοδ.
927 5254 949 5287 ⁸
975 5253 1131 5310 Joan.
1165 5268 1273 5321 xtx,
1308 5256 1362 5311 5.
1439 5256 1463 5288 ⁸
1512 5258 1700 5315 ὲπιπλ.
1749 5265 1879 5324 Ced.
1959 5274 1979 5305 ⁸
2013 5274 2018 5328 l

2161 5294 2291 5346 Lvn,
2346 5284 2392 5336 ι.
2468 5285 2488 5314 ’
2526 5282 2622 5340 0s.
2661 5301 2758 5352 vn,
2793 5288 2952 5351 15,15
3024 5293 3045 5324 ⁸
3070 5294 3164 5347 καί
3194 5294 3321 5351 add.
3354 5295 3483 5352 Ced.
3518 5298 3683 5370 Ίλήμ

427 5355 571 5407 5|“,
609 5352 701 5407 sed
732 5336 939 5412 ’νη-πων.
1048 5351 1069 5381 ⁸
1104 5349 1198 5403 Os.
1229 5366 1343 5418 vni,
1371 5352 1426 5409 8.

1534 5356 1577 5387 ιο
1602 5360 1690 5387 ,μή
1721 5361 1797 5387 ει-.
1832 5365 1858 5387 ,ο

427 5360 571 5407 Slav.
609 5360 701 5407 sed
732 5360 939 5412 Ἴθι-πων.
1048 5360 1069 5381 '
1104 5360 1198 5403 Us.
1229 5366 1343 5418 vm,
1371 5360 1426 5409 8.
1534 5360 1577 5387 ι’
1602 5360 1695 5413 καὶ
1719 5361 1798 5417 ὅτι
1827 5365 1893 5420 ὠ.
1925 5366 2059 5426 Ced.
2167 5375 2209 5405 “
2236 5375 2398 5431 πάλιν
2428 5380 2553 5435 add.
2587 5380 2717 5436 Ced.
2824 5385 2838 5413 ¹

422 5420 1384 5510 ἕδοὲκῗῖνὲδμζῗῇἓταιλάέῗῐιβεεί·
1429 5426 1508 5510 .¹⁸
1539 5430 1601 5510 Eii
1623 5432 1849 5510 κάνομίιι
1897 5442 2017 5494 cod.
2097 5443 2254 5499 "Ps.
2289 5462 2397 5510 ιιι.
2426 5449 2609 5505 11-15.
2690 5450 2845 5504 "ea

425 5491 480 5566 Ξ,
504 5478 564 5566 62
594 5478 608 5486 ⁷
640 5478 1116 5566 ’ν’ἀνταποδέδοτεέ
1146 5478 1299 5566 velut.
1334 5494 1466 5566 (Sed.
1542 5478 2111 5566 ’δίλοιινιῗῖκὶἷιῗὲᾶ
2165 5478 2230 5546 Ἤ

424 5550 648 5639 pf???“
672 5559 1157 5639 itﬁuiinouhqpébv
1197 5550 1429 5639 Χριστὸς
1481 5550 1789 5639 mpure";
1820 5550 2111 5633 ῐιῦἒὶῖὶῖί⁹⁶

424 5624 608 5687 12-20.
683 5626 727 5656 ’⁸
752 5628 898 5695 ἡμᾶς
955 5624 1083 5685 Εέἁ.
1116 5660 1186 5672 ——
1216 5624 1420 5705 ἁμαρτί
1468 5624 1590 5693 σοιιζ
1633 5624 2018 5714 ἁμαρτίας-ἷζε

2123 5684 2161 5693 -
2195 5624 2502 5728 ξὶᾇφῖῐέἓ

2167 5375 2209 5461 1:
2236 5375 2398 5431 πάλιν
2428 5380 2730 5461 add_._Ced_._
2757 5450 2779 5461 _
2824 5384 2869 5461 ξ’
2902 5387 3019 5442 Jer.
3041 5403 3134 5461 -ιι,
3161 5390 3242 5444 19.
3320 5392 3365 5425 ⁸³
3398 5391 3487 5448 Ps.
3522 5410 3676 5461 un,

2129 5458 2254 5499 ινδ.
2289 5462 2397 5510 us,
2426 5458 2609 5505 11-15.
2690 5458 2730 5482 "
2755 5458 2989 5525 θεόπτης
3027 5458 3159 5513 Ced.
3237 5463 3280 5494 ⁸⁸
3304 5463 3465 5520 Deut.
3498 5458 3677 5532 sunt;

2129 5585 2172 5616 ιι
2188 5516 2601 5616 Ἴθωμῳὲἶιῗᾳῗῖ
2625 5519 2767 5616 Serd'
2834 5526 2891 5616 ι...
2994 5528 3142 5616 κλῇε(
3165 5530 3301 5616 ἐξεφ
3332 5533 3569 5616 “Erg”.
3603 5535 3684 5589 ευ

2201 5589 2594 5676 οῩΔκμείπωμεν
2621 5594 2741 5650 ροιί.
2834 5595 2878 5626 ’⁵
2917 5599 2944 5649 ὁ
2984 5589 3109 5653 add.
3163 5600 3293 5657 Ced.
3373 5603 3416 5635 "
3443 5589 3574 5676 δορί
3608 5622 3675 5669 ιι.
