4088 6224
344 321 439 387 461

342 532 437 585 καὶ
474 529 646 601 βαρύς
691 531 841 583 ἐστιν
873 532 1006 601 ἡμῖν
1039 533 1136 586 καὶ
1177 533 1529 604 βλεπόμενος,
1562 536 1643 588 ὅτι
1673 536 1928 605 ἀνόμοιος

342 625 454 685 τοῖς
489 621 673 683 ἄλλοις
724 622 877 673 ἐστὶν
899 623 943 654 ⁸⁷
980 623 1008 674 ὁ
1032 622 1145 692 βίος
1186 623 1353 676 αὑτοῦ
1401 626 1495 678 καὶ
1531 624 1929 695 ἐξηλλαγμέναι

341 718 396 770 αί
427 716 613 785 τρίϐοι
642 714 813 769 αὑτοῦ
839 731 854 745 ·
889 717 969 778 είς
1002 715 1261 786 κίϐδηλον
1277 718 1322 747 ’⁸
1358 717 1724 787 ἐλογίσθημεν
1755 718 1925 790 αύτῷ,

341 807 429 859 καὶ
473 806 744 874 ἀπέχεται
777 806 889 858 τῶν
918 806 1056 859 ὁδῶν
1101 806 1259 877 ἡμῶν
1288 806 1363 869 ὠς
1393 808 1500 860 άπὸ
1530 809 1885 879 ἅκαθαρσιῶν
1912 826 1927 840 ο

344 897 642 967 μακαρίζει
669 897 726 951 δὲ
761 897 965 967 ἔσχατα
1007 898 1233 950 δικαίων
1263 900 1357 951 καὶ
1392 899 1779 963 άλαζονεύεται
1819 902 1929 954 Πα-

340 991 475 1060 τέρα
516 990 672 1044 Θεόν.
714 990 946 1060 Ἴδωμεν
975 993 1024 1043 εἰ
1055 992 1104 1043 οἱ
1136 990 1287 1059 λόγοι
1319 993 1487 1045 αὑτοῦ
1541 996 1679 1047 εἰσιν
1708 994 1929 1065 ἀληθεῖς

346 1086 442 1135 καὶ
492 1082 851 1152 πειράσωμεν
880 1085 947 1137 τὰ
1002 1084 1234 1139 ἑκϐάσια
1258 1090 1303 1119 ’ν
1335 1086 1527 1140 αὑτοῦ.
1558 1088 1620 1139 Εἰ
1652 1088 1761 1156 γάρ
1814 1089 1931 1139 ἐστι

345 1175 557 1238 δίκαιος
591 1176 686 1227 καὶ
708 1174 837 1237 Υἱὸς
870 1174 1030 1239 Θεοῦ,
1064 1176 1425 1245 ἀντιλήψεται
1452 1178 1617 1229 αὑτοῦ
1651 1181 1748 1231 καὶ
1768 1178 1931 1247 ῥύσε-

350 1285 442 1320 ται
484 1269 646 1320 αὑτὸν
700 1270 765 1321 ἐκ
804 1269 989 1338 χειρὸς
1019 1269 1456 1340 ἀνθεστηκότων.
1492 1272 1803 1341 ’Υϐρεικαὶ
1838 1271 1933 1340 βσ-

352 1360 502 1428 σάνῳ
529 1360 815 1429 ὲτάσωμεν
841 1360 885 1391 ³⁰
917 1361 1105 1425 αὑτὸν,
1139 1361 1226 1415 ἴνα
1255 1362 1473 1431 γνῶμεν
1501 1362 1599 1433 τὴν
1633 1362 1933 1415 ἐπιείκειαν

346 1450 513 1505 αὐτοῦ
595 1451 690 1503 καὶ
751 1450 1136 1521 δοκιμάσωμεν
1186 1454 1286 1522 τὴν
1336 1454 1690 1520 ἀνεξικακίαν
1726 1454 1931 1507 αὑτοῦ⁸

348 1543 567 1612 θανάτῳ
605 1545 877 1614 άσχήμονι
909 1545 1365 1617 καταδικάσωμεν
1410 1546 1574 1599 αὑτὸν
1605 1548 1700 1601 καὶ
1732 1547 1932 1617 ἴδωμεν

346 1642 398 1691 εί
430 1639 588 1693 ἔσται
625 1638 774 1707 αύτῷ
831 1641 1106 1712 ἐπισκοπή
1156 1642 1219 1692 ἐκ
1255 1641 1428 1708 λόγων
1460 1640 1648 1696 αὑτοῦ.
1686 1659 1705 1692 ›
1735 1671 1804 1681 --
1832 1636 1934 1694 Ὧν

350 1732 451 1803 τὴν
480 1732 786 1802 παράνοιαν
810 1733 853 1763 ³¹
894 1734 988 1785 καὶ
1021 1733 1346 1803 δυσμένειαν
1387 1733 1445 1787 εὖ
1477 1734 1624 1804 μάλα
1657 1752 1932 1805 κατακερ·
1963 1786 2010 1844 Β

354 1842 400 1844 μί
439 1824 530 1844 κτη
593 1825 838 1844 εκεζμ-η---
870 1826 953 1844 II-
1051 1826 1093 1844 fl"
1138 1824 1195 1844 *κ
1284 1827 1360 1844 ιι..
1416 1826 1454 1844 I,
1551 1843 1556 1844 ,
1715 1827 1728 1844 \
1767 1829 1779 1844 ὶ
1836 1827 1854 1844 κ

347 1824 533 1894 Ιτομῶν
590 1825 841 1894 ἐπήγαγε
869 1826 911 1856 ³¹
941 1840 954 1854 ο
995 1844 1013 1875 ‹
1051 1824 1238 1878 Ταῦτα
1281 1826 1599 1893 ὲλογίσαντο
1641 1827 1736 1879 καὶ
1763 1827 1933 1879 ὲπλα-

349 1916 619 1985 νήθησαν,
667 1915 1029 1985 ἁπετύφλωσε
1062 1916 1168 1986 γάρ
1205 1916 1404 1979 αὐτοὺς
1451 1918 1484 1988 ή
1516 1920 1683 1970 κακία
1715 1919 1897 1971 αὐτῶν
1919 1934 1932 1947 ο

353 2011 447 2061 καὶ
499 2009 601 2062 οὐκ
632 2008 878 2075 ἔγνωσαν
920 2011 1200 2079 μυστήρια
1247 2008 1403 2062 Θεοῦ.
1446 2028 1463 2060 ι
1502 2009 1609 2073 Οὓς
1660 2011 1725 2081 δὴ
1777 2012 1871 2064 καὶ
1909 2010 1936 2061 ὁ

352 2099 644 2164 θεσπέσιος
705 2100 937 2162 Ἠσαῖας
994 2100 1211 2169 θρηνῶν
1269 2099 1607 2169 συνᾳδόντως
1660 2099 1806 2167 λέγει
1850 2099 1933 2130 ⁸³⁸

357 2212 377 2245 ι
423 2194 560 2246 Ούαὶ
600 2195 665 2263 τῇ
699 2193 849 2263 ψυχῇ
881 2191 1082 2255 αὐτῶν,
1125 2192 1260 2245 διότι
1310 2192 1701 2246 ἐϐουλεύσαντο
1742 2192 1938 2263 βουλὴν

355 2284 600 2353 πονηράν
631 2282 757 2335 καθ’
802 2283 1036 2349 ἑαυτῶν,
1081 2285 1363 2347 εἰπόντεςο
1415 2285 1682 2355 Δήσωμεν
1723 2285 1814 2338 τὸν
1858 2285 1938 2337 δί-

356 2387 532 2434 καιον,
562 2372 643 2425 ὅτι
671 2372 1011 2442 δύσχρηστος
1037 2375 1171 2443 ἡμῖν
1197 2376 1366 2429 ἐστιν.
1401 2393 1419 2426 ι
1451 2374 1731 2428 Δέδεικται
1761 2376 1940 2429 τοίνυν

353 2462 737 2532 ἐναργέστατα
792 2457 871 2537 (ὧί
906 2463 1214 2535 θεομάχοι),
1252 2467 1284 2535 ή
1323 2466 1471 2518 αἰτία
1515 2466 1618 2535 τῆς
1650 2465 1803 2537 ὑμῶν
1834 2465 1941 2518 ἀπὸ

353 2552 495 2604 θεοῦ
528 2536 940 2623 ἀλλοτριώσεως
979 2557 1072 2609 καὶ
1104 2556 1549 2626 ἐγκαταλείψεως
1588 2558 1684 2611 καὶ
1717 2559 1816 2629 τῆς
1858 2557 1938 2610 δι-

353 2644 590 2712 ηνεκοῦς
647 2644 743 2698 καὶ
794 2647 1104 2717 ἀπεράντου
1153 2648 1561 2719 ταλαιπωρίας,
1610 2653 1769 2719 εἴπερ
1817 2650 1942 2719 βού-

356 2739 519 2789 λεσθε
557 2737 600 2770 ⁸⁸
629 2739 922 2802 ἀκούοντες
964 2742 1286 2810 ἐπιγνῶναι.
1312 2742 1357 2775 ³⁵
1388 2744 1499 2813 (ll)
1532 2745 1642 2797 Καὶ
1688 2743 1817 2813 περὶ
1844 2744 1941 2813 μὲν

356 2831 460 2900 τῆς
491 2834 550 2883 ὲν
574 2831 854 2887 Βαϐυλῶνι
875 2833 1248 2904 αἰχμαλωσίας
1269 2836 1425 2905 ὑμῶν
1453 2836 1793 2906 ὡρισμένους
1814 2841 1941 2907 χρῦ-

359 2940 485 2986 νους
518 2921 672 2978 εἷπον
702 2926 752 2977 οἱ
776 2927 1075 2996 προφῆται,
1097 2928 1191 2979 καί
1230 2928 1329 2997 μέν
1376 2945 1438 2994 γε
1456 2929 1502 2960 ⁸⁸
1531 2930 1629 2998 τὴν
1683 2930 1942 2984 ἐπάνοδον

360 3020 455 3069 καὶ
484 3018 585 3087 τὴν
612 3020 904 3089 οίκοδομὴν
931 3021 1030 3091 τῆς
1073 3020 1281 3086 πόλεως
1319 3023 1713 3091 κατήγγειλαν.
1752 3023 1944 3075 Ἀκού-

1530 328 1995 390 CllRONlCON.
2041 352 2103 362 -·-
2150 328 2300 388 LIB.
2346 329 2461 388 llI.

339 437 601 509 ὀνομάζει
625 455 637 468 ·
670 438 891 506 ἐγένετο
922 440 1053 510 ἡμῖν
1086 440 1167 502 είς
1206 439 1425 510 ἔλεγχον
1470 443 1690 496 ἐννοιῶν
1721 440 1925 515 [ἡμῶν]
1961 447 2001 502 Α
2037 440 2181 495 illius
2222 459 2235 494 :

3503 325 3608 386 402

2282 448 2455 494 morte
2493 442 2635 510 turpi
2686 441 3115 495 cendunmemus
3162 456 3308 506 cum,
3348 450 3400 495 et
3434 441 3614 497 videa-

2041 548 2163 586 mus
2212 532 2257 585 si
2299 533 2402 585 erit
2450 532 2500 585 ei
2544 542 2829 602 respectus
2865 548 2932 585 ex
2984 532 3332 587 sermonibus
3378 532 3547 587 illius.
3586 550 3605 585 ι

2036 624 2281 691 Quorum
2329 624 2611 679 stultitiam
2653 634 2709 678 et
2751 625 2935 679 odium
2998 626 3153 679 valde
3208 624 3464 678 deridens
3513 624 3613 677 ad-

2033 716 2253 786 jungit:
2297 736 2315 767 ι
2349 714 2471 769 llaec
2502 715 2881 786 cogitaverunt
2908 724 2961 769 et
3005 726 3329 770 erraverunt
3381 732 3394 769 :
3437 730 3614 770 excat-

2033 811 2177 863 cavit
2242 809 2385 863 enim
2428 808 2551 862 illos
2620 808 2824 861 malitia
2900 823 3123 870 eorum,
3188 817 3241 861 et
3302 806 3618 862 nescierunt.

2038 900 2300 969 mysteria
2348 899 2461 951 Dei.
2503 918 2520 949 ι
2576 899 2725 965 Quos
2755 909 2809 953 et
2843 910 3068 954 Sanetus
3112 899 3279 954 Isaias
3312 901 3617 954 lamentans

2038 993 2291 1047 similiter
2318 993 2449 1046 divit
2482 1011 2494 1046 :
2540 1013 2556 1043 ι
2608 992 2696 1047 Vae
2730 995 2927 1047 animae.
2958 1008 3173 1059 eorum,
3211 992 3466 1062 quoniam
3491 1009 3620 1047 eon-

2036 1092 2306 1153 ccpcrunt
2366 1084 2658 1138 consilium
2706 1100 2933 1153 pravum
2990 1086 3043 1138 in
3119 1084 3480 1153 semeptisos,
3536 1084 3621 1137 dio

2036 1184 2221 1229 centes
2255 1190 2270 1227 :
2312 1175 2597 1244 «Ligemus
2623 1174 2853 1243 justum,
2886 1177 3013 1245 quia
3048 1176 3257 1229 inutilis
3291 1177 3450 1231 nobis
3479 1184 3616 1230 est.»

2037 1264 2323 1319 Manifesta
2370 1275 2636 1334 estergo,
2689 1282 2721 1321 ο
2770 1268 2862 1335 qui
2920 1266 3029 1322 Deo
3085 1267 3391 1332 resististis,
3454 1282 3619 1321 causa

2037 1356 2449 1411 abalienationis
2490 1367 2681 1411 vestrae
2712 1373 2739 1411 a
2778 1357 2887 1412 Deo
2935 1368 2989 1413 et
3016 1359 3366 1425 desertionis,
3411 1375 3620 1415 necnon

2037 1457 2092 1501 et
2123 1449 2329 1517 absque
2361 1448 2469 1502 fine
2499 1460 2553 1502 et
2578 1450 2986 1505 intermissione
3014 1450 3270 1514 miseriae,
3322 1452 3367 1505 si
3437 1453 3625 1507 volue-

2038 1541 2159 1594 ritis
2222 1540 2503 1594 audientes
2578 1541 2895 1611 intelligere.
2958 1542 3023 1596 Et
3078 1543 3147 1598 de
3209 1553 3389 1599 vestra
3448 1544 3625 1617 Baby-

2040 1630 2219 1684 lonica
2246 1629 2558 1697 captivitate
2583 1633 2910 1699 praefinitum
2960 1642 3168 1702 tempus
3209 1635 3468 1689 dixerunt
3499 1652 3626 1705 pro-

2040 1721 2237 1789 phetae,
2283 1728 2339 1772 et
2402 1734 2711 1788 regressum
2766 1730 2821 1775 et
2879 1722 3310 1779 reaaditicandam
3350 1726 3623 1782 civitatem

2039 1811 2521 1864 annuntiaveruut.
2563 1813 2761 1867 Audite
2807 1815 2952 1868 enim
3010 1814 3303 1872 Jeremiam
3355 1822 3507 1876 vobis
3540 1822 3627 1876 di-

2040 1910 2252 1955 centem
2297 1919 2311 1955 :
2373 1920 2391 1954 ι
2426 1901 2656 1973 PrOpter
2693 1917 2909 1974 peccata
2963 1923 3087 1976 quae
3124 1912 3388 1979 peceastis
3437 1929 3623 1967 coram

2043 1991 2170 2055 Deo,
2209 1992 2483 2048 ducemini
2536 1994 2865 2067 Babylonem
2920 2001 3116 2068 captivi
3177 2017 3206 2055 a
3258 2002 3625 2060 Nabuchodo-

2040 2101 2227 2150 nosor,
2274 2102 2396 2158 rege
2429 2086 2759 2158 Babylonis;
2816 2090 3042 2160 ingressi
3091 2108 3222 2163 ergo
3272 2094 3624 2167 Babylonem,

2041 2180 2192 2233 eritis
2224 2180 2295 2233 ibi
2324 2182 2668 2249 septuaginta
2701 2182 2879 2235 annis.
2906 2180 3035 2235 Post
3104 2184 3203 2238 hoc
3239 2187 3493 2240 reducam
3529 2202 3625 2243 vos

2044 2271 2168 2325 inde
2205 2272 2259 2326 in
2301 2287 2450 2340 pace,
2496 2273 2632 2326 dicit
2666 2272 2956 2328 Dominus.
2991 2292 3009 2326 ι
3046 2274 3111 2328 Et
3140 2280 3335 2331 iterum
3370 2296 3382 2331 :
3433 2298 3451 2330 ι
3493 2278 3627 2335 Ser-

2046 2364 2190 2418 vient
2224 2365 2276 2416 in
2309 2364 2562 2433 gentibus
2591 2366 2933 2435 septuaginta
2969 2368 3151 2429 annis,
3189 2379 3242 2424 et
3264 2385 3389 2424 eum
3419 2372 3627 2443 impleti

2046 2454 2247 2509 fuerint
2287 2456 2627 2525 septuaginta
2658 2458 2809 2520 anni,
2850 2474 3110 2528 reponam
3175 2460 3342 2517 Israel
3398 2464 3452 2517 in
3506 2464 3627 2520 loco

2044 2563 2167 2610 suo,
2231 2549 2363 2602 dicit
2412 2548 2694 2602 Dominus.
2728 2567 2745 2600 ι
2802 2549 2866 2602 Ει
2916 2552 2982 2604 de
3051 2554 3245 2607 iterum
3306 2554 3627 2612 arditicanda

2046 2641 2179 2694 urbe
2218 2638 2387 2695 Isaias
2415 2641 2549 2695 dixit
2578 2659 2594 2695 :
2647 2659 2665 2692 ι
2702 2641 2792 2696 Sic
2818 2643 2949 2698 dicit
2975 2644 3233 2699 Dominus
3260 2647 3469 2702 clrristo
3506 2665 3628 2703 meo

2044 2732 2205 2803 Cyro,
2243 2732 2399 2801 cujus
2425 2734 2757 2803 apprehendi
2782 2736 3061 2790 dexteram
3095 2747 3153 2792 ut
3183 2740 3470 2807 subjiciam
3504 2751 3632 2797 ante

2048 2824 2236 2877 faciem
2274 2824 2393 2890 ejus
2428 2835 2615 2893 gentes
2657 2840 2672 2879 :
2715 2826 2833 2896 ipse
2861 2817 3149 2884 :rdificabit
3198 2832 3385 2887 urbem
3427 2850 3630 2901 meam,

2046 2926 2099 2970 et
2141 2916 2509 2985 captivitatem
2567 2918 2749 2986 pupuli
2798 2921 3054 2977 dimittet.
3088 2941 3106 2974 ι
3145 2922 3218 2978 De
3251 2942 3355 2995 qua
3393 2927 3630 2984 mdiﬁea-

2050 3008 2193 3062 tione
2230 3008 2464 3079 Aggaaus
2487 3024 2702 3078 quoque
2734 3010 3015 3079 loquitur:
3062 3032 3079 3064 ι
3117 3016 3174 3070 1η
3208 3031 3352 3070 anno
3384 3020 3627 3075 secundo

364 3125 497 3161 σατε
542 3111 652 3180 γὰρ
695 3110 963 3182 Ἰερεμίου
1009 3113 1145 3182 πρὸς
1197 3114 1342 3180 ὑμᾶς
1391 3114 1638 3181 λέγοντος
1670 3114 1754 3146 ³⁷·
1793 3133 1810 3164 ι
1850 3115 1943 3168 Διὰ

2053 3100 2153 3151 sub
2216 3097 2398 3164 Dario,
2450 3099 2663 3155 locutus
2699 3109 2782 3154 est
2835 3101 3096 3158 Dominus
3144 3105 3210 3158 ad
3254 3122 3339 3161 me
3388 3109 3626 3165 dicens:

360 3202 464 3266 τὰς
501 3203 798 3272 ἁμαρτίας,
836 3202 904 3266 ἃς
932 3205 1287 3276 ἡμαρτήκατε
1316 3207 1561 3259 ἐναντίον
1589 3205 1635 3238 ³⁸
1669 3206 1762 3258 τοῦ
1788 3207 1944 3271 Θεοῦ,

362 3294 672 3363 ἀχθήσεσθε
700 3297 781 3358 είς
815 3295 1110 3349 Βαϐυλῶνα
1145 3295 1480 3365 αίχμάλωτοι
1530 3298 1634 3349 ὑπὸ
1668 3298 1948 3367 Ναϐουχο-

362 3388 591 3458 δονόσορ
643 3388 911 3457 βασιλέως
958 3388 1300 3451 Βαϐυλῶνος.
1336 3390 1683 3455 Είσελθὸντες
1733 3387 1824 3445 οὖν
1868 3394 1948 3456 είς

368 3478 690 3543 Βαϐυλῶνα,
725 3479 914 3533 ἔσεσθε
947 3481 1066 3532 ἐκεῖ
1094 3480 1189 3552 ἔτη
1220 3479 1283 3534 o'.
1320 3483 1474 3537 Μετὰ
1503 3482 1559 3535 δὲ
1594 3484 1751 3537 τοῦτο
1776 3484 1948 3551 ἐξάξω

366 3572 515 3638 ὑμᾶς
569 3571 781 3624 ἐκεῖθεν
842 3571 958 3641 μετ’
1003 3574 1251 3643 είρήνης,
1292 3572 1439 3640 λέγει
1500 3574 1726 3646 Κύριος.
1764 3593 1783 3629 ι
1840 3578 1948 3630 Καὶ

364 3664 533 3715 πάλιν
559 3664 603 3694 ³⁹
624 3680 639 3693 ο
674 3682 693 3714 ι
726 3664 1115 3717 Δουλεύσουσιν
1138 3666 1196 3718 ὲν
1225 3668 1336 3729 τοῖς
1359 3666 1520 3737 293
1547 3666 1758 3720 ἔθνεσιν
1785 3668 1881 3739 ἔτη
1904 3676 1946 3722 ο’

364 3759 465 3810 καὶ
501 3759 561 3809 ὲν
594 3757 672 3826 τῷ
704 3757 1057 3827 πληρωθῆναι
1089 3758 1159 3810 τὰ
1195 3763 1236 3811 o'
1269 3758 1364 3829 ἔτη
1394 3760 1461 3826 ⁸ο,
1506 3762 1949 3833 άποκαταστήσω

362 3849 460 3901 τὸν
500 3849 717 3920 Ἰσραήλ
770 3850 852 3912 είς
900 3849 990 3904 τὸν
1020 3850 1185 3903 τόπον
1225 3851 1409 3918 αὑτοῦ,
1460 3851 1610 3920 λέγει
1655 3853 1881 3923 Κύριος.
1925 3874 1942 3906 ι

364 3941 481 3993 Καὶ
510 3942 644 4008 περὶ
669 3941 770 4007 τῆς
796 3938 1085 4009 οἰκοδομῆς
1113 3941 1213 4009 τῆς
1244 3941 1450 4004 πόλεως
1484 3942 1708 4005 Ἡσαΐας
1734 3944 1838 4014 ἔφη
1863 3946 1904 3977 ἰι
1932 3963 1945 3978 ο

371 4050 391 4081 ι
427 4030 589 4084 Οὕτω
622 4030 768 4098 λέγει
793 4030 995 4100 Κύριος
1015 4030 1093 4101 τῷ
1122 4032 1330 4101 χριστῷ
1359 4049 1463 4101 μου
1490 4034 1678 4104 Κύρῳ,
1702 4031 1762 4088 οὗ
1792 4036 1950 4103 ἐκρά-

363 4138 515 4191 τησα
545 4122 644 4190 τῆς
675 4121 854 4186 δεξιᾶς
883 4121 1189 4175 ἐπακοῦσαι
1229 4121 1540 4192 ἔμπροσθεν
1578 4125 1741 4177 αὑτοῦ
1785 4126 1944 4195 ἔθνη·

365 4216 417 4247 ⁸⁸
470 4215 643 4277 Αὐτὸς
726 4214 1070 4285 οἰκοδομήσει
1144 4213 1244 4285 τὴν
1309 4215 1467 4268 πόλιν
1546 4232 1651 4285 μου
1710 4218 1803 4269 καὶ
1849 4219 1948 4287 τὴν

362 4309 754 4382 αἰχμαλωσίαν
782 4309 877 4362 τοῦ
911 4308 1042 4361 λαοῦ
1087 4308 1425 4379 ἐπιστρέψει.
1468 4328 1486 4361 ο
1526 4309 1662 4381 Περὶ
1702 4306 1769 4382 ἧς
1800 4312 1946 4364 οἱκο-

360 4404 547 4473 δομῆς
574 4403 667 4456 καὶ
718 4402 974 4467 Ἀγγαῖος
1019 4400 1217 4469 φάσκει
1247 4399 1294 4432 ⁸³
1320 4417 1336 4433 ’
1382 4419 1401 4452 ι
1430 4400 1521 4472 Τῷ
1565 4401 1802 4472 δευτέρῳ
1840 4402 1948 4456 ἔτει

365 4496 467 4548 ἑττί
489 4492 1020 4562 Δαρείου-ὲλάλησε
1045 4490 1459 4562 Κύριος-πρός
1483 4509 1549 4562 με
1570 4493 1762 4560 λέγων·
1783 4495 1948 4547 Εἰπὸν
1984 4475 2026 4526 D

361 4587 439 4656 δὴ
470 4586 597 4655 πρὸς
615 4584 1003 4654 Ζοροϐάϐελ⁵⁸,
1030 4584 1120 4637 καὶ
1144 4587 1282 4654 πρὸς
1298 4584 1505 4654 Ἰησοῦν
1535 4586 1626 4638 τὸν
1646 4588 1689 4620 ⁸³
1710 4587 1855 4656 ἱερέα
1880 4588 1944 4654 ⁸⁸,

366 4678 472 4731 καὶ
501 4677 635 4745 πρὸς
667 4675 871 4737 πάντας
900 4676 1026 4738 τοὺς
1055 4675 1415 4739 καταλοίπους
1447 4677 1535 4730 τοῦ
1573 4676 1701 4731 λαοῦ
1734 4679 1909 4747 λέγων
1928 4696 1942 4710 ’

364 4768 476 4828 Τίς
523 4765 584 4830 ἐξ
612 4765 791 4833 ὑμῶν,
824 4764 882 4828 ὃς
927 4761 1035 4817 εἶδε
1082 4766 1172 4817 τὸν
1202 4762 1351 4819 οἷκον
1400 4766 1590 4821 τοῦτον
1620 4770 1677 4820 ὲν
1723 4771 1789 4840 τῇ
1820 4768 1949 4842 δόξῃ

365 4857 548 4912 αὑτοῦ
576 4860 643 4926 τῇ
683 4856 996 4927 ἔμπροσθεν
1021 4875 1036 4922 ;
1065 4858 1159 4910 καὶ
1187 4858 1304 4921 πῶς
1334 4857 1429 4911 νῦν
1456 4858 1680 4929 βλέπετε
1706 4860 1751 4893 ’⁵⁷
1790 4860 1950 4916 αὐτὸν

362 4951 454 5013 ὡς
482 4951 583 5021 οὐχ
629 4952 945 5023 ὑπάρχοντα
973 4950 1016 4983 ⁵⁸
1043 4949 1273 5004 ἐνώπιον
1304 4951 1457 5020 ὑμῶν
1484 4968 1498 5015 ;
1529 4952 1637 5005 Kal.
1676 4953 1770 5009 νῦν
1801 4956 1952 5009 κατί-

365 5061 537 5112 σχυε,
589 5043 917 5114 Ζοροϐάϐελ,
962 5042 1056 5097 καὶ
1092 5041 1288 5112 Ἰησοῦ,
1322 5044 1417 5096 καὶ
1448 5046 1555 5109 πᾶς
1598 5046 1626 5098 ό
1661 5045 1808 5111 λαὸς,
1855 5049 1950 5100 καὶ

2058 3207 2076 3239 ι
2109 3188 2358 3259 Loquere
2404 3190 2470 3244 ad
2511 3192 2817 3247 Zorobabel
2863 3202 2917 3247 et
2963 3194 3027 3248 ad
3066 3194 3251 3251 Jcsum
3290 3202 3629 3257 Sacerdotem

2050 3294 2104 3335 et
2154 3282 2221 3334 ad
2272 3297 2461 3338 omnes
2498 3284 2739 3353 reliquos
2791 3286 2975 3355 populi
3024 3287 3264 3343 dicens:
3306 3309 3323 3342 ι
3384 3290 3516 3357 Quis
3564 3309 3629 3349 ex

2054 3374 2209 3429 vobis
2239 3376 2331 3445 qui
2367 3376 2502 3430 vidit
2538 3376 2760 3431 domum
2813 3379 2971 3431 istam
3006 3379 3060 3432 in
3094 3380 3264 3448 gloria
3297 3397 3394 3437 sua
3430 3385 3629 3453 prima,

2050 3478 2104 3521 et
2141 3469 2418 3537 quomodo
2468 3484 2616 3523 nunc
2668 3469 2866 3525 videtis
2907 3486 3026 3525 eam
3075 3474 3240 3542 quasi
3291 3490 3400 3530 non
3448 3479 3521 3533 sit
3574 3481 3629 3534 in

2050 3562 2225 3615 oculis
2283 3563 2522 3617 vestris?
2567 3561 2634 3616 Et
2676 3577 2823 3617 nunc
2854 3565 3183 3634 confortare,
3231 3566 3529 3626 Zorobabel
3576 3582 3632 3634 et

2051 3652 2202 3718 Jesu,
2262 3662 2316 3708 et
2355 3658 2537 3709 omnis
2588 3655 2847 3725 populus,
2882 3667 2938 3712 et
2987 3658 3255 3714 :edifieate
3298 3662 3547 3727 domum,
3578 3674 3633 3718 et

2052 3744 2287 3812 placebit
2321 3744 2457 3797 mihi
2488 3743 2541 3797 in
2593 3745 2683 3798 illa
2729 3764 2742 3799 :
2799 3756 2852 3800 et
2887 3747 2991 3801 erit
3024 3750 3194 3817 gloria
3235 3750 3435 3805 domus
3470 3752 3632 3806 istius

2055 3837 2356 3891 novissima
2404 3853 2571 3907 super
2622 3838 2877 3907 primam,
2913 3840 3044 3896 dicit
3084 3841 3371 3898 Dominus.
3408 3860 3427 3895 ο
3482 3843 3635 3899 Sicut

2053 3928 2219 3997 igitur
2270 3929 2529 3984 Salomon
2602 3931 2800 4001 prioris
2854 3934 3038 4002 templi
3096 3934 3473 3989 aadilicationis
3529 3936 3635 3990 fuit

2051 4034 2263 4093 auctor,
2297 4026 2371 4079 ita
2396 4034 2451 4080 et
2483 4044 2501 4077 ι
2534 4024 2836 4082 Zorobabel
2886 4026 3134 4082 fundavit
3173 4027 3396 4083 domum
3442 4028 3628 4095 istam,

2050 4130 2104 4174 et
2191 4134 2387 4174 manus
2457 4120 2603 4175 illius
2681 4120 2962 4189 perficient
3042 4120 3212 4176 illam.
3267 4138 3285 4172 ι
3360 4121 3417 4176 Si
3498 4136 3629 4193 ergo

2052 4212 2328 4268 destructa
2361 4215 2553 4269 domus
2580 4214 2778 4267 iterum
2812 4212 3130 4268 aedificanda
3184 4222 3350 4281 esset,
3402 4215 3634 4270 dixisset

2052 4306 2355 4377 propheta:
2402 4325 2420 4358 ι
2461 4308 2577 4361 Erit
2631 4309 2802 4377 gloria
2852 4307 3049 4361 domus
3107 4308 3268 4363 istius
3329 4310 3627 4365 nmissima

2054 4413 2221 4467 super
2276 4399 2497 4452 domum
2538 4415 2659 4468 quae
2709 4407 2834 4453 ante
2878 4399 2997 4453 fuit.
3033 4420 3051 4467 ι
3094 4400 3233 4467 Quia
3284 4401 3423 4457 dixit
3469 4416 3635 4473 super

2058 4490 2311 4561 primam,
2346 4498 2400 4545 et
2440 4505 2548 4543 non
2590 4506 2753 4560 super
2791 4492 3015 4546 domum
3061 4508 3183 4563 qua:
3219 4502 3346 4550 ante
3382 4493 3507 4559 fuit,
3538 4511 3632 4551 se-

2058 4582 2292 4638 cundam
2360 4582 2714 4637 novissimam
2774 4598 2898 4637 esse
2954 4586 3196 4640 ostendit
3246 4594 3301 4642 et
3358 4588 3629 4644 ultimam.

2059 4676 2375 4745 Sicutenim
2405 4689 2512 4730 non
2538 4686 2622 4731 est
2653 4677 2825 4746 magis
2854 4678 3031 4748 prima
3063 4694 3228 4748 quam
3261 4680 3459 4749 prima,
3481 4683 3563 4736 sic
3580 4692 3631 4737 et

2059 4782 2169 4822 non
2213 4768 2387 4838 magis
2441 4782 2581 4823 nova
2631 4784 2792 4839 quam
2856 4770 3177 4825 novissima.
3240 4768 3391 4825 Unde
3438 4771 3629 4838 igitur,

2060 4861 2105 4916 si
2151 4860 2380 4916 dixisset
2427 4875 2442 4914 :
2495 4861 2735 4916 secunda
2781 4876 2943 4930 super
3002 4862 3256 4931 primam,
3307 4862 3631 4917 rationabile

2063 4963 2209 5009 esset
2241 4953 2454 5008 tertiam
2488 4952 2905 5008 aedificationem
2938 4965 3280 5023 exspectare.
3326 4951 3462 5008 Cum
3501 4969 3629 5009 vero

2060 5047 2355 5103 secundam
2392 5046 2785 5117 nuncupaverit
2814 5047 3188 5112 novissimam,
3219 5047 3359 5103 banc
3388 5048 3631 5103 ultimam

1578 5236 1778 5297 Varite
1823 5235 2132 5297 lectiones
2175 5241 2235 5296 et
2278 5242 2466 5296 notae.

454 5420 497 5449 ”
532 5416 680 5470 ἐστὶν
708 5423 832 5471 ante
892 5416 1002 5475 τοῖς
1031 5416 1085 5469 ἀ.
1115 5412 1245 5468 Ced.
1271 5427 1381 5466 om.
1415 5409 1542 5476 Sap.

370 5492 419 5523 ⁸¹
456 5506 514 5542 τε
539 5489 662 5544 add.
691 5486 821 5539 Ced.
902 5485 946 5517 ⁸²
978 5484 1015 5537 S

367 5564 475 5614 καὶ
493 5560 594 5628 τήν
628 5555 755 5610 Ced.

370 5618 769 5691 ἔθνος”ἐ›ιεῖνο.
847 5625 891 5656 ⁵⁸
915 5624 993 5692 τῷ
1026 5629 1068 5675 ο⁹
1100 5622 1195 5692 ἔτη
1223 5624 1348 5677 cod.
1420 5620 1602 5692 "Alsa.
1627 5632 1761 5692 Δτιν,
1802 5618 1845 5692 Ι..

370 5698 657 5766 Σαλαθιήλ
689 5698 753 5747 ὲκ
780 5694 953 5766 φυλῆς
988 5692 1157 5745 Ἰούδα
1189 5694 1319 5763 Αξε.

372 5773 424 5802 ⁸⁸
456 5769 624 5823 αὐτόν
662 5766 784 5818 cod.

1621 5408 1666 5439 "
1695 5408 1770 5469 ὡς
1786 5408 1927 5461 κιϐδ.
1959 5408 2088 5462 Ced.
2167 5411 2211 5442 ’³
2240 5407 2308 5461 τὰ
2330 5405 2767 5460 ὲνὲκϐάσειϐειι.
2808 5406 2932 5472 Sap.

1054 5499 1184 5552 p.n,
1210 5482 1392 5552 21,22.
1470 5474 1630 5534 “Isa.
1664 5494 1744 5539 ut,
1770 5480 1824 5540 ὃ.
1864 5479 1918 5533 9.

2047 5478 2338 5552 ’βούλονται
2366 5475 2489 5552 ςριί.
2566 5476 2609 5506 ³⁸
2629 5475 2759 5552 (led,
2788 5474 3321 5552 3891,2C-38§,6._'A“°

838 5556 883 5587 ⁸⁷
909 5552 1022 5607 Jer.
1054 5543 1207 5613 3mg,
1240 5543 1421 5615 10,”,
1449 5552 1513 5603 ad
1549 5563 1791 5608 sensum,
1823 5561 1927 5599 non

847 5625 891 5656 ⁵ο
915 5624 993 5679 τῶ
1026 5629 1068 5675 ο⁹
1100 5622 1194 5679 ἔτη
1223 5624 1348 5677 cod.
1420 5622 1461 5651 ⁸⁸
1502 5620 1602 5673 Isa.
1638 5632 1761 5676 τιν.
1802 5618 1845 5669 Ι.
1923 5616 1942 5644 ⁸

2047 5543 2293 5601 botenus.
2368 5545 2412 5576 ⁸⁸
2439 5560 2623 5597 κατεν.
2646 5543 2779 5600 Ced.

2047 5610 2168 5679 ὗτος
2225 5616 2328 5670 Isa.
2385 5613 2588 5675 xcv,l.
2665 5615 2779 5667 "A

1502 5653 1602 5673 ω...
1646 5653 1761 5676 ιι...
1803 5653 1845 5669 .-
2017 5653 2167 5679 νυ...»
2225 5653 2328 5670 ιο...
2385 5653 2508 5675 -..η

1400 5692 1441 5721 ⁸⁸
1473 5688 1715 5743 Ἰωσεδὲκ
1770 5687 1861 5740 τόν
1887 5687 2019 5756 Agg.
2098 5687 2142 5718 ⁸⁸
2179 5686 2373 5756 μέγαν.
2497 5683 2508 5711 ⁸

3027 5404 3077 5477 ff
3094 5407 3472 5477 ἑτοιμάσωμεν
3505 5411 3633 5467 cod.

3364 5479 3549 5563 μέντοι
3573 5489 3636 5563 γε

2857 5544 2900 5574 ³⁸
2926 5559 3054 5615 xxv,
3091 5545 3175 5609 11,
3202 5545 3269 5598 12
3295 5544 3563 5615 ἐκδικήσω
3576 5544 3639 5604 τὸ

2665 5615 2710 5645 ⁸³
2740 5615 2875 5682 Agg.
2920 5612 3192 5679 ι,15;ιι,
3224 5616 3277 5671 ι.
3354 5618 3396 5649 ⁸³
3419 5612 3509 5671 τδν
3539 5619 3635 5673 soli

2098 5687 2142 5718 ιο
2179 5686 2373 5756 μέγαν,
2497 5683 2540 5713 ⁸⁷
2569 5682 2685 5749 πῶς
2724 5685 2878 5755 ὑμεῖς
3014 5686 3069 5743 ὰ.
3100 5684 3194 5740 νῦν
3260 5686 3443 5751 καθώς
3501 5693 3637 5760 Agg.
