4088 6224
402 334 507 395 465

1584 344 2049 407 CHRONICON.
2087 374 2156 385 —
2198 351 2348 416 LIB.
2392 353 2509 417 III.

3551 359 3665 423 466‘

403 451 635 513 νὼσκεις
668 451 862 514 ὅντως,
900 452 1032 522 περὶ
1077 453 1176 525 τῆς
1222 456 1636 527 ἀπροσδοκήτου
1688 477 1782 512 σου
1812 460 1975 531 295

2089 463 2146 519 de
2173 466 2543 537 inexspectata
2574 469 2653 524 tui
2692 472 3055 538 revocationc,
3090 482 3142 528 et
3178 483 3396 543 propter
3423 475 3527 532 hoc
3554 480 3655 531 ad-

400 541 756 612 ἀνακλήσεως
787 542 880 593 καὶ
925 542 1012 594 διὰ
1046 551 1205 597 τοῦτο
1240 547 1375 616 πρὸς
1403 548 1501 616 τὴν
1534 547 1794 617 ἀλήθειαν
1832 551 1971 603 ἀπο-

398 633 733 704 μαχόμενος,
766 632 826 684 οὐ
849 635 992 696 νοεῖς
1017 649 1032 663 ·
1057 664 1126 674 --
1154 636 1387 690 ἄκουσον
1421 634 1557 708 (οὖν)
1604 639 1661 690 ἐν
1693 639 1976 707 παρεκϐά-

397 744 479 779 σει
504 725 602 787 τάς
631 725 815 792 φωνὰς
836 725 947 778 τῶν
976 726 1294 798 προφητῶν,
1329 731 1419 781 καὶ
1440 727 1646 781 παῦσαι
1668 730 1762 783 τοῦ
1785 731 1973 784 λοιποῦ

396 817 729 887 φιλονεικῶν
788 819 881 870 καὶ
935 820 1292 890 άνοηταίνων.
1348 822 1409 874 Ὀ
1473 824 1758 893 προφήτης
1817 824 1977 893 Ὠσηὲ

397 911 574 973 οὕτως
601 911 817 978 λέγει⁷⁶
841 926 853 937 °
889 930 906 962 ι
946 913 1055 965 Καὶ
1084 913 1421 968 καταπαύσω
1451 915 1729 984 βασιλείαν
1761 916 1909 970 οἴκου
1931 919 1975 949 ⁷⁷

411 1002 667 1071 Ἰσραήλ*
697 1004 795 1055 καὶ
852 1003 1129 1073 συντρίψω
1164 1005 1315 1071 τόξον
1357 1007 1605 1078 Ἰσραήλ’
1643 1026 1661 1060 ι
1692 1009 1810 1061 καί·
1850 1029 1868 1061 ι
1903 1012 1976 1064 Οὐ

405 1096 485 1164 μὴ
518 1093 741 1165 προσθῶ
772 1094 853 1147 ἔτι
883 1096 930 1127 ⁷⁸
965 1094 1188 1163 ἐλεῆσαι
1220 1097 1311 1149 τὸν
1339 1093 1486 1152 οἷκον
1530 1099 1762 1171 Ἰσραὴλ,
1801 1101 1916 1155 ἀλλ’
1942 1103 1974 1174 ἢ

407 1185 863 1255 ἀντιτασσόμενος
898 1189 1256 1259 ἀντιτάξομαι
1286 1192 1331 1224 ⁷³
1362 1192 1545 1256 αὐτοῖς
1586 1193 1651 1259 ⁸ο,
1678 1193 1825 1261 λέγει
1868 1194 1979 1247 Κύ-

406 1295 553 1347 ριος*
586 1298 604 1330 ι
645 1280 737 1332 καί
760 1280 803 1312 ⁸⁸
832 1296 846 1310 ’
895 1299 912 1332 ι
961 1281 1231 1351 Ἐμίσησα
1283 1284 1480 1349 αὐτοὺς
1515 1285 1602 1339 διὰ
1649 1287 1747 1347 τὰς
1779 1287 1979 1352 κακίας

398 1373 509 1425 τῶν
559 1373 1012 1443 ἐπιτηδευμάτων
1071 1376 1253 1429 αὐτῶν
1300 1378 1395 1431 καὶ
1442 1379 1507 1431 ἐκ
1562 1378 1656 1431 τοῦ
1685 1378 1837 1433 οἴκου
1877 1398 1979 1451 μου

400 1462 619 1515 ἐκϐαλῶ
651 1464 871 1527 αὐτοὺς.
916 1466 1011 1519 καὶ
1033 1466 1094 1521 οὑ
1126 1470 1420 1540 προσθήσω
1443 1472 1538 1525 τοῦ
1569 1473 1855 1543 ἀγαπῆσαι
1886 1476 1983 1530 αὐ-

402 1550 554 1611 τοὺς.
591 1549 742 1618 λέγει
773 1551 1007 1623 Κύριος·
1043 1555 1303 1613 ἐπόνεσεν
1350 1560 1590 1633 Ἐφραῖμ
1621 1564 1719 1627 τὰς
1749 1564 1795 1596 ⁸³
1826 1565 1983 1634 ῥίζας

402 1643 572 1697 αὑτοῦ
599 1647 691 1699 καὶ
720 1647 993 1721 ἐξηράνθη
1020 1653 1114 1705 καὶ
1138 1654 1347 1725 καρπὸν
1371 1657 1554 1712 οὐκέτι
1571 1660 1633 1712 οὗ
1658 1658 1733 1731 μὴ
1761 1661 1980 1732 ἐνέγκῃ’

402 1738 497 1790 καί
541 1738 824 1794 ἀπώσεται
853 1742 1052 1806 αὐτοὺς
1082 1747 1109 1798 ὁ
1139 1745 1290 1811 Θεὸς,
1313 1748 1394 1802 ὃτι
1424 1750 1524 1803 οὐκ
1556 1752 1700 1823 (79b)
1731 1754 1983 1824 εἰσήκου-

404 1848 506 1883 σαν
536 1832 732 1897 αὺτοῦ,
768 1835 863 1886 καὶ
893 1834 1107 1891 ἔσονται
1141 1839 1411 1909 πλανῆται
1449 1843 1508 1894 ἐν
1550 1844 1666 1906 τοῖς
1690 1843 1919 1900 ἔθνεσιν.
1961 1864 1982 1899 ι
2015 1815 2063 1875 Β

408 1925 555 1995 Ἔςρη
581 1924 712 1992 γοῦν
740 1926 835 1979 καὶ
864 1927 1153 1998 Μαλαχίας
1175 1928 1220 1961 ⁸³
1238 1947 1252 1961 ·
1295 1950 1313 1982 ι
1352 1932 1465 1986 Οὐκ
1496 1932 1612 1987 ἐστι
1655 1952 1745 2005 μοι
1772 1934 1986 2006 θέλημα

403 2015 463 2068 ἐν
495 2015 625 2083 ὑμῖν
654 2014 724 2082 ⁸⁵,
760 2017 907 2085 λέγει
959 2019 1167 2091 Κύριος
1207 2024 1626 2095 παντοκράτωρ,
1670 2028 1765 2080 καὶ
1797 2029 1988 2083 θυσίαν

402 2108 465 2158 οῦ
524 2108 900 2178 προσδεξομαι
942 2111 1009 2164 ἐκ
1064 2113 1174 2168 τῶν
1227 2115 1431 2184 χειρῶν
1481 2116 1658 2185 ὑμῶν.
1711 2117 1845 2172 διότι
1880 2119 1987 2175 ἀπὸ

404 2200 686 2253 ἀνατολῶν
734 2202 887 2273 ήλίου
928 2203 1034 2266 ἓως
1088 2206 1311 2277 δυσμῶν
1340 2208 1400 2261 τδ
1449 2209 1621 2277 ὄνομά
1647 2210 1797 2284 [μου]
1844 2213 1988 2267 δεδό-

406 2293 601 2357 ξχσται
634 2296 691 2347 ἐν
724 2298 838 2359 τοῖς
867 2296 1079 2351 ἔθνεσιν
1099 2314 1112 2328 ·
1143 2301 1240 2353 καὶ
1269 2302 1327 2355 ἐν
1358 2304 1523 2357 παντὶ
1550 2304 1700 2373 τόπῳ
1736 2307 1987 2377 θυμίαμα

406 2386 753 2456 προσάγεται
783 2390 862 2458 τῷ
891 2390 1119 2460 ὀνόματί
1144 2410 1247 2462 μου
1277 2392 1373 2446 καὶ
1400 2393 1560 2448 θυσία
1589 2396 1827 2467 καθαρὰ,
1851 2397 1986 2452 διότι

406 2480 556 2549 μέγα
588 2481 649 2536 τὸ
682 2482 853 2551 ὄνομά
895 2482 1049 2555 [μου]
1080 2486 1137 2537 ὲν
1168 2488 1281 2550 τοῖς
1325 2486 1559 2553 ἔθνεσιν,
1599 2488 1747 2557 λέγει
1784 2488 1988 2559 Κύριος

406 2572 838 2643 παντοκράτωρ
870 2574 1028 2644 ὑμεῖς
1049 2575 1107 2629 δὲ
1136 2577 1432 2646 βεδηλοῦτε
1458 2580 1611 2636 αὐτό.
1635 2598 1655 2633 ι
1684 2611 1750 2621 -
1777 2580 1824 2614 ⁸⁸
1850 2600 1867 2633 ι
1886 2582 1987 2636 Διὰ

403 2664 569 2718 τοῦτο
618 2663 773 2718 δώσω
808 2665 950 2736 ὑμᾶς
1004 2666 1466 2739 ἐξουθενημένους
1496 2670 1544 2703 ⁸⁸
1576 2671 1657 2734 είς
1696 2671 1874 2726 πάντα
1918 2672 1986 2726 τά

404 2754 563 2825 ἔθνη.
600 2754 717 2807 ἀνθ’
751 2747 826 2809 ὧν
878 2757 979 2811 οὐκ
1029 2758 1339 2827 ἐφυλάξατε
1394 2761 1494 2824 τὰς
1522 2762 1740 2826 ἐντολάς
1792 2781 1918 2833 μου.
1962 2782 1981 2817 ι

406 2847 501 2899 Διό
533 2864 669 2916 φησι
712 2846 856 2919 (καὶ)
901 2850 1174 2921 Ἱερεμίας
1207 2852 1252 2883 "
1287 2867 1301 2882 '
1341 2871 1360 2905 ι
1410 2854 1551 2907 Τάδε
1596 2854 1746 2923 λέγει
1779 2855 1987 2927 Κύριος

408 2942 813 3012 παντοκράτωρ
831 2959 844 2974 ·
896 2944 1023 2999 Ἰδοὺ
1050 2944 1242 3015 ὤμοσα
1268 2946 1346 3017 τῷ
1376 2948 1603 3017 ὀνόματί
1644 2965 1745 3018 μου
1783 2948 1861 3018 τῷ
1890 2965 1987 3019 με-

405 3030 591 3100 γάλῳ·
626 3032 676 3084 εί
712 3032 866 3088 ἔσται
912 3035 1008 3089 τοῦ
1036 3036 1226 3091 λοιποῦ
1260 3039 1665 3110 ὀνομαζόμενον
1708 3040 1794 3114 [τὸ
1814 3041 1987 3112 δνομά

408 3120 627 3228 μου].ὲν
642 3124 834 3228 ’παντὶ
875 3127 1102 3197 στόματι
1138 3130 1307 3184 Ἰούδα
1334 3130 1401 3185 ⁸⁸.
1428 3149 1445 3182 ι
1497 3132 1559 3184 El
1600 3133 1656 3186 δὲ
1712 3132 1772 3186 τὸ
1812 3132 1985 3203 ὄνομα
2014 3169 2057 3228 C

406 3214 578 3268 αὐτοῦ
640 3215 744 3286 ἔφη
803 3220 1184 3290 περιαιρήσειν
1229 3222 1339 3274 ἀπὸ
1405 3221 1695 3287 Ἰουδαίων,
1738 3221 1984 3293 εὔδηλον,

405 3307 492 3359 ὅτι
552 3308 768 3362 καὶτὸν
823 3310 987 3379 νόμον
1032 3312 1127 3365 καὶ
1172 3312 1271 3375 τὰς
1326 3312 1539 3376 θυσίας.
1569 3344 1641 3354 ——
1669 3314 1856 3387 "(15)
1910 3316 1986 3370 Οὐ

406 3399 592 3452 τοίνυν
631 3396 1075 3471 ’προηγουμένως
1119 3404 1261 3456 κατὰ
1290 3403 1435 3476 (τὴν)
1470 3405 1625 3458 θείαν
1672 3406 1901 3478 γνώμην
1953 3410 1988 3479 ἡ

411 3489 546 3556 περὶ
572 3488 681 3542 τῶν
705 3489 907 3543 θυσιῶν
926 3491 1081 3561 ἐδόθη
1105 3493 1398 3563 νομοθεσία
1418 3512 1433 3561 ;
1454 3495 1766 3551 Κάντεῦθεν
1785 3500 1923 3569 μετὰ
1941 3500 1988 3531 ⁸⁸

407 3579 588 3632 ταῦτα
627 3580 715 3635 διὰ
745 3581 853 3635 τῶν
897 3584 1192 3654 προφητῶν
1217 3584 1320 3656 ἔφη
1352 3588 1425 3619 ⁹¹⁶
1462 3605 1481 3640 ι
1526 3590 1621 3653 Τίς
1650 3590 1759 3660 γὰρ
1798 3588 1991 3661 ἐξεζή-

406 3689 546 3742 τησε
574 3673 747 3728 ταῦτα
776 3676 840 3729 ἐκ
864 3676 972 3729 τῶν
998 3676 1200 3747 χειρῶν
1234 3677 1390 3748 ὑμῶν
1419 3680 1498 3747 ⁹¹;
1541 3699 1560 3732 ι
1593 3681 1687 3735 καί
1724 3683 1801 3715 ⁹³’
1841 3701 1859 3735 ι
1897 3682 1990 3755 Μὴ

408 3767 575 3835 εὐχαὶ
626 3767 721 3820 καὶ
751 3769 891 3839 κρέα
917 3768 963 3800 ’⁵
990 3770 1286 3841 ἀφαιροῦσι
1333 3771 1433 3834 τὰς
1480 3773 1763 3845 ἁμαρτίας
1804 3792 1928 3841 σονς
1964 3795 1983 3828 ι

409 3858 507 3912 καί
538 3860 621 3892 ’⁵ο
662 3878 680 3911 ι
731 3860 822 3930 Μὴ
874 3862 1078 3929 σφάγια
1114 3864 1160 3894 ν⁶
1186 3863 1281 3916 καὶ
1336 3864 1529 3929 θυσίας
1575 3867 1991 3938 προσηνέγκατέ

412 3970 506 4019 μοι
536 3954 595 4007 ἐν
625 3955 691 4022 τῇ
742 3954 936 4025 ἐρήμῳ
968 3954 1063 4025 ἔτη
1094 3962 1177 4026 μ’;
1210 3975 1228 4009 ι
1268 3954 1363 4010 καί
1385 3958 1432 3989 ’⁷
1453 3976 1466 3990 ’
1506 3978 1524 4011 ι
1556 3960 1671 4013 Ἵνα
1711 3961 1765 4014 τί
1793 3979 1885 4031 μοι
1907 3962 1990 4014 λί-

408 4042 576 4095 σανον
615 4042 781 4112 296
812 4045 876 4097 ἐκ
908 4044 1057 4098 Σαὸά
1111 4046 1307 4116 φέρετε
1336 4047 1385 4081 ⁸⁸
1416 4048 1513 4102 καὶ
1565 4049 1887 4121 κινάμωμον
1928 4052 1992 4107 ἐκ

410 4136 517 4204 γῆς
568 4134 876 4205 μακρόθενς
918 4155 936 4188 ι
973 4138 1063 4191 Διό
1096 4154 1263 4207 φησιν
1292 4140 1374 4172 ’⁸ο
1416 4160 1436 4193 ι
1471 4141 1673 4196 Θυσίαν
1701 4144 1795 4198 καὶ
1823 4161 1994 4215 προσ-

409 4226 589 4298 φορὰν
635 4228 736 4281 οὐκ
776 4227 1069 4300 ἐθέλησαςο
1099 4248 1118 4282 ι
1158 4231 1251 4286 καί
1276 4232 1324 4264 ¹⁶
1379 4252 1399 4286 ί
1426 4234 1518 4304 Μὴ
1565 4233 1993 4305 ὁλοκαυτώματα

411 4322 512 4374 καὶ
538 4320 732 4383 θυσίας
760 4320 902 4375 θέλει
938 4323 967 4375 ό
997 4322 1131 4384 Θεὸς
1160 4325 1201 4389 ³,
1233 4324 1266 4395 ἢ
1296 4323 1358 4377 τδ
1390 4324 1687 4379 ὑπακούειν
1726 4324 1930 4393 αὐτοῦς
1968 4347 1988 4381 ι

410 4412 541 4465 καί·
582 4431 602 4463 ι
671 4412 835 4482 ’Δκοὴ
877 4412 1057 4483 ἀγαθὴ
1106 4414 1246 4488 ὑπὲρ
1301 4415 1527 4471 θυσίαν·
1566 4436 1585 4469 ι
1634 4418 1728 4471 καί
1760 4420 1816 4451 ³·
1852 4436 1871 4469 ι
1929 4419 1993 4472 El

2082 574 2271 616 versus
2318 561 2598 617 veritatem
2649 578 2958 633 repugnans
3013 583 3121 621 non
3171 583 3342 622 sanus
3383 584 3477 633 es;
3530 570 3657 623 andi

2082 666 2211 720 ergo
2250 668 2315 707 ex
2340 653 2675 723 digressione
2703 671 2865 711 voces
2883 660 3289 726 prOphetarum,
3313 668 3364 713 et
3384 660 3492 728 jam
3526 675 3661 715 con-

2082 746 2300 801 tendere
2328 757 2383 801 et
2416 748 2659 803 insanire
2700 749 2942 804 desinas.
2978 749 3247 819 Propheta
3296 751 3435 806 Osee
3464 752 3544 807 sic
3576 752 3663 805 lo-

2084 838 2313 906 quitur:
2351 857 2370 890 ι
2403 838 2469 893 Et
2509 841 2793 908 quiescere
2832 840 3027 897 faciam
3087 858 3310 912 regnum
3354 846 3549 900 domus
3581 843 3661 898 ls-

2083 928 2231 991 rael;
2260 947 2277 982 ι
2298 939 2384 983 et:
2411 947 2429 979 ι
2455 928 2745 985 Conteram
2769 946 2955 986 arcum
2984 933 3146 987 Israel
3170 949 3184 996 ;
3211 950 3228 984 ι
3256 942 3345 987 et:
3376 952 3393 983 ‹
3417 933 3531 987 Non
3560 934 3660 987 ad-

2084 1020 2208 1075 dam
2240 1022 2377 1075 ultra
2419 1022 2665 1077 misereri
2690 1024 2876 1078 domui
2906 1023 3096 1087 Israel,
3122 1026 3217 1079 sed
3248 1024 3461 1079 luctans
3484 1023 3659 1081 lucta--

2088 1111 2188 1166 bor
2220 1111 2481 1169 adversus
2500 1128 2627 1179 eos;
2664 1131 2682 1165 ι
2715 1112 2848 1168 dicit
2864 1113 3158 1180 Dominus;
3199 1132 3216 1165 ι
3250 1124 3342 1168 et:
3376 1131 3394 1163 ι
3428 1111 3659 1169 Odiosus

2088 1202 2249 1258 habui
2279 1218 2375 1258 eos
2408 1213 2629 1274 propter
2664 1205 2926 1260 malitiam
2963 1206 3407 1260 adinventionum
3448 1221 3659 1268 eorum,

2087 1305 2143 1349 et
2179 1297 2243 1350 de
2274 1295 2439 1350 domo
2482 1311 2601 1351 mea
2631 1297 2840 1364 eliciam
2871 1313 2987 1362 eos,
3025 1306 3079 1352 ct
3110 1313 3215 1352 non
3251 1298 3446 1353 addam
3481 1307 3540 1353 ut
3581 1299 3662 1353 di-

2089 1387 2253 1457 ligam
2284 1402 2400 1453 eos,
2436 1387 2567 1442 dicit
2596 1387 2878 1444 Dominus.
2921 1388 3227 1444 Percussus
3259 1390 3541 1460 Epltraim,
3575 1406 3664 1445 ra-

2088 1479 2178 1532 dix
2201 1493 2411 1543 eorum,
2435 1488 2490 1533 et
2513 1477 2748 1533 fructum
2781 1493 3123 1548 nequaquam
3148 1479 3349 1535 facient
3386 1499 3399 1537 :
3434 1491 3487 1536 et
3518 1481 3662 1551 abji-

2089 1572 2196 1626 ciet
2227 1586 2319 1626 eos
2350 1570 2512 1637 Deus,
2549 1574 2677 1639 quia
2708 1587 2815 1627 non
2865 1573 3155 1627 audierunt
3199 1588 3319 1627 eum
3344 1612 3359 1634 .
3405 1583 3457 1628 et
3497 1584 3664 1629 erunt

2089 1663 2208 1733 vagi
2251 1662 2305 1716 in
2333 1664 2670 1719 nationibus.
2716 1682 2734 1717 ›
2780 1663 2923 1719 Dixit
2960 1665 3179 1733 quidem
3218 1674 3273 1719 et
3313 1666 3608 1721 Malachias
3647 1684 3660 1718 :

2099 1776 2117 1810 ‹
2157 1757 2273 1813 Non
2303 1766 2388 1813 est
2417 1758 2669 1814 voluntas
2715 1773 2836 1813 mea
2884 1758 2939 1813 in
2987 1758 3163 1820 vobis.
3211 1758 3345 1814 dicit
3400 1760 3664 1814 Dominus

2090 1851 2459 1920 omnipotens,
2485 1860 2539 1905 et
2566 1851 2892 1906 sacriﬁcium
2931 1865 3038 1905 non
3072 1851 3365 1918 suscipiam
3390 1851 3456 1905 de
3485 1852 3663 1906 mani-

2090 1944 2193 1999 bus
2220 1945 2437 2011 vestris,
2472 1944 2729 2014 quoniam
2765 1943 2835 1998 ab
2866 1954 2988 1997 ortu
3030 1943 3163 1999 solis
3192 1956 3365 2011 usque
3399 1942 3466 1997 ad
3500 1956 3664 1996 occa-

2088 2051 2206 2092 sum
2252 2052 2450 2091 nomen
2501 2050 2681 2089 meum
2715 2034 3049 2105 gloriﬁcatur
3090 2035 3145 2088 in
3191 2033 3463 2104 gentibus,
3510 2042 3564 2087 et
3609 2032 3664 2087 in

2087 2128 2238 2183 omni
2263 2129 2389 2183 loco
2424 2127 2707 2182 incensum
2732 2126 2958 2181 offertur
2983 2125 3197 2180 nomini
3234 2140 3380 2191 meo,
3401 2134 3454 2179 et
3483 2124 3665 2178 hostia

2088 2222 2312 2285 munda,
2336 2220 2463 2289 quia
2486 2234 2741 2290 magnum
2767 2228 2851 2274 est
2880 2232 3077 2272 nomen
3106 2232 3283 2271 meum
3310 2217 3364 2270 in
3390 2216 3662 2285 gentibus,

2087 2313 2223 2369 dicit
2253 2311 2516 2368 Dominus
2548 2311 2918 2382 omnipotens.
2952 2308 3016 2363 Et
3046 2324 3142 2363 vos
3176 2308 3451 2378 polluistis
3486 2307 3618 2363 illud
3646 2326 3658 2361 :

2086 2414 2307 2475 propter
2354 2404 2498 2473 quod
2539 2403 2683 2459 dabo
2738 2417 2833 2458 vos
2882 2401 3320 2472 contemptibiles
3367 2401 3421 2455 in
3470 2414 3663 2457 omnes

2087 2497 2356 2562 nationes,
2394 2497 2522 2567 quia
2555 2512 2664 2551 non
2705 2495 2963 2551 servastis
2991 2494 3137 2564 leges
3170 2508 3340 2549 meas.
3373 2510 3391 2544 ι
3423 2490 3547 2547 Ideo
3575 2490 3661 2546 di-

2087 2589 2164 2643 cit
2198 2598 2251 2643 et
2277 2586 2543 2642 Jeremias
2572 2604 2588 2642 :
2621 2586 2776 2640 «Haec
2806 2585 2939 2640 dicit
2970 2584 3230 2638 Dominus
3261 2582 3605 2651 omnipotens
3636 2598 3655 2634 ιη

2088 2678 2227 2733 Ecce
2263 2677 2442 2748 juravi
2478 2678 2531 2732 in
2567 2678 2789 2733 nomine
2816 2690 2938 2731 meo
2970 2690 3167 2745 magno
3196 2692 3210 2728 :
3247 2675 3293 2730 si
3321 2674 3460 2728 ultra
3496 2685 3661 2727 voca-

2086 2771 2235 2826 bitur
2274 2787 2472 2826 nomen
2498 2786 2673 2825 meum
2702 2786 2767 2826 ex
2803 2785 2899 2825 ore
2928 2769 3109 2824 omnis
3134 2766 3295 2823 Juda.
3336 2784 3356 2819 ι
3391 2765 3660 2833 Quoniam

2087 2864 2222 2919 dixit
2247 2879 2305 2919 se
2336 2877 2533 2918 nomen
2561 2878 2721 2918 suum
2755 2862 3065 2916 ablaturum
3098 2876 3220 2915 esse
3249 2859 3314 2914 de
3347 2858 3508 2923 Iuda,
3541 2874 3661 2912 ma-

2088 2956 2285 3011 nileste
2323 2964 2379 3011 et
2414 2955 2586 3025 legem
2631 2969 2851 3024 quoque
2894 2964 2949 3007 et
2995 2952 3284 3008 sacriﬁcia.
3334 2951 3453 3005 Non
3498 2950 3665 3019 igitur

2089 3047 2357 3119 praecipue
2411 3045 2710 3102 secundum
2759 3043 2855 3101 Dei
2898 3053 3136 3098 mentem
3171 3042 3237 3096 de
3264 3040 3550 3096 sacriﬁciis
3575 3038 3659 3094 lex

2089 3140 2213 3194 data
2239 3147 2358 3205 est;
2383 3140 2531 3193 unde
2558 3144 2682 3207 post
2703 3136 2818 3191 haec
2841 3150 2936 3205 per
2963 3136 3257 3205 prophetas
3287 3133 3426 3188 dixit
3454 3151 3465 3186 :
3499 3128 3664 3196 «Qui:

2088 3231 2233 3285 enim
2260 3231 2361 3286 hoc
2377 3229 2673 3300 exquisivit
2695 3229 2763 3284 de
2786 3228 3039 3282 manibus
3061 3227 3309 3281 V88lfi8?1
3337 3233 3425 3279 et:
3461 3222 3662 3278 «Num-

2090 3324 2222 3394 quid
2255 3338 2443 3393 preces
2477 3330 2531 3377 et
2565 3337 2757 3377 carnes
2784 3320 3033 3376 auferent
3062 3318 3297 3372 malitias
3330 3313 3518 3370 tuas?»
3557 3320 3659 3370 et:

2096 3435 2115 3469 ι
2150 3414 2425 3486 Numquid
2455 3415 2701 3470 victimas
2734 3424 2786 3468 et
2814 3412 3084 3469 sacriﬁcia
3114 3410 3393 3466 obtulistis
3427 3405 3564 3462 mihi
3606 3406 3661 3460 in

2091 3509 2313 3565 deserto
2361 3507 2722 3577 quadraginta
2757 3505 2957 3561 annis?
2988 3522 3007 3556 ι
3052 3512 3106 3558 ct
3132 3522 3147 3557 :
3178 3521 3196 3554 σ
3236 3500 3308 3557 Ut
3359 3500 3489 3571 quid
3526 3496 3663 3553 mihi

2092 3601 2222 3657 thus
2250 3600 2316 3655 de
2346 3599 2487 3655 Saba
2512 3598 2714 3653 aﬂ‘ertis
2747 3605 2802 3651 et
2841 3597 3247 3652 cinnamomum
3279 3593 3345 3648 de
3374 3602 3515 3647 terra
3542 3591 3664 3645 lon-

2092 3690 2339 3763 ginqua?
2371 3710 2389 3743 ι
2442 3690 2569 3744 Ideo
2623 3688 2756 3743 dicit
2798 3702 2815 3742 ι
2869 3708 2887 3741 ι
2930 3686 3219 3741 Victimam
3263 3693 3321 3740 et
3363 3684 3667 3740 oblationes

2094 3782 2373 3838 noluisti.»
2403 3783 2471 3837 Et
2505 3796 2519 3834 :
2561 3799 2580 3833 σ
2614 3778 2887 3849 Numquid
2918 3778 3361 3833 bolocautomata
3392 3782 3446 3827 et
3504 3772 3667 3827 victi-

2095 3889 2213 3929 mas
2242 3873 2359 3929 vult
2382 3872 2556 3934 Deus,
2582 3870 2763 3941 potius
2788 3883 2951 3938 quam
2978 3876 3037 3921 ut
3070 3864 3354 3920 obediatur
3379 3864 3468 3917 ei?
3499 3879 3518 3914 ι
3558 3859 3626 3915 Ει
3653 3878 3671 3914 :

2100 3984 2119 4018 ι
2153 3963 2471 4021 Obedientia
2506 3963 2703 4020 melior
2729 3970 2812 4018 est
2841 3974 3007 4029 super
3038 3957 3336 4013 victi-mam.
3369 3974 3388 4008 ι
3418 3954 3524 4008 Et:
3554 3971 3573 4006 ι
3612 3954 3670 4010 Si

2097 4057 2387 4124 voluisses,
2408 4056 2741 4114 sacriﬁcium
2782 4052 3055 4109 dedissem
3097 4050 3307 4119 utique.
3344 4066 3365 4100 ι
3436 4045 3503 4101 Et
3548 4045 3673 4102 dies

2096 4149 2265 4205 festos
2290 4150 2540 4220 rejiciens
2569 4147 2719 4203 addit
2746 4147 2936 4202 dicens
2969 4161 2984 4199 :
3018 4164 3037 4196 ι
3062 4143 3243 4209 0divi,
3278 4139 3482 4212 proieci
3512 4138 3674 4195 festi-

2096 4242 2292 4296 vitates
2338 4249 2593 4306 vestras;
2630 4238 2939 4294 carminum
2980 4242 3035 4289 et
3084 4235 3408 4304 hymnorum
3446 4241 3673 4286 tuorum

2098 4346 2268 4387 sonus
2303 4332 2373 4386 ab
2399 4331 2626 4386 auribus
2646 4329 2783 4383 meis
2806 4328 2949 4382 absit
2969 4345 2988 4379 ι
3029 4324 3095 4379 Et
3124 4340 3140 4377 :
3184 4343 3202 4377 ι
3234 4323 3383 4379 Diem
3414 4337 3666 4393 magnam

2098 4436 2207 4477 non
2266 4419 2531 4482 sustineo.
2609 4418 2814 4490 jejunia
2880 4426 2936 4473 et.
2990 4415 3225 4471 Sabbata
3296 4415 3413 4470 odit
3490 4414 3673 4469 anima

410 4505 690 4575 ἠθέλησας
717 4504 930 4571 θυσίαν,
952 4506 1125 4561 ἔδωκα
1152 4506 1237 4563 ἄν.
1278 4526 1298 4561 ι
1325 4508 1434 4562 Καὶ
1457 4508 1523 4578 δὴ
1549 4510 1644 4563 καὶ
1674 4511 1771 4573 τάς
1800 4510 1988 4580 ἑορτάς

2103 4528 2242 4569 mea.
2288 4530 2308 4565 ι
2345 4511 2409 4567 Ει
2438 4527 2453 4565 :
2492 4530 2511 4564 ι
2543 4509 2661 4566 Non
2695 4510 2801 4566 tale
2831 4509 3097 4579 jejunium
3137 4507 3476 4578 elegia—Et:
3506 4524 3525 4559 ι
3561 4505 3671 4561 Da-

412 4598 700 4653 ὲκόάλλων
732 4599 753 4630 ⁸
776 4599 974 4667 ἐπάγει
997 4598 1171 4667 λέγων
1201 4601 1222 4633 ³
1240 4616 1253 4631 ·
1285 4620 1304 4654 ι
1331 4601 1632 4672 Μεμίσηκα
1654 4603 1696 4668 ⁸,
1727 4601 1988 4671 ἀπῶσμαι

2103 4606 2174 4661 bo
2196 4604 2352 4660 vobis
2374 4612 2640 4675 praecepta
2675 4617 2786 4657 non
2817 4600 2979 4666 bona,
3014 4600 3068 4655 in
3121 4600 3323 4669 quibus
3365 4615 3474 4654 non
3520 4600 3672 4654 vive.

413 4692 517 4755 τὰς
550 4690 747 4762 ἑορτὰς
793 4690 969 4759 ὑμῶν,
1013 4691 1322 4763 ἀπόστησον
1351 4694 1447 4749 ἀπ’
1478 4694 1614 4764 ἐμοῦ
1664 4689 1798 4765 ἦχον
1842 4693 1988 4764 ᾠδῶν

2108 4694 2178 4749 tis
2231 4708 2327 4764 per
2368 4708 2451 4748 ea.
2502 4711 2522 4746 ι
2574 4691 2729 4748 Unde
2776 4706 2907 4762 ergo
2959 4699 3189 4759 propter
3230 4688 3493 4746 duritiam
3544 4703 3675 4745 cor-

417 4799 542 4848 σου,
565 4785 660 4836 καί
692 4783 909 4853 ψαλμὸν
927 4785 1176 4854 ὀργάνων
1205 4785 1345 4855 (σου)
1385 4786 1486 4840 οὐκ
1520 4786 1943 4856 είσακούσομαιο
1973 4805 1988 4838 ι

2106 4786 2193 4843 dis
2238 4787 2444 4851 vestri,
2484 4801 2593 4842 non
2625 4792 2842 4856 propter
2876 4783 3170 4839 bonitatem
3212 4796 3365 4837 suam
3396 4780 3547 4836 dedit
3573 4796 3675 4837 vo-

418 4874 517 4929 καί
550 4875 597 4906 ⁷·
643 4894 661 4927 ι
716 4875 962 4946 Ἦμέραν
987 4876 1229 4947 μεγάλην
1259 4877 1359 4931 οὐκ
1381 4878 1645 4949 ἀνέχομαι
1668 4879 1709 4943 ⁸,
1740 4880 1988 4948 νηστείαν

2104 4880 2188 4936 bis
2214 4887 2489 4950 praecepta.
2528 4878 2711 4933 omnia
2742 4877 2877 4942 haec,
2903 4889 3005 4931 nec
3043 4875 3349 4931 immutatio
3371 4883 3475 4931 est.

422 4968 522 5021 καὶ
552 4968 751 5038 ἀργίαν
778 4998 848 5009 -
881 4972 1084 5039 μισεϊή
1144 4970 1290 5041 ψυχή
1329 4986 1463 5041 μου*
1503 4990 1521 5023 ι
1551 4972 1643 5025 καί
1664 4974 1717 5003 ⁸⁸
1762 4990 1780 5023 ι
1818 4972 1894 5025 Οὐ
1924 4990 2007 5026 τοι
2044 4971 2214 5043 αὐτην
2245 4973 2513 5043 νηστείαν,
2544 4970 2702 5047 (ἐγὼ)
2738 4970 3070 5043 ἐξελεξάμην
3094 4989 3108 5003 ’

424 5062 561 5132 ὑμῖν
607 5060 1008 5131 προστάγματα
1076 5063 1137 5115 οὐ
1181 5060 1343 5127 καλὰ,
1387 5063 1444 5116 ἐν
1487 5059 1570 5126 οἷς
1609 5065 1668 5117 οὐ
1699 5064 1933 5135 ζήσεσθε
1963 5064 2031 5118 δι’

3196 4970 3310 5026 καί·
3342 4972 3397 5040 ,³ο
3446 4988 3464 5021 ί
3502 4968 3687 5022 Δώσω.

1625 5184 1827 5246 Variae
1851 5183 2159 5248 lectiones
2200 5190 2259 5247 et
2300 5192 2489 5251 nota).

501 5336 549 5365 "
578 5336 668 5389 Os.
705 5350 742 5397 t,
773 5336 827 5399 4,
851 5333 904 5391 6.
981 5335 1025 5367 ⁷⁷
1061 5336 1241 5398 οίκους
1267 5333 1444 5402 βασίλ.
1477 5333 1600 5387 cod.
1679 5333 1723 5366 ⁷⁸
1746 5332 1840 5387 τοῦ
1875 5334 1988 5388 add.

2089 5334 2161 5388 3d.
2238 5334 2281 5366 τ’
2310 5332 2655 5396 ἁντιτάξεται
2688 5331 2812 5402 cod.
2892 5332 2940 5363 ⁸⁸
2979 5331 3129 5401 αὑτῴ
3166 5329 3308 5402 Ceu.
3378 5328 3420 5361 ⁸³
3451 5326 3546 5402 Qs.
3588 5340 3675 5402 ια,

432 5406 615 5460 15-17.
693 5407 741 5437 εί
776 5397 1020 5474 Ἐφ.τάς
1058 5408 1109 5467 β.
1146 5405 1199 5457 ἀ.
1238 5397 1315 5469 ἐξ.
1346 5406 1440 5457 Us.
1515 5403 1561 5433 εδ
1591 5402 1715 5456 Mal.
1752 5403 1988 5474 1.10.12

2089 5405 2136 5436 ⁸⁸
2169 5405 2225 5456 ἐν
2265 5402 2535 5474 ἐμοίᾳοοό.
2558 5402 2655 5474 ﬂ”
2687 5400 2905 5474 Mal._tt,
3024 5397 3202 5474 Κάγὼ
3229 5398 3441 5474 δέδωκα
3464 5398 3516 5451 ὕ.
3597 5397 3647 5474 ξδ

430 5477 529 5548 καὶ
558 5466 965 5548 άπερῤιμένους
1001 5466 1147 5529 Μαι.
1205 5466 1299 5548 καί
1322 5474 1710 5548 Δ[παρειμένους
1748 5473 1901 5548 βοά.
1938 5474 1988 5548 ,⁸

2089 5489 2170 5548 :r._
2212 5466 2355 5548 μιν,
2385 5470 2473 5548 ἓβ.
2493 5540 2506 5548 Δ
2552 5472 2599 5504 ⁸⁸
2632 5486 2758 5548 μεγ.
2804 5466 2931 5522 εἷπε
2955 5470 3158 5548 Κόριος
3189 5469 3284 5548 ἐὰν
3308 5468 3681 5548 γένηται-ἔτι

426 5546 604 5612 ὄνομά
636 5539 738 5615 μίοῦ
767 5539 831 5615 ἐν
851 5545 929 5611 τῷ
960 5562 1044 5598 στ.
1078 5544 1277 5607 παντὸς
1321 5544 1379 5615 ’1Σ
1406 5539 1530 5596 Ιετζ
1555 5559 1680 5615 μεγ.
1715 5542 1767 5615 εί
1789 5543 1836 5595 ἐ.
1868 5541 2046 5615 τοίνυν
2078 5541 2179 5615 τοῦ
2308 5542 2356 5594 ὀ.
2389 5540 2449 5593 τὸ
2571 5556 2675 5615 μου
2706 5544 2763 5591 ἐν
2791 5557 2851 5615 π.
2886 5541 3069 5615 στ.-’1ἶ
3096 5540 3229 5615 Ceu:
3261 5609 3273 5615 _
3306 5539 3354 5571 θ’
3394 5540 3524 5593 (led.
3552 5539 3680 5615 399.

431 5608 719 5679 iit-391,8.
792 5614 840 5647 '°
869 5608 969 5682 μὲν
998 5633 1049 5668 τ.
1076 5615 1207 5669 Οειι.
1282 5616 1323 5652 θ’
1351 5611 1461 5669 Jer.
1494 5608 1652 5682 1.]‘2.
1728 5613 1774 5643 ⁹²
1805 5629 1897 5682 σου
1930 5612 1988 5664 CC

2102 5610 2181 5682 _"
2212 5610 2323 5666 Jer.
2351 5627 2437 5682 Axn,
2476 5608 2606 5682 ‘15.:
2639 5608 2686 5642 ”
2705 5610 2912 5682 κρέατα
2936 5609 3091 5682 iCed.
3172 5609 3218 5642 ³³
3246 5609 3344 5661 Am
3360 5625 3442 5682 os.
3479 5625 3557 5682 v',_
3587 5609 3681 5682 25.

430 5688 477 5717 ”
555 5678 781 5754 σφάγιον
828 5678 961 5740 Ced.
1036 5686 1080 5718 "
1115 5683 1225 5739 Jcr.
1256 5701 1329 5748 vlt,
1361 5682 1451 5744 20.
1484 5751 1492 5754 Α
1527 5680 1575 5714 ⁸⁸
1604 5683 1796 5754 φέρεις
1820 5680 1953 5754 Cod.

2101 5679 2311 5754 Psaxr.1
2338 5680 2391 5754 6.
2471 5680 2540 5754 [ί
2574 5678 3003 5754 Sam._'§v_,_22._
3057 5682 3133 5754 ὀ
3175 5680 3415 5754 pexae.
3462 5680 3590 5754 co_d._
3663 5678 3684 5711 '

432 5757 524 5808 Ps.
592 5749 687 5819 t.t,‘
718 5757 805 5811 l6.
883 5756 902 5784 ⁸
935 5755 1180 5808 ἐκϐαλὼν
1207 5755 1337 5809 Ccd.
1415 5754 1435 5784 ⁸
1470 5749 1651 5806 Amos.
1680 5749 1734 5813 ι’,
1770 5751 1859 5804 21.
1937 5752 1957 5783 ⁸

2089 5751 2240 5807 “add.
2273 5750 2403 5808 Ced.
2479 5753 2500 5783 ⁷
2524 5752 2627 5808 lsa.
2658 5767 2695 5819 ι,
2731 5751 2910 5817 15,14.
2984 5750 3006 5781 ⁸
3036 5749 3275 5808 xaladd.
3310 5752 3441 5808 (Sed.
3516 5752 3537 5780 ⁹
3573 5749 3680 5802 lsa.

438 5842 589 5894 tvm,
628 5828 680 5883 5.
711 5827 785 5881 Οὐ
819 5826 1023 5896 ταύτην
1057 5828 1153 5899 τὴν
1182 5844 1226 5881 ν.
1254 5827 1331 5893 ἐξ.
1414 5824 1454 5855 ¹⁰
1485 5824 1575 5879 Et.
1621 5840 1711 5889 xx,
1753 5823 1842 5877 '25.
