4060 6216
462 316 566 377 467

1657 315 1973 377 GEORGII
2018 294 2464 377 nummo“

3589 304 3696 367 483

464 426 662 480 αὐτῶν.
704 444 721 477 ι
761 426 922 479 Ὥστε
950 419 1044 478 οὖν
1084 425 1224 480 κατά
1261 425 1357 495 τὴν
1395 427 1828 499 σκληροκαρδίαν
1857 430 2029 499 ὑμῶν,
2072 432 2167 484 καὶ
2217 430 2278 483 οὐ
2313 429 2456 483 κατὰ
2495 428 2595 499 τὴν
2661 424 2975 495 ἀγαθότητα
3005 420 3237 495 (αὐτοῦ),
3272 418 3472 473 ἔδωκεν
3509 417 3552 451 ⁸⁸
3587 420 3718 490 ὑμῖν

460 521 528 573 τὰ
556 520 952 589 προστάγματα
977 519 1138 572 αὐτοῦ
1163 522 1345 573 ἐκεῖνα
1370 522 1607 586 πάντως,
1630 523 1724 577 καὶ
1743 524 2027 588 ἀλλοίωσις
2061 527 2163 578 οὐκ
2200 525 2368 578 ἐστιν.

532 611 825 681 Postquam
855 613 1172 682 jamdudum
1204 615 1481 685 insipienti
1512 618 1665 674 valde
1692 631 1746 675 et
1772 621 2030 690 ingratis-

2208 620 2250 652 "
2302 618 2414 685 (I6)
2459 617 2614 672 Ἐπεὶ
2665 613 2759 670 οὖν
2808 612 3078 683 ἀγνώμων
3133 606 3384 679 (σφόδρα)
3437 606 3536 661 καλ⁸
3601 605 3721 660 λίαν

462 707 606 759 simo
646 706 815 760 corde
872 705 1051 760 factus
1096 714 1241 761 esset
1320 707 1509 771 Israel,
1563 720 1616 763 et
1658 711 2032 781 dereliquisset

462 794 615 848 illum
652 796 743 864 qui
770 811 895 850 vere
922 805 1005 850 cst
1032 804 1086 849 et
1115 796 1217 850 fuit
1250 811 1437 851 eorum
1469 798 1633 862 Deus,
1662 803 1755 871 qui
1793 803 2033 871 plasma-

463 884 540 937 vit
568 898 683 948 eos,
708 893 759 937 et
794 903 811 936 ι
847 885 1138 942 multifarie
1181 887 1478 958 multisque
1510 892 1687 946 modis
1717 911 1734 943 ι
1770 894 2033 949 benefecit

464 974 565 1037 eis,
602 983 655 1027 et
686 974 912 1028 omnino
945 991 974 1029 a
1013 976 1119 1031 Deo
1150 976 1431 1034 Salvatore
1463 996 1563 1036 suo
1589 981 1865 1047 deﬁciens,
1902 984 2031 1038 «imo

467 1064 724 1118 molassct
759 1065 901 1120 filios
938 1083 1068 1121 suos
1106 1078 1161 1123 et
1209 1070 1344 1125 ﬁlias
1391 1087 1524 1127 suas
1571 1073 1884 1140 daemoniis,
1928 1095 1949 1128 ι
1978 1085 2033 1131 et

466 1166 732 1212 creaturae
781 1160 1057 1215 serviisset
1083 1176 1206 1215 eum
1239 1164 1475 1220 adorans
1500 1175 1693 1235 praeter
1719 1166 2032 1222 Creatorem

473 1269 489 1300 ι
523 1249 712 1306 dicens
746 1251 892 1322 ligno
930 1261 982 1306 et
1010 1254 1173 1322 lapidi
1202 1272 1214 1308 :
1248 1256 1389 1312 Deus
1416 1272 1570 1314 meus
1617 1274 1697 1320 es.
1744 1267 1799 1312 et
1842 1269 1895 1313 tu
1948 1274 2034 1312 me

467 1343 758 1410 generasti,
783 1335 817 1406 ί)
852 1359 958 1398 non
994 1346 1205 1400 horruit
1234 1349 1400 1404 miser
1429 1358 1483 1402 et
1503 1350 1755 1420 stupidus
1770 1354 2035 1420 abnegare

466 1435 557 1502 qui
591 1450 715 1489 eum
749 1447 1002 1505 genuerat
1036 1440 1203 1493 Deum
1259 1442 1439 1496 vivum
1477 1452 1532 1497 et
1570 1459 1780 1507 verum,
1817 1452 1871 1498 et
1899 1443 2035 1498 obli—

467 1526 600 1580 visci
644 1528 969 1583 nutrientem
1001 1546 1059 1584 se
1088 1530 1281 1585 Deum.
1310 1532 1518 1587 Idcirco
1559 1534 1613 1587 in
1647 1543 1927 1603 posterum
1980 1543 2037 1587 ut

469 1616 645 1671 inutili
694 1628 745 1673 et
789 1620 1074 1675 insanabili
1109 1623 1278 1677 iratus
1305 1632 1389 1677 est
1416 1624 1491 1676 illi
1532 1624 1675 1679 Deus
1711 1635 1766 1679 et
1806 1638 2033 1681 aversus

468 1718 550 1762 est
589 1710 813 1765 omnino
847 1712 915 1766 ab
945 1727 1032 1777 eo,
1077 1728 1173 1782 per
1220 1730 1476 1785 magnum
1509 1715 1762 1771 Davidem
1792 1716 1981 1773 dicens
2020 1736 2033 1772 :

476 1816 493 1847 ι
536 1799 601 1853 Ει
634 1815 739 1854 non
787 1801 995 1857 audivit
1035 1803 1270 1872 popqus
1312 1821 1466 1862 meus
1500 1823 1690 1864 vocem
1729 1824 1906 1864 meam
1930 1850 1945 1877 ,
1984 1820 2038 1866 et

2135 712 2429 782 ἀχάριστος
2477 712 2504 763 6
2556 708 2769 781 Ἰσραὴλ
2812 707 3044 761 ἔκπαλαι
3077 702 3366 772 γενόμενος
3418 701 3515 755 καὶ
3551 718 3721 754 κατα-

2135 806 2324 875 λείψας
2353 805 2442 858 τὸν
2495 804 2664 866 ὄντως
2700 801 2829 855 ὄντα
2862 800 2958 854 καὶ
2999 796 3239 869 προὸντα
3274 794 3426 859 Θεὸν,
3468 794 3558 847 τὸν
3591 811 3717 847 ποι-

2136 902 2344 970 ήσαντα
2387 898 2482 950 καὶ
2536 916 2553 948 ι
2579 894 3016 966 εὐεργετήσαντα
3059 889 3222 943 αὑτὸν
3267 886 3309 917 ⁸³
3342 906 3359 938 ι
3386 885 3706 953 πολυμερῶς

2147 993 2244 1045 καὶ
2274 989 2651 1060 πολυτρόπως,
2697 1009 2713 1039 ι
2741 987 2838 1041 καὶ
2862 986 3068 1036 τέλειον
3104 984 3148 1014 ⁸⁸
3171 979 3417 1041 ἀποστὰς
3440 977 3542 1031 ἀπὸ
3565 976 3701 1030 Θεοῦ

2137 1086 2388 1157 Σωτῆρος
2418 1081 2603 1147 αὑτοῦ,
2644 1100 2662 1132 ι
2695 1079 2851 1133 ἔθυσε
2886 1079 2927 1109 ’⁵
2957 1077 3084 1139 τοὺς
3120 1074 3269 1136 υἱοὺς
3302 1070 3464 1125 αὐτοῦ
3495 1070 3589 1121 καὶ
3612 1069 3707 1131 τὰς

2139 1175 2443 1246 θυγατέρας
2462 1172 2679 1247 [αὐτοῦ]
2701 1174 2811 1235 τοῖς
2842 1169 3144 1238 δαιμονίοις
3164 1182 3177 1197 ο
3216 1184 3234 1216 ι
3269 1165 3361 1218 καὶ
3380 1163 3713 1247 ἐλάτρευσαν

2137 1267 2612 1339 προσκυνήσαντες
2640 1266 2683 1297 ⁸⁸
2709 1266 2773 1335 τῇ
2829 1262 3002 1317 κτίσει
3046 1260 3195 1329 παρά
3225 1258 3317 1310 τὸν
3355 1256 3616 1310 κτίσαντα
3649 1253 3714 1309 ⁸⁷.

2144 1378 2162 1411 ι
2199 1359 2372 1426 λέγων
2398 1358 2474 1427 τῷ
2504 1357 2646 1427 ξύλῳ
2674 1356 2766 1409 καὶ
2793 1354 2871 1425 τῷ
2904 1352 3038 1422 λίθῳ
3058 1369 3070 1381 ⁸
3103 1349 3238 1411 Θεὸς
3274 1364 3376 1417 μου
3416 1341 3487 1411 εἴ,
3522 1344 3618 1397 καὶ
3650 1342 3715 1395 σύ

2141 1468 2208 1520 με
2232 1449 2554 1520 ἐγέννησας·
2598 1466 2617 1500 ι
2650 1448 2749 1499 οὐκ
2796 1442 3017 1515 ἔφριξεν
3048 1442 3077 1494 6
3125 1440 3290 1501 τάλας
3324 1438 3420 1489 καὶ
3466 1433 3719 1502 ἀπόπλη-

2138 1560 2267 1605 κτος
2287 1540 2626 1613 ἀρνήσασθαι
2651 1540 2694 1575 “
2715 1538 2805 1590 τὸν
2819 1536 3158 1606 γεννήσαντα
3184 1532 3346 1584 αὑτὸν
3373 1528 3506 1581 Θεὸν
3537 1527 3717 1592 ζῶντα

2140 1637 2235 1690 καὶ
2267 1634 2538 1705 ἀληθινὸν,
2579 1631 2673 1685 καὶ
2720 1627 3073 1682 ἐπιλαθέσθαι
3102 1624 3195 1677 τοῦ
3229 1623 3523 1693 τρέφοντος
3554 1618 3721 1673 αὑτὸν

2140 1726 2296 1782 Θεοῦ.
2354 1725 2446 1779 Διὸ
2491 1723 2554 1794 δὴ
2591 1722 2777 1776 λοιπὸν
2818 1721 2894 1784 ώς
2940 1720 3198 1788 ἀχρήστῳ
3242 1716 3359 1783 (καὶ
3407 1711 3717 1780 ἀνηκέστῳ)

2143 1818 2517 1891 προσώχθισεν
2544 1816 2585 1848 ¹⁹
2618 1812 2766 1883 αὐτῷ
2789 1815 2817 1867 6
2850 1811 2982 1874 Θεὸς
3018 1810 3114 1863 καὶ
3141 1806 3472 1877 ἀπεστράφη
3506 1802 3717 1868 (αὐτὸν)

471 1889 635 1945 Israel
682 1908 788 1946 non
827 1894 1058 1949 intendit
1094 1897 1250 1963 mibi,
1280 1907 1335 1953 et
1379 1900 1561 1957 dimisi
1607 1916 1714 1958 eos
1735 1906 2034 1957 secundum

2149 1889 2443 1973 παντελῶς,
2463 1909 2553 1962 διὰ
2574 1906 2668 1961 τοῦ
2699 1905 2934 1977 μεγάλου
2963 1903 3010 1934 ὀ
3033 1900 3197 1955 Δαυῖδ
3216 1900 3440 1969 φάσκων
3460 1897 3505 1927 ’³
3522 1912 3536 1926 ο
3559 1914 3577 1944 ι
3610 1895 3721 1946 Καὶ

470 1984 885 2042 αιΙίιινοηιίηιιρσ
930 1988 1110 2043 cordis
1154 2005 1342 2044 eorum
1390 1993 1689 2048 ambulare.
1723 2013 1742 2045 ι
1784 1995 2042 2051 Similiter

2149 2007 2242 2058 οὐκ
2269 2007 2502 2074 ἤκουσεν
2535 2004 2561 2055 6
2588 2000 2716 2061 λαός
2742 2016 2841 2068 μου
2871 2000 2969 2067 τῆς
2997 1994 3181 2065 φωνῆς
3217 2010 3338 2062 μου,
3372 1990 3465 2043 καὶ
3501 1987 3721 2057 Ἰσραὴλ

469 2084 524 2129 et
543 2073 836 2133 Zacharias
863 2079 936 2132 ait
964 2095 977 2131 :
1011 2100 1029 2132 ι
1061 2080 1206 2148 Dixi,
1230 2081 1347 2136 Non
1380 2099 1596 2152 pascam
1626 2101 1749 2151 eos;
1780 2089 1870 2142 sed
1899 2089 2043 2157 quod

472 2168 725 2232 moritur,
750 2171 1038 2237 moriatur,
1066 2181 1121 2226 et
1142 2174 1286 2241 quod
1319 2177 1492 2242 perit,
1528 2185 1745 2245 pereat,
1770 2189 1821 2232 et
1849 2180 2042 2249 reliqui

473 2258 734 2313 devorent
768 2264 1144 2332 unusquisque
1168 2278 1366 2321 carnes
1398 2267 1630 2336 proximi
1663 2270 1799 2323 sui.)
1829 2270 2040 2325 Etcum

472 2352 548 2405 ita
575 2366 634 2405 se
672 2351 909 2406 invisum
952 2363 1006 2408 et
1051 2366 1365 2425 corruptum
1411 2368 1466 2413 et
1503 2374 1730 2429 prorsus
1775 2362 2039 2431 pollutum

472 2458 569 2519 per
594 2444 945 2513 turpissimas
960 2455 1013 2500 et
1039 2447 1233 2516 impias
1258 2449 1672 2507 adinvcntiones
1697 2454 2043 2522 praebuisset,

470 2537 593 2604 jure
626 2551 852 2606 prorsus
888 2553 950 2593 ac
983 2539 1178 2594 merito
1207 2541 1505 2597 derelictus
1540 2552 1625 2599 est
1672 2554 1725 2599 et
1777 2546 2045 2614 abjectus,

474 2628 618 2681 sicut
654 2638 707 2683 et
733 2629 891 2685 divus
929 2632 1041 2700 ipse
1063 2631 1357 2688 Malacltias
1380 2635 1458 2688 ait
1487 2652 1503 2700 ;
1543 2656 1560 2687 ι
1598 2637 1807 2691 Cecidit
1832 2637 1996 2693 Israel
2028 2678 2042 2701 ,

474 2729 527 2773 et
560 2735 665 2774 non
694 2721 908 2787 adjicict
946 2732 1003 2778 ut
1043 2735 1309 2794 resurgat.
1351 2745 1369 2777 ι
1409 2726 1501 2780 Sic
1535 2736 1590 2781 et
1618 2727 1786 2783 Isaias
1815 2743 1830 2781 :
1862 2747 1879 2781 ι
1912 2730 2045 2794 Quis

477 2822 661 2880 parcet
685 2813 818 2866 tibi?
847 2813 1172 2883 Jerusalem,
1206 2826 1297 2870 aut.
1325 2819 1449 2887 quis
1479 2819 1717 2874 reflectet
1752 2830 1803 2874 te
1851 2822 1903 2875 iu
1954 2838 2046 2891 pa-

477 2918 595 2957 cem
627 2904 745 2968 tibi,
778 2906 910 2959 dicit
954 2906 1241 2962 Dominus.
1270 2908 1593 2965 Retrorsum
1642 2913 1966 2980 ambulabis,
1994 2923 2048 2969 et

478 2995 763 3050 extendam
804 3013 1025 3052 manum
1063 3014 1262 3065 meam,
1290 3012 1340 3055 et
1383 3002 1705 3058 interﬁciant
1748 3014 1821 3067 te,
1853 3016 1905 3060 et
1938 3022 2045 3061 non

479 3088 715 3157 amplius
744 3090 1011 3145 dimittam
1045 3101 1115 3149 te.
1149 3111 1271 3145 ι-ι
1312 3093 1450 3150 Ecce
1480 3111 1578 3165 ego
1606 3097 1734 3151 tollo
1774 3108 1825 3152 ct
1857 3098 2047 3169 frango

478 3194 597 3245 vos,
623 3187 677 3235 et
715 3180 986 3238 civitatem
1017 3201 1179 3254 quam
1209 3186 1328 3239 dedi
1356 3186 1526 3250 vobis,
1565 3197 1620 3243 et
1658 3188 1799 3243 dabo
1830 3205 1925 3244 vos
1952 3206 2050 3260 op-

2144 2096 2204 2149 οὑ
2233 2093 2501 2165 προσέσχε
2536 2109 2647 2162 μοι,
2682 2088 2823 2164 [καὶ]
2864 2084 3224 2153 ὲξειπέστειλα
3252 2082 3447 2142 αὐτοὺς
3478 2079 3623 2131 κατά
3648 2077 3722 2129 τά

2145 2186 2554 2256 ἐπιτηδεύματα
2599 2185 2711 2235 τῶν
2764 2178 3003 2251 καρδιῶν
3049 2176 3229 2231 αὐτῶν
3284 2170 3637 2244 πορεύεσθαι.
3698 2185 3717 2219 ι

2158 2279 2429 2341 Ὡσαύτως
2453 2282 2547 2330 καὶ
2574 2274 2847 2345 Ζαχαρίας
2872 2274 2918 2303 ”
2958 2271 3121 2329 φησίν
3146 2284 3161 2300 ·
3199 2287 3217 2317 ι
3258 2263 3430 2323 Εἷπον
3449 2282 3464 2298 ·
3495 2263 3570 2315 Οὐ
3600 2276 3727 2313 ποι-

2150 2372 2306 2442 μανῶ
2343 2370 2561 2432 αὐτοὺς,
2599 2367 2736 2421 ἀλλά
2778 2366 2839 2421 τὸ
2888 2359 3233 2431 ἀποθνῆσκον
3283 2358 3442 2428 297
3482 2353 3725 2423 ἀποθνηο

2150 2465 2344 2525 σκέτω,
2400 2464 2494 2515 καὶ
2548 2460 2609 2514 τὸ
2651 2458 3019 2527 ἀπολλύμενον
3070 2453 3453 2512 ἀπολλυέσθω,
3506 2448 3601 2501 καὶ
3651 2444 3726 2497 τὰ

2148 2554 2451 2609 κατάλοιπα
2474 2553 2517 2583 ⁸³
2542 2548 2914 2604 κατεσθιέσθω
2936 2548 2981 2579 ’⁵
3006 2544 3239 2606 ἕκαστος
3264 2543 3361 2604 τὰς
3395 2540 3603 2609 σάρκας
3624 2534 3722 2587 τοῦ

2150 2646 2377 2716 πλησίον
2412 2644 2599 2698 αὐτοῦ.
2635 2662 2653 2693 ι
2686 2642 2795 2695 Καὶ
2828 2639 2969 2693 οὕτω
2999 2636 3224 2707 μισητὸν
3260 2634 3353 2685 καὶ
3376 2626 3725 2701 διαφθαρμέ-

2147 2756 2237 2794 νον
2266 2739 2355 2792 καὶ
2384 2736 2517 2807 (80⁸)
2548 2738 2627 2797 είς
2660 2734 2806 2788 ἀπαν
2831 2730 3251 2798 ὲϐδελλυγμένον
3284 2724 3371 2778 διὰ
3393 2722 3502 2776 τῶν
3542 2719 3729 2789 αἱσχίυ

2150 2846 2292 2882 στων
2320 2829 2415 2880 καὶ
2443 2825 2752 2892 θεοστυγῶν
2793 2818 3243 2891 ἐπιτηδευμάτων
3274 2814 3471 2867 ἑαυτὸν
3504 2810 3726 2877 ἀποφή-

2148 2936 2269 2982 νας,
2300 2918 2528 2977 εἰκότως
2556 2910 2615 2968 εὖ
2664 2913 2809 2984 μάλα
2840 2912 2956 2980 (καὶ
2982 2910 3122 2962 πάνυ
3166 2904 3416 2969 δικαίως)
3458 2903 3537 2963 εἰς
3567 2899 3725 2960 τέλος

2150 3009 2479 3080 κατελείφθη
2522 3007 2617 3061 καὶ
2665 3003 2949 3073 ἀπεϐλήθη
2981 3002 3047 3069 ⁸⁸,
3076 2999 3258 3061 καθὼς
3303 2995 3465 3049 πάλιν
3498 2994 3525 3044 6
3578 2992 3726 3051 θεῖος

2150 3102 2435 3173 Μαλαχίας
2460 3098 2624 3169 φησίν
2654 3098 2737 3130 ⁸⁸·
2774 3115 2792 3147 ι
2827 3097 3062 3148 Ἔπεσεν
3106 3088 3325 3161 Ἰσραὴλ
3364 3088 3458 3139 καὶ
3492 3082 3727 3155 (οὐκέτι)

2150 3199 2211 3251 οὐ
2266 3196 2341 3266 μὴ
2391 3194 2693 3266 προσθήσει
2746 3190 2841 3244 τοῦ
2893 3188 3213 3257 ἀναστῆναι.
3249 3203 3267 3235 ι
3323 3181 3481 3235 Οὕτω
3546 3178 3641 3231 καὶ
3677 3175 3724 3207 ³⁷

479 3271 759 3340 probrium
774 3273 1169 3343 sctnpiternum
1191 3284 1243 3327 et
1262 3276 1612 3344 ignominiam
1638 3280 2042 3348 sempiternam,

2162 3289 2390 3350 Ἡσαΐας
2431 3286 2594 3357 φησίν
2634 3284 2681 3318 ³⁸
2707 3300 2720 3313 ο
2766 3302 2785 3335 ι
2820 3283 2916 3345 Τίς
2950 3278 3197 3349 φείσεται
3247 3275 3341 3328 ἐπὶ
3391 3274 3473 3325 σοὶ
3506 3272 3572 3331 ’⁸,
3615 3267 3724 3320 Ἱε-

478 3376 601 3430 quze
638 3377 917 3432 nunquam
947 3364 1218 3419 oblivione
1249 3365 1539 3421 delebitur.
1571 3387 1591 3419 ι
1625 3370 1786 3424 Istius
1817 3370 2049 3425 novissi-

480 3468 583 3507 mae
614 3465 669 3507 et
695 3456 898 3510 ultimae
924 3456 1312 3512 destructionis
1343 3459 1604 3514 terribilia
1643 3476 1875 3531 quasque
1919 3477 2047 3516 uar-

481 3556 661 3601 rantes
708 3558 762 3601 ct
794 3546 1139 3603 formidanda
1185 3550 1353 3604 divini
1397 3552 1596 3621 eloquii
1648 3554 2047 3609 scientissimus

479 3636 719 3709 Moyses,
745 3650 942 3710 etpost
988 3656 1111 3696 eum
1147 3642 1451 3698 cmlestium
1495 3653 1648 3700 vates
1684 3644 1952 3702 Jeremias
1995 3656 2050 3703 et

483 3731 731 3787 Ezechiel
756 3732 870 3787 haec
900 3733 1173 3799 omnibus,
1200 3735 1381 3791 idiotis
1411 3752 1645 3806 quoque,
1687 3740 1834 3794 clara
1862 3741 2054 3793 admo-

480 3824 719 3894 dumque
771 3827 1059 3883 manifesta
1114 3828 1432 3885 effecerunt.
1484 3830 1697 3902 Moyses
1747 3849 1942 3901 nempe
1993 3835 2046 3887 in

484 3920 905 3974 Deuterouomio
935 3922 1066 3976 dicit
1094 3940 1107 3975 :
1142 3941 1159 3973 ι
1200 3921 1263 3975 Et
1290 3923 1521 3978 adducet
1549 3924 1813 3979 Dominus
1836 3935 2047 3994 gentem

482 4024 648 4081 super
671 4022 720 4067 te
748 4027 778 4066 a
810 4013 1103 4083 longinquo
1129 4014 1196 4068 de
1220 4015 1474 4069 extremis
1498 4024 1673 4079 terrae,
1705 4027 1763 4071 ut
1786 4016 2049 4087 impetum

483 4105 701 4174 aquilae,
724 4115 937 4175 gentem
967 4105 1102 4161 facie
1137 4106 1619 4176 procacissimam;
1652 4118 1708 4163 et
1728 4120 1975 4165 conteret
1999 4121 2052 4165 te

484 4196 539 4251 in
566 4198 822 4254 omnibus
852 4200 1081 4254 urbibus
1134 4203 1263 4265 tuis,
1312 4201 1484 4256 donec
1512 4203 1871 4257 destruantur
1906 4203 2050 4256 muri

484 4295 562 4348 tui
596 4294 858 4351 sublimes
884 4307 1047 4371 atque
1080 4296 1219 4351 ﬁrmi
1246 4338 1260 4361 ,
1307 4297 1360 4351 in
1402 4298 1603 4369 quibus
1638 4298 1879 4353 habebas
1910 4298 2047 4353 ﬁdu-

483 4386 621 4441 ciam
662 4387 716 4441 in
750 4387 882 4443 eis.»
922 4407 1018 4441 -ι
1056 4389 1123 4443 Ει
1174 4390 1429 4445 comedes
1478 4389 1689 4447 fructus
1741 4390 1879 4446 uteri
1933 4391 2050 4456 tui,

483 4493 678 4535 carnes
709 4479 944 4535 ﬁliorum
976 4492 1192 4536 tuorum
1224 4492 1279 4537 et
1317 4483 1548 4537 ﬁliarum
1581 4493 1797 4538 tuarum
1837 4502 1963 4536 i—c
1984 4498 2050 4537 eo

2156 3377 2460 3451 ρουσαλὴμ,
2491 3379 2524 3448 ἦ
2567 3378 2652 3439 τίς
2683 3372 3002 3445 ἀνακάμψει
3032 3370 3078 3402 ⁸⁸
3110 3385 3169 3421 σε
3218 3369 3299 3429 είς
3343 3366 3564 3435 εἰρήνην
3598 3376 3683 3414 ac:
3711 3379 3727 3425 ;

2152 3473 2299 3541 λέγει
2352 3472 2577 3543 Κύριος.
2618 3469 2822 3521 Ὀπίσω
2877 3463 3152 3537 πορεύσῃ·
3206 3456 3346 3532 [καὶ]
3388 3455 3593 3508 ἐκτενῶ
3626 3452 3730 3521 τὴν

2153 3567 2311 3637 χεῖρά
2348 3581 2472 3634 μου,
2508 3562 2602 3615 καὶ
2642 3558 2916 3628 διαφθερῶ
2952 3573 3033 3620 σε,
3065 3554 3159 3607 καὶ
3198 3546 3478 3616 διασπεροῖ)
3514 3562 3597 3608 σε,
3632 3544 3731 3596 καὶ

2153 3658 2336 3711 οὐκέτι
2372 3657 2556 3724 ἀνήσω
2583 3671 2641 3705 σε
2666 3654 2731 3706 ³³.
2759 3670 2857 3701 ›-
2888 3650 2933 3681 ³³
2967 3668 2985 3701 ι
3009 3646 3166 3711 Ἰδοὺ,
3206 3642 3316 3712 ἐγὼ
3339 3639 3599 3712 λαμϐάνω
3631 3638 3733 3689 καὶ

2156 3752 2342 3822 ῥάσσω
2378 3748 2521 3817 ὑμᾶς
2554 3746 2647 3799 καὶ
2674 3746 2772 3809 τὴν
2805 3743 2978 3807 πόλιν,
3031 3741 3097 3811 ἢν
3150 3739 3326 3790 ἔδωκα
3352 3734 3397 3766 ³³
3426 3735 3580 3803 ὑμῖν,
3632 3730 3733 3783 καὶ

2153 3841 2308 3895 δώσω
2343 3841 2485 3910 ὑμᾶς
2516 3835 2820 3905 ὀνειδισμὸν
2851 3832 3069 3888 αἰώνιον
3102 3830 3196 3883 καὶ
3227 3827 3454 3898 ἀτιμίαν
3486 3822 3731 3882 αἰώνιον,

2153 3936 2275 4004 ἥτις
2304 3932 2403 3985 οὐκ
2429 3928 2881 3999 ὲπιλησθήσεται.
2918 3943 2935 3977 ι
2968 3926 3014 3957 ³⁵
3046 3923 3160 3995 (17)
3188 3922 3300 3990 Τῆς
3348 3919 3529 3971 τοίνυν
3562 3912 3735 3983 ἐσχάο

2155 4045 2252 4097 της
2304 4024 2558 4084 ἁλώσεως
2604 4020 2807 4089 ταύτης
2839 4018 2933 4071 καὶ
2983 4013 3303 4076 τελευταίας
3337 4010 3407 4063 τά
3449 4005 3598 4061 δεινά
3634 4004 3733 4059 καὶ

2157 4117 2361 4188 φοϐερά
2385 4114 2819 4183 διαγορεύοντες,
2849 4111 2876 4163 ὂ
2908 4126 2967 4161 τε
3003 4107 3173 4175 μέγας
3206 4104 3252 4136 ³⁸
3281 4100 3604 4173 θεορῤήμων
3629 4097 3735 4151 πά-

2155 4211 2239 4263 λιν
2280 4208 2520 4278 Μωῡσῆς
2561 4205 2658 4259 καὶ
2695 4206 2743 4257 οἱ
2794 4202 2911 4274 μετ’
2943 4201 3103 4255 αὐτὸν
3156 4196 3408 4267 θεηγόροι
3469 4190 3735 4260 Ίεζεκιὴλ

2158 4300 2298 4374 [καὶ]
2339 4298 2630 4369 Ἱερεμίας,
2665 4296 2889 4365 εὐκρινῆ
2921 4295 3042 4348 λίαν
3074 4292 3167 4345 καὶ
3207 4290 3414 4361 σφόδρα
3456 4285 3590 4355 δῆλα
3617 4285 3737 4345 τοῖς

2158 4396 2289 4447 πᾶσι
2314 4392 2407 4444 καὶ
2446 4392 2559 4453 τοῖς
2588 4391 2728 4457 ἄγαν
2765 4387 3000 4450 ἰδιώταις
3041 4384 3184 4440 αὐτὰ
3209 4382 3532 4451 πεποίηνται
3566 4378 3632 4465 ³ξ.
3675 4375 3737 4428 ’0

2162 4486 2262 4555 μὲν
2288 4484 2397 4553 γάρ
2420 4481 2660 4551 Μωῦσῆς
2690 4483 2748 4533 ὲν
2769 4480 2845 4550 τῷ
2864 4478 3271 4550 Δευτερονομίῳ
3289 4476 3424 4546 φησί
3445 4477 3489 4509 ³⁷
3507 4491 3522 4506 ·
3567 4492 3585 4524 ι
3625 4472 3740 4525 Καὶ

482 4571 627 4639 quod
648 4586 752 4624 non
787 4572 857 4625 sit
875 4574 1017 4641 quod
1042 4574 1286 4629 relictum
1315 4574 1476 4630 fuerit
1498 4576 1653 4631 vobis
1682 4578 1736 4630 in
1768 4576 2042 4630 obsidione

2159 4574 2351 4640 ἐπάξει
2378 4574 2579 4644 Κύριος
2602 4572 2751 4635 ἔθνος
2770 4570 2815 4604 ⁸⁸
2833 4571 2924 4625 ἐπὶ
2943 4573 3002 4623 σὲ
3028 4569 3301 4640 μακρόθεν
3323 4569 3369 4601 ³³
3392 4568 3485 4621 ἀπ’
3502 4566 3738 4637 ἐσχάτου

482 4672 539 4718 et
567 4662 842 4732 angustia,
872 4678 979 4733 qua
1010 4674 1218 4732 premet
1250 4675 1301 4719 te
1335 4667 1591 4722 inimicus
1622 4675 1751 4721 tuus
1784 4667 1837 4721 in
1877 4667 2051 4721 omni-

484 4757 588 4812 bus
622 4756 851 4812 urbibus
885 4755 1012 4811 tuis.
1047 4756 1113 4810 Et
1158 4765 1346 4812 tenera
1397 4758 1451 4811 in
1498 4756 1655 4811 vobis
1710 4769 1762 4812 et
1809 4758 2043 4812 delicata

488 4849 681 4905 mulier
711 4850 856 4920 quod
904 4864 1182 4919 egressum
1224 4859 1308 4903 est
1351 4862 1419 4902 ex
1455 4847 1755 4903 femoribus
1795 4849 1948 4913 suis,
2003 4857 2057 4901 et

2082 4617 2129 4675 D

2158 4668 2257 4733 τῆς
2286 4665 2410 4734 γῆς,
2456 4664 2589 4718 ὡσεὶ
2634 4665 2860 4734 ὅρμημα
2891 4663 3051 4715 ἀετοῦ
3073 4661 3261 4725 ,ἔθνος
3280 4659 3493 4723 ἀναιδὲς
3514 4656 3739 4727 προσώ-

2162 4775 2267 4826 πῳ.
2305 4777 2427 4809 ι-ι
2458 4759 2567 4809 Καὶ
2593 4757 2638 4789 ⁸⁸
2668 4756 2912 4824 ὲκθλίψει
2932 4756 2974 4787 ⁵⁸
3010 4772 3067 4807 σε
3092 4756 3150 4807 ὲν
3177 4753 3377 4815 πάσαις
3400 4755 3519 4815 ταῖς
3548 4748 3742 4804 πόλεσι

2165 4866 2257 4902 σου
2289 4848 2391 4911 ἕως
2414 4848 2480 4900 ἂν
2510 4847 2873 4919 καθαιρεθῶσι
2919 4847 2987 4901 τὰ
3011 4848 3165 4916 τείχη
3205 4862 3298 4898 σου
3337 4843 3405 4898 τὰ
3436 4842 3615 4912 ὑψηλά
3644 4841 3742 4895 καὶ

1677 5009 1877 5071 Variae
1915 5008 2225 5071 lectiones
2267 5015 2329 5072 et
2359 5016 2547 5072 notas.

560 5183 734 5236 “6&6.
790 5181 841 5234 ὑ.
905 5181 1043 5233 ἐκεῖ.
1082 5177 1150 5230 τά
1205 5194 1300 5247 πρ.
1334 5194 1390 5230 π.
1428 5175 1559 5230 Ced.
1641 5175 1701 5247 ei
1740 5173 1885 5247 Cerl.
1928 5174 2337 5237 39l,8-392,II.

2422 5176 2466 5206 ⁸³
2500 5173 2661 5229 Hebr.
2690 5192 2726 5238 I,
2763 5176 2812 5229 I.
2922 5177 2967 5207 ’δ
2994 5175 3205 5228 τὲλαιον
3232 5175 3353 5229 cod.
3386 5174 3569 5228 τέλεον
3600 5173 3741 5230 Ced.

490 5253 535 5283 "
561 5254 758 5307 ἔθυσαν
782 5281 851 5292 --—
878 5250 1055 5304 αὐτῶν
1088 5247 1175 5301 Ps.
1206 5244 1314 5313 cvi,
1341 5247 1428 5301 57.
1506 5247 1548 5277 ¹⁸
1578 5246 1671 5298 καὶ
1694 5246 1997 5314 λατρεύσας
2022 5264 2042 5297 a

2149 5247 2527 5315 προσκυνήσας
2570 5245 2701 5299 Ced.
2782 5246 2823 5277 ⁸⁷
2860 5245 2970 5300 Jer.
3028 5261 3087 5309 ll,
3117 5245 3211 5315 27.
3268 5244 3334 5282 -¹⁸
3362 5246 3564 5315 ἀπαρν.
3598 5245 3740 5298 Ced.

491 5322 848 5401 sana-xpngfpv‘
871 5320 1301 5401 καὶ-ἀνήκεστον
1516 5315 1677 5401 αέὸτόν
1716 5316 1837 5401 god.
1874 5315 2042 5401 61.191}:

2182 5313 2273 5401 πρ.
2301 5313 2462 5401 ordeo-3
2496 5316 2660 5401 'Ced.
2696 5315 2785 5401 ,βξ
2804 5315 3019 5401 τοῦμὲχ
3144 5313 3274 5401 Cfd.
3352 5316 3393 5347 “
3425 5314 3514 5401 Bs:
3549 5330 3742 5401 ιλικιι,

489 5383 670 5460 itii
694 5383 706 5392 ’
743 5393 791 5424 ’⁸
821 5391 910 5445 διὰ
958 5383 1225 5460 Ζαχαρίου
1257 5404 1315 5460 φ.
1515 5383 1667 5460 εἶπον
1715 5385 1843 5441 Cod.
1881 5383 2042 5460 zach.

2149 5401 2184 5460 τ,Δ
2230 5385 2430 5460 9.ΑΚαλ
2467 5383 2626 5460 εἶπα.Δ
2662 5383 2929 5460 ’³³-λοιπά
2977 5385 3108 5460 (led.
3168 5384 3747 5460 _“_xa_-:seﬂté66eucay

490 5456 657 5515 Zach.
734 5464 781 5495 "
806 5455 1142 5517 κατεϐλίὶιώ
1171 5458 1326 5512 ἀπελ.
1365 5457 1495 5511 Cetl.
1572 5457 1616 5489 “
1643 5459 1827 5512 Amos.
1868 5472 1919 5518 ν,
1958 5457 2014 5511 ‘2.

2156 5455 2211 5524 νό.
2255 5455 2315 5508 οὐ
2356 5455 2427 5524 μή

2437 5498 2452 5512 .
2529 5456 2572 5487 ⁸⁷
2604 5455 2632 5507 6
2655 5454 2784 5510 Ced.
2861 5456 2905 5486 ’⁸
2930 5456 3128 5523 φάσκει
3159 5454 3286 5511 Ccd.
3317 5454 3431 5523 Jcr.
3467 5470 3555 5513 xv,
3596 5456 3653 5517 5,
3684 5454 3745 5510 6.

492 5528 550 5599 ”_
575 5546 649 5599 ae
670 5531 885 5599 Ἰσραήλ
915 5531 1036 5599 cod.
1075 5547 1154 5584 σοι
1201 5528 1415 5599 Ἰσραήλ
1444 5528 1571 5599 (Sed.
1604 5544 1694 5599 σοι
1729 5526 2042 5599 ξῙερουσαλή

2149 5523 2256 5599 Jer.
2289 5594 2312 5599 _
2332 5525 2379 5599 *ἦ
2407 5522 2493 5599 άν.
2515 5527 2597 5599 είς
2636 5528 2682 5599 ὲἴ
2712 5543 2791 5599 σοι
2814 5524 2924 5599 Jer.
2944 5522 3143 5599 avrae
3172 5526 3251 5599 είς
3278 5527 3335 5599 εἰ
3355 5522 3614 5599 _Cet_l.__‘_'
3650 5528 3746 5599 ἀν.

490 5597 687 5659 αὐτούς
710 5594 851 5652 λέν(
887 5599 931 5631 ³⁹
961 5598 1071 5651 Jer.
1116 5594 1395 5665 xxm,'59,
1436 5596 1523 5651 ιθ.
1600 5598 1647 5631 ³⁸
1664 5597 1768 5651 δεδ.
1799 5594 1917 5651 cod.
1948 5626 2014 5637 —

2149 5594 2403 5665 ιμῖνϐειιί.
2453 5595 2628 5665 δηέφ.
2663 5596 2805 5665 ὑμᾶς
2847 5594 2961 5650 Jer.
3037 5595 3237 5650 νεεδ.
3278 5594 3744 5665 διῆκε-δοίη.

492 5669 538 5701 ⁸⁸
563 5666 654 5720 καί
685 5667 815 5720 Ced.
925 5668 970 5698 δ’
1006 5667 1293 5733 πεποίηται
1319 5668 1445 5733 Ced.

1547 5666 1591 5698 "
1623 5667 1776 5732 Deut.
1814 5682 2001 5728 xxvm,
2054 5664 2142 5723 49.
2193 5664 2661 5732 50,52,55,56,57.

496 5741 539 5773 δο
571 5738 798 5808 ὅρμημα
832 5732 988 5786 ἀετοῦ
1021 5736 1143 5787 eod.
1193 5729 1257 5767 ’δι
1282 5732 1509 5800 tm:an
1541 5729 1698 5795 LXX,
1744 5735 1983 5805 ὶκτρίψει
2013 5734 2042 5788 C

2770 5666 2812 5696 ⁸⁸
2841 5666 2967 5737 ἔθνη
3001 5665 3131 5722 Ced.
3244 5666 3289 5699 ”
3322 5665 3417 5720 καί
3437 5665 3565 5719 add.
3599 5663 3741 5719 Ced.
