4060 6216
448 299 547 362 471

1622 286 1946 347 GEORGII
1989 283 2446 346 HAMARTOLI

3590 267 3699 333 ‘72

522 418 595 472 De
636 410 879 471 secundo
922 408 1156 462 adventu
1187 414 1241 461 et
1270 403 1715 460 manifestatione
1749 404 1917 468 illius,
1952 404 2020 459 de

2194 403 2241 436 ⁸³
2271 401 2352 474 (8)
2386 400 2523 471 Περὶ
2551 399 2607 454 δὲ
2640 399 2685 432 ⁸⁹
2718 398 2818 467 τῆς
2841 395 2888 468 β’
2908 396 3175 460 ἐλεύσεως
3198 394 3386 463 αὑτοῦ,
3412 395 3509 449 καὶ
3534 414 3703 465 φανε-

453 520 644 574 magna
696 512 750 555 et
812 497 1185 553 inconsolabili
1240 496 1567 551 contritione
1617 510 1831 561 eorum,
1886 495 2022 550 dicit

454 593 790 649 Zacharias:
833 608 851 642 ι
890 589 1043 644 Tunc
1088 589 1268 643 veniet
1311 588 1576 641 Dominus
1626 586 1768 641 Deus
1811 595 2018 649 noster,

451 692 505 739 ct
527 684 1131 753 critplanclusmagnus
1158 680 1211 733 in
1240 677 1568 744 Jerusalem;
1598 695 1725 730 ι--ι
1758 677 2025 747 aspicient

452 779 597 831 enim
630 778 682 830 in
714 791 871 845 quem
907 774 1321 841 transfixerunt,
1361 790 1377 822 ι
1430 771 1535 825 hoc
1563 780 1665 833 est,
1717 769 1772 823 in
1828 769 2025 839 quibus

454 871 622 924 clavis
648 869 1013 937 perforarunt.
1059 864 1179 918 Non
1226 863 1362 918 dixit
1400 880 1416 917 :
1455 877 1615 931 quem
1660 864 2021 926 coniixerunt,

456 963 548 1017 sed
590 982 602 1017 :
641 964 692 1016 in
728 975 885 1031 quem
906 959 1266 1014 eonfixerunt.
1293 955 1435 1021 Quid
1458 954 1559 1010 sibi
1588 953 1721 1016 vult,
1745 955 1797 1007 in
1825 954 2026 1023 quem?

453 1053 600 1107 Crux
625 1060 758 1115 erat,
793 1050 843 1102 in
871 1063 1033 1117 quam
1059 1047 1418 1102 confixerunt.
1445 1044 1585 1099 Ante
1618 1044 1763 1099 enim
1821 1043 2024 1098 terriﬁ-

454 1157 575 1195 cum
615 1142 909 1194 adventum
942 1138 1172 1201 Domini,
1204 1136 1357 1206 quasi
1388 1134 1644 1189 vexillum
1695 1133 1902 1204 regium
1960 1134 2027 1188 de

455 1247 606 1286 more
637 1230 918 1301 praefulget
944 1228 1073 1283 illud
1124 1227 1499 1297 supradictum
1516 1226 1729 1295 signum
1759 1225 2027 1279 adventus

453 1321 682 1385 Christi,
712 1320 780 1374 ab
806 1319 1010 1389 angelis
1043 1318 1401 1389 glorificatum
1455 1324 1510 1371 et
1564 1314 2023 1385 prmnuntiatum;

453 1426 508 1471 et
545 1413 824 1484 apparebit
868 1414 1084 1483 signum
1132 1411 1312 1465 crucis
1366 1424 1529 1480 super
1568 1419 1790 1470 terram,
1853 1407 2024 1461 solem

453 1511 757 1565 ohscurans
785 1517 836 1561 et
867 1506 1050 1560 lunam
1080 1500 1425 1563 obnubilans,
1459 1507 1519 1553 ut
1547 1497 1679 1553 dicit
1708 1494 1974 1551 Dominus
2001 1511 2017 1547 :

460 1620 479 1653 ι
511 1600 664 1655 Tunc
705 1597 919 1669 parebit
947 1597 1162 1664 signum
1193 1592 1317 1647 Filii
1348 1590 1584 1645 hominis
1619 1589 1673 1643 in
1705 1588 1861 1643 coelo.
1901 1605 1921 1638 ›
1960 1586 2027 1639 Et

454 1700 515 1746 ut
552 1691 868 1760 impleretur
892 1687 1118 1743 verbum
1144 1683 1443 1747 Zachariae,
1475 1682 1679 1737 dictum
1705 1680 1847 1735 idem
1874 1694 2029 1735 assu-

455 1798 610 1838 mens
667 1780 943 1845 Christus,
1016 1776 1257 1832 traduxit
1306 1774 1373 1829 ad
1432 1772 1740 1838 veritatem,
1788 1770 2022 1827 dicens:

462 1892 482 1923 ι
522 1871 797 1927 Videbunt
824 1870 877 1923 in
910 1882 1070 1940 quem
1104 1864 1515 1922 transﬁxerunt.
1560 1881 1581 1917 ι
1621 1862 1754 1919 Item
1777 1862 1907 1919 dicit
1936 1862 2029 1918 Je-

455 1965 699 2019 remias:
741 1982 760 2016 ‹
799 1960 924 2017 Haec
973 1960 1103 2016 dicit
1148 1958 1413 2013 Dominus
1462 1956 1609 2012 Deus
1640 1954 1803 2011 lsracl
1837 1971 1852 2010 :
1895 1954 2031 2009 Ecce

453 2071 554 2125 ego
582 2054 796 2108 adduco
829 2067 993 2126 super
1028 2051 1206 2105 locum
1238 2049 1402 2105 istum
1437 2046 1599 2110 mala,
1639 2046 1713 2099 ita
1760 2053 1819 2100 ut
1849 2047 2029 2099 omnis

455 2145 731 2201 audientis
758 2145 872 2200 haec
902 2142 1135 2198 tinniant
1168 2140 1341 2195 amba:
1373 2154 1534 2193 aures
1566 2138 1705 2206 ejus,
1764 2151 1831 2191 eo
1878 2135 2027 2205 quod

452 2235 848 2306 dereliquerint
878 2250 985 2300 me,
1016 2243 1070 2287 et
1103 2233 1340 2286 alienum
1364 2229 1592 2284 fecerint
1624 2229 1801 2283 locum
1834 2228 2024 2283 istum.

453 2329 741 2385 Destruam
765 2327 1053 2383 consilium
1088 2323 1387 2380 Jerusalem
1423 2322 1479 2376 in
1508 2322 1627 2377 loco
1657 2322 1783 2387 isto,
1814 2330 1869 2376 et
1899 2319 2030 2374 sub-

452 2428 660 2476 vertam
682 2434 778 2475 cor
804 2421 857 2476 in
890 2418 1069 2490 gladio
1098 2417 1153 2471 in
1184 2424 1480 2488 conspectu
1512 2413 1860 2468 inimicorum
1900 2428 2029 2468 suo-

456 2528 602 2576 rum,
634 2521 688 2567 et
728 2511 868 2567 dabo
902 2518 1148 2565 mortuos
1174 2523 1365 2563 eorum
1407 2508 1461 2561 in
1500 2520 1681 2561 escam
1714 2504 2029 2559 volatilibus

456 2604 581 2661 coeli
606 2613 661 2659 et
685 2602 875 2659 bestiis
904 2610 1094 2666 terrm;
1141 2608 1196 2655 et
1226 2613 1422 2669 ponam
1466 2597 1740 2652 civitatem
1797 2595 1939 2649 hanc
1972 2594 2024 2647 in

452 2694 968 2751 exterminationem
1019 2702 1071 2747 et
1123 2691 1177 2745 in
1217 2689 1435 2746 sibilum
1487 2685 1907 2755 sempiternum,
1967 2693 2029 2738 ut

2124 493 2367 566 ρώσεως,
2416 492 2512 545 καὶ
2560 490 2763 559 πολλῆς
2813 489 2908 541 καὶ
2957 484 3396 557 άπαραμυθήτου
3459 486 3702 556 θλίψεως

2122 586 2300 640 αὐτῶν
2323 582 2445 638 εἷπε
2472 583 2748 653 Ζαχαρίας
2778 582 2824 613 ⁷ο
2844 599 2857 613 ⁸
2897 600 2916 633 ‹
2955 582 3088 633 Τότε
3120 580 3240 652 ἥξει
3272 580 3483 650 Κύριος
3517 582 3546 633 ό
3569 582 3704 646 92b;

2124 677 2304 746 ἡμῶν,
2329 676 2425 730 καὶ
2453 675 2608 729 ἔσται
2643 674 2875 736 κοπετδς
2908 673 3085 742 μέγας
3129 675 3188 725 ὲν
3247 672 3638 745 Ἰερουσαλήμ.
3680 697 3700 730 ι

2125 798 2195 808 --
2234 767 2277 798 ⁷¹
2311 785 2330 819 ι
2367 766 2628 835 Ὄψονται
2654 765 2762 837 γάρ
2793 766 2875 828 είς
2906 764 2964 817 δν
3010 764 3373 835 ἐξεκέντησαν
3430 784 3448 817 ι
3519 769 3699 834 (τουτο

2127 858 2279 911 ἐστιν
2306 859 2364 910 ὲν
2399 852 2478 923 οἷς
2501 856 2651 928 ἥλοις
2682 857 3077 928 προσήλωσαν·
3106 857 3207 909 οὐκ
3238 853 3393 910 εἶπεν
3428 897 3442 921 ,
3485 857 3541 911 δν
3584 861 3700 924 ἑξε-

2128 952 2420 1020 κέντησαν,
2477 950 2612 1013 ἀλλ’,
2668 951 2747 1012 είς
2775 949 2835 1001 ὃν
2891 949 3255 1017 ἐξεκέντησαν
3284 950 3323 1019 ).
3376 950 3441 1002 Τί
3474 952 3528 1004 δέ
3555 954 3695 1006 ἐστιν

2128 1041 2189 1095 τὸ
2222 1061 2240 1092 ι
2282 1042 2362 1104 εἰς
2391 1042 2449 1094 ὅν
2477 1060 2492 1107 ;
2530 1060 2547 1091 ι
2586 1041 2830 1111 Σταυρδς
2851 1036 2920 1110 ἦν
2948 1042 3029 1104 είς
3059 1040 3118 1093 ὃν
3149 1040 3515 1112 ἐξεκέντησαν
3545 1060 3559 1075 ο
3594 1044 3700 1115 πρδ

2129 1135 2237 1205 γάρ
2262 1135 2361 1204 τῆς
2409 1134 2650 1204 φοϐερᾶς
2690 1135 2996 1204 παρουσίας
3046 1134 3141 1187 τοῦ
3178 1137 3387 1201 Κυρίου
3446 1136 3705 1208 καθάπερ

2131 1224 2409 1295 βασιλικὸν
2446 1229 2671 1297 σημεῖον
2692 1228 2751 1281 τὸ
2777 1227 3077 1295 λεγόμενον
3113 1228 3299 1296 σίγνον
3344 1228 3489 1281 κατὰ
3516 1232 3707 1298 κοινὴν

2134 1315 2425 1387 συνήθειαν
2478 1317 2772 1389 προτρέχει
2813 1318 2913 1388 τῆς
2952 1317 3194 1389 Χριστοῦ
3224 1319 3537 1389 παρουσίας
3597 1320 3710 1374 ὑπὸ

2131 1408 2239 1461 τῶν
2268 1409 2518 1478 ἀγγέλων
2542 1409 2903 1481 δοξαζόμενον
2932 1413 3027 1464 καὶ
3052 1411 3666 1482 προευαγγελιζόμενον
3689 1429 3708 1446 υ

2132 1499 2226 1551 καὶ
2250 1502 2551 1569 φανήσεται
2571 1503 2598 1555 ὁ
2632 1500 2866 1571 σταυρὸς
2891 1502 2981 1554 ἐπὶ
3010 1502 3111 1570 τῆς
3138 1503 3183 1534 τ’
3208 1503 3311 1573 γῆς
3333 1503 3712 1575 ἀποκρύπτων

2132 1591 2223 1645 τὸν
2255 1593 2409 1664 ἣλιον
2441 1595 2537 1646 καὶ
2570 1593 2868 1662 ἀμϐλύνων
2905 1591 3052 1666 [τὴν]
3079 1595 3334 1665 σελήνην,
3369 1595 3446 1658 ῶς
3474 1612 3644 1663 φησιν
3682 1599 3713 1650 ό

2134 1683 2341 1754 Κύριος
2376 1685 2457 1717 ⁷³·
2498 1703 2517 1736 ‹
2557 1684 2691 1738 Τότε
2729 1687 3033 1755 φανήσεται
3086 1685 3148 1739 τὸ
3189 1688 3417 1756 σημεῖον
3449 1686 3543 1740 τοῦ
3576 1687 3710 1740 Υίοῢ

2131 1776 2225 1830 τοῦ
2245 1775 2534 1847 ἀνθρώπου
2554 1776 2600 1808 ⁷⁸
2629 1778 2687 1830 ὲν
2708 1777 2785 1846 τῷ
2810 1776 3045 1848 οὐρανῷ.
3076 1795 3095 1829 ι
3127 1777 3238 1830 Καὶ
3257 1778 3344 1833 ἵνα
3361 1777 3624 1849 πληρωθῇ
3647 1781 3713 1833 τὺ

2134 1869 2288 1940 ῥῆμα
2314 1869 2610 1938 Ζαχαρίου.
2633 1869 2733 1938 τὴν
2763 1869 2908 1934 λέξιν
2939 1868 3112 1941 αὐτὴν
3135 1870 3319 1924 λαϐὼν
3339 1872 3367 1922 ὁ
3398 1871 3635 1941 χριστδς
3662 1873 3712 1905 τ.

2135 1964 2451 2032 μετήγαγεν
2474 1964 2555 2028 είς
2588 1963 2765 2035 ἀληθῆ
2814 1965 2861 1997 ⁷⁸
2898 1965 3111 2034 λέγων·
3151 1985 3169 2020 ι
3211 1967 3473 2036 Ὄψονται
3527 1969 3609 2029 είς
3650 1967 3713 2020 ὃν

2130 2054 2513 2126 ἐξεκέντησαν.
2557 2073 2576 2108 ι
2617 2056 2663 2087 ’⁷
2694 2056 2805 2126 (19)
2848 2056 2907 2109 '0
2957 2057 3013 2111 δέ
3074 2074 3138 2127 γε
3179 2058 3451 2127 Ἱερεμίας
3504 2058 3712 2128 ὁμοίως

2132 2146 2382 2213 φάσκει·
2420 2166 2438 2199 ι
2498 2147 2639 2201 Τάδε
2674 2146 2825 2216 λέγει
2885 2148 3112 2220 Κύριος,
3161 2152 3191 2204 ὁ
3240 2149 3373 2213 Θεὸς
3439 2150 3709 2221 ’ῐσραήλσ

2145 2238 2276 2293 Ἰδοὺ
2314 2238 2427 2307 ἐγὼ
2461 2238 2654 2307 ἐπάγω
2686 2238 2733 2271 ⁷⁸
2779 2239 2875 2293 ἐπὶ
2932 2240 3026 2293 τὸν
3079 2240 3244 2295 τόπον
3282 2240 3476 2295 τοῦτον
3529 2241 3707 2304 κακὲ,

2130 2329 2273 2382 ὥστε
2302 2330 2505 2393 παντὸς
2532 2332 2827 2395 ἀκούοντος
2884 2331 3027 2386 αὐτὰ
3061 2334 3259 2404 ὴχὴσει
3311 2335 3602 2404 ἀμφότερα
3637 2334 3711 2387 τὰ

2131 2416 2246 2475 ὦτα
2284 2422 2474 2487 αὐτοῦ,
2509 2423 2629 2476 ἀνθ’
2662 2416 2737 2477 ὧν
2788 2424 3180 2493 ὲγκατέλειπόν
3216 2443 3285 2495 με
3339 2426 3435 2479 καὶ
3465 2427 3709 2495 ἀπηλλο-

2130 2514 2369 2585 τρίωσαν
2408 2515 2497 2568 τὸν
2524 2516 2688 2569 τόπον
2721 2516 2915 2571 τοῦτον
2941 2534 2954 2549 ⁸
2983 2519 3079 2571 καὶ
3105 2517 3293 2589 σφάξω
3320 2520 3418 2590 τὴν
3452 2518 3631 2590 φυλὴν
3660 2520 3710 2552 τ’

2142 2604 2498 2676 Ἰερουσαλὴμ
2528 2607 2574 2639 ⁸⁸
2602 2608 2661 2661 ὲν
2686 2608 2849 2679 300
2878 2609 2956 2681 τῷ
2985 2610 3136 2682 τόπῳ
3159 2610 3355 2681 τούτῳ,
3388 2612 3483 2665 καὶ
3537 2628 3713 2664 κατα-

2132 2698 2281 2751 δαλῶ
2314 2699 2516 2763 αὐτοὺς
2541 2698 2599 2754 ἐν
2653 2700 2699 2733 ⁸⁸
2751 2702 3001 2773 μαχαίρᾳ
3060 2704 3306 2757 ἐναντίον
3343 2702 3454 2756 τῶν
3497 2702 3713 2772 ἐχθρῶν

456 2801 648 2842 omnes
708 2792 1100 2855 praetereuntes
1156 2798 1250 2853 per
1309 2794 1431 2835 eam
1491 2778 1906 2849 obstupescant,
1976 2787 2026 2831 et

2132 2788 2340 2853 αὐτῶν,
2387 2790 2484 2842 καὶ
2514 2789 2671 2843 δώσω
2706 2791 2833 2855 τοὺς
2867 2794 3095 2863 νεκροὺς
3150 2794 3331 2848 αὐτῶν
3388 2796 3470 2857 είς
3501 2794 3713 2865 βρῶσιν

454 2879 637 2934 animo
672 2877 857 2933 afﬂicti
900 2884 1155 2932 moveant
1195 2873 1372 2943 capita
1417 2885 1515 2928 sua
1559 2884 1725 2941 super
1772 2870 2026 2926 universa

2131 2882 2246 2943 τοῖς
2274 2883 2548 2945 πετεινοῖς
2572 2881 2666 2935 τοῦ
2685 2883 2917 2954 ούρανοῦ
2952 2887 3045 2938 καὶ
3069 2888 3181 2945 τοῖς
3210 2885 3421 2956 θηρίοις
3447 2887 3548 2954 τῆς
3576 2886 3706 2955 γῆς·

451 2974 610 3045 plaga
644 2972 784 3043 ejus.
823 2991 842 3024 ι
874 2969 942 3026 Ει
969 2987 984 3024 :
1015 2988 1033 3022 ι
1065 2968 1219 3024 Sicut
1248 2974 1467 3021 ventum
1507 2973 1560 3019 et
1593 2971 1785 3019 aestum
1820 2962 2026 3033 disper-

2133 2966 2231 3019 καὶ
2264 2967 2412 3031 τάξω
2440 2968 2485 3000 ⁸⁸
2512 2968 2611 3039 τὴν
2647 2969 2805 3025 πόλιν
2837 2972 3042 3045 ταύτην
3066 2974 3147 3037 εἰς
3171 2975 3480 3044 ἀφανισμὸν
3509 2976 3606 3028 καὶ
3626 2976 3713 3039 εἰς

453 3082 577 3136 gam
608 3080 701 3123 eos
734 3072 859 3120 ante
906 3061 1101 3117 faciem
1146 3059 1517 3121 inimicorum,
1544 3064 1598 3110 et
1629 3053 1917 3110 ostendam
1948 3053 2026 3108 eis

2138 3055 2407 3125 συρισμὸν
2434 3056 2481 3087 ⁸³
2508 3056 2751 3123 αἰώνιον,
2792 3061 2879 3113 ἵνα
2915 3062 3121 3125 πάντες
3162 3064 3211 3115 οἱ
3252 3063 3710 3135 διαπορευόμενοι

452 3158 598 3213 diem
626 3153 961 3231 perditionis.
1003 3169 1023 3203 ι
1059 3150 1124 3204 Et
1154 3150 1316 3204 edent
1344 3161 1534 3202 carnes
1554 3145 1786 3199 filiorum
1805 3157 2026 3199 suorum

2137 3144 2205 3198 δι’
2236 3148 2404 3217 αὐτῆς
2436 3149 2834 3218 ὲκστήσωνται,
2890 3152 2985 3205 καὶ
3026 3152 3470 3225 σκυθρωπάσωσι
3504 3154 3571 3219 ⁸⁵,
3611 3157 3710 3208 καὶ

455 3256 510 3302 et
549 3247 779 3301 ﬁliarum
816 3256 1061 3304 suarum,
1099 3247 1154 3293 et
1185 3238 1564 3307 unusquisque
1612 3235 1859 3290 comedet
1907 3249 2026 3289 car-

2138 3236 2398 3305 κινήσωσι
2431 3236 2530 3299 τὰς
2556 3238 2799 3306 κεφαλάς
2820 3239 3001 3293 αὐτῶν
3031 3241 3125 3294 ἐπὶ
3155 3242 3336 3311 πάσης
3371 3242 3471 3311 τῆς
3492 3240 3709 3311 πληγῆς

453 3352 550 3392 nes
605 3333 835 3403 proximi
889 3330 976 3385 sui
1044 3328 1100 3382 in
1145 3329 1339 3383 castris
1401 3334 1456 3380 et
1535 3324 1854 3389 obsidione,
1919 3338 2024 3391 qua

2135 3325 2343 3395 αὐτῆς·
2384 3345 2403 3379 ι
2448 3328 2542 3381 καί
2569 3330 2652 3361 ⁸⁸⁸
2691 3349 2709 3382 ι
2761 3331 2851 3393 Ὠς
2904 3331 3105 3403 ἄνεμον
3138 3333 3234 3386 καὶ
3277 3333 3534 3387 καύσωνα
3590 3332 3712 3385 δια-

450 3425 717 3484 arcebunt
760 3436 855 3481 eos
921 3417 1126 3473 inimici
1175 3430 1393 3481 eorum;
1439 3423 1493 3469 et
1544 3422 1822 3468 conteram
1858 3428 2026 3483 popu-

2135 3417 2322 3489 σπερῶ
2348 3419 2547 3483 αὐτοὺς
2570 3421 2709 3476 κατὰ
2729 3423 3020 3491 πρόσωπον
3045 3424 3155 3478 τῶν
3176 3423 3407 3494 ἐχθρῶν,
3435 3425 3527 3477 καὶ
3543 3423 3711 3489 δείξω

448 3519 565 3572 lum
613 3514 778 3568 istum
832 3520 886 3566 et
943 3508 1217 3564 civitatem
1282 3506 1463 3570 istam,
1523 3502 1666 3558 sicut
1726 3502 2026 3558 conteritur

2130 3510 2315 3574 αὐτοῖς
2342 3512 2557 3583 ἡμέραν
2589 3513 2887 3577 ἀπωλείας.
2931 3534 2951 3567 ι
2987 3546 3053 3557 -
3093 3516 3140 3547 ⁸⁸
3176 3534 3195 3567 ι
3234 3516 3342 3569 Καὶ
3365 3515 3575 3567 ἔδονται
3602 3514 3709 3575 τὰς

452 3623 551 3665 vas
578 3613 895 3666 testaceum,
939 3600 1082 3670 quod
1116 3614 1225 3653 non
1262 3604 1442 3668 potest
1476 3595 1617 3649 ultra
1667 3594 1965 3649 instaurari
2012 3610 2027 3648 :

452 3698 533 3753 sic
573 3692 794 3756 faciam,
834 3689 966 3745 dicit
995 3687 1275 3752 Dominus,
1312 3686 1432 3741 loco
1463 3684 1610 3749 huic,
1657 3692 1712 3739 et
1771 3684 2025 3739 habitan-

452 3790 598 3848 tibus
631 3787 685 3843 in
712 3791 879 3849 eo,ut
905 3783 1063 3839 detur
1093 3780 1285 3835 civitas
1316 3778 1420 3833 ista
1445 3788 1703 3846 tanquam
1729 3790 2027 3842 corruens,

454 3891 509 3939 et
533 3879 674 3936 dabo
713 3891 809 3933 eos
838 3876 893 3930 in
922 3872 1276 3928 vastationem
1308 3868 1563 3923 omnibus
1594 3866 1815 3945 regibus
1844 3874 2021 3931 terrae,

453 3984 512 4030 et
544 3979 705 4028 erunt
731 3969 785 4024 in
813 3964 1187 4038 opprobrium,
1216 3971 1268 4017 et
1298 3961 1352 4016 in
1379 3958 1716 4031 parabolam,
1744 3967 1798 4012 et
1826 3957 1879 4011 in
1909 3972 2025 4010 ma-

447 4068 819 4131 ledictionem,
853 4070 905 4118 et
937 4059 991 4115 in
1020 4057 1204 4115 odium
1236 4055 1292 4110 ln
1325 4053 1474 4111 omni
1496 4052 1636 4117 loco,
1667 4064 1777 4122 quo
1806 4048 2019 4121 ejiciam

452 4160 576 4216 illos
603 4157 699 4215 ibi.

2131 3604 2342 3674 σάρκας
2385 3605 2496 3658 τῶν
2544 3605 2675 3659 υἱῶν
2708 3604 2937 3677 [αὐτῶν]
2999 3607 3097 3661 καλ⁸
3129 3607 3174 3639 ⁸⁷
3226 3608 3334 3660 τῶν
3384 3604 3709 3675 θυγατέρων

2129 3695 2376 3766 (αὐτῶν),
2437 3693 2581 3766 [καὶ]
2640 3696 2873 3761 ἕκαστος
2910 3698 3010 3759 τὰς
3062 3699 3273 3768 σάρκας
3320 3697 3415 3751 τοῦ
3471 3697 3708 3765 πλησίον

2131 3785 2299 3837 αὑτοῦ
2340 3783 2525 3837 ἔδεται
2552 3785 2598 3819 ⁸⁸
2625 3787 2683 3839 ὲν
2716 3789 2784 3856 τῇ
2817 3789 3054 3859 περιοχῇ
3080 3789 3177 3841 καὶ
3200 3788 3259 3840 ὲν
3289 3789 3355 3858 τῇ
3382 3786 3704 3857 πολιορκία,

2131 3868 2165 3947 ᾖ
2204 3874 2655 3945 πολιορκήσουσιν
2686 3878 2885 3941 αὐτοὺς
2911 3880 2959 3931 oi
2991 3878 3175 3949 ἐχθροὶ
3195 3879 3373 3933 αὐτῶν
3396 3895 3408 3909 ·
3448 3898 3466 3930 ι
3500 3876 3663 3931 atati”
3689 3892 3707 3909 ·

2140 3985 2158 4018 ι
2197 3965 2481 4038 Συντρίψω
2507 3968 2597 4022 τὸν
2628 3969 2759 4025 λαὸν
2797 3968 2989 4023 τοῦτον
3042 3973 3136 4024 καὶ
3164 3971 3266 4041 τὴν
3311 3971 3467 4023 πόλιν
3498 3970 3708 4037 ταύτην

2133 4056 2312 4120 καθὼς
2348 4058 2693 4128 συντρίόεται
2749 4059 2919 4128 ἄγγος
2966 4061 3308 4132 όστράκινον,
3344 4060 3372 4114 ὃ
3425 4059 3488 4112 ού
3538 4059 3707 4112 δύνα-

2130 4164 2220 4201 ται
2260 4150 2307 4181 ⁹⁶
2338 4149 2552 4221 ἰαθῆναι
2574 4150 2689 4204 ἔτι’
2724 4151 2867 4207 οὕτω
2902 4153 3133 4224 ποιήσω,
3170 4152 3319 4222 λέγει
3372 4151 3598 4224 Κύριος,
3623 4151 3706 4221 τῷ

450 4256 603 4327 τόπῳ
634 4250 808 4326 τούτῳ
839 4250 934 4303 καὶ
986 4250 1100 4309 τοῖς
1148 4242 1496 4299 κατοικοῦσιν
1528 4242 1585 4295 ἑν
1624 4239 1774 4310 αύτῷ
1805 4239 1875 4304 ⁹¹,
1942 4238 2037 4292 τοῦ
2098 4241 2320 4313 δοθῆναι
2344 4243 2443 4315 τὴν
2471 4248 2626 4300 πόλιν
2673 4246 2882 4318 ταύτην
2922 4249 2997 4312 ὡς
3062 4248 3161 4318 τὴν
3207 4247 3633 4304 διαπίπτουσαν.
3676 4264 3698 4298 ι

451 4380 522 4390 __
554 4349 600 4380 ⁹¹
627 4365 647 4399 ι
684 4346 795 4399 Καὶ
831 4344 987 4398 δώσω
1019 4341 1217 4404 αὐτοὺς
1247 4340 1293 4373 ³³
1330 4340 1409 4404 εἰς
1439 4336 1875 4409 διασκορπισμὺν
1906 4336 2109 4400 πάσαις
2175 4342 2296 4404 ταῖς
2332 4339 2638 4410 βασιλείαις
2667 4342 2770 4407 τῆς
2828 4343 2953 4414 γῆς,
3023 4346 3117 4398 καὶ
3180 4345 3395 4398 ἔσονται
3439 4346 3519 4408 είς
3558 4346 3704 4398 ὀνει-

450 4439 663 4510 δισμὸν,
705 4438 802 4493 καὶ
863 4438 943 4501 εἰς
981 4434 1315 4507 παραϐολὴν,
1363 4433 1458 4487 καὶ
1504 4435 1585 4497 είς
1633 4433 1789 4503 μῖσος
1823 4430 1989 4503 (Sil),
2029 4435 2122 4490 καὶ
2179 4437 2259 4500 εἰς
2283 4437 2531 4506 κατάραν
2565 4439 2622 4490 έν
2651 4437 2812 4492 παντὶ
2843 4438 3014 4509 τόπῳ,
3049 4432 3111 4494 οὗ
3174 4438 3240 4493 ἂν
3280 4438 3469 4505 έξώσω
3498 4438 3702 4504 αὐτοὺς

451 4534 589 4589 ἐκεῖ.
638 4549 656 4581 ι

526 4627 667 4694 Quid
692 4622 837 4681 aliud
861 4622 913 4676 in
939 4621 1122 4676 divino
1147 4620 1365 4690 eloquio
1392 4628 1446 4674 et
1475 4618 1677 4674 clarius
1696 4634 1818 4675 esse
1839 4628 2018 4689 potest
2050 4621 2099 4681 D

458 4732 513 4777 et
544 4734 709 4776 sensu
741 4712 1013 4787 graviori?
1042 4710 1258 4774 Videas,
1310 4724 1343 4765 o
1391 4710 1554 4765 stulte
1580 4708 1762 4765 Judzee
1790 4719 1846 4766 et
1880 4711 2012 4767 insi-

452 4819 629 4889 piens,
662 4815 938 4886 impletum
972 4808 1134 4866 fuerit
1162 4820 1367 4873 annon,
1397 4814 1451 4859 et
1473 4803 1828 4869 adamussim,
1859 4806 2017 4876 quid-

2197 4620 2243 4659 "
2272 4622 2383 4693 (20)
2418 4622 2483 4676 Τί
2518 4621 2612 4676 οὖν
2647 4622 2835 4677 λοιπὸν
2861 4624 2970 4677 τῶν
3026 4623 3189 4677 θείων
3236 4624 3444 4678 τούτων
3508 4626 3695 4696 ῥημά-

2123 4729 2230 4767 των
2255 4715 2302 4746 ⁹⁸
2342 4716 2825 4787 ἐμφαντικώτερον
2880 4718 2912 4787 ἢ
2946 4716 3314 4788 ἀληθέστερον
3337 4716 3537 4785 γένοιτ’
3583 4718 3691 4781 ᾶνς

2128 4803 2269 4872 Ὅρα
2319 4806 2365 4837 ⁹⁶
2395 4805 2524 4877 γάρ,
2560 4802 2605 4861 ὧ
2663 4805 2860 4877 ἀνόητε
2915 4808 3010 4862 καὶ
3058 4807 3313 4874 ἀλόγιστε
3357 4806 3603 4874 Ἰουδαῖε,
3642 4808 3694 4860 εί

1637 4962 1836 5024 Varia)
1873 4962 2175 5026 lectiones
2220 4970 2282 5027 et
2322 4971 2489 5027 notas

524 5125 570 5158 η
603 5123 669 5177 Τί
690 5121 750 5198 τὸ
771 5122 850 5185 είς
866 5120 926 5177 ὃν
953 5116 1312 5196 ἐξεκέντησαν
1335 5132 1350 5180 ;
1381 5113 1745 5198 ρεάἒόθμίὲ.
1768 5115 1952 5197 395,1.
1996 5116 2026 5147 "

2148 5118 2281 5198 Ced:
2313 5120 2539 5198 fiZacb.
2562 5136 2693 5186 nn,
2725 5124 2813 5198 ll:
2850 5124 2891 5156 "‘
2934 5123 3215 5198 Zachixu,
3244 5125 3310 5198 10
3331 5102 3449 5193 γάἓ
3473 5119 3692 5198 ἀνθ’ᾲῶν

458 5184 904 5265 κατωρχήσαντο,
926 5184 1260 5257 metonymia
1284 5184 1433 5240 verbi
1462 5194 1585 5271 ἾΡἾ
1610 5185 1663 5239 in
1697 5186 1972 5256 plerisque
2002 5200 2026 5239 c

2144 5206 2158 5254 ;
2189 5189 2283 5243 sed
2309 5189 2373 5242 10
2396 5190 2597 5246 habent
2623 5184 2748 5245 cum
2787 5191 2870 5248 Jo.
2898 5210 3008 5258 xu,
3042 5184 3370 5259 37,1ustino
3397 5184 3500 5264 Ᾰρ.
3530 5196 3566 5250 l.
3592 5196 3691 5261 52,

457 5301 507 5337 c.
542 5283 741 5354 Tryph.
772 5280 1017 5355 l4,_32_et
1046 5276 1378 5355 ῌὶετοηχιης)
1406 5274 1493 5355 (de
1534 5273 2926 5355 optimqgenere‘ipterprctandj)interpretationem
2950 5288 3223 5353 propriam
3264 5301 3294 5340 a
3318 5285 3521 5340 Iudaeis
3545 5286 3693 5355 reje-

455 5344 665 5409 ctam."
701 5355 746 5385 ⁷³
773 5352 881 5406 ἀπὸ
908 5350 1009 5419 τῆς
1038 5348 1168 5419 (Sed.
1244 5345 1291 5376 ⁷³
1324 5345 1506 5419 Matth.
1541 5359 1683 5419 inv,
1845 5345 2026 5419 _"f_l'l«

2130 5344 2213 5419 τοῦ
2237 5344 2531 5404 Θεοῦϐεά.
2575 5344 2587 5350 ’
2616 5352 2662 5383 ’⁸

2697 5369 2755 5424 μ.
2809 5353 3042 5422 Χριστὸς
3065 5356 3113 5408 λ.
3144 5356 3271 5409 Cetl.
3359 5356 3402 5386 ⁷⁸
3427 5353 3696 5424 ἀλήθειαν

454 5422 584 5507 (led.
617 5424 722 5507 nl"
749 5413 1039 5507 Ἱερεμίίὸυ,
1069 5416 1345 5507 Jethnx'.‘
1365 5413 1676 5507 3-8.“ng;~
1703 5413 2021 5507 ξθὸὢεὸέε

2134 5418 2229 5507 ξτες
2576 5413 2875 5507 1τξῗὲουλήν
2929 5413 3306 5507 ψαύοντρρᾱ.
3341 5425 3430 5507 ..⁸⁸
3468 5413 3695 5507 Ἰσραήλ

455 5482 580 5565 qod.
615 5492 748 5565 (Sed.
773 5482 870 5558 pro
892 5482 1401 5565 "ispouaalﬁuler.
1433 5553 1449 5565 _
1476 5484 1609 5565 Eii
1637 5482 1783 5565 (ἒς-(1..
1841 5484 1885 5515 ⁸²
1921 5485 2026 5549 «cae»

2130 5482 2542 5565 9dd.__itt_)nnulli
2576 5482 2953 5565 ΙλξίΧηςιὲιβτί
2981 5512 2994 5547 :
3023 5494 3270 5565 πατάξω.
3340 5494 3391 5565 δέ
3419 5482 3695 5565 συριῂιόν

454 5537 588 5613 fled.
621 5537 825 5610 *ῖῖἓτὲξ
843 5537 1153 5624 alapis":
1179 5537 1411 5624 ύᾶτὲρπ.
1432 5537 1609 5624 LXX?
1673 5553 1718 5584 "
1746 5552 1867 5624 AJer.
1895 5537 2026 5624 xviii

2130 5537 2227 5609 7."
2245 5537 2674 5622 ’δι”.ῐὲἕξέἑίὶῖέὶ

2750 5561 2795 5634 έῖ
2826 5562 2925 5634 τὰς
2958 5565 3170 5634 σάρκας
3206 5564 3336 5619 add.
3365 5561 3502 5617 Jcr.‘
3552 5565 3599 5597 ⁸⁸
3626 5566 3686 5619 ἀ.

452 5630 656 5679 ἔδονται
689 5625 849 5703 LXX.
923 5624 966 5656 '9
995 5620 1105 5703 1le}.
1130 5639 1243 5681 χιχ.
1280 5623 1364 5682 Η.
1396 5620 1493 5703 ιε.
1560 5623 1605 5653 ὀ
1635 5622 1920 5706 δυνήσεται
1948 5621 2026 5675 Jet

448 5697 643 5754 need.
683 5690 1133 5775 395,23390,1‘2:
1209 5691 1252 5720 νδ
1288 5693 1337 5756 ρ.
1371 5705 1419 5741 τ.
1457 5690 1601 5753 ιω.
1661 5692 1705 5724 ⁸⁸
1765 5694 1826 5745 0.
1859 5689 1949 5745 οὖν
2004 5692 2026 5747 ἆ

2300 5629 2343 5659 ει
2372 5629 2505 5699 αὐτῇ
2539 5620 2668 5686 ceu.
2746 5632 2792 5663 θ’
2821 5620 2931 5688 teri
2963 5620 3106 5700 xxiv,
3140 5620 3193 5687 si.
3269 5636 3314 5667 υ
3349 5634 3685 5703 αὖτήνϐοιί.
