4088 6224
340 371 444 433 473

1516 376 1988 438 CIIRONICON.
2027 401 2094 412 ·-
2138 378 2288 440 LIB.
2332 378 2455 440 III.

3509 368 3614 431 6H

340 494 402 547 ού
428 493 474 524 ⁵⁷
508 489 869 560 πεπλήρωται
904 486 1081 542 ταῦτα
1106 489 1151 522 ⁸⁸
1196 489 1624 559 ἁπαραλείπτως
1658 491 1804 545 κατὰ
1834 491 1931 553 τὰς

2040 495 2171 564 quid
2206 492 2711 564 prtenuntiavernnt
2750 487 2805 543 in
2844 500 2941 541 vos
2990 498 3272 540 sermones
3330 484 3620 553 propheta-

343 586 494 659 ἱερὰς
521 584 861 654 προρρήσεις
891 583 973 644 εἰς
1005 583 1151 653 ὑμᾶς
1172 599 1186 614 ·
1221 584 1318 636 καὶ
1361 582 1547 653 μέντοι
1593 585 1689 637 καὶ
1726 583 1795 636 τὰ
1824 583 1930 636 ὑπὸ

342 676 584 748 Χριστοῦ
654 674 1199 745 προκατηγγελμένα
1253 676 1350 728 καὶ
1421 676 1924 745 προηπειλημένα·

341 771 472 843 φησὶ
514 769 628 837 γὰρ
679 766 940 836 περὶτῆς
1007 767 1372 837 Ἰερουσαλὴμ
1426 767 1517 820 καὶ
1555 767 1651 820 τοῦ
1689 770 1748 820 ὲν
1787 768 1927 839 αὐτῇ

340 864 489 924 ναοῦ,
525 860 677 915 ὃτι⁸⁹
712 877 731 911 ι
765 858 842 910 Ού
881 858 957 927 μὴ
986 858 1148 931 μείνῃ
1173 857 1321 920 λίθος
1373 859 1466 911 ἐπὶ
1507 858 1681 912 λίθον.
1720 879 1738 911 ι
1775 855 1929 930 Ἀρα

343 954 691 1027 μεμένηκενς
726 950 1014 1021 Οὐδαμῶς.
1048 951 1250 1004 -Καί
1280 952 1294 982 ¹
1322 966 1336 980 ο
1385 969 1404 1003 ι
1454 952 1614 1017 Ἰδοὺ,
1643 953 1868 1022 ἀφίεται
1902 954 1931 1006 6

340 1044 486 1108 οἶκος
516 1043 676 1113 ὑμῶν
706 1042 939 1113 ἔρημος.
1004 1059 1023 1093 ι
1062 1036 1212 1109 *Αρα
1268 1042 1372 1094 οὐκ
1430 1043 1758 1112 ὲρήμωται;
1811 1045 1924 1097 Καὶ

344 1137 549 1207 σφόδρα
574 1152 659 1201 γε.
683 1164 755 1174 --
782 1133 893 1186 Καί
921 1133 941 1163 ²
976 1145 990 1161 ⁸
1034 1151 1054 1184 ι
1092 1132 1283 1185 Ἔσται
1313 1132 1492 1201 θλῖψις
1521 1134 1609 1187 οἶα
1642 1135 1704 1187 ού
1761 1135 1931 1203 γέγο-

344 1248 456 1286 νεν.
496 1248 514 1280 ι
543 1222 689 1295 τΔρσ.
728 1227 831 1279 οὐκ
879 1225 1141 1293 ὲγένετος
1185 1225 1491 1293 Ἀνάγνωθι
1532 1226 1634 1297 τὴν
1677 1228 1930 1298 ἱστορίαν

357 1322 624 1389 Ἰωσήπου
649 1318 845 1386 ἀνδρὸς
869 1317 1188 1389 (ὑμετέρου)
1236 1319 1497 1372 Ἰουδαίου
1546 1319 1644 1372 καὶ
1700 1319 1934 1388 φιλαλή-

344 1414 471 1476 θους
500 1428 513 1440 ·
544 1412 642 1465 καὶ
689 1410 813 1463 οὐδὲ
856 1411 1199 1465 ἀναπνεῦσαι
1255 1410 1445 1464 λοιπὸν
1494 1411 1723 1482 δυνήσῃ,
1766 1411 1926 1481 301

345 1507 508 1573 μόνον
531 1502 749 1557 ἀκούων
775 1497 863 1556 οἷα
894 1504 915 1534 ³
944 1502 1149 1557 ἔπαθον
1169 1505 1217 1556 oi
1239 1502 1414 1557 ἄθλιοι
1434 1503 1497 1557 τὸ
1524 1502 1645 1558 τότε
1683 1504 1931 1560 Ἰουδαῖοι

339 1594 428 1649 διὰ
460 1597 563 1663 τὴν
589 1592 783 1665 [κατὰ]
812 1592 912 1646 τοῦ
968 1593 1179 1661 Κυρίου
1241 1593 1264 1626 ⁸
1298 1593 1503 1664 μανίαν
1552 1595 1649 1648 καὶ
1700 1594 1929 1648 λύσσαν.

342 1687 461 1739 Ἵνα
491 1686 601 1754 γὰρ
628 1684 817 1754 μηδεὶς
842 1684 955 1737 τῶν
989 1684 1266 1738 Ἰουδαίων
1308 1686 1615 1757 ἀπιστήσῃ,
1639 1686 1740 1739 οὐκ
1769 1685 1931 1740 ἀλλό-

342 1779 512 1846 φυλον
548 1795 693 1843 τινα,
726 1777 844 1830 ἀλλ’
876 1776 1175 1846 ὁμόφυλον,
1208 1778 1306 1831 καὶ
1345 1777 1667 1847 ὁμόπιστον,
1701 1781 1797 1833 καὶ
1827 1779 1929 1849 ζηο

340 1871 520 1940 λωτὴν
548 1869 969 1939 παρεσκεύασεν
1000 1870 1033 1939 ἢ
1064 1869 1298 1939 ἀλήθεια
1349 1870 1421 1923 τὰ
1479 1870 1691 1923 ἐλεεινὰ
1736 1848 1929 1924 ἐκεῖνα
1963 1848 2003 1902 Β

341 1963 436 2015 καὶ
465 1961 810 2032 δυσεξήγητα
847 1960 1267 2033 ὶκτραγῳδῆσαι
1298 1963 1446 2035 πάθη
1474 1979 1488 1994 ο
1525 1963 1788 2036 τοιαύτην
1822 1966 1931 2034 γὰρ

345 2054 613 2125 θεήλατον
665 2053 986 2123 ὑπέστησαν
1021 2054 1251 2120 ἅλωσιν,
1307 2056 1428 2110 οἵαν
1461 2055 1583 2109 οὐδὲ
1629 2057 1658 2109 6
1709 2056 1932 2127 σύμπας

341 2142 451 2197 οἶδε
481 2144 699 2215 χρόνος,
728 2144 825 2212 ἀφ’
870 2137 932 2198 οὗ
978 2144 1206 2213 γέγονεν
1235 2146 1327 2198 ἐπὶ
1355 2146 1455 2215 τῆς
1481 2146 1588 2217 γῆς
1621 2146 1930 2218 ἅνθρωπος,

344 2234 442 2286 καὶ
474 2234 738 2297 είκότως’
778 2233 885 2297 ἕως
933 2235 1035 2305 μὲν
1090 2234 1200 2306 γὰρ
1264 2235 1349 2298 είς
1407 2235 1537 2299 τοὺς
1597 2237 1931 2305 ὁμοδούλους

340 2327 680 2396 ἡμάρτανον,
712 2323 1048 2396 συγγνώμης
1081 2327 1385 2396 ἐτύγχανον
1407 2343 1422 2358 ο
1456 2327 1626 2399 ἡνίκα
1647 2329 1704 2382 δὲ
1737 2330 1817 2391 είς
1837 2330 1932 2383 τὸν

342 2418 529 2470 κοινὸν
568 2418 856 2488 Δεσπότην
883 2416 1230 2491 ἐξήμαρτον,
1276 2420 1690 2488 ἀσυγγνώστως
1738 2422 1932 2477 ἐκολά-

342 2508 578 2578 σθησαν.
614 2510 737 2562 Ὀτι
759 2509 816 2563 δὲ
834 2512 862 2563 6
890 2512 1130 2580 Χριστὸς
1151 2514 1458 2582 πεποίηκεν
1485 2514 1673 2576 αὐτοῖς
1690 2516 1711 2547 ⁸
1731 2513 1928 2581 ταῦτα,

340 2601 579 2654 ἁλουσον
603 2601 771 2654 αὑτοῦ
793 2601 957 2655 πάλιν
983 2604 1079 2657 καὶ
1098 2604 1186 2657 διὰ
1207 2606 1528 2677 παραϐολῆς
1555 2607 1859 2675 φάσκοντος
1886 2609 1927 2640 ⁸ο

347 2712 365 2744 ι
405 2692 548 2754 Τοὺς
585 2693 643 2745 δὲ
678 2692 753 2763 μὴ
805 2693 1170 2761 βουληθέντας
1234 2713 1302 2765 με
1355 2696 1681 2763 βασιλεῦσαι
1713 2699 1803 2750 ἐπ’
1835 2699 1933 2751 αύ-

338 2784 491 2849 τοὺς,
524 2786 763 2852 ἀγάγετε
794 2779 894 2839 ὧδε
922 2789 1019 2841 καὶ
1048 2790 1455 2858 κατασφάξατε.
1500 2809 1518 2842 ι
1550 2791 1643 2843 Διὸ
1668 2793 1762 2845 καὶ
1794 2793 1932 2862 πρὸς

338 2876 545 2938 αὐτοὺς
570 2877 758 2945 ἔλεγεν
790 2879 811 2910 "
832 2896 843 2909 ·
885 2895 904 2931 ι
949 2880 1275 2949 Ἀροήσεται
1306 2883 1400 2951 ἀφ’
1433 2882 1592 2953 ὑμῶν
1622 2885 1654 2954 ή
1682 2882 1932 2953 βασιλεία

340 2968 440 3020 καὶ
462 2967 756 3038 δοθήσεται
781 2969 926 3023 ἔθνει
948 2970 1196 3025 ποιοῦντι
1226 2972 1358 3037 τοὺς
1387 2976 1639 3045 καρποὺς
1671 2974 1866 3043 αὐτῆς.
1903 2994 1922 3027 ι

339 3060 455 3112 Καὶ
487 3060 628 3131 πρὸς
669 3061 768 3131 μὲν
799 3062 897 3133 τὴν
939 3062 1300 3135 Ἰερουσαλήμ
1329 3082 1497 3137 φησιν
1527 3067 1580 3099 ⁸ο
1612 3086 1631 3119 ι
1667 3066 1932 3131 Ἥξουσιν

338 3153 439 3205 ἐπὶ
464 3168 526 3205 σε
552 3154 781 3225 ἡμέραι,
833 3157 928 3209 καὶ
981 3158 1341 3229 περιδαλοῦσί
1392 3176 1476 3212 σοι
1510 3159 1560 3212 οἱ
1591 3159 1778 3229 ἐχθροί
1833 3177 1929 3213 σου

341 3247 589 3317 χάρακα,
647 3248 742 3301 καὶ
792 3249 1140 3304 κυκλώσουσί
1193 3268 1273 3318 σε,
1336 3252 1435 3305 καὶ
1481 3252 1763 3316 συνέξουσί
1822 3253 1929 3325 [σε]

344 3338 639 3403 πάντοθεν,
664 3339 762 3392 καὶ
792 3340 1080 3410 ἑδαφιοῦσι
1110 3341 1179 3395 τὰ
1201 3342 1371 3396 τέκνα
1396 3359 1489 3395 σου
1512 3345 1569 3397 ὲν
1591 3344 1696 3397 σοί.
1731 3364 1750 3398 ι
1788 3346 1933 3416 Πρὸς

339 3430 401 3486 δὲ
431 3430 558 3492 τοὺς
582 3431 832 3496 ἀπειθεῖς
870 3434 1163 3497 Ἰουδαίους
1195 3434 1392 3503 ιπάγει
1424 3436 1600 3504 λέγων
1632 3437 1652 3468 ⁸
1674 3452 1688 3466 ⁸
1735 3456 1754 3490 ι
1790 3438 1927 3492 Ἰδοὺ

339 3523 567 3591 ἀφίεται
601 3525 630 3576 6
662 3519 815 3589 οἶκος
867 3526 1023 3595 ὑμῶν
1076 3527 1308 3599 ἔρημος,
1357 3547 1376 3581 ι
1440 3529 1578 3598 ὅπερ
1611 3526 1704 3583 οὖν
1753 3532 1850 3585 xui.
1903 3533 1932 3585 6
1980 3512 1985 3515 μ

338 3620 491 3681 θεῖος
527 3618 727 3688 Δανιὴλ
761 3616 1049 3688 προδηλῶν
1074 3618 1181 3688 ἔφη
1210 3618 1255 3650 ¹⁰
1283 3634 1296 3649 ο
1340 3636 1358 3670 ι
1394 3618 1507 3689 Τὴν
1553 3618 1711 3673 πόλιν
1742 3623 1837 3673 καὶ
1870 3621 1932 3675 τδ

338 3716 504 3780 ἅγιον
538 3712 824 3782 διαφθερεί
856 3712 956 3765 σὺν
986 3712 1064 3781 τῷ
1110 3714 1407 3784 ἡγουμένῳ
1438 3713 1517 3783 τῷ
1564 3714 1869 3785 ὲρχομὲνῳ,
1907 3734 1925 3767 ι

340 3803 632 3858 τουτέστιν
668 3804 696 3854 6
723 3802 857 3864 Θεὸς
886 3803 980 3856 καὶ
1037 3802 1227 3873 Πατὴρ
1279 3804 1501 3858 πάντων
1550 3805 1825 3859 Ἰουδαίων
1862 3806 1931 3860 τὰ

339 3896 522 3965 σεμνὰ
548 3896 644 3948 καὶ
691 3912 758 3948 πε
770 3894 1036 3966 ρίϐλεπτα
1076 3896 1399 3965 ἀνατρέψει,
1425 3897 1565 3950 ἀλλὰ
1613 3899 1711 3952 καὶ
1741 3897 1771 3950 6
1802 3898 1931 3963 Υἱὸς

338 3986 440 4040 καὶ
470 3986 706 4054 Χριστὸς
740 3985 806 4051 ⁸⁸,
841 3986 871 4037 6
902 3985 1032 4057 παρ’
1056 3985 1240 4039 αὐτῶν
1271 3986 1348 4049 ὼς
1376 3986 1665 4060 λυτρωτὴς
1689 3988 1927 4059 προσδο-

336 4074 596 4147 ’άμενος
623 4079 719 4131 καὶ
745 4077 954 4148 σωτήρ.
988 4076 1066 4132 Οὐ
1098 4077 1209 4148 γὰρ
1236 4073 1379 4142 εἷπε,
1415 4079 1867 4151 Διαφθαρήσεται
1894 4083 1926 4150 ἡ

337 4169 505 4232 πόλις
538 4170 634 4223 καὶ
662 4170 691 4222 6
730 4168 857 4232 ναὸς
889 4170 989 4223 σὺν
1042 4168 1121 4239 τῷ
1156 4168 1469 4240 ἡγουμένῳ,
1503 4169 1687 4233 καθὼς
1715 4171 1928 4238 ἀλόγως

333 4261 551 4318 οἴονταί
601 4277 770 4327 τινες,
800 4260 934 4314 ἀλλὰ
972 4262 1038 4325 ⁸⁸,
1108 4278 1127 4312 ι
1186 4261 1484 4332 Διαφθερεῖ
1524 4263 1552 4314 6
1586 4261 1775 4333 Πατὴρ
1836 4264 1928 4315 τὸν

336 4353 474 4407 ναὸν
502 4354 597 4406 καὶ
643 4354 743 4422 τὴν
780 4352 959 4417 πόλιν,
996 4371 1015 4405 ι
1046 4352 1501 4423 συμπράττοντος
1531 4352 1780 4423 δηλονότι
1831 4353 1928 4405 καὶ

332 4445 441 4499 τοῦ
489 4445 911 4515 παροινηῡέντος
943 4444 1035 4499 ὑπ’
1091 4444 1272 4498 αὐτῶν
1321 4446 1654 4516 ἡγουμένου,
1707 4445 1837 4516 περὶ
1867 4438 1928 4500 οὗ

2037 604 2181 653 rum,
2215 598 2268 642 et
2298 603 2419 656 qua:
2447 585 2563 651 ipse
2597 581 2941 651 prophetavit
2967 577 3220 633 Christus
3270 585 3327 630 et
3375 576 3621 630 minatus

2034 691 2137 736 est.
2177 680 2321 734 Dixit
2353 679 2496 732 enim
2529 676 2595 730 de
2624 673 2929 729 Jerusalem
2985 681 3041 725 et
3066 671 3159 740 {de
3221 668 3422 743 templo
3477 668 3621 735 ejus,

2035 773 2161 843 quia
2205 791 2223 824 ι
2260 785 2367 825 non
2400 767 2701 822 remanebit
2737 764 2874 832 lapis
2914 778 3077 831 super
3128 760 3384 829 lapidem.
3437 778 3456 811 ι
3518 758 3623 811 lle-

2035 861 2343 918 mansitne?
2406 858 2752 927 Neutiquam.
2785 856 2847 909 Et
2900 871 2912 907 :
2957 873 2975 905 ι
3012 852 3370 920 Relinquetur
3422 851 3623 904 domus

2035 962 2216 1011 vestra
2262 954 2520 1009 deserta.
2554 969 2571 1003 ι
2623 948 2818 1003 Nonne
2855 948 3067 1002 deserta
3100 944 3218 998 est?
3278 942 3343 996 Et
3401 942 3619 1011 quidem

2033 1063 2283 1119 prorsus.
2310 1046 2372 1100 Et
2398 1062 2413 1098 :
2443 1064 2461 1096 ι
2488 1042 2605 1097 Erit
2632 1054 2893 1113 pressura
2917 1038 3097 1106 qualis
3122 1052 3230 1091 non
3265 1035 3386 1089 fuit.
3421 1054 3439 1103 ι
3471 1033 3622 1088 Fuit-

2036 1159 2103 1196 ne
2132 1140 2428 1211 pressura?
2455 1139 2597 1207 Lege
2641 1135 2928 1191 historiam
2974 1130 3198 1200 Josephi
3237 1129 3329 1199 qui
3394 1127 3499 1181 fuit
3555 1142 3621 1181 ex

2034 1235 2187 1289 vobis
2216 1236 2270 1288 et
2294 1231 2539 1286 veritatis
2561 1244 2774 1289 amans,
2806 1235 2859 1281 ct
2897 1242 3004 1280 non
3036 1226 3144 1294 jam
3190 1223 3470 1291 respirare
3525 1237 3624 1289 po-

2038 1326 2173 1381 teris
2209 1322 2437 1378 audiens
2481 1329 2685 1391 quanta
2723 1328 2855 1374 tunc
2923 1316 3109 1371 miseri
3161 1315 3305 1384 passi
3364 1313 3472 1368 sint
3528 1310 3624 1366 Ju-

2034 1416 2137 1473 daei
2168 1416 2239 1471 ob
2272 1417 2513 1469 furorem
2559 1422 2611 1468 et
2632 1412 2837 1466 rabiem
2880 1410 3142 1465 adversus
3173 1406 3502 1474 Dominum.
3545 1402 3623 1458 Nc

2035 1508 2182 1564 enim
2220 1491 2509 1578 quisquam
2560 1505 2874 1560 Iudaeorum
2924 1502 3212 1565 difﬁderet,
3252 1514 3359 1553 non
3386 1497 3623 1553 alienum

2035 1603 2238 1655 veritas
2296 1600 2400 1653 sibi
2442 1598 2784 1669 comparavit
2831 1610 3159 1667 praeconem,
3225 1594 3317 1648 sed
3372 1591 3620 1662 ejusdem

2037 1694 2215 1764 gentis
2242 1702 2294 1747 et
2327 1691 2450 1746 ﬁdei
2495 1691 2693 1754 virum,
2724 1705 2936 1744 necnon
2967 1698 3020 1744 et
3044 1688 3159 1743 zelo
3182 1700 3497 1749 accensum,
3526 1686 3621 1754 qui

2036 1786 2346 1842 miseranda
2382 1786 2496 1840 haec
2521 1792 2575 1839 et
2606 1782 2829 1837 infanda
2864 1781 3141 1837 narrando
3199 1780 3618 1833 lamentaretur.

2034 1877 2167 1932 Eam
2219 1876 2363 1930 enim
2420 1890 2449 1931 a
2492 1874 2604 1929 Deo
2664 1872 2837 1928 Judaei
2896 1872 3117 1928 subiere
3157 1870 3620 1941 expugnationem

2034 1986 2199 2040 quam
2232 1969 2365 2023 nulli
2402 1983 2643 2038 unquam
2678 1967 2933 2021 viderunt
2961 1979 3027 2019 ex
3065 1979 3174 2033 quo
3208 1965 3370 2018 homo
3403 1964 3536 2018 vivit
3566 1963 3623 2017 in

2037 2072 2201 2128 terra,
2234 2071 2287 2116 et
2318 2061 2537 2132 quidem
2577 2059 2794 2113 merito.
2837 2058 2973 2112 Dum
3006 2056 3061 2113 in
3106 2071 3296 2111 servos
3346 2056 3449 2111 sibi
3486 2070 3623 2110 con-

2034 2156 2242 2210 similes
2295 2159 2685 2229 peecaverunt,
2734 2151 3105 2206 condonatum
3149 2158 3232 2203 est
3291 2148 3435 2213 illis;
3495 2162 3621 2201 cum

2036 2262 2164 2301 vero
2188 2246 2241 2300 in
2270 2246 2649 2300 universormn
2671 2242 2987 2308 Dominum,
3005 2256 3195 2311 pennas
3223 2241 3465 2296 tulerunt
3491 2243 3627 2296 irre-

2035 2338 2350 2394 missihiles.
2391 2335 2547 2403 Quod
2589 2334 2843 2389 Christus
2877 2334 2993 2389 hmo
3027 2333 3137 2388 illis
3170 2332 3394 2399 fecerit,
3427 2332 3627 2387 audias

2033 2443 2131 2498 per
2177 2425 2491 2498 parabolam
2546 2426 2857 2495 loquentem
2897 2440 2911 2475 :
2956 2443 2973 2476 ι
3021 2422 3148 2479 Illos
3182 2423 3276 2493 qui
3322 2423 3622 2478 noluerunt

2035 2536 2122 2575 me
2146 2533 2375 2589 regnare
2439 2532 2604 2586 super
2636 2532 2716 2583 se,
2750 2516 3001 2571 adducite
3034 2517 3143 2572 huc
3188 2527 3243 2572 et
3290 2517 3557 2586 jugulate.
3598 2534 3619 2568 ι

2034 2612 2329 2683 Propterea
2360 2611 2466 2666 illis
2494 2610 2748 2665 diccbat:
2776 2628 2793 2661 ι
2824 2609 3121 2665 Auferetnr
3148 2625 3179 2665 a
3214 2608 3369 2664 vobis
3394 2624 3621 2679 regnum

2033 2713 2083 2756 et
2114 2702 2336 2756 dabitur
2369 2702 2513 2771 genti
2548 2698 2767 2753 facienti
2806 2699 3019 2754 fruetus
3048 2700 3190 2770 ejus.
3235 2718 3253 2751 ι
3296 2699 3360 2754 Ει
3393 2700 3615 2771 quidem

2034 2795 2099 2850 ad
2125 2792 2428 2849 Jerusalem
2462 2792 2642 2847 dicit:
2685 2811 2703 2844 ι
2751 2791 2982 2848 Venient
3009 2793 3062 2847 in
3104 2801 3157 2849 te
3209 2793 3348 2857 dies,
3412 2802 3467 2847 et
3514 2794 3625 2847 eir-

2036 2886 2371 2943 cumdabuut
2420 2895 2470 2940 te
2501 2885 2707 2940 inimici
2742 2884 2821 2939 tui
2857 2885 3023 2948 vallo,
3077 2893 3133 2941 et
3186 2884 3626 2941 circumstabunt

2036 2988 2088 3035 te
2115 2979 2378 3047 undique,
2408 2986 2463 3030 et
2502 2985 2852 3043 prosternent
2880 2978 2945 3031 ad
2988 2986 3188 3031 terram
3223 2977 3363 3030 ﬁlios
3404 2985 3528 3029 tuos
3565 2975 3622 3029 in

2039 3081 2112 3125 te.
2150 3089 2169 3123 ›
2208 3069 2273 3123 Et
2300 3069 2368 3123 ad
2419 3068 2618 3124 inﬂdos
2667 3068 2887 3122 Judzeos
2920 3069 3151 3138 loquens
3181 3068 3332 3122 addit
3365 3082 3379 3119 :
3424 3086 3443 3118 ι
3486 3066 3626 3122 Ecce

2041 3164 2379 3233 relinquetur
2409 3162 2607 3216 thllIUS
2632 3168 2814 3215 vestra
2848 3159 3085 3215 deserta.
3129 3177 3149 3211 ι
3190 3158 3342 3226 Quod
3374 3168 3430 3213 et
3463 3159 3623 3214 divus

2037 3256 2226 3311 Daniel
2276 3255 2652 3325 praznuntians
2704 3252 2887 3306 dixit:
2936 3270 2954 3304 ι
2989 3252 3189 3307 Urbem
3249 3261 3303 3307 et
3365 3260 3623 3307 sanctua-

2036 3349 2177 3402 rium
2199 3349 2441 3403 destruet
2459 3361 2588 3403 cum
2615 3346 2754 3400 duce
2784 3354 3048 3409 venturo;
3089 3363 3109 3395 ι
3149 3344 3199 3399 id
3234 3352 3343 3410 est,
3378 3343 3520 3400 Deus
3570 3354 3626 3399 et

2035 3440 2197 3495 Pater
2225 3438 2471 3495 omnium
2499 3437 2765 3494 solemnia
2800 3446 2855 3491 et
2885 3436 3116 3492 illustria
3143 3452 3365 3506 quoque
3392 3436 3617 3492 Iudaeo-

2036 3545 2156 3585 rum
2189 3530 2455 3594 destruet,
2492 3528 2587 3584 sed
2646 3536 2699 3582 et
2746 3526 2999 3582 Christus
3045 3526 3217 3582 Filius
3270 3542 3401 3590 una,
3456 3541 3619 3596 quem

2038 3621 2435 3689 redemptorem
2486 3629 2943 3690 exspectaverunt
2996 3627 3049 3673 et
3107 3619 3457 3674 salvatorem.
3495 3618 3613 3676 Non

2033 3712 2177 3764 enim
2201 3712 2337 3764 dixit
2360 3726 2373 3764 :
2399 3710 2721 3763 Destruetur
2746 3708 2940 3763 civitas
2958 3718 3010 3763 et
3032 3708 3291 3779 templum
3314 3722 3437 3761 cum
3459 3707 3620 3772 duce,

2034 3804 2177 3858 sicut
2211 3801 2527 3856 existimant
2584 3800 2829 3854 nonnulli
2880 3809 3147 3864 errantes,
3188 3798 3328 3862 'sed,
3367 3797 3622 3853 Destruet

2039 3896 2202 3951 Pater
2231 3894 2489 3964 templum
2523 3902 2578 3947 et
2610 3892 2886 3947 civitatem
2933 3890 3423 3960 comparticipante
3452 3889 3621 3944 nimi-

2033 4002 2177 4051 rum,
2235 4002 2397 4057 quem
2421 3984 2769 4039 contumeliis
2804 3991 3193 4039 satur‘averunt
3223 3981 3384 4047 duce,
3420 3980 3487 4035 de
3508 3994 3621 4049 quo

2031 4079 2201 4136 Jacob
2258 4080 2324 4135 ad
2374 4078 2643 4133 Bethleem
2679 4095 2692 4130 :
2731 4096 2748 4130 ι
2789 4074 2869 4131 Ex
2920 4085 2973 4130 te
3018 4074 3329 4146 egredietur
3363 4072 3496 4135 dux,
3528 4081 3620 4129 iet

2033 4177 2268 4244 reliqua.
2322 4173 2591 4240 Quinimo
2640 4171 2906 4242 apostolis
2926 4170 3193 4223 Dominus
3211 4168 3349 4222 dixit
3374 4184 3389 4219 :
3414 4186 3445 4220 ‘t
3476 4166 3614 4222 Cum

2033 4268 2277 4322 videritis
2340 4265 2805 4321 abominationem
2872 4260 3255 4326 desolationis,
3322 4260 3521 4315 dictam
3583 4274 3615 4314 a

2034 4359 2255 4412 Daniele
2289 4358 2571 4427 propheta,
2595 4364 2830 4410 stantem
2863 4355 2918 4408 in
2949 4354 3069 4406 loco
3097 4361 3311 4415 sancto,
3337 4351 3431 4422 qui
3462 4352 3613 4421 legit,

2034 4451 2324 4519 intelligat.
2364 4470 2383 4504 ι
2418 4449 2573 4515 Quod
2597 4460 2745 4502 certe
2779 4447 3134 4516 adimpletum
3175 4454 3282 4509 est,
3346 4446 3609 4516 primum,

334 4555 511 4609 φησιν
539 4540 579 4570 υ
634 4537 829 4591 Ἰακίυὸ
874 4538 1013 4610 πρὸς
1045 4538 1146 4610 τὴν
1204 4538 1456 4609 Βηθλεέμ
1483 4538 1525 4569 ³³
1551 4556 1568 4572 ο
1611 4558 1629 4592 ι
1686 4540 1782 4593 Ἐκ
1830 4538 1924 4592 σοῦ

2035 4545 2089 4600 in
2115 4553 2363 4613 tempore
2389 4541 2805 4613 expugnationis
2834 4549 2888 4595 et
2913 4539 3203 4605 vastitatis,
3229 4554 3353 4593 cum
3385 4537 3614 4592 Romani

332 4630 690 4696 ἐξελεύσεται
718 4629 1048 4700 ἡγούμενος,
1089 4648 1108 4681 ι
1152 4631 1245 4684 καὶ
1275 4631 1344 4684 τὰ
1382 4631 1532 4702 ἑξῆς.
1566 4632 1679 4684 Καὶ
1731 4632 1921 4703 μέντοι

333 4723 440 4778 καὶ
472 4722 614 4792 πρὸς
640 4724 769 4784 τοὺς
801 4723 1138 4786 ἀποστόλους
1168 4721 1219 4792 (6
1250 4721 1478 4794 Κύριος)
1508 4720 1687 4786 οὕτως
1731 4723 1925 4792 διηγό-

334 4833 543 4888 ρευσεν
569 4817 646 4847 ιδ·
687 4833 707 4867 ι
746 4815 920 4868 Ὅταν
952 4814 1101 4886 ἴδητε
1137 4816 1198 4869 τὸ
1235 4815 1515 4886 βδέλυγμα
1551 4817 1652 4885 τῆς
1695 4816 1926 4888 ἐρημώ-

332 4924 485 4969 σεως
517 4907 600 4975 (τὸ
631 4906 799 4978 ῥηθὲν
826 4906 915 4959 διὰ
945 4907 1147 4978 Δανιὴλ
1167 4907 1260 4960 τοῦ
1304 4908 1611 4979 προφήτου)
1657 4907 1833 4972 ἑστὼς
1863 4909 1923 4962 ὲν

329 4998 492 5065 τόπῳ
520 4996 663 5066 ἁγίῳ
689 5025 754 5037 -
784 4998 813 5050 6
844 4996 1238 5065 ἀναγινώσκων
1264 4996 1476 5057 νοείτω,
1517 5015 1536 5047 ι
1573 5027 1639 5037 —-
1672 4997 1700 5050 ὃ
1732 4998 1795 5068 δὴ
1828 4999 1923 5051 καὶ

332 5089 696 5158 πεπλήρωτο,
730 5088 947 5160 πρῶτον
970 5088 1070 5159 μὲν
1102 5088 1244 5142 κατὰ
1272 5087 1407 5158 (τὸν)
1433 5089 1625 5160 καιρὸν
1659 5090 1761 5160 τῆς
1782 5090 1924 5144 ἀλώ-

333 5198 482 5243 σεως
524 5182 622 5235 καὶ
659 5181 1014 5252 ἐρημώσεως,
1068 5182 1148 5245 εἷς
1185 5198 1242 5234 τε
1280 5180 1343 5234 τὸ
1387 5182 1706 5252 Ῥωμαϊκὸν
1760 5184 1920 5254 302

2034 4637 2236 4691 milites
2266 4635 2319 4689 in
2376 4634 2635 4705 templum
2678 4632 2912 4703 ingressi
2936 4640 3085 4697 sunt,
3118 4640 3172 4686 et
3218 4631 3408 4686 urbem
3465 4628 3617 4695 deje-

2035 4738 2227 4785 cernnt
2257 4728 2323 4782 ad
2356 4726 2779 4790 desolationem,
2807 4739 2969 4792 quam
3013 4724 3237 4794 quidam
3287 4738 3410 4778 esse
3464 4719 3615 4774 arbi-

2031 4830 2248 4878 trantur
2274 4819 2664 4873 desolationem
2697 4817 3033 4887 praedictam,
3052 4815 3494 4887 quandoquidem
3524 4813 3618 4867 ab-

2034 4913 2253 4968 alienati
2284 4922 2337 4967 et
2362 4910 2664 4967 secundum
2699 4910 2872 4978 legem
2906 4910 3271 4978 coinquinati,
3298 4908 3451 4977 juste
3481 4906 3613 4961 dicti

2034 5015 2164 5061 sunt
2189 5003 2923 5067 abominatiodesolationis;
2949 5002 3166 5066 deinde,
3192 5016 3316 5055 cum
3345 5009 3399 5053 et
3424 5008 3611 5068 postea

2036 5096 2303 5151 Adrianus
2332 5103 2567 5148 statuam
2600 5106 2755 5147 suam
2782 5089 2977 5154 erexit,
3010 5098 3064 5144 et
3088 5087 3351 5158 reliquias
3373 5084 3614 5141 civitatis

2034 5184 2250 5255 penitus
2288 5182 2542 5238 vastavit.

335 5272 710 5337 στρατόπεδον
733 5272 1046 5326 ὲπεισελθὸν
1077 5275 1135 5327 ἐν
1164 5273 1242 5344 τῷ
1272 5273 1384 5345 ναῷ
1417 5273 1461 5306 ⁸⁸
1490 5276 1583 5328 καὶ
1611 5277 1712 5345 τὴν
1753 5276 1906 5328 πόλιν
1946 5277 2068 5329 ὲλὸν
2130 5275 2275 5329 κατὰ
2291 5275 2392 5345 τὴν
2421 5274 2726 5345 ἐρήμωσιν,
2752 5271 2829 5334 ὥς
2888 5287 3034 5333 τινες
3054 5269 3115 5323 τὸ
3144 5267 3309 5339 ῥηθὲν
3334 5264 3611 5337 βδέλυγμα

1561 5418 1761 5480 Varias
1790 5418 2099 5481 lectiones
2146 5424 2205 5478 et
2249 5423 2440 5477 notae.

413 5541 457 5574 9’
492 5542 541 5594 εἰ
566 5544 663 5614 ᾼμὴ
694 5542 825 5598 Ced.
907 5544 953 5575 ⁸⁸
981 5542 1157 5596 πάντα
1200 5545 1321 5599 cod.
1399 5546 1443 5577 θ’
1477 5544 1665 5599 Matth.
1705 5560 1853 5605 xxiv,
1909 5544 1931 5597 Ξ

2039 5540 2318 5614 ίΘου-βοιι.
2373 5539 2641 5614 ῌ¹λΜιιιι1ιλ
2672 5538 2980 5614 x_xvu_t._58.
3058 5538 3078 5567 ¹
3105 5535 3295 5614 Matth.
3335 5550 3483 5614 xxiv,
3513 5534 3606 5614 ει).

324 5614 354 5648 ³
376 5613 436 5665 ἀ.
464 5629 527 5683 μ.
560 5607 703 5678 ἆπὲρ
726 5614 857 5667 Ced.
879 5644 946 5652 -
969 5614 1025 5666 ἀ.
1054 5614 1351 5681 τηνικαῦτα
1380 5616 1440 5666 ’1.
1468 5615 1598 5669 Ccd.
1678 5614 1697 5645 ⁸
1725 5615 1865 5668 κατὰ
1898 5615 1931 5665 Χ

325 5697 453 5735 xxt.
488 5685 577 5735 65.
655 5683 676 5713 ⁸
707 5680 839 5735 Luc.
879 5699 991 5735 xix.
1038 5683 1125 5735 45.
1162 5685 1244 5735 Al.
1325 5684 1345 5713 '
1385 5686 1513 5735 Luc.
1540 5699 1655 5735 xm.
1689 5684 1777 5735 33$.
1862 5684 1931 5735 ὀ]

2038 5612 2129 5666 τοῦ
2160 5611 2293 5665 Ced.
2370 5610 2391 5641 ⁸
2424 5612 2478 5662 ἀ.
2510 5628 2569 5661 π.
2602 5608 2734 5662 Ccd.
2813 5609 2833 5639 ⁸
2866 5608 3003 5663 Luc.
3031 5624 3144 5670 xu,
3197 5607 3287 5662 2‘7.

2035 5701 2067 5735 ιι
2132 5684 2224 5734 καί
2284 5681 2412 5735 Ced.
2456 5680 2589 5734 Dan.
2623 5680 2823 5735 ILQG.
2904 5681 2943 5711 “
2976 5678 3101 5735 Υἱὸς
3136 5681 3164 5731 ὁ
3213 5679 3287 5735 XL

1862 5686 1901 5715 '°
1922 5684 2067 5736 λέγει
2132 5684 2224 5734 καί

329 5702 453 5748 xxi,
488 5702 577 5736 ea.
655 5702 676 5713 ·
710 5702 839 5735 LUC.
879 5702 991 5746 χιιι,
1038 5702 1125 5744 4.),
1162 5702 1244 5738 In.
1326 5702 1345 5713 '
1385 5702 1513 5738 Luc.
1540 5702 1656 5747 xm,
1690 5702 1777 5739 an.
1863 5702 1931 5735 ·ν.

329 5754 379 5828 "_
415 5756 442 5805 ὁ
469 5754 596 5828 add.
624 5753 767 5828 (Zeti.
835 5754 879 5783 ’³
907 5753 1041 5828 Gen.
1072 5771 1214 5821 XLIX,
1251 5756 1331 5811 l0.
1416 5757 1455 5787 ίῖ
1496 5755 1809 5828 διηγόρευεν
1836 5756 1926 5812 Cet

2035 5702 2067 5736 ιι
2132 5702 2223 5734 και
2284 5702 2412 5735 Leu.
2456 5702 2589 5734 uult.

2035 5786 2057 5795 ν
2104 5753 2290 5809 Matth.
2324 5767 2468 5819 xxiv,
2514 5750 2596 5805 l5.

325 5680 577 5748 nixum}.
655 5683 676 5713 ⁸
707 5680 839 5735 Luc.
879 5699 991 5746 xix,
1038 5683 1125 5744 45,
1162 5685 1244 5738 Η.
1325 5684 1345 5713 ⁸
1385 5686 1513 5738 Luc.
1540 5699 1656 5747 xm,
1689 5684 1777 5739 35.

325 5824 426 5877 τὸν
455 5824 551 5894 τὴν
589 5840 645 5875 π.
682 5822 871 5876 ἑλόντι
910 5826 1028 5878 COtl.

3367 5607 3386 5639 τ

2284 5650 2293 5662 .
2370 5610 2391 5641 ⁸
2424 5612 2478 5662 ἀ.
2510 5628 2569 5661 π.
2602 5608 2734 5662 Ccd.
2813 5609 2833 5639 ⁸
2866 5608 3003 5663 an.
3031 5624 3144 5670 xIx,
3197 5607 3287 5662 2'7.
3367 5607 3386 5639 '
3414 5604 3607 5660 Matth.

2284 5681 2412 5735 Ced.
2456 5680 2589 5734 Dan.
2623 5694 2706 5739 Ix,
2732 5680 2823 5733 96.
2904 5681 2943 5711 “
2976 5678 3101 5740 Υἱὸς
3136 5681 3164 5731 ὁ
3213 5679 3446 5747 Χριστές
3470 5677 3604 5731 Ccd.

2680 5750 2719 5781 ¹⁵
2757 5754 2861 5807 εἰσ.
2902 5753 2959 5805 ἐν
2984 5749 3062 5822 τῷ
3093 5748 3243 5822 ἱερῷ.
3275 5780 3343 5790 --
3383 5750 3476 5800 καὶ
3523 5748 3602 5807 εἱς
