4088 6224
457 365 564 430 479

1664 356 1983 419 GEORGII
2026 353 2130 412 HA
2140 354 2240 414 MA
2250 355 2481 414 RTOLI

3633 356 3740 422 480

532 485 708 539 llasce
766 480 903 534 duas
953 476 1247 535 scrvitute's
1294 493 1473 533 sermo
1520 478 1755 533 breviter
1809 478 2037 531 demon-

2210 473 2255 505 "
2288 473 2403 544 (36)
2434 472 2541 526 Δύο
2574 473 2673 544 μὲν
2727 472 2991 537 τοιαύτας
3026 474 3280 538 δουλείας
3334 475 3365 528 6
3414 475 3578 544 λόγος
3612 476 3746 530 ἀπέ-

460 574 653 629 stravit
689 570 941 624 evenisse
969 570 1078 623 illis
1129 577 1251 639 post
1284 568 1620 638 prophetias,
1668 583 1774 621 nec
1829 567 2041 636 simpli-

458 667 598 719 cltc-r
633 675 689 718 et
716 679 780 717 ex
813 662 1131 732 improviso.
1170 661 1356 717 Restat
1406 673 1465 715 ιιι
1487 662 1555 716 de
1572 662 1730 716 tertia
1760 660 2040 725 dicamus;

460 757 657 811 deinde
692 766 743 811 et
785 756 853 811 de
885 766 1079 824 quarta
1110 771 1233 826 qua:
1266 755 1389 810 illos
1426 771 1573 811 nunc
1607 763 1757 809 tenet
1807 754 2046 808 dissera-

462 865 588 905 Inus
612 861 904 920 aperteque
926 848 1282 903 ostendamus
1306 849 1508 903 nullum
1536 849 1857 918 prophetam
1882 847 2043 899 linem

465 942 733 995 malorum
767 957 889 1011 quae
918 949 1351 1010 supervenerunt
1386 940 1491 995 illis
1538 938 1920 1003 annuntiasse,
1954 944 2049 990 aut

462 1035 755 1103 cujuslibet
786 1034 928 1088 modi
960 1034 1363 1089 liberationem.

540 1222 672 1286 Qoze
701 1230 785 1276 est
815 1235 946 1289 ergo
964 1220 1159 1275 tertia?
1178 1219 1311 1286 Quae
1348 1220 1453 1273 sub
1468 1219 1739 1274 Antiocho
1757 1219 2039 1289 Epiphane

466 1314 686 1368 accidit.
739 1312 875 1367 Cum
926 1314 1072 1367 enim
1123 1312 1454 1376 Alexander,
1500 1328 1597 1367 rex
1666 1311 2048 1377 Macedonum,

472 1419 639 1472 regno
680 1405 965 1459 evertisset
994 1403 1217 1459 Darium
1259 1403 1552 1459 Persarum
1595 1419 1802 1474 regem,
1837 1416 1891 1459 et
1942 1406 2050 1459 sibi

470 1498 750 1552 ascivisset
806 1498 1120 1567 imperium,
1150 1507 1204 1552 et
1254 1506 1502 1552 mortuus
1570 1506 1763 1562 esset,
1816 1510 2053 1568 quatuor

473 1590 601 1643 lacti
633 1596 760 1643 sunt
806 1605 982 1659 reges,
1019 1605 1255 1658 quorum
1286 1605 1351 1644 ex
1394 1605 1504 1644 uno
1536 1599 1692 1644 ortus
1747 1590 2054 1645 Antiochus

473 1680 633 1747 longo
683 1686 809 1745 post
848 1686 1092 1746 tempore
1138 1679 1404 1746 templum
1459 1676 1784 1741 combussit,
1851 1676 2052 1729 Sancta

2143 566 2319 632 δειεεν
2353 567 2633 637 συντόμως
2663 566 2711 598 ⁸⁸
2743 568 2883 635 μετὰ
2909 567 3245 637 προφητείας
3271 568 3623 633 έπελθούσας
3640 570 3744 623 αὐο

2144 659 2278 721 τοῖς,
2334 658 2427 709 καὶ
2466 658 2565 726 οὐχ
2608 656 2795 717 ἁπλῶς
2846 657 2968 710 ούδὶ
3022 658 3485 729 ἀπροσδοκήτως·
3537 660 3747 733 304⁸

2146 749 2393 803 λείπεται
2423 747 2516 803 οὖν
2545 751 2587 782 ⁸⁸
2612 750 2713 821 τὴν
2738 748 2784 818 γ’
2820 752 3129 818 ἐπαγαγεῖν
3150 769 3165 783 ·
3199 746 3318 806 εἶτα
3348 753 3445 805 καὶ
3473 753 3608 823 περὶ
3630 754 3739 821 τῆς

2147 841 2243 894 νῦν
2267 845 2535 912 τετάρτης
2572 843 2915 913 κατεχούσης
2943 844 3142 908 αὐτοὺς
3164 847 3333 899 εἰπεῖν
3348 850 3415 911 ⁸³,
3441 848 3538 901 καὶ
3555 848 3732 912 δεῖξαι

2152 933 2358 999 σαφῶς,
2386 934 2535 996 ὅπως
2572 934 2697 987 οὐδὲ
2726 930 2807 997 εἷς
2841 937 3136 1007 προφήτης
3170 939 3534 1007 ἐπηγγείλατο
3565 940 3728 992 λύσιν

2150 1024 2375 1079 ἔσεσθαι
2418 1028 2461 1060 ⁸³
2493 1026 2603 1078 τῶν
2639 1027 2982 1097 κατεχόντων
3013 1028 3213 1093 αὐτοὺς
3258 1031 3441 1085 κακῶν
3470 1031 3593 1086 οὔτε
3622 1034 3726 1105 μὴν

2151 1115 2479 1186 ἀπαλλαγὴν
2510 1117 2571 1169 τὸ
2611 1116 2859 1169 σύνολον.

2223 1209 2269 1240 ⁸⁸
2302 1209 2413 1276 (27)
2447 1209 2543 1271 Τίς
2579 1205 2673 1271 οὖν
2707 1211 2856 1263 ἐστιν
2887 1212 2919 1281 ἡ
2955 1211 3158 1282 τρίτης
3196 1211 3263 1266 Ἦ
3325 1214 3421 1267 ἐπὶ
3459 1214 3739 1286 Ἀντιόχου

2150 1303 2245 1354 τοῦ
2286 1299 2643 1369 Ἐπιφανοῦς.
2688 1300 2911 1371 Ἐπειδὴ
2946 1301 3058 1373 γάρ
3104 1302 3481 1375 ’Δλέξανδρος,
3505 1306 3597 1359 6⁸⁸
3620 1308 3745 1361 Ma-

2154 1392 2385 1446 κεδόνων
2438 1392 2719 1463 βασιλεὺς,
2784 1395 3033 1463 Δαρεῖον,
3058 1394 3153 1447 τὸν
3212 1395 3445 1466 βασιλέα
3492 1397 3744 1468 Περσῶν,

2153 1490 2423 1554 καθελὼν,
2452 1493 2532 1555 είς
2587 1492 2785 1543 ἑαυτὸν
2818 1492 3151 1562 περιέστησε
3181 1493 3283 1564 τὴν
3326 1493 3525 1565 ἀρχὴν,
3557 1495 3748 1548 τελευ-

2152 1586 2419 1654 τήσαντος
2440 1584 2633 1637 τούτου
2659 1584 2728 1647 ⁸⁸,
2758 1584 2801 1637 δ’
2830 1583 2949 1653 μετ’
2971 1585 3182 1637 ἐκεῖνον
3199 1586 3453 1652 ἐγένοντο
3474 1586 3745 1657 βασιλεῖς,

2156 1671 2277 1729 εἶτα
2306 1678 2364 1743 ἐξ
2423 1677 2539 1740 ἑνὸς
2572 1676 2688 1729 τῶν
2744 1674 2787 1729 δ’
2818 1676 3023 1729 τούτων
3061 1678 3359 1747 γενόμενος
3396 1680 3425 1732 6
3470 1680 3750 1751 Ἀντίοχος

474 1778 793 1822 sanctorum
846 1769 1121 1837 spoliavit,
1152 1768 1481 1822 sacriﬁcium
1518 1768 1768 1833 abstulit,
1822 1767 2055 1836 subjecit

2169 1770 2302 1839 μετὰ
2333 1770 2502 1823 πολὺν
2541 1770 2773 1841 ὕστερον
2828 1770 3024 1839 χρόνον
3056 1770 3118 1823 τό
3156 1787 3215 1823 τε
3261 1770 3407 1841 ἱερὸν
3443 1773 3745 1844 ἐνέπρησε,

471 1860 709 1925 Ιιιόαεοε,
736 1875 1038 1930 eorumque
1064 1860 1277 1915 civilem
1309 1870 1508 1915 statum
1532 1862 1757 1915 omnino
1782 1860 2050 1916 dissolvit.

476 1953 603 2009 Haec
653 1952 839 2008 omnia
867 1963 923 2008 et
950 1954 1308 2019 adamussim,
1353 1962 1406 2008 et
1448 1954 1516 2007 ad
1551 1953 1695 2007 diem
1749 1968 1779 2007 a
1834 1953 2055 2009 Daniele

476 2053 835 2121 praenuntiata
871 2062 1020 2115 sunt,
1056 2061 1109 2105 et
1132 2052 1351 2121 quando
1380 2052 1561 2106 futura
1596 2061 1803 2115 essent,
1834 2060 1889 2105 et
1921 2065 2059 2121 quo-

476 2143 663 2204 modo,
713 2152 767 2198 et
798 2144 922 2206 ubi,
968 2154 1023 2197 et
1059 2143 1183 2213 quis
1205 2142 1501 2208 terminus,
1530 2150 1582 2196 et
1606 2140 2058 2211 quaairnmutatio

479 2236 722 2292 tandem.
762 2236 958 2292 Scietis
990 2237 1195 2291 clarius
1237 2236 1520 2290 audientes
1544 2250 1707 2303 quam
1737 2236 1895 2289 nobis
1928 2249 2060 2304 pro-

480 2331 640 2397 pheta
684 2346 783 2400 per
825 2330 1138 2400 parabolam
1179 2329 1459 2383 tradiderit
1493 2328 1783 2391 visionem,
1820 2328 2056 2383 Ariutem

491 2423 992 2490 vocansPersarum
1022 2435 1198 2489 regem
1231 2418 1474 2482 Darium,
1499 2416 1721 2472 Hircum
1747 2432 1877 2471 vero
1906 2416 2057 2472 Grae-

479 2529 669 2568 corum
696 2529 874 2583 regem
906 2513 1273 2567 Alexandrnm
1314 2510 1660 2564 Macedonem
1688 2528 1703 2575 ;
1743 2520 1865 2578 post
1894 2526 2057 2579 quem

478 2603 574 2670 qui
607 2612 967 2657 surrexerunt
988 2611 1224 2672 quatuor
1254 2616 1459 2656 cornua
1486 2599 1751 2665 nominat,
1770 2614 1835 2653 ex
1857 2600 2061 2668 quibus

480 2709 653 2748 cornu
685 2705 869 2764 postea
900 2695 1015 2765 ipse
1048 2695 1151 2749 fuit
1176 2694 1496 2748 Antiochus.
1532 2693 1671 2747 Dicit
1693 2694 1837 2747 enim
1862 2710 1876 2747 :
1900 2713 1918 2745 ι
1940 2692 2059 2747 Vidi

483 2786 538 2837 in
574 2786 803 2851 visione,
827 2795 885 2841 et
917 2802 1043 2841 ecce
1084 2786 1227 2841 aries
1256 2802 1396 2839 unus
1434 2794 1609 2848 stans,
1652 2794 1709 2839 et
1742 2785 1819 2839 illi
1852 2800 2062 2841 cornua

484 2878 724 2943 excelsa,
781 2888 836 2932 et
879 2895 1046 2933 unum
1094 2879 1368 2934 excelsius
1424 2879 1633 2943 altero;
1689 2887 1744 2933 et
1790 2878 2064 2934 excelsius

482 2969 727 3024 ascendit
756 2985 919 3037 super
980 2970 1210 3035 ultima;
1248 2980 1304 3025 et
1348 2970 1454 3024 vidi
1507 2970 1737 3025 arietem
1803 2972 2064 3027 cornibus

485 3060 839 3116 ventilantem
867 3072 1058 3117 contra
1094 3077 1267 3127 mare,
1300 3072 1354 3116 et
1380 3062 1693 3132 aquilonem
1736 3072 1792 3117 et
1850 3073 2063 3128 notum,

2164 1863 2234 1915 τά
2255 1880 2314 1915 τε
2349 1863 2519 1932 Ἀγια
2557 1863 2669 1916 τῶν
2731 1863 2903 1932 ἁγίων
2954 1864 3259 1934 ἠρήμωσε,
3294 1866 3393 1926 τάς
3440 1882 3501 1919 τε
3550 1865 3749 1929 θυσίας

2166 1957 2405 2021 καθεῖλε,
2432 1956 2559 2021 τούς
2593 1974 2652 2011 τε
2693 1957 2986 2021 Ἰουδαίους
3026 1958 3269 2023 ὑπέταξε
3318 1961 3416 2014 καὶ
3455 1962 3557 2032 τὴν
3587 1961 3749 2015 πολι-

2163 2049 2315 2103 τείαν
2366 2049 2549 2102 αὐτῶν
2599 2049 2871 2103 κατέλυσε
2925 2052 3131 2105 πᾶσαν.
3168 2052 3281 2106 Καὶ
3346 2052 3525 2108 ταῦτα
3564 2054 3751 2110 πάντα

2170 2143 2310 2213 μετά
2335 2142 2621 2212 ἀκριϐείας
2656 2142 2875 2211 ἁπάσης
2902 2143 3183 2213 καὶμέχρι
3215 2146 3345 2215 μιᾶς
3374 2145 3595 2216 ἡμέρας
3612 2163 3753 2217 προ-

2167 2234 2465 2304 ηγορεύετο
2493 2236 2644 2306 παρὰ
2661 2234 2755 2288 τοῦ
2778 2234 2992 2305 Δανιὴλ,
3009 2237 3105 2288 καὶ
3130 2237 3259 2289 πότε
3280 2237 3456 2303 ἔσται,
3482 2240 3575 2293 καὶ
3600 2239 3749 2305 πῶς,

2166 2326 2260 2379 καὶ
2283 2326 2434 2396 παρᾶ
2454 2327 2584 2388 τινι,
2617 2327 2711 2378 καὶ
2732 2326 2839 2379 τίνι
2871 2327 3083 2397 τρόπῳ.
3125 2328 3223 2381 καὶ
3254 2327 3359 2381 ποῦ
3402 2328 3750 2400 τελευτήσει,

2168 2422 2263 2475 καὶ
2290 2421 2413 2474 τίνα
2462 2420 2695 2491 λήψεται
2746 2419 3075 2491 μεταϐολήν.
3144 2420 3370 2474 Εἷσεσθε
3396 2422 3444 2452 "
3475 2422 3753 2491 σαφέστε-

2173 2530 2266 2583 ρον
2301 2513 2448 2585 (821))
2473 2514 2809 2575 ἀκούσαντες
2839 2514 3011 2584 αὐτῆς
3041 2515 3088 2546 ⁵⁸
3118 2514 3217 2583 τῆς
3260 2514 3525 2584 ὁράσεως.
3562 2515 3632 2586 ἢν
3661 2516 3755 2571 διά

2170 2608 2491 2679 παραϐολῆς
2512 2609 2647 2679 ἡμῖν
2680 2609 2726 2642 ³⁸
2744 2610 2772 2660 6
2798 2609 3090 2677 προφήτης
3113 2608 3429 2676 ἀνήγγειλε,
3462 2607 3617 2679 κριὸν
3648 2609 3754 2679 μὲν

2172 2700 2355 2755 καλῶν
2388 2702 2435 2734 ⁸⁸
2460 2700 2553 2753 τὸν
2585 2700 2695 2753 τῶν
2729 2698 2955 2771 Περσῶν
2982 2700 3211 2769 βασιλέα
3258 2703 3512 2764 Δαρεῖον,
3544 2702 3756 2772 τράγον

2172 2811 2231 2847 τε
2260 2792 2397 2865 [τὸν]
2431 2794 2542 2847 τῶν
2583 2792 2855 2863 Ἐλλήνων
2890 2793 2936 2825 ⁶¹
2977 2793 3334 2864 Ἀλέξανδρον
3362 2794 3594 2865 βασιλέα
3614 2837 3629 2859 ,
3658 2796 3756 2849 τὸν

2174 2886 2463 2941 Μακεδόνα
2488 2903 2503 2918 ο
2528 2886 2773 2954 τέσσαρα
2826 2886 2883 2939 δὲ
2913 2887 2958 2918 ⁶¹
2984 2885 3193 2955 κέρατα
3248 2885 3398 2955 λέγει
3457 2888 3587 2948 τοὺς
3633 2890 3756 2958 μετ’

2177 2982 2385 3033 ἐκεῖνον
2424 2978 2786 3044 ἀναστάντας,
2823 2978 2916 3045 ἀφ’
2943 2971 3019 3030 ὧν
3042 2977 3269 3047 ὕστερον
3311 2978 3483 3048 κέρας
3516 2977 3683 3043 αὐτὸς
3708 2980 3757 3012 ⁸⁸

2178 3069 2314 3139 ἔφυ·
2348 3069 2483 3140 φησὶ
2537 3069 2645 3136 γάρ
2699 3066 2780 3100 ⁸⁸·
2822 3087 2840 3119 ι
2884 3063 3039 3123 Εἶδον
3094 3068 3152 3121 ἐν
3213 3067 3482 3137 ὁράματι,
3514 3068 3610 3123 καὶ
3643 3069 3755 3123 ἰδοὺ

482 3162 536 3206 et
567 3167 760 3207 omnes
792 3153 978 3208 bestiae
1002 3168 1107 3208 non
1141 3155 1367 3208 stabunt
1396 3169 1577 3208 coram
1602 3170 1704 3221 eo;
1734 3164 1789 3209 et
1815 3170 1920 3209 non
1948 3166 2063 3210 erat

2173 3161 2328 3232 κριὸς
2384 3155 2509 3232 (εἷς)
2558 3159 2807 3231 έστηκὼς
2834 3161 2926 3214 καὶ
2960 3159 3113 3229 αὐτῷ
3160 3160 3377 3233 κέρατα
3406 3162 3450 3193 ⁸⁸
3495 3162 3682 3231 ὕψηλά
3710 3163 3758 3194 ⁸⁸

483 3244 579 3312 qui
610 3257 825 3300 erueret
854 3245 921 3298 de
952 3261 1115 3300 manu
1138 3246 1281 3315 ejus,
1309 3256 1363 3301 et
1398 3245 1523 3299 fecit
1552 3246 1705 3315 juxta
1731 3248 2062 3304 voluntatem

484 3354 660 3402 suam,
692 3346 747 3392 et
782 3340 1162 3408 magniﬁcatus
1208 3350 1311 3394 est.
1353 3358 1371 3390 ι
1412 3340 1724 3394 Potentiam
1764 3341 1898 3396 dicit
1931 3340 2069 3397 Per-

485 3432 677 3494 sicam.
710 3449 832 3501 quae
860 3447 958 3501 per
988 3448 1205 3486 omnem
1255 3442 1456 3487 terram
1491 3433 1823 3501 percrebuit.
1863 3434 2071 3491 Deinde

485 3526 552 3578 de
623 3524 915 3580 Macedone
991 3524 1302 3580 Alexandro
1355 3525 1654 3591 disserens,
1694 3526 1771 3580 ait
1827 3542 1842 3581 :
1918 3546 1939 3579 ι
2005 3527 2072 3582 Ει

483 3631 612 3672 ecce
647 3616 831 3673 hircus
853 3633 1142 3687 caprarum
1176 3619 1427 3673 veniebat
1448 3620 1517 3672 ab
1564 3618 1846 3674 occidente
1903 3635 2073 3688 super

485 3708 677 3763 faciem
746 3711 914 3766 totius
979 3718 1160 3772 terrae,
1188 3720 1244 3765 et
1274 3725 1378 3764 non
1427 3710 1683 3781 tangebat
1738 3720 1962 3776 terram,
2020 3721 2076 3767 et

489 3802 640 3856 hirco
717 3802 845 3856 huic
906 3801 1231 3856 videbantur
1284 3817 1492 3857 cornua
1541 3803 1597 3857 in
1651 3803 1832 3857 medio
1883 3803 2073 3859 oculo-

490 3909 611 3949 rum
683 3894 826 3963 ejus.
862 3912 883 3947 ι
931 3892 995 3946 Ει
1026 3895 1093 3948 de
1146 3894 1267 3963 ejus
1292 3893 1345 3948 in
1370 3892 1592 3948 Darium
1655 3895 1860 3964 impetu
1901 3906 1956 3950 et
2008 3897 2076 3952 de

489 3987 693 4056 potenti
742 3987 995 4042 victoria:
1038 4005 1058 4039 ι
1093 3985 1278 4051 Vertit,
1318 3985 1517 4056 inquit,
1566 3986 1721 4041 bicus
1769 4001 1946 4057 usque
2007 3989 2076 4044 ad

490 4081 713 4135 arietem
747 4120 762 4144 ,
827 4094 1037 4134 cornua
1096 4078 1382 4133 habentem
1419 4094 1433 4143 ;
1485 4088 1540 4133 et
1595 4077 1853 4134 eﬁ'eratus
1896 4090 1980 4137 est
2022 4088 2078 4137 et

490 4176 761 4246 percussit
798 4175 1022 4229 arietem
1041 4184 1094 4227 et
1127 4174 1457 4228 comminuit
1489 4174 1601 4229 duo
1663 4188 1874 4229 cornua
1930 4176 2074 4246 ejus,

489 4281 542 4323 ct
580 4284 687 4323 non
705 4278 820 4324 erat
850 4268 944 4339 qui
966 4276 1185 4324 erueret
1221 4268 1288 4323 de
1313 4283 1505 4323 manus
1526 4267 1700 4336 ejus.»
1730 4267 1857 4324 Inde
1880 4269 1947 4325 de
1974 4271 2080 4327 ﬁne

493 4362 785 4418 Alexandri
804 4362 1055 4431 loquens,
1078 4370 1131 4415 et
1147 4362 1213 4415 de
1235 4371 1474 4429 quatuor
1494 4376 1683 4427 regum
1706 4364 2075 4431 successione,

494 4455 645 4509 addit
676 4455 879 4508 haecce:
914 4473 931 4503 ι
950 4451 1200 4522 Cumque
1224 4451 1506 4516 crevisset,
1528 4452 1763 4507 fractum
1791 4464 1877 4509 est
1902 4470 2077 4510 cornu

493 4560 772 4614 magnum,
793 4553 847 4597 et
863 4552 983 4598 orta
1003 4553 1387 4614 sunt.quatuor
1404 4558 1607 4598 cornua
1627 4546 1814 4601 subter
1836 4563 1959 4602 eum
1979 4564 2078 4619 per

494 4646 730 4710 quatuor
759 4646 950 4690 ventos
981 4637 1128 4690 creli.
1180 4639 1217 4704 ιι
1238 4636 1440 4691 Deinde
1467 4637 1532 4692 ad
1558 4638 1815 4694 Antiochi
1843 4656 2075 4710 regnum

492 4734 741 4795 veniens,
769 4738 823 4783 et
856 4728 1152 4784 ostendens
1181 4730 1327 4796 quod
1359 4745 1426 4783 ex
1452 4745 1564 4785 uno
1593 4739 1833 4798 quatuor
1858 4734 2078 4789 illorum

492 4827 584 4892 sit,
618 4826 815 4879 iterum
850 4822 1027 4878 dicit:
1067 4841 1085 4874 ι
1125 4822 1191 4876 Et
1223 4835 1505 4890 egressum
1537 4829 1621 4877 est
1653 4838 1718 4877 ex
1752 4840 1863 4878 uno
1915 4824 2077 4890 forte,

493 4927 548 4973 et
578 4916 985 4986 magniﬁcatum
1017 4923 1103 4970 est
1143 4913 1298 4967 valde
1324 4921 1517 4968 contra
1553 4913 1832 4969 meridiem
1862 4926 1917 4971 et
1945 4933 2079 4973 cono

496 5020 581 5066 tra
613 5010 904 5065 orientem.
940 5030 959 5061 ι
989 5008 1055 5062 Ει
1079 5006 1332 5061 indicans
1352 5006 1479 5073 quia
1507 5005 1821 5062 Judazorum
1848 5026 2076 5080 regnum

496 5105 799 5170 subvertet,
831 5104 911 5158 sic
945 5100 1091 5157 fatur
1130 5118 1143 5154 :
1188 5119 1206 5153 ι
1250 5099 1317 5154 Ει
1360 5115 1455 5170 per
1508 5100 1689 5171 ipsum
1745 5105 2077 5162 sacriﬁcium

2171 3253 2267 3306 καὶ
2296 3252 2358 3306 τὸ
2390 3253 2449 3304 ἓν
2502 3251 2838 3322 ὑψηλότερον
2872 3249 2968 3303 τοῦ
3012 3250 3205 3322 ἐτέρου
3236 3268 3250 3281 ο
3281 3253 3379 3304 καὶ
3406 3251 3468 3304 τδ
3492 3251 3762 3321 ὑψηλότε-

2174 3364 2268 3418 ρον
2299 3346 2347 3377 ⁶⁷
2372 3344 2663 3399 ἀνέϐαινεν
2722 3344 2810 3397 ἐπ’
2837 3344 3084 3415 ἐσχάτων
3106 3360 3121 3376 ·
3158 3344 3252 3397 καὶ
3289 3338 3432 3397 εῐδον
3474 3343 3567 3397 τὸν
3598 3344 3759 3415 κριὸν

2176 3438 2541 3510 κερατίζοντα
2574 3437 2717 3490 κατά
2740 3437 3045 3499 θάλασσαν,
3072 3436 3167 3488 καὶ
3196 3434 3425 3508 βορρἆ,
3458 3435 3551 3489 καὶ
3577 3436 3760 3498 νότον.

2176 3532 2271 3585 καὶ
2324 3531 2394 3585 τὰ
2452 3529 2620 3600 θηρία
2678 3528 2855 3581 πάντα
2883 3528 2943 3580 οὐ
2983 3526 3246 3596 στήσεται
3294 3525 3528 3579 ἐνώπιον
3549 3525 3758 3580 αύτοῦο

2176 3624 2273 3678 καλ⁸
2299 3623 2400 3677 οὐκ
2452 3619 2521 3695 ἦν
2578 3623 2607 3675 6
2656 3620 3047 3692 ἐξαιρούμενος
3100 3620 3164 3673 ὲκ
3194 3619 3381 3691 χειρὸς
3429 3618 3634 3672 αὐτοῦ’
3665 3621 3767 3676 καὶ

2176 3715 2399 3785 εποίησε
2452 3712 2597 3768 κατά
2653 3712 2715 3765 τὸ
2744 3712 2959 3782 θέλημα
2987 3709 3155 3765 αὐτοῦ
3181 3712 3276 3764 καὶ
3307 3710 3657 3781 έμεγαλύνθη
3683 3728 3700 3742 ο
3735 3731 3757 3764 ο

2175 3809 2274 3881 τὴν
2313 3808 2541 3877 δύναμιν
2562 3807 2714 3875 λέγει
2746 3807 2846 3872 τὴν
2871 3804 3175 3874 Περσικὴν,
3198 3804 3233 3875 ἢ
3268 3806 3454 3857 πᾶσαν
3477 3804 3768 3875 ἐπέδραμε

2176 3902 2275 3971 τήν
2306 3901 2433 3969 γῆν.
2465 3892 2599 3949 Εἶτα
2639 3898 2769 3967 περὶ
2824 3896 2920 3949 τοῦ
2970 3895 3284 3959 Μακεδόνος
3323 3894 3373 3927 ⁸⁸
3410 3894 3767 3961 Ἀλεξάνδρου

2178 3987 2557 4058 διαλεγόμενός
2584 4003 2752 4058 φησιν
2782 3988 2851 4019 ⁶⁹ο
2869 4006 2887 4039 ι
2919 3986 3078 4059 [Καὶ]
3103 3986 3213 4040 ἰδοὺ
3232 3985 3432 4055 τράγος
3455 3985 3629 4055 αίγῶν
3661 3987 3774 4058 ήρο

2181 4098 2307 4153 χετο
2359 4080 2468 4133 ἀπὸ
2530 4076 2680 4141 λιϐὸς
2727 4078 2776 4109 τ’
2844 4078 2939 4129 ἐπὶ
2994 4075 3156 4147 305
3209 4076 3504 4147 πρόσωπον
3577 4076 3772 4146 πάσης

2179 4175 2281 4246 τῆς
2302 4169 2529 4242 γῆς,κα“ι
2559 4171 2657 4223 οὐκ
2678 4164 2747 4240 ἦν
2769 4170 3073 4238 ἁπτόμενος
3096 4171 3195 4239 τῆς
3218 4172 3344 4238 γῆς,
3373 4168 3468 4222 καὶ
3482 4169 3559 4239 τῷ
3575 4170 3773 4241 τράγῳ

2181 4254 2376 4337 ἐκείνῳ
2405 4265 2615 4336 κέρατα
2647 4266 2689 4295 τι
2719 4262 3009 4333 έθεωρεῖτο
3041 4261 3317 4330 ἀναμέσον
3334 4262 3443 4315 τῶν
3465 4262 3775 4332 ὀφθαλμῶν

2182 4359 2373 4417 αὐτοῦ.
2420 4378 2439 4412 ι
2490 4354 2624 4411 Εἶτα
2646 4356 2822 4424 λέγων
2848 4356 2950 4425 τὴν
2970 4354 3109 4428 πρὸς
3136 4356 3369 4425 Δαρεῖον
3403 4356 3450 4387 τ’
3483 4355 3776 4428 συμϐολὴν

2184 4451 2351 4507 αὑτοῦ
2407 4448 2785 4519 γεγενημένην
2817 4447 2864 4478 ⁷³
2892 4447 2988 4501 καὶ
3022 4447 3120 4515 τὴν
3163 4445 3307 4499 κατά
3334 4446 3539 4516 κράτος
3562 4446 3724 4517 νίκην
3753 4463 3775 4479 ο

2188 4564 2209 4598 ι
2246 4540 2447 4606 Ἦλθε,
2487 4541 2655 4610 φησὶν
2695 4538 2763 4603 ⁷⁵,
2790 4540 2817 4591 6
2839 4537 3043 4606 τράγος
3099 4535 3207 4599 ἕως
3239 4535 3335 4589 τοῦ
3385 4535 3541 4605 κριοῦ
3569 4533 3669 4588 τοῦ
3701 4536 3781 4589 τὰ

2184 4638 2393 4710 κέρατα
2413 4634 2647 4705 ἔχοντος.
2692 4650 2711 4684 ι
2735 4660 2805 4674 -
2838 4630 2979 4683 «Καὶ
3002 4628 3251 4700 ήγριώθη
3275 4629 3323 4661 ’⁸
3345 4629 3440 4681 καὶ
3466 4628 3662 4681 ἔπαισε
3680 4629 3783 4681 τὸν

2183 4731 2361 4802 κριὸν,
2388 4729 2485 4782 καὶ
2516 4724 2842 4796 συνέτριψεν
2872 4722 3162 4794 ἀμφύτερα
3200 4722 3270 4775 τὰ
3318 4722 3527 4792 κέρατα
3559 4718 3730 4773 αὐτοῦ
3764 4736 3783 4750 ·

2180 4824 2274 4878 καὶ
2298 4823 2402 4876 οὐκ
2431 4816 2500 4889 ἦν
2525 4819 2554 4872 6
2590 4814 2979 4887 ἐξαιρούμενος
3038 4814 3103 4867 ὲκ
3139 4813 3326 4884 χειρὸς
3372 4811 3566 4865 αὐτοῦ.
3611 4828 3629 4861 ι
3677 4810 3785 4864 Ἐο

2184 4933 2346 4969 πειτα
2404 4910 2767 4982 διηγούμενος
2806 4908 2907 4977 τὴν
2950 4905 3304 4976 Ἀλεξάνδρου
3361 4901 3626 4972 τελευτὴν
3678 4902 3785 4954 καὶ

2186 5012 2286 5079 τὴν
2344 5006 2453 5062 τῶν
2493 5005 2539 5057 δ’
2578 5001 2845 5073 βασιλέων
2903 4998 3157 5068 διαδοχὴν
3211 4998 3407 5063 ἐπάγει
3464 4994 3643 5062 λέγων
3675 4993 3727 5023 ’⁸
3762 5010 3779 5025 ·

2194 5121 2213 5155 ι
2250 5102 2360 5154 Καὶ
2391 5099 2448 5152 ὲν
2479 5096 2559 5165 τῷ
2584 5093 2807 5166 ἰσχῦσαι
2843 5093 3032 5157 αὑτὸν,
3068 5089 3365 5161 συνετρίϐη
3402 5089 3465 5142 τὸ
3513 5087 3688 5165 κέρας
3713 5085 3786 5138 τδ

1723 5216 1922 5279 Variae
1972 5219 2277 5283 lectiones
2323 5220 2383 5275 et
2427 5214 2618 5271 noue.

576 5322 619 5351 ⁸⁸
649 5318 779 5374 Ced.
810 5314 1049 5381 “HJ-8.
1137 5316 1182 5347 '°
1219 5314 1501 5382 ἀπέδειξεν
1534 5316 1622 5371 διὰ
1657 5318 1926 5387 συντόμου
1963 5320 2062 5371 cod

2169 5347 2193 5356 -
2238 5315 2327 5387 διὰ
2360 5310 2629 5387 συντόμου
2663 5307 2939 5387 ,ἀπλϐιξὼ

3043 5308 3087 5338 ιι
3122 5306 3185 5375 δὴ
3244 5306 3429 5359 λοιπόν
3475 5304 3599 5358 add.
3641 5274 3783 5357 cmi.~

501 5395 548 5426 ιι
577 5393 658 5445 δεῖ
686 5390 813 5443 add.
861 5374 989 5442 om.
1063 5393 1110 5425 ιι
1141 5404 1265 5441 τινα
1293 5374 1585 5444 addicat.
1666 5388 1712 5419 ιι
1752 5374 1883 5443 celi.
1908 5390 2063 5447 401.8

2169 5385 2305 5440 ll-8.
2384 5383 2429 5415 "
2457 5378 2565 5432 τῶν
2613 5377 2737 5434 add.
2778 5378 2911 5432 Ced.
2986 5380 3033 5411 ⁸⁸
3055 5374 3245 5431 τούτου
3302 5374 3781 5447 πολλοὶᾼμετξικ.

508 5443 597 5528 ty.
648 5461 699 5529 β.
740 5461 833 5527 ἀφ’
890 5452 963 5513 ὧν
1012 5454 1091 5525 εἷς
1135 5461 1227 5513 καὶ
1284 5443 1438 5524 οὗτος
1492 5463 1518 5512 ό
1567 5459 1646 5512 ‘A.
1709 5458 1836 5512 Cod.
1914 5460 1957 5529 ’ξ’
1992 5443 2063 5512 'la

2177 5476 2199 5510 ε
2261 5454 2383 5529 cod.
2406 5523 2417 5529 _
2463 5450 2509 5482 ⁸⁸
2558 5450 2615 5502 ἀ.
2759 5450 2876 5529 ,τῆς
2909 5447 3169 5529 διδ-ιδιά
3191 5447 3323 5502 Ced.
3356 5447 3452 5529 _"
3478 5445 3616 5529 ύμῖν
3646 5443 3783 5529 Οειι.

510 5516 560 5564 ⁶δ
582 5516 743 5583 ἀκοίλεί
766 5516 894 5583 ded.
973 5530 1014 5561 "
1038 5516 1148 5587 τῖῦν
1190 5516 1514 5584 Μακεδόνων
1544 5529 1674 5584 Ced.
1753 5530 1797 5560 "
1822 5528 1883 5599 δή
1916 5528 2045 5583 Ced.

2198 5528 2226 5579 6
2274 5523 2546 5599 'Avrlop;
2587 5517 2713 5599 add.
2755 5518 2889 5599 (333d:
2963 5520 3009 5599 ξ’
3033 5519 3320 5599 Dan;_VI_tt.
3353 5518 3412 5599 ξ),
3465 5516 3521 5599 ξ,
3576 5529 3686 5599 om;
3725 5517 3788 5599 ty

511 5606 598 5656 eo.
674 5602 721 5631 "
746 5602 840 5651 καὶ
871 5601 940 5653 τὰ
979 5605 1190 5656 κέοατα
1236 5601 1424 5655 codex.

514 5670 562 5702 ⁸⁸
589 5668 915 5721 Μακεδόνων
962 5668 1083 5725 cod.

516 5782 605 5827 τρ.
669 5759 750 5811 ὲκ.
808 5760 867 5809 κέ

913 5778 973 5810 ας

518 5782 605 5827 1.0-
669 5778 750 5811 εκ·
808 5778 973 5863 κέρας
1015 5778 1093 5812 ευ.
1165 5778 1264 5811 av:
1322 5778 1483 5825 μεσον
1543 5778 1669 5812 um.

518 5836 563 5867 "
607 5830 937 5899 ἔξηγριάνῖη
990 5828 1119 5882 “illi.
1202 5829 1407 5883 “Dan.
1453 5844 1565 5895 vnn,
1618 5830 1669 5880 ὃ.

1524 5600 1569 5631 η
1613 5600 1715 5669 πρὸ
1752 5598 1849 5652 τοῦ
1874 5584 2063 5652 ὀύϐάλη

2169 5614 2245 5653 ιιι.
2295 5584 2735 5669 κατάἀνατολάς
2776 5588 3116 5669 Ειιιξοξίιιεη
3154 5589 3197 5621 ⁶⁷
3240 5586 3445 5655 ὑψηλόν
3480 5586 3611 5637 llan.
3646 5584 3785 5669 Sed:

1162 5672 1206 5703 '9
1247 5670 1380 5725 Dan.
1411 5686 1528 5733 vtu,
1565 5670 1618 5722 5.
1658 5668 1739 5701 ⁷⁷⁸
1764 5670 1857 5722 καί
1909 5670 2033 5725 add.
2076 5668 2210 5725 Ced.

1015 5762 1093 5833 ἐθ.
1165 5762 1289 5833 ὁνριΔ
1322 5762 1483 5825 μέσον
1543 5760 1671 5833 Cod.
1750 5762 2062 5832 "mpa6o‘l

2172 5760 2261 5813 καί
2314 5757 2443 5814 Cod.
2522 5758 2565 5789 ⁷³
2600 5754 2898 5826 γενομένην
2953 5751 3081 5812 Ced.
3162 5753 3203 5784 ⁷⁵
3232 5750 3365 5805 Dan.
3437 5763 3554 5811 \lll,
3615 5744 3669 5811 6,
3728 5743 3783 5801 7.

2312 5665 2355 5696 ‘“
2388 5680 2474 5733 τρ.
2512 5660 2679 5728 κέρας
2710 5677 2771 5727 μ.
2823 5659 2984 5722 LXX,
3026 5659 3117 5713 sed
3148 5676 3163 5713 :
3191 5666 3273 5739 V3
3294 5667 3424 5718 mn
3449 5666 3551 5738 ΠΡ
3604 5662 3789 5715 ἾΞΥΠΊ
