4088 6224
434 281 536 348 481

1608 279 2072 343 (ῚΠΠΟΝὩΟΧ.
2105 303 2176 317 σ’-
2216 280 2362 340 LIB.
2408 280 2527 341 IIl.

3589 284 3699 347 482

440 399 619 469 μέγα·
653 397 747 449 καὶ
799 396 970 467 ἀνέϐη
1012 398 1223 467 κέρατα
1254 396 1295 450 δ’
1333 396 1685 451 ὑποκάτωθεν
1739 393 1904 448 αὐτοῦ
1939 394 2019 456 είς

2127 392 2448 462 dissipatum
2485 403 2566 446 est
2606 390 2779 457 clade,
2809 402 2861 447 ct
2890 391 3089 449 factum
3113 403 3221 459 est,
3244 404 3296 450 et
3324 408 3698 467 prosperatum

435 485 565 547 τοὺς
593 484 634 536 δ’
679 485 920 555 ἀνέμους
970 487 1065 539 τοῦ
1129 486 1385 556 οὐρανοῦ.
1426 506 1446 539 ι
1494 485 1780 540 Ἐντεῦθεν
1830 484 2019 538 λοιπὸν

435 578 531 630 ἐπὶ
562 576 661 645 τήν
699 578 977 647 Ἀντιόχου
1005 578 1286 648 βασιλείαν
1317 578 1512 644 ἐλθὼν,
1546 579 1642 631 καὶ
1671 578 1908 641 δεικνὺς,
1936 578 2018 630 ὅτι

439 670 497 734 ἐξ
529 670 650 733 ἑνὸς
681 670 911 723 ἐκείνων
940 672 1047 723 τῶν
1081 671 1121 724 δ’
1152 674 1323 736 ἐστὶν,
1383 672 1546 725 πάλιν
1576 671 1709 741 φησί
1740 671 1785 703 "
1805 686 1819 700 ·
1859 688 1878 721 ι
1910 668 2021 722 Kal

437 760 667 832 ἐξῆλθεν
689 764 754 815 ἐκ
783 762 878 814 τοῦ
911 764 1031 826 ἐνὸς
1063 765 1307 834 ἰσχυρὸν,
1331 764 1426 818 καὶ
1455 762 1803 835 ὲμεγαλύνθη
1821 779 2021 832 περισο

438 853 550 917 σῶς
607 854 749 925 πρὸς
795 856 950 908 νότον
982 857 1077 909 καὶ
1110 855 1296 928 ιπρὸς]
1330 857 1375 889 ⁷⁸
1403 857 1692 927 ἀνατολήν.
1723 876 1742 907 ι
1782 856 1892 909 Καὶ
1925 872 2023 925 ση-

437 945 671 1015 μαίνων,
699 948 783 999 ὅτι
828 946 928 1017 τήν
961 947 1264 1017 ἰουδαῖκὴν
1309 947 1588 1001 πολιτείαν
1635 947 1880 1011 καθελεῖ,
1919 948 2024 1016 φάο

437 1055 560 1092 σκει
590 1040 671 1071 ⁷⁸*
716 1057 735 1089 t
780 1041 892 1092 Kal
922 1039 989 1092 δι’
1014 1040 1178 1093 αὐτὸν
1210 1040 1373 1094 θυσία
1408 1040 1685 1111 ἐταράχθη
1720 1038 2023 1111 παραπτώ-

442 1148 578 1199 ματι
601 1132 697 1184 καὶ
726 1133 772 1162 δθ
806 1131 1047 1201 ἐγενήθη
1098 1133 1192 1185 καὶ
1241 1133 1604 1202 κατευωδώθη
1638 1133 1807 1202 αὐτῷ,
1837 1133 1933 1186 καὶ
1964 1132 2025 1184 τὸ

443 1224 602 1289 ἆγιον
626 1224 1076 1294 ἐρημωθήσεται,
1119 1225 1215 1278 καὶ
1250 1225 1537 1295 δοθήσεται
1562 1226 1654 1278 ἐπὶ
1693 1225 1793 1295 τὴν
1831 1225 2022 1278 θυσίαν

442 1315 711 1385 ἁμαρτία.
754 1334 773 1367 ι
820 1315 928 1369 Τοῦ
984 1318 1094 1387 γὰρ
1120 1317 1306 1388 βωμοῦ
1343 1318 1761 1386 καθαιρεθέντος
1793 1319 1886 1372 καὶ
1915 1318 2023 1371 τῶν

440 1404 614 1470 ἁγίων
641 1406 1174 1477 καταπατηθέντων,
1207 1408 1431 1461 εἴδωλον
1461 1408 1690 1477 ἔστησεν
1734 1408 1884 1464 ἔνδον
1927 1410 2023 1462 καὶ

440 1493 635 1557 θυσίας
666 1496 711 1527 ⁸⁸
748 1498 995 1551 ἐπετέλει
1054 1501 1168 1562 τοῖς
1218 1499 1439 1570 δαίμοσι
1487 1500 1854 1570 παρανόμωςο
1899 1501 2020 1555 ὃθεν

440 1588 609 1657 φησίν
643 1589 688 1620 ⁸⁸
712 1606 727 1620 ·
769 1609 787 1641 ι
820 1591 975 1662 (Καὶ)
1031 1592 1233 1663 ἐρρίφη
1264 1594 1439 1664 χαμαὶ
1467 1595 1501 1663 ἡ
1533 1594 1874 1666 δικαιοσύνη,
1930 1596 2025 1648 καὶ

440 1682 691 1749 ἐποίησε,
720 1686 814 1735 καὶ
835 1682 1111 1753 εὐωδώθη.
1143 1702 1162 1734 ι
1196 1680 1327 1737 Εἶτα
1366 1684 1528 1738 πάλιν
1550 1688 1614 1738 ὲκ
1651 1685 1904 1756 δευτέρου
1925 1686 2023 1756 τὴν

2122 494 2205 541 est
2232 488 2312 551 ei;
2348 494 2401 540 et
2427 496 2676 541 sanctum
2710 489 3034 555 vastabitur,
3068 498 3121 544 et
3164 490 3381 545 dabitur
3416 508 3580 562 super
3612 509 3702 547 sa-

2125 577 2393 633 crifieium
2426 586 2732 646 peccatum.
2769 596 2787 629 ι
2814 576 3053 644 Etenim,
3085 597 3211 635 cum
3235 584 3408 637 altare
3428 584 3700 638 sublatum

2125 667 2339 735 fuisset,
2376 683 2428 724 et
2458 680 2648 725 sancta
2671 672 3010 734 conculcata,
3070 683 3251 728 statua
3306 677 3455 731 intus
3503 676 3703 745 posita,

2124 760 2409 815 daeinOniis
2438 762 2733 816 sacrificari
2762 762 2967 817 nefarie
3008 764 3311 831 imperavit.
3347 766 3503 822 Unde
3533 768 3705 825 dicit:

2129 870 2149 903 ι
2186 854 2464 908 Prostrata
2488 862 2574 907 est
2605 857 2657 906 in
2688 863 2886 908 terram
2913 854 3220 922 justitia,et
3248 856 3374 911 fecit
3400 869 3451 912 et
3479 874 3705 929 prospe-

2126 955 2275 1000 ratns
2296 954 2397 999 est.
2436 964 2455 996 ι
2508 944 2711 1000 Deinde
2774 963 2968 1002 rursus
3000 949 3139 1001 idem
3181 951 3434 1004 Antiochi
3463 951 3701 1021 Epipha-

2126 1034 2211 1090 nis
2250 1051 2474 1105 regnum
2526 1034 2792 1101 referens,
2827 1048 2881 1092 et
2931 1039 3285 1100 servitutem,
3326 1050 3380 1095 et
3429 1043 3703 1097 excidium

2124 1134 2179 1179 et
2231 1126 2631 1182 desolationem
2702 1129 2907 1198 templi,
2979 1130 3165 1199 adjicit
3216 1140 3270 1184 et
3331 1141 3566 1200 tempus.
3620 1134 3704 1187 Ab

2123 1215 2413 1270 Alexandri
2470 1219 2614 1273 enim
2653 1231 2825 1273 morte
2867 1220 3158 1289 incipiens,
3191 1230 3245 1275 et
3276 1223 3341 1276 ad
3396 1227 3553 1278 linem
3582 1225 3704 1279 libri

2125 1310 2307 1362 omnia
2335 1326 2571 1379 qumque
2589 1312 2916 1368 .iutermedia
2940 1329 3230 1375 enarratis,
3253 1332 3372 1383 qua:
3394 1315 3706 1373 Ptolemidm

2123 1409 2177 1452 et
2209 1399 2531 1465 Seleueidze,
2569 1416 2628 1455 se
2679 1402 2909 1457 invicem
2945 1404 3367 1475 confringentes,
3398 1418 3703 1475 gesserunt,

2123 1498 2176 1544 et
2208 1495 2416 1562 operati
2455 1504 2581 1548 sntit
2620 1509 2809 1549 eorum
2853 1498 3044 1564 duces,
3089 1497 3306 1555 fraudes
3335 1509 3389 1554 et
3423 1501 3702 1563 victorias.

2125 1592 2179 1637 et
2219 1586 2461 1654 agmina,
2512 1598 2565 1642 et
2607 1597 2750 1643 terra
2812 1590 3057 1660 marique
3090 1607 3323 1662 pugnas,
3356 1595 3409 1648 in
3437 1596 3706 1651 Antiocho

2129 1676 2343 1730 tandem
2379 1678 2583 1733 desinit
2615 1690 2669 1734 et
2701 1681 2833 1735 dicit
2867 1700 2880 1735 :
2916 1701 2933 1733 t
2968 1681 3191 1737 Brachia
3225 1701 3289 1739 ex
3338 1703 3405 1741 eo
3457 1693 3702 1754 stabunt,

440 1774 620 1845 αὐτὴν
645 1774 932 1843 βασιλείαν
970 1777 1248 1847 Ἀντιόχου
1274 1776 1412 1847 (τοῦ)
1461 1778 1798 1847 Ἐπιφανοῦς
1846 1779 2021 1847 λέγων

2127 1774 2179 1820 et
2207 1767 2453 1836 polluent
2482 1771 2882 1834 sanctuarium,
2935 1782 2991 1827 et
3040 1773 3292 1830 auferent
3333 1779 3462 1848 jnge
3491 1782 3709 1836 sacrific

441 1864 536 1916 καὶ⁵
575 1863 675 1933 τὴν
707 1865 1118 1935 αίχμαλωσίαν,
1149 1869 1242 1921 καὶ
1261 1868 1361 1939 τὴν
1390 1868 1614 1934 ἅλωσιν,
1649 1869 1747 1922 καλ⁸
1776 1870 1873 1940 τὴν
1897 1872 2023 1941 ἐρή-

443 1971 624 2023 μωσιν
650 1956 744 2009 τοῦ
779 1958 949 2027 ἱεροῦ,
1011 1959 1342 2031 προστίθησι
1389 1961 1486 2013 καὶ
1508 1960 1599 2014 τὸν
1629 1962 1848 2033 χρόνον.
1898 1962 2025 2035 Ἀρ-

444 2044 680 2115 ξάμενος
708 2047 759 2078 ⁸³
787 2047 897 2118 γὰρ
975 2049 1085 2101 ἀπὸ
1151 2048 1253 2119 τῆς
1320 2049 1673 2121 Ἀλεξάνδρου
1732 2050 2021 2122 τελευτῆς,

440 2132 598 2201 αὖθις
667 2138 803 2209 πρὸς
872 2139 951 2210 τῷ
989 2138 1134 2193 τέλει
1166 2140 1259 2194 τοῦ
1294 2141 1507 2211 βιῦλίου
1536 2144 1629 2195 καὶ
1661 2140 1777 2214 [τὰ]
1820 2144 2023 2212 μεταξὺ

442 2229 622 2282 πάντα
648 2229 1054 2302 διηγησάμενος
1082 2233 1186 2285 ὅσα
1241 2233 1291 2285 οί
1326 2232 1653 2302 Πτολεμαῖοι
1706 2235 1801 2287 καὶ
1846 2236 1896 2287 οί
1929 2237 2025 2288 Σέ-

441 2319 628 2374 λευκοι
657 2324 1030 2393 συρραγέντες
1059 2324 1312 2396 ἀλλήλοις
1332 2325 1619 2394 ἐποίησαν,
1652 2325 1748 2378 καὶ
1781 2327 1830 2377 οἱ
1859 2343 2027 2397 utpa-

440 2410 604 2477 τηγοὶ
617 2410 821 2464 τούτων
842 2413 1190 2483 εἰργάσαντο,
1204 2415 1329 2477 τοὺς
1345 2414 1549 2478 δόλους,
1564 2417 1659 2478 τὰς
1676 2414 1838 2485 306
1848 2415 2022 2481 νίκας,

439 2504 544 2567 τὰς
606 2506 895 2575 στρατείας
926 2505 993 2571 ⁸⁸,
1023 2506 1121 2569 τὰς
1171 2507 1504 2578 ναυμαχίας.
1553 2506 1652 2569 τὰς
1683 2507 2025 2577 πεζομαχίας

441 2596 672 2665 προῖὼν,
725 2599 807 2660 είς
849 2599 1121 2668 Ἀντίοχον
1182 2600 1411 2669 τελευτᾷ
1467 2598 1632 2651 πάλιν
1687 2598 1779 2649 καί
1809 2615 2021 2668 φησιν’

448 2705 468 2739 t
510 2688 808 2758 Βραχίονες
841 2688 901 2754 ἐξ
930 2692 980 2721 ⁸⁸
1001 2689 1169 2743 αὑτοῦ
1199 2693 1489 2761 στήσονται
1529 2691 1624 2742 καὶ
1653 2688 2024 2759 βεδηλώσουσι

440 2779 507 2833 τὸ
538 2782 787 2852 ἁγίασμα
811 2782 907 2835 καὶ
927 2784 1329 2853 μεταστήσουσι
1346 2783 1434 2835 τὸν
1456 2783 1853 2853 ἐνδελεχισμὸν,
1886 2800 1904 2833 ι
1928 2784 2025 2847 τὰς

442 2870 703 2941 συνήθεις
759 2871 938 2941 λέγων
974 2873 1163 2937 θυσίας
1198 2877 1291 2927 καὶ
1327 2873 1723 2944 καθημερινὰς,
1761 2892 1778 2924 ι
1809 2876 1903 2928 καὶ
1926 2874 2027 2927 δώ-

442 2979 634 3018 σουσιν
690 2966 772 3027 είς
825 2963 992 3020 αὑτὸν
1028 2966 1074 2998 ⁸⁸
1117 2966 1396 3036 βδέλυγμα
1445 2966 1901 3036 (ὴφανισμένον)’
1933 2969 2027 3021 καὶ

438 3055 569 3119 τοὺς
599 3055 940 3125 ἀνομοῦντας
971 3058 1017 3090 ⁸⁷
1044 3057 1334 3129 διαθήκην,
1375 3076 1393 3109 ι
1425 3060 1673 3110 τουτέστι
1690 3060 1815 3121 τοὺς
1841 3076 2022 3130 παρα-

440 3146 735 3211 ϐαίνοντας
761 3150 872 3203 τῶν
905 3150 1177 3204 Ἰουδαίων
1208 3151 1275 3216 ⁸⁸,
1310 3168 1330 3201 t
1361 3150 1663 3213 ἀπάξουσιν
1702 3152 1759 3203 ἐν
1802 3151 2024 3223 ὀλισθή-

440 3256 585 3309 μασι
622 3258 641 3291 ι
689 3241 809 3310 μεθ’
838 3242 1047 3295 ἑαυτῶν
1089 3245 1183 3296 καὶ
1229 3245 1631 3313 μεταστήσουσι
1657 3258 1670 3272 ’
1708 3261 1726 3294 t
1764 3244 1857 3297 καὶ
1896 3243 2022 3309 λαὸς

437 3326 735 3394 γινώσκων
761 3329 807 3362 ⁸⁸
840 3332 935 3383 τὸν
966 3330 1103 3384 Θεὸν
1134 3331 1302 3385 αὐτοῦ
1324 3334 1738 3402 κατισχύσουσι,
1777 3352 1796 3386 ι
1832 3334 1902 3386 τὰ
1931 3336 2025 3388 ἐπὶ

436 3417 554 3471 τῶν
582 3420 964 3474 Μακκαὸαίων
990 3422 1167 3490 λέγων
1194 3425 1288 3475 καὶ
1311 3423 1377 3476 τὰ
1406 3422 1502 3476 ἐπὶ
1534 3423 1702 3477 Ἰούδα
1728 3426 1820 3477 καὶ
1848 3426 2027 3495 Σίμω-

438 3524 535 3571 νος
608 3509 704 3562 καὶ
747 3511 1017 3565 Ἰωάννου.
1053 3512 1099 3543 ⁹⁹
1154 3530 1173 3562 t
1208 3513 1319 3567 Καὶ
1356 3513 1406 3564 οί
1464 3514 1675 3566 συνετοὶ
1725 3513 1863 3586 (τοῦ)
1894 3513 2024 3567 λαοῦ

444 3600 779 3671 συνήσουσιν
801 3603 881 3665 είς
914 3602 1087 3656 πολλά
1109 3617 1123 3632 °
1148 3603 1243 3657 καὶ
1272 3602 1665 3674 ἀσθενήσουσιν
1700 3609 1758 3658 ἐν
1778 3608 2026 3678 ῥομφαίᾳ

441 3695 543 3746 καὶ
569 3695 628 3747 ἐν
688 3693 873 3762 φλογὶ,
916 3712 936 3744 ι
963 3694 1107 3765 (83⁸)
1139 3694 1233 3748 τὸν
1277 3696 1610 3766 ἐμπρησμὸν
1667 3697 1765 3767 τῆς
1816 3697 2026 3761 πόλεως

440 3786 819 3856 ιςηγούμενος
878 3786 1062 3839 πάλιν.
1099 3804 1117 3837 t
1158 3789 1267 3842 Kal
1321 3791 1378 3840 ὲν
1441 3789 1792 3862 αἰχμαλωσίᾳ
1838 3792 1933 3845 καὶ
1966 3794 2025 3845 ἐν

439 3879 672 3948 ἁρπαγῇ
699 3878 741 3908 ’ί
774 3879 1017 3950 ἡμερῶν,
1069 3881 1163 3933 καὶ
1216 3882 1274 3933 ἐν
1330 3880 1409 3950 τῷ
1461 3881 1762 3951 ἀσθενῆσαι
1803 3883 2023 3948 αὐτοὺς,

441 3970 814 4039 βοηθήσονται
842 3971 1097 4043 βοήθειαν
1156 3972 1384 4043 μικρὰν,
1427 3992 1447 4026 ι
1482 3974 1790 4043 ἐμφαίνων,
1823 3975 1905 4027 ὃτι
1934 3991 2027 4045 με·

438 4062 585 4126 ταξῦ
622 4063 730 4115 τῶν
758 4064 947 4116 κακῶν
975 4065 1200 4117 ἐκείνων
1225 4065 1547 4136 δυνήσονται
1570 4065 1911 4119 ἀναπνεῦσαι
1934 4068 2027 4120 καὶ

442 4154 767 4221 ἀνενεγκεῖν
796 4158 862 4207 ὲκ
921 4156 1030 4207 τῶν
1058 4155 1472 4225 κατειληφότων
1506 4157 1704 4220 αὐτοὺς
1729 4157 1917 4211 κακῶν
1954 4158 2024 4211 ’⁸.

448 4258 471 4293 ι
514 4243 625 4295 Kal
659 4243 1130 4315 προστεθήσονται
1189 4246 1326 4315 πρὸς
1366 4247 1565 4309 αὐτοὺς
1618 4246 1805 4299 πολλοὶ
1827 4248 1885 4299 ὲν
1912 4247 2024 4300 ὀλι-

443 4334 717 4406 σθήμασι.
744 4338 852 4390 Kal
879 4338 987 4390 ἀπὸ
1032 4338 1140 4390 τῶν
1181 4340 1468 4392 συνιέντων
1494 4340 1539 4370 ’³
1587 4339 1970 4409 ἁσθενήσουσι,
2001 4358 2019 4390 ι

2125 1860 2294 1922 cium,
2330 1869 2384 1914 et
2421 1859 2631 1915 dabunt
2664 1862 2715 1915 itt
2750 1862 2882 1916 illud
2910 1865 3380 1922 abominationem
3444 1871 3496 1924 in
3544 1873 3705 1927 deso-

2126 1948 2409 2014 lationem,
2432 1959 2485 2005 et
2510 1952 2708 2021 impios
2737 1953 2793 2007 in
2828 1963 3236 2021 testamentum,
3270 1976 3289 2009 ι
3320 1959 3421 2014 hoc
3453 1970 3535 2015 est
3564 1978 3706 2031 pra:-

2127 2040 2455 2096 varicatores
2511 2041 2847 2100 Judazorum.
2907 2064 2928 2097 ι
2984 2045 3040 2100 ln
3100 2048 3306 2103 lubrica
3356 2053 3695 2117 abducentu

2127 2147 2248 2186 cum
2282 2136 2612 2204 semetipsis,
2659 2146 2716 2192 et
2766 2138 3135 2206 transferent;
3179 2160 3198 2192 ι
3244 2146 3475 2211 populus
3524 2159 3704 2200 autem

2126 2224 2307 2279 sciens
2371 2227 2658 2282 Dominum
2710 2242 2896 2296 suum,
2960 2232 3331 2296 roborabitur,
3374 2254 3392 2285 ι
3453 2236 3705 2290 indicans

2126 2331 2247 2385 qua:
2272 2316 2414 2371 facta
2448 2329 2575 2374 sunt
2604 2336 2699 2390 per
2727 2321 3130 2376 Maceliabteum
3158 2333 3212 2377 et
3242 2323 3462 2390 ludam,
3509 2337 3563 2382 et
3614 2328 3707 2382 Si-

2136 2424 2379 2477 monem,
2404 2420 2459 2465 et
2488 2409 2780 2467 Joannem.
2855 2433 2873 2466 t
2903 2415 2970 2468 Et
2999 2414 3144 2469 docti
3175 2417 3228 2469 in
3263 2418 3463 2487 populo
3508 2420 3710 2474 intelli-

2126 2511 2253 2570 gent
2308 2504 2361 2556 in
2417 2506 2610 2566 multa,
2654 2515 2704 2559 et
2760 2506 3184 2561 infirtnabuntnr
3231 2508 3285 2562 in
3335 2509 3519 2578 gladio
3566 2510 3707 2564 etin

2125 2594 2366 2659 ﬂamma,
2409 2614 2427 2648 ι
2471 2598 2784 2651 incendium
2819 2598 3058 2653 civitatis
3096 2599 3290 2651 iterum
3338 2601 3655 2668 significans
3690 2639 3705 2653 .

2134 2705 2151 2738 ι
2194 2687 2258 2741 Et
2285 2689 2338 2743 in
2373 2691 2689 2758 captivitate
2715 2698 2768 2744 et
2803 2691 2856 2744 in
2895 2692 3082 2760 rapina
3115 2690 3352 2754 dierum,
3382 2701 3435 2745 et
3470 2692 3523 2744 in
3553 2692 3710 2746 infir-

2128 2780 2313 2833 mitate
2351 2795 2475 2834 cum
2540 2780 2763 2849 fuerint,
2824 2782 3259 2836 sublevabuntur
3312 2783 3518 2836 auxilio
3577 2799 3709 2852 par-

2126 2871 2278 2935 vulo,
2345 2888 2364 2922 ι
2423 2872 2715 2925 ostendens
2772 2875 2899 2943 quia
2954 2875 3006 2927 ιιι
3074 2874 3255 2929 medio
3311 2876 3705 2929 contritionuin

2128 2962 2342 3016 illarttm
2377 2964 2647 3033 respirare
2673 2963 2756 3020 fas
2788 2966 2916 3030 erit,
2948 2976 3001 3021 et
3038 2983 3102 3020 ex
3148 2968 3306 3021 malis
3326 2982 3548 3037 surgere
3587 2984 3710 3034 qua:

2128 3070 2222 3108 eos
2248 3056 2741 3125 apprelienderunt.
2783 3074 2801 3107 ι
2833 3058 2896 3110 Et
2926 3058 3352 3127 applicabuntur
3375 3060 3455 3113 eis
3478 3061 3704 3128 plurimi

2130 3147 2183 3197 in
2227 3144 2549 3212 fraudibus;
2580 3161 2634 3200 ct
2659 3148 2728 3200 de
2762 3147 3192 3217 intelligentibus
3224 3150 3703 3215 inlirmabuntttr,»

2127 3238 2485 3293 sobindicans
2524 3238 2752 3304 scilicet,
2785 3239 2913 3309 quia
2941 3240 3097 3293 multi
3125 3257 3189 3295 ex
3219 3241 3301 3296 eis
3349 3250 3556 3295 stantes
3582 3257 3710 3295 coro

2129 3336 2305 3381 ruent.
2346 3328 2552 3381 Deinde
2582 3328 2646 3381 ad
2689 3343 2938 3394 causam,
2965 3344 3134 3397 quare
3170 3328 3313 3383 Deus
3342 3346 3436 3383 eos
3458 3330 3707 3398 permisit

2129 3420 2181 3473 in
2206 3421 2475 3474 deteriora
2499 3420 2693 3475 cadere
2721 3436 2736 3474 :
2765 3430 2986 3489 quaeest
3011 3421 3155 3475 ista?
3189 3439 3207 3471 t
3240 3423 3309 3476 Ut
3331 3422 3709 3491 purificcntttt‘,

2127 3512 2222 3577 ait,
2259 3520 2313 3565 et
2345 3512 2636 3581 eligantur,
2664 3518 2718 3564 et
2748 3511 3262 3581 dealbenturmsqtte
3294 3513 3363 3564 ad
3401 3521 3709 3580 temporum

2131 3606 2312 3657 finem.
2347 3624 2363 3654 ι
2405 3603 2530 3658 lbec
2560 3604 2707 3656 enim
2735 3604 2983 3672 permisit
3024 3604 3187 3667 Deus,
3215 3604 3418 3673 inquit,
3456 3615 3511 3658 ut
3536 3616 3587 3660 et
3612 3621 3713 3675 pti-

2128 3696 2366 3747 rifiearet
2392 3708 2486 3746 eos
2517 3702 2571 3746 et
2604 3692 2914 3747 ostenderet
2943 3694 3036 3761 qui
3063 3692 3195 3759 justi
3225 3701 3409 3746 essent
3439 3694 3575 3745 inter
3595 3707 3710 3747 eos.

2128 3785 2278 3839 illius
2312 3786 2504 3839 deinde
2531 3785 2791 3839 virtutem
2853 3799 3111 3851 narrans,
3167 3784 3297 3839 dicit
3327 3801 3342 3837 :
3378 3801 3397 3836 ι
3436 3784 3497 3838 Et
3550 3784 3715 3840 faciet

2128 3878 2431 3933 secundum
2466 3876 2803 3931 voluntatem
2839 3891 3022 3941 suam,
3054 3886 3110 3931 et
3131 3876 3459 3940 elevabitur,
3489 3884 3544 3930 et
3591 3891 3710 3930 ma-

2126 3971 2495 4041 gnillcabitur,
2538 3988 2556 4021 ι
2607 3968 2818 4024 addidit
2873 3977 2927 4023 et
2969 3969 3118 4022 illius
3176 3976 3414 4022 mentem
3467 3968 3716 4037 blasphe-

2130 4080 2298 4130 mam,
2325 4064 2451 4131 quia
2522 4079 2540 4113 t
2575 4062 2644 4116 Et
2676 4064 2938 4116 adversus
2973 4061 3140 4115 Deum
3176 4061 3403 4115 deorum
3459 4060 3715 4129 loquetur

2130 4154 2441 4224 magniﬁca,
2476 4163 2529 4209 et
2550 4153 2769 4223 diriget,
2795 4152 2969 4208 donec
2995 4152 3336 4221 compleatur
3365 4151 3707 4213 iracundia,»

2128 4247 2421 4300 ostendens
2448 4246 2574 4313 quia
2622 4259 2727 4296 non
2759 4259 2826 4297 ex
2868 4244 2953 4297 sui
3021 4244 3193 4311 ipsius
3240 4243 3447 4303 animo,
3495 4247 3588 4297 sed
3645 4260 3713 4297 ex

2131 4338 2225 4391 Dei
2244 4337 2295 4390 in
2316 4334 2532 4389 Iudaeos
2548 4336 2627 4388 ira
2645 4335 2933 4389 dominans
2946 4336 3287 4389 confortatus
3302 4343 3402 4389 est.
3424 4334 3527 4389 Ubi
3551 4335 3716 4405 igitur

440 4428 666 4490 δεικνὺς
723 4428 805 4481 ὅτι
856 4429 1045 4483 πολλοὶ
1098 4430 1195 4482 καὶ
1252 4431 1362 4483 τῶν
1422 4430 1673 4483 ἑστώτων
1704 4428 2023 4486 πεσοῦνται.

2135 4446 2231 4500 per
2293 4428 2447 4497 plura
2496 4427 2704 4489 docuit,
2752 4436 2956 4495 quanta
3028 4424 3273 4481 facturus
3327 4426 3398 4481 sit
3457 4429 3596 4481 mala
3656 4430 3711 4480 in

444 4516 588 4573 Εἶτα
619 4522 709 4573 καὶ
738 4522 839 4591 τὴν
889 4521 1092 4588 αίτίαν,
1127 4522 1197 4574 δι’
1233 4523 1300 4594 ἣν
1331 4522 1714 4592 συνεχώρησεν
1773 4522 1972 4586 αὐτοὺς
2002 4524 2030 4575 ὸ

443 4616 585 4681 Θεὸς
616 4620 673 4670 ἐν
704 4617 981 4683 τοσοΰτοις
1010 4620 1202 4681 κακοῖς
1225 4617 1481 4685 γενέσθαι
1509 4617 1576 4671 "‘.
1606 4616 1700 4679 Τίς
1741 4616 1799 4669 δὲ
1845 4613 1984 4684 αῦτη
2010 4630 2027 4682 ;

449 4708 595 4762 ατοῦ
616 4709 888 4781 πυρῶσαι,
909 4710 1096 4779 φησὶν,
1113 4711 1173 4761 ὲν
1205 4710 1410 4775 αὐτοῖς,
1445 4707 1651 4763 καὶτοῦ
1675 4706 2027 4774 ἐκλέξασθαι,

442 4802 661 4859 καὶτοῦ
690 4804 953 4857 λευκᾶναι
973 4806 1018 4836 ’⁸
1042 4805 1145 4867 ἕως
1163 4802 1356 4876 καιροῦ
1376 4805 1574 4873 πέρας.
1610 4822 1629 4854 ι
1659 4802 1847 4858 Ταῦτα
1882 4803 2013 4871 γὰρ,

446 4898 642 4969 φησιν,
662 4900 691 4951 ό
712 4898 846 4963 Θεὸς
879 4896 1259 4969 συνεχώρησεν
1296 4896 1438 4950 ὥστε
1469 4898 1668 4961 αὐτοὺς
1721 4895 2032 4966 ἐκκαθᾶραι

2143 4519 2393 4592 ὦεγριο,
2428 4528 2478 4574 et
2513 4518 2567 4572 in
2589 4517 2903 4580 Palaestina,
2936 4526 2990 4572 et
3016 4531 3123 4587 qua
3157 4516 3224 4571 de
3247 4533 3303 4571 re
3330 4516 3633 4582 rediturus,
3662 4527 3716 4571 et

2136 4612 2432 4683 quomodo,
2456 4619 2510 4665 et
2534 4626 2643 4680 quo
2671 4619 2920 4675 vocante,
2959 4608 3025 4663 de
3057 4608 3301 4662 omnlutn
3328 4602 3570 4677 denique
3627 4624 3714 4661 re-

2139 4721 2258 4759 rum
2286 4706 2514 4759 istarum
2543 4702 2843 4756 mutatione
2869 4701 3133 4770 loquitur,
3165 4709 3219 4753 et
3250 4700 3315 4753 de
3340 4697 3544 4751 auxilio
3564 4699 3710 4767 quod

2136 4796 2331 4861 Judaei,
2359 4796 2553 4865 angelo
2576 4795 2766 4859 misso,
2801 4794 3013 4864 probati
3048 4793 3184 4848 satis
3207 4792 3479 4859 accipient
3508 4808 3522 4844 :
3584 4807 3603 4841 t
3654 4788 3712 4843 ιιι

2144 4902 2392 4963 tempore
2419 4892 2542 4956 lioc,
2570 4890 2705 4945 dicit
2735 4892 2904 4953 enim,
2946 4898 3245 4953 consurget
3276 4884 3523 4949 Michael,
3556 4884 3710 4955 prin-

1650 5063 1852 5125 Varite
1876 5061 2184 5125 lectiones
2213 5068 2273 5123 et
2313 5068 2501 5121 notis.

521 5199 567 5231 "
594 5198 729 5252 Dan.
802 5209 925 5257 Vttt,
961 5192 1016 5248 9.
1093 5191 1138 5223 "
1166 5190 1261 5245 καὶ
1321 5189 1459 5261 πρὸς
1504 5189 1601 5259 τὴν
1650 5189 1881 5259 δύναμιν
1920 5187 2023 5242 Ι.Χῖ

2127 5189 2195 5241 :d.
2223 5192 2413 5240 contra
2441 5179 2705 5235 orientem
2742 5185 2794 5231 et
2825 5184 3016 5230 contra
3058 5172 3432 5228 fortitudinem
3470 5170 3635 5227 Hebr.
3655 5181 3710 5227 et

447 5291 610 5364 Vulg.
708 5291 756 5323 ⁷⁹
772 5289 907 5344 Dan.
943 5301 1060 5353 \‘lll,
1086 5286 1174 5340 ll.
1202 5259 1386 5344 τηετιῆ
1411 5299 1507 5353 pro
1543 5267 1691 5345 n‘a'an
1716 5312 1785 5324 -—
1812 5292 1964 5365 19qu
1991 5297 2020 5335 v

2127 5287 2252 5358 ,τηρ
2280 5287 2332 5332 et
2578 5271 2823 5342 (Ilitzig).
2930 5270 2975 5302 ‘°
3006 5288 3066 5323 π.
3108 5268 3204 5321 και
3250 5268 3335 5335 ὲγ.
3374 5268 3469 5321 καὶ
3497 5268 3552 5319 ἀ.
3594 5280 3709 5319 om.

442 5359 590 5455 Dan:
624 5415 687 5452 π.
717 5398 811 5453 καὶ
838 5398 924 5465 ὲγ.
959 5410 1071 5450 om.
1108 5390 1274 5447 LXX.
1302 5392 1434 5445 αὑτό
1470 5389 1673 5445 Ced.—
1702 5389 1814 5441 Kal
1851 5359 2005 5456 ἐδόθη

2130 5384 2174 5439 Χ
2203 5393 2337 5469 pun
2360 5359 2517 5442 sum.
2544 5379 2652 5432 Kal
2683 5379 2861 5447 θλῖψις
2886 5375 3005 5431 ὲδ.⁴ἶ
3032 5377 3138 5431 Kal
3172 5374 3463 5444 γενήσεται
3486 5370 3619 5427 Ced.
3644 5402 3716 5415 -—

442 5500 582 5568 περί
597 5496 727 5552 Ceti.
924 5492 974 5568 ’ξ
996 5490 1192 5568 θυσίαν
1215 5488 1349 5568 (ἓιιιιἔ
1378 5557 1389 5568 .

448 5552 603 5639 prim
634 5569 693 5632 ιε
746 5552 878 5617 ea...
911 5562 1000 5639 ed.
1039 5561 1225 5639 insi,
1250 5557 1345 5613 sed
1378 5557 1433 5639 in
1452 5556 1758 5639 aliis'codd.
1798 5552 1956 5639 Kal:

440 5622 491 5673 δ’
529 5656 587 5694 τ.
613 5654 645 5691 τ
674 5622 772 5688 ἰπ.
814 5651 867 5688 τ.
917 5634 977 5686 ‘l.
1012 5646 1123 5685 om.
1156 5622 1291 5685 Dan.
1381 5628 1428 5661 ⁸⁸
1462 5625 1819 5696 γινώσκοντες
1853 5622 1990 5676 Dan.

1449 5486 1495 5518 ⁸⁸
1526 5486 1661 5539 Dan.
1699 5499 1815 5547 vni,
1846 5482 1949 5555 4’2._
2007 5482 2023 5512 '

2134 5478 2434 5555 ,βασιλείας
2483 5475 2617 5555 Qed.
2694 5473 2869 5555 “nea;
2893 5472 3071 5555 μόιχας
3096 5469 3246 5555 βοάς
3322 5470 3368 5501 ⁸⁸
3394 5471 3507 5548 βαι
3541 5469 3712 5555 σπέρο

1966 5590 1978 5605 ,
2009 5539 2225 5614 mini-1.
2301 5550 2347 5579 “
2387 5549 2462 5607 ei;
2495 5548 2552 5598 ἀ.
2584 5559 2696 5598 om.
2736 5544 2872 5597 Dan.
2900 5539 2903 5540 ν
2947 5541 2991 5572 ⁸⁷
3024 5544 3116 5614 καὶ
3135 5544 3184 5593 οἱ
3220 5539 3545 5614 ανομοῦντες
3574 5539 3713 5614 Dan.

2078 5611 2122 5653 δυ
2154 5621 2287 5673 Dan.
2324 5634 2399 5685 χι,
2428 5617 2619 5672 55-55.
2694 5615 2736 5648 ’³
2769 5614 3047 5684 διαρπαγῇ
3083 5613 3214 5664 Dan.
3239 5612 3370 5665 (Sed.
3445 5612 3490 5642 ⁹²
3524 5611 3717 5663 δεινῶν

627 5688 703 5765 v”
732 5730 1024 5788 συνιόντων
1044 5727 1177 5786 Ced.
1250 5728 1297 5760 ”
1324 5688 1714 5797 yivsa‘OatCed.
1788 5721 1834 5754 "
1868 5718 2023 5775 ἐκλευ

2127 5734 2191 5772 ἀι
2210 5714 2340 5772 Ccd.
2378 5722 2433 5775 et
2459 5712 2617 5772 codd.
2651 5708 2818 5779 LXX,
2839 5704 3294 5797 ᾲποκαλυφθῆναι
3318 5705 3523 5764 caeteri.

1774 5816 1839 5827 ουκ-ι·
