4088 6224
1556 258 2022 321 CIIRONICON.
2068 283 2136 293 —
2170 259 2318 319 LIB.
2363 259 2479 322 III.
3527 264 3632 328 486

360 261 469 324 435

356 374 417 438 ἒξ
449 371 637 444 μηνῶν
670 370 814 426 κατὰ
847 371 944 443 τὴν
985 371 1094 424 τῶν
1129 371 1405 441 Ἑϐραίων
1439 371 1667 441 ψῆφονγ
1696 373 1736 403 ¹τ
1773 391 1791 423 ι
1828 373 1935 424 Μα-

2057 368 2284 424 dituidio
2301 371 2526 441 conligit
2546 369 2807 441 impetum
2831 370 2969 437 ﬁeri,
2994 387 3105 444 quo
3120 372 3266 427 clara
3286 374 3427 431 facta
3443 387 3530 434 est
3550 379 3633 432 vi-

356 465 550 538 κόιριος
592 464 687 516 ¹⁸ὀ
736 464 1110 534 ὑπομείνας¹’
1168 467 1262 517 καὶ
1333 464 1546 532 φθάσας
1597 464 1677 526 εἰς
1728 464 1935 532 ἡμέρας

2054 464 2248 527 ctoria,
2270 471 2323 517 et
2348 465 2593 516 omnium
2623 465 2990 533 prementium
3017 466 3282 522 malorum
3299 469 3631 527 immutatio.

354 556 501 631 ᾳτλε¹
527 559 593 621 ²⁰,
620 575 638 608 t
668 559 789 619 ταῖς
838 557 1041 627 χιλίαις
1075 561 1160 624 0L3
1194 561 1275 626 με’
1302 554 1583 626 προσθεὶς,
1603 554 1789 616 ἐπειδὴ
1812 555 1854 586 ’⁸
1884 557 1935 607 ἐν

2055 553 2252 609 Diceus
2283 557 2427 609 enim
2460 572 2474 611 :
2507 555 2706 610 Beatus
2736 566 3063 625 exspectans
3094 569 3149 613 et
3186 560 3526 629 praeveniens
3563 564 3631 617 ad

357 654 489 723 μηνί
525 653 622 707 καὶ
682 653 857 722 ἥμισυ
891 654 1063 724 μηνὸς
1089 656 1189 724 τὴν
1227 652 1507 723 συμϐολὴν
1547 651 1750 721 συνέϐη
1778 652 1937 719 γενέ-

354 747 585 807 σθαι.ἐν
628 740 886 819 ᾖγέγονε
937 746 1161 815 καθαρὰ
1199 749 1234 818 ή
1294 750 1421 815 νίκη
1462 747 1558 800 καὶ
1589 748 1632 778 ’³
1669 746 1943 815 παντελὴς

350 859 460 895 των
494 842 869 912 ἐπικειμένων
907 843 1097 896 κακῶν
1126 842 1442 913 ἀπαλλαγή.
1492 873 1558 886 —-
1589 841 1773 896 Εἰπὼν
1796 842 1905 913 γάρ
1929 857 1943 870 ·

357 952 375 985 ι
418 934 713 1003 Μακάριος
755 937 783 987 ὁ
819 934 1124 1005 ὑπομείνας
1174 936 1269 988 καὶ
1328 936 1541 1003 φθάσας
1596 936 1677 998 εἰς
1729 936 1945 1005 ὴμέρας

351 1027 519 1092 ᾳτλεθ,
558 1043 575 1076 ι
606 1025 705 1096 τὴν
735 1025 1060 1094 ἀπαλλαγὴν
1082 1025 1319 1095 ἐδήλωσε
1346 1045 1359 1058 ·
1388 1055 1457 1065 --
1488 1028 1581 1079 καὶ
1608 1027 1707 1096 οὐχ
1757 1026 1944 1089 ἁπλῶς

352 1112 537 1182 εἶπεν,
578 1137 596 1170 ι
643 1120 673 1171 ό
740 1118 981 1186 φθάσας·
1025 1136 1043 1170 t
1076 1117 1201 1169 ἐπεὶ
1235 1117 1282 1149 ³³
1316 1117 1425 1185 γὰρ
1465 1116 1652 1170 πολλοὶ
1685 1116 1792 1168 τῶν
1818 1118 1940 1169 ἀσε-

2051 647 2169 701 dies
2194 647 2353 710 1555,
2389 666 2408 698 ι
2439 647 2815 702 liberationetn
2845 650 3192 719 signiﬁcavit,
3213 662 3265 705 et
3287 668 3393 707 non
3425 653 3633 723 absque

2052 742 2264 794 ratione
2294 740 2425 793 dixit
2457 755 2470 791 :
2500 758 2517 791 ι
2545 741 2904 808 praeveniens,
2929 760 2948 792 ι
2970 741 3240 812 siquidem
3262 747 3419 799 multi
3438 746 3635 815 impio-

2050 847 2170 883 rum
2199 830 2451 884 viderunt
2489 832 2875 897 mutationem;
2907 833 3005 887 hos
3034 849 3165 889 vero
3209 851 3316 890 non
3336 837 3630 901 beatiticat,

2047 921 2140 975 sed
2173 922 2293 974 illos
2336 921 2429 990 qui
2468 921 2518 973 itt
2554 920 2888 991 tetuporibus
2909 923 3178 976 malorum
3216 925 3631 993 exspectabant,

2044 1039 2097 1081 et
2144 1027 2261 1096 qui,
2313 1042 2411 1081 nec
2444 1028 2641 1096 pietate
2671 1029 2946 1096 derelicta,
2982 1032 3323 1087 remissionis
3354 1044 3633 1102 compotes

2044 1116 2221 1171 effecti
2247 1125 2395 1170 sunt.
2423 1118 2561 1183 Quid
2591 1119 2678 1173 his
2702 1136 2824 1174 esse
2844 1126 3016 1190 possit
3047 1122 3394 1178 evidentius?

355 1209 643 1280 δησάντων
674 1205 815 1261 εἶδον
842 1208 943 1278 τὴν
975 1207 1281 1280 μεταϐολήν
1302 1224 1318 1240 ο
1356 1207 1519 1281 (ἀλλ’)
1551 1209 1651 1261 οὐκ
1688 1210 1936 1271 ἐκείνους
1979 1207 2302 1279 μακαρίζει,
2338 1208 2474 1261 ἀλλὰ
2532 1212 2658 1271 τοὺς
2698 1210 2755 1260 ἐν
2791 1210 2838 1241 ³⁵
2870 1214 3088 1278 καιροῖς
3116 1213 3226 1265 τῶν
3288 1213 3477 1267 κακῶν
3500 1214 3633 1268 ὑπο-

287 1340 305 1357 .
355 1302 654 1369 μείναντας
673 1304 769 1357 καὶ
789 1304 864 1373 μὴ
886 1304 1184 1374 προδόντας
1212 1302 1311 1375 τὴν
1329 1303 1618 1357 εὐσέϐειαν
1650 1303 1865 1373 καὶτῆς
1893 1304 2135 1365 ἀνέσεως
2151 1303 2418 1371 τυχόντας
2442 1318 2455 1334 ·
2482 1296 2630 1373 τΑρα
2649 1301 2700 1354 τί
2730 1303 2935 1356 τούτων
2953 1305 3290 1376 σαφέστερον
3312 1305 3509 1375 γένοιτ’
3529 1306 3629 1375 av;

422 1396 469 1426 ”
497 1394 611 1465 (50)
639 1395 783 1464 Ὦρα
817 1397 865 1427 ³⁸
889 1395 955 1465 δὴ
1006 1396 1196 1449 λοιπὸν
1226 1397 1321 1449 ἐπὶ
1370 1396 1432 1450 τὸ
1474 1395 1811 1467 ζητούμενον
1849 1397 1938 1449 ἐλ-

350 1483 465 1536 θεῖν
493 1483 590 1537 καὶ
613 1485 713 1555 τὴν
740 1485 1026 1556 παροῦσαν
1050 1486 1433 1557 αἰχμαλωσίαν
1458 1488 1552 1539 καὶ
1571 1487 1838 1550 δουλείαν,
1870 1487 1937 1541 δι’

347 1576 417 1647 ἣν
467 1577 567 1630 καὶ
610 1578 793 1631 πάντα
843 1581 1242 1648 κεκινήκαμεν,
1303 1580 1573 1650 ἀπαντᾷν.
1612 1581 1734 1633 Ὅτι
1771 1580 1937 1650 ’τμὲν

346 1667 445 1721 οὖν
476 1668 535 1722 αἰ
563 1671 716 1739 τρεῖς
748 1669 1313 1742 προανηγορεύθησαν
1337 1670 1729 1741 αἰχμαλωσίαι,
1762 1672 1795 1742 ή
1836 1671 1936 1740 μὲν

345 1758 444 1828 ἐτη
483 1759 685 1830 ἔχουσα
724 1766 792 1825 υ’,
823 1763 856 1831 ἡ
885 1761 943 1813 δὲ
970 1767 1034 1823 ο’,
1062 1763 1095 1831 ή
1129 1762 1188 1814 δὲ
1216 1762 1277 1826 ἐξ
1304 1762 1479 1832 ἥμισυ
1508 1762 1577 1827 ⁸⁸,
1610 1763 1812 1826 ἰκανῶς
1852 1764 1932 1816 ἐν·

2118 1394 2358 1463 Tempus
2392 1397 2503 1464 jam
2563 1397 2630 1448 ad
2695 1398 2989 1465 quaesitum
3058 1398 3296 1461 venisse,
3352 1410 3405 1455 et
3454 1401 3627 1471 ipsam

2048 1494 2371 1554 praesentem
2396 1486 2768 1553 captivitatem
2794 1496 2847 1541 et
2878 1490 3195 1542 servitutem
3219 1500 3441 1559 propter
3464 1506 3627 1561 quam

2047 1579 2230 1631 omnia
2310 1578 2639 1647 agitavimus
2721 1581 2914 1635 citare.
2969 1580 3372 1637 Praenuntiatas
3458 1584 3631 1640 fuisse

2047 1678 2156 1725 tres
2184 1671 2553 1740 captivitates,
2602 1687 2765 1725 unaut
2820 1672 2929 1726 400
2985 1688 3279 1737 annorum,
3330 1677 3629 1732 secundam

2047 1761 2135 1825 70,
2171 1771 2226 1816 et
2259 1764 2475 1816 tertiam
2512 1779 2604 1816 sex
2638 1778 2907 1817 annorum
2957 1774 3008 1817 et
3067 1764 3302 1829 dimidii,
3360 1776 3627 1836 quantum

346 1850 545 1905 τεῦθεν
577 1853 710 1922 ήμῖν
730 1852 806 1916 ὡς
830 1847 944 1906 οἷόν
976 1870 1036 1906 τε
1074 1831 1434 1908 ἀποδέδεκται
1455 1870 1470 1885 ο
1498 1854 1632 1924 φέρε
1656 1854 1721 1927 δὴ
1752 1854 1935 1908 λοιπὸν

2042 1854 2158 1908 fieri
2193 1856 2387 1923 potuit,
2415 1854 2527 1922 jam
2558 1855 2994 1909 demonstratum
3041 1863 3145 1909 est.
3196 1855 3270 1909 De
3319 1831 3420 1910 hac
3462 1859 3630 1924 igitur

348 1944 447 1995 ttat
512 1946 643 2014 περὶ
698 1944 905 2016 ταύτης
933 1946 1203 2022 εἴπωμεν.
1231 1947 1354 2000 Ὅτι
1397 1948 1453 2001 δὲ
1482 1948 1526 1979 ¹⁹
1549 1949 1642 2000 καὶ
1675 1948 1806 2018 περὶ
1837 1949 1934 2019 τῆς

346 2034 389 2086 δ’
421 2035 811 2105 αἰχμαλωσίας
839 2039 938 2105 τῆς
969 2040 1207 2108 ἐσχάτης
1232 2037 1277 2068 ³ο
1336 2038 1429 2090 καὶ
1463 2039 1778 2102 τελευταίας
1802 2055 1937 2107 προ-

346 2131 716 2200 ανεφώνησεν
779 2131 807 2183 ὁ
846 2133 1133 2202 προφήτης
1187 2125 1365 2196 οὗτος,
1416 2131 1579 2185 αὑτὸν
1624 2130 1936 2202 παρέξομεν

351 2224 616 2293 μάρτυρα
645 2225 919 2288 Ἰώσηπον
942 2224 1013 2290 ³¹,
1049 2224 1143 2278 τδν
1205 2224 1275 2276 τὰ
1329 2224 1556 2277 ἐκείνων
1607 2223 1934 2294 φρονοῦντα.

360 2315 583 2387 Ἐπειδὴ
610 2316 717 2386 γὰρ
742 2315 869 2369 εἶπε
889 2316 960 2369 τὰ
986 2317 1114 2387 περὶ
1130 2316 1229 2386 τῆς
1253 2316 1532 2384 Ἀντιόχου
1555 2314 1937 2385 αἰχμαλωσίας

348 2405 444 2457 καὶ
472 2404 729 2477 μάρτυρα
751 2406 843 2458 τὸν
861 2407 1147 2477 προφήτην
1170 2406 1498 2476 παρήγαγεν
1519 2445 1534 2472 ,
1561 2404 1726 2475 309
1741 2406 1937 2473 ἐπάγει

350 2496 602 2568 καὶπερὶ
632 2498 839 2568 ταύτης
862 2501 956 2553 καί
980 2517 1118 2569 φησι
1138 2515 1154 2529 ·
1186 2519 1204 2551 ι
1236 2500 1341 2553 Τὸν
1378 2500 1543 2552 αὐτόν
1564 2515 1628 2567 γε
1655 2500 1699 2530 ³³
1734 2500 1939 2568 τρόπον

343 2591 552 2660 Δανιὴλ
581 2593 675 2645 καὶ
702 2594 830 2663 περὶ
857 2594 960 2662 τῆς
986 2592 1276 2663 Ῥωμαίων
1296 2593 1597 2663 ἡγεμονίας
1630 2593 1935 2662 ἀνέγραψε,

346 2686 447 2738 καὶ
468 2687 550 2737 ὅτι
580 2686 672 2739 ὑπ’
728 2686 912 2740 αὐτῶν
955 2685 1389 2758 ἐρημωθήσεται
1424 2706 1440 2737 t
1475 2687 1545 2739 τὰ
1585 2686 1937 2757 Ἰεροσόλυμα

345 2778 447 2831 καὶ
482 2778 511 2830 ό
539 2778 665 2842 ναὸς
699 2778 1163 2848 καταλυθήσεται.
1190 2779 1262 2832 Σὺ
1294 2779 1353 2832 δέ
1391 2796 1481 2849 μοι
1530 2779 1721 2831 σκόπει
1752 2780 1813 2831 τὸ
1851 2797 1939 2847 φι-

344 2870 586 2941 λάληθες
640 2872 734 2925 τοῦ
795 2872 1014 2942 ἀνδρὸς,
1070 2872 1150 2938 ὃς,
1210 2874 1258 2924 εἰ
1304 2872 1399 2925 καὶ
1441 2871 1690 2933 Ἰουδαῖός
1717 2870 1767 2902 ⁸⁸
1796 2872 1935 2937 ἐστι,

342 2964 468 3017 ἀλλ’
504 2964 606 3017 οὐκ
660 2964 924 3034 ὴνὲσχετο
967 2963 1212 3033 ζηλῶσαι
1244 2964 1341 3033 τὴν
1374 2962 1675 3033 Ἰουδαῖκὴν
1706 2961 1937 3031 φιλονειο

345 3058 481 3108 κίαν
513 3074 571 3108 τε
604 3057 699 3109 καὶ
725 3055 1101 3127 ψευδηγορίαν
1126 3071 1138 3084 ·
1173 3055 1345 3109 εἰπὼν
1366 3057 1499 3126 γὰρ,
1528 3056 1609 3108 ὅτι
1645 3055 1934 3125 ἐρημωθήο

2043 1950 2232 2003 ultima
2291 1965 2438 2003 nunc
2478 1952 2841 2018 disputemus.
2901 1948 3056 2014 Quod
3100 1965 3219 2003 eam
3271 1950 3626 2006 novissimam

2040 2050 2094 2095 et
2147 2043 2396 2095 ultimam
2433 2043 2803 2110 captivitatem
2859 2042 3235 2109 pt'zeceeinerit
3293 2042 3434 2096 idem
3496 2057 3627 2111 pro-

2041 2135 2225 2203 pheta,
2268 2142 2458 2186 testem
2506 2132 2890 2186 adhibebimus
2944 2130 3265 2200 Jusephutn,
3318 2148 3418 2201 pro
3458 2133 3627 2188 rebus

2038 2224 2289 2279 Judaicis
2324 2224 2804 2279 sollicitissimum.
2849 2223 3018 2277 Dictis
3050 2224 3197 2277 enim
3231 2239 3354 2293 quae
3394 2223 3627 2279 dicenda

2040 2319 2106 2372 de
2132 2318 2449 2386 captivitate
2482 2318 2584 2371 sub
2614 2318 2906 2381 Antiocho,
2940 2326 2995 2370 et
3022 2318 3261 2371 adducto
3290 2317 3342 2369 in
3375 2316 3628 2372 testimo-

2040 2411 2190 2463 nium
2217 2410 2503 2478 propheta,
2522 2408 2708 2476 adjicit
2732 2410 2870 2463 etde
2892 2408 3191 2463 novissima
3217 2425 3231 2461 :
3267 2427 3284 2460 ι
3311 2408 3430 2463 Tali
3463 2412 3627 2465 modo

2042 2502 2229 2556 Daniel
2248 2502 2470 2569 scripsit
2497 2502 2563 2555 de
2588 2499 2960 2555 Romanorum
2989 2502 3240 2571 imperio,
3264 2502 3626 2573 przedixitque

2041 2594 2187 2663 quod
2222 2594 2289 2646 ah
2321 2594 2402 2647 eis
2435 2591 2738 2647 Jerusalem
2779 2592 3084 2647 vastabitur
3125 2603 3179 2646 et
3214 2594 3473 2660 templum
3526 2595 3623 2648 de-

2042 2696 2306 2741 struetur.
2343 2685 2517 2751 Quam
2556 2685 2801 2740 veritatis
2835 2700 3028 2739 amans
3061 2685 3130 2738 sit
3163 2685 3264 2739 iste
3296 2688 3375 2739 vir
3413 2688 3625 2756 perspi-

2042 2777 2183 2843 cias,
2217 2777 2311 2844 qui
2344 2775 2568 2829 Judaeus
2596 2776 2722 2830 licet
2754 2772 3038 2829 Judaicam
3081 2784 3261 2829 tamen
3312 2776 3625 2829 contentio-

2041 2884 2165 2923 nem
2198 2880 2248 2924 et
2283 2868 2707 2922 mendacitatem
2741 2867 2986 2920 azmulari
3025 2881 3134 2920 non
3167 2866 3427 2922 sustinet.
3482 2864 3625 2921 Fore

2044 2973 2101 3017 ut
2134 2969 2448 3016 vastaretur
2480 2959 2788 3014 Jerusalem
2820 2969 2872 3013 cl
2905 2959 3164 3028 templum
3212 2959 3451 3028 scripsit,
3513 2975 3623 3013 nott

2041 3081 2223 3129 autem
2291 3080 2353 3127 ut
2409 3081 2797 3141 repararentur
2851 3070 3048 3134 ruinae,
3085 3070 3353 3139 siquidem
3410 3069 3621 3125 nullum

346 3164 510 3201 σεται
570 3148 641 3200 τὰ
676 3149 1030 3219 Ἱεροσόλυμα
1087 3147 1184 3200 καὶ
1235 3148 1265 3199 ό
1307 3148 1434 3210 ναὸς
1454 3149 1521 3213 ³⁸,
1548 3146 1791 3216 ἔγραψεν
1816 3162 1831 3177 ⁸
1854 3148 1935 3200 ὅτι

2041 3162 2300 3232 repet-ivit
2329 3161 2649 3231 pr0phetam
2682 3159 2777 3229 qui
2812 3159 2914 3213 hoc
2944 3158 3171 3213 diceret.
3210 3159 3311 3214 Ubi
3344 3174 3508 3230 porro
3539 3160 3623 3213 di-

342 3241 406 3294 δέ
451 3240 712 3309 στήσεταί
758 3257 862 3293 που
910 3241 980 3293 τὰ
1028 3241 1125 3311 τῆς
1161 3239 1521 3310 ἐρημώσεως,
1544 3239 1729 3292 οὐκέτι
1761 3255 1934 3310 προσ-

341 3333 574 3401 έθηκεν,
613 3332 805 3403 ἐπειδὴ
847 3331 970 3385 οῦδὲ
995 3332 1043 3365 ³³
1068 3334 1159 3385 τὸν
1194 3331 1485 3402 προφήτην
1532 3323 1659 3401 εὗρε
1692 3328 1936 3383 τοιοῦτόν

340 3439 403 3476 τι
442 3423 815 3492 προστεθέντα
852 3423 922 3475 ³⁵.
958 3421 1069 3474 Ποῦ
1098 3422 1279 3474 τοίνυν
1310 3419 1465 3473 εἶπεν
1493 3421 1565 3491 (ὁ)
1597 3420 1816 3491 Δανιὴλ,
1855 3420 1938 3472 ὅτι

341 3516 374 3568 ὁ
403 3517 533 3578 ναὸς
568 3516 1016 3586 ἐρημωθήσεται,
1040 3514 1295 3567 ἄκουσον.
1331 3512 1553 3584 Ἐπειδὴ
1579 3512 1621 3543 ³⁷
1653 3511 1754 3583 τὴν
1768 3527 1939 3582 προσ-

339 3608 518 3679 ευχὴν
574 3606 796 3676 ἐκείνην
834 3606 882 3637 ³⁸
945 3605 1045 3677 τὴν
1085 3607 1143 3657 ἐν
1180 3604 1371 3675 σάκκῳ
1412 3605 1504 3657 καὶ
1539 3603 1721 3673 σποδῴ
1747 3605 1938 3674 ἐποιή-

346 3718 513 3766 σατο,
558 3695 692 3770 ἦλθε
749 3698 993 3769 Γαϐριὴλ
1029 3697 1165 3769 πρὸς
1189 3696 1350 3750 αὐτὸν
1383 3697 1478 3750 καί
1504 3714 1669 3767 φησιν
1693 3697 1772 3728 ³⁹·
1810 3716 1828 3748 ι
1876 3698 1935 3748 0'

342 3793 649 3863 ἑϐδομάδες
677 3791 1101 3863 συνετμήθησαν
1133 3791 1225 3843 ἐπὶ
1276 3790 1368 3843 τὸν
1401 3790 1532 3843 λαόν
1575 3806 1667 3843 σου
1693 3790 1788 3844 καὶ
1844 3790 1937 3841 ἐπὶ

340 3888 451 3956 τὴν
479 3886 638 3938 πόλιν
696 3884 798 3955 τὴν
856 3884 1046 3953 ἁγίαν.
1078 3901 1096 3934 t
1141 3882 1278 3935 ’ἰδοῦ
1318 3883 1415 3935 καὶ
1452 3881 1690 3935 ἐνταῦθα
1744 3882 1937 3952 χρόνος

341 3978 596 4049 εἴρηται,
628 3977 689 4031 οὐ
720 3977 820 4047 τῆς
856 3972 1262 4045 αἰχμαλωσίας,
1285 3970 1423 4026 ἀλλὰ
1450 3971 1570 4043 μεθ’
1587 3972 1711 4024 ὅσον
1743 3971 1937 4041 χρόνον

340 4072 589 4143 ἧμελλεν
633 4071 666 4140 ή
712 4067 1065 4140 αἰχμαλωσία
1112 4064 1553 4136 ἀπαντήσεσθαι.
1594 4059 1728 4117 Εἶτα
1773 4063 1937 4116 πάλιν

342 4168 525 4234 φησιν
562 4162 958 4234 ἀκριϐέστερον
988 4160 1036 4193 ⁸⁸
1059 4175 1073 4189 '
1114 4178 1132 4211 ι
1177 4158 1286 4214 Καὶ
1315 4157 1505 4229 γνώσῃ
1533 4157 1631 4211 καὶ
1658 4158 1938 4227 συνήσεις,

340 4257 464 4311 ἀπὸ
493 4255 676 4322 ἐξόδου
718 4254 896 4323 λόγων
922 4252 1018 4307 τοῦ
1054 4249 1431 4323 ἀποκριθῆναι
1463 4250 1562 4303 καὶ
1589 4247 1684 4303 τοῦ
1733 4247 1937 4301 οἰκοδοο

344 4351 532 4421 μῆσαι
569 4346 930 4419 Ἰερουσαλὴμ
992 4344 1099 4407 ἓως
1128 4341 1369 4415 Χριστοῦ
1420 4341 1731 4412 ήγουμένου
1786 4339 1936 4392 ἐϐδο-

342 4445 520 4517 μάδες
551 4442 595 4506 ζ’
628 4442 723 4497 καὶ
744 4439 1043 4510 ἐδδομάδες
1066 4438 1202 4509 ξβ’.»
1232 4435 1497 4489 Ἐνταῦθα
1528 4450 1620 4505 μοι
1666 4431 1935 4502 νουνεχῶς

2041 3255 2181 3308 xerit
2250 3252 2483 3318 Daniel,
2552 3251 2681 3322 quia
2762 3251 3021 3320 templum
3075 3251 3404 3317 vastabitur,
3468 3252 3620 3306 audi.

2040 3348 2176 3399 (lunt
2205 3353 2421 3401 orasset
2469 3350 2734 3414 propheta
2780 3345 2834 3397 in
2870 3358 3031 3398 sacco
3092 3352 3146 3397 et
3204 3345 3410 3409 cinere,
3474 3344 3624 3398 venit

2038 3436 2255 3492 Gabriel
2287 3438 2352 3492 ad
2381 3452 2507 3492 eum
2558 3445 2613 3490 et
2664 3437 2802 3490 dixit
2832 3454 2849 3493 :
2881 3456 2898 3489 ι
2933 3435 3287 3505 Septuaginta
3322 3436 3621 3491 hebdoma-

2037 3532 2134 3586 des
2168 3531 2495 3585 abbreviata:
2528 3536 2656 3584 sunt
2694 3543 2860 3597 super
2924 3526 3182 3597 populum
3215 3536 3392 3591 tuum,
3426 3537 3482 3583 et
3518 3544 3619 3583 su-

2039 3640 2134 3693 per
2165 3623 2352 3677 urbem
2380 3631 2647 3676 sauctam.
2690 3638 2708 3672 »
2743 3618 2881 3674 Ecce
2920 3620 3007 3673 hic
3033 3620 3100 3674 de
3134 3629 3378 3688 tempore
3407 3619 3618 3674 dictum

2037 3723 2143 3780 est,
2174 3728 2278 3767 non
2330 3728 2459 3767 vero
2509 3712 2753 3783 quandiu
2798 3713 2869 3766 sit
2919 3725 3252 3783 oppressura
3306 3710 3615 3779 captivitas,

2041 3808 2136 3863 sed
2168 3815 2291 3877 post
2316 3805 2464 3876 quod
2494 3815 2712 3873 tempus
2761 3804 2834 3858 sit
2880 3804 3204 3858 adventura.
3252 3800 3457 3855 Deittdc
3495 3801 3621 3855 dili-

2038 3900 2256 3973 gentius
2271 3898 2406 3953 dicit
2433 3914 2449 3951 :
2486 3916 2507 3949 ι
2546 3895 2611 3950 Et
2650 3898 2791 3952 scies
2821 3904 2875 3951 et
2905 3894 3337 3960 animadvertes,
3369 3893 3440 3947 ab
3468 3892 3622 3957 exitu

2038 4009 2355 4049 sermonum
2387 3992 2452 4046 ad
2493 3990 2934 4061 respondendum
2970 3996 3025 4043 et
3047 3986 3428 4042 aediﬁcandum
3457 3983 3625 4040 Jeru-

2037 4088 2206 4142 salem
2241 4101 2414 4157 usque
2445 4086 2512 4140 ad
2540 4084 2822 4139 Christum
2865 4083 3064 4138 ducem
3097 4077 3467 4136 hebdomades
3496 4092 3622 4147 sep-

2038 4187 2236 4247 tetn,et
2256 4176 2627 4233 hebdomades
2652 4174 2936 4245 sexaginta
2953 4173 3096 4227 dum.
3132 4190 3150 4223 ι
3172 4171 3401 4232 Aurem,
3432 4171 3622 4233 sodes,

2039 4269 2219 4339 praebe
2250 4277 2513 4323 attentam
2538 4285 2557 4333 ;
2588 4266 2822 4336 quaestio
2853 4281 2963 4334 qua
3009 4266 3075 4317 de
3100 4262 3281 4334 agitur
3304 4261 3485 4333 gravis
3514 4271 3623 4315 est.

2042 4353 2420 4408 lltbdomades
2456 4353 2621 4423 igitur
2666 4362 2873 4421 septem
2924 4359 2979 4405 et
3023 4352 3307 4422 sexaginta
3351 4350 3471 4404 dua:
3495 4360 3624 4405 sunt

2037 4441 2423 4513 quadringenti
2458 4442 2732 4511 octoginta
2783 4450 2894 4494 tres
2922 4439 3072 4492 anni.
3122 4436 3242 4493 Non
3295 4437 3431 4493 dlcit
3474 4439 3626 4492 cuitu

340 4538 596 4608 πρόσεχε
617 4549 631 4563 ⁸
658 4538 722 4587 τὸ
752 4534 864 4604 γὰρ
895 4533 1005 4585 πᾶν
1038 4528 1276 4583 ἐνταῦθά
1324 4529 1440 4580 ἐστι
1469 4526 1529 4577 τὸ
1560 4522 1894 4593 ζητούμενον
1914 4538 1929 4553 ο

2040 4535 2112 4588 ibi
2138 4533 2505 4588 hebdomades
2528 4532 2741 4586 dierum
2762 4546 2866 4586 uec
2898 4531 3193 4595 mensium,
3213 4533 3305 4587 sed
3324 4545 3623 4586 annorum:

341 4629 655 4700 ἐὸδομάδες
687 4626 781 4680 οῦν
817 4628 860 4690 ζ’
895 4626 987 4679 καὶ
1010 4621 1312 4693 ἐδδομάδες
1340 4618 1417 4688 ξβ⁶
1463 4622 1592 4686 υπγ¹
1631 4616 1728 4686 ἐτη
1774 4614 1933 4667 εἰσίν.

354 4723 703 4793 Ἐῦδομάδας
732 4720 842 4788 γὰρ
867 4714 1218 4787 οὺχήμερῶν
1247 4711 1482 4766 ἐνταῦθα
1495 4709 1647 4777 λέγει
1675 4706 1796 4762 οὐδὲ
1831 4724 1937 4777 μη·

339 4818 479 4881 νῶν,
516 4814 634 4869 ἀλλ’
662 4813 965 4883 ἑϐδομάδας
995 4807 1264 4863 ἐνιαυτῶν
1285 4821 1301 4837 ο
1330 4805 1441 4858 ἀπὸ
1479 4804 1535 4857 δὲ
1570 4803 1714 4875 (εει)
1746 4801 1932 4871 Κύρου

339 4911 447 4964 ἐπὶ
487 4908 768 4978 Ἀντίοχον
823 4906 917 4958 τὸν
938 4902 1212 4973 Ἐπιφανῆ
1265 4900 1363 4954 καὶ
1408 4899 1512 4969 τὴν
1550 4894 1933 4967 αἰχμαλωσίαν

338 5004 566 5062 ἐκείνου
603 5002 645 5033 ⁵³
677 5003 775 5071 ἐτη
810 5000 949 5052 εἰσὶν
977 4994 1112 5064 τιιδκ
1147 4992 1280 5048 Εἶτα
1309 4992 1554 5046 διδάσκει
1583 4992 1628 5022 δ’
1653 4992 1683 5059 ή
1694 4990 1798 5057 μᾶς
1838 4987 1928 5038 πό⁸

340 5098 446 5151 θεν
504 5094 763 5166 ἀριθμεῖν
813 5094 919 5157 δεῖ,
966 5091 1049 5144 ὅτι
1105 5088 1211 5140 οὑκ
1260 5086 1371 5138 ἀπὸ
1423 5083 1527 5152 τῆς
1576 5083 1797 5152 ὴμέρας
1832 5078 1932 5147 τῆς

342 5188 641 5254 ἐπανόδου,
668 5186 786 5240 ἀλλ’
824 5205 847 5237 ε
883 5184 993 5239 ἀπὸ
1024 5182 1207 5248 ἐξόδου
1228 5180 1405 5248 λόγων
1435 5176 1530 5231 τοῦ
1555 5172 1931 5246 ἀποκριθῆναι

2040 4644 2073 4681 a
2099 4626 2243 4697 Cyro
2260 4627 2324 4680 ad
2346 4626 2678 4681 Antiochum
2699 4625 3036 4698 Epiphanem
3055 4634 3111 4680 et
3131 4626 3495 4698 captivitatem
3518 4627 3628 4682 sub

2040 4722 2146 4778 isto
2171 4719 2396 4775 trecenti
2429 4719 2723 4789 nonaginta
2748 4729 3005 4791 quatuor.
3038 4719 3207 4775 Docet
3236 4735 3338 4776 nos
3361 4730 3629 4790 praeterea

2042 4813 2185 4869 unde
2208 4811 2638 4883 supputandum,
2670 4811 2799 4882 quia
2830 4827 2938 4867 non
2984 4826 3017 4865 a
3066 4812 3155 4865 die
3179 4810 3409 4874 reditus,
3428 4809 3524 4864 sed
3553 4809 3625 4864 ab

2039 4908 2190 4962 exitu
2231 4919 2548 4960 sermonum
2579 4905 2645 4959 ad
2679 4904 3129 4975 respondendum
3156 4911 3211 4956 et
3237 4900 3626 4956 :editieandum

2041 4998 2368 5053 Jerusalem.
2410 4994 2530 5051 Non
2567 5004 2752 5049 autem
2792 4996 3122 5050 reatditicata
3166 5004 3249 5049 est
3298 4994 3403 5048 sub
3451 4992 3626 5064 Cyro,

2044 5090 2138 5145 sed
2199 5089 2303 5144 sub
2354 5090 2659 5143 Artaxerxe
2703 5085 3046 5156 Longimauo
3084 5086 3256 5143 dicto.
3285 5084 3416 5142 Post
3469 5087 3624 5142 enim

2040 5181 2272 5236 reditum
2301 5180 2449 5252 Cyro
2476 5180 2740 5238 successit
2762 5179 3082 5251 Cambyses,
3107 5180 3193 5236 cui
3220 5178 3389 5250 Magi;
3421 5179 3627 5235 deinde

1532 5322 1727 5383 Varias
1778 5323 2086 5385 lectiones
2132 5328 2192 5384 et
2238 5328 2429 5383 noue.

426 5434 469 5466 "
497 5431 633 5487 Dan.
686 5447 789 5495 xu,
828 5430 915 5484 12.
998 5427 1040 5460 ³⁸
1064 5422 1158 5481 οὖν
1188 5425 1311 5480 add.
1335 5423 1458 5479 cod.
1539 5425 1587 5497 ίξ
1610 5426 1935 5497 ὁίὺπομένωι

2040 5444 2118 5481 tn.
2194 5425 2238 5458 '°
2267 5424 2397 5496 ,ασλ’
2421 5423 2591 5479 Ced.?
2651 5425 2704 5497 A'A'
2739 5422 2986 5497 γιιειριιιίιίΣ
3007 5421 3126 5497 cod.
3205 5422 3302 5497 ξξή
3338 5421 3460 5497 ³ιίιίἔ
3484 5419 3618 5497 Ced'.

336 5507 391 5539 υ
422 5504 487 5576 δή
529 5505 655 5576 add.
685 5492 857 5576 cett,
900 5498 1233 5576 ἰτρῑςραᾳ.
1266 5497 1401 5576 ego.
1478 5497 1524 5575 ιζ
1550 5492 1927 5576 εςιιτιοϋειι-

2045 5497 2120 5576 ,8.
2160 5498 2243 5576 ﬂ"
2268 5492 2424 5576 ξὈρα
2447 5498 2583 5576 cod...
2640 5494 2691 5576 ξ’
2725 5492 2847 5576 xii.
2882 5493 3068 5576 ,ταῦτα
3093 5495 3174 5545 ὅτι
3408 5492 3454 5576 ’ξ
3488 5494 3619 5576 τρία

337 5564 524 5647 vitae
755 5575 805 5647 ιτ
835 5574 917 5647 δη
942 5572 1054 5641 γάρ
1084 5568 1216 5647 ρεα-
1295 5568 1340 5647 1°
1368 5582 1433 5647 εει
1458 5564 1556 5636 τῆς
1596 5567 1912 5647 estw:-

2040 5570 2116 5647 t._
2158 5566 2201 5647 ξι
2236 5567 2328 5647 τὸν
2353 5564 2431 5616 Ἰ.

1917 5638 2049 5709 μηδέ
2077 5639 2211 5693 Ced-
2287 5637 2330 5668 "
2361 5634 2670 5709 “PWPéYW
2700 5635 2836 5709 903':
2866 5705 2875 5709 -
2911 5634 2953 5665 ³⁷

1979 5679 2211 5764 ibi?"
2235 5679 2453 5778 txeivrfv
2484 5704 2618 5761 Ccd.
2697 5679 2979 5760 ἦνδιδιὶισκ.
3014 5679 3148 5761 ⁸(θιί.
3183 5679 3452 5761 Stoica;th

340 5636 439 5711 )L't,
474 5646 530 5699 7.
610 5645 656 5677 ³³
689 5645 747 5698 'l.
781 5637 846 5713 ἦν
878 5636 1037 5697 (Ξεὶιί
1094 5640 1137 5713 ῗδ
1153 5636 1609 5713 καταλυθήσεται
1623 5636 1762 5713 ped.
1840 5639 1887 5670 ³⁸

336 5706 454 5773 ma.
534 5716 578 5747 ³⁸
610 5718 672 5769 ἐκ
707 5716 774 5786 qv
801 5706 999 5769 codex.
1076 5712 1120 5743 "
1150 5708 1285 5763 Dan.
1320 5723 1394 5774 tx,
1430 5706 1520 5761 24.
1597 5706 1643 5738 ⁸⁸
1674 5709 1807 5765 Dan.
1850 5706 1928 5779 ts,

2460 5580 2520 5634 μ.
2545 5564 2677 5618 ϐοά.
2756 5566 2801 5596 ³⁸
2833 5566 2982 5630 γέτοι
3016 5565 3147 5617 Ccd.
3183 5564 3240 5615 δέ
3275 5562 3393 5617 Jos.
3422 5567 3484 5617 Α.
3526 5562 3617 5627 ιο,

2994 5635 3153 5705 ήνίκα
3182 5634 3373 5697 codex,
3406 5637 3617 5705 glusSe-
