4060 6216
493 258 598 321 ἥΒἹ

1707 249 2031 310 GEORGII
2076 250 2527 311 HAMARTOLI
3644 256 3730 322 488

486 372 681 426 Darius
712 364 1157 438 llystaspis,p05t
1201 376 1361 431 quem
1392 361 1637 432 regnavit
1676 360 1886 416 Xerxes
1925 361 2068 415 Darii

2189 360 2549 433 Ἰερουσαλήμ
2568 379 2582 393 '
2627 362 2729 417 οὐκ
2761 364 2852 417 ἐπὶ
2878 364 3056 434 Κύρου
3093 364 3138 394 ⁸³
3160 364 3214 418 δὲ
3255 364 3614 438 ᾠκοδομήθη,
3636 371 3733 423 ἀλλ’

491 463 660 527 lilius,
681 462 774 527 qui
794 468 842 510 et
863 457 1190 520 Artabannes,
1216 465 1271 509 et
1291 455 1506 509 tandem
1525 456 1701 509 dictus
1716 457 2065 509 Artaxerxes.

483 555 643 607 Anno
692 548 953 603 vicesimo
1020 548 1182 617 huius
1242 550 1416 615 regni,
1476 561 1729 600 reversus
1755 544 2066 612 Nchemias,

482 642 756 697 civitatem
781 640 1151 705 rezedillcavit,
1176 640 1320 695 sicut
1351 637 1507 692 nobis
1528 638 1728 693 Esdras
1758 638 2065 709 diligentis-

485 734 623 787 sime
658 733 957 787 enarravit.
1024 731 1079 785 Si
1126 732 1253 785 hinc
1303 731 1736 800 quadringentos
1788 731 2065 801 octoginta

479 835 596 881 tres
626 840 803 880 annos
837 840 1128 893 ponamus,
1161 825 1228 878 ad
1279 824 1705 878 destructionem
1744 822 1918 892 ipsam
1972 823 2067 877 de-

484 917 787 981 veniemus,
824 926 883 969 ut
916 918 1242 971 testiﬁcatur
1275 914 1551 985 Joscphus
1586 916 1782 969 iterum
1829 916 2017 969 dicens
2049 930 2062 966 :

482 1006 732 1061 Civitatis
760 1006 1123 1061 vastationem
1172 1018 1228 1060 et
1261 1006 1445 1075 templi
1488 1006 1685 1059 factam
1739 1020 1863 1059 esse
1912 1003 2065 1071 juxta

486 1098 830 1168 prophetiam
866 1096 1106 1152 Danielis
1140 1113 1169 1151 a
1203 1100 1473 1153 sexcentis
1501 1108 1625 1152 octo
1648 1099 1813 1151 annis
1835 1096 2060 1151 editam.

482 1191 609 1243 lleo
646 1190 822 1243 dicit;
866 1207 885 1241 ι
922 1189 1309 1244 JEdiﬁcahitur
1361 1191 1535 1259 platea
1584 1199 1638 1243 et
1690 1203 1903 1243 murus.
1940 1206 1958 1237 ι
2020 1186 2065 1238 A

483 1291 728 1350 tempore
756 1296 912 1350 ergo,
976 1296 1087 1351 quo
1133 1282 1328 1335 iterum
1378 1281 1646 1335 :rditicata
1692 1290 1775 1335 est
1827 1288 1880 1335 et
1938 1294 2065 1349 pro-

485 1375 659 1442 priam
698 1374 781 1427 sui
818 1373 990 1442 ipsius
1026 1374 1251 1442 ﬁguram
1296 1373 1659 1441 recuperavit,
1716 1383 1949 1440 supputa
1996 1370 2065 1423 70

488 1462 875 1527 hebdomades,
897 1472 955 1517 et
981 1463 1191 1518 videbis
1223 1464 1598 1529 captivitatem
1641 1462 1851 1515 nullum
1902 1464 2063 1515 linem

487 1556 772 1609 habentem
800 1573 814 1622 ;
844 1556 989 1624 quod
1026 1556 1178 1610 clare
1213 1556 1531 1619 ostendens,
1564 1554 1690 1621 quia
1717 1569 1823 1606 non
1853 1552 2065 1608 aufere-

488 1657 577 1701 tur
605 1661 862 1717 prcssura
895 1644 1183 1711 malorum,
1217 1645 1296 1700 sic
1325 1645 1461 1698 dicit
1490 1662 1505 1699 :
1548 1663 1566 1697 ι
1598 1644 1730 1699 Post
1760 1645 1827 1698 70
1862 1644 2065 1699 hebdo-

2177 454 2273 507 ἐπὶ
2333 455 2430 507 τοῦ
2474 453 2838 525 Ἀρταξέρξου
2891 454 2983 507 τοῦ
3017 455 3422 525 Μακρόχειρος.
3460 458 3618 513 Μετά
3646 460 3740 532 γὰρ

2173 547 2275 617 τὴν
2298 546 2525 600 κάθοδον
2549 546 2822 616 ἐπανῆλθε
2857 545 3188 613 Καμϐύσης,
3212 542 3332 599 εἶτα
3367 551 3418 600 οἱ
3451 548 3635 617 Μάγοι
3660 555 3742 605 καὶ

2178 637 2298 707 μετ’
2329 638 2573 700 ἐκείνους
2619 640 2843 706 Δαρεῖος
2884 638 3196 690 Ὑστάσπου
3218 679 3230 699 ,
3258 638 3379 707 μεθ’
3405 639 3465 692 ὃν
3490 639 3694 710 Ξέρξης
3719 646 3741 697 6

2174 729 2404 798 Δαρείου
2448 731 2541 783 καὶ
2584 730 2925 799 Ἀρταϐάνης
2952 745 2965 758 ·
3011 725 3130 781 εἶτα
3165 729 3537 802 Ἀρταξέρξης
3572 735 3601 786 ὁ
3629 736 3739 787 Μα-

2174 820 2399 891 κρόχειρ
2434 821 2754 873 ἐϐασίλευσε
2781 821 2877 889 τῆς
2910 820 3191 890 Περσίδος.
3215 820 3304 872 Ἐν
3335 822 3435 890 (δὲ)
3455 823 3529 892 τῷ
3556 822 3603 876 κ’
3629 825 3734 877 ἔτει

2172 913 2272 981 τῆς
2329 911 2611 981 βασιλείας
2659 912 2824 966 αὑτοῦ
2860 912 3103 975 Νεεμίας
3159 913 3409 974 ἀνελθὼν,
3442 916 3541 985 τήν
3573 916 3727 969 πόλιν

2174 1004 2493 1073 ἀνέστησεν,
2528 1005 2672 1074 άπερ
2691 1006 2717 1057 ὁ
2740 1004 2978 1075 Ἔσδρας
2997 1004 3238 1075 ἀκριϐῶς
3263 1008 3387 1075 ἡμῖν
3413 1008 3718 1079 διηγήσατο.

2179 1096 2275 1148 “Av
2291 1095 2470 1149 τοίνυν
2497 1096 2745 1148 ἐντεῦθεν
2777 1093 2948 1167 υπ[γ’]
2963 1095 3055 1165 ἐτη
3078 1096 3242 1166 310
3262 1097 3432 1166 θῶμεν
3451 1100 3517 1162 ⁸⁸,
3534 1102 3722 1169 ῆξομεν

2174 1191 2391 1250 πάντως
2425 1189 2517 1240 ἐπὶ
2539 1189 2638 1257 τήν
2674 1188 3038 1259 κατασκαφὴν
3081 1188 3288 1259 ταύτην
3311 1190 3375 1254 ⁸⁸,
3409 1190 3483 1253 ὡς
3506 1194 3601 1245 καὶ
3625 1191 3731 1243 Ἰώ-

2175 1293 2346 1345 σηπος
2376 1273 2536 1340 αὖθις
2567 1280 2840 1348 μαρτυρεῖ
2868 1277 3045 1345 λέγων
3075 1294 3089 1309 ³
3130 1299 3149 1331 ι
3192 1280 3305 1351 Τὴν
3333 1280 3391 1332 δὲ
3412 1283 3510 1349 τῆς
3531 1280 3734 1343 πόλεως

2174 1370 2458 1439 ἐρήμωσιν
2487 1372 2580 1424 καὶ
2649 1370 2743 1423 τοῦ
2802 1371 2934 1423 ναοῦ
2968 1371 3015 1403 ⁸⁸
3056 1372 3260 1442 συνέϐη
3296 1374 3555 1441 γενέσθαι
3606 1374 3737 1427 κατά

2171 1461 2268 1531 τὴν
2298 1462 2499 1532 Δανιὴλ
2524 1463 2865 1532 προφητείαν
2897 1463 3004 1534 πρὸ
3037 1464 3081 1516 υ¹
3103 1462 3246 1535 [καὶ]
3277 1464 3421 1517 ὀκτὼ
3449 1466 3736 1533 γενομένην

2173 1552 2332 1606 ἐτῶν.
2360 1554 2459 1605 Διά
2489 1552 2648 1607 τοῦτό
2682 1571 2849 1624 φησιν
2872 1568 2885 1583 ⁸
2913 1572 2931 1605 ι
2971 1555 3481 1625 υίκοδομηθήσεται
3515 1558 3734 1610 πλατεῖα

2174 1644 2270 1697 καὶ
2323 1645 2633 1715 περίτειχος
2672 1646 2713 1676 ⁸⁷
2736 1684 2751 1700 .
2788 1666 2806 1698 ι
2834 1646 2877 1677 ⁸⁸
2919 1646 3030 1718 (5i)
3067 1646 3323 1701 Ἐπειδὰν
3389 1644 3485 1701 οὖν
3539 1651 3734 1720 ἀναστῇ

488 1740 678 1795 mades
728 1738 1189 1792 exterminabitur
1231 1738 1495 1802 chrisma,
1542 1747 1596 1791 et
1644 1737 1912 1803 judicium
1958 1753 2065 1791 non

2175 1736 2270 1788 καὶ
2296 1737 2358 1788 τὸ
2377 1739 2579 1790 οἰκεῖον
2628 1739 2882 1813 ἀπολάϐῃ
2931 1740 3148 1811 σχῆμα,
3176 1741 3272 1794 ἀπ’
3302 1742 3512 1795 ἐκείνου
3563 1744 3660 1806 τάς
3703 1750 3740 1795 ο¹

485 1830 590 1883 erit
622 1830 674 1882 in
704 1844 771 1883 eo
816 1843 829 1879 :
873 1838 928 1882 et
965 1828 1243 1883 civitatem
1297 1835 1351 1880 et
1402 1826 1775 1881 sanctuarinm
1828 1828 2070 1881 destruet

484 1933 611 1972 cum
643 1919 781 1972 duce
816 1926 1078 1982 venturo,
1123 1926 1179 1971 et
1237 1916 1530 1969 allidentur
1596 1915 1754 1985 quasi
1817 1917 1869 1968 in
1919 1924 2069 1969 cata-

482 2010 713 2080 clysmo,
754 2017 808 2064 et
840 2024 1016 2079 usque
1043 2008 1109 2062 ad
1138 2008 1297 2063 linem
1331 2007 1454 2062 belli
1485 2007 1696 2061 concisi
1744 2006 1940 2060 ordine
1972 2007 2069 2060 de-

484 2103 868 2157 solationibus.
914 2121 932 2153 ι
996 2102 1063 2155 Ει
1120 2102 1315 2155 iterum
1379 2100 1447 2154 de
1511 2100 1700 2154 eadem
1756 2100 2072 2168 captivitate

486 2194 741 2261 laqueus,
772 2194 906 2245 dicit
938 2207 952 2242 :
996 2191 1328 2245 «Auferetur
1357 2191 1574 2244 victima
1595 2190 1659 2243 let
1696 2190 1957 2256 libamen,
2015 2200 2071 2246 et

483 2300 649 2352 super
683 2283 943 2351 templum
974 2282 1334 2335 ‘abominatio
1369 2281 1751 2345 desolationis,
1789 2280 2070 2350 plenitudo

487 2372 705 2424 dabitur
734 2386 897 2440 super
940 2370 1275 2425 vastitatem.
1314 2386 1336 2421 ι
1390 2368 1870 2423 Abominationem
1914 2370 2071 2425 deso-

487 2460 712 2514 lationis
751 2460 883 2513 dicit
934 2468 1169 2513 statuam
1225 2474 1389 2528 quam
1449 2459 1623 2513 erexit
1656 2461 1930 2515 Adrianus
1965 2461 2072 2514 im-

488 2561 709 2621 perator
772 2552 825 2605 iu
896 2552 1119 2621 templo,
1181 2550 1360 2619 quiet
1410 2552 1599 2602 urbem
1657 2550 1776 2603 solo
1812 2552 2067 2619 aequavit.

490 2643 621 2697 Post
692 2642 964 2696 excidium
1025 2644 1171 2695 enim
1230 2640 1333 2693 sub
1401 2636 1736 2709 Vespasiano
1795 2650 1849 2694 et
1911 2638 2069 2705 Tito,

494 2735 740 2788 Adriano
774 2735 1102 2803 imperante,
1141 2741 1495 2786 surrexerunt
1532 2730 1727 2797 Judaei,
1780 2741 1833 2786 et
1863 2732 1929 2785 ad
1961 2733 2070 2800 pri-

484 2826 689 2880 stinum
714 2833 913 2878 statmn
946 2824 1121 2877 redire
1144 2822 1322 2876 conati
1338 2832 1483 2885 sunt,
1506 2823 1778 2876 incassum
1798 2820 1906 2877 Deo
1936 2824 2074 2878 resi-

484 2926 716 2981 stentes,
782 2931 883 2970 nec
939 2918 1261 2987 prophetam
1331 2914 1639 2978 audientes,
1700 2928 1823 2968 cum
1871 2915 2005 2969 dicit
2056 2934 2071 2971 :

495 3030 513 3061 ι
559 3009 691 3075 Qua:
725 3008 870 3063 Deus
918 3020 1140 3063 sanctus
1169 3008 1430 3072 decrevit,
1463 3008 1586 3077 quis
1645 3007 1966 3075 inllrmabit,
2018 3019 2073 3063 et

486 3118 707 3156 manuut
782 3100 901 3169 ejus
969 3099 1258 3155 sublimem
1307 3100 1432 3170 quis
1496 3099 1798 3153 evertet?»
1875 3095 2142 3154 Rebcl-C

480 3195 659 3249 tantes
721 3192 885 3262 igitur
943 3191 1142 3245 iterum
1208 3191 1274 3244 ad
1325 3190 1489 3245 linem
1551 3190 1907 3246 desolationis
1973 3206 2072 3246 sua

481 3294 679 3356 sponte
707 3293 1017 3350 venerunt;
1050 3284 1326 3354 deinceps,
1368 3284 1453 3339 his
1500 3285 1785 3354 subjectis,
1822 3293 1877 3338 et
1951 3283 2075 3338 luu—

482 3389 631 3442 ditus
663 3400 853 3441 eversa
881 3384 1123 3449 civitate,
1154 3393 1208 3438 et
1248 3384 1498 3453 reliquiis
1549 3384 1958 3450 exterminatis,
2012 3394 2071 3438 ut

487 3497 594 3534 non
627 3480 745 3534 sine
773 3476 1066 3548 opprobrio
1115 3474 1296 3530 forent
1351 3485 1587 3530 statuam
1616 3490 1771 3530 suam
1798 3476 2071 3545 propriam

486 3571 693 3641 posuit.
725 3568 927 3623 Deinde
949 3583 1072 3621 cum
1101 3568 1427 3637 intelligeret
1454 3569 1592 3622 hanc
1623 3566 1754 3622 olim
1798 3568 2067 3621 ruituram

484 3676 629 3724 esse,
662 3669 721 3714 ut
761 3660 869 3714 illis
901 3660 1113 3730 plagam
1147 3658 1606 3714 irremediabilcm
1661 3660 1927 3726 inureret,
1979 3677 2072 3731 op-

484 3752 692 3824 probrii
757 3752 1042 3822 cladisque
1091 3763 1280 3805 nctam
1344 3767 1505 3805 suum
1585 3767 1784 3807 nomen
1854 3754 2067 3808 civitati

482 3846 766 3916 imposuit.
821 3845 957 3899 Cum
1024 3843 1170 3897 enim
1247 3841 1426 3897 IElius
1489 3844 1761 3899 Adrianus
1822 3846 2073 3899 nomina-

484 3951 661 4006 retur,
694 3939 774 3993 sic
803 3937 1046 3992 decrevit
1079 3936 1147 3990 de
1182 3951 1283 3990 suo
1351 3934 1573 3990 nomine
1620 3937 1811 3990 urbem
1863 3952 2074 3991 nuncu-

488 4033 634 4103 pari;
669 4048 790 4104 qua:
841 4031 1018 4099 rcipsa
1075 4027 1345 4098 hodieque
1396 4027 1539 4082 IElia
1569 4039 1793 4083 vocatur
1837 4030 1904 4087 de
1929 4029 2073 4085 illius

491 4123 737 4189 nomine,
797 4123 889 4193 qui
944 4121 1150 4193 potitus
1189 4121 1378 4177 diruit.
1433 4120 1590 4177 Unde
1640 4121 1917 4191 Christus,
1976 4124 2072 4194 qui

491 4224 616 4287 post
662 4218 994 4271 Antiochum
1040 4214 1375 4286 Epiphancm
1433 4214 1599 4279 venit,
1652 4229 1779 4268 cum
1833 4213 2071 4269 futuram

488 4311 854 4380 captivitatem
936 4308 1303 4379 proclamaret
1346 4310 1766 4376 ostenderetque
1815 4307 1959 4377 quod
2008 4308 2075 4362 de

2173 1828 2479 1897 ἑϐδομάδας
2505 1829 2731 1899 ἀρίθμει
2790 1830 2911 1903 (καὶ
2945 1832 3053 1901 δψῃ
3086 1831 3185 1903 τὴν
3225 1833 3611 1903 αἰχμαλωσίαν
3651 1837 3741 1902 τήν

2173 1919 2359 1972 οὐκέτι
2409 1920 2560 1983 τέλος
2615 1921 2867 1991 ἔχουσαν,
2891 1923 3029 1993 ὅπερ
3066 1923 3246 1993 δηλῶν
3278 1927 3634 1996 σαφέστερον,
3665 1928 3741 1978 ὅτι

2172 2010 2272 2079 οὐχ
2299 2009 2411 2076 ἔξει
2465 2010 2590 2065 τινὰ
2642 2010 2796 2063 λύσιν
2832 2011 2901 2064 τά
2944 2013 3247 2082 κατέχοντα
3297 2015 3497 2077 αὐτοὺς
3559 2016 3739 2079 κακά,

2174 2099 2317 2153 οὕτω
2345 2100 2532 2172 φησίν)
2559 2119 2573 2133 ·
2625 2121 2642 2153 ι
2676 2102 2833 2155 Μετὰ
2872 2103 2928 2156 δέ
2958 2103 3056 2166 τὰς
3093 2103 3135 2157 o'
3164 2106 3209 2137 ’⁵⁸
3234 2106 3536 2175 ἑϐδομάδας
3571 2106 3743 2171 ἰξολο-

2174 2189 2534 2261 θρευθήσεται
2565 2194 2792 2264 χρίσμα,
2826 2196 2917 2248 καὶ
2935 2197 3106 2265 κρῖμα
3136 2197 3238 2249 οὐκ
3261 2197 3414 2251 ἔσται
3458 2200 3515 2249 ἐν
3535 2198 3681 2265 αὐτῷ
3701 2198 3745 2228 ⁸⁸

2176 2283 2288 2354 (καὶ
2320 2283 2418 2354 τὴν
2452 2284 2609 2338 πόλιν
2640 2287 2730 2339 καὶ
2761 2285 2822 2338 τὸ
2851 2286 3006 2354 ἅγιον
3035 2288 3319 2357 διαφθερεῖ
3358 2291 3456 2341 σὺν
3486 2290 3562 2359 τῷ
3589 2291 3751 2360 ἡγου-

2180 2375 2325 2443 μένῳ
2347 2374 2425 2443 τῷ
2456 2376 2759 2446 ἐρχομένῳ,
2798 2376 2895 2429 καὶ
2928 2379 3366 2449 συγκοπήσονται
3396 2378 3470 2441 ὡς
3498 2381 3557 2430 ἐν
3582 2398 3750 2432 κατα-

2177 2466 2429 2536 κλυσμῷ,
2460 2470 2555 2521 καὶ¹
2610 2469 2714 2533 ἕως
2776 2470 2964 2533 τέλους
3023 2470 3262 2540 πολέμου
3316 2474 3751 2543 συντετμημένοι

2176 2562 2328 2627 τάξει
2383 2563 2734 2632 ἀφανισμοῖς.
2774 2584 2792 2614 ι
2824 2565 2934 2616 Καὶ
2996 2566 3159 2618 πάλιν
3219 2565 3319 2635 τὴν
3368 2567 3753 2637 αἰχμαλωσίαν

2174 2654 2381 2722 ταύτην
2445 2653 2619 2721 λέγων
2687 2654 2924 2725 φησίδι·
2967 2675 2984 2708 ι
3043 2656 3369 2727 Ἀρθήσεται
3429 2659 3591 2712 θυσία
3661 2662 3755 2713 καὶ

2179 2746 2405 2817 σπονδὴ,
2453 2748 2548 2799 καὶ
2580 2747 2676 2799 ἐπὶ
2706 2749 2765 2801 τὸ
2799 2748 2943 2817 ἱερὸν
2974 2748 3249 2819 βδέλυγμα
3278 2750 3380 2819 τῆς
3407 2752 3753 2822 ἐρημώσεως

2179 2837 2458 2892 συντέλεια
2484 2839 2771 2910 δοθήσεται
2809 2842 2902 2893 ἐπὶ
2935 2842 3035 2912 τὴν
3064 2843 3365 2913 ἐρήμωσιν.
3411 2861 3430 2895 ι
3468 2845 3756 2914 Βδέλυγμα

2176 2928 2231 2982 δὲ
2287 2930 2436 2999 λέγει
2508 2931 2845 3003 ἐρημώσεως
2895 2934 2987 2988 τὸν
3031 2934 3356 3005 ἀνδριάντα,
3416 2935 3477 2989 δν
3526 2936 3756 3006 ἔστησεν

2179 3020 2458 3092 Ἀδριανὸς
2484 3025 2511 3076 ὁ
2537 3024 2801 3093 βασιλεὺς
2844 3027 2902 3078 ἐν
2926 3024 3003 3094 τῷ
3050 3026 3183 3095 ναῷ,
3222 3025 3278 3088 6;
3322 3028 3417 3079 καὶ
3452 3027 3553 3097 τὴν
3602 3028 3755 3081 πόλιν

2176 3112 2424 3165 καθεῖλεν
2467 3114 2686 3185 ἄρδην).
2722 3116 2877 3170 Μετὰ
2924 3118 3032 3188 γάρ
3066 3117 3165 3187 τὴν
3206 3119 3629 3174 Οὐεσπασιανοῦ
3661 3125 3756 3176 καὶ

2176 3202 2339 3257 Τίτου
2399 3212 2704 3278 γενομένην
2754 3208 3035 3278 ἐρήμωσιν
3078 3208 3173 3263 ἐπὶ
3203 3210 3493 3280 Ἀδριανοῦ
3550 3216 3758 3284 συστή-

2176 3310 2368 3358 σαντες
2392 3296 2437 3328 ³¹
2469 3299 2518 3349 οἱ
2558 3297 2827 3364 Ἰουδαῖοι,
2863 3300 3193 3365 ἐσπούδαζον
3222 3303 3314 3355 ἐπὶ
3347 3304 3449 3373 τὴν
3482 3307 3759 3377 προτέραν

2177 3386 2454 3441 πολιτείαν
2480 3389 2803 3445 ἐπανελθεῖν
2834 3394 2882 3445 oi.
2927 3396 3147 3463 μάταιοι
3193 3395 3595 3465 θεομαχοῦντες
3640 3401 3761 3465 (καὶ

2177 3479 2253 3549 μὴ
2281 3480 2574 3544 ἀκούοντες
2596 3482 2690 3537 τοῦ
2716 3487 3001 3556 προφήτου
3028 3486 3281 3555 λέγοντος
3306 3488 3351 3519 ⁸³
3372 3504 3387 3517 ·
3421 3509 3439 3540 ι
3480 3491 3547 3542 Ἃ
3571 3494 3600 3543 6
3622 3490 3757 3554 Θεὸς

2174 3571 2202 3621 ὁ
2230 3572 2385 3640 ἆγιος
2414 3573 2892 3641 βεϐούλευται,τίς
2921 3577 3289 3643 διασκεδάσει,
3331 3581 3428 3633 καὶ
3468 3581 3569 3652 τὴν
3600 3587 3763 3653 χεῖρα

2175 3662 2341 3715 αὑτοῦ
2383 3664 2481 3734 τὴν
2506 3665 2716 3736 ὑψηλὴν
2756 3668 2842 3730 τίς
2872 3669 3248 3739 ἀποστρέψεις
3290 3690 3308 3722 ι
3346 3673 3764 3738 Στασιάσαντες

2175 3748 2267 3806 οὖν
2287 3754 2446 3807 πάλιν
2469 3756 2699 3819 ἑαυτοὺς
2718 3760 2799 3820 εἰς
2818 3758 2971 3822 τέλος
2993 3759 3325 3829 ἐρημώσεως
3345 3764 3724 3833 κατέστησαν)
3744 3782 3765 3799 ο

2176 3844 2585 3914 χειρωσάμενος
2616 3846 2725 3917 γὰρ
2756 3848 2800 3879 ⁸⁸
2826 3849 3021 3913 αὐτοὺς
3045 3852 3072 3902 6
3103 3850 3357 3921 βασιλεὺς
3406 3854 3502 3905 καὶ
3534 3856 3640 3923 τὴν
3671 3855 3771 3908 πόα

2176 3932 2261 3985 λιν
2305 3936 2488 3987 πᾶσαν
2535 3938 2920 4008 καταστρέψας
2967 3942 3062 3993 καὶ
3116 3941 3184 3993 τὰ
3213 3942 3445 4011 λείψανα
3480 3945 3770 4011 ἀφανίσας

2178 4025 2356 4078 πάντα
2388 4027 2497 4096 (ἵνα
2530 4029 2667 4098 μηδέ
2700 4030 3080 4102 ἀναισχύντως
3110 4032 3275 4103 ἔχωσι
3317 4033 3536 4097 λοιπὸν,
3560 4034 3771 4106 ἔστησε

2176 4118 2266 4171 τὸν
2297 4119 2494 4173 ἑαυτοῦ
2533 4122 2852 4191 ἀνδριάντα.
2886 4120 3020 4176 Εἶτα
3060 4125 3287 4178 συνιδὼν
3307 4169 3322 4193 ,
3349 4127 3431 4180 ὅτι
3462 4130 3772 4198 συμϐαίνει

2176 4211 2365 4281 χρόνον
2385 4213 2515 4266 ποτέ
2542 4217 2872 4268 καταπεσεῖν
2893 4216 3102 4281 τοῦτον,
3130 4218 3271 4271 ὥστε
3297 4219 3483 4281 αὐτοῖς
3516 4219 3772 4273 ἐνθεῖναι

2178 4304 2434 4375 καυτῆρα
2502 4306 2597 4359 καὶ
2658 4305 2871 4377 πληγὴν
2922 4309 3143 4361 ἀνίατον
3193 4309 3295 4373 τῆς
3360 4312 3774 4380 ἀναισχυντίας

489 4422 555 4461 ea
597 4403 784 4458 Daniel
824 4407 1042 4458 locutus
1068 4411 1170 4467 est,
1208 4400 1340 4454 dicit
1374 4417 1389 4457 :
1427 4417 1445 4450 ι
1477 4398 1613 4454 Cum
1660 4398 1908 4454 videritis
1940 4400 2070 4454 abo-

2182 4398 2401 4469 ἐκείνης
2446 4399 2542 4451 καὶ
2571 4398 2742 4469 ἥττης
2780 4398 3020 4469 ἔλεγχον)
3054 4400 3114 4452 τὸ
3144 4400 3339 4453 ἐαυτοῦ
3370 4402 3540 4471 ὄνομα
3563 4407 3634 4474 τῇ
3667 4403 3775 4455 πό·

493 4494 847 4549 minatiouem
880 4491 1238 4546 desolationis
1269 4496 1522 4557 “stantem
1580 4488 1631 4541 in
1684 4487 1803 4542 loco
1856 4502 2068 4555 sancto,

2176 4492 2260 4545 λει
2309 4492 2599 4561 ἐπέθηκεν.
2646 4492 2863 4563 Ἐπειδὴ
2914 4495 3021 4562 γάρ
3056 4493 3240 4557 Αἴλιος
3263 4494 3542 4564 Ἀδριανὸς
3591 4498 3742 4565 ἔχρη

490 4583 583 4653 qui
614 4583 741 4652 legit
771 4581 1058 4649 intelligat.
1096 4600 1115 4631 ι
1156 4580 1291 4635 Cum
1329 4589 1508 4633 statua
1536 4594 1765 4648 quasque
1808 4589 1903 4634 aut
1931 4582 2070 4636 scul-

2175 4585 2392 4655 μάτιζε,
2417 4585 2561 4636 οὕτω
2618 4590 2713 4637 καὶ
2746 4585 2844 4655 τὴν
2875 4585 3033 4653 311
3078 4586 3232 4639 πόλιν
3255 4588 3628 4657 ἐνομοθέτησε
3658 4605 3777 4641 κα-

488 4692 649 4749 ptnra
682 4673 918 4729 hominis
966 4672 1302 4725 abominatio
1350 4669 1553 4725 Judaeis
1595 4670 1907 4738 haberetur,
1935 4675 2063 4727 sub.

2175 4677 2407 4741 λεῖσθαι,
2441 4679 2523 4732 διὸ
2568 4677 2665 4733 καὶ
2690 4678 2853 4748 μέχρι
2899 4676 2995 4729 νῦν
3018 4678 3178 4731 Αἰλία
3210 4681 3699 4750 προσαγορεύεται
3728 4680 3779 4711 ⁸⁸

489 4771 724 4826 obscure
768 4773 1004 4820 statuam
1059 4763 1354 4814 Ostendens
1404 4761 1574 4820 illam,
1631 4763 1853 4827 quando
1908 4763 2070 4817 simul

2175 4770 2317 4823 κατά
2352 4770 2451 4841 τὴν
2501 4769 2819 4840 ἐπωνυμίαν
2869 4767 2984 4839 (τοῦ
3048 4772 3427 4841 κρατήσαντος
3460 4772 3636 4841 αὐτὴν
3663 4773 3783 4825 καὶ

492 4865 673 4917 futura
705 4855 1079 4927 sitcaptivitas
1117 4863 1166 4907 et
1193 4867 1221 4904 a
1253 4866 1363 4919 quo
1388 4848 1792 4918 praenuntiavit.
1819 4849 1974 4917 Quod
2006 4854 2070 4908 de

2175 4860 2557 4934 καθελόντο;)·
2590 4862 2713 4915 ὅθεν
2772 4864 2800 4915 ὁ
2858 4862 3096 4931 Χριστὸς
3155 4864 3297 4931 μετά
3338 4864 3618 4934 Ἀντίοχον
3674 4864 3787 4918 τὸν

492 4955 754 5009 Romanis
782 4955 898 5006 haec
939 4948 1087 5003 dicta
1140 4951 1270 4999 sunt
1305 4939 1577 5012 Josephus
1625 4940 1967 5012 testiﬁcatur,
2015 4956 2070 5001 ut

2179 4951 2453 5025 Ἐπιφανῆ
2504 4955 2947 5026 παραγενόμενος
3008 4956 3105 5009 καὶ⁵
3185 4958 3604 5027 προαναφωνῶν
3666 4957 3789 5025 τὴν

487 5048 599 5116 jam
634 5046 896 5101 diximus.

2184 5044 2487 5115 μέλλουσαν
2529 5046 2751 5100 ἔσεσθαι
2779 5047 3159 5117 αἰχμαλωσίαν
3213 5050 3307 5101 καὶ
3357 5049 3609 5116 δεικνὺς,
3686 5050 3794 5103 ὅτι

493 5140 624 5208 περὶ
651 5139 824 5208 αὐτῆς
846 5140 874 5189 ὁ
897 5133 1098 5203 Δανιὴλ
1122 5130 1413 5202 προεῖπεν,
1441 5124 1607 5198 φησίν
1634 5141 1648 5155 ·
1685 5143 1703 5176 ι
1724 5125 1895 5180 Ὅταν
1918 5130 2066 5202 ἴδητε
2105 5135 2164 5188 τὸ
2194 5136 2471 5208 βδέλυγμα
2501 5138 2602 5207 τῆς
2668 5139 3006 5209 ἐρημώσεως
3026 5141 3074 5172 ⁸⁸
3146 5141 3320 5203 ἑστὼς
3345 5144 3402 5194 ἐν
3424 5141 3580 5207 τόπῳ
3618 5141 3794 5211 ἁγίῳ

492 5258 564 5269 --
586 5234 614 5285 6
646 5228 1041 5298 ἀναγινώσκων
1075 5222 1290 5277 νοείτω.
1323 5236 1342 5270 ι
1374 5245 1447 5260 --
1472 5216 1629 5270 Ἐπεὶ
1652 5217 1696 5247 ⁸⁷
1728 5219 1837 5287 γὰρ
1868 5218 2016 5274 ἅπαν
2034 5224 2253 5278 εἴδωλον
2288 5231 2385 5280 καὶ
2450 5230 2560 5282 πᾶν
2620 5229 2924 5300 ἐκτύπωμα
2944 5230 3236 5302 ἀνθρώπου
3298 5232 3580 5305 βδέλυγμα
3606 5235 3798 5306 παρὰ

1678 5313 2203 5381 Varitelectiones
2240 5329 2299 5382 et
2331 5332 2518 5383 noue.

566 5424 613 5456 δι
642 5425 809 5496 Κύρῳ
830 5424 962 5480 Ceu.
1039 5421 1085 5453 “
1117 5420 1299 5491 θῶμεν
1322 5418 1418 5501 ἐτη
1449 5415 1579 5501 (leti.
1656 5416 1704 5501 :5
1735 5417 1947 5489 ταύτης
1967 5421 2070 5501 Age

2175 5422 2335 5501 ᾔτειρτΓ
2394 5426 2544 5501 ςριΙ.Δ
2591 5427 2777 5501 ξθμκαὶλ
2802 5425 3229 5501 τοῖινζλέηιῖυιι.
3261 5432 3414 5501 Apud
3455 5431 3795 5501 Joseplxum

498 5490 612 5567 haec
643 5488 803 5567 verba
832 5511 937 5567 non
969 5488 1301 5567 invenimus.
1377 5488 1418 5519 ⁸⁷
1446 5490 1621 5567 τεῖχος
1656 5488 1793 5567 Dan.
1844 5506 1918 5567 ix,
1939 5490 2057 5567 _

2175 5496 2179 5523 ι
2219 5494 2352 5567 ceu.
2384 5496 2804 5560 tuas-tamn.
2882 5498 2928 5528 δ’
2963 5497 3039 5567 es
3077 5499 3210 5554 Dan.
3261 5488 3335 5561 ix'.
3363 5503 3451 5560 εδ,
3482 5488 3794 5555 «mineo.

569 5563 746 5634 καθὼς
777 5565 1095 5634 προείρηται
1134 5563 1266 5617 Cetl.
1298 5576 1458 5634 seqq.
1510 5561 1750 5634 I_l_|lliSSiS.
1784 5631 1792 5634 _
1857 5562 1900 5592 ⁸¹
1938 5562 2070 5615 Dan.

2175 5581 2217 5625 ι.
2260 5565 2350 5618 27.
2422 5567 2491 5596 ⁵⁸·
2538 5584 2638 5634 μου
2692 5569 2824 5619 Dan.
2871 5560 3098 5634 graecus.
3219 5572 3264 5602 ⁸³
3298 5572 3593 5633 συστάντες
3622 5573 3793 5624 (led.

499 5628 551 5711 5"
574 5628 695 5711 '33..
724 5646 799 5707 xi)
818 5628 1002 5711 {27.1"
1045 5634 1091 5711 5f
1113 5633 1251 5711 χρὴ
1271 5628 1438 5711 pedi;
1509 5630 1554 5711 ‘_'
1578 5647 1688 5711 FQ.
1710 5631 1817 5711 xuii.
1836 5634 1976 5711 μετά
2013 5650 2070 5687 τσ

2175 5653 2187 5686 ι
2232 5636 2410 5711 αὐτὴν.
2458 5628 2771 5711 ἀνεγείρας,
2806 5628 3670 5711 Αἰλίανγναὺτὴν,προσηγόρευσε
3721 5657 3789 5695 3.

499 5697 598 5770 τὴν
638 5686 930 5753 αὐτοῦ’ἐπ.
958 5702 1090 5755 Cet].
1115 5686 1146 5703 ἢ
1167 5702 1211 5733 ⁵⁵
1236 5686 1295 5753 τὸ
1320 5703 1482 5770 ῥηθὲν
1516 5701 1601 5754 διὰ
1636 5686 1848 5773 Δανιὴλ.
1865 5703 1959 5755 τοῦ
1993 5686 2068 5774 πρ

2181 5721 2272 5758 του
2301 5686 2433 5761 υιΞιΙ.
2467 5717 2537 5774 ιιι,
2569 5686 2771 5762 illam:
2795 5723 2938 5776 xxtv,
2970 5710 3055 5763 15.
3132 5686 3178 5743 '7'
3217 5686 3451 5782 Bijratlii:
3476 5686 3611 5765 οἵω.

2538 5584 2638 5636 μου
2692 5569 2824 5619 Dau.
2871 5583 3098 5637 grzecus.
