4050 6224
400 390 505 458 5ιῖ

1620 382 1951 445 GEORGII
1993 384 2452 447 HAMARTOLI

3565 388 3668 450 513

340 514 347 551 ε
402 519 621 560 tmusex
647 503 729 557 eis
763 496 976 554 caeteris
1010 512 1023 549 :
1067 515 1083 546 (
1110 494 1349 550 Excitate
1388 494 1537 548 illum
1574 503 1626 548 et
1660 496 1859 562 exuite,
1891 514 1907 546 ι
1934 504 1986 550 et

2092 496 2257 569 πολλῇ
2298 496 2391 551 οὖν
2431 496 2635 567 ἀπορίᾳ
2670 495 2953 566 γενόμενοι
2984 496 3047 561 ⁸⁸,
3073 492 3226 551 εἶπεν
3272 492 3357 562 εἷς
3393 499 3453 567 ἐξ
3493 502 3677 555 αὐτῶν

402 611 526 651 cum
548 595 700 648 illum
718 606 858 663 aegre
887 588 1273 645 erexissent.et
1306 587 1615 649 exuissent,
1652 587 1754 641 iste
1784 602 1979 642 manus

402 704 530 743 suas
563 686 757 741 sabulo
786 684 1019 753 impletis
1051 680 1364 736 eil‘undebat
1407 693 1570 750 super
1596 688 1756 749 caput
1784 679 1977 747 Judaei,

402 791 484 835 ter
527 780 715 834 dicens
767 794 782 831 :
844 795 863 828 ι
912 775 1226 844 Baptizatur
1279 772 1601 827 Theodorus
1652 772 1706 827 in
1762 772 1983 827 nomine

404 873 578 927 Patris
612 880 665 925 et
696 869 817 923 Filii
845 877 897 923 et
930 868 1104 923 sancti
1157 864 1415 936 Spiritus,
1458 884 1476 917 ι
1525 864 1982 933 respondentibus

401 966 613 1020 cunctis
645 964 711 1017 ad
738 960 1008 1030 singulutn
1040 974 1240 1013 nomen
1269 958 1462 1012 Amen.
1498 956 1563 1009 Et
1588 956 1881 1010 confestim
1910 954 1981 1009 ita

402 1060 787 1115 corroboratus
817 1065 923 1121 est,
960 1062 1017 1108 ut
1055 1067 1251 1125 magno
1277 1066 1401 1106 cum
1432 1052 1617 1105 animo
1647 1057 1701 1103 et
1730 1048 1984 1102 ﬁrmitate

402 1167 525 1205 cttm
569 1150 650 1205 eis
685 1149 979 1202 incederet.
1033 1145 1170 1199 Cum
1230 1153 1410 1198 autem
1452 1143 1725 1197 venissent
1754 1141 1987 1194 Alexan-

403 1244 602 1309 driam,
634 1252 689 1296 et
708 1242 824 1295 bazc
864 1248 1217 1294 enarrassent
1246 1236 1660 1305 archiepiscopo
1694 1232 1980 1303 Dionysio,

403 1344 457 1391 et
508 1335 680 1405 ipsius
728 1333 1142 1387 admirationem
1192 1328 1513 1389 movissent,
1553 1328 1737 1383 statim
1766 1340 1983 1381 onmem

404 1429 611 1483 elerum
667 1434 959 1495 congregat
994 1435 1047 1478 et
1088 1438 1201 1477 rem
1234 1422 1315 1477 eis
1349 1420 1624 1491 proponit,
1664 1435 1731 1473 an
1766 1420 1987 1488 ,scilicet

407 1530 649 1590 reputata
669 1519 741 1573 sit
756 1517 943 1573 Jttdwo
962 1520 1014 1571 in
1039 1517 1303 1586 baptisma
1322 1530 1503 1568 arenae
1528 1512 1731 1567 infusio
1750 1527 1817 1565 an
1840 1511 1987 1566 non?

407 1612 473 1665 Et
507 1611 595 1665 alii
626 1610 845 1679 quidem
879 1609 1175 1661 dicebant:
1219 1623 1237 1656 ι
1292 1603 1556 1674 Reputata
1607 1612 1709 1668 est,
1755 1606 1987 1656 testante

403 1703 689 1773 repentina
713 1704 833 1771 ejus
859 1701 1112 1755 sanitate.
1139 1718 1156 1750 ι
1186 1698 1290 1753 Alii
1314 1713 1443 1751 vero
1472 1712 1580 1749 non
1606 1692 1983 1756 admittebant,

403 1808 468 1848 eo
510 1793 655 1863 quod
704 1793 946 1847 Ecclesia
986 1791 1160 1859 ,istatn
1202 1788 1548 1843 traditionem
1587 1801 1696 1839 non
1735 1784 1982 1846 haberet,

405 1888 709 1953 praesertim
730 1901 853 1941 cum
878 1883 1145 1939 Dominus
1181 1880 1477 1937 Nicodemo
1501 1878 1733 1933 dixisset
1770 1894 1787 1931 :
1822 1896 1840 1929 ι
1871 1874 1985 1929 Nisi

404 1979 527 2047 quis
559 1988 779 2032 renatus
813 1975 974 2030 fuerit
1003 1990 1067 2029 ex
1101 1989 1243 2045 aqua
1277 1982 1332 2027 et
1361 1972 1588 2041 Spiritu,
1618 1985 1726 2023 non
1759 1967 1989 2022 intrabit

405 2069 461 2122 in
516 2083 737 2137 regnum
784 2067 1069 2121 cmlorum.
1106 2084 1122 2115 ι
1184 2062 1278 2117 llis
1336 2076 1465 2131 ergo
1520 2070 1576 2115 et
1627 2058 1746 2113 aliis
1804 2057 1987 2121 dictis,

406 2161 584 2215 visum
624 2167 707 2214 est
736 2167 927 2213 sancto
954 2155 1217 2225 Dionysio
1246 2155 1397 2208 illum
1426 2150 1812 2222 baptizandum
1844 2162 1986 2213 esse,

405 2260 461 2305 et
504 2252 733 2304 missum
778 2263 904 2302 eum
952 2247 1018 2301 ad
1071 2246 1271 2300 ﬂumen
1322 2245 1612 2299 Jordanem
1660 2240 1986 2311 baptizavit;

407 2343 559 2397 illum
610 2350 793 2395 autem
830 2338 925 2409 qui
974 2339 1155 2408 ipsum
1188 2336 1379 2392 sabulo
1422 2343 1547 2389 ante
1595 2334 1987 2403 baptizaverat.

406 2454 529 2493 cum
560 2438 756 2506 dignus
801 2443 968 2500 esset,
1008 2434 1298 2488 diaconum
1340 2430 1689 2501 impositione
1722 2441 1988 2482 manuum

406 2527 773 2583 consecravit.
824 2526 958 2581 Jure
987 2539 1115 2594 ergo
1157 2536 1387 2593 magnus
1425 2521 1719 2592 Gregorius
1764 2534 1991 2574 enume-

416 2638 544 2677 rans
580 2622 762 2675 omnia
792 2620 1118 2690 baptismata
1149 2617 1282 2671 dicit
1311 2632 1325 2669 :
1366 2634 1383 2667 t
1420 2614 1721 2685 Baptizavit
1756 2612 1988 2681 Moyses,

407 2715 501 2769 sed
521 2716 573 2769 in
607 2731 767 2785 aqua,
793 2723 845 2768 et
880 2722 1039 2767 antea
1074 2713 1129 2766 in
1174 2710 1373 2765 nebula
1404 2719 1458 2763 et
1489 2711 1542 2762 in
1573 2707 1990 2762 maria—«Ba-

410 2809 629 2879 ptizarit
657 2817 711 2863 et
738 2808 996 2870 Joannes,
1032 2822 1139 2861 non
1176 2806 1289 2875 jam
1331 2802 1548 2873 quidem
1579 2801 1837 2866 Judaice;
1881 2816 1986 2854 non

406 2902 553 2955 enim
592 2900 647 2955 in
676 2915 818 2970 aqua
850 2901 986 2962 sola,
1020 2897 1115 2953 sed
1151 2898 1313 2952 etiam
1356 2896 1423 2950 ad
1456 2895 1859 2965 paenitentiam.
1892 2912 1989 2945 »-

413 3010 432 3043 ι
468 2992 715 3064 Baptizat
746 3004 801 3047 et
836 2991 1017 3057 Jesus,
1070 2989 1163 3045 sed
1209 2990 1261 3043 in
1296 2987 1502 3058 Spiritu
1535 3004 1547 3040 :
1590 2989 1703 3042 bene
1748 2996 1831 3042 est
1865 3000 1989 3056 per-

409 3085 592 3141 fectio.
637 3105 654 3139 ι
688 3117 757 3127 -
786 3104 803 3136 ι
844 3086 970 3138 Seio
1009 3084 1170 3137 etiam
1217 3093 1467 3151 quartum
1516 3079 1807 3148 baptisma,
1842 3076 1988 3147 quod

2083 588 2221 658 πρὸς
2244 588 2369 651 τοὺς
2396 588 2614 649 λοιπούς
2639 604 2653 620 ο
2681 604 2699 637 ι
2724 587 3004 658 Ἐγείρατε
3032 588 3195 642 αὑτὸν
3228 590 3328 644 καὶ
3351 590 3669 647 ὲκδύσατε.»

2083 679 2195 731 Καὶ
2251 678 2391 750 μετά
2440 679 2637 732 πολλοῦ
2697 680 2869 733 κόπου
2927 678 3119 733 τοῦτον
3171 680 3518 752 ὀρθώσαντες
3577 687 3672 739 καὶ

2083 772 2477 837 ἀποδύσαντες,
2540 772 2749 836 ἐκεῖνος
2809 773 2907 835 τάς
2965 776 3156 845 χεῖρας
3212 774 3380 828 αὑτοῦ
3433 776 3663 846 ψάμμου

2086 866 2321 936 πλήσας,
2363 867 2625 936 κατέχεεν
2665 866 2759 920 ἐπὶ
2805 866 2905 935 τῆς
2959 867 3206 937 κεφαλῆς
3246 868 3338 921 τοῦ
3400 869 3657 922 Ἰουδαίου

2084 960 2260 1028 λέγων
2297 962 2361 1013 ἐκ
2400 962 2586 1031 τρίτου
2621 961 2665 991 ¹⁸
2696 976 2709 991 ο
2745 979 2763 1010 ι
2818 960 3155 1024 Βαπτίζεται
3192 960 3454 1030 θεὸδωρος
3485 962 3565 1024 είς
3592 961 3653 1013 τὸ

2084 1050 2255 1120 ὄνομα
2306 1049 2401 1103 τοῦ
2458 1050 2694 1121 Πατρός,
2731 1050 2825 1103 καὶ
2874 1050 2969 1103 τοῦ
3023 1048 3177 1115 Υίοῦ,
3228 1051 3319 1103 καὶ
3366 1050 3460 1103 τοῦ
3496 1050 3651 1119 ἁγίου

2086 1142 2405 1211 Πνεύματος
2444 1160 2461 1192 ι
2501 1143 2979 1211 (ἀποκρινομένων
3010 1142 3118 1195 τῶν
3162 1142 3337 1195 ἄλλων
3373 1142 3495 1195 καθ’
3526 1142 3659 1194 ἐκα-

2088 1253 2211 1289 στον
2268 1236 2439 1307 ὄνομα
2466 1237 2528 1290 τὸ
2583 1236 2801 1307 Ἀμήν).
2837 1236 2949 1289 Καὶ
3009 1239 3353 1307 παραχρῆμα
3404 1234 3662 1289 τοσοῦτον

2084 1327 2369 1398 ἐνίσχυσεν
2415 1327 2555 1381 ὥστε
2591 1329 2634 1359 ¹⁶
2677 1330 2774 1381 σὺν
2807 1328 2975 1399 πολλῇ
3010 1329 3296 1399 προθυμίᾳ
3324 1326 3418 1381 καὶ
3450 1328 3665 1399 sapam-

2090 1420 2213 1490 στίᾳ
2253 1419 2490 1490 βαδίζειν
2524 1422 2642 1491 μετ’
2684 1420 2887 1473 αὐτῶν.
2946 1419 3241 1473 Ἐλθόντων
3291 1420 3349 1472 δὲ
3395 1421 3570 1472 αὐτῶν
3609 1420 3668 1473 ἐν

2100 1512 2502 1584 Ἀλεξανδρείᾳ,
2532 1512 2626 1565 καὶ
2685 1511 2859 1565 ταῦτα
2916 1511 3299 1582 διηγησάντων
3350 1512 3429 1581 τῷ
3480 1514 3671 1583 ἀρχιε-

2089 1605 2343 1673 πισκόπῳ
2389 1602 2654 1676 Διονυσίῳ
2702 1606 2745 1636 ¹⁷
2799 1605 2892 1658 καὶ
2944 1604 3134 1659 τοῦτον
3174 1604 3667 1674 ἐκθαμὸησάντων,

2088 1697 2249 1762 εὐθὺς
2282 1699 2463 1751 πάντα
2487 1698 2577 1753 τὸν
2608 1698 2809 1769 κλῆρον
2842 1697 3185 1769 συναθροίζει
3225 1700 3321 1751 καὶ
3350 1696 3668 1752 ἀνατίθεται

2088 1791 2275 1855 αὐτοῖς
2307 1792 2368 1845 τὸ
2404 1794 2659 1864 πρᾶγμα,
2704 1792 2815 1845 εἴτε
2864 1792 2972 1862 ἀρα
3014 1790 3270 1861 ἐλογίσθη
3310 1790 3387 1861 τῷ
3424 1789 3668 1859 Ἰουδαίῳ

2091 1884 2173 1947 είς
2211 1882 2496 1954 βάπτισμα
2528 1886 2562 1955 η
2584 1885 2684 1953 τῆς
2706 1883 2936 1953 ψάμμου
2968 1883 3244 1954 ἐπίχυσις,
3282 1885 3395 1937 εῑτε
3423 1881 3508 1937 οὗ.
3559 1882 3671 1935 Καὶ

2090 1978 2140 2030 οἱ
2205 1977 2305 2047 μὲν
2360 1976 2586 2045 ἔλεγον·
2646 1997 2670 2028 σ
2729 1976 3053 2045 Ἐλογίσθη,
3110 1976 3497 2048 μαρτυρούσης
3569 1974 3671 2043 τῆς

2091 2068 2296 2141 ἀθρόας
2342 2069 2507 2124 αὐτοῦ
2538 2069 2771 2138 ὑγιείας.
2817 2086 2836 2120 ι
2873 2071 2936 2123 υἱ
2966 2070 3023 2122 δὲ
3067 2070 3129 2123 ού
3172 2068 3531 2139 παρεδέχοντο
3577 2067 3669 2121 διὰ

2091 2163 2151 2216 τδ
2177 2163 2252 2233 μὴ
2275 2162 2532 2233 τοιαύτην
2566 2161 2712 2233 ἔχειν
2741 2162 2839 2232 τὴν
2855 2161 3185 2232 Ἐκκλησίαν
3217 2161 3540 2228 παράδοσιν,
3573 2158 3672 2213 καὶ

2094 2254 2336 2325 μάλιστά
2380 2272 2443 2322 γε
2486 2254 2581 2307 τοῦ
2614 2254 2819 2326 Κυρίου
2874 2255 3010 2325 πρὸς
3040 2254 3133 2306 τὸν
3162 2251 3472 2323 Νικόδημον
3511 2253 3669 2321 εἰρη-

2091 2349 2247 2412 κότος
2279 2348 2319 2380 ¹⁸
2351 2365 2370 2399 ‹
2408 2347 2537 2400 Ἐὰν
2568 2348 2642 2416 μή
2673 2363 2758 2410 τις
2788 2346 3018 2417 γεννηθῇ
3052 2348 3109 2413 ἐξ
3135 2345 3323 2409 ὕδατος
3368 2344 3457 2399 καὶ
3495 2346 3669 2400 Πνεύ·

2096 2457 2285 2511 ματος,
2322 2440 2464 2511 (95δ)
2498 2440 2559 2493 οὐ
2608 2439 2683 2510 μὴ
2716 2439 2930 2511 εἰσέλθῃ
2962 2440 3042 2501 είς
3091 2441 3192 2511 τὴν
3237 2439 3516 2509 βασιλείαν
3559 2438 3671 2491 τῶν

2090 2533 2355 2604 οὐρανῶν.
2398 2553 2416 2585 ι
2451 2532 2671 2587 Τούτων
2700 2534 2880 2586 τοίνυν
2924 2534 3017 2587 καὶ
3067 2534 3270 2606 ἐτέρων
3302 2534 3666 2603 λαληθέντων,

2091 2624 2237 2692 ἔδοξε
2295 2624 2375 2695 τῷ
2431 2626 2571 2696 ἁγίῳ
2625 2626 2887 2694 Διονυσίῳ
2934 2626 3300 2696 βαπτισθῆναι
3342 2627 3528 2689 αὐτὸν,
3572 2630 3669 2679 καὶ

2092 2716 2416 2780 ἀποστείλας
2448 2717 2613 2769 αὑτὸν
2636 2718 2715 2778 είς
2746 2716 2836 2769 τὸν
2856 2716 3133 2787 Ἰορδάνην
3163 2717 3410 2785 ποταμὸν
3443 2716 3671 2769 ἐϐάπτι-

2094 2825 2185 2861 σεν
2210 2826 2223 2839 ·
2264 2809 2354 2861 τδν
2388 2808 2443 2861 δὲ
2474 2808 2926 2879 προϐαπτίσαντα
2959 2808 3122 2861 αὐτὸν
3155 2808 3244 2861 διὰ
3281 2808 3379 2876 τῆς
3413 2806 3667 2879 ψάμμου,

2092 2899 2241 2965 ἄξιον
2289 2900 2451 2953 αὐτὸν
2517 2901 2868 2971 ὑπάρχοντα,
2922 2900 3175 2953 διάκονον
3233 2898 3667 2969 ἐχειροτόνησεν.

2093 2994 2331 3056 Εἰκότως
2383 2993 2476 3046 οὖν
2518 2994 2612 3045 καὶ
2655 2994 2683 3045 ό
2719 2993 2893 3063 μέγας
2933 2992 3238 3062 Γρηγόριος
3272 2991 3673 3061 ἀπαριθμήσας

2091 3086 2159 3139 τὰ
2194 3086 2548 3156 βαπτίσματα
2573 3084 2749 3138 πάντα
2774 3085 2937 3154 φησίν
2956 3084 3026 3116 ¹⁹·
3055 3104 3073 3136 ι
3106 3083 3400 3137 Ἐὁάπτισε
3425 3084 3561 3137 Μωῦ
3573 3084 3674 3151 σῆς

410 3180 467 3233 tit
493 3194 589 3249 per
630 3178 948 3248 martyrium
985 3187 1040 3229 et
1095 3175 1439 3243 sanguinem.
1475 3188 1493 3221 ι
1524 3199 1595 3209 -
1622 3187 1639 3220 ι
1675 3167 1801 3223 Scio
1830 3169 1988 3237 quin-

2093 3177 2253 3248 (ἀλλ’)
2310 3178 2368 3229 ἐν
2436 3175 2609 3241 ὕδατι,
2670 3175 2763 3228 καὶ
2820 3174 2925 3247 πρὸ
2980 3175 3170 3229 τούτου
3217 3177 3276 3228 ἐν
3330 3177 3527 3246 νεφέλῃ
3580 3176 3673 3229 καὶ

409 3282 521 3325 tttm
550 3271 736 3331 etiam,
768 3270 1151 3337 lacrymarutn.
1199 3283 1217 3315 ι
1262 3262 1455 3316 Μιτίίο
1488 3262 1654 3332 igitur
1700 3269 1753 3314 et
1789 3275 1982 3315 conve-

409 3361 753 3416 nientissime
811 3359 914 3411 boc
957 3359 1218 3425 baptisma
1262 3370 1367 3408 non
1425 3353 1802 3408 admittebant.
1856 3352 1989 3417 Quis

408 3456 558 3510 enim
582 3462 714 3507 tunc
734 3449 1051 3518 baptizavit,
1072 3456 1126 3501 ιιι
1151 3448 1364 3500 ﬁrmum
1384 3455 1438 3500 et
1458 3446 1702 3500 divinum
1721 3446 1990 3514 baptisma

408 3544 748 3603 sanciretur?
776 3540 1007 3597 Ubinam
1065 3548 1193 3595 sunt
1241 3554 1385 3593 nunc
1416 3538 1661 3592 dicentes
1702 3537 1989 3592 saeculares

407 3639 671 3710 quosdam
700 3645 754 3691 et
784 3633 1039 3689 mulieres
1071 3631 1365 3701 aliquando
1387 3631 1714 3700 baptizassc,
1752 3631 1990 3685 necessi-

410 3741 518 3788 tate
547 3737 800 3799 cogente,
840 3726 989 3781 nullo
1038 3733 1303 3795 praesente
1344 3722 1650 3785 sacerdote,
1705 3724 1855 3778 etde
1888 3724 1987 3777 ba-

408 3827 608 3897 ptismo
639 3822 824 3879 divino
879 3829 933 3875 et
972 3817 1215 3890 perfecto
1262 3834 1387 3873 cum
1449 3816 1792 3887 praesbytcris
1855 3816 1991 3886 ipsis

408 3917 825 3981 contendentes,
884 3925 979 3967 aut
1030 3912 1213 3982 potius
1262 3910 1599 3965 insanientes
1646 3918 1700 3963 et
1740 3908 1991 3978 blasphe-

412 4023 624 4066 tnantes
667 4011 735 4063 ob
784 4021 1036 4078 magnam
1091 4003 1457 4076 ignorantiam
1499 4011 1554 4056 et
1607 4002 1989 4071 pertinaciam,

411 4120 620 4159 sacram
656 4102 1030 4173 apostolorum
1061 4098 1404 4169 disciplinam
1429 4106 1481 4152 et
1512 4104 1842 4166 przeceptum
1880 4109 1988 4148 non

408 4199 693 4253 audientes
744 4196 1020 4253 dicentia;
1058 4215 1075 4247 ι
1113 4193 1233 4248 Non
1272 4192 1639 4263 permittimus
1700 4190 1841 4245 laico
1893 4189 1992 4243 ali-

410 4293 555 4361 quod
601 4291 943 4346 sacerdotale
1003 4304 1202 4343 munus
1254 4302 1532 4350 exercere,
1587 4296 1644 4339 ut
1700 4284 1987 4348 sacrificia,

410 4396 503 4441 aut
528 4387 816 4454 baptisma,
854 4394 947 4439 aut
985 4398 1249 4437 manuum
1302 4381 1731 4452 impositionent,
1762 4390 1859 4434 aut
1893 4381 1989 4434 be-

412 4480 775 4534 nedictionem
849 4482 963 4533 sive
1020 4492 1264 4548 parvam,
1323 4476 1438 4530 sive
1506 4490 1784 4542 magnam;
1830 4493 1848 4524 ι
1913 4481 1987 4537 et,

2097 3266 2198 3336 (ὲν)
2251 3266 2297 3296 ⁸ο
2355 3264 2619 3336 θαλάσσῃ.
2682 3283 2702 3317 ι
2745 3294 2813 3304 --
2870 3283 2887 3314 ι
2938 3265 3236 3318 Ἐὅάπτισε
3266 3269 3359 3319 καὶ
3390 3267 3670 3338 Ἰωάννης,

2094 3360 2275 3413 οὐκέτι
2311 3361 2409 3429 μὲν
2439 3358 2725 3422 ίουδαῖκῶς
2749 3375 2763 3391 ·
2795 3360 2855 3411 ού
2888 3360 2996 3429 γὰρ
3036 3361 3094 3412 ὲν
3128 3360 3279 3413 ὕδατι
3319 3360 3505 3430 μόνον,
3539 3360 3677 3414 ἀλλά

2093 3453 2188 3506 καὶ
2222 3454 2300 3515 είς
2354 3454 2669 3523 μετάνοιαν.
2725 3471 2743 3503 ι
2786 3482 2851 3495 -—
2905 3471 2923 3505 ‹
2980 3454 3241 3518 Βαπτίζει
3295 3456 3389 3507 καὶ
3440 3454 3673 3525 Ἰησοῦς.

2095 3546 2209 3599 ἀλλ’
2241 3547 2298 3599 ἐν
2335 3545 2646 3616 Πνεύματι·
2694 3545 2854 3599 τοῦτο
2889 3547 2921 3616 ἡ
2977 3545 3275 3617 τελειότης.
3324 3564 3342 3597 ι
3377 3576 3446 3586 -
3482 3566 3501 3597 ι
3544 3543 3678 3600 Οἶδα

2093 3638 2149 3690 δὲ
2189 3639 2278 3691 καὶ
2330 3639 2591 3708 τέταρτον
2638 3637 2943 3708 βάπτισμα,
2977 3638 3038 3690 τὸ
3076 3639 3163 3692 διά
3224 3639 3532 3709 μαρτυρίου
3579 3640 3675 3692 καὶ.

2094 3730 2326 3795 αἵματος
2350 3746 2362 3759 ·
2398 3747 2416 3779 ι
2456 3758 2493 3767 -
2527 3748 2544 3780 ι
2581 3724 2696 3781 οἶδα
2722 3730 2814 3781 καὶ
2839 3734 2878 3779 ε’
2902 3727 3049 3799 (ἔτι),
3083 3729 3141 3780 τὸ
3171 3728 3255 3781 διὰ
3279 3729 3615 3797 δακρύωνη.
3650 3746 3667 3779 ι

2093 3820 2376 3873 -Ούκοῦν
2409 3821 2570 3891 357
2618 3821 2843 3883 δικαίως
2877 3822 2938 3874 ού
2999 3821 3371 3891 παρεδέξαντο
3419 3823 3516 3875 καὶ
3550 3822 3674 3876 λίαν

2094 3914 2368 3985 ἁρμοδίως
2404 3917 2581 3967 ἐκεῖνο
2626 3915 2686 3967 τὸ
2724 3915 3030 3986 βάπτισμα.
3059 3916 3241 3985 (Ποῖον
3286 3918 3396 3985 γάρ
3438 3915 3673 3971 ἐνταῦθα

2094 4008 2447 4072 ἐόαπτίσατο,
2479 4008 2565 4061 ἵνα
2592 4007 2667 4070 ὡς
2698 4007 2917 4077 βέϐαιον
2956 4009 3047 4062 καὶ
3081 4008 3224 4061 θεῖον
3268 4010 3527 4080 κυρωθῇ;
3565 4008 3673 4061 Ποῦ

2095 4101 2188 4153 νῦν
2213 4102 2351 4152 εἰσιν
2385 4100 2433 4151 οἱ
2462 4100 2760 4170 κοσμικούς
2790 4116 2940 4163 τινας
2978 4101 3070 4153 καὶ
3103 4104 3368 4169 γυναῖκας
3419 4102 3672 4168 λέγοντες

2097 4191 2359 4262 βαπτίσαι
2411 4190 2541 4242 ποτὲ
2600 4190 2740 4243 κατά
2794 4190 3137 4259 περίστασιν,
3170 4190 3243 4259 μὴ
3286 4190 3554 4259 παρόντος
3597 4191 3673 4242 ic-

2100 4290 2258 4360 ρέως,
2288 4290 2383 4343 καὶ
2422 4290 2502 4343 είς
2565 4288 2849 4357 βάπτισμα
2902 4286 3045 4338 θεῖον
3093 4286 3185 4339 καὶ
3238 4286 3440 4338 τέλειον
3490 4287 3678 4346 αὐτοῖς

2097 4380 2550 4450 φιλονεικοῦντες,
2617 4378 2819 4445 μᾶλλον
2878 4377 2937 4429 δὲ
3016 4376 3501 4447 τερατολογοῦντες
3585 4380 3680 4429 καὶ

2102 4472 2553 4545 βλασφημοῦντες
2577 4474 2641 4525 ἐκ
2672 4471 2870 4541 πολλῆς
2911 4470 3188 4538 ἀγνωσίας
3224 4470 3320 4524 καὶ
3360 4470 3679 4532 αὐθαδείας,

416 4590 435 4623 ι
476 4570 645 4625 Nemo
689 4574 923 4626 assumit
970 4572 1075 4625 sibi
1106 4571 1420 4638 “honorem,
1454 4568 1547 4623 sed
1579 4568 1671 4637 qui
1709 4576 1931 4622 vocatur
1961 4582 1990 4620 a

2102 4567 2237 4638 μηδὲ
2284 4566 2383 4636 τῆς
2432 4566 2584 4636 ἱερᾶς
2634 4564 2743 4616 τῶν
2804 4563 3118 4616 ἀποστόλων
3173 4562 3525 4625 διδασκαλίας
3584 4566 3683 4615 καὶ

414 4660 565 4728 Deo;
611 4664 812 4717 ctenim
872 4677 967 4732 per
1008 4661 1415 4730 itnpositionem
1466 4674 1726 4713 manuum
1754 4657 1993 4728 episcopi

413 4756 574 4809 datur
628 4755 745 4809 btec
794 4755 1051 4823 dignitas.
1086 4753 1137 4807 ls
1167 4763 1347 4806 autem
1392 4753 1480 4805 cui
1529 4753 1643 4819 ipsa
1687 4767 1794 4806 non
1850 4765 1997 4805 com-

414 4848 582 4901 missa
621 4846 803 4909 fuerit,
834 4846 926 4899 sed
958 4844 1051 4914 qui
1086 4844 1326 4912 rapuerit
1356 4853 1411 4896 et
1448 4842 1549 4895 sibi
1578 4858 1697 4895 eam
1747 4842 1997 4911 subjece-

412 4940 503 5003 rit,
559 4946 841 5008 peccatum
884 4946 937 4990 et
967 4949 1179 5004 pmuam
1209 4933 1385 4987 Saulis
1416 4940 1468 4987 et
1500 4931 1643 4986 Oziae.
1672 4934 1929 4985 incurret.
1970 4951 1988 4983 ι

413 5028 764 5099 Nequaquam
828 5044 980 5091 sane,
1020 5046 1037 5077 ι
1075 5027 1167 5080 sed
1195 5041 1261 5079 ne
1294 5024 1508 5079 ctcteris
1538 5024 1757 5093 quidem
1782 5024 1995 5078 clericis

414 5122 691 5191 baptizare
726 5121 1114 5191 permittimus,
1158 5116 1406 5171 diaconis
1438 5117 1647 5171 scilicet
1686 5124 1779 5169 aut
1826 5116 1995 5171 lecto-

416 5217 587 5279 ribus,
625 5227 715 5271 aut
749 5215 1086 5277 cautmibus,
1130 5221 1222 5267 aut
1259 5212 1547 5275 ministris,
1592 5211 1684 5265 scd
1714 5210 1845 5265 solis
1880 5210 1997 5279 epi—

414 5311 595 5380 ερονίε
628 5322 682 5366 et
722 5310 1083 5383 presbyteris,
1118 5306 1562 5363 ministrantibus
1602 5306 1681 5359 eis
1729 5304 1995 5360 diaconis.

2098 4660 2477 4732 παραγγελίας
2535 4656 2822 4719 ἀκούοντες
2882 4657 2979 4726 τῆς
3034 4656 3301 4727 λέγουσης
3354 4658 3427 4687 ⁸⁸·
3489 4674 3508 4707 r
3564 4657 3685 4709 Ούκ

2098 4751 2468 4821 ἐπιτρέπομεν
2514 4748 2701 4801 λαῖκὸν
2736 4749 2909 4799 ποιεῖν
2952 4762 3005 4798 τι
3058 4745 3167 4799 τῶν
3223 4745 3537 4815 ίερατικῶν,
3569 4740 3685 4797 οῗον

2099 4840 2311 4902 θυσίας,
2372 4839 2405 4909 ἢ
2462 4837 2768 4907 βάπτισμα,
2832 4835 2863 4906 ἦ
2918 4836 3282 4907 χειροθεσίαν,
3335 4835 3367 4906 ἢ
3430 4834 3688 4903 εὐλογίαν

2103 4934 2306 5005 μικρὰν
2347 4933 2378 5003 ἢ
2415 4932 2658 5001 μεγάλην
2685 4946 2697 4959 '
2739 4952 2754 4979 ι
2793 4929 2919 4983 καῖ’
2966 4948 2983 4980 ι
3033 4930 3143 4998 Οὐχ
3180 4928 3361 4996 ἑαυτῷ
3407 4946 3491 4990 τις
3538 4929 3687 4995 λαμ.

2100 5028 2251 5081 δάνει
2298 5026 2397 5096 τὴν
2445 5026 2633 5093 τιμὴν,
2690 5024 2823 5076 ἀλλὰ
2858 5021 3189 5090 καλούμενος
3239 5022 3344 5072 ὑπὸ
3376 5020 3513 5072 Θεοῦ
3540 5036 3553 5048 ·
3585 5021 3676 5074 διὰ

2099 5120 2208 5190 γὰρ
2273 5119 2371 5188 τῆς
2432 5117 2729 5179 ἐπιθέσεως
2788 5117 2898 5169 τῶν
2956 5115 3158 5184 χειρῶν
3224 5114 3319 5165 τοῦ
3370 5116 3681 5166 ἐπισκόπου

2098 5212 2296 5265 δίδοται
2338 5213 2371 5283 ἡ
2406 5210 2632 5281 τοιαύτη
2677 5209 2825 5273 ἀξία.
2864 5210 2923 5261 '0
2952 5209 3007 5261 δὲ
3041 5208 3115 5279 μὴ
3148 5209 3516 5279 ἐγχειρισθεὶς
3548 5208 3684 5260 ταύ-

2098 5324 2220 5376 την,
2254 5305 2367 5358 ἀλλ’
2404 5304 2661 5375 ἀρπάσας
2710 5304 2802 5356 καὶ
2854 5302 3199 5372 τυραννήσας
3252 5302 3426 5371 αὐτὴν
3477 5300 3685 5370 ἐαυτῷ,

1605 5469 1807 5533 Varia)
1831 5469 2140 5533 lectiones
2188 5476 2247 5533 et
2292 5477 2483 5532 notae.

486 5612 531 5643 “
552 5618 857 5685 γενομένων
871 5620 895 5671 ?

413 5686 572 5739 atina
619 5687 895 5738 Διονυσίου

416 5761 459 5787 ³⁹
490 5754 585 5810 Or.
614 5756 705 5818 59,
742 5756 845 5825 ϋῦᾴ
872 5757 933 5825 C._
960 5754 1147 5825 ⁷Α²ξῗτῇ
1178 5754 1301 5810 add.
1330 5754 1451 5809 t‘Otl.

1000 5623 1041 5654 ⁸⁸
1070 5622 1293 5693 ἐπέχεεν
1361 5618 1453 5671 ἐπὶ
1483 5618 1579 5693 τῂν
1645 5619 1887 5693 κεφαλὴν
1936 5620 2118 5690 τρίτον
2175 5618 2348 5693 λέγων
2410 5615 2539 5669 Ced.

946 5684 1245 5759 γενομένης
1287 5693 1424 5759 περὶ
1445 5684 1636 5759 τούτου
1668 5684 1799 5741 ρέα.
1964 5684 1991 5741 ὃ

2096 5684 2362 5758 ησάμενοι
2413 5715 2486 5727 -
2544 5684 2994 5759 ἐκθαμὸῄσαντες
3053 5684 3173 5759 cod.

2648 5616 2690 5647 ¹⁶
2718 5613 2824 5668 οιὖῖ
2920 5617 2963 5649 ¹⁴¹
2999 5616 3347 5690 συζητήσεως
3394 5620 3548 5686 παρά
3594 5620 3700 5675 τ’,ὖ

2648 5686 2994 5745 αμὸήσαντες
3053 5690 3173 5745 cod.
3256 5689 3298 5721 ³⁸
3328 5686 3485 5742 Joan.
3519 5706 3603 5745 ιιι.
3636 5694 3699 5745 5.

1531 5757 1573 5787 ³⁸
1626 5759 1704 5809 ‘U.
1746 5760 1839 5811 καί
1875 5758 1969 5813 Gr.

2118 5756 2178 5813 Bé
2214 5756 2340 5812 rod.
2376 5765 2414 5809 ε’
2440 5758 2517 5808 ἔτι
2541 5756 2647 5809 τῶν
2677 5760 2724 5810 ὃ.
2750 5756 2844 5812 Gr.
2875 5764 2911 5810 ε’
2944 5758 3001 5810 τὸ
3024 5757 3130 5811 τῶν
3150 5760 3198 5814 δ.
3229 5760 3357 5816 Ced.
3438 5759 3482 5789 "
3515 5760 3693 5815 Τοῦτο

416 5827 634 5897 εἴρηται
686 5828 744 5876 ἐν
774 5822 848 5890 τῷ
887 5822 933 5888 γ’
971 5822 1160 5892 βιϐλίῳ
1194 5827 1301 5877 τῶν
1328 5824 1704 5877 ἀποστολικῷν
1741 5830 2071 5896 Διατάξεων.
2118 5834 2174 5886 ίὲΔ
2214 5832 2277 5886 lU
2308 5842 2357 5886 ct
2396 5830 2480 5884 ll.
