4050 6224
387 406 467 469 613
1517 413 1613 473 CII
1625 414 1903 474 IiONlCO

2019 438 2089 450 --
2130 416 2272 473 LIB.
2319 416 2417 475 ιν.

3499 422 3609 489 614

385 522 459 577 τοῦ
504 519 987 590 στεφανώσαντες,
1047 521 1147 591 τὴν
1203 522 1333 594 περὶ
1382 524 1449 576 τὰ
1500 523 1619 576 θεῖα
1684 525 1903 594 σπουδὴ·

2002 582 2003 585 η
2032 524 2445 595 nimitatemque
2476 540 2757 581 sermones
2789 528 3015 595 habens,
3050 531 3248 586 multos
3274 543 3323 588 et
3356 536 3531 591 verbis
3552 548 3609 594 ct

383 612 624 682 εὐλογίαις
660 612 970 682 ἠμείψαντο
1000 615 1068 670 ⁸⁷.
1102 616 1161 669 '0
1209 616 1267 669 δὲ
1318 618 1448 677 τούς
1493 621 1623 688 περὶ
1653 618 1754 689 τὴν
1792 618 1923 689 ὁμό-

383 705 559 761 νοιαν⁹⁸
588 706 684 759 καὶ
712 707 1034 776 συμφωνίαν
1057 708 1426 777 προσαγαγὼν
1455 709 1670 777 λόγους,
1692 710 1923 773 πολλοὺς

384 798 461 869 μιν
483 797 902 866 ἑσωφρονήσατο
926 798 971 829 ⁸⁸
994 800 1092 852 καὶ
1117 798 1297 866 λόγοις
1320 800 1418 852 καὶ
1449 799 1646 872 δώροις
1668 816 1683 831 °
1719 802 1922 865 πολλὰς

378 886 459 960 [δι]
504 886 763 951 πιῦάδας
802 888 1229 961 εὐτρεπισθῆναι
1271 893 1287 923 ⁸
1333 894 1673 963 προστάξας,
1712 896 1808 947 ἐπὶ
1853 896 1915 948 τὸ

378 980 483 1034 αὐτὸ
530 980 748 1043 πάντας
806 980 1027 1034 ἐστίασε
1080 984 1141 1015 ⁸ο
1194 984 1321 1047 τοὺς
1369 986 1469 1054 μὲν
1527 985 1868 1056 ἀξιωτέρους
1899 987 1920 1018 ³

376 1072 754 1143 ὁμοτραπέζους
789 1072 991 1138 λαὸὼν,
1021 1074 1147 1139 τοὺς
1177 1075 1233 1129 δὲ
1264 1076 1482 1139 λοιποὺς
1508 1080 1589 1141 εἰς
1618 1079 1720 1142 τὰς
1752 1080 1920 1144 ἄλλας

377 1165 618 1236 τραπέζας
648 1164 869 1219 διεῖλεν.

439 1256 505 1325 (ι)
526 1254 868 1324 Θεασάμενος
901 1257 959 1309 δέ
1002 1273 1157 1321 τινας
1189 1260 1320 1323 τοὺς
1348 1258 1561 1325 δεξιοὺς
1596 1262 1917 1333 ὀφθαλμοὺς

380 1347 783 1415 ὶκκεκομμένους
818 1346 839 1377 ⁸
865 1348 959 1399 καὶ
1010 1348 1198 1417 μαθὼν
1230 1350 1305 1413 ὡς
1351 1351 1456 1403 ὑπὸ
1499 1353 1519 1384 ⁸
1566 1353 1913 1424 Μαξιμιανοῢ

370 1436 449 1490 καὶ
491 1436 874 1508 Διοκλητιανοῦ
916 1439 936 1469 ⁸
979 1437 1070 1493 διὰ
1112 1439 1212 1510 τὴν
1256 1441 1337 1505 είς
1375 1443 1614 1514 Χριστὸν
1660 1447 1680 1477 ⁷
1728 1447 1913 1502 πίστιν

364 1529 445 1582 καὶ
500 1529 794 1598 ὁμολογίαν
852 1528 1013 1583 τοῦτο
1074 1530 1399 1598 πεπόνθασι,
1462 1534 1529 1588 τὰ
1574 1535 1740 1607 ’χείλη
1796 1540 1914 1602 τοῖς

357 1621 614 1692 τραύμασι
664 1624 1031 1694 προσενήνοχι
1084 1626 1599 1697 κατασπαζόμενος,
1657 1631 1911 1686 ἑλκύσειν

354 1712 546 1766 ικεῐθεν
575 1714 829 1782 εὐλογίαν
856 1715 938 1786 τῷ
961 1715 1228 1787 φιλήματι
1252 1720 1547 1774 πιστεύων.
1567 1720 1758 1786 Οῦτως
1788 1724 1809 1757 ⁸
1839 1719 1910 1794 ἦν

352 1804 376 1856 6
408 1802 706 1873 θαυμάσιος
752 1806 959 1868 ἐκεῖνος
987 1806 1130 1878 ἀνὴρ
1159 1806 1419 1880 εὐλαϐείᾳ
1466 1810 1562 1863 καὶ
1590 1810 1776 1866 πίστει
1814 1816 1909 1867 καὶ

347 1897 779 1966 μετριοφροσύνῃ
811 1897 1322 1971 λελαμπρυσμένος.

408 1988 428 2019 ⁹
461 1986 536 2057 (5)
559 1988 636 2057 Τῇ
661 1988 717 2041 δὲ
744 1988 1005 2060 ἐπαύριον
1034 1995 1085 2045 οἱ
1117 1993 1414 2049 ἐπίσκοποι
1453 1996 1550 2049 καὶ
1584 1998 1612 2051 6
1645 1996 1907 2067 βασιλεὺς

336 2080 413 2141 εἰς
442 2078 539 2133 ινα
574 2080 742 2134 τόπον
769 2081 1118 2148 συνελθόντες
1153 2084 1377 2139 καλοῦσι
1422 2086 1513 2139 τὸν
1547 2088 1769 2158 Ἀρειον
1808 2091 1908 2143 σὺν

333 2172 443 2234 τοῖς
471 2171 773 2241 ὀμόφροσιν
798 2173 966 2227 αὐτοῦ
993 2176 1077 2239 είς
1109 2175 1209 2247 τὴν
1240 2175 1480 2243 σύνοδον,
1514 2179 1905 2248 ἐπιτρέποντες

332 2268 481 2340 αὐτῷ
519 2271 780 2340 συστῆναι
821 2277 935 2337 τοῖς
979 2275 1199 2340 οἰκείοις
1237 2277 1521 2349 δόγμασιν.
1559 2274 1669 2331 Ἦν
1721 2277 1778 2331 δὲ
1834 2279 1905 2330 τὰ

327 2360 577 2430 δόγματα
636 2363 730 2416 τοῦ
800 2364 1034 2428 ἀσεϐοῦς
1094 2366 1137 2398 ¹⁶
1197 2368 1293 2419 καὶ¹
1358 2368 1800 2439 τρισκαταράτου
1859 2368 1900 2399 ¹¹

320 2452 553 2506 τοιαῦτα
575 2471 590 2485 ·
628 2474 645 2505 ι
679 2457 789 2509 Οὐκ
827 2457 913 2510 ἀεὶ
936 2459 964 2510 6
994 2459 1127 2521 Θεὸς
1156 2460 1347 2530 Πατὴρ
1374 2456 1463 2531 ἦν,
1499 2461 1613 2512 ἀλλ’
1637 2457 1705 2531 ἦν
1735 2462 1824 2514 ὅτε
1873 2463 1902 2514 6

317 2540 458 2600 Θεὸς
505 2542 695 2614 Πατὴρ
727 2545 827 2597 οὐκ
860 2540 928 2616 ἧν
955 2561 969 2577 ·
1010 2549 1110 2601 οὐκ
1154 2549 1242 2602 ἀεὶ
1283 2550 1339 2603 δὲ
1386 2552 1427 2581 "
1460 2546 1528 2622 ἦν
1562 2553 1590 2604 6
1640 2551 1733 2604 τοῦ
1764 2550 1900 2604 Θεοῦ

316 2632 524 2701 Λόγος,
567 2635 682 2688 ἀλλ’
718 2636 774 2703 ἐξ
823 2638 924 2691 οὐκ
974 2639 1153 2710 (107⁸)
1202 2642 1371 2695 ὄντων
1416 2643 1672 2711 γέγονεν·
1721 2645 1750 2696 ό
1793 2643 1902 2715 γὰρ

311 2723 391 2775 ὢν
428 2724 571 2789 θεὸς
594 2728 685 2779 τὸν
715 2729 790 2799 μὴ
815 2729 943 2783 ὄντα
972 2732 1034 2783 ἐκ
1062 2731 1156 2784 τοῦ
1202 2735 1276 2804 μὴ
1309 2733 1459 2797 ὄντος
1488 2734 1790 2805 πεποίηκε·
1820 2736 1903 2789 διὸ

308 2817 377 2888 ἦν
409 2819 573 2883 ποτὲ,
612 2820 699 2871 ὅτε
747 2822 846 2874 οὐκ
894 2822 1057 2893 nos
1099 2820 1203 2893 ἦν’
1253 2825 1455 2894 κτίσμα
1499 2827 1609 2893 γάρ
1659 2828 1902 2881 ἐστικαὶ

306 2906 540 2976 ποίημα
578 2909 605 2960 6
641 2909 802 2971 Υίός⁸
839 2909 966 2964 οὔτε
1023 2913 1078 2965 δὲ
1124 2914 1305 2983 ὅμοιός
1350 2917 1497 2968 ὲστιν
1544 2919 1571 2969 6
1606 2916 1730 2980 Υἱὸς
1780 2918 1900 2970 κατ’

300 3000 513 3053 οὐσίαν
551 3000 628 3072 τῷ
663 3001 705 3033 ¹³
738 3004 933 3074 Πατρὶ,
960 3003 1084 3058 οὔτε
1117 3005 1181 3077 δὴ
1225 3007 1267 3038 ’⁸
1300 3005 1579 3079 [ἀληθινὸς
1612 3010 1708 3063 καὶ
1738 3009 1900 3078 φύσει

297 3095 403 3146 τοῦ
482 3096 697 3164 Πατρδς
724 3098 895 3165 Λόγος
950 3099 1118 3164 ἐστὶν,
1164 3098 1310 3171 οὔτε]
1355 3101 1397 3132 ³⁵
1446 3101 1672 3173 ἀληθινὴ
1736 3103 1898 3171 σοφία

295 3185 488 3238 αὐτοῦ
523 3188 677 3239 ἐστιν
700 3203 715 3218 '
748 3187 865 3241 ἀλλ’
896 3184 978 3252 εἷς
1017 3190 1117 3259 μὲν
1148 3192 1256 3243 τῶν
1288 3193 1611 3263 ποιημάτων
1640 3195 1733 3247 καὶ⁸
1771 3212 1897 3263 γεν-
1925 3231 1968 3289 C

295 3276 478 3345 νητός
513 3278 558 3309 ¹⁶
594 3280 733 3346 ἐστι,
766 3283 1219 3352 καταχρηστικῶς
1244 3283 1301 3336 δὲ
1339 3284 1559 3351 λέγεται
1590 3286 1762 3354 Λόγος
1802 3290 1898 3341 καὶ

294 3371 489 3440 Σοφία
522 3371 842 3443 [γενόμενος
873 3376 968 3427 καὶ
1002 3374 1167 3437 αὐτὸς
1196 3375 1278 3445 τῷ
1308 3376 1423 3446 ίδίῳ
1449 3377 1543 3429 τοῦ
1568 3377 1705 3430 Θεοῦ
1739 3380 1898 3450 Λόγῳ

294 3464 397 3515 καὶ
424 3467 493 3516 ἐν
528 3462 611 3531 τῷ
648 3463 767 3535 Θεῴ
793 3464 1000 3537 coepta],
1024 3467 1082 3519 ὲν
1169 3469 1262 3521 καὶ
1286 3470 1355 3520 τὰ
1392 3469 1571 3523 πάντα
1602 3470 1695 3523 καὶ
1733 3471 1897 3524 αὐτὸν

292 3556 621 3627 πεποίηκεν
658 3559 687 3609 6
734 3558 905 3620 Θεόςο
935 3560 1015 3613 διὸ
1064 3561 1159 3613 καὶ
1208 3563 1441 3631 τρεπτός
1496 3563 1612 3616 ἐστι
1655 3564 1751 3616 καὶ
1803 3564 1897 3616 ἀλ·

289 3648 536 3711 λοιωτὸς
566 3648 667 3720 τὴν
711 3650 873 3717 φύσιν
899 3652 962 3719 ⁸⁷,
1005 3652 1080 3715 ὡς
1113 3654 1208 3706 καὶ
1243 3654 1424 3707 πάντα
1448 3656 1516 3708 τὰ
1543 3655 1738 3724 λογικὰ
1763 3667 1781 3688 ⁸
1808 3653 1896 3721 ξέ-

291 3758 388 3803 νος
425 3758 498 3795 τε
530 3743 629 3795 καὶ
668 3743 951 3813 ἀλλότριος
1002 3745 1099 3799 καὶ
1131 3748 1623 3819 ἀπεσχοινισμένος
1675 3749 1825 3801 ἐστὶν
1866 3750 1894 3801 6

286 3832 484 3901 Λόγος
516 3833 621 3903 τῆς
670 3834 806 3907 (τοῦ)
851 3834 987 3888 Θεοῦ
1036 3836 1247 3903 οὐσίας,
1286 3838 1379 3890 καὶ
1420 3838 1650 3908 ἀόρατός
1696 3838 1891 3911 (ἐστιν)

284 3923 315 3975 6
370 3925 583 3995 Πατὴρ
630 3924 708 3995 τῷ
738 3924 883 3996 Υίῷ·
933 3924 1055 3979 οὔτε
1089 3927 1199 3998 γὰρ
1245 3929 1470 3992 τελείως
1500 3933 1596 3983 καὶ
1643 3930 1889 4000 ἀκριϐῶς

282 4017 577 4084 γινώσκει
607 4021 635 4072 6
662 4020 837 4087 Λόγος
876 4018 968 4071 τὸν
996 4020 1240 4090 Πατέρα,
1271 4020 1395 4075 οὔτε
1431 4022 1653 4086 τελείως
1686 4025 1818 4095 όρᾷν
1846 4024 1891 4055 ¹⁸

284 4108 475 4161 αὐτὸν
530 4108 797 4162 δύναται’
835 4111 930 4163 καὶ
968 4110 1078 4181 γὰρ
1131 4110 1328 4165 ἑαυτοῦ
1392 4113 1492 4183 τὴν
1553 4113 1741 4167 οὐσίαν
1787 4114 1889 4168 οὐκ

285 4194 404 4251 εἶδε
445 4201 538 4232 ³⁸·
581 4201 649 4253 δι’
699 4202 847 4270 ἡμᾶς
889 4200 996 4271 γὰρ
1044 4201 1360 4273 πεποίηται,
1393 4204 1482 4256 ἵνα
1521 4204 1567 4235 ’⁸
1617 4205 1766 4273 ἡμᾶς
1818 4204 1888 4258 δι’

282 4289 475 4343 αὐτοῦ
510 4289 585 4354 ὡς
634 4290 702 4344 δι’
753 4291 990 4362 ὀργάνου
1052 4292 1214 4366 κτίσῃ
1261 4296 1289 4347 6
1323 4293 1492 4357 Θεός·
1526 4294 1623 4350 καὶ
1677 4296 1777 4349 οὐκ
1820 4295 1888 4350 ἂν

282 4380 545 4453 ὑπέστη,
606 4382 656 4435 εί
709 4383 785 4454 μὴ
839 4383 987 4453 ἡμᾶς
1037 4384 1302 4455 ἠθέλησεν
1362 4386 1391 4438 6
1449 4384 1583 4447 Θεὸς
1636 4385 1884 4456 ποιῆσαι.

294 4475 641 4549 Ἦρώτησεν
670 4475 764 4532 οὖν
794 4496 879 4541 τις
913 4479 1135 4545 αὐτοὺς,
1161 4482 1210 4533 εί
1254 4479 1482 4533 δύναται
1532 4481 1560 4532 6
1609 4478 1701 4532 τοῦ
1750 4477 1884 4531 Θεοῦ

1936 1876 1985 1936 Β

2025 614 2184 669 donis
2261 617 2327 669 ad
2359 617 2644 686 sapientia:
2701 633 2969 673 normam.
3026 620 3330 690 Mnltosque
3370 625 3606 685 lectulos

2028 720 2151 760 cum
2194 709 2360 761 sterni
2412 710 2873 778 praescripsisset,
2930 710 3127 766 ibidetn
3182 729 3373 771 omnes
3444 719 3606 786 epulo

2023 800 2289 851 recreavit
2320 815 2334 852 :
2371 801 2648 869 digniores
2677 802 2895 870 quidem
2947 819 3061 858 sua:
3082 806 3372 876 participes
3403 824 3607 866 mensa:

2022 890 2291 957 sumpsit;
2342 899 2567 948 caeteros
2610 902 2796 949 autem
2843 894 2911 949 ad
2958 895 3094 951 alias
3142 912 3361 955 mensas
3386 900 3604 970 disper-

2023 981 2152 1035 titus
2179 990 2280 1036 est.

2093 1254 2294 1311 Videns
2325 1267 2504 1314 autem
2532 1260 2797 1330 quosdam
2825 1262 3067 1319 dexteris
3095 1279 3269 1322 oeuns
3300 1268 3520 1328 orbatos
3548 1285 3605 1329 et

2016 1348 2237 1417 cognito
2280 1350 2400 1405 illos
2434 1366 2463 1406 a
2512 1350 2841 1409 Maximiano
2894 1368 2948 1411 et
2993 1357 3328 1414 Diocletiano
3378 1372 3601 1433 propter

2015 1439 2174 1494 tidem
2205 1440 2258 1495 in
2278 1441 2556 1498 Christum
2589 1454 2643 1499 et
2671 1444 3072 1503 confessionem
3104 1450 3206 1504 hoc
3227 1467 3350 1507 esse
3382 1468 3597 1521 passos,

2013 1539 2077 1580 ex
2109 1527 2293 1582 animo
2336 1530 2702 1599 complectens
2751 1533 2893 1589 labia
2932 1535 3279 1593 cicatricibus
3313 1540 3555 1597 admovit
3581 1582 3597 1607 ,

2012 1616 2207 1671 exinde
2259 1619 2693 1677 benedictionem
2743 1626 2936 1681 osculo
2979 1628 3178 1684 elicere
3230 1631 3476 1688 credens.
3508 1632 3601 1690 Sic

2012 1705 2102 1760 ille
2131 1708 2398 1768 mirabilis
2434 1713 2515 1767 vir
2547 1715 2767 1783 pietate,
2792 1716 2893 1771 ﬁde
2921 1732 2985 1771 ac
3014 1721 3282 1777 modestia
3315 1725 3451 1781 mire
3470 1741 3602 1795 prae.

2012 1795 2246 1853 lucebat.

2084 1984 2351 2043 Postridie
2404 1990 2644 2062 episcopi
2700 2009 2823 2048 cum
2871 2011 2995 2065 rege
3043 1998 3098 2052 in
3170 2016 3339 2055 unum
3396 2018 3597 2060 conre-

2012 2076 2221 2133 nicntes
2247 2119 2262 2142 ,
2290 2080 2483 2135 Arium
2537 2097 2662 2137 cum
2709 2087 3038 2155 sequacibus
3077 2089 3197 2157 ejus
3239 2095 3293 2146 in
3324 2093 3592 2162 synodum

2010 2179 2245 2234 vocant,
2279 2171 2326 2225 ei
2378 2172 2690 2229 facultatem
2753 2178 3055 2234 tribuentes
3101 2196 3201 2237 sua
3261 2186 3593 2252 producendi

2008 2255 2283 2327 dogmata.
2329 2260 2494 2317 Erant
2540 2274 2721 2319 autem
2772 2267 2939 2337 hujus
2993 2270 3143 2339 impii
3190 2281 3380 2342 terque
3431 2291 3594 2332 exsc-

2007 2352 2194 2406 crandi
2244 2352 2367 2406 talia
2420 2355 2724 2425 dogmata:
2777 2376 2793 2409 ι
2850 2358 2996 2417 Deus
3048 2363 3195 2418 haud
3238 2380 3455 2436 semper
3493 2368 3595 2425 fuit

2004 2441 2187 2509 Pater,
2229 2448 2322 2501 sed
2357 2458 2568 2517 tempus
2597 2450 2714 2515 fuit,
2745 2467 2871 2506 cum
2907 2452 3051 2510 Deus
3090 2471 3197 2511 non
3231 2471 3381 2514 esset
3410 2457 3589 2518 Pater.

2008 2533 2246 2591 Verbum
2278 2548 2461 2593 autem
2496 2541 2587 2595 Dei
2624 2558 2730 2597 non
2765 2558 2984 2612 semper
3011 2545 3115 2599 fuit
3139 2588 3153 2613 ,
3192 2549 3284 2603 sed
3317 2565 3384 2604 ex
3418 2552 3593 2607 nihilo

2006 2625 2208 2682 factum
2255 2638 2367 2685 est.
2432 2631 2573 2685 Deus
2617 2635 2761 2687 enim
2817 2635 2911 2703 qui
2961 2646 3113 2701 erat,
3149 2638 3301 2693 illum
3337 2643 3431 2709 qui
3480 2659 3590 2698 non

2004 2730 2121 2772 erat
2153 2734 2218 2773 ex
2264 2735 2330 2774 eo
2360 2724 2507 2790 quod
2552 2740 2659 2779 non
2708 2736 2825 2780 erat
2855 2725 3004 2781 fecit.
3040 2728 3166 2783 Ideo
3194 2728 3299 2785 fuit
3333 2740 3546 2802 tempus
3569 2775 3591 2801 ,

2005 2825 2116 2878 quo
2145 2826 2250 2864 non
2283 2824 2407 2866 erat
2440 2830 2453 2867 :
2483 2826 2733 2870 creatura
2763 2832 3001 2888 namque
3030 2834 3226 2890 resque
3249 2822 3389 2877 facta
3419 2821 3589 2880 Filius

2002 2914 2107 2957 est.
2142 2901 2253 2957 Nec
2292 2906 2488 2961 similis
2512 2908 2565 2960 in
2598 2910 2900 2966 substantia
2949 2911 3093 2967 Patri
3129 2912 3322 2980 Filius,
3359 2932 3458 2973 nec
3490 2933 3587 2974 ve-

2004 3011 2125 3049 rum
2162 2994 2337 3049 Patris
2366 3007 2562 3052 natura
2600 3000 2855 3064 Verbum,
2894 3018 2993 3058 nec
3017 3019 3147 3059 vera
3178 3006 3324 3062 illius
3357 3006 3590 3078 Sapien-

2003 3086 2078 3140 tia
2130 3095 2233 3141 est.
2282 3086 2376 3142 Est
2428 3098 2607 3144 autem
2644 3106 2826 3147 rerum
2878 3106 3182 3151 creatarum
3231 3115 3336 3153 una
3387 3118 3585 3173 resque

2001 3181 2144 3236 facta
2178 3198 2191 3233 :
2218 3197 2313 3252 per
2351 3184 2689 3241 eatachresin
2723 3200 2850 3241 vero
2876 3187 3077 3242 dicitur
3103 3189 3339 3246 Verbum
3380 3204 3434 3247 et
3484 3195 3584 3249 Sa-

2002 3275 2241 3344 pientia,
2276 3277 2544 3346 siquidem
2594 3288 2649 3332 ct
2702 3279 2817 3347 ipse
2861 3278 3046 3336 factus
3085 3292 3172 3337 est
3228 3287 3448 3355 proprio
3488 3287 3580 3343 Dei

1999 3367 2168 3421 verbo
2212 3367 2586 3439 sapientiaque
2617 3369 2797 3423 divina
2820 3410 2835 3435 ,
2862 3372 2914 3425 in
2945 3387 3052 3441 qua
3083 3384 3280 3430 cuncta
3320 3378 3584 3450 illumque

1998 3455 2176 3525 ipsum
2224 3458 2366 3515 Deus
2418 3460 2561 3519 fecit.
2596 3462 2722 3517 Ideo
2758 3464 3031 3522 variabilis
3080 3476 3160 3522 est
3198 3476 3251 3522 et
3297 3472 3580 3530 mutabilis

1996 3559 2189 3606 natura
2211 3593 2225 3617 ,
2253 3554 2395 3608 sicut
2427 3556 2611 3610 omnia
2662 3557 2836 3627 logica
2872 3575 2885 3611 :
2927 3569 3223 3617 extraneus
3262 3564 3582 3636 alienasque

1995 3657 2060 3697 ac
2100 3643 2359 3701 dill‘erens
2386 3655 2470 3701 est
2507 3644 2741 3703 Verbum
2781 3664 2811 3703 a
2840 3650 3144 3706 substantia
3193 3651 3309 3718 Dei,
3346 3664 3401 3710 et
3442 3655 3579 3713 Filio

1994 3733 2153 3789 Pater
2181 3735 2471 3792 invisibilis
2494 3748 2616 3793 est:
2649 3754 2756 3794 non
2794 3742 2939 3794 enim
2972 3742 3210 3809 perfecte
3241 3757 3340 3798 nec
3377 3755 3573 3801 exacte

1998 3824 2235 3883 Verbum
2255 3830 2505 3898 cegnovit
2527 3828 2767 3896 Patrem,
2791 3847 2968 3902 neque
2984 3833 3221 3902 perfecte
3246 3848 3370 3889 eum
3391 3837 3576 3892 videre

1992 3926 2172 3989 potest
2210 3936 2224 3972 :
2263 3935 2440 3991 neque
2474 3923 2622 3977 enim
2657 3924 2741 3978 sui
2774 3924 2948 3993 ipsius
2979 3924 3341 3979 substantiam
3369 3941 3573 3996 cogno-

1992 4012 2088 4066 vit.
2146 4012 2373 4082 Propter
2416 4028 2518 4069 nos
2568 4024 2751 4071 autem
2804 4023 2889 4070 est
2930 4015 3147 4082 factus;
3206 4023 3265 4070 ut
3318 4032 3420 4072 nos
3474 4032 3572 4087 per

1989 4105 2167 4175 ipsum
2217 4108 2365 4163 velut
2411 4124 2509 4178 per
2561 4110 2989 4163 instrumentum
3041 4117 3253 4164 crearet
3305 4108 3487 4173 Deus;
3516 4121 3570 4166 et

1990 4212 2096 4252 non
2151 4198 2500 4263 subsisteret,
2556 4200 2662 4253 nisi
2709 4214 2809 4255 nos
2843 4200 2986 4255 Deus
3016 4214 3203 4254 creare
3230 4200 3508 4258 voluisset.
3541 4221 3559 4255 ι

1988 4288 2344 4357 interrogavit
2390 4291 2556 4358 igitur
2591 4291 2718 4360 quis
2760 4305 2856 4345 eos
2887 4307 2954 4344 an
2989 4292 3223 4359 perverti
3265 4294 3440 4362 possit
3472 4293 3565 4349 Dei

1990 4381 2247 4446 Verbum,
2271 4384 2410 4435 sicut
2438 4395 2730 4450 perversus
2753 4390 2838 4436 est
2857 4382 3105 4436 diabolus
3127 4399 3142 4447 ;
3165 4392 3222 4437 et
3251 4398 3358 4437 non
3386 4384 3566 4438 dicere

1987 4476 2307 4532 baesitarunt
2341 4475 2470 4530 illud
2490 4485 2637 4531 certe
2667 4489 2829 4544 posse
2856 4474 3123 4545 perverti;
3157 4475 3451 4545 siquidem,
3487 4485 3568 4530 ut-

281 4569 478 4637 Λόγος
531 4572 810 4642 τραπῆναι
858 4572 934 4635 ὡς
977 4574 1188 4644 ἐτράπη
1242 4575 1271 4626 6
1318 4571 1597 4637 διάϐολος;
1651 4571 1746 4624 καὶ
1778 4570 1880 4624 οὐκ

2002 4579 2111 4624 )οιο
2135 4569 2375 4638 genitum
2410 4578 2463 4624 et
2490 4577 2731 4623 creatum
2760 4606 2776 4631 ,
2802 4576 2886 4623 est
2921 4574 3129 4622 natura:
3155 4567 3456 4622 variabilis.

281 4662 662 4735 ἐφοῦήοησαν
712 4664 906 4728 είπεῐν,
951 4665 1031 4719 ὅτι
1089 4665 1219 4730 Ναὶ,
1285 4666 1511 4718 δύναται
1557 4662 1831 4734 τραπῆναι
1856 4679 1872 4696 σ
1908 4661 2149 4733 τρεπτῆς
2203 4661 2314 4731 γάρ
2341 4663 2457 4715 ἐστι
2489 4660 2728 4730 φύσεως,
2788 4659 3049 4730 γεννητὸς
3073 4659 3117 4689 ²¹
3143 4661 3238 4713 καὶ
3270 4658 3483 4722 κτιστδς
3515 4659 3560 4693 ⁸⁸

278 4751 595 4825 ὑπάρχων.

352 4849 407 4880 ’³
445 4847 536 4919 (6)
586 4847 745 4901 ’Λλλά
780 4847 842 4900 τὸ
880 4847 1019 4902 κατᾶ
1052 4847 1152 4917 τὴν
1192 4846 1408 4899 σύνοδον
1440 4845 1662 4915 γεγονὸς
1691 4846 1878 4933 θαῦμα

274 4941 339 4993 οὐ
390 4942 623 4995 δίκαιον
645 4943 691 4973 ’⁸
723 4944 901 5013 σιωπῇ
932 4938 1412 5012 παραπέμψασθαι
1457 4941 1502 4971 ³⁸
1525 4956 1538 4972 ο
1576 4941 1715 5011 πρὸς
1768 4940 1880 5013 γὰρ

2057 4849 2306 4902 Attamen
2319 4845 2463 4915 quod
2485 4847 2536 4899 in
2553 4842 2763 4916 synodo
2787 4842 2989 4898 factum
3003 4850 3085 4898 est
3108 4840 3429 4896 miraculum
3454 4858 3558 4897 non

1986 4952 2203 5008 aequum
2234 4946 2316 4992 est
2341 4936 2559 4992 silentio
2592 4933 3003 5005 praetermittere
3034 4950 3047 4986 :
3072 4939 3266 5001 praeter
3294 4931 3436 4986 enim
3467 4948 3560 4988 ex-

1478 5102 1681 5163 V’arim
1715 5102 2024 5165 lectiones
2069 5110 2133 5164 et
2174 5108 2367 5164 notae.

350 5249 406 5280 ⁸⁷
438 5248 727 5317 εὐλογίας
766 5246 1047 5316 ὲμίμψατο
1094 5244 1216 5317 cod.
1324 5246 1371 5317 ξ’
1393 5246 1462 5317 τῆ

264 5318 423 5372 Cod.
467 5316 539 5371 ν.
567 5321 618 5382 1,
681 5316 899 5380 Μ.1,2.

260 5388 643 5448 ὲκιιοπέντας
692 5386 763 5441 Μ.
825 5388 936 5450 1,2.
1033 5387 1178 5438 ’ἐπί
1214 5385 1285 5439 Μ.
1336 5385 1448 5450 1,2.

265 5457 432 5512 Ced.
470 5452 543 5510 Ὺ.
606 5456 656 5511 1.
700 5456 778 5508 Χν
806 5449 869 5511 π.
923 5456 1017 5509 καὶ
1070 5455 1169 5526 τὴν
1205 5457 1297 5525 ὀμ.
1357 5449 1428 5511 Μ.
1476 5455 1584 5520 1,2.
1660 5453 1682 5485 ⁸
1712 5449 1865 5516 οὗτος

265 5525 694 5586 ’501.5-502.5.
721 5526 800 5593 Τῇ
840 5527 897 5579 δὲ
931 5529 1021 5579 ἐπ.
1058 5526 1150 5580 ἐπ.
1208 5527 1408 5587 πάντες
1461 5525 1599 5587 καίς
1650 5525 1717 5593 τῇ
1768 5524 1823 5593 δὲ
1854 5525 1903 5574 ιτ

2016 5456 2068 5513 1.
2102 5449 2195 5520 (M.
2229 5451 2319 5514 1,2
2336 5452 2378 5521 7)
2454 5450 2626 5521 ’περὶ
2692 5450 2789 5517 τῆς
2838 5451 3106 5518 αἱρέσεως
3177 5449 3388 5520 ’Δρείου
3420 5449 3531 5508 (led

2002 5523 2025 5573 ,ί
2060 5520 2252 5593 ἐπηπ.
2287 5523 2388 5593 xui
2407 5521 2476 5593 V1
2511 5518 2841 5593 1,)ι1141β.Δ
2902 5518 3229 5593 ’ξδυσσαὶκ
3348 5591 3361 5593 _
3384 5521 3434 5593 _“
3463 5538 3553 5593 τρ.

250 5527 379 5615 βρι
396 5525 694 5615 e401?-
721 5526 800 5615 τῇ
840 5527 897 5615 ιδ
931 5529 1021 5615 ea-
1046 5525 1408 5615 seges:
1434 5525 1599 5615 ,μαες
1650 5541 1677 5615 ξ

998 5262 1047 5298 το
1094 5248 1216 5300 cod.
1324 5248 1371 5278 ”
1393 5248 1494 5317 τῆς
1522 5248 1775 5348 ὁμονοίας
1809 5248 1902 5300 καὶ
1964 5248 2285 5315 συμφωνίας
2321 5248 2450 5298 Ced.
2481 5248 2544 5296 V.
2588 5248 2641 5306 1,
2714 5248 2751 5327 ,Ν

998 5318 1012 5347 ⁸
1034 5332 1130 5384 πρ.
1151 5314 1446 5384 εὐτρ.ϐθά.
1604 5316 1882 5369 ἑστιᾶσθαι
1907 5316 2029 5371 cod.
2102 5316 2123 5346 ³
2146 5311 2597 5384 ἀξιολογωτέρους
2620 5311 2751 5384 οος.

1551 5387 1665 5439 ⁸Δ.
1720 5385 1811 5438 καί
1864 5384 1933 5439 Μ.
1992 5384 2122 5439 Ced.
2197 5379 2615 5446 50032-5015,
2678 5379 2742 5433 ν.
2797 5381 2847 5445 1,
2908 5381 2980 5434 Μ.

1597 5246 1775 5308 ονοίας
1809 5246 1902 5300 καὶ

2002 5244 2285 5315 υμφωνίας
2321 5242 2544 5315 (ἐξιὼν.
2588 5243 2658 5315 1,_
2715 5242 2933 5315 11.1,2.
3009 5242 3055 5275 ”
3098 5240 3558 5315 ἑφιλοφρονήσατο

2827 5313 2849 5343 ⁸
2893 5311 3303 5380 ὲγκεκομμένας
3339 5311 3459 5366 cod.
3487 5343 3558 5355 -~

3035 5381 3149 5448 1,2.
3178 5448 3217 5453 __
3248 5381 3270 5411 '
3313 5380 3395 5453 _Xv
3434 5384 3550 5453 6‘s.

2454 5450 2642 5521 ’περὶ
2692 5450 2791 5521 τῆς
2838 5451 3106 5521 αἱρέσεως
3168 5448 3388 5521 -ᾏρείου
3420 5448 3531 5508 (led

270 5598 526 5667 Λρείου
561 5598 737 5649 ταῦτα
760 5587 895 5651 Ceil.
944 5598 1014 5667 _{’
1040 5594 1099 5667 δέ
1117 5609 1228 5667 om.
1264 5592 1583 5667 Ced._V._1.
1657 5587 1715 5667 ξί
1730 5591 1808 5667 τῷ
1834 5608 1893 5667 π.

2002 5594 2044 5667 τ’
2074 5592 2122 5645 6.
2147 5590 2278 5667 (led.
2355 5588 2617 5667 "96156.4.
2648 5587 2719 5667 ξι.
2756 5587 3210 5667 1.,,2ηοῦςτεκνη1η
3249 5589 3316 5667 Δ¹⁸

256 5664 351 5723 νζ
371 5668 399 5720 1
419 5706 439 5720 .
532 5667 577 5698 ⁸⁸
606 5667 921 5733 γεννητικός
940 5664 1010 5720 Il.
1043 5664 1098 5719 2.

252 5736 340 5799 ᾡς
380 5735 526 5799 uis,-
553 5736 705 5788 εστιν
726 5733 859 5790 Ccd.
892 5733 1031 5789 v.1.

266 5798 479 5861 “tati.
510 5798 637 5859 add.
666 5801 727 5859 ν.
762 5807 815 5858 1.
892 5805 937 5837 ³⁵
977 5802 1343 5876 παραπέμψαι
1371 5803 1500 5859 Ced.
1539 5802 1576 5859 γ
1633 5805 1680 5859 1.

1178 5665 1219 5695 ⁸⁷
1251 5680 1309 5731 φ.
1341 5664 1436 5716 καὶ
1468 5664 1536 5718 τὰ
1559 5681 1620 5716 π.
1657 5660 1707 5717 λ.
1740 5660 1799 5717 ν.
1825 5666 1877 5727 1,
1911 5678 1948 5731 φ

1108 5733 1154 5766 ⁸⁸
1192 5732 1259 5786 δι’
1288 5731 1507 5789 add.M.
1541 5733 1650 5797 1,2.
1725 5732 1767 5764 "
1795 5750 1852 5786 τε
1889 5731 2011 5790 add.
2042 5731 2100 5787 V.
2146 5731 2195 5785 1.

1956 5701 1969 5714 .
1998 5661 2073 5724 ὡς
2096 5661 2190 5713 καὶ
2221 5657 2291 5713 τὰ
2320 5676 2380 5711 π.
2409 5658 2458 5713 λ.
2488 5657 2558 5713 ιι.
2592 5656 2700 5723 1,2.
2780 5660 2825 5692 ³⁸
2868 5661 2925 5712 ἀ.
2950 5659 2997 5712 6.
3026 5658 3158 5715 Ced.
3190 5659 3302 5720 1,2.
3382 5660 3425 5694 ¹⁹
3446 5659 3555 5718 οἶδε

2307 5732 2352 5762 ²¹
2378 5731 2503 5784 ἁκτ.
2538 5730 2613 5785 Μ.
2644 5727 2773 5794 1,2?
2879 5729 2925 5761 ”
2947 5728 3077 5784 Ced.
3134 5728 3551 5797 502,6-503,22.
