3982 6224
285 346 398 413 697

1477 355 1945 421 CHRONICON.
1990 385 2054 398 --
2096 361 2248 423 LIB.
2298 363 2392 425 IV.

3460 376 3563 436 6'38

287 466 535 533 ἠγάγετο
572 465 649 527 είς
673 467 907 531 γυναῐκα
932 466 1032 538 τὴν
1059 466 1336 540 θυγατέρα
1361 469 1456 521 τοῦ
1490 470 1597 541 πρὸ
1624 469 1792 523 αὐτοῦ

1929 472 2119 539 tregis
2164 474 2329 526 tiliam
2393 477 2547 528 duxit
2596 493 2863 543 uxorem,
2912 492 2963 535 et
3016 498 3079 535 ex
3134 500 3195 537 ca
3247 486 3380 539 duos
3420 487 3559 540 tilias

287 558 590 627 βασιλέως,
629 558 939 614 Πλακίλλαν
972 560 1226 629 ὀνόματι,
1260 561 1354 615 καὶ
1401 561 1591 617 ἔτεκεν
1614 562 1673 628 ἐξ
1702 563 1874 633 αὐτῆς

282 650 380 705 δύο
412 649 564 711 υἱοὺς
605 650 891 719 Ἀρκάδιον
917 653 1011 706 καὶ
1052 653 1334 724 Ὀνὼριον.

358 744 437 813 (2t
477 744 850 813 Αὐξησάντων
880 746 936 799 δὲ
962 747 1070 800 τῶν
1098 750 1328 815 παίδων,
1354 746 1518 821 ἦλθον
1537 754 1619 815 είς
1648 752 1869 824 ἡλικίαν

278 835 377 891 τοῦ
411 837 781 906 ἐκμανθάνειν
836 839 1146 910 γράμματα
1171 856 1186 872 ⁵
1221 840 1317 896 καὶ
1357 838 1741 908 ἐξαπέστειλεν
1786 846 1869 909 είς

279 932 467 983 πᾶσαν
491 931 591 997 τὴν
624 930 721 983 ὑπ’
742 931 907 985 αὑτὸν
940 932 1221 1003 βασιλείαν
1253 934 1488 1007 ζητῆσαι
1521 939 1691 1007 ἄνδρα
1717 938 1866 992 ἐλλό-

275 1040 443 1091 γιμον
499 1022 596 1078 καὶ
643 1026 912 1097 ἀσκητὴν,
962 1030 1380 1100 κεκοσμημένον
1423 1034 1481 1084 ἐν
1511 1031 1740 1104 ἀληθείᾳ
1770 1035 1864 1087 τὸν

276 1114 446 1183 φόϐον
488 1111 587 1169 τοῦ
644 1115 805 1183 Θεοῦ,
858 1117 1055 1189 ἔχοντα
1090 1120 1424 1189 θεογνωσίαν
1453 1124 1535 1188 εἰς
1558 1125 1748 1193 ἄκρον,
1785 1127 1861 1185 ὡς

281 1206 513 1275 ὀφείλων
560 1210 903 1281 παραδοῦναι
955 1212 1106 1283 αὗεῷ
1171 1214 1298 1279 τοὺς
1320 1216 1474 1277 υίοίις
1515 1217 1706 1270 αὐτοῦ.
1741 1218 1856 1270 Οὐκ

282 1296 537 1369 ἠδοὺλετο
588 1304 697 1373 γάρ
756 1307 837 1367 εἰς
879 1304 1120 1375 σχολεϊον
1152 1308 1352 1371 αὐτοὺς
1399 1311 1717 1382 ἐμϐαλεῖνῆ
1752 1312 1858 1365 ὑπὸ

270 1392 528 1449 ἀτάκτων
558 1396 899 1451 διδασκάλων
935 1401 1317 1468 παιδευθῆναι,
1362 1404 1448 1457 ἵνα
1483 1404 1559 1473 μὴ
1604 1407 1853 1474 μάθωσιν

269 1484 379 1540 ὑπὸ
406 1484 583 1539 ἄλλων
610 1487 862 1551 παιδίων,
905 1488 941 1542 ἃ
970 1491 1141 1558 ὸβεὺς
1160 1492 1221 1545 οὐ
1256 1493 1428 1560 θέλει,
1461 1496 1555 1549 καὶ
1583 1497 1853 1551 τυπωθῶ-

265 1593 357 1629 σιν
394 1580 453 1630 ἐν
478 1578 658 1647 λόγοις
677 1581 1038 1652 ἁνωφελέσιν.
1067 1585 1252 1640 Ταῦτα
1279 1589 1307 1639 6
1340 1588 1596 1659 βασιλεὺς
1625 1590 1850 1659 λογισά-

264 1685 435 1734 μενος
493 1673 735 1745 σπουδὴν
784 1677 966 1729 πᾶσαν
1002 1676 1169 1749 468
1222 1682 1462 1734 ἐποιεῖτο
1510 1682 1606 1735 τοῦ
1665 1684 1847 1753 εὑρεῖν

261 1764 436 1834 ἄνδρα
463 1766 710 1819 τοιοῦτον
738 1785 750 1800 ο
782 1770 877 1822 καὶ
908 1770 1022 1823 τῶν
1061 1772 1458 1841 διαταγμάτων
1498 1774 1844 1842 ἐκπεμφθέν-

1976 565 2267 620 Arcadium
2294 577 2347 622 et
2379 566 2676 625 Honorium
2707 574 2968 644 suscepit.

2042 751 2367 810 Crescentes
2412 767 2595 809 autem
2649 758 2843 827 pueri,
2900 761 2963 814 ad
3017 771 3228 816 a'tatem
3278 765 3556 821 ediscendi

1970 844 2179 902 litteras
2228 862 2517 904 venerunt.
2554 850 2708 905 Tune
2757 852 2903 907 tnisit
2934 853 2984 906 in
3025 870 3187 909 omne
3220 857 3321 911 sub
3346 858 3557 913 ditione

1966 953 2063 991 sua
2113 955 2339 1008 regnum
2390 944 2453 996 ad
2512 944 2865 1012 quaerendum
2919 945 3195 1000 hominem
3242 948 3465 1002 doctum
3498 962 3555 1003 et

1969 1030 2327 1098 religiosum,
2362 1034 2557 1089 timore
2613 1035 2701 1089 Dei
2737 1052 2860 1090 vero
2892 1047 3256 1099 exornatum.
3307 1040 3548 1094 divinam

1961 1122 2242 1176 scientiam
2304 1125 2584 1179 subactam
2648 1126 2969 1189 habentem,
3009 1138 3067 1182 ιιι
3100 1130 3199 1198 ipsi
3240 1130 3381 1185 [ilius
3421 1148 3550 1183 suos

1962 1213 2220 1268 traderet.
2252 1212 2369 1270 Non
2394 1217 2537 1270 enim
2571 1218 2786 1271 volebat
2820 1236 2916 1275 eos
2951 1219 3003 1273 in
3035 1220 3275 1275 scholam
3310 1223 3548 1295 mittere

1963 1306 2045 1359 vel
2079 1307 2146 1360 ab
2184 1306 2603 1377 inalisciplinatis
2638 1312 2914 1380 magistris
2946 1315 3165 1367 eilneari
3192 1356 3206 1375 ,
3242 1332 3307 1368 ne
3335 1317 3402 1367 ab
3426 1317 3547 1371 aliis

1957 1401 2139 1468 pueris
2192 1401 2466 1455 discerent
2520 1420 2641 1471 qua:
2692 1403 2832 1459 Deus
2888 1421 2993 1459 non
3036 1407 3185 1469 vult.
3228 1417 3282 1461 et
3338 1409 3545 1465 nocivis

1954 1490 2300 1546 sermonibus
2326 1492 2769 1549 inl'ormarentur.
2797 1494 2919 1549 llaac
2942 1506 3198 1565 reputans
3229 1499 3545 1568 imperator.

1953 1593 2170 1631 omnem
2228 1578 2562 1648 diligentiam
2606 1583 2670 1635 ad
2726 1584 2885 1637 talem
2931 1584 3107 1638 virum
3158 1587 3540 1643 inveniendum

1951 1668 2221 1723 adhibuit.
2261 1669 2443 1724 Missis
2493 1682 2673 1725 autem
2709 1673 2760 1727 in
2792 1690 2953 1727 omne
2988 1678 3090 1729 sub
3125 1678 3298 1742 ipsius
3332 1682 3542 1736 ditione

1951 1760 2235 1827 imperium
2270 1762 2575 1825 mandatis,
2623 1764 2895 1819 hominem
2954 1782 3076 1820 cum
3130 1770 3541 1829 charactcribus

259 1870 372 1907 των
403 1856 544 1908 κατὰ
571 1859 752 1910 πᾶσαν
781 1860 880 1926 τὴν
905 1858 999 1912 ὑπ’
1022 1860 1188 1914 αὑτὸν
1217 1861 1496 1932 βασιλείαν
1520 1865 1622 1917 οὐκ
1646 1864 1822 1935 ἡδυνήι

1948 1852 2225 1919 requisitis
2265 1854 2509 1908 invenire
2540 1872 2645 1909 non
2692 1867 2978 1926 poterant:
3014 1862 3106 1913 sed
3171 1863 3330 1917 modo
3359 1864 3536 1918 virum

261 1948 439 2018 θησαν
483 1950 667 2022 εὑρεῖν
727 1969 851 2006 τινα
911 1955 1157 2009 τοιοῦτον
1188 1958 1330 2011 κατά
1363 1959 1456 2011 τὸν
1491 1959 1843 2028 ἐνιστάμενον

258 2041 413 2111 αὑτῷ
443 2041 725 2113 λογισμὸν.
746 2046 883 2100 ἀλλὰ
906 2048 1039 2101 ποτὲ
1064 2049 1167 2118 μὲν
1196 2048 1369 2119 ἄνδρα
1392 2051 1706 2120 φιλόσοφον.
1726 2052 1841 2104 ἀλλ’

256 2134 320 2187 οὐ
352 2136 625 2203 φιλόθεον,
657 2138 789 2191 ποτὲ
810 2140 866 2193 δὲ
889 2140 1055 2194 πάλιν
1082 2141 1355 2211 φιλόθεον,
1387 2143 1504 2197 ἀλλ’
1535 2146 1593 2198 οὐ
1621 2145 1841 2212 φιλόσο-

256 2244 358 2295 φον
383 2244 399 2259 ’
436 2227 681 2299 ηὔξησαν
711 2231 769 2284 δὲ
796 2233 846 2285 oi
886 2234 1076 2297 παῖδες
1101 2249 1117 2264 ·
1149 2236 1243 2288 καὶ
1307 2237 1408 2290 οὐκ
1452 2239 1712 2308 ἠνέσχετο
1756 2242 1837 2302 εἰς

256 2322 502 2391 σχολείον
535 2323 784 2377 ἐκδοῦναι
816 2326 1019 2390 αὐτοὺς
1044 2327 1114 2380 δι’
1147 2328 1206 2381 δν
1233 2331 1451 2400 εἴρηται
1500 2333 1723 2400 τρόπον.

324 2415 404 2486 (3)
436 2417 544 2469 Καὶ
579 2417 656 2488 μὴ
690 2417 866 2489 εὑρὼν
890 2420 1073 2483 καθὼς
1099 2422 1306 2490 ἐζήτει,
1338 2424 1657 2477 ἀπέστειλεν
1678 2428 1737 2479 ἐν
1765 2430 1829 2497 τῇ

260 2510 452 2584 Ῥώμῃ
502 2514 641 2583 πρὸς
678 2514 773 2566 τὸν
820 2517 878 2567 ἐν
927 2516 1066 2586 αὐτῇ
1107 2517 1334 2585 βασιλέα
1363 2518 1457 2571 τοῦ
1492 2520 1673 2588 εὑρεῖν
1698 2523 1829 2589 παρ’

246 2604 418 2657 αὑτοῦ
449 2605 693 2659 τοιοῦτον
715 2607 906 2676 ἄνδρα,
931 2611 1147 2679 γράψας
1176 2612 1346 2683 αὐτῷ.
1381 2614 1464 2665 ὅτι
1502 2633 1521 2666 ι
1558 2615 1828 2681 Μεγάλως

248 2715 338 2763 μοι
370 2698 577 2772 χαρίζῃ
605 2700 765 2753 τοῦτο
790 2702 984 2755 ποιῶν.
1023 2722 1042 2755 ι
1082 2706 1142 2757 ὐ
1173 2704 1266 2758 οὗν
1290 2707 1547 2776 βασιλεὺς
1581 2725 1827 2779 προσκα-

242 2790 549 2861 λεσάμενος
571 2794 663 2846 τὸν
690 2795 879 2847 πάπαν
907 2796 1186 2851 δείκνυσιν
1221 2800 1372 2869 αὐτῷ
1415 2802 1484 2853 τὰ
1520 2802 1826 2872 γράμματα

241 2885 533 2938 θεοδοσίου
598 2886 691 2939 τοῦ
734 2888 1002 2956 βασιλέως
1056 2890 1253 2955 είπὼν,
1296 2893 1380 2945 ὅτι
1420 2910 1439 2943 ι
1485 2894 1824 2948 Ἀνένδεκτόν

240 2981 361 3030 εστι
395 2978 471 3048 μὴ
502 2980 729 3050 ποιῆσαι
767 2981 848 3051 τῷ
881 2983 1341 3051 συμϐασιλεύοντι
1380 2987 1512 3055 ἡμῖν
1546 2984 1642 3056 τὴν
1668 2987 1823 3057 αἴτη-

240 3089 327 3125 σιν
386 3073 594 3144 ταύτην
620 3089 635 3105 °
669 3076 899 3147 αἰσχύνη
957 3078 1063 3148 γάρ
1104 3078 1334 3132 ἑστιτοῦ
1377 3082 1649 3150 ἡμετέρου
1689 3082 1823 3151 κρά·

237 3183 365 3228 τους
403 3167 479 3239 μὴ
509 3168 798 3239 εὑρεθῆναι
825 3172 883 3224 ὲν
911 3175 976 3243 τῇ
1037 3174 1270 3247 μεγίστῃ
1309 3174 1497 3246 Ῥώμῃ
1527 3176 1820 3245 ἄνθρωπον
1848 3175 1890 3231 C

237 3259 510 3316 τοιοῦτον.
544 3280 561 3313 ι
594 3264 705 3317 Kai
722 3264 1116 3334 ἐρευνήσαντες
1138 3268 1232 3320 καὶ
1259 3269 1695 3337 ἐπιζητήσαντες
1719 3271 1817 3341 οὐχ

236 3347 423 3422 εὗρον.
470 3355 596 3408 Ἐπὶ
618 3356 752 3409 πολὺ
782 3353 876 3411 οὖν
908 3357 1310 3427 διερευνὼντων
1343 3360 1547 3427 αὐτῶν,
1577 3363 1672 3415 καὶ
1702 3362 1789 3415 δια

233 3446 627 3516 λογιζομένων,
658 3448 753 3502 καὶ⁵
774 3449 1211 3519 ἀδολεσχούντων
1240 3454 1367 3522 περὶ
1404 3453 1619 3519 τούτου,
1661 3451 1814 3507 εἶπεν

231 3544 257 3593 ὁ
290 3540 487 3601 πὰπας
537 3540 615 3610 τῷ
673 3541 919 3611 βασιλεῖ’
952 3562 970 3595 ι
1011 3544 1167 3596 Ἐστι
1209 3544 1339 3615 παρ’
1374 3546 1508 3615 ἡμῖν
1563 3545 1815 3610 διάκονός

230 3651 310 3698 τις
338 3633 621 3705 παρθένος
652 3636 793 3707 μετὰ
824 3637 924 3706 τῆς
958 3637 1096 3700 ἰδίας
1124 3638 1364 3706 ἀδελφῆς
1410 3639 1638 3711 ὀνόματι
1686 3642 1805 3711 Ἀρο

229 3728 411 3789 σένιος
440 3744 455 3760 ο
482 3728 670 3797 ὅμοιος
708 3729 818 3797 γάρ
873 3730 1023 3798 αὐτῷ
1072 3730 1232 3794 ἄλλος
1263 3733 1365 3785 οὐκ
1413 3731 1567 3785 ἔστιν
1600 3735 1628 3787 6
1657 3733 1811 3802 ὀφεί-

229 3823 335 3874 λων
361 3822 431 3885 ’⁸,
463 3822 649 3885 καθὼς
689 3824 950 3893 ἐπιθυμεῖ
981 3825 1009 3877 6
1042 3823 1296 3892 βασιλεὺς
1341 3825 1644 3893 Θεοδόσιος,
1678 3845 1811 3882 παι-

224 3914 416 3969 δεῦσαί
434 3932 493 3968 τε
509 3918 577 3969 τά
592 3917 757 3969 τέκνα
786 3916 951 3969 αὑτοῦ
971 3918 1120 3991 πάσῃ
1141 3919 1341 3987 γνώσει
1356 3920 1477 3993 θείᾳ
1508 3938 1569 3974 τε
1596 3921 1692 3976 καὶ
1713 3924 1807 3976 άν-

224 4011 480 4082 θρωπίνη
506 4025 520 4037 ·
556 4011 675 4063 ἀλλ’
720 4011 822 4064 οὐκ
861 4007 978 4065 οἶδα
1005 4014 1052 4064 εξ
1080 4014 1471 4085 καταδέξηται,
1522 4015 1657 4070 διότι
1693 4014 1807 4088 ἔχει

225 4104 423 4174 καιρὸν
466 4102 883 4173 ἀποταξάμενος
931 4105 1033 4175 τῆς
1084 4105 1376 4173 ἐγκυκλίου
1422 4106 1803 4170 παιδεύσεως’

223 4197 339 4251 ἀλλ’
366 4199 524 4261 ἴσως,
560 4198 655 4251 ἐάν
712 4198 945 4271 κελεύσῃ
975 4198 1036 4252 τδ
1063 4202 1332 4270 ὑμέτερον
1379 4203 1604 4272 κράτος,
1644 4204 1805 4257 καλέ-

225 4308 392 4362 σομεν
430 4291 595 4344 αὑτὸν
641 4292 735 4345 καὶ
803 4290 1261 4364 πληροφοροῦμεν
1308 4295 1473 4347 αὐτὸν
1520 4298 1651 4366 περὶ
1676 4297 1801 4349 τού-

220 4401 334 4438 του.
369 4404 391 4437 ι
430 4386 619 4441 Ταῦτα
667 4386 912 4450 ἀκούσας
956 4388 985 4441 6
1016 4387 1272 4459 βασιλεὺς
1298 4388 1471 4459 ἐχάρη
1502 4388 1623 4441 λίαν
1649 4406 1664 4421 ·
1705 4391 1800 4443 καὶ

221 4478 546 4549 πέμψαντες
595 4479 1015 4548 μετεστείλαντο
1040 4480 1132 4532 τὸν
1179 4481 1475 4548 ’Λρσένιον.
1515 4480 1800 4535 Εἰσελθόν-

218 4589 304 4633 τος
350 4571 409 4623 δὲ
451 4570 618 4623 αὐτοῦ
668 4571 819 4637 λέγει
862 4570 998 4641 πρὸς
1053 4571 1217 4626 αὐτὸν
1246 4573 1274 4624 6
1324 4573 1614 4643 βασιλεύς·
1658 4592 1676 4625 t
1721 4576 1796 4628 Οὐ

217 4662 409 4733 λέληθε
453 4663 514 4716 τὸ
543 4663 815 4735 ἡμέτερον
848 4664 1049 4735 κράτος
1079 4666 1111 4736 ἡ
1141 4665 1283 4720 κατὰ
1325 4666 1461 4721 Θεόν
1508 4684 1604 4721 σου
1641 4670 1797 4724 πολι-

215 4758 332 4811 τεία
377 4758 477 4811 mi.
506 4760 534 4811 6
564 4756 823 4827 ὲνάρετός
854 4775 948 4809 σου
976 4758 1091 4829 βίος
1114 4772 1133 4792 ⁸
1173 4758 1309 4813 ἀλλὰ
1332 4760 1600 4832 διηνεκῶς
1628 4763 1797 4818 ἀκού-

214 4868 361 4916 οντες
394 4849 499 4921 τὴν
556 4849 730 4922 καλήν
771 4867 863 4902 σου
893 4851 1268 4923 ἀναστροφὴν,
1300 4855 1443 4908 πάνυ
1496 4857 1796 4929 εὐφραινό-

216 4945 353 5014 μεθα
384 4944 478 4998 ἰπὶ
538 4942 751 5007 τούτοις
779 4944 860 4976 ’⁷ο
897 4944 1020 4997 ἐπεὶ
1055 4945 1112 4999 δὲ
1143 4949 1171 4999 6
1211 4949 1580 5016 συμϐασιλεὺς
1635 4954 1793 5022 ἡμῶν

212 5037 495 5099 Θεοδόσιος
542 5036 869 5090 ἀπέστειλεν
924 5039 1061 5108 ἡμῖν
1115 5040 1417 5109 πρεσϐείαν
1468 5045 1790 5117 αἰτούμενος

222 5130 422 5184 στεῖλαι
456 5129 607 5199 αὐτῷ
637 5130 925 5199 ἄνθρωπον
950 5132 1191 5186 τοιοῦτον
1228 5135 1528 5205 δυνάμενον
1563 5140 1788 5194 παιδεῦ-

217 5237 299 5275 σαι
330 5222 401 5275 τά
423 5222 590 5275 τέκνα
647 5223 815 5276 αὐτοῦ
844 5225 903 5276 ὲν
957 5224 1108 5299 πάσῃ
1139 5226 1419 5301 θεοσεϐείᾳ
1445 5232 1541 5285 καὶ
1573 5234 1787 5299 φιλοσο-

210 5316 329 5387 φίᾳ,
362 5316 559 5369 τούτου
584 5318 744 5387 χάριν
781 5319 1252 5389 μετεστειλάμεθά
1284 5339 1342 5374 σε
1372 5323 1448 5387 ὡς
1476 5327 1617 5380 κατὰ
1651 5328 1787 5380 Θεὸν

206 5410 355 5467 ὅντα.
393 5410 482 5463 ἵνα
540 5410 787 5484 ἀπέλθῃς
849 5412 986 5485 πρὸς
1039 5414 1209 5469 αὐτὸν
1240 5416 1334 5469 καὶ
1367 5415 1465 5486 τὴν
1497 5418 1661 5489 χάριν
1686 5422 1785 5489 τὴν

205 5504 455 5557 ὄιθεῖσάν
475 5523 558 5559 σοι
593 5506 658 5560 ἐκ
704 5505 841 5560 Θεοῦ
897 5506 1195 5579 παιδεύσῃς
1239 5510 1435 5575 αὐτούς
1460 5526 1474 5542 ·
1515 5512 1697 5582 (1221³)
1724 5516 1784 5566 οὐ

1949 1943 2299 2000 inveniebant
2353 1946 2739 2016 philosophum
2803 1959 2856 2001 at
2888 1966 2994 2002 non
3029 1952 3387 2020 philotheum,
3423 1971 3541 2008 [IO-

1951 2032 2023 2085 do
2054 2034 2415 2103 philothenm,
2469 2047 2523 2091 at
2611 2054 2716 2092 non
2769 2040 3177 2112 philosophum.
3236 2043 3540 2101 Creverunt

1942 2132 2120 2176 autem
2151 2127 2298 2193 pueri
2324 2144 2338 2191 ;
2369 2136 2422 2181 et
2456 2144 2549 2182 eos
2582 2130 2632 2181 in
2668 2130 2935 2196 scholam,
2971 2145 3193 2204 propter
3221 2137 3534 2205 praedictam

1943 2215 2204 2269 rationem
2241 2216 2453 2272 tradere
2489 2218 2798 2278 hmsitabat.

2004 2396 2122 2452 Non
2180 2403 2459 2459 Inveniens
2509 2404 2559 2457 id
2608 2406 2755 2475 quod
2799 2410 3112 2478 quaerebat,
3180 2411 3410 2468 Romam
3462 2415 3529 2469 ad

1935 2505 2113 2559 regem
2141 2493 2324 2557 misit.
2355 2506 2412 2549 ιιι
2440 2497 2509 2551 ab
2539 2498 2659 2567 ipso
2690 2501 2851 2555 talem
2886 2503 3159 2570 acciperet
3199 2506 3411 2570 virum,
3451 2506 3525 2562 illi

1933 2584 2182 2638 scribens
2220 2604 2233 2639 :
2271 2605 2289 2635 ι
2329 2585 2444 2641 Hoc
2498 2605 2664 2658 agens
2719 2592 2851 2645 mihi
2894 2593 3048 2647 valde
3096 2604 3283 2661 gratus
3321 2597 3454 2649 eris.
3500 2616 3520 2649 ι

1933 2669 2044 2726 Rex
2098 2690 2227 2745 ergo
2278 2693 2471 2747 papam
2515 2685 2790 2738 advocatis
2834 2686 3077 2738 ostendit
3125 2685 3173 2738 ei
3226 2684 3521 2741 Theodosii

1930 2762 2142 2819 litteras
2164 2805 2178 2827 .
2212 2768 2401 2824 dicens
2433 2787 2448 2825 :
2484 2790 2501 2823 ι
2546 2770 2883 2841 lmpossibile
2916 2785 3000 2830 est
3035 2777 3174 2829 hanc
3206 2778 3517 2846 petitionem

1931 2857 2008 2910 illi
2035 2859 2127 2927 qui
2164 2872 2463 2929 conregnat
2493 2865 2774 2920 nobiseum
2808 2883 2915 2921 non
2952 2869 3247 2937 adimplere
3283 2888 3295 2923 :
3324 2885 3521 2937 oppro-

1930 2948 2105 3001 brium
2140 2950 2284 3002 enim
2322 2961 2521 3007 nostra:
2554 2958 2836 3023 potestatis
2866 2969 2949 3013 est
2977 2959 3029 3013 in
3069 2960 3305 3013 maxima
3338 2962 3510 3014 Roma

1928 3037 2086 3091 talem
2135 3039 2410 3093 hominem
2465 3058 2573 3096 non
2629 3045 2887 3101 inveniri.
2929 3067 2947 3098 ι
2986 3048 3050 3101 Et
3104 3062 3408 3119 quaerentes
3461 3060 3517 3104 et

1928 3138 2334 3195 perscrutantes
2364 3147 2470 3186 non
2510 3134 2855 3191 invenerunt.
2907 3138 3041 3192 Cum
3075 3140 3235 3208 igitur
3264 3142 3355 3196 diu
3393 3156 3515 3210 per-

1929 3220 2300 3288 quisivernnt,
2345 3224 2677 3279 confabulati
2736 3237 2866 3282 sunt
2921 3238 2973 3284 et
3001 3230 3339 3299 garrierunt.
3374 3247 3511 3303 papa

1926 3313 2032 3380 regi
2057 3312 2192 3366 dixit
2228 3332 2284 3367 ει
2323 3314 2413 3369 Est
2444 3319 2585 3387 apud
2618 3335 2716 3373 nos
2752 3320 2974 3390 quidam
3015 3323 3277 3380 diacnnns
3315 3327 3511 3381 caelebs

1920 3418 2041 3457 cum
2071 3420 2168 3457 sua
2205 3421 2398 3461 sorore
2424 3448 2440 3469 ,
2483 3412 2702 3465 nomine
2737 3416 3022 3470 Arsenius.
3058 3414 3265 3471 Similis
3296 3418 3369 3471 illi
3401 3434 3509 3473 non

1918 3504 2001 3549 est
2046 3496 2187 3551 alius
2218 3500 2310 3568 qui
2346 3500 2417 3553 sit
2442 3503 2596 3570 juxta
2630 3503 2924 3560 Theodosii
2972 3507 3114 3575 regis
3149 3509 3408 3578 placitum
3454 3522 3510 3567 et

1916 3586 2007 3654 qui
2062 3588 2206 3644 [ilius
2255 3589 2378 3658 ejus
2430 3593 2578 3645 omni
2651 3596 2877 3650 scientia
2927 3597 3107 3651 divina
3164 3609 3219 3652 et
3268 3600 3505 3655 humana

1919 3677 2170 3732 instruat.
2197 3680 2299 3736 Sed
2332 3683 2517 3737 nescio
2556 3700 2623 3737 an
2654 3702 2982 3743 assensurus
3007 3690 3100 3751 sit,
3129 3692 3258 3759 quia
3292 3702 3505 3761 tempus

1914 3768 2258 3827 educationis
2322 3776 2587 3832 normalis
2631 3779 2735 3833 sibi
2782 3796 2872 3848 pra
2892 3779 3085 3835 ﬁnivit.
3144 3780 3507 3840 Nihilominus

1915 3861 1960 3915 si
1989 3860 2215 3930 jusserit
2249 3875 2421 3920 vestra
2458 3879 2698 3936 potestas
2719 3909 2733 3931 .
2765 3888 2888 3924 eum
2920 3871 3312 3925 advocabimus
3341 3883 3396 3928 ct
3435 3876 3504 3931 de

1915 3971 1970 4009 re
2003 3956 2105 4012 ista
2136 3957 2491 4015 disseremus.
2530 3980 2549 4014 ι
2595 3961 2690 4016 llis
2746 3964 2985 4028 auditis,
3020 3980 3113 4019 rex
3155 3965 3309 4019 valde
3345 3965 3499 4019 laeta-

1912 4056 2000 4103 tus
2028 4058 2134 4105 est.
2166 4051 2227 4104 Et
2247 4053 2522 4111 mittentes
2557 4056 2843 4110 Arsenium
2886 4056 3313 4112 areessiverunt.
3364 4058 3499 4114 Cum

1908 4141 2246 4207 advenisset,
2303 4162 2397 4200 rex
2447 4147 2494 4201 ei
2534 4147 2671 4200 dixit
2708 4165 2722 4200 :
2771 4167 2788 4198 ι
2829 4146 2981 4201 Haud
3033 4158 3352 4218 potestatem
3395 4166 3499 4205 no-

1907 4241 2075 4286 stram
2104 4234 2234 4287 latet
2267 4245 2357 4289 tua
2385 4239 2450 4289 ad
2484 4236 2652 4289 Dettttt
2686 4241 3031 4292 conversatio
3065 4250 3269 4311 tuaque
3303 4242 3501 4297 virtute

1906 4324 2060 4379 dives
2129 4326 2257 4379 vita.
2305 4326 2421 4381 lmo
2476 4345 2617 4397 saepe
2662 4329 2943 4397 pulchram
3000 4342 3144 4385 tuam
3177 4333 3370 4400 agendi
3408 4350 3497 4386 ra-

1906 4418 2104 4472 tionem
2168 4420 2474 4486 audientes,
2527 4423 2682 4476 valde
2728 4422 2888 4476 la-tati
2950 4438 3159 4480 sumus.
3223 4426 3362 4481 Cum
3396 4443 3498 4481 au-

1831 4517 1873 4573 o
1906 4517 2010 4562 tem
2078 4510 2170 4580 qui
2228 4510 2509 4566 nobiscum
2578 4524 2766 4583 regnat
2815 4512 3193 4582 Theodosius,
3233 4519 3391 4573 nobis
3424 4519 3499 4571 les

1899 4597 2171 4670 sationem
2216 4602 2425 4657 miserit
2456 4618 2655 4671 rogans
2682 4604 2843 4659 talem
2875 4606 2978 4660 sibi
3019 4606 3293 4662 hominem
3341 4610 3491 4666 mitti

1897 4690 1989 4759 qui
2025 4692 2197 4761 possit
2223 4691 2364 4747 ﬁlios
2392 4692 2632 4762 ipsiusin
2667 4695 2815 4749 omni
2843 4696 3040 4765 pietate
3057 4706 3115 4750 et
3148 4698 3498 4770 philosophia

1897 4782 2157 4848 educare,
2222 4793 2503 4854 propterea
2566 4792 2619 4840 te
2678 4786 2768 4856 qui
2837 4786 3141 4843 secundum
3205 4788 3373 4843 Deum
3431 4804 3502 4843 es

1896 4876 2299 4941 arcessivimus,
2336 4885 2394 4931 ttt
2421 4887 2474 4931 ct
2505 4876 2643 4935 filios
2706 4880 2856 4935 illius
2911 4880 3214 4935 secundum
3250 4882 3489 4948 gratiam.

1906 4984 2026 5039 quae
2064 4968 2216 5024 tibia
2241 4968 2353 5024 Deo
2387 4970 2509 5025 data
2537 4982 2621 5027 est
2645 5012 2661 5037 ,
2703 4974 2954 5027 edoceas.
3006 4972 3122 5027 Non
3156 4973 3301 5027 (‘Illlll
3343 4973 3493 5030 hanc

1904 5074 2016 5113 rem
2076 5060 2329 5130 cuiquam
2374 5061 2592 5117 incaute
2637 5072 2692 5118 et
2726 5074 2926 5119 temere
2961 5065 3285 5119 credendam
3320 5104 3335 5127 ,
3377 5065 3489 5121 nisi

1902 5163 2008 5206 tuae
2053 5153 2296 5222 religioni
2342 5154 2704 5211 decrevimus.
2751 5176 2770 5209 ›
2817 5156 3080 5211 Arsenius
3136 5166 3314 5223 autem
3367 5160 3486 5227 regi

1886 5246 2020 5299 dixit
2047 5262 2060 5299 :
2087 5263 2107 5298 ε
2140 5245 2255 5300 Non
2281 5247 2943 5318 ignorat.re|igiosissime
2961 5266 3076 5312 rex.
3095 5249 3481 5303 sanctissimus

1888 5348 2040 5404 pater
2092 5349 2280 5391 noster
2330 5337 2473 5408 Papa
2506 5340 2765 5395 vilitatem
2817 5357 3032 5404 meam,
3065 5342 3331 5411 siquidem
3363 5358 3483 5403 non

1886 5429 2065 5482 adhuc
2121 5430 2300 5484 inveni
2355 5441 2567 5501 tempus
2625 5433 2885 5487 exteriori
2950 5433 3304 5505 philosophia:
3355 5445 3474 5490 slu-

1893 5521 2077 5586 dendi,
2112 5524 2405 5588 przesertim
2439 5540 2562 5579 eum
2594 5525 2662 5579 ab
2697 5526 2796 5580 ista
2826 5541 2982 5581 sacra
3012 5542 3271 5583 manuum
3303 5526 3479 5601 impo-

1406 5673 1601 5734 νοτίδι
1633 5674 1945 5738 lectiones
1984 5688 2044 5741 ct
2090 5690 2276 5745 notae.

293 5811 339 5841 θ’
376 5810 541 5864 αὑτοῦ
571 5812 761 5873 codex.
789 5814 882 5870 sed
935 5816 1073 5871 infra
1110 5818 1288 5871 αὐτόν.
1372 5820 1416 5851 ³⁸
1440 5821 1609 5875 ὀσεῖὶ.
1643 5825 1763 5878 cod.

1919 5829 2075 5881 τοῦτο
2105 5830 2226 5884 Ctnl.
