4086 6218
534 345 639 411 723

1733 340 2059 403 GEORGII
2102 338 2316 403 ΗΑΜΑ
2330 337 2555 405 RTOLI

3687 336 3795 404 ’πει

596 462 939 520 Theodosius
982 461 1340 517 nihilominus
1393 461 1767 531 indignatione
1817 476 2110 516 succensus

2285 463 2332 494 ⁸⁰
2366 462 2477 532 (19)
2520 462 2801 525 Θεοδόσιος
2832 463 2887 516 δὲ
2935 463 3086 517 οὐδὲν
3112 458 3277 536 ἧττον
3335 461 3601 531 ἀναφθιὶς
3652 461 3796 515 ὅπλα

525 560 787 612 adversus
820 555 1122 625 Eugenium
1178 556 1232 609 in
1270 555 1414 609 illius
1449 555 1627 610 locum
1662 556 2017 608 constitutum
2050 553 2103 607 in

525 650 816 707 vindictam
865 666 1017 704 arma
1065 650 1353 719 corripuit,
1389 647 1492 702 hac
1537 647 1805 703 sententia
1841 663 1868 700 a
1898 644 2108 700 Joanne

524 744 794 797 monacho
826 739 1046 812 Egypti
1111 741 1362 795 solitario
1400 751 1649 810 accepta.
1689 738 1793 793 Iste
1827 739 1971 793 enim
2022 738 2108 790 di-

525 835 685 889 vinus
717 832 797 886 vir
850 834 1257 901 nonagenarius
1292 832 1359 885 ad
1390 840 1596 886 tantam
1632 835 1952 899 pervenerat
1980 838 2111 884 aeta-

475 977 489 1001 ὶ
526 938 634 980 tem
670 925 821 980 solus
850 939 1199 995 permanens,
1234 939 1407 989 neque
1450 922 1517 977 de
1561 922 1755 976 cellula
1799 922 2107 992 egrediens,

480 1038 486 1047 ι
525 1032 697 1087 neque
721 1016 884 1069 alium
927 1016 1077 1070 intus
1114 1014 1408 1084 recipiens;
1432 1029 1527 1079 per
1562 1014 1928 1068 fenestrellam
1961 1014 2105 1068 enim

484 1117 733 1185 itantum
792 1106 1150 1163 benedicebat
1212 1115 1265 1161 et
1310 1094 1611 1176 accipiebat
1664 1121 1760 1160 eos
1818 1108 1910 1176 qui
1964 1107 2107 1176 apud

480 1265 493 1281 ⁴
523 1214 701 1269 ipsum
739 1198 1135 1263 devcniebant;
1183 1213 1291 1253 non
1326 1207 1507 1252 autem
1547 1198 1697 1252 omni
1742 1197 1851 1258 die.
1896 1199 1989 1253 sed
2022 1199 2107 1253 bis

484 1302 492 1313 '
523 1294 576 1345 in
615 1290 978 1358 hebdomada,
1026 1290 1267 1346 Sabbato
1292 1301 1343 1344 et
1384 1290 1667 1344 Dominica
1705 1310 1719 1346 :
1752 1291 1967 1345 caeteris
2015 1306 2110 1343 au-

523 1396 629 1438 tem
661 1386 855 1441 diebus
904 1401 1012 1439 non
1051 1400 1109 1441 se
1156 1384 1323 1439 videri
1366 1384 1582 1438 sinebat
1616 1383 1707 1437 ulli
1752 1384 1978 1447 homini,
2014 1383 2109 1437 sed

523 1478 764 1549 jejuniis,
808 1479 1004 1550 vigiliis
1038 1495 1101 1534 ac
1150 1478 1492 1533 orationibus
1525 1478 1775 1533 vacabat.
1825 1478 1891 1531 Et
1929 1477 2110 1531 videre

523 1583 641 1628 erat
668 1574 887 1629 beatum
920 1582 1090 1628 totum
1124 1587 1350 1641 corpore
1390 1580 1607 1641 propter
1656 1586 1899 1625 severam
1946 1569 2112 1623 disci-

525 1666 726 1734 plinam
755 1675 1150 1722 extenuatum:
1204 1664 1343 1720 nihil
1392 1663 1537 1718 enim
1588 1663 1733 1717 aliud
1766 1678 1929 1732 quam
1966 1663 2110 1731 legu-

525 1757 672 1812 mina
697 1771 1008 1827 pancosque
1031 1757 1246 1812 fructus
1279 1764 1401 1825 post
1428 1755 1561 1810 solis
1591 1770 1847 1811 occasum
1880 1754 2113 1808 mandu-

524 1850 724 1906 cabat:
761 1864 886 1904 nam
932 1850 998 1904 de
1045 1864 1208 1918 pane,
1254 1848 1402 1912 vino,
1440 1847 1583 1909 oleo,
1621 1856 1677 1901 et
1737 1848 1950 1901 caeteris
1991 1861 2113 1916 qua:

525 1942 581 1995 in
637 1940 760 1998 foco
808 1942 1033 1997 ardente
1085 1948 1398 2010 coquuntur
1454 1939 1601 2009 loqui
1668 1940 2111 2007 supersedemus.

531 2032 625 2089 llis
680 2043 736 2087 et
808 2033 1007 2088 talibus
1076 2032 1276 2086 divinis
1346 2030 1622 2085 exercitiis
1694 2040 1904 2084 noctem
1968 2029 2115 2083 dies-

524 2141 630 2194 que
668 2140 1001 2179 consumens
1034 2132 1259 2177 sanctus
1314 2123 1528 2177 celeber
1579 2122 1847 2176 evadebat
1901 2128 1955 2174 et
1987 2136 2112 2190 pro-

527 2217 721 2283 phetiae
761 2215 905 2268 dono
938 2215 1268 2284 replebatur,
1329 2214 1702 2284 prmnuntians
1735 2224 1849 2267 tum
1900 2211 2110 2277 futura,

527 2318 641 2360 tum
689 2306 991 2376 unicuique
1042 2307 1362 2361 abscondite
1414 2306 1555 2360 facta
1590 2306 1676 2361 vel
1729 2306 1986 2376 cogitata.
2040 2306 2115 2361 De

528 2398 651 2453 Nilo
679 2415 808 2453 vero
842 2409 896 2454 et
926 2400 991 2454 de
1029 2399 1327 2453 fertilitatis
1362 2399 1482 2466 ejus
1515 2408 1611 2453 aut
1644 2399 1950 2454 sterilitatis
1976 2407 2112 2453 tem—

527 2507 656 2560 pore
701 2492 880 2547 minas
922 2502 1014 2545 aut
1052 2492 1215 2546 aliam
1260 2508 1288 2546 a
1322 2490 1429 2545 Deo
1464 2490 1918 2561 superventuram
1954 2492 2113 2560 puni-

526 2584 730 2639 tionem
763 2583 1089 2654 praedicebat
1120 2593 1173 2638 et
1205 2593 1521 2655 peccatores
1547 2584 1719 2640 libere
1751 2586 2112 2656 redarguebat

527 2676 633 2731 Sed
695 2676 824 2745 quid
884 2676 1050 2730 multa
1097 2676 1494 2745 limpossibile
1543 2677 1685 2730 enim
1744 2687 1828 2732 est
1890 2693 1952 2733 os
2018 2684 2114 2731 aut

526 2778 761 2821 mentem
815 2767 1097 2821 hominum
1156 2783 1446 2823 numerare
1489 2768 1823 2823 mirabilinm
1883 2771 2003 2837 ejus
2048 2785 2112 2824 ac

525 2859 785 2912 virtutum
814 2873 1105 2913 oceanum.
1138 2858 1218 2913 Ad
1247 2860 1395 2914 hunc
1436 2860 1602 2931 igitur
1632 2861 1781 2915 misit
1810 2877 1904 2916 rex
1934 2862 2112 2917 Theu~

524 2950 713 3006 dosius
760 2949 826 3003 ad
875 2950 1255 3005 adducendum
1304 2964 1454 3014 eum,
1507 2951 1809 3020 deprecans
1857 2961 1908 3006 et
1957 2951 2114 3008 obse-

525 3057 711 3107 crans,
762 3052 823 3097 ut
863 3044 1205 3098 orationibus
1244 3044 1368 3113 ejus
1416 3043 1662 3099 munitus
1702 3060 1939 3114 pugnam
1983 3060 2107 3099 cum

2212 555 2356 608 κατὰ
2396 555 2658 622 Εὐγενίου
2700 553 2795 607 τοῦ
2825 555 3026 618 εἰςητὸν
3059 555 3221 609 τόπον
3275 555 3447 608 αὐτοῦ
3485 555 3799 609 καταστάνο

2209 666 2300 712 τος
2329 649 2409 709 είς
2462 648 2743 718 ἐκδίκησιν
2797 649 3043 718 ἥρπασε,
3090 649 3188 718 τὴν
3217 648 3413 702 τούτου
3440 646 3671 716 γνώμην
3707 646 3800 700 διὰ

2211 740 2458 792 Ἰωάννου
2482 739 2719 809 μοναχοῦ
2750 739 3064 810 ήσυχαστοῦ
3103 738 3405 808 Αἰγυπτίου
3430 736 3797 810 μεμαθηκώς.

2222 831 2282 883 '0
2312 830 2419 899 γάρ
2451 847 2534 883 τοι
2570 830 2713 893 θεῖος
2759 827 2914 895 οὗτος
2944 831 3083 902 ἀνὴρ
3116 832 3571 900 ἐνενηκονταετὴς
3613 830 3801 883 πέλων

2211 920 2309 991 τὴν
2336 922 2553 992 ἡλικίαν
2579 925 2635 975 ἐν
2668 922 2922 993 σπηλαίῳ
2950 922 3221 992 κατέμενε
3254 925 3437 989 μόνος,
3473 922 3610 993 μήτε
3630 921 3799 985 αὐτὸς

2212 1013 2572 1083 ἐξερχόμενος
2613 1015 2712 1085 τῆς
2755 1014 2975 1084 κέλλης,
3008 1016 3148 1086 μήτε
3205 1014 3365 1069 ἄλλον
3418 1013 3802 1083 εἰσδεχόμενος

2206 1107 2360 1167 ,ἔνδον
2383 1126 2397 1139 ι
2424 1108 2646 1178 ηὐλόγει
2677 1109 2787 1179 γὰρ
2822 1110 2984 1179 μόνον
3011 1108 3100 1162 διὰ
3133 1098 3351 1178 θύρίδος
3391 1109 3487 1162 καὶ
3514 1106 3804 1179 ἠσπάζετο

2210 1198 2338 1261 τοὺς
2367 1198 2504 1269 πρὸς
2530 1198 2692 1251 αὐτὸν
2718 1199 3168 1267 παραϐάλλοντας
3194 1216 3208 1230 ’
3235 1200 3329 1253 καὶ
3351 1199 3577 1263 τούτους
3602 1200 3665 1253 οὐ
3684 1200 3803 1254 δια-

2214 1290 2438 1356 παντός,
2473 1290 2610 1344 ἀλλὰ
2661 1291 2742 1355 δὶς
2796 1293 2839 1325 ⁸¹
2880 1295 2981 1361 τῆς
3019 1294 3337 1363 ἑϐδομάδος,
3388 1294 3661 1365 Σαϐϐάτῳ
3703 1296 3801 1349 καὶ

2213 1380 2469 1450 Κυριακῇ
2496 1398 2509 1410 ·
2542 1381 2641 1444 τὰς
2687 1382 2745 1434 δέ
2792 1383 2987 1447 λοιπὰς
3021 1384 3239 1456 ἡμέρας
3284 1387 3547 1456 ἀπρόῖτος
3581 1386 3800 1457 ὑπῆρχε

2214 1472 2377 1524 παντὶ
2403 1472 2696 1543 ἀνθρώπῳ,
2722 1476 3002 1545 νηστείαις
3031 1478 3124 1529 καὶ
3158 1478 3493 1549 ἀγρυπνίαις
3519 1481 3613 1532 καὶ
3634 1495 3805 1548 προσ-

2213 1566 2403 1634 εὐχαῖς
2460 1563 2772 1634 σχολάζων.
2803 1568 2913 1621 Καὶ
2960 1564 3028 1640 ἦν
3080 1569 3208 1625 ίδείν
3245 1572 3337 1623 τὸν
3375 1571 3651 1640 μακάριον
3677 1572 3802 1624 ὅλον

2212 1654 2352 1712 εἶναι
2389 1660 2793 1730 ἐκτετηγμένον
2819 1661 2899 1728 τῷ
2930 1660 3146 1729 σώματι
3168 1665 3235 1717 δι’
3260 1665 3437 1732 ἄκραν
3470 1663 3801 1734 σκληραγωο

2216 1746 2342 1815 γίαν
2366 1765 2381 1779 σ
2408 1749 2502 1801 καὶ
2537 1748 2647 1819 γὰρ
2703 1750 2893 1819 ἢσθιεν
2944 1753 3102 1807 οὐδὲν
3157 1755 3346 1825 ἕτερον
3381 1756 3413 1826 ἢ
3463 1756 3676 1826 λάχανα
3702 1757 3802 1809 καὶ

2214 1838 2399 1907 ὀλίγας
2448 1841 2669 1911 ὀπώρας
2706 1843 2887 1913 (1271³)
2926 1844 3066 1913 μετὰ
3099 1845 3251 1900 δύσιν
3306 1848 3487 1917 ἡλίου·
3522 1851 3654 1916 περὶ
3688 1848 3799 1919 γὰρ

2216 1930 2383 2002 ἄρτου
2409 1933 2553 1986 οίνου
2582 1951 2641 1985 τε
2674 1938 2769 1988 καὶ
2812 1937 2994 1989 ἐλαίου
3026 1939 3121 1992 καὶ
3165 1940 3274 1993 τῶν
3321 1941 3527 1994 λοιπῶν
3568 1944 3670 1995 ὅσα
3709 1942 3800 1995 διὰ

2217 2025 2389 2093 πυρὸς
2434 2025 2546 2095 ἔχει
2583 2024 2681 2095 τὴν
2728 2028 2946 2097 χρῆσιν,
2982 2030 3236 2098 περιττόν
3273 2033 3393 2084 ἐστι
3445 2034 3541 2087 καὶ
3595 2032 3799 2101 λέγειν.

2216 2119 2441 2183 Τούτοις
2472 2122 2566 2173 καλ⁵
2596 2123 2710 2183 τοῖς
2748 2122 3013 2186 τοιούτοις
3048 2124 3214 2188 θείοις
3252 2126 3650 2196 κατορθώμασι
3686 2127 3804 2180 δια-

2216 2212 2557 2279 νυκτερεύων
2601 2213 2696 2265 καὶ
2737 2212 3079 2285 διημερεύων
3111 2216 3275 2288 487
3305 2220 3332 2271 ό
3382 2218 3529 2281 ὅσιος
3576 2218 3803 2287 ἔκδηλος

2214 2305 2435 2370 ἐγένετο
2455 2306 2548 2357 καὶ
2570 2307 2929 2376 προφητικῶν
2948 2310 3307 2379 χαρισμάτων
3329 2309 3604 2380 ἔμπλεως,
3659 2328 3801 2383 προ-

2218 2397 2500 2467 σημαίνων
2523 2397 2636 2451 ἔσθ’
2659 2400 2747 2452 ὅτε
2779 2400 2844 2451 τὰ
2877 2400 3137 2469 μέλλοντα
3181 2402 3277 2455 καὶ
3305 2404 3372 2456 τὶ
3392 2404 3639 2473 κρυφίως
3668 2405 3801 2458 ἐκάο

2217 2508 2328 2560 στῳ
2345 2491 2711 2562 πεπραγμένα
2728 2493 2822 2546 καὶ
2838 2493 3048 2546 διανοού
3058 2510 3211 2563 μενα.
3225 2495 3334 2548 Καὶ
3355 2494 3539 2563 μέντοι
3556 2496 3651 2548 καὶ
3668 2494 3801 2563 περὶ

2216 2582 2309 2635 τοῦ
2344 2583 2542 2636 Νείλου
2575 2584 2666 2637 καὶ
2694 2584 2793 2653 τῆς
2826 2584 3088 2653 εὐφορίας
3131 2585 3323 2647 αὐτοῦ,
3367 2586 3399 2655 ἢ
3435 2588 3531 2639 καὶ
3561 2585 3800 2656 ἀφορίας

2216 2672 2308 2725 τοῦ
2341 2671 2623 2742 χρόνου,ἢ
2662 2670 2913 2742 ἀπειλὴν,
2960 2674 2992 2744 ἢ
3038 2673 3233 2741 ἑτέραν
3284 2674 3620 2746 ἐπέρχεσθαι
3668 2674 3800 2743 μὲλ-

2215 2763 2413 2815 λουσαν
2438 2764 2587 2834 παρᾶ
2611 2763 2747 2817 Θεοῦ
2773 2765 2819 2796 ⁸²
2855 2764 3203 2835 προηγόρευε
3233 2769 3329 2819 καὶ
3371 2768 3497 2831 τοὺς
3543 2767 3801 2837 ἁμαρτά-

2216 2871 2405 2919 νοντας
2441 2854 2728 2927 παρρησίᾳ
2783 2856 3092 2927 διήλεγχεν.
3128 2858 3237 2910 Καὶ
3262 2858 3313 2910 τί
3342 2858 3406 2928 δὴ
3436 2857 3483 2889 ⁸³
3511 2857 3681 2910 πολλὰ
3707 2858 3800 2911 λέ-

2215 2965 2373 3017 γεινς
2402 2949 2664 3002 ἀδυνατεῖ
2689 2950 2798 3019 γὰρ
2855 2949 3027 3017 στόμα
3058 2950 3152 3002 καὶ
3187 2952 3313 3014 νοῦς
3339 2950 3646 3019 ἀνθρώπων
3676 2952 3799 3021 ἀρι-

2216 3042 2376 3110 θμεῖν
2413 3039 2522 3093 τῶν
2558 3039 2855 3109 θαυμάτων
2886 3040 3054 3094 αὐτοῦ
3097 3040 3130 3112 ἢ
3178 3041 3289 3094 τῶν
3337 3043 3550 3111 ἀρετῶν
3588 3042 3650 3094 τὸ
3694 3043 3798 3096 πέ-

524 3133 855 3191 adversariis
919 3137 1203 3205 inciperet.
1277 3137 1371 3192 Ille
1461 3151 1591 3191 vero
1645 3138 1985 3206 praesentiam
2040 3138 2110 3192 ob

2218 3131 2404 3199 λαγος.
2444 3129 2584 3201 Πρὸς
2612 3129 2800 3184 τοῦτον
2853 3130 2948 3184 οὖν
2985 3131 3076 3184 τὸν
3127 3130 3389 3200 θεοφόρον
3418 3131 3740 3183 ἀπέστειλεν
3769 3133 3801 3184 ό

526 3229 842 3297 religionem
908 3228 1225 3295 recusavit,
1309 3229 1404 3283 sed
1468 3244 1628 3299 prece
1710 3229 1883 3294 facta,
1948 3245 2110 3300 super

526 3318 719 3375 baculo
750 3332 857 3387 quo
907 3317 1181 3372 nitebatur
1211 3326 1265 3371 et
1288 3319 1489 3373 amictu
1520 3334 1631 3389 quo
1653 3319 1853 3374 collum
1878 3320 2111 3374 cireum-

526 3406 710 3470 dabat,
752 3407 867 3459 haec
908 3406 974 3459 ad
1017 3407 1195 3475 ipsum
1242 3407 1409 3470 misit,
1458 3409 1812 3475 denuntians,
1859 3420 1919 3464 ut
1968 3409 2106 3464 ami~

527 3505 674 3550 ctum
729 3510 826 3564 pro
871 3496 1020 3565 galea
1059 3512 1223 3566 super
1272 3508 1436 3565 caput
1485 3500 1759 3566 indueret,
1809 3511 1862 3554 et
1915 3501 2109 3555 baculo

528 3602 627 3656 pro
663 3588 849 3644 lancea
896 3588 1116 3644 dextera
1158 3606 1322 3644 manu
1371 3601 1616 3647 uteretur
1646 3602 1699 3646 et
1736 3593 1951 3663 primus
1985 3605 2111 3650 ante

526 3681 822 3735 exercitum
869 3682 1212 3751 procederet.
1258 3682 1369 3738 Rex
1400 3694 1581 3740 autem
1625 3684 1989 3752 Theodosius,
2025 3688 2110 3743 his

526 3789 555 3825 a
592 3783 782 3826 saneto
818 3773 1001 3828 missis
1038 3774 1123 3843 pie
1153 3772 1492 3842 fideliterque
1524 3778 1781 3846 acceptis,
1809 3779 1876 3831 ad
1909 3778 2108 3832 bellum

526 3879 587 3920 se
613 3865 859 3934 parabat,
899 3882 1004 3920 non
1037 3875 1145 3920 tam
1174 3882 1475 3932 armorum,
1516 3868 1823 3935 jaeulorum
1868 3879 1921 3924 et
1964 3871 2111 3925 mili-

529 3966 640 4011 tum
672 3957 1038 4025 multitudine,
1069 3973 1233 4027 quam
1287 3960 1459 4013 sancti
1488 3959 1717 4029 jejuniis
1754 3976 1819 4015 ac
1846 3962 2110 4016 orationi-

528 4051 629 4104 bus
658 4050 919 4106 conﬁsus.
969 4052 1079 4106 lste
1120 4050 1266 4107 enim
1317 4067 1514 4106 novam
1554 4053 1656 4123 ipsi
1710 4055 2111 4123 praenuntiabat

526 4143 836 4209 victoriam,
887 4160 995 4199 non
1037 4154 1325 4199 cruentum
1365 4160 1463 4215 pro
1500 4146 1619 4214 ipso
1656 4145 1773 4201 fore
1808 4157 2107 4213 certamen,

529 4236 625 4292 sed
661 4252 725 4290 ex
768 4245 997 4307 utraque
1046 4244 1199 4306 parte
1240 4239 1468 4291 multum
1522 4252 1778 4293 cruorem
1829 4255 1950 4294 eSse
1983 4239 2108 4294 fun-

528 4329 791 4383 dendum.
840 4329 1120 4385 Circuibat
1165 4340 1348 4386 autem
1378 4346 1502 4385 cum
1544 4330 1819 4401 episcopis
1849 4343 1902 4385 et
1933 4348 2109 4401 pupu-

526 4419 594 4475 lis
639 4434 831 4476 omnes
870 4422 1138 4479 orationis
1191 4423 1361 4488 locos,
1412 4424 1901 4491 prosternebatque
1946 4438 2007 4478 se
2054 4424 2107 4476 in

2226 3223 2482 3295 βασιλεὺς
2520 3223 2800 3287 Θεοδόσιος
2828 3223 3093 3293 σκυλῆναι
3121 3224 3286 3277 αὐτὸν
3328 3223 3670 3293 παρακαλῶν
3703 3224 3798 3277 καὶ

2218 3317 2549 3372 ἐκδυσωπῶν
2576 3317 2680 3379 ἕως
2731 3316 2923 3382 αὐτοῦ,
2949 3318 3100 3379 ὅπως
3135 3319 3255 3380 ταῖς
3288 3316 3500 3369 ἐκείνου
3560 3333 3797 3386 προσευι

2219 3412 2339 3481 χαίς
2365 3410 2783 3479 ἐφοδιαζόμενος
2816 3410 2914 3480 τῆς
2940 3409 3076 3480 πρὸς
3118 3411 3243 3474 τοὺς
3289 3408 3618 3472 ἀντιπάλους
3660 3427 3797 3463 κατ’

2218 3502 2402 3573 ἁρξειε
2429 3502 2629 3573 μάχης.
2682 3501 2742 3555 '0
2784 3502 2841 3554 δὲ
2892 3502 2993 3572 τὴν
3027 3502 3336 3572 παρουσίαν
3395 3502 3495 3571 μὲν
3536 3502 3678 3571 ὐπέρ
3705 3501 3799 3553 εὐ·

2219 3594 2441 3656 λαϐείας
2466 3592 2777 3660 ἀνεϐάλετο,
2821 3595 2987 3663 εὐχὴν
3020 3593 3077 3647 δέ
3113 3595 3203 3645 ἐπί¹
3231 3596 3297 3663 τῇ
3341 3591 3617 3664 βακτηρίᾳ
3649 3592 3736 3660 ἐφ’

2219 3688 2585 3757 ἐπεστήρικτο
2640 3686 2736 3739 καὶ
2784 3685 2861 3756 τῷ
2937 3685 3304 3757 περιϐολαίῳ,
3339 3686 3366 3740 δ
3419 3686 3800 3756 περιαυχένιον

2218 3776 2404 3847 ἔφερε,
2441 3778 2834 3847 ποιησάμενος,
2875 3774 3051 3830 ταῦτα
3096 3777 3237 3848 πρὸς
3278 3776 3444 3830 αὐτὸν
3496 3776 3800 3845 ἐκπέμπει,

2219 3867 2734 3940 παραγγείλας,’ἴνα
2763 3868 2822 3920 τὸ
2852 3869 2951 3939 μὲν
2985 3867 3345 3939 περιϐόλαιον
3398 3868 3522 3922 ἀντὶ
3570 3869 3803 3938 κόρυθος

2218 3961 2312 4015 ἐπὶ
2338 3961 2435 4029 τὴν
2461 3960 2703 4030 κεφαλὴν
2731 3959 3130 4032 περιϐαλεῖται,
3165 3963 3229 4033 τῇ
3259 3960 3317 4016 δὲ
3345 3960 3622 4031 βακτηρίᾳ
3679 3961 3804 4015 ἀντὶ

2218 4054 2444 4125 δόρατος
2472 4056 2540 4126 τῇ
2576 4053 2728 4123 δεξιᾷ
2758 4054 2903 4125 χειρὶ
2950 4054 3226 4124 χρήσηται
3246 4054 3291 4086 ⁸⁸
3320 4055 3414 4107 καὶ
3457 4054 3676 4125 πρῶτος
3706 4053 3799 4108 τοῦ

2220 4146 2620 4217 στρατιωτικοῦ
2654 4145 2822 4199 αὐτοῦ
2870 4146 3343 4219 προπορεύσηται.
3376 4146 3436 4199 '0
3460 4145 3516 4199 δὲ
3547 4146 3801 4216 βασιλεὺς

2218 4240 2501 4304 Θεοδόσιος
2533 4239 2745 4303 πιστῶς
2784 4241 2879 4293 καὶ
2931 4239 3178 4303 εὐλαϐῶς
3211 4241 3281 4294 τὰ
3334 4241 3484 4311 παρὰ
3514 4239 3610 4293 τοῦ
3643 4240 3800 4309 ἁγίου

2220 4333 2485 4386 σταλέντα
2505 4332 2798 4400 δεξάμενος
2821 4331 2900 4395 είς
2919 4330 3010 4384 τὸν
3036 4331 3274 4402 πόλεμον
3292 4333 3801 4403 παρασκευάζεται,

2219 4426 2317 4496 οὐχ
2335 4424 2510 4487 οὕτως
2562 4426 2630 4496 τῇ
2685 4424 2795 4476 τῶν
2858 4422 3040 4477 ὅπλων
3074 4424 3170 4477 καὶ
3223 4423 3333 4476 τῶν
3378 4423 3549 4494 βελῶν
3580 4425 3802 4478 καὶτοῦ

527 4512 706 4568 cilicio
743 4522 868 4568 ante
895 4514 1094 4585 januas
1138 4527 1439 4588 martyrum
1466 4521 1520 4570 et
1545 4524 1856 4571 sanctorum
1894 4525 2110 4585 aposto-

2223 4517 2353 4570 λαοῦ
2386 4517 2465 4587 τῷ
2512 4516 2708 4588 πλήθει
2770 4516 2893 4570 ὅσον
2917 4518 2983 4587 τῇ
3033 4516 3144 4570 τῶν
3172 4517 3437 4587 νηστειῶν
3471 4518 3564 4571 καὶ
3593 4521 3659 4588 τῇ
3694 4518 3804 4572 τῶν

530 4603 732 4672 lorum,
762 4619 885 4660 sese
909 4617 1091 4676 aperte
1116 4610 1500 4663 demonstrans
1518 4612 1832 4664 sanctorum
1858 4609 2121 4663 interces-

532 4697 686 4753 sione
741 4697 1119 4753 ﬁdelissimum
1150 4699 1257 4756 sibi
1296 4714 1326 4753 a
1363 4698 1474 4754 Deo
1515 4698 1780 4753 auxilium
1814 4701 2112 4768 quaerebat.

527 4791 703 4845 Graeci
757 4804 889 4846 vero
932 4789 1121 4846 Romae
1162 4790 1475 4847 sacriﬁcare
1517 4791 1809 4846 studebant
1853 4800 1906 4845 et
1962 4792 2119 4846 victi-

530 4896 745 4936 marum
810 4883 1021 4937 viscera
1086 4883 1362 4950 serutari,
1425 4882 1709 4938 victoriam
1782 4883 2112 4952 imprudenti

530 4974 912 5042 promittentes
964 4974 1230 5045 Eugenio,
1282 4972 1541 5030 Flaviano
1586 4983 1702 5029 tum
1742 4975 1994 5045 praefecto
2025 4992 2113 5031 ar-

528 5067 745 5123 «lentius
784 5067 909 5123 aliis
970 5067 1087 5123 hac
1130 5077 1360 5136 agente;
1396 5067 1504 5132 hic,
1553 5066 1781 5121 multum
1814 5068 2112 5137 prudentiae

530 5174 644 5214 suae
677 5160 869 5227 ﬁdens,
904 5160 1160 5216 omnibus
1188 5159 1452 5215 suadebat
1497 5157 1803 5229 Eugenium
1843 5160 2106 5217 victorem

530 5252 651 5305 fore
695 5252 1031 5325 fulgendum.
1077 5252 1214 5308 Cum
1266 5262 1449 5308 autem
1501 5251 1842 5308 Theodosius
1888 5252 2108 5323 pietatis

2217 4610 2395 4679 εὐχῶν
2443 4609 2539 4663 τοῦ
2596 4610 2753 4677 ἁγίου
2815 4608 3091 4672 πεποιθώς
3119 4610 3167 4643 ⁸⁸
3196 4626 3210 4640 ο
3246 4604 3404 4673 οὗτος
3454 4612 3563 4681 γὰρ
3608 4611 3802 4682 καινὴν

2215 4700 2584 4769 ἐπηγγείλατο
2634 4700 2787 4771 αὐτῷ
2841 4701 2942 4772 τὴν
2996 4700 3177 4771 νίκην,
3206 4702 3553 4772 ἀναίμακτον
3584 4703 3799 4774 προϐή-

2216 4792 2406 4846 σεσθαι
2437 4793 2517 4855 εἰς
2543 4792 2605 4845 τὸ
2649 4792 2775 4845 κατ’
2801 4792 2987 4855 αὐτὸν,
3035 4792 3133 4846 καὶ
3163 4793 3272 4846 ἀπὸ
3300 4793 3565 4863 ἐκατέρου
3598 4794 3802 4865 μέρους

2213 4884 2465 4937 πλεῖστον
2499 4883 2779 4954 ἐκκεῖσθαι
2813 4885 3034 4955 μέλλειν
3058 4887 3105 4918 ⁸⁸
3138 4882 3300 4956 αἷμα.
3351 4886 3692 4958 Περιήρχετο
3744 4890 3800 4943 δὲ

2225 4977 2365 5048 μετὰ
2400 4977 2715 5031 ἐπισκόπων
2739 4977 2785 5010 ⁸⁷
2812 4977 2909 5032 καὶ
2964 4980 3103 5047 μετὰ
3129 4979 3372 5049 πλήθους
3406 4980 3617 5044 πάντας
3671 4983 3800 5046 τούς

2219 5069 2329 5122 τῶν
2382 5070 2556 5139 εὐχῶν
2614 5069 2813 5134 τόπους
2877 5071 2973 5124 καὶ
3035 5072 3300 5142 ἔρριπτεν
3328 5073 3520 5126 ἐαυτὸν
3554 5074 3664 5143 πρὸ
3689 5075 3802 5127 τῶν

2223 5161 2404 5232 θυρῶν
2455 5161 2565 5215 τῶν
2596 5161 2910 5233 Μαρτύρων
2943 5162 3174 5216 καὶτῶν
3219 5163 3418 5232 Ἀγίων
3457 5164 3800 5218 Ἀποστόλων
3837 5217 3850 5226 ,

2220 5253 2320 5306 ἐπὶ
2360 5253 2621 5320 κιλικίου,
2663 5254 2916 5321 ἐξαπλῶν
2946 5255 3163 5323 ἐαυτὸν,
3192 5256 3288 5310 καὶ
3309 5259 3378 5330 τῇ
3397 5257 3669 5330 πρεσϐείᾳ
3689 5258 3796 5312 τῶν

1771 5394 1969 5456 Varias
2013 5392 2319 5456 lectiones
2348 5397 2410 5454 et
2447 5398 2634 5454 noue.

603 5544 651 5619 ξ’
684 5546 821 5619 Περι
867 5548 1114 5601 Ἰωάννου
1149 5546 1406 5619 μοναχοῦ.
1442 5546 1574 5619 Ced.
1594 5542 1941 5619 7568A,”
1975 5562 1988 5599 :
2037 5544 2110 5619 'E‘

2220 5560 2315 5619 υσε
2345 5542 2420 5619 ’δὲ
2461 5543 2489 5594 ό

2532 5541 2705 5611 μέγας
2751 5541 2812 5595 Θ.
2853 5542 2934 5606 είς
2980 5544 3096 5598 ἐκδ.
3135 5543 3335 5597 αὐτοῦ’
3367 5543 3533 5609 ἐξιὼν
3556 5543 3611 5598 δὲ
3644 5542 3787 5595 κατὰ

538 5613 656 5687 τοῦ*
679 5612 963 5687 τυράννου,
986 5612 1249 5687 nonum
1289 5612 1400 5670 ὀὐκ
1431 5618 1565 5687 ἰδίᾳ,
1592 5617 1738 5686 ίσχύῖ
1775 5615 2082 5687 ἐθάρρησεν
2106 5613 2166 5668 Ἰ.
2186 5615 2243 5668 δέ
2274 5632 2326 5687 τ.
2461 5630 2536 5687 μ.Δ
2556 5612 2796 5687 μεγᾴλου
2822 5613 2921 5687 τὴν
2941 5614 3140 5687 ῥάϐδον
3156 5615 3218 5687 α.
3251 5615 3300 5687 δ,
3325 5615 3434 5687 τὴν
3462 5612 3708 5687 ἐπωμίδα
3733 5612 3795 5666 ει

544 5682 668 5751 ἀντὶ
693 5682 925 5751 κράνους
941 5684 1326 5751 ὁπλισάμενος.

550 5747 674 5801 σθαι
706 5747 828 5801 cod.
903 5748 946 5779 ⁸⁸
990 5747 1246 5822 βοηθείᾳῖ
1284 5747 1357 5806 cr.
1382 5753 1540 5809 infra.
1617 5747 1664 5785 ⁸³
1695 5753 1916 5822 ἔμελλεν
1944 5754 2064 5807 cod.

1420 5684 1734 5756 ’ξδὲύτερον
1749 5684 1919 5756 codex
1952 5700 1981 5739 e
2015 5700 2134 5756 com

2180 5685 2343 5757 endio
2364 5680 2411 5757 βζ
2432 5680 2573 5736 male
2600 5683 2805 5757 soluto.
2874 5680 3176 5756 ’⁸³’τιμίανῗ
3250 5684 3297 5717 ⁸³
3325 5683 3438 5738 δετΐ
3506 5684 3557 5716 ⁸⁸
3583 5680 3794 5757 χρήσας

2216 5753 2474 5807 ἐπισκόπ.
2514 5753 2635 5807 cod.
