3982 6224
419 260 466 322 ’ἶ
508 256 611 323 731
1216 328 1225 334 _
1719 262 1991 326 GEORGI

2085 264 2530 328 HAMARTOLI
3574 270 3645 334 132

462 349 727 436 quidem
784 365 1023 436 adjuvet,
1071 365 1265 421 horum
1328 378 1508 424 autem
1584 369 1829 427 humiliet
1876 355 2034 446 cogit:

2076 407 2078 413 ι
2110 376 2156 436 Α
2186 376 2283 445 τὴν
2328 375 2660 445 θρασύτητα,
2704 372 2932 439 ἐκείνοις
2965 376 3064 444 μὶν
3106 376 3200 448 τὴν
3244 386 3648 455 ταπεινοφροσύνην

497 467 635 513 ιιιω.
677 476 697 509 ι
2185 467 2302 520 δέον
2338 467 2683 538 προσφέρειν,
2705 465 2915 530 τούτοις
2955 468 3011 522 δέ
3049 470 3147 540 τὴν
3174 470 3411 541 ἀνδρείαν
3441 472 3662 528 66mins-

2186 576 2285 612 σαν
2313 559 2491 612 αὐτῶν
2520 558 2618 630 τὴν
2652 559 2758 612 ἀπὸ
2797 558 3133 631 θρασύτητος
3167 561 3337 628 δόξαν,
3373 564 3451 618 ἵνα
3472 566 3576 628 τοὺς
3590 568 3668 635 μὲν

2183 651 2459 723 ὠφελήσῃ,
2504 652 2611 705 τῶν
2642 653 2697 705 δέ
2732 651 3045 723 ταπεινώσῃ
3075 652 3133 707 re
3168 654 3425 724 φρόνημα.
3460 674 3476 707 ι

570 736 726 804 Quod
754 738 916 795 etiam
938 756 1167 812 magnus
1189 742 1422 800 Basilius
1448 758 1633 818 aperte
1661 750 1798 806 dixit
1824 771 1837 807 :
1878 772 1896 806 ι
1935 755 2076 812 Dicit

2260 747 2305 777 δ’
2344 745 2455 814 (l2)
2488 746 2662 812 Ὅπερ
2707 738 2800 798 οὖν
2829 746 2924 798 καὶ
2967 747 2997 798 δ
3043 746 3213 814 μέγας
3243 746 3497 811 Βασίλειος
3536 749 3673 817 δηλῶν

500 826 645 883 enim
685 829 1123 899 sapientissimus
1161 834 1419 891 Salomon
1446 855 1462 893 :
1489 836 1648 895 Omni
1690 843 1765 896 rei
1813 853 2027 916 tempus
2060 866 2072 916 ς

2180 835 2372 903 ἔλεγε·
2410 853 2428 885 ι
2470 833 2576 886 Τοῦ
2631 832 2944 902 σοφωτάτου
2974 834 3308 905 Σολομῶντος
3349 838 3588 906 φήσαντος
3611 837 3672 869 “-

497 918 779 975 sciendum
813 929 898 977 est
944 923 1266 982 humilitatis
1296 940 1349 983 et
1379 933 1668 999 potestatis
1697 942 1752 989 et
1779 939 2069 1006 exprobra-

2187 944 2205 977 t
2243 924 2449 996 Καιρδς
2495 924 2573 994 τῷ
2623 924 2786 977 παντὶ
2838 926 3148 995 πράγματι,
3182 944 3201 977 ι
3247 927 3431 981 είδέναι
3474 931 3585 999 χρὴ,
3616 931 3678 983 ὅτι

497 1008 663 1065 tionis
697 1021 750 1066 et
776 1014 1178 1071 exhortamenti
1213 1029 1267 1073 et
1300 1023 1577 1088 pareitatis
1609 1034 1665 1080 et
1699 1025 1986 1096 libertatis,
2020 1041 2069 1086 el

2183 1019 2277 1070 καὶ
2307 1016 2714 1086 ταπεινότητος,
2764 1014 2856 1069 καὶ
2904 1015 3175 1084 ἐξουσίας,
3229 1018 3316 1071 καὶ
3351 1018 3569 1087 ἐλέγχου,
3609 1020 3682 1072 καὶ

502 1102 757 1160 bonitatis
787 1116 840 1160 et
870 1109 1205 1175 severitatis,
1232 1129 1447 1184 unoque
1480 1116 1646 1172 verbo
1677 1118 1967 1187 cujuslibet
1998 1123 2074 1178 rei

2181 1108 2602 1179 παρακλήσεως,
2655 1107 2750 1161 καὶ
2809 1104 3060 1175 φειδοῦς,
3125 1108 3220 1160 καὶ
3265 1109 3569 1180 παρρησίας,
3611 1110 3685 1162 καὶ

501 1204 713 1265 tempus
740 1212 860 1253 esse
891 1202 1194 1269 preprium,
1228 1214 1285 1259 ut
1322 1216 1437 1262 tum
1464 1223 1526 1263 ea
1574 1224 1694 1279 qua!
1722 1221 1853 1267 sunt
1895 1212 2073 1268 humi-

2180 1198 2567 1270 χρηστότητος,
2596 1198 2689 1252 καὶ
2722 1198 3050 1267 άποτομίας,
3088 1198 3183 1253 καὶ
3221 1198 3361 1265 ἅπαξ
3387 1200 3551 1263 ἁπλῶς
3575 1217 3686 1253 πανο

499 1282 667 1337 litatis
701 1288 1034 1346 ostendcnda
1063 1293 1174 1348 sint
1204 1305 1256 1348 et
1284 1296 1438 1363 juxta
1478 1297 1819 1355 Dominicum
1848 1302 2071 1359 verbum

2179 1293 2271 1355 τὸς
2312 1293 2638 1363 πράγματος
2686 1292 2877 1363 καιρός
2916 1293 3061 1346 ἐστιν
3113 1292 3264 1357 ἴδιος,
3296 1292 3427 1346 ὥστε
3469 1294 3581 1346 ποτὲ
3611 1296 3687 1362 μὲν

499 1385 791 1440 puerorum
824 1376 1102 1436 humilitas
1136 1383 1433 1454 imitanda;
1470 1398 1581 1442 tum
1632 1406 1761 1445 vero
1809 1404 2071 1461 potestate

2180 1383 2250 1437 τὰ
2284 1386 2381 1452 τῆς
2405 1383 2791 1453 ταπεινότητος
2817 1383 3086 1437 δεικνύειν
3113 1384 3209 1438 καὶ
3249 1385 3512 1455 μιμεῖσθαι
3539 1389 3594 1456 τῇ
3617 1403 3690 1438 τα-

502 1466 784 1532 utendunt,
824 1486 985 1539 quam
1036 1472 1183 1529 dedit
1239 1476 1377 1533 Deus
1424 1479 1477 1533 in
1546 1481 1960 1539 aediﬁcationem
2026 1495 2074 1542 el

2182 1474 2439 1528 πεινώσει
2474 1474 2541 1529 τὰ
2593 1474 2783 1527 παιδία
2822 1473 2967 1528 κατὰ
2995 1476 3093 1545 τὴν
3147 1477 3423 1546 Κυριακὴν
3464 1477 3692 1547 φωνὴνίί,

506 1569 612 1609 non
640 1556 691 1610 in
723 1557 1170 1627 destruetiouem.
1206 1581 1329 1620 cum
1362 1571 1661 1626 necessitas
1692 1576 1882 1644 agendi
1913 1576 2078 1631 liber-

2184 1568 2314 1619 ποτὲ
2346 1567 2402 1620 δὲ
2436 1569 2500 1636 τῇ
2533 1566 2752 1635 ἐξουσίᾳ
2787 1567 3087 1637 κεχρῆσθαι
3110 1568 3156 1599 ⁸⁸
3189 1586 3211 1619 ‹
3243 1569 3309 1636 ἣν
3342 1568 3522 1621 ἔδωκεν
3545 1569 3569 1620 δ
3590 1568 3693 1631 θεὸς

504 1655 665 1703 tatem
697 1651 943 1720 requirit.
995 1654 1257 1712 Similiter
1281 1659 1679 1719 exhortationis
1703 1676 1946 1736 tempore
1984 1672 2076 1725 ho-

2126 1719 2157 1736 n
2186 1656 2263 1719 είς
2295 1655 2587 1726 οίκοδομὴν
2610 1656 2705 1708 καὶ
2730 1656 2831 1710 οὐκ
2850 1658 2930 1719 είς
2956 1655 3300 1726 καθαίρεσιν,
3338 1676 3355 1710 ι
3383 1659 3497 1711 ὅταν
3520 1659 3548 1727 ἡ
3574 1656 3698 1728 χρεία

503 1738 645 1796 nitas
678 1750 759 1797 est
789 1746 1145 1815 ostendenda,
1174 1751 1318 1806 sicut
1347 1756 1784 1825 exprobrationis
1840 1769 2075 1833 tempore

2126 1738 2158 1778 ⁵
2186 1748 2418 1819 ἐπιζητῇ
2454 1747 2551 1819 τὴν
2588 1748 2904 1820 παρρησίαν
2929 1766 2944 1780 ·
2977 1750 3070 1803 καὶ
3118 1752 3176 1804 ἐν
3223 1750 3394 1821 καιρῷ
3434 1750 3523 1820 μὲν
3561 1767 3698 1819 παρτ-

502 1831 651 1888 zelus
704 1837 1175 1909 manifestandus;
1229 1856 1283 1899 et
1342 1846 1395 1900 in
1451 1848 1683 1905 aliorum
1748 1869 2074 1927 unoquoque

2183 1840 2429 1912 κλήσεως
2454 1840 2514 1894 τὸ
2548 1843 2782 1912 χρηστὸν
2818 1842 3219 1909 ἐνδείκνυσθαι,
3246 1844 3301 1896 ἐν
3328 1844 3493 1914 καιρῷ
3520 1844 3569 1896 δὲ
3599 1845 3702 1895 ἁπο-

500 1926 703 1993 pariter
722 1931 1065 1991 rationabilis
1083 1945 1135 1990 et
1162 1937 1343 2005 justus
1366 1941 1705 2000 adhibendus
1729 1955 1814 2002 est
1840 1926 2034 2007 modus
2064 1968 2072 2005 :

2181 1932 2375 2001 τομίας
2409 1932 2500 1985 τδν
2559 1931 2721 2003 ζῆλον
2773 1934 3057 2004 ἐμφαίνειν
3109 1937 3212 1988 καὶ
3264 1937 3345 2004 ἐφ’
3375 1935 3581 1988 ἑκάστου
3620 1934 3704 1986 τῶν

503 2031 626 2071 nam
655 2018 893 2077 rationes
925 2022 1199 2091 iustorum
1228 2027 1445 2089 iudicia.
1477 2048 1496 2082 ι

2183 2021 2359 2075 ἄλλων
2397 2022 2596 2093 ὁμοίως
2630 2022 2720 2076 τδν
2763 2022 3014 2095 ἔγκριτον
3041 2025 3085 2058 ⁸³
3118 2026 3219 2079 καὶ
3260 2026 3460 2079 δίκαιον
3492 2025 3706 2095 λογισμὸν

2183 2119 2557 2191 ἀποφέρεσθαι
2578 2136 2593 2151 ο
2632 2120 2881 2191 λογισμοὶ
2920 2123 3029 2192 γάρ
3059 2122 3291 2178 δικαίων
3321 2123 3563 2196 κρίματα.
3591 2140 3605 2172 ι

574 2195 743 2253 Divus
769 2214 986 2272 quoque
1021 2202 1261 2262 lsidorus
1294 2207 1437 2263 beati
1472 2211 1800 2283 discipulus,
1828 2232 1925 2273 sua
1950 2234 2082 2275 voce

2250 2214 2296 2246 "
2322 2212 2431 2284 (l5)
2475 2214 2583 2265 Kal
2614 2212 2678 2284 δὴ
2733 2213 2825 2267 καὶ
2854 2215 2880 2266 ὁ
2915 2213 3172 2283 θεοφόρος
3230 2195 3489 2285 Ἰσίδωρος
3516 2214 3598 2267 καὶ
3636 2211 3710 2265 τοῦ

505 2287 685 2344 dicit:
724 2308 742 2341 ι
780 2290 917 2346 Ειιιιι
958 2295 1050 2362 qui
1104 2307 1298 2366 praeest
1354 2311 1568 2370 Oportet
1615 2319 1737 2361 esse
1770 2306 1973 2364 bonum
2017 2326 2077 2367 ac

2188 2306 2460 2377 μακαρίου
2513 2308 2773 2378 φοιτητής
2824 2323 2955 2359 ποτε
3006 2306 3200 2375 λέγει’
3241 2326 3260 2360 ι
3313 2309 3411 2360 Τὸν
3444 2307 3647 2376 ἄρχοντα
3671 2305 3712 2355 δὲ

511 2381 876 2448 tremendum,
914 2395 972 2440 ut
997 2388 1089 2457 qui
1124 2389 1261 2445 bene
1307 2392 1493 2447 vivunt
1528 2394 1780 2453 ﬁduciam
1824 2400 2079 2466 habeant,

2185 2398 2278 2450 καὶ
2313 2396 2515 2465 ἀγαθὸν
2571 2392 2710 2450 εἶναι
2750 2398 2829 2450 δεῖ
2884 2399 2979 2451 καὶ
3037 2399 3299 2470 φοϐερὸν,
3338 2400 3402 2452 ἵν’
3439 2401 3483 2453 oi
3541 2398 3625 2469 μὲν
3666 2391 3711 2449 εὖ

507 2477 563 2525 et
589 2472 683 2541 qui
720 2484 1033 2542 peccatores
1064 2488 1191 2534 sunt
1226 2492 1372 2538 metu
1417 2487 1802 2543 contineantur
1849 2509 1864 2546 ζ
1913 2508 2079 2548 unum

2186 2489 2430 2559 βιοῦντες
2458 2489 2730 2561 θαῤῥοῖεν,
2753 2492 2801 2543 oi
2830 2490 2875 2543 δ’
2899 2490 3314 2561 ἁμαρτάνοντες
3336 2494 3561 2546 ὁκνοῖενο
3588 2490 3714 2543 θάτε-

504 2562 650 2617 onim
684 2564 892 2636 absque
927 2569 1098 2625 altero
1130 2571 1374 2628 absentia
1411 2578 1589 2645 potius
1621 2595 1783 2650 quam
1826 2599 1958 2639 usus
1980 2602 2076 2640 au-

2190 2596 2281 2649 pov
2314 2581 2425 2648 γάρ
2475 2579 2703 2647 θατέρου
2759 2580 2948 2649 χωρὶς,
2986 2580 3263 2651 ἀναρχίας
3309 2582 3501 2652 μᾶλλον
3543 2577 3715 2646 ἐστινῆ

510 2654 785 2713 ctoritatis
830 2666 931 2713 est.
959 2657 1167 2716 Etenim
1216 2664 1261 2720 si
1294 2669 1476 2723 cuncti
1498 2670 1701 2728 dociles
1760 2684 1813 2729 et
1866 2677 2082 2735 virtutis

2186 2671 2380 2741 ἀρχῆς.
2418 2670 2481 2723 Εἰ
2527 2669 2688 2742 493
2730 2670 2830 2740 μὲν
2884 2671 2991 2741 γὰρ
3045 2672 3257 2738 πάντες
3309 2670 3443 2746 ἦσαν
3492 2671 3720 2730 εὐπειθεῖς

504 2754 749 2803 amantes
784 2760 987 2819 essent,
1022 2755 1138 2808 sola
1169 2754 1407 2814 bonitate
1456 2772 1599 2817 esset
1646 2779 1824 2835 opus;
1860 2768 1906 2823 si
1955 2786 2076 2825 vero

2186 2765 2281 2818 καὶ
2332 2764 2632 2832 φιλάρετοι,
2667 2762 3006 2833 ἀγαθότητος
3056 2762 3162 2816 ἔδει
3210 2764 3396 2835 μόνης,
3434 2765 3478 2817 εί
3519 2761 3568 2813 δὲ
3596 2759 3720 2830 φιλα-

506 2841 689 2895 cuncti
723 2843 789 2897 ad
827 2854 1113 2915 peceatum
1170 2853 1426 2923 prompti,
1490 2865 1635 2911 metu
1668 2872 1681 2909 :
1718 2873 1843 2913 cum
1899 2875 2078 2917 autem

2186 2856 2558 2924 μαρτήμονες,
2588 2853 2754 2921 φόϐου
2773 2869 2791 2885 ο
2823 2854 3012 2925 ἐπειδὴ
3042 2854 3097 2908 δὲ
3130 2858 3234 2909 καὶ
3264 2855 3496 2921 ἀγαθοὺς
3534 2855 3615 2908 καὶ
3641 2867 3720 2903 πο-

509 2929 683 2986 honos
706 2942 760 2987 et
793 2936 964 2991 malos
1004 2937 1057 2992 in
1088 2940 1350 3010 subjectis
1377 2958 1497 3000 esse
1525 2957 1754 3016 oportet.
1791 2960 2081 3023 utrumque

2184 2947 2384 3019 νηροὺς
2412 2947 2624 3017 ἀνάγκη
2660 2946 2717 2999 ἐν
2770 2948 2883 3009 τοῖς
2910 2945 3247 3015 ἀρχομένοις
3291 2946 3449 3008 εἶναι,
3481 2944 3722 3017 ἀμφότερα

509 3036 673 3078 manu
700 3026 1110 3095 ponderandum
1140 3042 1223 3088 est
1250 3035 1297 3089 ei
1328 3035 1420 3106 qui
1450 3047 1645 3107 praeest
1674 3049 1726 3094 et
1752 3041 2079 3110 dominatur,

2153 3048 2158 3111 ί
2194 3038 2636 3109 μεταχειριστέον
2668 3036 2746 3107 τῷ
2790 3036 3012 3108 ἄρχοντι
3045 3038 3138 3091 καὶ
3174 3038 3575 3110 προϊσταμένῳ,
3607 3036 3725 3102 ἴναὴ

510 3119 571 3167 ut
603 3113 818 3171 bonitas
848 3120 1136 3175 conﬁrmet
1169 3123 1342 3180 bonos
1372 3135 1426 3181 et
1471 3130 1761 3200 sapientes,
1801 3144 1856 3189 et
1906 3148 2082 3194 metus

2194 3131 2292 3200 μὲν
2326 3130 2602 3200 ἀγαθότης
2634 3128 2865 3199 στηρίζη
2894 3129 3020 3191 τοὺς
3053 3128 3301 3197 ἀγαθοὺς
3334 3132 3425 3183 καὶ
3464 3128 3724 3197 σώφρονας,

511 3218 800 3275 pravorum
835 3210 1029 3267 delicta
1064 3216 1380 3283 praeveniat.
1427 3237 1446 3270 ι

2190 3221 2219 3274 ὁ
2251 3220 2307 3274 δέ
2347 3219 2510 3288 φόϐος
2564 3218 2979 3290 προαναστέλλῃ
3006 3217 3117 3271 τῶν
3182 3221 3462 3273 κακίστων
3493 3219 3558 3272 τὰ
3600 3214 3729 3270 πταί-

2192 3328 2392 3379 σματα.
2430 3318 2451 3361 ι’

581 3386 707 3445 Haec
736 3390 920 3460 igitur,
952 3402 1009 3446 ut
1035 3395 1167 3449 mihi
1199 3397 1434 3461 videtur,
1472 3410 1523 3455 ct
1550 3402 1746 3459 similTa
1777 3410 2084 3469 nescientes

2264 3405 2310 3436 "
2345 3403 2455 3474 (14)
2489 3400 2677 3456 Ταῦτα
2709 3403 2909 3468 τοίνυν,
2944 3402 3019 3465 ῶς
3066 3402 3278 3467 ἔοικεν,
3330 3402 3632 3471 ἀγνοοῦντες
3659 3397 3733 3451 καὶ

508 3491 603 3537 aut
632 3484 775 3539 male
801 3484 1175 3544 discernentes
1228 3492 1337 3546 divi
1391 3490 1617 3550 Joannis
1671 3496 1897 3565 inimici,
1957 3515 2080 3557 eum

2191 3493 2259 3548 τά
2290 3491 2495 3547 τούτων
2529 3494 2688 3563 ὃμοια
2725 3493 2800 3565 μὴ
2853 3492 3034 3553 καλῶς
3071 3494 3438 3564 ἐπιστάμενοι
3479 3492 3733 3562 διακρίνειν

512 3572 960 3631 irrationabiliter
988 3588 1040 3632 et
1074 3578 1280 3636 insulse
1312 3582 1475 3637 veluti
1508 3588 1793 3653 quemdam
1828 3604 2082 3660 asperum

2191 3588 2289 3640 καὶ
2335 3587 2652 3656 συγκρίνειν
2704 3586 2753 3639 oi
2806 3586 2994 3657 ἐχθροὶ⁵
3031 3587 3125 3639 τοῦ
3172 3587 3469 3642 θεσπεσίου
3525 3585 3735 3640 Ἰωάννου

510 3671 566 3718 et
609 3664 959 3735 iracundum,
1008 3672 1237 3727 oderant
1283 3682 1338 3727 et
1392 3675 1896 3736 calumniabantur.
1960 3683 2082 3739 Ideo

2194 3677 2404 3744 ἀλόγως
2438 3677 2532 3729 καὶ
2555 3676 2795 3745 ἀνοήτως
2826 3676 3048 3745 ἐμίσουν
3080 3677 3255 3731 αὑτὸν
3288 3679 3383 3732 καὶ
3405 3676 3659 3731 διέϐαλλον
3678 3670 3737 3731 ὡς

509 3769 727 3827 quoque
750 3773 1061 3816 sermonem
1094 3779 1253 3833 quem
1284 3764 1472 3822 beatus
1501 3767 1736 3825 Joannes
1757 3772 1809 3826 in
1852 3776 2081 3830 ecclesia

2192 3766 2400 3836 τραχύν
2430 3783 2552 3818 τινα
2587 3767 2680 3818 καὶ
2701 3764 2939 3835 ὀργῖλον.
2976 3767 3067 3819 Διὸ
3104 3766 3173 3839 δὴ
3200 3770 3299 3822 καὶ
3329 3768 3475 3823 κατά
3503 3762 3737 3838 γυναικῶν

510 3856 702 3902 contra
734 3850 987 3906 mulieres
1037 3853 1322 3920 habuerat,
1360 3858 1611 3914 malevoli
1646 3864 1949 3931 garrientes
1992 3866 2082 3921 ad‘

2192 3862 2220 3913 ὁ
2246 3860 2516 3928 μακάριος
2561 3856 2813 3927 Ἰωάννης
2861 3856 2951 3909 ἐπ’
3008 3858 3317 3930 ἐκκλησίας
3360 3861 3515 3928 λόγον
3568 3853 3738 3910 ἐπεδεί·

509 3956 702 3998 versus
739 3942 1039 4000 Eudoxiam
1074 3962 1195 4002 esse
1216 3948 1443 4014 dictum,
1475 3950 1550 4005 illi
1584 3968 1891 4010 sermonem
1930 3958 2081 4013 detu«

2196 3952 2341 4017 ξατο,
2384 3951 2444 4003 ὃν
2479 3950 2528 4004 oi
2556 3950 2844 4018 δυσμενεῖς
2871 3950 2994 4004 κατ’
3031 3950 3303 4018 Εὐδοξίας
3336 3952 3583 4022 εἰρῆσθαι
3608 3946 3740 4020 θρυλ·

512 4031 709 4088 lerunt.
740 4032 874 4101 Qua:
904 4036 1119 4107 quidem
1148 4054 1206 4093 se
1230 4040 1381 4095 valde
1415 4042 1599 4097 laesam
1632 4045 1772 4114 apud
1793 4046 2082 4104 Arcadium

2194 4043 2479 4113 λήσαντες,
2521 4039 2692 4111 ταύτῃ
2730 4039 2821 4092 τὸν
2871 4039 3030 4108 λόγον
3060 4041 3392 4112 εἰσήγαγον.
3439 4042 3501 4095 'H
3548 4042 3595 4095 δὲ
3634 4035 3737 4106 πρὸς

511 4141 771 4194 querens,
810 4128 963 4183 illum
995 4140 1186 4186 contra
1215 4130 1481 4189 Joannem
1512 4139 1872 4206 exasperavit.
1911 4140 2083 4197 Cura-

2205 4134 2492 4205 Ἀρκάδιον
2522 4132 2709 4196 δεινῶς
2745 4132 3077 4186 πεπονθέναι
3110 4132 3361 4202 λέγουσα
3410 4134 3550 4190 κατά
3586 4133 3736 4189 Ἰωάν-

512 4219 589 4273 vit
643 4228 827 4275 autem
881 4223 1127 4278 mandari
1194 4224 1556 4297 Theophilum
1619 4239 1677 4283 ut
1734 4231 2083 4287 manifestum

2194 4247 2287 4283 vou
2317 4228 2504 4282 τοῦτον
2538 4226 2894 4297 παρὼτρυνεν
2916 4241 2929 4255 ’
2979 4230 3402 4297 παρασκευάζει
3428 4230 3483 4282 δὲ
3512 4241 3741 4297 μεταστα-

509 4310 738 4368 Joannis
773 4313 1075 4370 inimicum.
1103 4316 1205 4384 Qui
1255 4335 1377 4374 cum
1440 4320 1753 4378 advenisset
1802 4324 1867 4380 ad
1914 4324 2081 4392 Quer-

2196 4320 2356 4391 λῆναι
2402 4318 2664 4389 Θεόφιλον
2712 4318 2787 4381 ῶς
2826 4317 3092 4387 πρόδηλον
3134 4320 3339 4391 ἐχθρὸν
3374 4319 3469 4375 τοῦ
3532 4319 3739 4373 Ἰωάννου

512 4421 637 4459 cum
664 4405 716 4460 iu
742 4405 948 4461 aedibus
979 4407 1287 4465 Ruﬁnianis
1318 4413 1611 4467 concilium
1637 4414 1896 4470 adversus
1921 4415 2084 4471 Joan-

2195 4410 2534 4481 ὑπάρχοντα.
2573 4411 2672 4471 ⁸·ος
2704 4406 3149 4476 παραγενόμενος
3191 4410 3252 4461 ἐν
3290 4411 3357 4481 τῇ
3389 4409 3523 4480 Aput
3547 4411 3605 4477 τῇ
3638 4406 3739 4456 "tv

513 4514 637 4552 nem
668 4502 1020 4570 congregavit
1050 4512 1103 4556 et
1134 4502 1282 4556 illum
1318 4504 1370 4557 in
1399 4506 1650 4560 exsilium
1683 4507 1948 4575 judicavit
1985 4509 2085 4578 eji-

2206 4501 2606 4571 Ῥουφινιαναῖς
2633 4498 2731 4570 τὴν
2760 4499 2899 4552 κατά
2954 4498 3204 4552 Ἰωάννου
3240 4500 3538 4573 ἐπιϐουλὴν
3559 4511 3739 4565 κατειρ-

513 4588 765 4644 ciendum
810 4607 823 4644 :
858 4607 966 4660 quo
1018 4594 1237 4661 cognito
1271 4596 1498 4664 populus
1533 4596 1686 4649 illum
1718 4612 1782 4651 ex
1834 4598 1966 4652 urbe
1999 4600 2085 4653 dc-

2195 4593 2404 4660 γάσατο
2459 4592 2572 4662 (καὶ
2603 4590 2793 4644 τοῦτον
2831 4589 3152 4659 κατέκρινεν
3192 4593 3254 4645 ἐν
3293 4593 3485 4664 ἑξορίᾳ
3527 4584 3739 4655 στεῖλαι).

515 4682 642 4753 pelli
675 4699 781 4739 non
822 4685 1002 4741 ferens
1032 4701 1285 4756 magnam
1318 4688 1641 4744 seditionem
1669 4690 1814 4745 fecit.

2194 4684 2330 4755 ὅπερ
2361 4685 2525 4751 γνοὺς
2551 4682 2579 4735 ὀ
2608 4682 2735 4745 λαὸς
2770 4681 2959 4735 στάσιν
2995 4680 3251 4751 μεγάλην
3282 4684 3509 4752 ἐποίησε
3539 4680 3607 4752 μὴ
3634 4692 3739 4743 συγ-

2196 4778 2387 4849 χωρῶν
2419 4776 2568 4848 αὒτῷ
2597 4776 2931 4847 ἐκϐληθῆναι
2953 4779 3051 4845 τῆς
3082 4776 3323 4840 πόλεως.

589 4872 787 4927 lnﬂexa
830 4872 1012 4944 populi
1043 4873 1433 4944 eonquestibus
1486 4872 1730 4928 Eudoxia
1792 4872 2087 4929 Arcadiqu

2268 4870 2455 4941 "(15)
2517 4868 2962 4938 Ἐπικαμιρθεῖσα
2993 4868 3038 4901 ⁸³
3087 4867 3324 4933 Εὑδοξία
3368 4873 3484 4932 τοῖς
3526 4863 3739 4935 ὀδυρμοῖς

519 4984 620 5048 pro
649 4970 857 5025 Joanne
880 4968 1168 5038 deprecata
1190 4974 1293 5031 est,
1330 4976 1384 5021 et
1427 4964 1736 5022 Brissonem
1773 4966 2087 5022 eunuchum

2198 4966 2291 5020 τοῦ
2314 4965 2446 5019 λαοῦ
2475 4963 2874 5036 (παρεκάλεσεν
2898 4964 3038 5034 ὑπὲρ
3068 4964 3330 5019 Ἰωάννου
3358 4968 3454 5020 τὸν
3479 4962 3738 5034 ’Δρκάὸιονι

520 5047 742 5123 mittens
769 5081 798 5120 a
828 5061 1063 5118 Preneto
1095 5059 1360 5116 Joannem
1398 5060 1631 5123 reduxit,
1686 5060 1760 5116 ita
1794 5069 1854 5115 ut
1905 5058 2087 5114 Theo-

2200 5059 2315 5128 καὶ)
2342 5057 2607 5128 πέμψασα
2639 5056 2922 5127 Βρίσσωνα
2951 5056 2995 5087 ⁸⁸
3015 5056 3107 5109 τδν
3133 5056 3400 5127 εὐνοῦχον
3426 5058 3531 5111 ἀπὸ
3556 5047 3740 5125 Πραινί·

521 5155 701 5228 philus
732 5165 785 5210 et
810 5153 894 5210 sui
932 5166 1053 5208 cum
1086 5150 1205 5221 ipso
1244 5149 1515 5221 perterriti
1559 5148 1698 5221 luga:
1737 5164 1797 5205 se
1819 5149 2088 5205 dederint.

2200 5168 2291 5205 του
2319 5151 2410 5205 τὸν
2452 5150 2705 5221 Ἰωάννην
2729 5148 3044 5218 εἰσήγαγεν,
3071 5147 3213 5201 ὥστε
3244 5150 3514 5219 Θεόφιλον
3539 5140 3737 5201 καὶτοὺς

1714 5292 1910 5355 νει-ἰῶ
1935 5292 2243 5354 lectiones
2288 5297 2349 5352 et
2383 5298 2571 5353 noue.

488 5436 499 5503 ὶ
596 5463 786 5535 "cca1
819 5460 1825 5535 διειμεδιιπληδενιι.νεμεσᾷ-,ξι
1859 5459 2060 5535 Βρεμι

2172 5500 2184 5513 .
2283 5460 2323 5490 "
2366 5457 2553 5512 Matth.
2584 5473 2736 5535 ιι-νιιι3
2784 5456 2838 5535 5..
2933 5458 2977 5489 ⁸⁸
3005 5456 3059 5535 _ll
3101 5456 3255 5535 gon-
3283 5456 3538 5535 va!,_!0.

530 5513 717 5596 κριτξᾴ
735 5513 880 5588 ὀεἶιζ
897 5513 1036 5563 δι
1053 5513 1534 5597 censebam
1581 5513 1607 5515 ﬁ
1623 5513 1809 5585 "7405
1827 5513 1894 5569 -ῖ
1916 5513 2062 5585 Ουιζ
2088 5532 2102 5584 ε

2164 5529 2286 5593 ι),Ιέ
2320 5528 2544 5598 seu,
2605 5528 2651 5559 ὀ
2682 5513 2780 5597 τὴν
2813 5528 2871 5580 ἐν
2917 5527 3129 5598 etiam
3178 5524 3294 5598 3c“,
3333 5513 3502 5598 (ῖάιι,Δ
3574 5513 3736 5598 "cett.

532 5583 889 5673 εἰιλζιιῗἾὶ
933 5602 989 5673 δέ
1028 5583 1871 5673 ιιᾷιίξνίξοιῘΪ-’ίᾖρίσωναὴεειι.
1915 5583 2104 5672 Bpm’

2184 5583 2270 5655 od.
2305 5599 2395 5655 sed
2490 5597 2552 5653 l6
2595 5583 2789 5666 sza's.
2817 5626 2884 5637 ——
2922 5596 3009 5651 2|.
3168 5594 3303 5651 Cet].
3340 5626 3411 5638 -—
3440 5594 3529 5649 2‘2.
3576 5610 3629 5660 φ.
3668 5583 3753 5652 τὴν

534 5672 806 5741 σωτηρταν
840 5672 1162 5740 πορίσασθαι
1192 5672 1319 5726 Cod.
