4032 6226
285 387 288 390 ι
325 341 436 404 ’ἵεὸ

1501 347 1964 410 ριιιιυχιςΟΝ.
2010 371 2076 382 θ-
2120 346 2268 406 LIB.
2316 347 2408 406 ιν.

3483 347 3588 409 786

325 452 555 522 μοῦντος
610 451 689 512 είς
753 451 850 518 τὴν
897 454 1217 526 οίκονομίαν
1265 459 1355 511 τοῦ
1400 460 1535 512 Θεοῦ
1589 461 1762 527 Λόγου
1815 460 1907 512 καὶ

2015 457 2250 510 aninmm
2311 457 2680 512 irrationalem
2739 459 2997 524 babenti,
3056 461 3584 532 Constantinopolim

320 546 624 615 φάσκοντος
650 542 773 596 νοῦν
799 545 1144 616 ἀνθρώπινον
1175 551 1250 620 μὴ
1269 553 1552 620 εἰληφέναι
1577 554 1668 605 τὸν
1699 554 1740 583 ¹⁰
1768 552 1904 604 Θεοῦ

321 635 516 700 Λόγον,
544 633 681 687 ἀλλά
717 636 884 702 σαρκὶ
913 637 1180 709 ένωθῆναι
1215 640 1396 710 ψυχὴν
1431 641 1626 710 ἄλογον
1679 643 1902 712 ἐχούσῃ.

322 725 652 792 συναγαγὼν
683 730 740 780 ἐν
767 731 1344 785 Κωνσταντινουπόλει
1374 734 1502 797 τοὺς
1540 733 1618 803 ρν⁹
1654 734 1905 805 Πατέρας

320 821 416 874 καὶ
455 821 743 893 μετασχὼν
780 825 874 876 καὶ
898 824 1060 888 αὐτὸς
1085 826 1184 896 τῆς
1213 827 1454 890 συνόδου,
1491 827 1715 880 καὶτῶν
1745 828 1904 898 εἰρη-

323 911 503 982 μένων
544 914 982 985 καθαιρεθέντων
1019 919 1111 971 καὶ
1152 919 1706 989 ἀναθεματισθέντων
1749 921 1905 990 arige-

317 1001 491 1054 τικὼν
523 1001 662 1070 μετά
697 1005 792 1057 καὶ
825 1005 932 1059 τῶν
962 1007 1243 1064 δυσσεϐῶν
1274 1010 1453 1062 αὐτῶν
1483 1011 1775 1080 δογμάτων
1809 1012 1904 1064 καὶ

319 1093 666 1164 όμοφρόνων,
710 1099 1094 1166 παρεσκεύασε
1121 1101 1159 1130 ¹¹
1184 1099 1558 1171 κηρύττεσθαι
1595 1101 1678 1172 (τὸ
1705 1101 1904 1172 ὁμοού-

321 1201 437 1236 σιον
466 1185 583 1256 καὶ)
611 1187 712 1255 τὴν
741 1187 1024 1258 ὀρθόδοξον
1077 1193 1119 1223 ⁸⁵
1155 1192 1341 1246 πίστιν
1384 1194 1734 1265 (ὲτράνωσε).
1777 1195 1908 1249 Θεο-

319 1278 500 1340 δόσιος
715 1279 772 1332 δὲ
795 1283 822 1334 6
852 1282 1013 1344 Νέος,
1049 1283 1148 1336 τοῦ
1202 1285 1436 1344 ἀσεϐοῦς
1491 1287 1791 1355 Νεστορίου
1827 1286 1907 1340 λέ-

322 1388 510 1438 γοντος
539 1373 700 1426 ἀλλον
751 1369 891 1429 εἶναι
943 1377 1036 1429 τὸν
1065 1377 1201 1431 Θεὸν
1237 1378 1412 1448 Λόγον
1457 1381 1552 1434 καὶ
1606 1381 1765 1435 ἄλλον
1815 1383 1906 1435 τὸν

321 1467 582 1534 Χριστὸν.
617 1468 711 1520 καὶ
741 1467 834 1520 τὸν
861 1468 963 1538 μὲν
1003 1469 1164 1536 φύσει
1194 1470 1322 1522 Υίδν
1375 1469 1472 1524 τοῦ
1503 1473 1640 1525 Θεοῦ
1671 1475 1763 1526 καὶ
1794 1475 1907 1527 [Ια-

318 1560 470 1626 τρὺς,
499 1559 587 1610 τὸν
617 1559 673 1611 δὲ
705 1559 892 1629 χάριτι
933 1558 1113 1632 [rem
1167 1561 1380 1624 ἀσεϐῶς
1420 1561 1764 1634 ιείσάγοντος
1813 1566 1908 1618 καὶ

318 1649 420 1718 τὴν
444 1649 608 1718 ἁγίαν
633 1651 853 1720 Μαρίαν
872 1646 1015 1704 εἶναι
1054 1651 1319 1707 Θεοτόκον
1357 1655 1748 1726 ἀρνουμένουι,
1780 1673 1908 1708 συν-

321 1741 548 1808 αγαγὼν
581 1742 680 1811 τὴν
738 1745 1015 1813 προτέραν
1040 1747 1098 1797 έν
1137 1745 1350 1815 Ἐφέσῳ
1375 1747 1485 1798 τῶν
1517 1749 1688 1814 ἁγίων
1711 1745 1754 1800 σ’
1797 1749 1908 1800 [Ια-

2013 563 2354 617 cungregans
2397 559 2616 603 centum
2664 550 3058 622 quinquaginta
3107 553 3317 618 Patres,
3373 565 3426 608 (ιι
3472 555 3588 624 ipse

2012 657 2135 696 cum
2166 640 2375 712 synodo
2409 642 2760 712 participans,
2819 645 3098 712 prmilictis
3155 647 3425 700 haereticis
3464 663 3588 700 cum

2015 732 2256 801 ipsorum
2285 732 2466 800 impiis
2491 733 2840 802 dogmatibus
2872 743 2928 787 et
2953 735 3212 789 omnibus
3240 739 3442 804 pariter
3468 739 3591 807 opi-

2015 821 2272 875 nantibus
2301 823 2794 877 excommunicatis
2821 835 2875 876 et
2923 827 3426 890 anathematizatis,
3468 843 3568 881 con

2013 912 2368 966 substantiale
2395 913 2682 982 praedicari
2718 915 2931 968 curavit
2959 925 3010 969 et
3041 917 3402 971 orthodoxam
3436 920 3592 974 [idem

2017 1005 2399 1074 promulgavit.
2443 1005 2789 1060 Theodosius
2814 1022 2944 1060 vero
2965 1006 3183 1072 .lunior,
3223 1009 3390 1076 impio
3415 1009 3603 1066 Nesto-

2017 1093 2336 1163 rioldiceute
2363 1095 2528 1149 alium
2561 1110 2684 1150 esse
2714 1095 2880 1150 Deum
2907 1097 3139 1150 Verbum
3176 1106 3227 1150 et
3250 1097 3416 1152 alium
3443 1101 3600 1155 Chri‘

2014 1194 2181 1250 stum,
2207 1186 2358 1240 illum
2384 1187 2604 1257 quidem
2631 1197 2824 1242 natura
2853 1204 2976 1242 esse
2995 1187 3086 1242 Dei
3110 1199 3158 1243 et
3190 1189 3364 1244 Patris
3382 1189 3602 1252 Filium.

2017 1277 2162 1330 hunc
2195 1288 2377 1332 autem
2410 1279 2582 1348 gratia
2618 1278 2813 1334 Filium
2853 1280 3018 1349 impie
3089 1281 3403 1347 inducente,
3476 1301 3603 1338 sau-

2014 1377 2268 1436 ctamque
2286 1366 2508 1423 Mariam
2533 1385 2658 1425 esse
2678 1369 2967 1441 Deiparam
2990 1383 3240 1440 negante,
3267 1371 3600 1442 Ephesinam

2014 1475 2355 1531 congregans
2385 1462 2614 1531 primam
2641 1464 3001 1518 ducentorum
3034 1476 3348 1520 sanctorum
3376 1464 3598 1520 Patrium

2015 1552 2305 1620 synodum,
2337 1553 2666 1622 mittenSque
2719 1554 2928 1623 legatos
2974 1556 3229 1611 assistere
3266 1556 3477 1627 synodo
3507 1558 3599 1609 de-

2017 1643 2227 1705 bentes.
2260 1644 2430 1714 jussit
2486 1645 2799 1701 Nestorium
2861 1647 3063 1701 ibidem
3124 1648 3317 1703 adesse
3373 1651 3606 1718 ejusque

2009 1732 2279 1802 judicium
2312 1737 2448 1790 ﬁeri.
2495 1735 2561 1791 Et
2605 1738 2746 1793 facta
2779 1738 3026 1807 diligenti
3059 1739 3441 1807 inquisitione,
3475 1757 3603 1795 cono

316 1833 494 1904 τέρων
531 1833 754 1888 σύνοδον
790 1836 885 1889 καὶ
937 1837 1266 1900 ἀποστείλας
1315 1838 1584 1908 ἄρχοντας
1649 1844 1907 1910 παρεῖναι

2015 1832 2410 1889 demnaverunt
2437 1843 2492 1890 et
2515 1837 3119 1892 anathematizaverunt
3143 1838 3454 1893 Nestorium
3477 1856 3602 1894 cum

317 1927 634 1994 ὀφείλοντας
665 1929 708 1961 ¹³
737 1932 801 1997 τῇ
838 1930 1042 2001 συνόδῳ
1076 1931 1406 2003 [προσέταξε
1439 1936 1534 1986 καὶ
1575 1935 1668 1988 τὸν
1706 1936 1911 1990 Νεστό-

322 2035 440 2088 ριον
467 2022 877 2090 παραγενέσθαι
912 2026 1006 2076 καὶ
1051 2025 1230 2095 κρίσιν
1275 2027 1364 2079 ἐπ’
1389 2027 1554 2080 αὐτὸν
1600 2029 1860 2096 γενέσθαι
1891 2045 1904 2060 ’

320 2113 414 2164 καὶ
446 2111 532 2183 δὴ]
564 2114 862 2184 γενομένης
895 2115 1160 2185 ἀκριϐοῦς
1181 2117 1505 2184 ἐξετάσεως,
1539 2120 1908 2174 κατεδίκασαν

321 2203 620 2276 Νεστόριον
679 2208 772 2260 καὶ
827 2207 1242 2278 ἀναθεμάτισαν
1297 2210 1396 2263 σὺν
1441 2214 1552 2274 τοῖς
1604 2212 1909 2282 όμόφροσιν

319 2296 512 2351 αὑτοῦ.
555 2298 774 2353 Τούτων
802 2300 856 2354 δὲ
898 2299 1044 2355 οὕτω
1069 2303 1468 2373 προελθόντων,
1497 2306 1909 2369 ἐπαναστάντες

322 2390 583 2462 Κυρίλλῳ
644 2392 720 2462 τῷ
755 2394 1040 2466 όσιωτάτῳ
1070 2397 1113 2426 ’⁸
1148 2397 1198 2448 oi
1232 2396 1330 2466 τῆς
1367 2397 1658 2464 ὲξαγίστου
1705 2399 1908 2452 Νεστο-

323 2481 444 2551 ρίου
481 2485 722 2554 μερίδος,
759 2488 1108 2542 ἐσπούδασαν
1141 2489 1272 2556 τόγε
1326 2489 1418 2541 ὲπῖ
1462 2490 1648 2553 αὐτοῖς
1687 2491 1730 2523 ³⁸
1774 2493 1910 2544 ἀνα-

321 2574 522 2643 τρέψαι
577 2579 678 2646 τὴν
723 2581 863 2633 κατά
905 2581 1205 2652 Νεστορίου
1256 2585 1561 2654 γενομένην
1609 2585 1655 2615 ¹⁶
1699 2585 1903 2655 κρίσιν.

349 2664 476 2717 AD.‘
505 2663 600 2720 οὖν
620 2685 682 2735 γε
715 2670 993 2734 Θεοδόσιος
1026 2673 1054 2725 6
1085 2672 1342 2742 βασιλεὺς
1370 2673 1906 2743 ἀντιλαμϐανόμενος

322 2757 434 2810 τῶν
458 2758 498 2790 ⁸⁷
523 2759 699 2828 ὀρθῶς
724 2763 866 2815 κατὰ
903 2763 1202 2830 Νεστορίου
1237 2764 1416 2835 (159⁸)
1466 2767 1560 2817 καὶ
1591 2764 1700 2817 τῶν
1737 2781 1908 2834 πονηι

325 2849 440 2918 ρῶν
470 2852 634 2904 αὑτοῦ
657 2853 950 2924 δογμάτων
987 2855 1307 2925 κριθέντων,
1344 2857 1733 2926 παρεσκεύασε
1771 2875 1906 2928 κρα-

321 2944 439 2994 τεῖν
469 2943 697 3008 δικαίως
723 2949 814 2999 καὶ
844 2947 1082 3016 βεϐαίως
1111 2948 1210 3018 τὴν
1243 2949 1286 2981 ³⁸
1309 2948 1397 3001 ἐπ’
1427 2948 1579 3019 αύτῷ
1602 2951 1907 3020 γενομένην

323 3033 527 3104 κρίσιν.
564 3037 672 3090 Καὶ
701 3038 808 3109 γὰρ
841 3041 976 3109 πρδς
1027 3040 1240 3104 τούτοις
1283 3041 1379 3094 καὶ
1429 3041 1564 3094 ἄλλα
1593 3044 1714 3096 τινὰ
1765 3043 1908 3097 κατὰ

2013 1926 2272 1979 omnibus
2301 1926 2348 1980 ei
2388 1929 2877 1986 Consentientibus.
2922 1931 3018 1985 llis
3066 1942 3248 1986 autem
3304 1934 3376 1987 ita
3435 1949 3602 2000 agen-

2015 2015 2181 2081 tibus,
2237 2017 2587 2088 insurgentes
2637 2030 2828 2074 contra
2870 2021 3135 2092 Cyrillum
3188 2026 3600 2078 sanctissimum

2013 2107 2107 2176 qni
2143 2109 2411 2178 impuram
2447 2107 2680 2164 Nestorii
2713 2123 2920 2180 partem
2957 2115 3233 2178 tenebant,
3268 2115 3374 2170 hoc
3417 2118 3598 2170 conati

2013 2210 2139 2255 sunt
2174 2211 2231 2255 ut
2278 2202 2330 2254 in
2364 2203 2512 2271 ipsos
2539 2203 2807 2272 judicium
2835 2214 3028 2259 c0ntra
3071 2205 3385 2261 Nestorium
3430 2210 3598 2262 latum

2017 2305 2418 2362 retorquerent.
2486 2294 2685 2350 Verum
2740 2297 3084 2353 Theodosius
3143 2316 3232 2353 rex
3294 2301 3606 2371 approbaus

2012 2404 2132 2456 qua:
2159 2398 2306 2443 recte
2348 2399 2536 2444 contra
2567 2389 2884 2446 Nestorium
2931 2403 2985 2448 et
3027 2410 3281 2464 perversa
3317 2397 3437 2465 ejus
3469 2395 3604 2465 dog-

2015 2491 2158 2535 mata
2193 2482 2414 2536 detinita
2463 2493 2642 2550 erant,
2689 2484 2958 2553 judicium
3010 2487 3076 2539 de
3127 2503 3193 2538 eo
3248 2487 3415 2541 latum
3460 2489 3607 2557 justo

2016 2574 2350 2644 lirmiterque
2408 2575 2594 2631 valere
2642 2579 2879 2633 curavit.
2955 2579 3090 2633 Cum
3145 2579 3288 2633 enim
3347 2589 3604 2649 pra'terca

2012 2666 2262 2733 quaedam
2289 2667 2393 2720 alia
2415 2677 2604 2722 contra
2625 2669 2812 2725 divum
2834 2670 3100 2742 Eyrillum
3122 2672 3189 2726 ad
3206 2687 3386 2741 regem
3415 2673 3605 2728 debla-

2015 2767 2306 2821 terassent,
2344 2761 2460 2816 ha-c
2488 2761 2554 2816 ad
2589 2762 2740 2816 illum
2785 2764 3021 2833 Cyrillus
3060 2763 3324 2834 scripsit:
3371 2785 3389 2816 ι
3421 2763 3604 2836 Siqui-

2013 2853 2134 2904 dem
2169 2851 2499 2917 audivimus,
2548 2853 2798 2922 piissime
2830 2871 2947 2920 rex,
2998 2872 3191 2911 eorum
3245 2857 3339 2928 qui
3396 2859 3606 2912 calum-

2013 2940 2154 2994 niari
2205 2957 2609 2999 consueverunt
2659 2945 2888 3014 aliquot,-
2939 2949 3240 3018 agrestium
3305 2965 3595 3019 vesparum

2015 3036 2209 3103 instar,
2235 3035 2558 3102 bombilare,
2585 3037 2995 3108 malevolosque
3013 3048 3268 3095 eructare
3305 3040 3598 3095 adversum

322 3125 418 3178 τοῦ
447 3128 593 3181 θείου
629 3131 902 3201 Κυρίλλου
939 3134 1075 3202 πρὸς
1109 3133 1205 3186 τὸν
1235 3134 1464 3204 βασιλέα
1510 3135 1907 3208 καταφλυαρή-

2015 3147 2102 3187 me
2134 3146 2436 3196 sermones,
2489 3131 2645 3201 quasi
2683 3131 2984 3186 dicereme
3035 3133 3175 3188 caelo
3221 3134 3520 3189 demissum
3550 3145 3605 3188 et

324 3221 588 3284 σαντος⁸⁹
655 3225 860 3294 γράφει
937 3228 1074 3295 πρὸς
1125 3226 1291 3279 αὐτὸν
1354 3227 1626 3298 Κύριλλος
1683 3230 1902 3283 τοιάδεο

330 3329 350 3361 ι
406 3311 738 3386 Ἐπειδήπερ
767 3316 1068 3387 ἐπυθόμην,
1122 3313 1168 3372 ὦ
1241 3319 1608 3373 εύσεϐέστατε
1654 3321 1905 3392 βασιλεῦ,

324 3403 434 3457 τῶν
467 3406 780 3476 φιλοψογεῐν
811 3410 857 3440 ¹⁰
892 3410 1165 3464 εἰωθότων
1213 3411 1364 3475 τινας
1403 3414 1616 3484 ἀγρίων
1678 3416 1906 3486 σφηκῶν

322 3497 484 3568 δίκην
510 3503 874 3572 περιϐομϐεῖν
903 3506 997 3559 καὶ
1059 3506 1374 3576 μοχθηροὺς
1425 3507 1754 3576 ὲρεύγεσθαι
1787 3513 1907 3563 κατ’

323 3589 463 3659 ἐμοῦ
501 3590 716 3659 λόγους,
746 3595 821 3657 ὡς
849 3595 908 3662 ἐξ
932 3596 1168 3665 ούρανοῦ
1204 3597 1609 3668 κατακομισθὲν
1639 3601 1734 3653 καὶ
1789 3599 1907 3654 οὔτι

322 3684 390 3736 ἐκ
449 3684 550 3752 τῆς
607 3686 769 3752 ἁγίας
830 3687 1111 3757 Παρθένου
1148 3687 1399 3755 λέγοντος
1454 3688 1513 3742 τὸ
1563 3690 1708 3743 θεῖον
1748 3691 1909 3762 σῶμα

323 3775 589 3846 Χριστοῦ,
626 3779 723 3832 καὶ
758 3783 944 3848 μέντοι
972 3782 1017 3812 ²¹
1055 3781 1151 3834 δύο
1197 3783 1350 3844 υίοὺς
1405 3782 1550 3835 κατά
1607 3783 1908 3856 Νεστόριον

322 3866 612 3936 ὁμολογεῖν
640 3871 788 3940 ἡμᾶς
813 3872 1295 3943 κατεφλυάρησαν,
1317 3873 1428 3927 δεῖν
1460 3874 1727 3946 ᾠήθημεν
1751 3875 1911 3944 ὀλίγα

324 3959 457 4028 περὶ
497 3963 688 4014 τούτου
717 3962 852 4030 πρὸς
887 3963 1090 4027 αὐτοὺς
1127 3964 1305 4017 εἰπεῖν
1330 3963 1506 4029 οὕτως
1537 3981 1551 3996 ⁸
1592 3961 1663 4019 Ὦ
1689 3965 1910 4037 ἀνόητοι

325 4050 425 4102 καὶ
463 4051 624 4120 μόνον
660 4052 862 4117 εἰδότες
895 4057 1278 4122 συκοφαντεῖν,
1312 4055 1431 4118 πῶς
1460 4056 1542 4118 είς
1573 4055 1736 4109 τοῦτο
1769 4073 1913 4126 παρ-

326 4144 535 4213 ήχθη-σε
612 4145 840 4216 γνώμης
893 4148 990 4200 καὶ
1066 4148 1340 4218 τοσαύτην
1397 4149 1729 4218 νενοσήκατε
1798 4167 1912 4218 μων

325 4235 452 4304 ρίαν
480 4238 523 4267 ¹¹
552 4253 566 4302 ;
607 4239 758 4292 Ἔδει
793 4238 925 4310 γὰρ,
963 4239 1128 4310 (ἔδει).
1149 4239 1338 4309 σαφῶς
1363 4240 1589 4304 ἐννοεῖν,
1611 4241 1694 4293 ὅτι
1721 4240 1910 4310 σχεδὸν

323 4326 472 4389 ἄπας
496 4329 630 4398 ἡμῖν
661 4331 689 4383 6
717 4330 858 4401 ὑπὲρ
897 4333 998 4400 τῆς
1025 4331 1263 4395 πίστεως
1304 4330 1455 4399 ἀγὼν
1496 4331 1918 4402 συγκεκρότητο

325 4419 857 4492 διαϐεϐαιουμένοις.
883 4424 966 4478 an
993 4424 1260 4486 Θεοτόκος
1283 4424 1432 4476 ἐστὶν
1467 4425 1500 4494 η
1529 4424 1659 4492 ἁγία
1693 4423 1906 4494 Μαρία·

2013 3241 2120 3280 non
2152 3241 2217 3280 ex
2250 3235 2436 3280 sancta
2485 3223 2708 3296 Virgine
2754 3237 3037 3294 sumptum
3097 3226 3340 3280 divinum
3397 3227 3601 3281 Christi

2011 3331 2232 3386 corpus,
2292 3325 2346 3371 et
2407 3316 2482 3371 ita
2535 3316 2675 3371 duos
2728 3315 2868 3370 ﬁlios
2905 3315 3070 3385 juxta
3115 3315 3427 3370 Nestorium
3469 3333 3602 3371 con-

2013 3409 2153 3463 ﬁteri
2206 3423 2323 3463 nos-
2355 3408 2611 3464 ementiri
2644 3450 2658 3475 ,
2708 3415 2964 3477 oportere
3037 3408 3360 3463 censuimus
3433 3423 3605 3476 pauca

2013 3518 2178 3572 super
2232 3504 2335 3557 hoc
2399 3503 2463 3557 ad
2529 3503 2650 3557 illos
2711 3503 2812 3556 hoc
2885 3502 3048 3556 modo
3106 3501 3255 3572 loqui
3311 3519 3324 3555 :
3374 3520 3391 3552 ι
3435 3499 3479 3556 0
3517 3502 3605 3556 in-

2013 3597 2240 3658 sensati,
2271 3613 2440 3651 unum
2472 3596 2648 3652 solum
2686 3595 2944 3658 scientes.
2978 3593 3332 3659 calumniari,
3373 3610 3602 3663 quomo-

2012 3688 2084 3742 do
2114 3687 2178 3740 ad
2211 3688 2260 3740 id
2291 3687 2566 3756 Opinionis
2617 3685 2838 3741 adducti
2870 3686 3008 3742 estis
3054 3685 3262 3755 talique
3325 3687 3608 3754 ωδε-θιατί-

2014 3780 2116 3836 stis
2173 3779 2498 3834 dementia?
2533 3777 2770 3834 DcCebat
2819 3777 2989 3844 enim,
3040 3775 3270 3830 decebat
3319 3775 3608 3828 manifeste

2012 3882 2266 3943 reputare
2317 3872 2463 3942 quod
2515 3879 2688 3926 totum
2744 3872 2855 3925 fere
2900 3879 3179 3924 certamen
3221 3883 3250 3921 a
3280 3865 3442 3920 nobis
3493 3880 3593 3935 pro

2015 3967 2121 4022 ﬁde
2167 3974 2477 4022 sustentum
2530 3965 2597 4018 ad
2645 3962 3034 4018 stabiliendum
3093 3958 3269 4029 vergit
3314 3956 3603 4026 Deiparam

2013 4075 2135 4116 esse
2177 4069 2423 4115 sanctam
2471 4056 2718 4111 Mariam.
2785 4052 2906 4108 Jam
2968 4069 3098 4108 vero
3161 4053 3236 4117 si,
3277 4051 3435 4120 juxta
3489 4066 3608 4111 vus,

2014 4163 2046 4203 e
2074 4147 2237 4212 cmlo,
2273 4164 2381 4200 non
2415 4161 2596 4200 autem
2633 4162 2696 4200 ex
2725 4161 2787 4198 ea
2818 4154 3005 4199 natum
3033 4143 3289 4207 dicimus,
3321 4141 3596 4211 quomodo

2017 4240 2245 4308 Deipara
2272 4237 2853 4306 reputabitur?Quem
2886 4235 3032 4289 enim
3067 4235 3286 4289 tandem
3317 4233 3528 4304 genuit,
3559 4235 3605 4287 si

2015 4347 2203 4384 verum
2262 4347 2366 4383 nun
2409 4340 2494 4384 est
2542 4330 2801 4398 genuisse
2851 4329 3155 4383 secundum
3203 4342 3424 4381 carnem
3479 4324 3606 4378 Em-

2018 4421 2712 4477 manuclemHrrideantnr
2737 4437 2869 4490 ergo
2893 4420 2985 4491 qui
3015 4430 3204 4475 contra
3231 4435 3316 4473 me
3336 4419 3460 4472 talia
3487 4434 3608 4488 garo

323 4511 446 4565 ἀλλ’
472 4514 704 4586 ἐπείπερ
737 4516 797 4581 ea
827 4516 1060 4587 ούρανοῦ
1093 4518 1189 4570 καὶ⁵
1214 4517 1316 4570 οὐκ
1346 4516 1407 4581 ἐξ
1430 4517 1599 4587 αὐτῆς
1654 4519 1716 4570 τὸ
1771 4516 1907 4570 θεῖον

2023 4517 2192 4571 riunt.
2261 4514 2377 4569 Non
2434 4515 2581 4570 enim
2645 4514 2912 4568 fallaciter
2973 4514 3052 4568 ait
3110 4512 3332 4567 divinus
3387 4511 3605 4566 Isaias:

325 4612 689 4681 γεγεννῆσθαι
718 4614 766 4645 ⁸⁸
793 4613 952 4683 σῶμα
983 4613 1028 4645 ²⁶
1046 4612 1300 4682 λέγομεν,
1331 4611 1407 4674 ὥς
1438 4629 1574 4680 φατε
1601 4614 1668 4676 ³⁵,
1697 4613 1814 4676 πῶς
1847 4612 1912 4666 ἂν

325 4706 506 4756 νοοῖτο
534 4704 832 4771 Θεοτόκος;
860 4706 996 4758 Τίνα
1026 4705 1136 4774 γὰρ
1169 4705 1308 4765 ὅλως
1329 4706 1552 4759 τέτοκεν
1581 4707 1629 4758 εἰ
1657 4707 1730 4775 μή
1760 4707 1907 4758 ἐστιν

327 4797 552 4863 ἀληθὲς,
583 4798 668 4852 ὅτι
697 4794 1004 4868 γεγέννηκε
1040 4799 1180 4850 κατὰ
1215 4797 1393 4868 σάρκα
1635 4798 1728 4850 τὸν
1774 4796 1904 4865 Ἐμ-

336 4892 579 4962 μανουήλ
606 4909 622 4958 ;
645 4891 1006 4945 Γελάσθωσαν
1033 4891 1214 4944 τοίνυν
1243 4891 1294 4943 οἱ
1313 4890 1432 4944 κατ’
1454 4890 1590 4960 ἐμοῦ
1618 4889 1844 4942 τοιαῦτα
1868 4891 1914 4922 ¹⁶

337 4985 805 5058 πεφλυαρηκότες.
838 4985 914 5037 Ού
946 4984 1054 5054 γὰρ
1107 4983 1366 5053 ψεύδεται
1403 4983 1582 5050 λέγων
1629 4984 1657 5035 6
1712 4983 1912 5036 θεσπέ-

334 5096 449 5142 σιος
480 5080 522 5110 ιτ
573 5078 805 5140 rugata;
834 5078 913 5107 ³⁸·
959 5094 977 5127 ι
1027 5075 1181 5140 Ἰδοὺ,
1229 5075 1260 5142 ἡ
1321 5074 1589 5146 παρθένος
1616 5076 1673 5125 ἐν
1716 5075 1917 5142 γαστρὶ

326 5170 442 5239 [ζει
497 5171 593 5224 καὶ
640 5169 856 5234 τέξεται
885 5167 1033 5220 υἱόν·
1107 5185 1125 5217 ι
1185 5197 1230 5209 ς-
1275 5185 1293 5216 ι
1359 5167 1452 5219 καὶ
1506 5165 1802 5220 καλέσουσι
1847 5166 1907 5218 τὸ

2030 4629 2048 4662 ι
2093 4609 2234 4664 Ecce
2279 4609 2432 4678 virgo
2476 4608 2528 4662 in
2569 4617 2724 4662 utero
2763 4605 2988 4662 habebit
3016 4615 3069 4660 et
3111 4606 3284 4676 pariet
3317 4605 3486 4658 lilium
3514 4622 3526 4668 ;
3556 4613 3610 4658 et

2024 4704 2301 4759 vocabunt
2330 4717 2528 4756 nomen
2561 4702 2682 4770 ejus
2717 4698 3066 4762 Emmanuel;
3095 4698 3242 4767 quod
3285 4706 3369 4751 est
3403 4695 3597 4749 Nobis-

2021 4811 2146 4851 cum
2197 4796 2397 4849 DCIIS.)
2444 4792 2847 4849 Veracissimus
2890 4792 3056 4846 etiam
3107 4799 3190 4844 est
3242 4787 3609 4859 archangelns

2023 4887 2241 4944 Gabriel
2278 4887 2344 4941 ad
2392 4885 2665 4956 Virginem
2704 4885 2892 4940 dicens
2925 4901 2939 4937 :
2997 4880 3103 4936 «Ne
3154 4883 3370 4945 timeas,
3397 4879 3603 4941 Maria;

2025 4978 2282 5034 invenisti
2309 4978 2456 5033 enim
2493 4977 2722 5047 gratiam
2757 4975 2901 5044 apud
2930 4973 3121 5040 Deum,
3169 4981 3223 5027 et
3271 4988 3402 5027 ecce
3428 4972 3610 5026 conci-

2028 5075 2144 5142 pies
2177 5072 2228 5124 in
2263 5079 2419 5124 utero
2468 5077 2522 5123 et
2574 5069 2753 5138 paries
2793 5067 2986 5133 lilium,
3041 5074 3094 5120 et
3148 5063 3368 5119 vocabis
3408 5080 3608 5117 nomen

2020 5165 2139 5236 ejus
2161 5163 2346 5219 Jesum
2372 5183 2383 5218 :
2409 5163 2526 5232 ipse
2559 5163 2702 5215 enim
2733 5161 2943 5214 salvum
2975 5158 3136 5213 faciet
3160 5155 3420 5227 populum
3450 5170 3610 5212 suum

1533 5349 1730 5409 Variae
1754 5349 2058 5409 lectiones
2083 5355 2142 5408 et
2174 5353 2364 5407 notua.

405 5512 446 5542 ¹⁰
474 5510 566 5563 τοῦ
605 5510 730 5564 add.
776 5509 908 5564 Coll.
988 5510 1026 5540 ¹¹
1067 5510 1155 5561 ἀς.
1197 5506 1328 5561 Ct‘tl.

332 5582 374 5613 "‘
401 5582 561 5635 πάπα
619 5583 740 5634 cod.
802 5599 831 5634 a
860 5581 1033 5648 prima
1066 5593 1253 5631 manu.
1303 5577 1384 5648 7",
1418 5575 1498 5648 ll.
1536 5573 1731 5648 αὐτούς
1762 5573 1881 5648 cod.

326 5656 428 5720 τὴν
465 5651 551 5702 ἐπ’
581 5653 635 5704 ἀ.
699 5643 1076 5720 γεγενημένην
1103 5651 1260 5720 Cedis
1293 5647 1416 5720 3;6._
1471 5647 1522 5696 in
1551 5661 1625 5720 4n.
1665 5643 1722 5696 Ρ.

328 5718 702 5791 ὀφιλολογεῖν
747 5720 878 5775 Crrl.
911 5718 917 5720 ⁷
958 5723 998 5751 ¹¹
1037 5721 1128 5772 καί
1161 5718 1444 5791 addice-il.

326 5791 570 5864 Χριστοῦ
614 5793 741 5847 (led.
823 5792 865 5822 "
910 5791 1190 5860 {Pa1':(:l'.t!.

1413 5505 1536 5555 "1:.
1595 5502 1692 5570 τὴν
1759 5501 1805 5553 6.
1859 5519 1899 5551 π
1959 5517 2087 5569 κηρ.
2124 5501 2218 5552 καὶ
2260 5500 2320 5552 Θ.
2355 5499 2481 5570 (ἴα-«1ῗ

1685 5572 1731 5633 ὃς
1762 5573 1881 5622 (δυιί.
1967 5568 2024 5601 ⁸⁸⁵7
2065 5587 2333 5637 γεγενημ.
2375 5568 2508 5621 (Sed.

1807 5635 2478 5709 ἰκαταφλυαρησάντων,
2513 5655 2564 5706 γ.
2603 5653 2663 5689 π.
2705 5635 2796 5687 τὸν

1522 5718 1564 5746 ³²
1603 5711 1960 5782 μ;νίαν(,ἷοιί.
2013 5713 2288 5779 τιμωρίαν
2347 5710 2465 5782 cod.

1269 5790 1312 5820 ³⁸
1348 5789 1391 5842 οἱ
1428 5785 1596 5838 ταῦτα
1633 5786 1719 5836 καῖ
1763 5781 1829 5835 τὰ
1860 5801 1908 5835 τ.
1941 5782 2004 5835 τὰ
2034 5781 2231 5836 κατ’
2269 5781 2399 5835 (led.

2583 5497 2624 5527 ’³
2655 5497 2743 5562 οφ.
2781 5512 2840 5548 π.
2878 5495 3008 5549 Cod.
3069 5525 3134 5534 —
3205 5513 3400 5550 πανοσ.
3467 5495 3606 5551 Ced.

2595 5568 2634 5595 ¹⁷
2665 5566 2834 5628 ὅντως
2868 5567 2993 5619 add.
3050 5566 3183 5620 (led.
3267 5569 3310 5598 “’
3339 5567 3609 5634 γενναίως

2857 5637 3082 5705 βασιλέα
3133 5637 3201 5690 Κ.
3252 5637 3430 5692 ταῦτα
3473 5635 3605 5690 (Sed.

2549 5709 2596 5738 ³³
2621 5707 2982 5774 γεγεννῆσθαι
3023 5707 3082 5759 τὸ
3127 5707 3176 5759 ο.
3231 5708 3360 5764 Cari.
3439 5707 3487 5739 “
3514 5706 3608 5758 τοῦ

2479 5781 2523 5810 ﬂ
2565 5779 2831 5850 μακάριος
2859 5777 2991 5833 Ccd.
3072 5778 3116 5809 ³⁸
3153 5777 3257 5832 Isa.
3295 5776 3402 5843 ΠΙ,
3445 5779 3528 5834 l4-
