4032 6226
373 311 482 378 789

1546 323 2011 386 CHRONICON.
2053 351 2115 360 -
2161 329 2314 391 LIB.
2356 331 2456 392 ιν.

3537 332 3644 397 790

370 431 516 497 ὅλον,
545 430 666 496 πῶς
701 431 1132 504 ἐνηνθρὼπησεν
1185 435 1219 506 ἦ
1259 435 1419 490 ποίαν
1477 437 1616 490 ἰδίαν
1661 440 1952 509 ἐποιήσατο

2063 457 2194 500 suas
2243 446 2436 511 trahit,
2486 448 2822 502 conlirmans
2895 457 3086 504 contra
3125 447 3440 505 Nestorium
3484 467 3644 508 suutu

373 521 554 597 σάρκα
588 541 602 588 ;
642 543 660 575 ι
693 525 832 588 Τοὺς
856 526 915 580 δὲ
944 525 1226 595 λέγοντας,
1263 529 1346 582 ὅτι
1374 529 1574 598 κρᾶσις
1608 531 1644 600 ἢ
1689 530 1954 602 σύγχυσις

368 616 402 683 ἢ
436 617 650 686 φυρμὺς
674 618 897 686 ἐγένετο
927 619 1021 675 τοῦ
1053 620 1191 674 Θεοῦ
1210 622 1386 691 Λόγου
1418 624 1554 694 πρὸς
1621 625 1720 691 τὴν
1750 626 1950 698 σάρκα,

370 708 766 774 καταξιωσάτω
784 715 924 784 acui)
951 712 1233 768 θεοσέϐεια
1262 716 1488 778 τούτους
1517 716 1801 787 προδήλως
1834 719 1956 771 ἐπι-

370 800 668 869 στομίζειν.
719 821 737 853 ι
768 834 838 844 -
871 805 1027 860 Μετὰ
1059 807 1101 836 ⁸³
1145 805 1340 872 ταῦτα,
1394 808 1667 878 Κυρίλλου
1694 808 1953 882 τελευτή-

363 910 586 958 σαντος,
643 897 938 967 ἐπιφύεται
1013 900 1249 970 μοναχός
1299 919 1383 966 τις
1416 901 1462 934 ⁸⁸
1516 901 1952 975 ἁρχιμανδρίτης

367 985 616 1055 Εὐτυχὴς
646 987 1056 1059 ὀνομαζόμενος
1086 994 1181 1046 καὶ
1207 992 1432 1063 ἀποσπᾷ
1464 992 1586 1046 κατ’
1621 994 1748 1048 δπιν
1775 994 1822 1025 ⁸³
1856 997 1952 1065 μέ-

367 1095 461 1147 ρος
489 1080 592 1132 οὐκ
622 1079 806 1150 ὀλίγον
831 1082 930 1135 τοῦ
954 1083 1090 1139 λαοῦ
1143 1085 1328 1157 κυρῶν
1366 1086 1410 1118 ⁸⁸
1448 1088 1589 1140 κατὰ
1643 1087 1948 1161 Νεστορίου

367 1173 460 1226 καὶ
497 1172 557 1226 τὸ
591 1174 788 1228 ἑαυτοῦ
842 1177 1084 1246 πονηρὸν
1113 1178 1316 1248 δόγμα,
1348 1179 1575 1249 φάσκων
1613 1181 1687 1250 μὴ
1721 1178 1860 1234 εἶναι
1889 1181 1950 1235 τὺ

366 1264 530 1336 σῶμα
557 1266 602 1297 ⁸⁸
634 1267 729 1320 τοῦ
765 1269 971 1338 Κυρίου
997 1271 1130 1340 ἡμῖν
1163 1271 1453 1342 όμοούσιον
1485 1275 1549 1328 ιθ.
1595 1275 1706 1328 Καὶ
1749 1275 1814 1346 δὴ
1843 1277 1950 1329 πά-

363 1357 446 1410 λιν
483 1358 604 1426 μετ’
643 1359 822 1427 ὀλίγον
850 1359 895 1392 "
923 1360 1013 1414 διὰ
1087 1361 1379 1434 βασιλικῆς
1409 1365 1591 1438 χειρὸς
1623 1367 1786 1436 ἑτέρα
1820 1368 1950 1422 σύν-

364 1448 484 1510 οεος
515 1448 783 1521 λῃστρικὴ
816 1451 861 1482 ⁸⁸
902 1453 959 1504 ἐν
1009 1453 1221 1524 Ἐφέσῳ
1270 1455 1366 1508 καὶ
1403 1457 1501 1525 οὐχ
1553 1457 1675 1510 ὁσία
1713 1458 1943 1526 γίνεται,

363 1544 870 1615 παραπεμφθέντος
915 1547 1098 1601 ἐκεῖσε
1141 1548 1447 1603 Φλασιανοῦ
1489 1552 1946 1606 Κωνσταντινου-

363 1635 594 1702 πόλεως,
614 1635 710 1707 τὴν
734 1638 916 1692 πᾶσαν
939 1638 1193 1706 ἐξουσίαν
1216 1643 1510 1710 Διοσκόρου
1535 1640 1946 1714 Ἀλεξανδρείας

360 1727 613 1797 ἔχοντας’
693 1731 790 1782 καὶ
857 1731 1148 1798 φονεύεται
1189 1733 1288 1802 μὲν
1341 1733 1641 1798 Φλαὸιανὸς
1699 1735 1728 1788 ὀ
1777 1735 1941 1800 θεῖος,

359 1816 701 1889 ὑπερμαχῶν
731 1821 830 1890 τῆς
859 1821 1150 1892 όρθοδόξου
1179 1826 1443 1890 πίστεως,
1477 1826 1853 1897 ἀνατρέπεται
1884 1827 1943 1882 δὲ
1979 1809 2019 1863 Β

357 1911 389 1979 ἡ
429 1912 488 1964 ἐν
523 1910 734 1984 Ἐφέσῳ
757 1914 950 1986 πρώτη
1003 1917 1245 1983 σύνοδος,
1277 1917 1714 1988 ὑπογραφόντων
1745 1922 1943 1991 φονικῇ

359 2000 452 2072 βία
484 2003 650 2057 τινῶν
687 2005 1032 2072 ἐπισκόπων,
1101 2008 1162 2074 ἐξ
1211 2005 1288 2064 ὧν
1329 2011 1548 2080 ὑπῆρχε
1603 2010 1885 2074 Βασίλειος
1917 2012 1946 2064 ό

357 2095 703 2160 Σελευκείας.
757 2100 1076 2155 Κάντεῦθεν
1153 2101 1266 2156 τῶν
1314 2103 1412 2157 τοῦ
1474 2103 1777 2175 Νεστορίου
1847 2105 1945 2158 καὶ

357 2189 658 2261 Διοσκόρου
691 2193 787 2247 καὶ
820 2193 1100 2266 Εὑτυχοῦς
1157 2199 1646 2268 δημοσιευομένων
1691 2198 1946 2270 πονηρῶν

358 2279 522 2353 536
555 2282 848 2354 δογμάτων
884 2286 980 2340 καὶ
1013 2287 1220 2358 πολλῆς
1254 2290 1504 2361 ταραχῆς
1547 2290 1860 2360 γενομένης
1901 2290 1944 2322 ⁸³

359 2375 454 2428 καὶ
484 2374 654 2446 ζάλης
687 2376 953 2450 μεγίστης
981 2380 1042 2432 ἐν
1069 2381 1136 2451 τῇ
1163 2381 1450 2451 Ἀνατολῇ,
1481 2382 1774 2451 φονεύεται
1805 2382 1950 2452 Προ-

357 2465 536 2535 τέριος
566 2467 595 2518 ό
627 2467 804 2537 μέγας
839 2470 1026 2541 ἱερεὺς
1061 2473 1159 2526 καὶ
1195 2471 1376 2544 ἕτεροι
1411 2472 1681 2528 πλεῖστοι.
1718 2473 1943 2528 Τούτων

359 2551 452 2610 οὖν
482 2556 658 2622 οὕτως
688 2561 948 2631 ἐχόντων,
980 2563 1270 2618 ἀνίσταται
1317 2564 1505 2620 θεόθεν
1549 2566 1876 2636 Μαρκιανὸς
1917 2568 1945 2620 ὁ

363 2650 621 2720 βασιλεὺς
646 2653 691 2685 ³ο
725 2657 1054 2726 συναγαγὼν
1089 2659 1149 2712 ἐν
1181 2658 1489 2727 Χαλκηδόνι
1515 2661 1557 2692 ⁸¹
1590 2661 1690 2730 τὴν
1722 2660 1832 2714 τῶν
1869 2660 1946 2730 χλ¹

364 2745 624 2816 Πατιρων
647 2745 890 2812 σύνοδον,
923 2750 1191 2821 παρόντος
1229 2752 1276 2784 ⁸³
1306 2753 1605 2823 Διοσκόρου
1647 2755 1738 2808 καὶ
1772 2755 1947 2808 Etito-

361 2836 512 2907 χοῦς,
551 2837 672 2906 μεθ’
696 2829 772 2892 ὧν
802 2842 896 2894 καὶ
925 2843 1091 2905 αὐτὸς
1128 2845 1444 2914 πορευθεὶς,
1485 2846 1948 2911 καταδικάζονται

365 2929 464 3000 μὲν
498 2932 812 3002 Διόσκορος.
857 2935 950 2987 κα)⁸
990 2935 1268 3008 Εὐτυχὴς,
1324 2939 1422 2991 καὶ
1469 2937 1787 3009 Νεστόριος,
1853 2942 1947 2994 καὶ

365 3023 528 3076 πάλιν
587 3025 1110 3096 ἀναθεματίζονται,
1159 3029 1516 3102 Θεοδώρητον
1578 3031 1634 3084 δὲ
1678 3031 1774 3086 καὶ
1799 3031 1950 3086 ’Ίὸαν

363 3115 460 3168 καὶ
485 3115 766 3170 Βασίλειον
806 3117 1132 3183 Σελευκείας
1184 3119 1437 3184 ἐδέξαντο
1479 3121 1950 3194 καθυπογράψαν-

362 3223 495 3270 ταςο
529 3209 625 3262 καὶ
655 3209 753 3278 τῆς
777 3209 1081 3282 λῃστρικῆς
1122 3212 1343 3268 συνόδου
1401 3214 1820 3285 ἀνατραπείσης
1854 3217 1950 3270 καὶ

363 3298 919 3373 ἁναθεματισθείσης,
954 3305 1034 3368 εἰς
1071 3305 1203 3376 μίαν
1233 3307 1556 3376 συμφωνίαν
1585 3310 1794 3378 ἤγαγον
1817 3308 1950 3362 πάν-

363 3405 464 3453 τας
489 3390 540 3443 οἱ
575 3391 712 3446 θεῖοι
742 3393 1014 3466 Πατέρες.
1044 3425 1112 3438 --
1151 3396 1374 3453 Τούτων
1401 3397 1460 3452 δὲ
1501 3399 1612 3452 τῶν
1641 3399 1681 3450 δ’
1714 3399 1950 3454 συνόδων

363 3483 504 3536 οὕτω
533 3487 851 3557 γενομένων
911 3489 1008 3544 καὶ
1045 3490 1557 3546 ὲπιϐεϐαιωθεισῶν
1601 3493 1646 3525 ⁸³
1680 3495 1774 3548 καὶ
1807 3511 1949 3566 κρα-

364 3576 572 3630 τουαῶν
591 3579 651 3632 ἐν
681 3581 749 3650 τῇ
789 3580 884 3635 τοῦ
925 3581 1061 3644 ρεοῦ
1090 3581 1414 3654 Ἐκκλησία.
1450 3584 1499 3636 οἱ
1531 3584 1599 3638 τὰ
1655 3585 1950 3656 Νεστορίου

368 3668 693 3740 φρονοῦντες
757 3673 1103 3729 ἐσπούδασαν
1146 3671 1307 3739 αὖθις
1344 3676 1446 3748 τὴν
1495 3676 1713 3747 αἵρεσιν
1771 3678 1951 3729 αὐτῶν

367 3762 634 3830 κρατῦναι
683 3763 816 3835 (διὰ)
860 3766 958 3837 τῆς
1019 3767 1302 3838 Θεοδώρου
1340 3767 1434 3821 τοῦ
1483 3767 1721 3838 Μόμψου
1762 3767 1951 3829 ἑστίας

367 3855 643 3926 ἀφορμῆς,
682 3857 862 3928 πολλῷ
887 3859 1109 3932 χείρονα
1134 3860 1230 3914 τοῦ
1281 3859 1454 3916 αὐτοῦ
1476 3861 1728 3931 μαθητοῦ
1761 3860 1806 3894 δ”
1841 3861 1950 3912 Νε-

370 3949 587 4021 στορίου
636 3949 1152 4024 βλασφημήσαντος.
1191 3955 1358 4009 Ὅθεν
1425 3953 1608 4008 τοίνυν
1648 3953 1743 4006 καὶ
1789 3955 1953 4024 ἡμεῖς

369 4043 797 4109 ἀκολουθοῦντες
836 4049 953 4110 τοῖς
987 4047 1284 4119 ἡμετέροις
1332 4049 1581 4119 Πατράσι
1615 4049 1714 4101 καὶ
1767 4047 1953 4117 βουλό-

375 4153 526 4205 μενοι
559 4137 659 4207 τὴν
693 4137 864 4210 ὀρθὴν
907 4140 1092 4193 πίστιν
1133 4139 1415 4210 ἀλώὸητον
1469 4140 1950 4209 διαφυλάττεσθαι,

374 4226 761 4298 προτρέπομεν
798 4228 892 4282 καὶ
931 4230 1127 4284 τούτου
1167 4232 1267 4294 τὰς
1309 4231 1663 4302 βλασφημίας
1712 4230 1956 4296 διεξετά-

373 4337 566 4386 σαντες
609 4323 676 4386 ⁸⁵,
737 4325 857 4378 κατ’
903 4322 1073 4376 αὑτοῦ
1115 4324 1210 4378 καὶ
1258 4323 1368 4377 τῶν
1421 4322 1745 4393 ὁμοφρόνων
1790 4323 1954 4375 αὑτοῦ

370 4416 756 4487 ἀποφήνασθαι
785 4433 798 4447 ο
859 4419 996 4489 πρὸς
1029 4417 1138 4488 γὰρ
1164 4418 1284 4480 ταῖς
1327 4417 1518 4480 ἄλλαις
1555 4415 1956 4486 ἀναριθμήτοις

2061 537 2255 606 dogma
2289 553 2628 608 perversum,
2675 538 2864 595 dicens
2904 539 3122 596 Domini
3149 556 3352 613 corpus
3379 559 3487 600 non
3523 559 3643 601 esse

2059 626 2215 681 nobis
2249 627 2732 684 consubstantiale.
2766 627 2828 683 Et
2846 644 3063 684 rursum
3088 632 3249 700 paulo
3272 643 3394 702 post
3417 644 3641 692 auctore

2058 731 2183 789 rege
2211 718 2313 772 alia
2346 719 2585 790 synodus
2618 719 2815 789 Ephesi
2855 719 3197 779 latrocinalis
3227 733 3281 780 et
3308 740 3416 781 non
3449 737 3639 784 sancta

2056 812 2134 873 lit,
2171 807 2276 864 huc
2322 810 2493 865 misso
2529 809 2790 864 Flaviano
2821 808 3346 882 Constantinopolis,
3387 831 3639 872 omnemn

2055 899 2316 956 Dioscoro
2352 903 2698 958 Alexandriae
2731 911 3056 974 potestatem
3084 905 3341 962 habente.
3381 907 3447 964 Et
3468 910 3637 967 inter-

2054 989 2236 1045 licitur
2270 991 2490 1047 divinus
2510 992 2824 1058 Flavianus,
2855 1010 2956 1065 pro
2981 996 3085 1051 lide
3116 998 3419 1054 orthodoxa
3453 1001 3642 1058 decer-

2053 1092 2196 1148 tans,
2219 1095 2274 1140 et
2312 1085 2574 1140 evertitur
2631 1088 2803 1154 prima
2864 1087 3133 1158 Ephesina
3199 1093 3466 1162 synodus,
3501 1095 3638 1150 sub-

2051 1175 2424 1232 scribentibus
2489 1181 2683 1234 mortis
2738 1187 2885 1234 metu
2947 1180 3278 1251 quibusdam
3347 1179 3640 1257 episcopis,

2052 1268 2190 1322 inter
2217 1284 2358 1338 quos
2419 1270 2522 1325 fuit
2573 1269 2806 1328 Basilius
2867 1271 3150 1329 Seleuciae.
3187 1263 3640 1334 Exinde'Nesto-

2050 1361 2148 1420 rii,
2195 1359 2440 1417 Dioscori
2488 1370 2544 1417 et
2607 1363 2922 1433 Eutychetis
2973 1365 3246 1436 perversis
3295 1367 3640 1438 dogmatibus

2048 1455 2379 1525 tlivnlgatis.
2439 1458 2720 1528 multaque
2776 1459 2934 1514 turba
3015 1459 3367 1530 maximaque
3425 1470 3638 1533 tempe-

2048 1557 2189 1605 state
2221 1551 2274 1605 in
2318 1548 2542 1604 Oriente
2601 1550 2764 1615 facta,
2814 1551 3086 1607 occiditur
3142 1550 3424 1610 Proterius
3483 1568 3636 1625 mag-

2049 1657 2152 1698 nus
2177 1641 2432 1699 sacerdos
2461 1651 2515 1698 et
2539 1643 2630 1698 alii
2668 1643 2843 1699 multi.
2895 1643 3005 1700 Res
3072 1645 3237 1715 igitur
3281 1661 3408 1703 cum
3455 1647 3527 1701 ita
3578 1661 3638 1702 se

2049 1734 2333 1802 haberent,
2364 1736 2542 1808 surgit
2571 1735 2837 1792 divinitus
2861 1734 3172 1794 Marcianus
3204 1753 3296 1794 rex
3338 1739 3432 1809 qui
3471 1739 3637 1794 Chal-

2047 1829 2254 1884 cedone
2327 1837 2624 1900 congregat
2667 1835 3054 1884 sexcentorum
3118 1827 3342 1898 triginta
3413 1829 3638 1885 Patrum

2049 1923 2342 1993 synodum,
2390 1921 2751 1993 praesentibus
2785 1920 3049 1976 Dioscoro
3077 1928 3131 1975 et
3174 1919 3496 1991 Eutychete,
3518 1923 3636 1993 qui-

2049 2015 2276 2071 buscum
2327 2022 2382 2070 et
2443 2015 2562 2084 ipse
2611 2023 2852 2070 venerat.
2902 2013 2984 2068 lbi
3031 2013 3352 2084 iudicantur
3405 2012 3626 2085 quidem

2049 2106 2365 2172 Dioscorus,
2407 2106 2682 2177 Eutyches
2706 2115 2761 2160 et
2796 2105 3100 2171 Nestorius,
3136 2119 3467 2176 rursumque
3499 2119 3634 2160 ana-

2049 2199 2506 2265 tltematizanlur;
2545 2197 2954 2253 Theodorelum
2983 2203 3168 2252 autem
3195 2206 3249 2251 et
3272 2195 3423 2251 lbam
3449 2184 3505 2252 et
3529 2195 3632 2250 Ba-

2049 2289 2231 2345 silium
2265 2289 2528 2345 Seleuciae
2549 2289 2641 2360 qui
2675 2289 3140 2358 subscripserant,
3175 2295 3535 2358 receperunt;
3585 2297 3640 2342 et

2048 2396 2237 2438 eversa
2271 2391 2326 2436 et
2350 2381 2811 2436 anathematizata
2840 2379 3150 2436 latrocinali
3211 2380 3446 2450 synodo,
3502 2381 3642 2436 cun-

2049 2482 2168 2529 ctos
2203 2475 2268 2528 ad
2300 2489 2463 2528 unam
2515 2472 2866 2529 concordiam
2901 2471 3010 2527 divi
3055 2470 3246 2529 Patres
3286 2472 3638 2528 reduxerunt.

2050 2563 2147 2620 liis
2180 2575 2358 2620 autem
2405 2574 2642 2636 quatuor
2671 2564 2920 2620 conciliis
2969 2566 3038 2618 ita
3074 2563 3231 2620 lactis
3259 2571 3316 2620 et
3340 2564 3636 2619 conﬁrma-

2051 2654 2140 2719 tis,
2169 2663 2224 2710 et
2251 2654 2303 2709 in
2327 2655 2567 2711 Ecclesia
2601 2654 2695 2710 Dei
2729 2656 2838 2709 vim
2879 2652 3228 2717 habentibus,
3268 2652 3362 2722 qui
3401 2651 3642 2709 Nestorii

2050 2746 2363 2816 opinionem
2391 2747 2673 2813 tenebant,
2700 2763 2857 2802 suam
2891 2745 3138 2802 haeresim
3161 2760 3257 2816 per
3288 2743 3636 2802 Theodorum

2050 2836 2516 2906 Mopsuestenum,
2554 2837 2648 2907 qui
2682 2836 3040 2908 biasphemiis
3073 2835 3246 2906 ipsius
3303 2835 3635 2906 discipulum

2050 2928 2362 2985 Nestorium
2443 2928 2763 2998 longissime
2831 2937 2953 2997 post
3006 2942 3066 2983 se
3115 2927 3388 2998 reliquit,
3443 2928 3638 2984 iterum

2051 3022 2233 3076 conati
2277 3031 2405 3077 sunt
2444 3021 2713 3078 stabilire.
2767 3019 2923 3075 Unde
2969 3034 3069 3076 nos
3115 3021 3281 3075 etiam
3315 3028 3632 3076 nostrorum

2053 3123 2270 3184 patrum
2306 3114 2536 3184 vestigia
2561 3122 2853 3183 sequentes
2880 3113 3232 3183 volentesque
3252 3121 3456 3170 rectam
3482 3114 3640 3170 iidem

2021 3207 2316 3262 .illibatam
2387 3205 2696 3272 custodiri,
2773 3204 2922 3261 illius
2980 3219 3203 3276 quoque
3270 3206 3641 3277 blasphemiae

2053 3298 2448 3365 examinari,et
2464 3297 2730 3353 adversus
2765 3297 2916 3351 illutn
2943 3305 2998 3350 et
3019 3311 3114 3352 eos
3143 3297 3238 3366 qui
3273 3298 3376 3367 ipsi
3401 3313 3640 3355 consen-

2056 3391 2196 3448 tiunt
2221 3393 2546 3447 sententiam
2575 3389 2702 3446 ferri
2729 3389 3008 3460 jubcmus.
3053 3388 3257 3444 Praeter
3314 3391 3462 3446 enim
3498 3391 3636 3447 alias

2057 3488 2371 3543 innumeras
2415 3487 2589 3554 ipsius
2623 3487 2678 3542 in
2706 3485 2991 3543 Christum
3019 3493 3075 3540 et
3098 3485 3151 3540 in
3185 3485 3354 3541 Deum
3385 3485 3643 3557 blasphe-

2056 3578 2219 3644 tnias,
2252 3579 2329 3633 ait
2361 3579 2528 3632 alium
2560 3594 2686 3635 esse
2719 3578 2889 3634 Deum
2917 3576 3158 3634 Verbum
3188 3587 3242 3634 et
3271 3578 3645 3637 aliumChris-

2057 3681 2193 3734 tum,
2236 3671 2434 3725 animae
2487 3671 2837 3741 passionibus
2888 3680 2942 3726 et
2972 3671 3158 3726 carnis
3187 3670 3478 3727 desideriis
3503 3686 3640 3727 con-

2057 3763 2352 3826 turbatum,
2381 3776 2410 3814 a
2431 3760 2705 3830 pejoribus
2727 3761 2987 3830 paulatim
3007 3775 3279 3827 aversum,
3305 3758 3373 3814 ad
3398 3760 3629 3814 meliora

2055 3870 2279 3923 operum
2323 3867 2616 3923 progressu
2669 3853 2974 3915 elevatum,
3018 3849 3226 3922 optima
3284 3850 3396 3904 vita
3436 3849 3640 3906 factum

2058 3945 2609 4016 irreprehensibiletn,
2637 3955 2691 4001 et
2718 3955 2777 4001 ut
2811 3960 3009 4016 purum
3034 3943 3310 4000 hominem
3347 3943 3403 3997 in
3423 3941 3643 3998 nomine

2058 4041 2234 4097 Patris
2279 4049 2336 4098 et
2383 4039 2504 4095 Filii
2559 4050 2613 4095 et
2651 4038 2891 4110 Spiritus
2921 4038 3097 4094 sancti
3142 4035 3504 4108 baptizatum,
3549 4049 3646 4106 per

2060 4133 2329 4202 baptisma
2380 4131 2621 4202 Spiritus
2669 4131 2844 4186 sancti
2882 4129 3115 4200 gratiam
3176 4127 3454 4197 accepisse
3500 4125 3642 4182 lilia-

2062 4229 2315 4297 tioneque
2369 4225 2539 4280 fuisse
2586 4225 2894 4296 dignatum,
2969 4233 3024 4278 et
3091 4238 3187 4292 per
3225 4221 3641 4279 similitudinem

2061 4317 2220 4389 regiae
2256 4315 2508 4386 imaginis
2565 4315 2628 4370 ad
2679 4323 3032 4387 prototypum
3058 4313 3151 4369 Dei
3189 4312 3347 4370 Verbi
3397 4313 3642 4379 adorari,

2061 4417 2116 4464 et
2134 4417 2256 4478 post
2285 4407 2740 4464 resurrectionem
2766 4406 2973 4462 factum
2999 4422 3121 4464 esse
3145 4407 3198 4462 in
3222 4405 3644 4478 cogitationibus

372 4507 536 4561 αὑτοῦ
571 4507 948 4580 βλασφημίαις
981 4511 1223 4580 ⁵⁸(ταῖς)
1287 4510 1367 4572 είς
1417 4508 1509 4561 τὸν
1568 4506 1804 4578 Χριστὸν
1861 4506 1952 4560 καὶ

2062 4497 2457 4555 immutabilem
2506 4507 2671 4568 atque
2720 4497 3151 4570 impeccabilem.
3196 4496 3342 4554 Dixit
3385 4505 3642 4568 praeterea

373 4603 506 4654 Θεὸν
539 4602 875 4673 γινομέναις,
905 4601 1066 4655 ἄλλον
1093 4597 1236 4654 εἶναι
1278 4601 1371 4654 τὸν
1411 4601 1546 4653 Θεὸν
1578 4600 1750 4668 Λόγον
1795 4598 1948 4669 (ἔφηὸ

376 4693 472 4747 καὶ
499 4692 656 4748 ἄλλον
686 4693 779 4747 τὸν
808 4695 1070 4766 Χριστὸν,
1108 4687 1216 4748 ὑπὸ
1249 4692 1358 4745 τῶν
1393 4691 1493 4762 τῆς
1541 4690 1726 4762 ψυχῆς
1763 4690 1954 4743 παθῶν

377 4789 471 4840 καὶ
497 4788 606 4840 τῶν
637 4787 735 4858 τῆς
762 4787 965 4860 σαρκὸς
984 4785 1286 4858 ἐπιθυμιῶν
1310 4783 1701 4855 ἐνοχλούμενον
1733 4782 1828 4836 καὶ
1852 4781 1958 4836 τῶν

379 4874 638 4944 χειρόνων
673 4877 817 4930 κατά
859 4876 1058 4947 μικρὸν
1081 4876 1478 4946 ἀφιστάμενον,
1511 4875 1648 4946 πρὸς
1683 4875 1749 4927 τὰ
1776 4874 1963 4942 κρείτ-

380 4981 507 5019 τονα
566 4969 631 5038 τῇ
700 4971 954 5040 προκοπῇ
1022 4968 1131 5022 τῶν
1186 4968 1364 5039 ἔργων
1407 4967 1727 5038 ἐληλυθέναι
1778 4966 1843 5030 δτ,
1894 4968 1959 5037 τῇ

2068 4591 2226 4648 talem
2265 4591 2433 4646 fuisse
2462 4590 2556 4646 Dei
2581 4589 2746 4648 Verbi
2777 4607 2903 4648 cum
2933 4591 3155 4649 Christo
3192 4591 3474 4658 unionem,
3505 4603 3645 4660 qua-

2069 4685 2173 4739 lem
2223 4683 2516 4754 Apostolus
2575 4681 2707 4740 dicit
2756 4684 2899 4740 inter
2956 4684 3134 4739 virum
3189 4693 3246 4739 et
3307 4681 3642 4739 mulierem:

2077 4779 2280 4833 «Erunt
2305 4779 2413 4833 duo
2447 4780 2500 4830 in
2527 4792 2694 4831 carne
2726 4792 2887 4831 una.»
2929 4775 3037 4832 Vos
3061 4785 3243 4832 autem
3273 4775 3455 4831 adhuc
3521 4775 3647 4828 hor-

2072 4880 2155 4922 tor
2189 4877 2245 4924 ut
2274 4867 2600 4924 examinatis
2634 4867 2721 4922 illa
2758 4882 2880 4936 qua:
2912 4881 3166 4936 perverse
3205 4865 3410 4937 scripta
3454 4874 3584 4920 sunt
3617 4880 3646 4919 a

2069 4961 2415 5017 'l‘ltcodoreto
2439 4969 2493 5016 ct
2523 4959 2611 5014 lba
2643 4970 2834 5016 contra
2865 4959 3099 5029 primam
3129 4957 3327 5030 Ephesi
3358 4957 3648 5030 synodum,

379 5057 581 5129 ἀρίστῃ
624 5059 873 5130 πολιτείᾳ
904 5059 1200 5129 γενόμενον
1232 5058 1488 5129 ἄμωμον,
1554 5061 1647 5113 καὶ
1677 5059 1752 5122 ὡς
1806 5057 1952 5126 ψιλὸν

2066 5066 2120 5111 et
2150 5055 2402 5110 similiter
2431 5063 2619 5109 contra
2645 5067 2740 5107 eos
2771 5050 3095 5108 sententiam
3127 5049 3336 5106 feratis.

379 5151 666 5220 ἄνθρωπον
699 5157 755 5204 ἐν
805 5152 1032 5220 ὀνόματι
1085 5151 1297 5221 Πατρ³νς
1360 5154 1450 5205 καὶ
1515 5151 1642 5205 Υίοῦ
1693 5152 1786 5206 καὶ
1836 5151 1993 5219 ἁγίου
2037 5147 2358 5219 ίΙνεύματος
2402 5146 2794 5216 βαπτισθῆναι,
2861 5144 2955 5197 καὶ
2992 5143 3080 5196 διὰ
3115 5143 3211 5196 τοῦ
3268 5141 3652 5212 βαπτίσματος

1626 5296 1820 5356 Variae
1857 5295 2158 5356 lectiones
2205 5303 2263 5352 cl
2313 5302 2500 5351 multo.

457 5426 498 5458 ⁸⁸
535 5422 592 5474 δέ
620 5421 748 5476 add.
795 5421 925 5476 Ced.
1006 5422 1049 5454 δ’
1076 5420 1167 5474 καί
1197 5419 1322 5474 :ttld.
1356 5421 1486 5475 Cctl.
1567 5421 1610 5452 ³³
1637 5419 1822 5473 αὑτοῦ.

1901 5419 1946 5448 ⁸⁸
1978 5433 2097 5488 κυρ.
2132 5417 2197 5469 τὰ
2223 5417 2288 5470 Ν.
2341 5416 2463 5469 cod.
2508 5412 2638 5467 Ccd.

2719 5413 2759 5442 "
2789 5413 2885 5482 τὴν
2926 5413 3107 5482 σάρκα
3154 5409 3246 5482 τοῦ
3291 5409 3498 5482 Κυρίου
3521 5411 3654 5467 Ced.

384 5493 429 5522 “‘
456 5493 588 5560 Περὶ
635 5493 734 5563 τῆς
786 5493 1083 5563 λῃστρικῆς
1109 5491 1338 5563 συνόδου
1369 5489 1478 5563 τῶν
1512 5491 1839 5563 Ἀρμενίων,
1874 5479 2111 5563 λούσης
2145 5488 2434 5563 Διόσκοροι)
2467 5481 2812 5563 πατριάρζην
2843 5479 3272 5563 ’.Ἀλεξανδρεία-ς
3319 5479 3413 5563 καλ
3437 5481 3650 5563 Εύτυχῆ

390 5549 1151 5634 ἀρχιμανδρίτηνἀἱρετικούς
1183 5561 1509 5634 (Scholion).
1545 5549 1952 5634 η’δθῗό..διαξὶολιν

2061 5549 2448 5634 {exos-iani];
2480 5549 2738 5634 (led-hu?"
2769 5569 2821 5634 c5:
2844 5554 2923 5634 ἐν.
2945 5549 3037 5634 LE.
3067 5549 3396 5634 hﬁednf’
3422 5549 3656 5634 μάλιστα

387 5631 446 5687 ἐν
467 5631 595 5688 (Zetl.
628 5651 735 5700 γιν.
763 5631 914 5688 ὸοιΙξ
963 5637 1007 5664 ⁵ο
1041 5634 1132 5686 καί
1175 5631 1297 5685 ;ι‹Ι‹,Ι.
1333 5631 1462 5686 Coti.

387 5704 520 5757 ιζ’-ιι.
597 5699 649 5736 ⁸³
689 5704 1198 5757 ἐπιϐεϐαιωθέντων
1254 5701 1350 5753 καὶ
1405 5700 1749 5768 κρατούντων
1806 5699 1926 5752 cod.

1542 5633 1581 5660 “
1623 5629 1923 5699 Καλχιδόνῃ

2063 5668 2074 5680 .
2115 5620 2194 5679 λιι
2228 5644 2278 5697 p.
2310 5620 2438 5699 L537
2481 5631 2559 5699 ct_
2591 5621 2729 5699 βίίῇ
2779 5622 3046 5699 Καλχίδος
3071 5620 3212 5699 Αεϋξὶ.
3279 5623 3336 5699 *⁸-⁸
3373 5620 3658 5699 παρόντων

2007 5699 2053 5729 ⁸²
2111 5714 2166 5766 μ.
2200 5692 2252 5751 dt.
2307 5696 2436 5752 Cod.
2516 5693 2561 5725 ⁵⁵
2585 5692 3002 5761 διεξετάσαντας
3064 5693 3195 5748 Ccd.
3277 5695 3322 5724 ⁸⁸
3370 5692 3532 5762 amp.
3575 5694 3655 5754 είς

393 5776 628 5845 Χριστὸν
650 5775 740 5830 τὸν
785 5774 915 5829 Θεὸν
966 5775 1124 5845 ἡμῶν
1179 5790 1292 5842 γεν.
1345 5771 1472 5827 Ced.
1549 5773 1592 5805 '7
1627 5771 1718 5826 κχί
1756 5771 1876 5825 add.
1906 5769 2042 5824 Cod.
