3982 6224
574 352 678 413 799

1786 339 2103 400 GEORGII
2150 336 2630 397 HAMARTOLIl
3632 347 3700 412 ευρ

572 466 1118 537 experimentumque
1162 463 1469 518 divinarum
1506 460 1776 514 ultionunt
1806 456 2151 527 eti‘ugiamus.

2266 454 2372 505 τῶν
2406 454 2633 505 ἐκείνων
2675 450 3113 522 ίχνηλατούντων
3145 453 3236 505 xui
3282 453 3613 524 ἐργαζομένων
3633 474 3707 515 ιιι.

574 562 628 612 Si
700 558 824 625 quis
873 565 1055 611 autem
1135 572 1199 611 ex
1271 556 1338 610 iis
1408 554 1502 624 qui
1566 563 1767 607 terram
1826 552 1983 606 istam
2047 565 2153 603 non

572 652 828 704 viderunt
890 664 975 704 res
1036 650 1109 703 ita
1163 665 1223 703 se
1269 648 1470 702 habere
1540 662 1649 699 non
1708 644 1916 706 credat,
1972 643 2159 696 audiat

572 740 813 793 divinam
887 738 1227 807 Scripturant
1283 738 1351 792 de
1406 736 1674 806 sapientia
1729 735 2041 803 loquentem
2102 740 2157 786 et

569 835 841 885 dicrntent
902 852 914 885 :
975 852 991 882 ι
1044 830 1169 885 llam
1222 831 1477 900 justum,
1531 828 1883 897 pereuntibus
1950 827 2155 896 impiis,

573 926 829 980 liberavit
898 925 1196 994 fugientem
1268 924 1447 992 ignem
1510 922 1603 991 qui
1668 921 2048 974 'descenderat
2103 920 2155 971 in

573 1017 911 1086 Pentapolim
972 1035 985 1068 :
1038 1015 1201 1085 cujus
1253 1015 1433 1069 adhuc
1514 1014 1567 1066 in
1621 1013 1995 1067 testimonium
2062 1028 2157 1066 ne-

572 1109 758 1176 qurtite
809 1106 1197 1176 fumigahunda
1252 1106 1470 1161 exsistit
1511 1106 1727 1161 deserta
1772 1115 1914 1159 terra
1960 1113 2015 1157 et
2077 1103 2158 1156 in-

573 1210 725 1255 certo
754 1211 995 1269 tempore
1027 1200 1239 1255 fructus
1267 1200 1632 1269 pioducentes
1666 1199 1946 1252 arbores.»
1991 1195 2159 1250 Simi-

574 1296 697 1347 liter
726 1304 903 1348 autem
922 1292 1111 1355 Judas,
1139 1292 1304 1345 frater
1332 1291 1541 1357 Jacobi,
1567 1292 1678 1345 ait:
1706 1290 1893 1345 tSicut
1922 1289 2159 1344 Sodoma

574 1393 628 1437 et
678 1382 984 1436 Gomorrha
1048 1388 1101 1433 et
1161 1379 1403 1434 ﬁnitima:
1450 1378 1723 1440 civitates,
1779 1375 1945 1430 simili
1998 1374 2160 1443 modo

575 1477 948 1536 exl'ot'niratte,
1010 1482 1064 1526 et
1120 1474 1383 1525 abeuntes
1450 1479 1573 1540 post
1634 1484 1854 1522 carnem
1907 1466 2157 1531 alteram,

579 1568 734 1622 factm
775 1576 902 1620 sunt
938 1565 1271 1633 exemplum,
1322 1563 1463 1633 ignis
1495 1562 1685 1615 interni
1719 1575 1935 1629 pcenam
1975 1560 2158 1613 susti-

577 1668 821 1713 nentes.»
866 1658 929 1711 Et
964 1675 977 1710 :
1026 1676 1041 1707 ι
1081 1657 1292 1722 Quibus
1321 1654 1634 1709 obscuritas
1670 1654 2013 1707 tenebrarum
2046 1668 2161 1707 ser-

577 1765 699 1803 vata
731 1760 812 1804 est
842 1750 892 1802 in
929 1759 1212 1803 :etcrnum.
1255 1767 1272 1799 ι

572 1846 783 1909 τούτοις
806 1845 1007 1915 τρόπον
1025 1843 1463 1915 ἐκπορνεύσασαι
1491 1844 1583 1896 xui
1636 1841 1973 1896 ἀπελθοῦσαι
2034 1842 2211 1895 όπίσω
2251 1844 2457 1909 σαρκὸς

2262 546 2435 615 στυγῆ
2466 543 2669 615 πρᾶξιν
2692 561 2705 574 σ
2742 545 2837 597 xui
2891 544 3082 614 μέντοι
3125 546 3215 598 xui
3252 544 3351 597 τῶν
3382 545 3469 615 τὴν
3501 548 3719 615 μέλλουσιν

2258 636 2640 691 ἀπιστούντων
2675 637 2861 706 κρίσιν
2886 636 3168 705 προδήλως
3193 638 3285 707 τὴν
3314 639 3580 709 παράνοιάν
3602 658 3646 694 τε
3665 646 3732 697 xui

2262 732 2507 800 πόρωσιν
2546 730 2614 792 ³ο,
2665 728 2754 781 ἵνα
2795 729 2883 781 διὰ
2911 729 3020 782 τῶν
3063 730 3226 783 πάλαι
3253 732 3346 792 τὰς
3371 731 3509 794 δίκας
3534 735 3736 803 εἰσπρατ-

2260 824 2505 891 τομένων
2540 822 2704 889 ἡμεῖς
2729 822 2827 891 τὴν
2860 821 2985 890 δψιν
3033 823 3123 874 xui
3157 823 3250 892 τὴν
3280 826 3461 893 πεῖραν
3502 825 3591 877 τῶν
3621 826 3742 879 Θείων

2259 912 2639 984 κολαστηρίων
2671 913 3030 982 ἐκφύγωμεν.
3070 914 3130 965 Εἰ
3160 915 3214 967 δέ
3241 933 3319 977 τις
3345 915 3444 968 τῶν
3472 916 3537 986 μὴ
3559 918 3636 986 τὴν
3666 918 3742 985 γῆν

2260 1005 2479 1075 ἐκείνην
2545 1005 2880 1075 ἑωρακότων
2952 1007 3210 1077 ἀπιστοίη
3274 1007 3345 1076 μὴ
3412 1006 3565 1070 οὕτως
3622 1009 3731 1078 ἐχειν

2260 1099 2508 1153 ἀκουέτω
2539 1097 2640 1166 τῆς
2689 1097 2842 1157 θείας
2897 1098 3126 1168 Γραφῆς
3160 1099 3501 1169 διηγουμένης
3544 1100 3649 1169 περὶ
3680 1104 3751 1169 τῆς

2274 1193 2469 1261 σοφίας
2495 1194 2603 1245 xui
2629 1191 2899 1261 λεγούσης
2920 1208 2932 1220 ⁸
2970 1211 2987 1242 ι
3022 1192 3173 1260 Αὕτη
3208 1192 3421 1256 δίκαιον,
3454 1191 3766 1260 ὲξαπολλυμέ-,

2262 1304 2367 1337 νων
2422 1284 2676 1347 ἀσεϐῶν,
2728 1285 3008 1355 ἐρῤύσατο
3066 1285 3309 1354 φυγόντα
3365 1283 3758 1352 καταθάσιονπῦρ

2262 1377 2689 1439 Πενταπόλεως·
2734 1372 2801 1447 ἦς
2849 1377 2933 1429 ἐτι
2988 1378 3027 1409 ³⁸
3068 1376 3367 1449 μαρτύριον
3414 1377 3504 1445 τῆς
3549 1376 3759 1445 πονηρίας

2261 1469 2641 1539 καπνιζομένη
2691 1469 3002 1542 καθέστηκε
3048 1469 3209 1542 543
3242 1469 3429 1541 χέρσος
3459 1471 3542 1521 καὶ
3572 1468 3763 1523 ἀτελέσιν

2261 1561 2435 1631 ὥραις
2495 1563 2963 1633 καρποφοροῦντα
3014 1569 3194 1630 φυτά·
3251 1582 3268 1613 ι
3318 1561 3563 1623 ὡσαύτως
3613 1560 3659 1612 δέ
3696 1562 3763 1612 καὶ

2275 1655 2447 1707 Ἰούδα
2506 1656 2771 1709 Ἰακώϐου
2826 1657 2870 1687 ³⁸
2904 1656 3248 1726 φάσκοντος·
3302 1675 3319 1708 ι
3366 1656 3454 1718 Ὠς
3486 1654 3668 1724 Σόδομα
3701 1652 3767 1704 καὶ

2262 1747 2522 1818 Γόμορρα
2576 1748 2668 1800 xui
2716 1746 2821 1820 [ui]
2878 1750 3007 1819 περὶ
3057 1748 3230 1811 αὑτὰς
3279 1748 3457 1809 πόλεις
3504 1748 3586 1800 τὸν
3625 1747 3761 1815 ὅμοιον

2536 1845 2733 1915 ἐτέρας
2784 1845 3110 1915 πρόκεινται
3165 1845 3363 1915 δεῖγμα
3405 1845 3561 1914 πυρός
3606 1844 3767 1896 αἰωνίου

571 1942 729 2010 δίκην
760 1942 1091 2011 ὑπέχουσαι·
1138 1963 1155 1990 ι
1188 1941 1282 1993 καί
1308 1956 1320 1967 ⁸
1370 1959 1389 1991 ι
1421 1933 1517 2002 Οἷς
1544 1941 1573 1992 ό
1600 1940 1763 2008 ζόφος
1791 1938 1885 1991 τοῦ
1922 1939 2147 2001 σκότους
2188 1940 2270 2003 είς
2298 1941 2502 2005 αἰῶνας
2531 1943 2853 2011 τετήρηται.
2900 1961 2916 1993 ι

644 2036 783 2090 Dicit
833 2048 1015 2089 au‘em
1070 2037 1233 2087 etiam
1275 2035 1436 2088 divus
1483 2035 1914 2103 Chrysostomus
1965 2053 1979 2086 :

573 2128 697 2196 quis
744 2130 810 2179 de
861 2127 1111 2194 geheuna
1158 2124 1397 2190 dubitat,
1453 2124 1750 2178 Sodomam
1785 2133 2019 2193 reputet,
2058 2122 2166 2178 Go-

574 2218 852 2272 morrham
930 2216 1169 2285 cogitet,
1236 2214 1496 2269 inﬂictam
1558 2231 1774 2285 poenam
1858 2225 1913 2270 et
1984 2216 2166 2271 adhuc

576 2317 917 2369 manentem,
968 2316 1023 2360 et
1056 2308 1108 2361 in
1142 2316 1407 2361 aeternum
1444 2306 1705 2362 duranda:
1730 2308 2036 2377 punitiouis
2068 2322 2159 2361 va.

579 2400 746 2453 Iidum
795 2398 1129 2469 pralbentent
1179 2407 1584 2469 argumentum.
1644 2398 1761 2453 Non
1817 2400 1962 2453 enim
2018 2408 2161 2455 terra

577 2502 813 2553 tantutn,
836 2490 929 2545 sed
961 2502 1014 2544 et
1050 2492 1162 2561 ipse
1200 2507 1295 2546 aer
1327 2502 1381 2547 et
1411 2490 1564 2561 aqua:
1594 2492 1959 2547 calamitatem
1994 2493 2165 2563 parti-

574 2586 935 2654 cipaverunt,
972 2594 1025 2637 ct
1056 2585 1541 2653 quemadmodum,
1588 2601 1817 2655 corpore
1867 2601 2156 2649 succenso,

576 2678 753 2731 forma
778 2678 998 2745 quidem
1029 2685 1081 2730 et
1116 2687 1273 2746 typus
1296 2686 1347 2730 et
1380 2687 1560 2731 tumor
1582 2686 1637 2732 et
1664 2678 1912 2746 analogia
1937 2679 1989 2731 in
2019 2678 2162 2747 ignis

576 2780 825 2839 aspectu,
858 2770 951 2825 sed
997 2785 1103 2823 non
1146 2770 1227 2824 vis
1261 2781 1447 2825 manet
1481 2787 1495 2823 :
1528 2772 1609 2824 sic
1639 2780 1692 2823 et
1723 2771 2049 2825 illievidere
2075 2782 2161 2825 est

580 2872 801 2926 terram,
852 2878 972 2931 qtta‘.
1020 2863 1156 2916 nihil
1206 2863 1369 2918 habet
1420 2872 1596 2927 terrre,
1657 2863 1751 2917 sed
1802 2865 1985 2918 omnia
2032 2872 2161 2919 sunt

578 2953 752 3019 cinis;
800 2954 1027 3009 arbores
1057 2965 1110 3009 et
1158 2956 1394 3019 fructus,
1428 2956 1523 3009 sed
1552 2956 1684 3009 nihil
1718 2958 1976 3010 arborum
2016 2957 2163 3011 fruc-

578 3057 842 3115 tuumque
867 3047 1167 3113 habentes;
1194 3064 1373 3102 aerem
1409 3058 1460 3102 et
1487 3049 1817 3117 aquant.sed
1848 3048 1982 3102 nihil
2006 3065 2160 3118 aqua:

578 3154 677 3192 nec
698 3142 877 3207 aeris;
903 3139 1169 3207 siquidem
1189 3142 1371 3194 omnia
1394 3155 1653 3195 conversa
1684 3150 1811 3195 sunt
1830 3141 1883 3195 in
1920 3141 2157 3196 cineres.

577 3230 720 3284 Nihil
752 3235 895 3285 enim
941 3232 1089 3287 aliud
1121 3240 1206 3285 est
1246 3248 1408 3301 quant
1445 3234 1695 3287 caminus
1747 3249 1860 3300 aer,
1905 3232 2159 3288 caminus

577 3339 741 3391 aqua,
793 3333 989 3377 cuncta
1035 3324 1263 3387 sterilia,
1318 3333 1511 3377 cuneta
1548 3324 1911 3387 infructuosa,
1962 3333 2160 3380 cuneta

2044 2032 2232 2095 tSiB

2335 2036 2412 2107 (7)
2436 2036 2600 2104 Λέγει
2634 2037 2690 2090 δὲ
2722 2038 2819 2090 xui
2843 2038 2869 2090 ό
2897 2036 3041 2100 θεῖος
3074 2034 3492 2106 Χρυσόστομος·
3529 2053 3545 2086 ι
3587 2033 3773 2087 Ἀπιστεί

2267 2144 2352 2191 τις
2383 2127 2429 2160 ³⁸
2463 2131 2526 2200 τῇ
2565 2130 2782 2201 γεέννῃ,
2830 2131 2899 2184 τὰ
2935 2129 3156 2197 Σόδομα
3204 2128 3599 2196 διαλογιζέσθω,
3624 2129 3678 2180 τὰ
3705 2130 3770 2180 r6-

2268 2222 2449 2290 μορρα
2482 2219 2755 2284 ἐννοείτω,
2788 2220 2885 2290 τὴν
2925 2222 3314 2291 γεγενημένην
3357 2220 3402 2251 ³⁵
3447 2220 3687 2289 τιμωρίαν
3710 2221 3774 2270 καὶ

2266 2312 2347 2365 ἔτι
2403 2312 2678 2382 μένουσαν
2718 2333 2735 2365 ι
2777 2316 2874 2366 καὶ
2927 2315 3024 2367 τοῦ
3087 2314 3421 2378 διαιωνίζειν
3472 2313 3563 2382 τὴν
3613 2313 3775 2365 κόλασιν

2265 2406 2495 2476 ἐναργὲς
2540 2408 2845 2475 τεκμήριον
2882 2408 3281 2477 παριστῶσανο
3320 2407 3413 2460 xui
3440 2406 3543 2478 γὰρ
3574 2405 3776 2472 (2571³ιοὺ

2268 2499 2431 2569 μόνον
2472 2501 2505 2569 ὴ
2540 2499 2636 2568 γῆ,
2672 2500 2808 2553 ἀλλά
2862 2501 2955 2553 xui
3000 2501 3175 2564 αὐτὸς
3201 2504 3228 2554 ό
3270 2501 3375 2570 ἀὴρ
3424 2500 3512 2553 xui
3560 2500 3619 2550 τὰ
3652 2497 3776 2549 ὕδατα

2268 2592 2499 2661 μετέσχε
2528 2594 2625 2662 τῆς
2666 2595 2980 2661 συμφορᾶς,
3015 2594 3111 2646 xui
3167 2593 3415 2665 καθάπερ
3460 2594 3678 2663 σώματος
3712 2594 3780 2657 ἑμ-

2265 2683 2599 2752 πρησθέντος
2634 2684 2693 2735 τὸ
2736 2685 2836 2753 μὲν
2874 2684 3064 2755 σχῆμα
3103 2686 3267 2755 μένει
3313 2688 3405 2739 xui
3447 2685 3712 2745 ότύποςέν
3737 2684 3779 2749 τῇ

2264 2774 2358 2827 τοῦ
2401 2776 2574 2845 πυρὸς
2610 2775 2731 2844 ὄψει
2779 2776 2873 2828 καὶ
2917 2778 2945 2828 ό
2980 2776 3150 2843 δγκος
3186 2776 3279 2828 xui
3321 2778 3353 2845 ἠ
3396 2774 3654 2842 ἀναλογία,
3695 2770 3781 2838 ἡδὲ

2263 2864 2493 2933 δύναμις
2539 2863 2760 2917 οὐκέτι·
2810 2863 2954 2916 οὕτω
3001 2864 3065 2932 δὴ
3098 2866 3332 2916 κάκεῖσε
3370 2862 3471 2929 γῆν
3516 2862 3646 2913 ἐστιν
3674 2859 3782 2915 ἰδεῖν,

2264 2957 2379 3009 ἀλλ’
2416 2959 2569 3011 οὐδὲν
2609 2958 2840 3027 ἔχουσαν
2874 2958 2999 3027 γῆς,
3029 2958 3176 3011 ἀλλὰ
3204 2959 3380 3012 πάντα
3417 2958 3612 3026 τέφρα·
3640 2952 3783 3019 δένδρι

2264 3051 2359 3105 xui
2411 3052 2701 3120 καρποὺς,
2746 3050 2863 3103 ἀλλ’
2908 3050 3062 3103 οὐδὲν
3131 3051 3374 3122 δένδρων
3424 3050 3538 3102 οὐδὲ
3584 3044 3782 3114 καρπῶν

2264 3140 2402 3209 ἀέρα
2431 3142 2526 3193 xui
2550 3140 2718 3209 ὕδωρ,
2748 3140 2864 3195 ἀλλ’
2885 3139 3041 3193 οὐδὲν
3065 3139 3269 3203 ὓδατος
3292 3141 3409 3193 οὐδέ
3436 3138 3584 3208 ἀέρος
3608 3153 3620 3167 ο
3642 3133 3784 3199 ἐπειδὴ

2263 3234 2372 3303 γὰρ
2409 3233 2501 3285 καὶ
2530 3234 2705 3287 ταῦτα
2742 3234 3114 3303 τετέφρωνται
3145 3250 3160 3261 ·
3198 3231 3487 3304 τοιγαροῦν
3544 3231 3677 3282 οὐδὲν
3703 3227 3787 3278 Eta-

2266 3342 2358 3395 ρον
2393 3326 2424 3395 ἦ
2459 3326 2688 3394 κάμινὸς
2720 3328 2870 3379 ἐστιν
2895 3325 2924 3377 ὁ
2948 3325 3078 3396 ἀὴρ,
3111 3327 3353 3396 κάμινος
3383 3326 3441 3378 τὸ
3472 3323 3625 3391 ὕδωρ,
3654 3320 3785 3371 πάντα

580 3414 865 3481 praeteritae
894 3416 987 3468 irae
1016 3415 1277 3469 ultionem
1314 3416 1661 3470 ostendentia
1687 3426 1741 3469 et
1775 3416 1973 3470 futurae
2006 3418 2159 3485 puni-

2266 3418 2515 3488 ἄκαρπα,
2571 3420 2748 3471 πάντα
2796 3419 2991 3486 ἄγονα,
3034 3420 3225 3472 πάντα
3274 3417 3413 3489 πρὸς
3458 3413 3698 3484 τιμωρίαν
3718 3409 3787 3475 τῆς

577 3506 743 3559 tiOnis
775 3507 1061 3575 imagines.
1084 3506 1294 3576 Reputa
1328 3523 1460 3577 ergo
1490 3519 1753 3576 quantum
1778 3509 1849 3563 sit
1873 3520 2156 3579 peccatuxu

577 3606 635 3650 nt
688 3608 813 3652 ante
867 3609 1083 3668 tempus
1134 3602 1437 3671 gehennam
1484 3616 1749 3670 apparere
1802 3601 1926 3671 quis
1978 3614 2157 3671 cogat.

579 3692 1025 3748 l'lxtraordiuaria
1071 3710 1308 3763 namque
1356 3694 1459 3749 fuit
1493 3694 1607 3749 haec
1649 3695 1849 3764 pluvia,
1889 3694 2156 3765 siquidem

575 3792 631 3835 et
667 3796 854 3838 contra
886 3795 1136 3840 naturam
1168 3794 1221 3841 et
1247 3785 1417 3855 legem
1456 3795 1575 3840 erat
1609 3786 1710 3840 ista
1732 3787 2073 3853 commistio;
2107 3796 2162 3842 et

578 3875 879 3931 submersit
942 3888 1181 3943 terram,
1245 3879 1515 3948 siquidem
1566 3888 1621 3933 et
1676 3866 1899 3933 animas
1941 3894 2158 3941 eorum.

577 3966 792 4021 t’nnesta
839 3980 893 4023 et
933 3971 1292 4026 exsecrabilis
1322 3972 1593 4039 Voluptas.
1620 3972 1736 4036 Ast,
1772 3986 1805 4025 ο
1833 3971 2159 4025 dementiam

576 4074 763 4114 eorum
797 4064 889 4131 qui
919 4063 1020 4117 hoc
1049 4064 1249 4133 agunt!
1280 4078 1314 4118 ο
1360 4064 1640 4119 miseriam
1697 4073 1750 4119 et
1803 4064 2159 4120 stoliditatem

576 4152 876 4209 infelicium
920 4157 1037 4225 qui,
1069 4158 1201 4226 proh
1240 4158 1429 4213 dolorl
1465 4167 1659 4228 sponte
1696 4158 1811 4213 lnrc
1852 4160 2162 4229 patiuntur,

576 4249 855 4318 corrumpi
924 4252 1337 4307 consentientes
1390 4268 1420 4306 a
1466 4252 1743 4321 corruptis
1774 4262 1829 4306 et
1859 4252 2076 4321 pollutis
2109 4263 2165 4308 et

575 4339 808 4409 impuris
836 4358 1019 4397 amma
1068 4353 1123 4399 et
1178 4360 1431 4416 corpore,
1461 4347 1756 4415 porcisque
1792 4345 2007 4415 pejores
2039 4360 2161 4400 sese

578 4444 971 4501 monstrantes,
1001 4442 1117 4493 sive
1140 4451 1492 4507 corruptores
1526 4440 1641 4494 sive
1681 4439 1924 4509 corrupti
1956 4439 2165 4509 absque

579 4540 725 4583 metu
758 4545 822 4582 ac
852 4532 1098 4600 pudore!
1157 4530 1219 4586 lii
1252 4543 1399 4588 certe
1447 4532 1623 4587 brutis
1670 4533 2163 4588 irrationabiliores

574 4630 630 4675 et
678 4620 910 4675 canibus
966 4622 1399 4692 impudentiores
1457 4624 1613 4677 sunt!
1671 4620 1961 4692 Nunquam
2013 4625 2161 4676 enim

574 4716 717 4783 apud
745 4714 882 4769 istos
913 4714 1037 4769 talis
1058 4714 1117 4769 ﬁt
1144 4716 1477 4779 comntistio,
1500 4715 1593 4771 sed
1622 4715 1870 4784 proprios
1901 4715 2164 4769 terminos

576 4816 771 4860 natura
805 4793 1107 4876 cognoscit.
1149 4806 1259 4862 llos
1315 4824 1415 4877 ego
1456 4808 1671 4876 pejores
1704 4808 1991 4860 homicidis
2040 4822 2162 4862 esse

576 4898 731 4962 dico;
782 4916 1114 4969 quocunque
1146 4900 1368 4954 nomine
1403 4907 1688 4968 peccatum
1722 4897 1984 4968 appelles,
2040 4897 2159 4951 nul-

578 4993 688 5046 lum
746 4994 870 5050 huic
905 4994 1161 5065 pravitati
1208 5009 1305 5063 par
1355 4992 1621 5048 invenies.
1686 4990 1969 5046 llomicida
2014 4991 2157 5044 enim

576 5090 817 5141 animam
861 5104 891 5141 a
946 5103 1178 5158 corpore
1211 5096 1498 5157 segregat;
1556 5085 1644 5140 hic
1683 5092 1865 5138 autem
1918 5083 2158 5139 animam

578 5194 701 5233 cum
758 5195 988 5250 corpore
1039 5178 1324 5249 disperdit.
1392 5177 1547 5233 Unde
1589 5176 1757 5247 igitur
1801 5183 2023 5229 enatum
2078 5186 2163 5230 est

582 5272 686 5327 tale
713 5273 958 5328 malum?
1007 5274 1051 5326 Α
1092 5271 1326 5337 deliciis,
1364 5287 1392 5325 a
1430 5270 1677 5335 mollitie,
1727 5286 1756 5323 a
1804 5269 2161 5323 derelictione

585 5364 699 5434 Dei,
754 5369 823 5423 ab
851 5383 915 5423 eo
959 5368 1102 5440 quod
1154 5367 1269 5438 ipse
1323 5382 1431 5422 non
1481 5366 1733 5421 timeatur
1777 5379 1876 5417 nec
1915 5362 2158 5417 futurum

2265 3509 2651 3581 προλασούσης
2682 3510 2853 3581 ὀργῆς
2886 3511 2981 3562 xui
3022 3510 3245 3573 εἰκόνες
3292 3511 3392 3579 τῆς
3435 3509 3704 3579 μελὶούσης
3725 3518 3787 3553 κο-

2264 3603 2477 3666 λάσεως
2499 3619 2513 3633 ·
2546 3604 2803 3672 ἐννόησον
2849 3603 3033 3654 τοίνυν
3065 3603 3267 3672 ἡλίκον
3307 3605 3423 3655 ἐστί
3462 3603 3517 3654 τὸ
3550 3600 3790 3668 ἁμάρτημπ

2264 3693 2341 3757 ὡς
2391 3694 2684 3764 βιάσασθαι
2744 3693 2852 3764 πρὸ
2896 3694 3092 3764 καιροῦ
3142 3696 3246 3764 τὴν
3312 3695 3533 3762 γέενναν
3581 3688 3787 3758 φανῆναι³

2267 3788 2362 3841 xui
2387 3788 2496 3855 γὰρ
2543 3784 2851 3857 παράδοξος
2890 3782 2957 3856 ἦν
2983 3788 3011 3839 ό
3038 3786 3206 3851 ὑετὸς
3246 3790 3453 3849 ἐκεῖνος
3477 3802 3490 3815 ο
3534 3781 3696 3848 ἐπειδὴ
3728 3776 3794 3826 11‘.

2265 3883 2420 3952 παρὰ
2452 3880 2615 3950 φύσιν
2652 3882 2745 3933 xui
2784 3881 3105 3951 παράνομος
3139 3884 3174 3952 ἡ
3206 3881 3384 3951 μίξιςο
3422 3879 3511 3932 καὶ
3549 3872 3791 3930 κατέκλυσε

2265 3974 2367 4046 τὴν
2398 3974 2525 4043 γῆνι
2562 3972 2756 4043 ἐπειδὴ
2807 3976 2903 4026 καὶ
2951 3974 3049 4036 τὰς
3103 3974 3339 4027 ἐκείνων
3369 3973 3543 4043 ψυχὰς
3574 3972 3603 4039 ἡ
3631 3960 3795 4039 χαλεπὴ

2266 4069 2363 4122 xui
2396 4067 2677 4136 ἐπάρατος
2728 4067 2999 4135 ἐπιθυμία
3024 4082 3038 4096 ο
3079 4065 3227 4133 ἀλλ’,
3257 4062 3304 4121 ὧ
3344 4068 3443 4135 τῆς
3472 4058 3794 4133 παραπληξῖας

2266 4162 2373 4215 τῶν
2426 4160 2589 4215 τοῦτο
2642 4162 3153 4230 κατεργαζομένων
3204 4162 3302 4213 xui
3338 4161 3437 4229 τῆς
3482 4148 3793 4220 ταλαιπωρίας

2265 4254 2360 4307 xui
2416 4253 2709 4316 κακονοίας
2759 4253 2867 4305 τῶν
2917 4252 3176 4305 ἐλεεινῶν
3229 4255 3325 4305 xui
3380 4252 3574 4311 ἀθλίως
3603 4249 3641 4278 ³⁵
3679 4241 3792 4294 τοῦτο

2267 4351 2585 4418 πασχόντων
2615 4346 2881 4408 ἑκουσίως
2925 4347 3167 4416 μάλιστα
3201 4347 3301 4400 xui
3347 4342 3697 4416 φθειρομένων
3720 4332 3790 4385 {uti

2264 4440 2377 4493 τῶν
2412 4439 2836 4509 διεφθαρμένων
2871 4439 2965 4491 xui
3003 4437 3258 4508 βεϐήλων
3295 4456 3356 4490 τε
3392 4440 3486 4490 xui
3529 4431 3789 4496 ἀκαθάρτων

2264 4535 2411 4606 ψυχῇ
2440 4535 2533 4587 xui
2562 4535 2779 4603 σώματι
2820 4532 2915 4585 xui
2959 4532 3164 4603 χοίρων
3204 4532 3435 4603 χείρους
3468 4528 3669 4587 ἑαυτοὺς
3693 4523 3788 4575 ἀπο,

2268 4628 2555 4689 φαίνοντες
2607 4626 2678 4689 ⁸⁸,
2736 4626 2848 4677 οἵτε
2903 4625 3226 4695 φθείροντες
3270 4627 3369 4678 καὶ
3422 4626 3469 4677 oi
3511 4618 3789 4690 φθειρόμενίιι

2269 4719 2492 4786 ἀφόϐως
2534 4719 2629 4771 xui
2661 4718 3036 4787 ἀναισχύντως
3060 4734 3073 4747 °
3115 4719 3173 4771 οἵ
3202 4736 3268 4787 γε
3309 4719 3409 4772 xui
3450 4718 3644 4783 ἀλόγων
3674 4711 3789 4770 dvo‘i‘

2270 4812 2485 4877 τότεροι
2555 4812 2653 4863 xui
2722 4810 2901 4863 κυνῶν
2956 4811 3379 4877 ἀναιδέστεροι⁸
3439 4803 3656 4875 οὐδαμοῦ
3712 4798 3787 4865 γάρ

2269 4901 2496 4972 τοιαύτη
2554 4902 2702 4972 μίξις
2758 4903 2888 4971 παρ’
2920 4902 3153 4963 ἐκείνοις
3201 4902 3320 4954 ἀλλ’
3350 4888 3788 4971 ἐπιγινιῦσκειτοῦς

2270 4994 2436 5057 ἰδίους
2473 4996 2635 5063 ὄρους
2672 4995 2705 5063 ἡ
2743 4994 2926 5062 φύσις.
2965 4991 3203 5053 Τούτους
3240 4993 3357 5062 ἐγὼ
3389 4996 3481 5047 καὶ
3520 4982 3788 5057 ἀνδροφόνων

2272 5088 2489 5157 χείρους
2522 5080 2663 5138 εἶναι
2705 5086 2848 5153 λέγω
2878 5086 2973 5136 καὶ
3012 5085 3151 5155 ὅπερ
3182 5086 3251 5138 ἂν
3311 5086 3474 5157 εἴπῃς
3521 5080 3784 5152 ἁμάρτημ’

2272 5181 2423 5233 οὐδὲν
2452 5180 2565 5231 ἴσον
2615 5181 2758 5248 ἐρεῖς
3003 5179 3104 5247 τῆς
3150 5180 3510 5248 παρανομίας
3558 5172 3783 5236 “tutittﬁ'0

2278 5272 2376 5341 μὲν
2424 5272 2531 5340 γὰρ
2591 5270 2918 5339 ἀνδροφόνος
2968 5268 3065 5339 τὴν
3099 5269 3285 5339 ψυχὴν
3322 5272 3433 5321 ἀπὶ
3474 5267 3564 5320 τοῦ
3596 5261 3779 5327 σώμίτθέ

2276 5364 2589 5435 ἐχώρησε-ι’
2624 5358 2777 5425 οὗτος
2822 5361 2878 5414 δέ
2927 5362 3026 5431 τὴν
3076 5361 3259 5431 ψυχὴν
3294 5363 3438 5431 μετά
3483 5362 3571 5414 τοῦ
3600 5354 3779 5417 σώματος

1789 5506 1983 5567 Varim
2025 5506 2332 5569 lectiones
2365 5512 2424 5563 ct
2455 5512 2643 5565 noue.

660 5652 704 5725 ξ’
738 5656 1026 5725 ἐποίησενῖ
1050 5659 1177 5725 Sap.
1218 5675 1270 5721 κ,
1294 5656 1349 5708 6.
1403 5659 1514 5725 πῦρ
1564 5676 1686 5711 κατ.

592 5720 680 5775 ubi
708 5724 805 5775 cod
861 5720 1190 5784 67.Itl.'i.lllti
1222 5728 1419 5787 αἰῶνας
1450 5720 1667 5781 habent.
1746 5730 1786 5759 ³³
1816 5727 1866 5777 εἶ’

585 5793 633 5827 ³⁵
658 5792 899 5849 ἀθλίωνῖ
974 5796 1013 5826 ³’
1048 5794 1494 5856 ἀπο·;σιινόντιι›ν,’ἒ

1768 5658 1805 5688 ³⁸
1834 5650 1911 5717 οἷς
2075 5673 2111 5723 μ

2266 5674 2292 5707 l.
2327 5655 2380 5713 7,
2444 5656 2535 5707 s't'tl
2582 5654 2826 5723 plerique
2859 5654 3073 5705 «‘ntlict‘s
3128 5662 3181 5706 ιιι
3224 5652 3401 5723 Coisl.
3481 5650 3721 5723 "fimi-"1

2414 5704 2933 5794 έῗίτίέἶηδντνίτὴν
3100 5704 3275 5791 xui
3310 5704 3468 5793 μέχρι
3498 5716 3587 5770 νῦν
3615 5730 3663 5780 μ.
3692 5704 3790 5759 Gl”-

3481 5650 3522 5677 ιι
3546 5643 3655 5697 Jud.
3678 5629 3788 5692 λεδ»
