  <div class='ocr_page' id='page_1' title='image "/cluster/home/n/w/nwhite01/storage/ocr_20150623/110/hvd.32044073502296/406.png"; bbox 0 0 4032 6226; ppageno 0'>
   <div class='ocr_carea' id='block_1_1' title="bbox 273 251 375 317">
    <p class='ocr_par' dir='ltr' id='par_1_1' title="bbox 273 251 375 317">
     <span class='ocr_line' id='line_1_1' title="bbox 273 251 375 317; baseline -0.02 0"><span class='ocrx_word' id='word_1_1' title='bbox 273 251 375 317; x_wconf 84' lang='grc'><strong>801</strong></span> 
     </span>
    </p>
   </div>
   <div class='ocr_carea' id='block_1_2' title="bbox 1454 260 2362 322">
    <p class='ocr_par' dir='ltr' id='par_1_2' title="bbox 1454 260 2362 322">
     <span class='ocr_line' id='line_1_2' title="bbox 1454 260 2362 322; baseline 0.001 -2"><span class='ocrx_word' id='word_1_2' title='bbox 1454 260 1920 321; x_wconf 65' lang='lat' dir='ltr'><strong>CHRONICON.</strong></span> <span class='ocrx_word' id='word_1_3' title='bbox 1968 288 2028 296; x_wconf 52' lang='grc' dir='ltr'>-τ</span> <span class='ocrx_word' id='word_1_4' title='bbox 2075 262 2225 321; x_wconf 83' lang='lat' dir='ltr'><strong>LIB.</strong></span> <span class='ocrx_word' id='word_1_5' title='bbox 2265 262 2362 322; x_wconf 89' lang='lat' dir='ltr'><strong>1V.</strong></span> 
     </span>
    </p>
   </div>
   <div class='ocr_carea' id='block_1_3' title="bbox 3447 258 3554 321">
    <p class='ocr_par' dir='ltr' id='par_1_3' title="bbox 3447 258 3554 321">
     <span class='ocr_line' id='line_1_3' title="bbox 3447 258 3554 321; baseline -0.019 0"><span class='ocrx_word' id='word_1_6' title='bbox 3447 258 3554 321; x_wconf 80' lang='lat'><strong>802</strong></span> 
     </span>
    </p>
   </div>
   <div class='ocr_carea' id='block_1_4' title="bbox 272 362 1870 440">
    <p class='ocr_par' dir='ltr' id='par_1_4' title="bbox 272 362 1859 440">
     <span class='ocr_line' id='line_1_4' title="bbox 272 362 1859 440; baseline 0.002 -21"><span class='ocrx_word' id='word_1_7' title='bbox 272 364 580 421; x_wconf 83' lang='grc' dir='ltr'>ἀπώλεσεν.</span> <span class='ocrx_word' id='word_1_8' title='bbox 612 367 787 421; x_wconf 85' lang='grc' dir='ltr'><strong>Πόθεν</strong></span> <span class='ocrx_word' id='word_1_9' title='bbox 820 362 915 422; x_wconf 78' lang='grc' dir='ltr'><strong>οὖν</strong></span> <span class='ocrx_word' id='word_1_10' title='bbox 953 368 1150 440; x_wconf 78' lang='grc' dir='ltr'><strong>ἐτέχθη</strong></span> <span class='ocrx_word' id='word_1_11' title='bbox 1181 370 1244 423; x_wconf 77' lang='grc' dir='ltr'>τὸ</span> <span class='ocrx_word' id='word_1_12' title='bbox 1274 370 1422 440; x_wconf 83' lang='grc' dir='ltr'>μέγα</span> <span class='ocrx_word' id='word_1_13' title='bbox 1466 371 1627 424; x_wconf 78' lang='grc' dir='ltr'>τοῦτο</span> <span class='ocrx_word' id='word_1_14' title='bbox 1659 374 1859 435; x_wconf 58' lang='grc' dir='ltr'>κακῶς</span> 
     </span>
    </p>
   </div>
   <div class='ocr_carea' id='block_1_5' title="bbox 1976 362 3556 440">
    <p class='ocr_par' dir='ltr' id='par_1_5' title="bbox 1976 369 3556 440">
     <span class='ocr_line' id='line_1_5' title="bbox 1976 369 3556 440; baseline 0.003 -18"><span class='ocrx_word' id='word_1_15' title='bbox 1976 369 2259 436; x_wconf 78' lang='lat' dir='ltr'><strong>iudicium.</strong></span> <span class='ocrx_word' id='word_1_16' title='bbox 2302 369 2406 425; x_wconf 85' lang='lat' dir='ltr'><strong>Ubi</strong></span> <span class='ocrx_word' id='word_1_17' title='bbox 2452 369 2598 424; x_wconf 86' lang='lat' dir='ltr'><strong>enim</strong></span> <span class='ocrx_word' id='word_1_18' title='bbox 2646 370 2812 440; x_wconf 82' lang='lat' dir='ltr'><strong>aliqui</strong></span> <span class='ocrx_word' id='word_1_19' title='bbox 2851 372 3011 427; x_wconf 88' lang='lat' dir='ltr'><strong>talem</strong></span> <span class='ocrx_word' id='word_1_20' title='bbox 3060 378 3263 426; x_wconf 89' lang='lat' dir='ltr'><strong>metum</strong></span> <span class='ocrx_word' id='word_1_21' title='bbox 3314 386 3342 425; x_wconf 88' lang='lat' dir='ltr'><strong>a</strong></span> <span class='ocrx_word' id='word_1_22' title='bbox 3387 374 3556 427; x_wconf 90' lang='lat' dir='ltr'><strong>corde</strong></span> 
     </span>
    </p>
   </div>
   <div class='ocr_carea' id='block_1_6' title="bbox 286 458 1861 534">
    <p class='ocr_par' dir='ltr' id='par_1_6' title="bbox 286 458 1861 534">
     <span class='ocr_line' id='line_1_6' title="bbox 286 458 1861 534; baseline 0.004 -23"><span class='ocrx_word' id='word_1_23' title='bbox 286 458 422 511; x_wconf 74' lang='grc' dir='ltr'>’Δπδ</span> <span class='ocrx_word' id='word_1_24' title='bbox 450 462 661 529; x_wconf 80' lang='grc' dir='ltr'><strong>τρυφῆς</strong></span> <span class='ocrx_word' id='word_1_25' title='bbox 692 462 790 513; x_wconf 70' lang='grc' dir='ltr'><strong>καὶ</strong></span> <span class='ocrx_word' id='word_1_26' title='bbox 816 462 1104 532; x_wconf 74' lang='grc' dir='ltr'>σπατὰλης</span> <span class='ocrx_word' id='word_1_27' title='bbox 1136 464 1231 516; x_wconf 71' lang='grc' dir='ltr'>καὶ</span> <span class='ocrx_word' id='word_1_28' title='bbox 1254 464 1700 534; x_wconf 80' lang='grc' dir='ltr'>ἐγκαταλείψεως</span> <span class='ocrx_word' id='word_1_29' title='bbox 1726 464 1861 517; x_wconf 82' lang='grc' dir='ltr'><strong>Θεοῦ</strong></span> 
     </span>
    </p>
   </div>
   <div class='ocr_carea' id='block_1_7' title="bbox 276 551 1863 627">
    <p class='ocr_par' dir='ltr' id='par_1_7' title="bbox 276 551 1863 627">
     <span class='ocr_line' id='line_1_7' title="bbox 276 551 1863 627; baseline 0.004 -25"><span class='ocrx_word' id='word_1_30' title='bbox 276 552 375 603; x_wconf 78' lang='grc' dir='ltr'><strong>καὶ</strong></span> <span class='ocrx_word' id='word_1_31' title='bbox 412 552 520 605; x_wconf 77' lang='grc' dir='ltr'><strong>ἀπὸ</strong></span> <span class='ocrx_word' id='word_1_32' title='bbox 546 551 640 604; x_wconf 87' lang='grc' dir='ltr'><strong>τοῦ</strong></span> <span class='ocrx_word' id='word_1_33' title='bbox 680 554 755 621; x_wconf 82' lang='grc' dir='ltr'>μὴ</span> <span class='ocrx_word' id='word_1_34' title='bbox 782 554 1069 621; x_wconf 76' lang='grc' dir='ltr'>φοῦεἰσθαι</span> <span class='ocrx_word' id='word_1_35' title='bbox 1107 556 1271 608; x_wconf 81' lang='grc' dir='ltr'>αὑτὸν</span> <span class='ocrx_word' id='word_1_36' title='bbox 1302 558 1398 608; x_wconf 79' lang='grc' dir='ltr'>καὶ</span> <span class='ocrx_word' id='word_1_37' title='bbox 1422 556 1521 627; x_wconf 84' lang='grc' dir='ltr'>τὴν</span> <span class='ocrx_word' id='word_1_38' title='bbox 1556 558 1863 626; x_wconf 84' lang='grc' dir='ltr'>μέλλουσαν</span> 
     </span>
    </p>
   </div>
   <div class='ocr_carea' id='block_1_8' title="bbox 274 643 1864 716">
    <p class='ocr_par' dir='ltr' id='par_1_8' title="bbox 274 643 1864 716">
     <span class='ocr_line' id='line_1_8' title="bbox 274 643 1864 716; baseline 0.003 -21"><span class='ocrx_word' id='word_1_39' title='bbox 274 643 497 713; x_wconf 78' lang='grc' dir='ltr'><strong>κρίσιν⁹</strong></span> <span class='ocrx_word' id='word_1_40' title='bbox 534 643 661 695; x_wconf 85' lang='grc' dir='ltr'>ὃταν</span> <span class='ocrx_word' id='word_1_41' title='bbox 702 644 813 716; x_wconf 80' lang='grc' dir='ltr'><strong>γὰρ</strong></span> <span class='ocrx_word' id='word_1_42' title='bbox 850 646 1125 700; x_wconf 80' lang='grc' dir='ltr'>ἐκϐἀλωσί</span> <span class='ocrx_word' id='word_1_43' title='bbox 1175 665 1323 711; x_wconf 89' lang='grc' dir='ltr'>τινες</span> <span class='ocrx_word' id='word_1_44' title='bbox 1358 649 1447 700; x_wconf 81' lang='grc' dir='ltr'><strong>τὸν</strong></span> <span class='ocrx_word' id='word_1_45' title='bbox 1485 647 1734 701; x_wconf 89' lang='grc' dir='ltr'>τοιοῦτον</span> <span class='ocrx_word' id='word_1_46' title='bbox 1767 648 1864 716; x_wconf 78' lang='grc' dir='ltr'>φό-</span> 
     </span>
    </p>
   </div>
   <div class='ocr_carea' id='block_1_9' title="bbox 273 735 1861 811">
    <p class='ocr_par' dir='ltr' id='par_1_9' title="bbox 273 735 1861 811">
     <span class='ocr_line' id='line_1_9' title="bbox 273 735 1861 811; baseline 0.005 -25"><span class='ocrx_word' id='word_1_47' title='bbox 273 736 370 787; x_wconf 78' lang='grc' dir='ltr'><strong>δον</strong></span> <span class='ocrx_word' id='word_1_48' title='bbox 430 735 495 786; x_wconf 88' lang='grc' dir='ltr'><strong>ἐκ</strong></span> <span class='ocrx_word' id='word_1_49' title='bbox 540 735 640 804; x_wconf 79' lang='grc' dir='ltr'><strong>τῆς</strong></span> <span class='ocrx_word' id='word_1_50' title='bbox 703 738 935 808; x_wconf 83' lang='grc' dir='ltr'>καρδίας</span> <span class='ocrx_word' id='word_1_51' title='bbox 991 739 1196 804; x_wconf 79' lang='grc' dir='ltr'>αὐτῶν,</span> <span class='ocrx_word' id='word_1_52' title='bbox 1241 741 1636 809; x_wconf 82' lang='grc' dir='ltr'>ἐγκαταλιμπά</span> <span class='ocrx_word' id='word_1_53' title='bbox 1688 740 1861 811; x_wconf 70' lang='grc'><strong>(288·)</strong></span> 
     </span>
    </p>
   </div>
   <div class='ocr_carea' id='block_1_10' title="bbox 274 827 1864 903">
    <p class='ocr_par' dir='ltr' id='par_1_10' title="bbox 274 827 1864 903">
     <span class='ocr_line' id='line_1_10' title="bbox 274 827 1864 903; baseline 0.003 -23"><span class='ocrx_word' id='word_1_54' title='bbox 274 842 463 880; x_wconf 91' lang='grc' dir='ltr'>νονται</span> <span class='ocrx_word' id='word_1_55' title='bbox 491 829 574 888; x_wconf 86' lang='grc' dir='ltr'>εἰς</span> <span class='ocrx_word' id='word_1_56' title='bbox 607 827 765 901; x_wconf 84' lang='grc' dir='ltr'>τέλος</span> <span class='ocrx_word' id='word_1_57' title='bbox 805 830 901 881; x_wconf 77' lang='grc' dir='ltr'>καὶ</span> <span class='ocrx_word' id='word_1_58' title='bbox 946 829 1119 893; x_wconf 70' lang='grc' dir='ltr'>οὕτως</span> <span class='ocrx_word' id='word_1_59' title='bbox 1157 831 1407 901; x_wconf 74' lang='grc' dir='ltr'>ἔρχονται</span> <span class='ocrx_word' id='word_1_60' title='bbox 1443 835 1524 895; x_wconf 84' lang='grc' dir='ltr'>εἰς</span> <span class='ocrx_word' id='word_1_61' title='bbox 1567 832 1864 903; x_wconf 75' lang='grc' dir='ltr'><strong>ἐπιθυμίας</strong></span> 
     </span>
    </p>
   </div>
   <div class='ocr_carea' id='block_1_11' title="bbox 274 920 1857 995">
    <p class='ocr_par' dir='ltr' id='par_1_11' title="bbox 274 920 1857 995">
     <span class='ocr_line' id='line_1_11' title="bbox 274 920 1857 995; baseline 0.002 -23"><span class='ocrx_word' id='word_1_62' title='bbox 274 920 540 987; x_wconf 78' lang='grc' dir='ltr'><strong>ἀνοήτους</strong></span> <span class='ocrx_word' id='word_1_63' title='bbox 568 920 663 973; x_wconf 73' lang='grc' dir='ltr'><strong>καὶ</strong></span> <span class='ocrx_word' id='word_1_64' title='bbox 697 920 970 992; x_wconf 72' lang='grc' dir='ltr'>βλαῦερὰς</span> <span class='ocrx_word' id='word_1_65' title='bbox 1004 924 1097 976; x_wconf 74' lang='grc' dir='ltr'><strong>καὶ</strong></span> <span class='ocrx_word' id='word_1_66' title='bbox 1129 924 1170 954; x_wconf 85' lang='grc'><strong>³⁷</strong></span> <span class='ocrx_word' id='word_1_67' title='bbox 1214 942 1231 973; x_wconf 79' lang='grc' dir='ltr'><strong>ι</strong></span> <span class='ocrx_word' id='word_1_68' title='bbox 1268 926 1349 987; x_wconf 91' lang='grc' dir='ltr'><strong>είς</strong></span> <span class='ocrx_word' id='word_1_69' title='bbox 1381 924 1531 991; x_wconf 88' lang='grc' dir='ltr'>πάθη</span> <span class='ocrx_word' id='word_1_70' title='bbox 1560 925 1808 995; x_wconf 80' lang='grc' dir='ltr'><strong>ἀτιμίας·</strong></span> <span class='ocrx_word' id='word_1_71' title='bbox 1838 943 1857 975; x_wconf 77' lang='grc' dir='ltr'><strong>ι</strong></span> 
     </span>
    </p>
   </div>
   <div class='ocr_carea' id='block_1_12' title="bbox 276 1010 1865 1084">
    <p class='ocr_par' dir='ltr' id='par_1_12' title="bbox 276 1010 1865 1084">
     <span class='ocr_line' id='line_1_12' title="bbox 276 1010 1865 1084; baseline 0.003 -20"><span class='ocrx_word' id='word_1_72' title='bbox 276 1010 473 1080; x_wconf 84' lang='grc' dir='ltr'>ὥσπερ</span> <span class='ocrx_word' id='word_1_73' title='bbox 513 1011 624 1082; x_wconf 87' lang='grc' dir='ltr'><strong>γάρ</strong></span> <span class='ocrx_word' id='word_1_74' title='bbox 668 1013 859 1064; x_wconf 73' lang='grc' dir='ltr'>πολλοὶ</span> <span class='ocrx_word' id='word_1_75' title='bbox 892 1015 1161 1077; x_wconf 80' lang='grc' dir='ltr'>πολλάκις</span> <span class='ocrx_word' id='word_1_76' title='bbox 1190 1016 1289 1084; x_wconf 72' lang='grc' dir='ltr'><strong>τὴν</strong></span> <span class='ocrx_word' id='word_1_77' title='bbox 1313 1015 1421 1067; x_wconf 87' lang='grc' dir='ltr'><strong>τῶν</strong></span> <span class='ocrx_word' id='word_1_78' title='bbox 1454 1018 1641 1069; x_wconf 84' lang='grc' dir='ltr'><strong>σιτίων</strong></span> <span class='ocrx_word' id='word_1_79' title='bbox 1672 1017 1865 1069; x_wconf 79' lang='grc' dir='ltr'>ἐπιθυ·</span> 
     </span>
    </p>
   </div>
   <div class='ocr_carea' id='block_1_13' title="bbox 280 1105 1862 1181">
    <p class='ocr_par' dir='ltr' id='par_1_13' title="bbox 280 1105 1862 1181">
     <span class='ocr_line' id='line_1_13' title="bbox 280 1105 1862 1181; baseline 0.005 -25"><span class='ocrx_word' id='word_1_80' title='bbox 280 1105 413 1176; x_wconf 88' lang='grc' dir='ltr'>μίαν</span> <span class='ocrx_word' id='word_1_81' title='bbox 465 1106 701 1173; x_wconf 80' lang='grc' dir='ltr'><strong>ἀφέντες</strong></span> <span class='ocrx_word' id='word_1_82' title='bbox 757 1107 861 1175; x_wconf 80' lang='grc' dir='ltr'>γῆν</span> <span class='ocrx_word' id='word_1_83' title='bbox 916 1108 1197 1161; x_wconf 80' lang='grc' dir='ltr'>σιτοῦνται</span> <span class='ocrx_word' id='word_1_84' title='bbox 1250 1111 1346 1163; x_wconf 69' lang='grc' dir='ltr'>καὶ</span> <span class='ocrx_word' id='word_1_85' title='bbox 1392 1111 1575 1175; x_wconf 78' lang='grc' dir='ltr'>λίθους</span> <span class='ocrx_word' id='word_1_86' title='bbox 1624 1111 1862 1181; x_wconf 82' lang='grc' dir='ltr'>μικράς⁶</span> 
     </span>
    </p>
   </div>
   <div class='ocr_carea' id='block_1_14' title="bbox 276 1195 1866 1273">
    <p class='ocr_par' dir='ltr' id='par_1_14' title="bbox 276 1195 1866 1273">
     <span class='ocr_line' id='line_1_14' title="bbox 276 1195 1866 1273; baseline 0.006 -26"><span class='ocrx_word' id='word_1_87' title='bbox 276 1197 370 1248; x_wconf 84' lang='grc' dir='ltr'>καὶ</span> <span class='ocrx_word' id='word_1_88' title='bbox 397 1195 579 1267; x_wconf 71' lang='grc' dir='ltr'>ἕτεροι</span> <span class='ocrx_word' id='word_1_89' title='bbox 610 1196 668 1248; x_wconf 82' lang='grc' dir='ltr'>δὲ</span> <span class='ocrx_word' id='word_1_90' title='bbox 716 1197 822 1249; x_wconf 73' lang='grc' dir='ltr'>ὑπὸ</span> <span class='ocrx_word' id='word_1_91' title='bbox 854 1197 1040 1267; x_wconf 78' lang='grc' dir='ltr'>δίψους</span> <span class='ocrx_word' id='word_1_92' title='bbox 1083 1202 1447 1270; x_wconf 80' lang='grc' dir='ltr'>κατεχόμενοι</span> <span class='ocrx_word' id='word_1_93' title='bbox 1497 1203 1732 1273; x_wconf 74' lang='grc' dir='ltr'>σφοδροῦ</span> <span class='ocrx_word' id='word_1_94' title='bbox 1767 1202 1866 1257; x_wconf 75' lang='grc' dir='ltr'>καὶ</span> 
     </span>
    </p>
   </div>
   <div class='ocr_carea' id='block_1_15' title="bbox 278 1285 1866 1358">
    <p class='ocr_par' dir='ltr' id='par_1_15' title="bbox 278 1285 1866 1358">
     <span class='ocr_line' id='line_1_15' title="bbox 278 1285 1866 1358; baseline 0.006 -21"><span class='ocrx_word' id='word_1_95' title='bbox 278 1285 549 1358; x_wconf 78' lang='grc' dir='ltr'>βορϐόρου</span> <span class='ocrx_word' id='word_1_96' title='bbox 610 1288 875 1351; x_wconf 74' lang='grc' dir='ltr'>πολλάκις</span> <span class='ocrx_word' id='word_1_97' title='bbox 939 1290 1309 1357; x_wconf 76' lang='grc' dir='ltr'>ἐπιθυμοῦσιν</span> <span class='ocrx_word' id='word_1_98' title='bbox 1342 1307 1354 1319; x_wconf 91' lang='grc'><strong>·</strong></span> <span class='ocrx_word' id='word_1_99' title='bbox 1408 1293 1553 1345; x_wconf 77' lang='grc' dir='ltr'>οὕτω</span> <span class='ocrx_word' id='word_1_100' title='bbox 1618 1296 1866 1347; x_wconf 84' lang='grc' dir='ltr'>κάκεῖνοι</span> 
     </span>
    </p>
   </div>
   <div class='ocr_carea' id='block_1_16' title="bbox 276 1379 1867 1456">
    <p class='ocr_par' dir='ltr' id='par_1_16' title="bbox 276 1379 1867 1456">
     <span class='ocr_line' id='line_1_16' title="bbox 276 1379 1867 1456; baseline 0.003 -23"><span class='ocrx_word' id='word_1_101' title='bbox 276 1379 747 1448; x_wconf 79' lang='grc' dir='ltr'>καταλειφθέντες</span> <span class='ocrx_word' id='word_1_102' title='bbox 796 1380 887 1432; x_wconf 78' lang='grc' dir='ltr'>διὰ</span> <span class='ocrx_word' id='word_1_103' title='bbox 923 1382 1020 1444; x_wconf 73' lang='grc' dir='ltr'><strong>τὰς</strong></span> <span class='ocrx_word' id='word_1_104' title='bbox 1074 1385 1487 1456; x_wconf 79' lang='grc' dir='ltr'>προειρημένας</span> <span class='ocrx_word' id='word_1_105' title='bbox 1516 1386 1696 1448; x_wconf 87' lang='grc' dir='ltr'>αἰτίας</span> <span class='ocrx_word' id='word_1_106' title='bbox 1727 1387 1867 1456; x_wconf 79' lang='grc' dir='ltr'>πρὸς</span> 
     </span>
    </p>
   </div>
   <div class='ocr_carea' id='block_1_17' title="bbox 275 1472 1868 1551">
    <p class='ocr_par' dir='ltr' id='par_1_17' title="bbox 275 1472 1868 1551">
     <span class='ocr_line' id='line_1_17' title="bbox 275 1472 1868 1551; baseline 0.006 -28"><span class='ocrx_word' id='word_1_107' title='bbox 275 1472 368 1525; x_wconf 75' lang='grc' dir='ltr'><strong>τὸν</strong></span> <span class='ocrx_word' id='word_1_108' title='bbox 398 1473 643 1543; x_wconf 76' lang='grc' dir='ltr'>ἄθεσμον</span> <span class='ocrx_word' id='word_1_109' title='bbox 697 1472 905 1525; x_wconf 89' lang='grc' dir='ltr'>τούτων</span> <span class='ocrx_word' id='word_1_110' title='bbox 957 1474 1336 1546; x_wconf 79' lang='grc' dir='ltr'>ἐξεκαύθησαν</span> <span class='ocrx_word' id='word_1_111' title='bbox 1376 1479 1556 1548; x_wconf 78' lang='grc' dir='ltr'>ἔρωτα</span> <span class='ocrx_word' id='word_1_112' title='bbox 1591 1481 1686 1532; x_wconf 76' lang='grc' dir='ltr'><strong>καὶ</strong></span> <span class='ocrx_word' id='word_1_113' title='bbox 1728 1481 1868 1551; x_wconf 75' lang='grc' dir='ltr'>πρὸς</span> 
     </span>
    </p>
   </div>
   <div class='ocr_carea' id='block_1_18' title="bbox 273 1565 1866 1641">
    <p class='ocr_par' dir='ltr' id='par_1_18' title="bbox 273 1565 1866 1641">
     <span class='ocr_line' id='line_1_18' title="bbox 273 1565 1866 1641; baseline 0.006 -25"><span class='ocrx_word' id='word_1_114' title='bbox 273 1565 374 1634; x_wconf 80' lang='grc' dir='ltr'>τὴν</span> <span class='ocrx_word' id='word_1_115' title='bbox 410 1568 619 1636; x_wconf 72' lang='grc' dir='ltr'>μιαρὰν</span> <span class='ocrx_word' id='word_1_116' title='bbox 648 1567 829 1639; x_wconf 76' lang='grc' dir='ltr'>ὄρεξιν</span> <span class='ocrx_word' id='word_1_117' title='bbox 866 1576 1068 1641; x_wconf 85' lang='grc' dir='ltr'>μανίαν</span> <span class='ocrx_word' id='word_1_118' title='bbox 1100 1588 1156 1623; x_wconf 92' lang='grc' dir='ltr'><strong>τε</strong></span> <span class='ocrx_word' id='word_1_119' title='bbox 1192 1573 1285 1623; x_wconf 78' lang='grc' dir='ltr'><strong>καὶ</strong></span> <span class='ocrx_word' id='word_1_120' title='bbox 1327 1571 1533 1624; x_wconf 74' lang='grc' dir='ltr'>λύσσαν</span> <span class='ocrx_word' id='word_1_121' title='bbox 1556 1590 1568 1602; x_wconf 82' lang='lat'><strong><em>°</em></strong></span> <span class='ocrx_word' id='word_1_122' title='bbox 1602 1575 1650 1626; x_wconf 87' lang='grc' dir='ltr'>εἰ</span> <span class='ocrx_word' id='word_1_123' title='bbox 1679 1573 1736 1626; x_wconf 82' lang='grc' dir='ltr'>δὲ</span> <span class='ocrx_word' id='word_1_124' title='bbox 1766 1575 1866 1626; x_wconf 79' lang='grc' dir='ltr'>οὐκ</span> 
     </span>
    </p>
   </div>
   <div class='ocr_carea' id='block_1_19' title="bbox 276 1656 1867 1734">
    <p class='ocr_par' dir='ltr' id='par_1_19' title="bbox 276 1656 1867 1734">
     <span class='ocr_line' id='line_1_19' title="bbox 276 1656 1867 1734; baseline 0.005 -25"><span class='ocrx_word' id='word_1_125' title='bbox 276 1656 657 1724; x_wconf 74' lang='grc' dir='ltr'>αἰσθάνονται,</span> <span class='ocrx_word' id='word_1_126' title='bbox 692 1661 811 1713; x_wconf 86' lang='grc' dir='ltr'>ἀλλ’</span> <span class='ocrx_word' id='word_1_127' title='bbox 853 1662 1096 1732; x_wconf 76' lang='grc' dir='ltr'>ἥδονται,</span> <span class='ocrx_word' id='word_1_128' title='bbox 1131 1662 1207 1732; x_wconf 82' lang='grc' dir='ltr'>μὴ</span> <span class='ocrx_word' id='word_1_129' title='bbox 1256 1661 1543 1733; x_wconf 75' lang='grc' dir='ltr'>θαυμάσῃς</span> <span class='ocrx_word' id='word_1_130' title='bbox 1566 1680 1580 1694; x_wconf 78' lang='grc' dir='ltr'><strong><em>ο</em></strong></span> <span class='ocrx_word' id='word_1_131' title='bbox 1613 1667 1706 1716; x_wconf 74' lang='grc' dir='ltr'><strong>καὶ</strong></span> <span class='ocrx_word' id='word_1_132' title='bbox 1758 1665 1867 1734; x_wconf 79' lang='grc' dir='ltr'>γὰρ</span> 
     </span>
    </p>
   </div>
   <div class='ocr_carea' id='block_1_20' title="bbox 1968 462 3554 533">
    <p class='ocr_par' dir='ltr' id='par_1_20' title="bbox 1968 462 3554 533">
     <span class='ocr_line' id='line_1_20' title="bbox 1968 462 3554 533; baseline 0.003 -17"><span class='ocrx_word' id='word_1_133' title='bbox 1968 478 2069 517; x_wconf 88' lang='lat' dir='ltr'><strong>suo</strong></span> <span class='ocrx_word' id='word_1_134' title='bbox 2096 464 2401 531; x_wconf 80' lang='lat' dir='ltr'><strong>ejeeerunt,</strong></span> <span class='ocrx_word' id='word_1_135' title='bbox 2439 465 2490 515; x_wconf 89' lang='lat' dir='ltr'><strong>in</strong></span> <span class='ocrx_word' id='word_1_136' title='bbox 2526 462 2687 515; x_wconf 82' lang='lat' dir='ltr'><strong>ﬁnem</strong></span> <span class='ocrx_word' id='word_1_137' title='bbox 2719 465 3179 533; x_wconf 84' lang='lat' dir='ltr'><strong>derelmquuntut&#39;</strong></span> <span class='ocrx_word' id='word_1_138' title='bbox 3208 474 3262 518; x_wconf 87' lang='lat' dir='ltr'><strong>et</strong></span> <span class='ocrx_word' id='word_1_139' title='bbox 3290 465 3362 519; x_wconf 89' lang='lat' dir='ltr'><strong>ita</strong></span> <span class='ocrx_word' id='word_1_140' title='bbox 3388 465 3554 521; x_wconf 84' lang='lat' dir='ltr'><strong>devc-</strong></span> 
     </span>
    </p>
   </div>
   <div class='ocr_carea' id='block_1_21' title="bbox 1968 557 3556 626">
    <p class='ocr_par' dir='ltr' id='par_1_21' title="bbox 1968 557 3556 626">
     <span class='ocr_line' id='line_1_21' title="bbox 1968 557 3556 626; baseline 0.003 -16"><span class='ocrx_word' id='word_1_141' title='bbox 1968 558 2125 610; x_wconf 91' lang='lat' dir='ltr'><strong>niunt</strong></span> <span class='ocrx_word' id='word_1_142' title='bbox 2165 558 2231 610; x_wconf 87' lang='lat' dir='ltr'><strong>ad</strong></span> <span class='ocrx_word' id='word_1_143' title='bbox 2283 557 2612 626; x_wconf 70' lang='lat' dir='ltr'><strong>cupiditates</strong></span> <span class='ocrx_word' id='word_1_144' title='bbox 2669 557 3071 612; x_wconf 91' lang='lat' dir='ltr'><strong>irrationabiles</strong></span> <span class='ocrx_word' id='word_1_145' title='bbox 3104 569 3156 612; x_wconf 90' lang='lat' dir='ltr'><strong>et</strong></span> <span class='ocrx_word' id='word_1_146' title='bbox 3185 559 3472 613; x_wconf 68' lang='lat' dir='ltr'><strong>obscaenas</strong></span> <span class='ocrx_word' id='word_1_147' title='bbox 3503 570 3556 614; x_wconf 83' lang='lat' dir='ltr'><strong>et</strong></span> 
     </span>
    </p>
   </div>
   <div class='ocr_carea' id='block_1_22' title="bbox 1976 648 3555 721">
    <p class='ocr_par' dir='ltr' id='par_1_22' title="bbox 1976 648 3555 721">
     <span class='ocr_line' id='line_1_22' title="bbox 1976 648 3555 721; baseline 0.005 -22"><span class='ocrx_word' id='word_1_148' title='bbox 1976 666 1993 698; x_wconf 77' lang='grc' dir='ltr'><strong>ι</strong></span> <span class='ocrx_word' id='word_1_149' title='bbox 2025 649 2077 701; x_wconf 94' lang='lat' dir='ltr'><strong>in</strong></span> <span class='ocrx_word' id='word_1_150' title='bbox 2112 650 2398 718; x_wconf 89' lang='lat' dir='ltr'><strong>passiones</strong></span> <span class='ocrx_word' id='word_1_151' title='bbox 2437 649 2807 717; x_wconf 62' lang='lat' dir='ltr'><strong>ignominiae.»</strong></span> <span class='ocrx_word' id='word_1_152' title='bbox 2837 648 2992 703; x_wconf 90' lang='lat' dir='ltr'><strong>Sicut</strong></span> <span class='ocrx_word' id='word_1_153' title='bbox 3026 651 3171 703; x_wconf 85' lang='lat' dir='ltr'><strong>enim</strong></span> <span class='ocrx_word' id='word_1_154' title='bbox 3205 654 3383 715; x_wconf 88' lang='lat' dir='ltr'><strong>mttlti,</strong></span> <span class='ocrx_word' id='word_1_155' title='bbox 3412 668 3555 721; x_wconf 63' lang='lat' dir='ltr'><strong>swpe</strong></span> 
     </span>
    </p>
   </div>
   <div class='ocr_carea' id='block_1_23' title="bbox 1971 738 3556 814">
    <p class='ocr_par' dir='ltr' id='par_1_23' title="bbox 1971 738 3556 814">
     <span class='ocr_line' id='line_1_23' title="bbox 1971 738 3556 814; baseline 0.004 -22"><span class='ocrx_word' id='word_1_156' title='bbox 1971 738 2360 792; x_wconf 72' lang='lat' dir='ltr'><strong>alimentorum</strong></span> <span class='ocrx_word' id='word_1_157' title='bbox 2386 738 2661 793; x_wconf 78' lang='lat' dir='ltr'><strong>desiderio</strong></span> <span class='ocrx_word' id='word_1_158' title='bbox 2690 740 2966 809; x_wconf 88' lang='lat' dir='ltr'><strong>elongato,</strong></span> <span class='ocrx_word' id='word_1_159' title='bbox 3002 753 3202 795; x_wconf 83' lang='lat' dir='ltr'><strong>terram</strong></span> <span class='ocrx_word' id='word_1_160' title='bbox 3229 745 3556 814; x_wconf 86' lang='lat' dir='ltr'><strong>lapillosque</strong></span> 
     </span>
    </p>
   </div>
   <div class='ocr_carea' id='block_1_24' title="bbox 1971 832 3553 907">
    <p class='ocr_par' dir='ltr' id='par_1_24' title="bbox 1971 832 3553 907">
     <span class='ocr_line' id='line_1_24' title="bbox 1971 832 3553 907; baseline 0.004 -23"><span class='ocrx_word' id='word_1_161' title='bbox 1971 833 2299 897; x_wconf 87' lang='lat' dir='ltr'><strong>comedunt;</strong></span> <span class='ocrx_word' id='word_1_162' title='bbox 2352 832 2442 885; x_wconf 84' lang='lat' dir='ltr'><strong>alii</strong></span> <span class='ocrx_word' id='word_1_163' title='bbox 2502 843 2708 899; x_wconf 83' lang='lat' dir='ltr'><strong>autem,</strong></span> <span class='ocrx_word' id='word_1_164' title='bbox 2736 834 2825 888; x_wconf 85' lang='lat' dir='ltr'><strong>siti</strong></span> <span class='ocrx_word' id='word_1_165' title='bbox 2872 835 3179 889; x_wconf 72' lang='lat' dir='ltr'><strong>vehementi</strong></span> <span class='ocrx_word' id='word_1_166' title='bbox 3219 839 3432 907; x_wconf 87' lang='lat' dir='ltr'><strong>agitati,</strong></span> <span class='ocrx_word' id='word_1_167' title='bbox 3472 838 3553 890; x_wconf 86' lang='lat' dir='ltr'><strong>vel</strong></span> 
     </span>
    </p>
   </div>
   <div class='ocr_carea' id='block_1_25' title="bbox 1972 917 3557 992">
    <p class='ocr_par' dir='ltr' id='par_1_25' title="bbox 1972 917 3557 992">
     <span class='ocr_line' id='line_1_25' title="bbox 1972 917 3557 992; baseline 0.004 -21"><span class='ocrx_word' id='word_1_168' title='bbox 1972 919 2245 971; x_wconf 85' lang='lat' dir='ltr'><strong>sentinam</strong></span> <span class='ocrx_word' id='word_1_169' title='bbox 2314 917 2626 973; x_wconf 86' lang='lat' dir='ltr'><strong>desiderant</strong></span> <span class='ocrx_word' id='word_1_170' title='bbox 2682 937 2697 974; x_wconf 88' lang='lat'><strong>:</strong></span> <span class='ocrx_word' id='word_1_171' title='bbox 2764 922 2845 974; x_wconf 88' lang='lat' dir='ltr'><strong>sic</strong></span> <span class='ocrx_word' id='word_1_172' title='bbox 2886 931 2941 975; x_wconf 90' lang='lat' dir='ltr'><strong>et</strong></span> <span class='ocrx_word' id='word_1_173' title='bbox 2983 923 3059 976; x_wconf 91' lang='lat' dir='ltr'><strong>illi</strong></span> <span class='ocrx_word' id='word_1_174' title='bbox 3113 933 3335 992; x_wconf 67' lang='lat' dir='ltr'><strong>propter</strong></span> <span class='ocrx_word' id='word_1_175' title='bbox 3383 927 3557 979; x_wconf 82' lang='lat' dir='ltr'><strong>dictas</strong></span> 
     </span>
    </p>
   </div>
   <div class='ocr_carea' id='block_1_26' title="bbox 1971 1009 3556 1074">
    <p class='ocr_par' dir='ltr' id='par_1_26' title="bbox 1971 1009 3556 1074">
     <span class='ocr_line' id='line_1_26' title="bbox 1971 1009 3556 1074; baseline 0.006 -12"><span class='ocrx_word' id='word_1_176' title='bbox 1971 1023 2172 1063; x_wconf 85' lang='lat' dir='ltr'><strong>causas</strong></span> <span class='ocrx_word' id='word_1_177' title='bbox 2198 1009 2471 1074; x_wconf 82' lang='lat' dir='ltr'><strong>derelicti,</strong></span> <span class='ocrx_word' id='word_1_178' title='bbox 2512 1013 2563 1064; x_wconf 92' lang='lat' dir='ltr'><strong>in</strong></span> <span class='ocrx_word' id='word_1_179' title='bbox 2601 1012 2849 1066; x_wconf 88' lang='lat' dir='ltr'><strong>illicitum</strong></span> <span class='ocrx_word' id='word_1_180' title='bbox 2881 1028 3069 1067; x_wconf 88' lang='lat' dir='ltr'><strong>e0rum</strong></span> <span class='ocrx_word' id='word_1_181' title='bbox 3103 1032 3346 1070; x_wconf 84' lang='lat' dir='ltr'><strong>amorem</strong></span> <span class='ocrx_word' id='word_1_182' title='bbox 3401 1028 3454 1073; x_wconf 92' lang='lat' dir='ltr'><strong>et</strong></span> <span class='ocrx_word' id='word_1_183' title='bbox 3501 1020 3556 1071; x_wconf 89' lang='lat' dir='ltr'><strong>in</strong></span> 
     </span>
    </p>
   </div>
   <div class='ocr_carea' id='block_1_27' title="bbox 1969 1100 3557 1174">
    <p class='ocr_par' dir='ltr' id='par_1_27' title="bbox 1969 1100 3557 1174">
     <span class='ocr_line' id='line_1_27' title="bbox 1969 1100 3557 1174; baseline 0.005 -21"><span class='ocrx_word' id='word_1_184' title='bbox 1969 1100 2272 1168; x_wconf 87' lang='lat' dir='ltr'><strong>appetitqu</strong></span> <span class='ocrx_word' id='word_1_185' title='bbox 2312 1100 2517 1155; x_wconf 65' lang='lat' dir='ltr'><strong>foedum</strong></span> <span class='ocrx_word' id='word_1_186' title='bbox 2554 1104 2997 1174; x_wconf 87' lang='lat' dir='ltr'><strong>detnentiamque</strong></span> <span class='ocrx_word' id='word_1_187' title='bbox 3040 1122 3103 1159; x_wconf 85' lang='lat' dir='ltr'><strong>ac</strong></span> <span class='ocrx_word' id='word_1_188' title='bbox 3160 1109 3362 1160; x_wconf 82' lang='lat' dir='ltr'><strong>rabiem</strong></span> <span class='ocrx_word' id='word_1_189' title='bbox 3397 1124 3557 1161; x_wconf 82' lang='lat' dir='ltr'><strong>exar-</strong></span> 
     </span>
    </p>
   </div>
   <div class='ocr_carea' id='block_1_28' title="bbox 1969 1192 3556 1265">
    <p class='ocr_par' dir='ltr' id='par_1_28' title="bbox 1969 1192 3556 1265">
     <span class='ocr_line' id='line_1_28' title="bbox 1969 1192 3556 1265; baseline 0.006 -19"><span class='ocrx_word' id='word_1_190' title='bbox 1969 1192 2224 1246; x_wconf 88' lang='lat' dir='ltr'><strong>descunt.</strong></span> <span class='ocrx_word' id='word_1_191' title='bbox 2259 1193 2315 1246; x_wconf 91' lang='lat' dir='ltr'><strong>Si</strong></span> <span class='ocrx_word' id='word_1_192' title='bbox 2344 1205 2526 1249; x_wconf 85' lang='lat' dir='ltr'><strong>autem</strong></span> <span class='ocrx_word' id='word_1_193' title='bbox 2555 1211 2662 1248; x_wconf 85' lang='lat' dir='ltr'><strong>non</strong></span> <span class='ocrx_word' id='word_1_194' title='bbox 2696 1201 3043 1260; x_wconf 74' lang='lat' dir='ltr'><strong>erubescant,</strong></span> <span class='ocrx_word' id='word_1_195' title='bbox 3075 1201 3166 1253; x_wconf 85' lang='lat' dir='ltr'><strong>sed</strong></span> <span class='ocrx_word' id='word_1_196' title='bbox 3189 1201 3556 1265; x_wconf 86' lang='lat' dir='ltr'><strong>oblecteutur,</strong></span> 
     </span>
    </p>
   </div>
   <div class='ocr_carea' id='block_1_29' title="bbox 1970 1286 3560 1359">
    <p class='ocr_par' dir='ltr' id='par_1_29' title="bbox 1970 1286 3560 1359">
     <span class='ocr_line' id='line_1_29' title="bbox 1970 1286 3560 1359; baseline 0.003 -21"><span class='ocrx_word' id='word_1_197' title='bbox 1970 1299 2078 1338; x_wconf 88' lang='lat' dir='ltr'><strong>non</strong></span> <span class='ocrx_word' id='word_1_198' title='bbox 2113 1286 2328 1339; x_wconf 82' lang='lat' dir='ltr'><strong>mireris</strong></span> <span class='ocrx_word' id='word_1_199' title='bbox 2374 1305 2387 1338; x_wconf 91' lang='lat'><strong>:</strong></span> <span class='ocrx_word' id='word_1_200' title='bbox 2454 1298 2703 1341; x_wconf 75' lang='lat' dir='ltr'><strong>amentes</strong></span> <span class='ocrx_word' id='word_1_201' title='bbox 2738 1291 2882 1341; x_wconf 89' lang='lat' dir='ltr'><strong>enim</strong></span> <span class='ocrx_word' id='word_1_202' title='bbox 2919 1299 2974 1343; x_wconf 86' lang='lat' dir='ltr'><strong>et</strong></span> <span class='ocrx_word' id='word_1_203' title='bbox 3021 1292 3334 1359; x_wconf 80' lang='lat' dir='ltr'><strong>phrenetico</strong></span> <span class='ocrx_word' id='word_1_204' title='bbox 3368 1294 3560 1347; x_wconf 90' lang='lat' dir='ltr'><strong>tnorbo</strong></span> 
     </span>
    </p>
   </div>
   <div class='ocr_carea' id='block_1_30' title="bbox 1969 1375 3558 1440">
    <p class='ocr_par' dir='ltr' id='par_1_30' title="bbox 1969 1375 3558 1440">
     <span class='ocr_line' id='line_1_30' title="bbox 1969 1375 3558 1440; baseline 0.007 -12"><span class='ocrx_word' id='word_1_205' title='bbox 1969 1375 2302 1440; x_wconf 75' lang='lat' dir='ltr'><strong>laborantes,</strong></span> <span class='ocrx_word' id='word_1_206' title='bbox 2351 1379 2518 1431; x_wconf 91' lang='lat' dir='ltr'><strong>multa</strong></span> <span class='ocrx_word' id='word_1_207' title='bbox 2566 1380 2707 1431; x_wconf 81' lang='lat' dir='ltr'><strong>mala</strong></span> <span class='ocrx_word' id='word_1_208' title='bbox 2760 1381 2865 1434; x_wconf 89' lang='lat' dir='ltr'><strong>sibi</strong></span> <span class='ocrx_word' id='word_1_209' title='bbox 2914 1382 3161 1436; x_wconf 81' lang='lat' dir='ltr'><strong>inferunt</strong></span> <span class='ocrx_word' id='word_1_210' title='bbox 3211 1394 3264 1438; x_wconf 83' lang='lat' dir='ltr'><strong>et</strong></span> <span class='ocrx_word' id='word_1_211' title='bbox 3313 1385 3558 1440; x_wconf 75' lang='lat' dir='ltr'><strong>deﬂenda</strong></span> 
     </span>
    </p>
   </div>
   <div class='ocr_carea' id='block_1_31' title="bbox 1970 1467 3559 1546">
    <p class='ocr_par' dir='ltr' id='par_1_31' title="bbox 1970 1467 3559 1546">
     <span class='ocr_line' id='line_1_31' title="bbox 1970 1467 3559 1546; baseline 0.007 -26"><span class='ocrx_word' id='word_1_212' title='bbox 1970 1467 2201 1531; x_wconf 79' lang='lat' dir='ltr'><strong>faciunt,</strong></span> <span class='ocrx_word' id='word_1_213' title='bbox 2233 1469 2304 1522; x_wconf 87' lang='lat' dir='ltr'><strong>ita</strong></span> <span class='ocrx_word' id='word_1_214' title='bbox 2337 1479 2395 1522; x_wconf 81' lang='grc' dir='ltr'><strong>ιιι</strong></span> <span class='ocrx_word' id='word_1_215' title='bbox 2462 1471 2553 1523; x_wconf 88' lang='lat' dir='ltr'><strong>alii</strong></span> <span class='ocrx_word' id='word_1_216' title='bbox 2606 1486 2771 1540; x_wconf 89' lang='lat' dir='ltr'><strong>super</strong></span> <span class='ocrx_word' id='word_1_217' title='bbox 2802 1474 2924 1528; x_wconf 90' lang='lat' dir='ltr'><strong>illos</strong></span> <span class='ocrx_word' id='word_1_218' title='bbox 2981 1475 3250 1546; x_wconf 80' lang='lat' dir='ltr'><strong>lacrymas</strong></span> <span class='ocrx_word' id='word_1_219' title='bbox 3286 1477 3515 1531; x_wconf 81' lang='lat' dir='ltr'><strong>fundant</strong></span> <span class='ocrx_word' id='word_1_220' title='bbox 3544 1497 3559 1546; x_wconf 89' lang='lat'><strong>;</strong></span> 
     </span>
    </p>
   </div>
   <div class='ocr_carea' id='block_1_32' title="bbox 1972 1560 3562 1630">
    <p class='ocr_par' dir='ltr' id='par_1_32' title="bbox 1972 1560 3562 1630">
     <span class='ocr_line' id='line_1_32' title="bbox 1972 1560 3562 1630; baseline 0.007 -17"><span class='ocrx_word' id='word_1_221' title='bbox 1972 1560 2074 1630; x_wconf 87' lang='lat' dir='ltr'><strong>ipsi</strong></span> <span class='ocrx_word' id='word_1_222' title='bbox 2127 1570 2309 1614; x_wconf 87' lang='lat' dir='ltr'><strong>tamen</strong></span> <span class='ocrx_word' id='word_1_223' title='bbox 2364 1562 2545 1615; x_wconf 87' lang='lat' dir='ltr'><strong>rident</strong></span> <span class='ocrx_word' id='word_1_224' title='bbox 2576 1571 2628 1616; x_wconf 91' lang='lat' dir='ltr'><strong>et</strong></span> <span class='ocrx_word' id='word_1_225' title='bbox 2660 1563 2883 1620; x_wconf 81' lang='lat' dir='ltr'><strong>delicias</strong></span> <span class='ocrx_word' id='word_1_226' title='bbox 2920 1566 2971 1619; x_wconf 90' lang='lat' dir='ltr'><strong>in</strong></span> <span class='ocrx_word' id='word_1_227' title='bbox 3009 1568 3170 1622; x_wconf 74' lang='lat' dir='ltr'><strong>dii-tis</strong></span> <span class='ocrx_word' id='word_1_228' title='bbox 3200 1569 3362 1624; x_wconf 83' lang='lat' dir='ltr'><strong>rebus</strong></span> <span class='ocrx_word' id='word_1_229' title='bbox 3408 1570 3562 1624; x_wconf 86' lang='lat' dir='ltr'><strong>iuve-</strong></span> 
     </span>
    </p>
   </div>
   <div class='ocr_carea' id='block_1_33' title="bbox 1974 1652 3563 1725">
    <p class='ocr_par' dir='ltr' id='par_1_33' title="bbox 1974 1652 3563 1725">
     <span class='ocr_line' id='line_1_33' title="bbox 1974 1652 3563 1725; baseline 0.006 -21"><span class='ocrx_word' id='word_1_230' title='bbox 1974 1655 2155 1705; x_wconf 87' lang='lat' dir='ltr'><strong>uiunl.</strong></span> <span class='ocrx_word' id='word_1_231' title='bbox 2201 1652 2402 1718; x_wconf 87' lang='lat' dir='ltr'><strong>Quales</strong></span> <span class='ocrx_word' id='word_1_232' title='bbox 2436 1652 2654 1707; x_wconf 90' lang='lat' dir='ltr'><strong>tandem</strong></span> <span class='ocrx_word' id='word_1_233' title='bbox 2715 1656 2978 1725; x_wconf 68' lang='lat' dir='ltr'><strong>gehenna:</strong></span> <span class='ocrx_word' id='word_1_234' title='bbox 3055 1659 3191 1712; x_wconf 83' lang='lat' dir='ltr'><strong>tales</strong></span> <span class='ocrx_word' id='word_1_235' title='bbox 3260 1660 3563 1715; x_wconf 85' lang='lat' dir='ltr'><strong>arcebunt?</strong></span> 
     </span>
    </p>
   </div>
   <div class='ocr_carea' id='block_1_34' title="bbox 274 1735 1870 1827">
    <p class='ocr_par' dir='ltr' id='par_1_34' title="bbox 274 1750 1867 1827">
     <span class='ocr_line' id='line_1_34' title="bbox 274 1750 1867 1827; baseline 0.006 -26"><span class='ocrx_word' id='word_1_236' title='bbox 274 1750 326 1801; x_wconf 77' lang='lat' dir='ltr'><strong>oi</strong></span> <span class='ocrx_word' id='word_1_237' title='bbox 362 1752 687 1821; x_wconf 76' lang='grc' dir='ltr'>μαινόμενοι</span> <span class='ocrx_word' id='word_1_238' title='bbox 720 1755 815 1809; x_wconf 77' lang='grc' dir='ltr'>καὶ</span> <span class='ocrx_word' id='word_1_239' title='bbox 838 1756 1108 1824; x_wconf 77' lang='grc' dir='ltr'>φρενίτιδι</span> <span class='ocrx_word' id='word_1_240' title='bbox 1144 1756 1503 1826; x_wconf 81' lang='grc' dir='ltr'>κατεχόμενοι</span> <span class='ocrx_word' id='word_1_241' title='bbox 1528 1757 1669 1827; x_wconf 82' lang='grc' dir='ltr'>νόσῳ</span> <span class='ocrx_word' id='word_1_242' title='bbox 1696 1758 1867 1810; x_wconf 86' lang='grc' dir='ltr'>πολλά</span> 
     </span>
    </p>
   </div>
   <div class='ocr_carea' id='block_1_35' title="bbox 1976 1735 3563 1827">
    <p class='ocr_par' dir='ltr' id='par_1_35' title="bbox 1978 1745 3563 1818">
     <span class='ocr_line' id='line_1_35' title="bbox 1978 1745 3563 1818; baseline 0.006 -20"><span class='ocrx_word' id='word_1_243' title='bbox 1978 1749 2122 1812; x_wconf 76' lang='lat' dir='ltr'><strong>Quot</strong></span> <span class='ocrx_word' id='word_1_244' title='bbox 2153 1746 2466 1816; x_wconf 75' lang='lat' dir='ltr'><strong>supplicia?</strong></span> <span class='ocrx_word' id='word_1_245' title='bbox 2506 1745 2561 1800; x_wconf 86' lang='lat' dir='ltr'><strong>Si</strong></span> <span class='ocrx_word' id='word_1_246' title='bbox 2619 1764 2747 1802; x_wconf 87' lang='lat' dir='ltr'><strong>vero</strong></span> <span class='ocrx_word' id='word_1_247' title='bbox 2790 1751 3092 1818; x_wconf 78' lang='lat' dir='ltr'><strong>gehennam</strong></span> <span class='ocrx_word' id='word_1_248' title='bbox 3150 1753 3379 1806; x_wconf 86' lang='lat' dir='ltr'><strong>audiens</strong></span> <span class='ocrx_word' id='word_1_249' title='bbox 3436 1754 3563 1808; x_wconf 83' lang='lat' dir='ltr'><strong>irri-</strong></span> 
     </span>
    </p>
   </div>
   <div class='ocr_carea' id='block_1_36' title="bbox 277 1844 1867 1917">
    <p class='ocr_par' dir='ltr' id='par_1_36' title="bbox 277 1844 1867 1917">
     <span class='ocr_line' id='line_1_36' title="bbox 277 1844 1867 1917; baseline 0.004 -22"><span class='ocrx_word' id='word_1_250' title='bbox 277 1844 513 1905; x_wconf 78' lang='grc' dir='ltr'>ἐαυτοὺς</span> <span class='ocrx_word' id='word_1_251' title='bbox 546 1846 865 1911; x_wconf 82' lang='grc' dir='ltr'>ἀδικοῦντες</span> <span class='ocrx_word' id='word_1_252' title='bbox 915 1848 1011 1900; x_wconf 73' lang='grc' dir='ltr'>καλ.</span> <span class='ocrx_word' id='word_1_253' title='bbox 1051 1848 1265 1901; x_wconf 76' lang='grc' dir='ltr'>ἐλεεινὰ</span> <span class='ocrx_word' id='word_1_254' title='bbox 1293 1848 1633 1917; x_wconf 80' lang='grc' dir='ltr'>πράσσοντες</span> <span class='ocrx_word' id='word_1_255' title='bbox 1664 1851 1750 1917; x_wconf 79' lang='grc' dir='ltr'><strong>ἐφ’</strong></span> <span class='ocrx_word' id='word_1_256' title='bbox 1786 1845 1867 1913; x_wconf 74' lang='grc' dir='ltr'>οἷς</span> 
     </span>
    </p>
   </div>
   <div class='ocr_carea' id='block_1_37' title="bbox 273 1935 1869 2013">
    <p class='ocr_par' dir='ltr' id='par_1_37' title="bbox 273 1935 1869 2013">
     <span class='ocr_line' id='line_1_37' title="bbox 273 1935 1869 2013; baseline 0.006 -27"><span class='ocrx_word' id='word_1_257' title='bbox 273 1935 479 1997; x_wconf 72' lang='grc' dir='ltr'>αὐτοὺς</span> <span class='ocrx_word' id='word_1_258' title='bbox 510 1936 691 2007; x_wconf 76' lang='grc' dir='ltr'>ἕτεροι</span> <span class='ocrx_word' id='word_1_259' title='bbox 723 1938 1050 2009; x_wconf 80' lang='grc' dir='ltr'>δακρύουσι,</span> <span class='ocrx_word' id='word_1_260' title='bbox 1093 1940 1296 2007; x_wconf 83' lang='grc' dir='ltr'>γελῶσι</span> <span class='ocrx_word' id='word_1_261' title='bbox 1353 1942 1449 1994; x_wconf 80' lang='grc' dir='ltr'><strong>καὶ</strong></span> <span class='ocrx_word' id='word_1_262' title='bbox 1482 1943 1597 2005; x_wconf 84' lang='grc' dir='ltr'>τοῖς</span> <span class='ocrx_word' id='word_1_263' title='bbox 1635 1943 1869 2013; x_wconf 87' lang='grc' dir='ltr'>λεγομέ-</span> 
     </span>
    </p>
   </div>
   <div class='ocr_carea' id='block_1_38' title="bbox 275 2028 1869 2101">
    <p class='ocr_par' dir='ltr' id='par_1_38' title="bbox 275 2028 1869 2101">
     <span class='ocr_line' id='line_1_38' title="bbox 275 2028 1869 2101; baseline 0.005 -22"><span class='ocrx_word' id='word_1_264' title='bbox 275 2045 393 2090; x_wconf 88' lang='grc' dir='ltr'>νοις</span> <span class='ocrx_word' id='word_1_265' title='bbox 428 2028 614 2090; x_wconf 86' lang='grc' dir='ltr'>αύτοῖς</span> <span class='ocrx_word' id='word_1_266' title='bbox 660 2030 999 2101; x_wconf 74' lang='grc' dir='ltr'>ἐντρυφῶσι.</span> <span class='ocrx_word' id='word_1_267' title='bbox 1048 2032 1218 2084; x_wconf 80' lang='grc' dir='ltr'>Πόσαι</span> <span class='ocrx_word' id='word_1_268' title='bbox 1254 2034 1444 2086; x_wconf 79' lang='grc' dir='ltr'>λοιπὸν</span> <span class='ocrx_word' id='word_1_269' title='bbox 1491 2034 1710 2101; x_wconf 84' lang='grc' dir='ltr'>γέενναι</span> <span class='ocrx_word' id='word_1_270' title='bbox 1740 2035 1869 2097; x_wconf 81' lang='grc' dir='ltr'>τοὺς</span> 
     </span>
    </p>
   </div>
   <div class='ocr_carea' id='block_1_39' title="bbox 272 2121 1868 2196">
    <p class='ocr_par' dir='ltr' id='par_1_39' title="bbox 272 2121 1868 2196">
     <span class='ocr_line' id='line_1_39' title="bbox 272 2121 1868 2196; baseline 0.004 -24"><span class='ocrx_word' id='word_1_271' title='bbox 272 2121 559 2183; x_wconf 84' lang='grc' dir='ltr'>τοιούτους</span> <span class='ocrx_word' id='word_1_272' title='bbox 594 2123 875 2191; x_wconf 84' lang='grc' dir='ltr'>ἁρκέσωσι</span> <span class='ocrx_word' id='word_1_273' title='bbox 927 2125 1023 2176; x_wconf 76' lang='grc' dir='ltr'><strong>καὶ</strong></span> <span class='ocrx_word' id='word_1_274' title='bbox 1075 2124 1223 2177; x_wconf 76' lang='grc' dir='ltr'>πόσα</span> <span class='ocrx_word' id='word_1_275' title='bbox 1276 2125 1652 2196; x_wconf 79' lang='grc' dir='ltr'>κολαστήρια;</span> <span class='ocrx_word' id='word_1_276' title='bbox 1701 2127 1765 2179; x_wconf 81' lang='lat' dir='ltr'><strong>El</strong></span> <span class='ocrx_word' id='word_1_277' title='bbox 1814 2127 1868 2179; x_wconf 79' lang='grc' dir='ltr'>δὲ</span> 
     </span>
    </p>
   </div>
   <div class='ocr_carea' id='block_1_40' title="bbox 274 2214 1867 2290">
    <p class='ocr_par' dir='ltr' id='par_1_40' title="bbox 274 2214 1867 2290">
     <span class='ocr_line' id='line_1_40' title="bbox 274 2214 1867 2290; baseline 0.005 -26"><span class='ocrx_word' id='word_1_278' title='bbox 274 2214 595 2284; x_wconf 85' lang='grc' dir='ltr'>καταγελᾷς</span> <span class='ocrx_word' id='word_1_279' title='bbox 628 2214 859 2286; x_wconf 82' lang='grc' dir='ltr'>γεέννης</span> <span class='ocrx_word' id='word_1_280' title='bbox 899 2216 1116 2269; x_wconf 84' lang='grc' dir='ltr'>ἀκούων</span> <span class='ocrx_word' id='word_1_281' title='bbox 1156 2221 1250 2270; x_wconf 81' lang='grc' dir='ltr'><strong>καὶ</strong></span> <span class='ocrx_word' id='word_1_282' title='bbox 1281 2220 1533 2281; x_wconf 82' lang='grc' dir='ltr'>ἀπιστεῖς</span> <span class='ocrx_word' id='word_1_283' title='bbox 1564 2219 1758 2290; x_wconf 82' lang='grc' dir='ltr'>ἐκείνῳ</span> <span class='ocrx_word' id='word_1_284' title='bbox 1788 2219 1867 2290; x_wconf 84' lang='grc' dir='ltr'>τῷ</span> 
     </span>
    </p>
   </div>
   <div class='ocr_carea' id='block_1_41' title="bbox 280 2307 1871 2383">
    <p class='ocr_par' dir='ltr' id='par_1_41' title="bbox 280 2307 1871 2383">
     <span class='ocr_line' id='line_1_41' title="bbox 280 2307 1871 2383; baseline 0.003 -24"><span class='ocrx_word' id='word_1_285' title='bbox 280 2308 441 2377; x_wconf 75' lang='grc' dir='ltr'>πυρὶ,</span> <span class='ocrx_word' id='word_1_286' title='bbox 475 2307 863 2379; x_wconf 84' lang='grc' dir='ltr'>ἀναμνήσθητι</span> <span class='ocrx_word' id='word_1_287' title='bbox 898 2309 1065 2364; x_wconf 85' lang='grc' dir='ltr'>πάλιν</span> <span class='ocrx_word' id='word_1_288' title='bbox 1093 2310 1185 2363; x_wconf 76' lang='grc' dir='ltr'>τὸν</span> <span class='ocrx_word' id='word_1_289' title='bbox 1218 2311 1275 2363; x_wconf 88' lang='grc' dir='ltr'><strong>ἐν</strong></span> <span class='ocrx_word' id='word_1_290' title='bbox 1310 2310 1567 2380; x_wconf 86' lang='grc' dir='ltr'>Σοδόμοις</span> <span class='ocrx_word' id='word_1_291' title='bbox 1597 2311 1741 2365; x_wconf 84' lang='grc' dir='ltr'>θεῖον</span> <span class='ocrx_word' id='word_1_292' title='bbox 1771 2314 1871 2383; x_wconf 85' lang='grc' dir='ltr'>ἐμ-</span> 
     </span>
    </p>
   </div>
   <div class='ocr_carea' id='block_1_42' title="bbox 278 2400 1869 2475">
    <p class='ocr_par' dir='ltr' id='par_1_42' title="bbox 278 2400 1869 2475">
     <span class='ocr_line' id='line_1_42' title="bbox 278 2400 1869 2475; baseline 0.003 -22"><span class='ocrx_word' id='word_1_293' title='bbox 278 2400 565 2470; x_wconf 78' lang='grc' dir='ltr'>πυρισμὸν</span> <span class='ocrx_word' id='word_1_294' title='bbox 614 2403 709 2455; x_wconf 77' lang='grc' dir='ltr'>καὶ</span> <span class='ocrx_word' id='word_1_295' title='bbox 760 2403 860 2473; x_wconf 83' lang='grc' dir='ltr'>τὴν</span> <span class='ocrx_word' id='word_1_296' title='bbox 897 2402 1141 2475; x_wconf 69' lang='grc' dir='ltr'>φοϐερὰν</span> <span class='ocrx_word' id='word_1_297' title='bbox 1198 2404 1420 2474; x_wconf 87' lang='grc' dir='ltr'>ἐκείνην</span> <span class='ocrx_word' id='word_1_298' title='bbox 1470 2404 1764 2473; x_wconf 82' lang='grc' dir='ltr'>φλόγωσιν.</span> <span class='ocrx_word' id='word_1_299' title='bbox 1804 2406 1869 2460; x_wconf 87' lang='grc' dir='ltr'>Εἰ</span> 
     </span>
    </p>
   </div>
   <div class='ocr_carea' id='block_1_43' title="bbox 276 2490 1868 2569">
    <p class='ocr_par' dir='ltr' id='par_1_43' title="bbox 276 2490 1868 2569">
     <span class='ocr_line' id='line_1_43' title="bbox 276 2490 1868 2569; baseline 0.004 -25"><span class='ocrx_word' id='word_1_300' title='bbox 276 2490 379 2545; x_wconf 84' lang='grc' dir='ltr'><strong>οῦν</strong></span> <span class='ocrx_word' id='word_1_301' title='bbox 416 2492 647 2547; x_wconf 84' lang='grc' dir='ltr'>τοιαῦτα</span> <span class='ocrx_word' id='word_1_302' title='bbox 700 2494 955 2566; x_wconf 82' lang='grc' dir='ltr'>πράττων</span> <span class='ocrx_word' id='word_1_303' title='bbox 1006 2498 1101 2548; x_wconf 77' lang='grc' dir='ltr'><strong>καὶ</strong></span> <span class='ocrx_word' id='word_1_304' title='bbox 1143 2498 1207 2548; x_wconf 78' lang='grc' dir='ltr'><strong>σὺ</strong></span> <span class='ocrx_word' id='word_1_305' title='bbox 1243 2496 1402 2566; x_wconf 83' lang='grc' dir='ltr'>δίκην</span> <span class='ocrx_word' id='word_1_306' title='bbox 1444 2497 1507 2549; x_wconf 84' lang='grc' dir='ltr'>οὐ</span> <span class='ocrx_word' id='word_1_307' title='bbox 1559 2496 1740 2561; x_wconf 86' lang='grc' dir='ltr'>δίδως,</span> <span class='ocrx_word' id='word_1_308' title='bbox 1793 2497 1868 2569; x_wconf 81' lang='grc' dir='ltr'>μὴ</span> 
     </span>
    </p>
   </div>
   <div class='ocr_carea' id='block_1_44' title="bbox 278 2582 1867 2659">
    <p class='ocr_par' dir='ltr' id='par_1_44' title="bbox 278 2582 1867 2659">
     <span class='ocr_line' id='line_1_44' title="bbox 278 2582 1867 2659; baseline 0.003 -24"><span class='ocrx_word' id='word_1_309' title='bbox 278 2582 618 2654; x_wconf 79' lang='grc' dir='ltr'>θαυμάσῃς·</span> <span class='ocrx_word' id='word_1_310' title='bbox 676 2586 878 2638; x_wconf 85' lang='grc' dir='ltr'>ἐκεῖνοι</span> <span class='ocrx_word' id='word_1_311' title='bbox 934 2586 1032 2655; x_wconf 82' lang='grc' dir='ltr'><strong>μὲν</strong></span> <span class='ocrx_word' id='word_1_312' title='bbox 1080 2586 1187 2659; x_wconf 84' lang='grc' dir='ltr'>γὰρ</span> <span class='ocrx_word' id='word_1_313' title='bbox 1239 2587 1315 2650; x_wconf 86' lang='grc' dir='ltr'>ὡς</span> <span class='ocrx_word' id='word_1_314' title='bbox 1366 2587 1441 2659; x_wconf 79' lang='grc' dir='ltr'>μὴ</span> <span class='ocrx_word' id='word_1_315' title='bbox 1479 2587 1581 2658; x_wconf 76' lang='grc' dir='ltr'>τὴν</span> <span class='ocrx_word' id='word_1_316' title='bbox 1634 2588 1867 2656; x_wconf 79' lang='grc' dir='ltr'>γέενναν</span> 
     </span>
    </p>
   </div>
   <div class='ocr_carea' id='block_1_45' title="bbox 276 2676 1869 2749">
    <p class='ocr_par' dir='ltr' id='par_1_45' title="bbox 276 2676 1869 2749">
     <span class='ocr_line' id='line_1_45' title="bbox 276 2676 1869 2749; baseline 0.003 -21"><span class='ocrx_word' id='word_1_317' title='bbox 276 2676 491 2739; x_wconf 72' lang='grc' dir='ltr'>εἰδότες</span> <span class='ocrx_word' id='word_1_318' title='bbox 542 2676 923 2746; x_wconf 74' lang='grc' dir='ltr'>ἐκολάσθησαν</span> <span class='ocrx_word' id='word_1_319' title='bbox 979 2680 1133 2749; x_wconf 84' lang='grc' dir='ltr'><strong>παρά</strong></span> <span class='ocrx_word' id='word_1_320' title='bbox 1186 2678 1388 2743; x_wconf 77' lang='grc' dir='ltr'>πόδας·</span> <span class='ocrx_word' id='word_1_321' title='bbox 1447 2681 1512 2732; x_wconf 83' lang='grc' dir='ltr'><strong>σὺ</strong></span> <span class='ocrx_word' id='word_1_322' title='bbox 1554 2680 1610 2733; x_wconf 85' lang='grc' dir='ltr'><strong>δέ</strong></span> <span class='ocrx_word' id='word_1_323' title='bbox 1669 2681 1769 2733; x_wconf 82' lang='grc' dir='ltr'>ὅσα</span> <span class='ocrx_word' id='word_1_324' title='bbox 1803 2681 1869 2734; x_wconf 86' lang='grc' dir='ltr'>ἂν</span> 
     </span>
    </p>
   </div>
   <div class='ocr_carea' id='block_1_46' title="bbox 277 2769 1873 2842">
    <p class='ocr_par' dir='ltr' id='par_1_46' title="bbox 277 2769 1873 2842">
     <span class='ocr_line' id='line_1_46' title="bbox 277 2769 1873 2842; baseline 0.003 -19"><span class='ocrx_word' id='word_1_325' title='bbox 277 2771 565 2841; x_wconf 79' lang='grc' dir='ltr'>ἁμάρτῃς,</span> <span class='ocrx_word' id='word_1_326' title='bbox 620 2769 726 2824; x_wconf 78' lang='grc' dir='ltr'><strong>κᾶν</strong></span> <span class='ocrx_word' id='word_1_327' title='bbox 774 2770 1047 2841; x_wconf 81' lang='grc' dir='ltr'>μηδεμίαν</span> <span class='ocrx_word' id='word_1_328' title='bbox 1082 2770 1240 2842; x_wconf 79' lang='grc' dir='ltr'>δίκην</span> <span class='ocrx_word' id='word_1_329' title='bbox 1286 2770 1395 2842; x_wconf 82' lang='grc' dir='ltr'><strong>δῷς</strong></span> <span class='ocrx_word' id='word_1_330' title='bbox 1445 2772 1701 2839; x_wconf 72' lang='grc' dir='ltr'>ἐνταῦθα,</span> <span class='ocrx_word' id='word_1_331' title='bbox 1756 2775 1873 2827; x_wconf 83' lang='grc' dir='ltr'>ἐκεῖ</span> 
     </span>
    </p>
   </div>
   <div class='ocr_carea' id='block_1_47' title="bbox 280 2848 1870 2937">
    <p class='ocr_par' dir='ltr' id='par_1_47' title="bbox 280 2848 1870 2937">
     <span class='ocr_line' id='line_1_47' title="bbox 280 2848 1870 2937; baseline 0.001 -22"><span class='ocrx_word' id='word_1_332' title='bbox 280 2864 470 2916; x_wconf 85' lang='grc' dir='ltr'>πάντα</span> <span class='ocrx_word' id='word_1_333' title='bbox 529 2861 936 2933; x_wconf 78' lang='grc' dir='ltr'>χαλεπωτέρως</span> <span class='ocrx_word' id='word_1_334' title='bbox 1019 2848 1257 2933; x_wconf 83' lang='grc' dir='ltr'>ἀποτίσῃ</span> <span class='ocrx_word' id='word_1_335' title='bbox 1328 2864 1426 2917; x_wconf 82' lang='grc' dir='ltr'><strong>καὶ</strong></span> <span class='ocrx_word' id='word_1_336' title='bbox 1500 2865 1870 2937; x_wconf 71' lang='grc' dir='ltr'>κολασθήσειο</span> 
     </span>
    </p>
   </div>
   <div class='ocr_carea' id='block_1_48' title="bbox 278 2953 1869 3026">
    <p class='ocr_par' dir='ltr' id='par_1_48' title="bbox 278 2953 1869 3026">
     <span class='ocr_line' id='line_1_48' title="bbox 278 2953 1869 3026; baseline 0.003 -19"><span class='ocrx_word' id='word_1_337' title='bbox 278 2954 456 3021; x_wconf 84' lang='grc' dir='ltr'>διατί;</span> <span class='ocrx_word' id='word_1_338' title='bbox 484 2955 611 3008; x_wconf 87' lang='grc' dir='ltr'>Ὅτι</span> <span class='ocrx_word' id='word_1_339' title='bbox 635 2953 884 3017; x_wconf 86' lang='grc' dir='ltr'>πλείονος</span> <span class='ocrx_word' id='word_1_340' title='bbox 915 2954 1139 3026; x_wconf 87' lang='grc' dir='ltr'>ἀπηλαύ</span> <span class='ocrx_word' id='word_1_341' title='bbox 1152 2972 1322 3025; x_wconf 70' lang='grc' dir='ltr'>ταμεν</span> <span class='ocrx_word' id='word_1_342' title='bbox 1352 2955 1608 3026; x_wconf 79' lang='grc' dir='ltr'>χάριτοςο</span> <span class='ocrx_word' id='word_1_343' title='bbox 1634 2957 1764 3010; x_wconf 82' lang='grc' dir='ltr'>ὅταν</span> <span class='ocrx_word' id='word_1_344' title='bbox 1815 2957 1869 3011; x_wconf 84' lang='grc' dir='ltr'>δὲ</span> 
     </span>
    </p>
   </div>
   <div class='ocr_carea' id='block_1_49' title="bbox 277 3048 1942 3136">
    <p class='ocr_par' dir='ltr' id='par_1_49' title="bbox 277 3048 1942 3136">
     <span class='ocr_line' id='line_1_49' title="bbox 277 3048 1942 3136; baseline 0.002 -35"><span class='ocrx_word' id='word_1_345' title='bbox 277 3050 381 3101; x_wconf 75' lang='grc' dir='ltr'>καὶ</span> <span class='ocrx_word' id='word_1_346' title='bbox 400 3048 621 3101; x_wconf 88' lang='grc' dir='ltr'>πλείονα</span> <span class='ocrx_word' id='word_1_347' title='bbox 636 3049 730 3101; x_wconf 78' lang='grc' dir='ltr'><strong>καὶ</strong></span> <span class='ocrx_word' id='word_1_348' title='bbox 751 3049 978 3116; x_wconf 80' lang='grc' dir='ltr'>μείζονα</span> <span class='ocrx_word' id='word_1_349' title='bbox 995 3049 1279 3118; x_wconf 91' lang='grc' dir='ltr'>πταίωμεν</span> <span class='ocrx_word' id='word_1_350' title='bbox 1292 3051 1541 3115; x_wconf 74' lang='grc' dir='ltr'>ἐκείνων,</span> <span class='ocrx_word' id='word_1_351' title='bbox 1556 3050 1717 3115; x_wconf 88' lang='grc' dir='ltr'>ποίας</span> <span class='ocrx_word' id='word_1_352' title='bbox 1740 3069 1870 3121; x_wconf 82' lang='grc' dir='ltr'>συγ-</span> <span class='ocrx_word' id='word_1_353' title='bbox 1897 3074 1942 3136; x_wconf 79' lang='lat' dir='ltr'><strong>C</strong></span> 
     </span>
    </p>
   </div>
   <div class='ocr_carea' id='block_1_50' title="bbox 278 3140 1867 3212">
    <p class='ocr_par' dir='ltr' id='par_1_50' title="bbox 278 3140 1867 3212">
     <span class='ocr_line' id='line_1_50' title="bbox 278 3140 1867 3212; baseline 0.002 -21"><span class='ocrx_word' id='word_1_354' title='bbox 278 3140 512 3210; x_wconf 81' lang='grc' dir='ltr'>γνώμης</span> <span class='ocrx_word' id='word_1_355' title='bbox 539 3140 795 3210; x_wconf 80' lang='grc' dir='ltr'>τύχωμεν</span> <span class='ocrx_word' id='word_1_356' title='bbox 832 3142 896 3192; x_wconf 90' lang='grc' dir='ltr'><strong>ἐκ</strong></span> <span class='ocrx_word' id='word_1_357' title='bbox 924 3142 1209 3212; x_wconf 75' lang='grc' dir='ltr'>προγόνων</span> <span class='ocrx_word' id='word_1_358' title='bbox 1230 3141 1300 3194; x_wconf 80' lang='grc' dir='ltr'>τὰ</span> <span class='ocrx_word' id='word_1_359' title='bbox 1335 3141 1659 3212; x_wconf 85' lang='grc' dir='ltr'>σωτηριώδη</span> <span class='ocrx_word' id='word_1_360' title='bbox 1685 3158 1867 3212; x_wconf 89' lang='grc' dir='ltr'>παρα-</span> 
     </span>
    </p>
   </div>
   <div class='ocr_carea' id='block_1_51' title="bbox 274 3231 1869 3302">
    <p class='ocr_par' dir='ltr' id='par_1_51' title="bbox 274 3231 1869 3302">
     <span class='ocr_line' id='line_1_51' title="bbox 274 3231 1869 3302; baseline 0.001 -19"><span class='ocrx_word' id='word_1_361' title='bbox 274 3231 543 3295; x_wconf 77' lang='grc' dir='ltr'>λαϐόντες</span> <span class='ocrx_word' id='word_1_362' title='bbox 590 3232 924 3302; x_wconf 81' lang='grc' dir='ltr'>διδάγματα,</span> <span class='ocrx_word' id='word_1_363' title='bbox 964 3232 1111 3302; x_wconf 80' lang='grc' dir='ltr'>ἆπερ</span> <span class='ocrx_word' id='word_1_364' title='bbox 1156 3235 1359 3286; x_wconf 81' lang='grc' dir='ltr'>ἐκεῖνοι</span> <span class='ocrx_word' id='word_1_365' title='bbox 1407 3233 1691 3297; x_wconf 84' lang='grc' dir='ltr'>παντελῶς</span> <span class='ocrx_word' id='word_1_366' title='bbox 1743 3232 1869 3285; x_wconf 76' lang='grc' dir='ltr'>οὕτε</span> 
     </span>
    </p>
   </div>
   <div class='ocr_carea' id='block_1_52' title="bbox 276 3323 1871 3396">
    <p class='ocr_par' dir='ltr' id='par_1_52' title="bbox 276 3323 1871 3396">
     <span class='ocr_line' id='line_1_52' title="bbox 276 3323 1871 3396; baseline 0.001 -18"><span class='ocrx_word' id='word_1_367' title='bbox 276 3328 528 3396; x_wconf 71' lang='grc' dir='ltr'>ἤκουσαν</span> <span class='ocrx_word' id='word_1_368' title='bbox 555 3323 681 3377; x_wconf 77' lang='grc' dir='ltr'>οὕτε</span> <span class='ocrx_word' id='word_1_369' title='bbox 709 3324 937 3393; x_wconf 73' lang='grc' dir='ltr'>ἔμαθον,</span> <span class='ocrx_word' id='word_1_370' title='bbox 979 3324 1123 3376; x_wconf 84' lang='grc' dir='ltr'>ὥστε</span> <span class='ocrx_word' id='word_1_371' title='bbox 1155 3325 1245 3378; x_wconf 87' lang='grc' dir='ltr'><strong>διά</strong></span> <span class='ocrx_word' id='word_1_372' title='bbox 1288 3325 1450 3379; x_wconf 90' lang='grc' dir='ltr'>τοῦτο</span> <span class='ocrx_word' id='word_1_373' title='bbox 1485 3324 1752 3394; x_wconf 77' lang='grc' dir='ltr'>μειζόνως</span> <span class='ocrx_word' id='word_1_374' title='bbox 1783 3342 1871 3379; x_wconf 83' lang='grc' dir='ltr'>κο-</span> 
     </span>
    </p>
   </div>
   <div class='ocr_carea' id='block_1_53' title="bbox 278 3419 1869 3491">
    <p class='ocr_par' dir='ltr' id='par_1_53' title="bbox 278 3419 1869 3491">
     <span class='ocr_line' id='line_1_53' title="bbox 278 3419 1869 3491; baseline 0.001 -19"><span class='ocrx_word' id='word_1_375' title='bbox 278 3419 698 3491; x_wconf 85' lang='grc' dir='ltr'>λασθησόμεθα,</span> <span class='ocrx_word' id='word_1_376' title='bbox 731 3424 835 3477; x_wconf 80' lang='grc' dir='ltr'><strong>κάν</strong></span> <span class='ocrx_word' id='word_1_377' title='bbox 863 3437 922 3473; x_wconf 87' lang='grc' dir='ltr'><strong>τε</strong></span> <span class='ocrx_word' id='word_1_378' title='bbox 974 3420 1179 3489; x_wconf 78' lang='grc' dir='ltr'>μικρὰν</span> <span class='ocrx_word' id='word_1_379' title='bbox 1216 3419 1374 3490; x_wconf 83' lang='grc' dir='ltr'>δίκην</span> <span class='ocrx_word' id='word_1_380' title='bbox 1426 3420 1660 3473; x_wconf 89' lang='grc' dir='ltr'>ἐνταῦθα</span> <span class='ocrx_word' id='word_1_381' title='bbox 1687 3421 1869 3491; x_wconf 87' lang='grc' dir='ltr'>δῶμεν</span> 
     </span>
    </p>
   </div>
   <div class='ocr_carea' id='block_1_54' title="bbox 279 3511 1869 3585">
    <p class='ocr_par' dir='ltr' id='par_1_54' title="bbox 279 3511 1869 3585">
     <span class='ocr_line' id='line_1_54' title="bbox 279 3511 1869 3585; baseline 0 -20"><span class='ocrx_word' id='word_1_382' title='bbox 279 3513 389 3565; x_wconf 66' lang='grc' dir='ltr'><strong>κάν</strong></span> <span class='ocrx_word' id='word_1_383' title='bbox 427 3530 485 3565; x_wconf 88' lang='grc' dir='ltr'><strong>τε</strong></span> <span class='ocrx_word' id='word_1_384' title='bbox 537 3513 615 3585; x_wconf 85' lang='grc' dir='ltr'>μὴ</span> <span class='ocrx_word' id='word_1_385' title='bbox 642 3514 849 3584; x_wconf 88' lang='grc' dir='ltr'>δῶμεν.</span> <span class='ocrx_word' id='word_1_386' title='bbox 893 3511 1105 3565; x_wconf 80' lang='grc' dir='ltr'>Οὐκοῦν</span> <span class='ocrx_word' id='word_1_387' title='bbox 1157 3512 1352 3581; x_wconf 72' lang='grc' dir='ltr'>μηδεὶς</span> <span class='ocrx_word' id='word_1_388' title='bbox 1407 3512 1549 3582; x_wconf 84' lang='grc' dir='ltr'>ὁρῶν</span> <span class='ocrx_word' id='word_1_389' title='bbox 1596 3515 1869 3582; x_wconf 76' lang='grc' dir='ltr'>πονηροὺς</span> 
     </span>
    </p>
   </div>
   <div class='ocr_carea' id='block_1_55' title="bbox 279 3604 1865 3676">
    <p class='ocr_par' dir='ltr' id='par_1_55' title="bbox 279 3604 1865 3676">
     <span class='ocr_line' id='line_1_55' title="bbox 279 3604 1865 3676; baseline 0.001 -20"><span class='ocrx_word' id='word_1_390' title='bbox 279 3604 704 3674; x_wconf 84' lang='grc' dir='ltr'>εὐπραγοῦντας</span> <span class='ocrx_word' id='word_1_391' title='bbox 737 3605 1078 3675; x_wconf 78' lang='grc' dir='ltr'>θορυὸείσθω</span> <span class='ocrx_word' id='word_1_392' title='bbox 1101 3621 1113 3633; x_wconf 91' lang='grc'><strong>·</strong></span> <span class='ocrx_word' id='word_1_393' title='bbox 1156 3606 1216 3657; x_wconf 85' lang='grc' dir='ltr'><strong>ού</strong></span> <span class='ocrx_word' id='word_1_394' title='bbox 1249 3604 1358 3673; x_wconf 83' lang='grc' dir='ltr'><strong>γάρ</strong></span> <span class='ocrx_word' id='word_1_395' title='bbox 1392 3607 1541 3657; x_wconf 83' lang='grc' dir='ltr'>ἐστιν</span> <span class='ocrx_word' id='word_1_396' title='bbox 1569 3606 1803 3658; x_wconf 69' lang='grc' dir='ltr'>ἐνταῦθα</span> <span class='ocrx_word' id='word_1_397' title='bbox 1833 3608 1865 3676; x_wconf 84' lang='grc' dir='ltr'>ὴ</span> 
     </span>
    </p>
   </div>
   <div class='ocr_carea' id='block_1_56' title="bbox 278 3696 1869 3770">
    <p class='ocr_par' dir='ltr' id='par_1_56' title="bbox 278 3696 1869 3770">
     <span class='ocr_line' id='line_1_56' title="bbox 278 3696 1869 3770; baseline -0.001 -18"><span class='ocrx_word' id='word_1_398' title='bbox 278 3698 651 3761; x_wconf 77' lang='grc' dir='ltr'>ἀνταπόδοσις</span> <span class='ocrx_word' id='word_1_399' title='bbox 686 3698 814 3751; x_wconf 77' lang='grc' dir='ltr'>οὗτε</span> <span class='ocrx_word' id='word_1_400' title='bbox 868 3698 968 3768; x_wconf 86' lang='grc' dir='ltr'>τῆς</span> <span class='ocrx_word' id='word_1_401' title='bbox 1021 3698 1225 3768; x_wconf 79' lang='grc' dir='ltr'>ἀρετῆς</span> <span class='ocrx_word' id='word_1_402' title='bbox 1259 3696 1383 3749; x_wconf 72' lang='grc' dir='ltr'>οὔτε</span> <span class='ocrx_word' id='word_1_403' title='bbox 1422 3697 1523 3767; x_wconf 80' lang='grc' dir='ltr'>τῆς</span> <span class='ocrx_word' id='word_1_404' title='bbox 1560 3700 1828 3770; x_wconf 86' lang='grc' dir='ltr'>πονηρίας</span> <span class='ocrx_word' id='word_1_405' title='bbox 1854 3718 1869 3732; x_wconf 86' lang='grc'><strong>·</strong></span> 
     </span>
    </p>
   </div>
   <div class='ocr_carea' id='block_1_57' title="bbox 282 3788 1868 3861">
    <p class='ocr_par' dir='ltr' id='par_1_57' title="bbox 282 3788 1868 3861">
     <span class='ocr_line' id='line_1_57' title="bbox 282 3788 1868 3861; baseline -0.001 -18"><span class='ocrx_word' id='word_1_406' title='bbox 282 3791 336 3843; x_wconf 81' lang='grc' dir='ltr'><strong>εί</strong></span> <span class='ocrx_word' id='word_1_407' title='bbox 367 3790 423 3842; x_wconf 77' lang='grc' dir='ltr'>δὲ</span> <span class='ocrx_word' id='word_1_408' title='bbox 452 3789 549 3842; x_wconf 91' lang='grc' dir='ltr'><strong>σοῦ</strong></span> <span class='ocrx_word' id='word_1_409' title='bbox 582 3794 677 3843; x_wconf 76' lang='grc' dir='ltr'><strong>καὶ</strong></span> <span class='ocrx_word' id='word_1_410' title='bbox 718 3792 931 3858; x_wconf 77' lang='grc' dir='ltr'>γίνεται</span> <span class='ocrx_word' id='word_1_411' title='bbox 967 3788 1067 3858; x_wconf 77' lang='grc' dir='ltr'>τῆς</span> <span class='ocrx_word' id='word_1_412' title='bbox 1097 3790 1299 3860; x_wconf 80' lang='grc' dir='ltr'>ἀρετῆς</span> <span class='ocrx_word' id='word_1_413' title='bbox 1330 3791 1424 3842; x_wconf 74' lang='grc' dir='ltr'>καὶ</span> <span class='ocrx_word' id='word_1_414' title='bbox 1450 3790 1548 3858; x_wconf 80' lang='grc' dir='ltr'>τῆς</span> <span class='ocrx_word' id='word_1_415' title='bbox 1582 3790 1868 3861; x_wconf 68' lang='grc' dir='ltr'>πονηρίας,</span> 
     </span>
    </p>
   </div>
   <div class='ocr_carea' id='block_1_58' title="bbox 281 3881 1871 3953">
    <p class='ocr_par' dir='ltr' id='par_1_58' title="bbox 281 3881 1871 3953">
     <span class='ocr_line' id='line_1_58' title="bbox 281 3881 1871 3953; baseline 0 -17"><span class='ocrx_word' id='word_1_416' title='bbox 281 3882 403 3936; x_wconf 83' lang='grc' dir='ltr'>ἀλλ’</span> <span class='ocrx_word' id='word_1_417' title='bbox 434 3883 557 3953; x_wconf 71' lang='grc' dir='ltr'>οὐχὶ</span> <span class='ocrx_word' id='word_1_418' title='bbox 602 3884 721 3936; x_wconf 83' lang='grc' dir='ltr'>κατ’</span> <span class='ocrx_word' id='word_1_419' title='bbox 750 3882 910 3947; x_wconf 78' lang='grc' dir='ltr'>ἀξίαν</span> <span class='ocrx_word' id='word_1_420' title='bbox 943 3883 1061 3936; x_wconf 78' lang='grc' dir='ltr'>ἀλλ’</span> <span class='ocrx_word' id='word_1_421' title='bbox 1089 3881 1280 3945; x_wconf 89' lang='grc' dir='ltr'>ἀπλῶς</span> <span class='ocrx_word' id='word_1_422' title='bbox 1325 3883 1528 3936; x_wconf 81' lang='grc' dir='ltr'>ὡσανεὶ</span> <span class='ocrx_word' id='word_1_423' title='bbox 1558 3882 1744 3951; x_wconf 83' lang='grc' dir='ltr'>γεῦμα</span> <span class='ocrx_word' id='word_1_424' title='bbox 1773 3884 1871 3953; x_wconf 83' lang='grc' dir='ltr'>τῆς</span> 
     </span>
    </p>
   </div>
   <div class='ocr_carea' id='block_1_59' title="bbox 280 3974 1868 4046">
    <p class='ocr_par' dir='ltr' id='par_1_59' title="bbox 280 3974 1868 4046">
     <span class='ocr_line' id='line_1_59' title="bbox 280 3974 1868 4046; baseline -0.001 -16"><span class='ocrx_word' id='word_1_425' title='bbox 280 3975 547 4045; x_wconf 68' lang='grc' dir='ltr'>κρίσεως,</span> <span class='ocrx_word' id='word_1_426' title='bbox 574 3974 735 4046; x_wconf 66' lang='grc'><strong>545</strong></span> <span class='ocrx_word' id='word_1_427' title='bbox 770 3976 858 4028; x_wconf 84' lang='grc' dir='ltr'><strong>ἵνα</strong></span> <span class='ocrx_word' id='word_1_428' title='bbox 887 3975 936 4027; x_wconf 90' lang='grc' dir='ltr'>οἱ</span> <span class='ocrx_word' id='word_1_429' title='bbox 982 3977 1046 4045; x_wconf 83' lang='grc' dir='ltr'>τῇ</span> <span class='ocrx_word' id='word_1_430' title='bbox 1088 3975 1386 4028; x_wconf 83' lang='grc' dir='ltr'>ἀναστάσει</span> <span class='ocrx_word' id='word_1_431' title='bbox 1434 3975 1868 4044; x_wconf 78' lang='grc' dir='ltr'>διαπιστοῦντες,</span> 
     </span>
    </p>
   </div>
   <div class='ocr_carea' id='block_1_60' title="bbox 278 4065 1871 4136">
    <p class='ocr_par' dir='ltr' id='par_1_60' title="bbox 278 4065 1871 4136">
     <span class='ocr_line' id='line_1_60' title="bbox 278 4065 1871 4136; baseline 0.003 -18"><span class='ocrx_word' id='word_1_432' title='bbox 278 4068 399 4129; x_wconf 76' lang='grc' dir='ltr'>τοῖς</span> <span class='ocrx_word' id='word_1_433' title='bbox 448 4065 580 4134; x_wconf 83' lang='grc' dir='ltr'>γοῦν</span> <span class='ocrx_word' id='word_1_434' title='bbox 636 4066 872 4122; x_wconf 85' lang='grc' dir='ltr'>ἐνταῦθα</span> <span class='ocrx_word' id='word_1_435' title='bbox 930 4066 1414 4136; x_wconf 72' lang='grc' dir='ltr'>σωφρονίζωνται·</span> <span class='ocrx_word' id='word_1_436' title='bbox 1456 4068 1587 4121; x_wconf 87' lang='grc' dir='ltr'>ὅταν</span> <span class='ocrx_word' id='word_1_437' title='bbox 1636 4068 1729 4122; x_wconf 82' lang='grc' dir='ltr'>οὖν</span> <span class='ocrx_word' id='word_1_438' title='bbox 1779 4072 1871 4122; x_wconf 85' lang='grc' dir='ltr'>εὑ-</span> 
     </span>
    </p>
   </div>
   <div class='ocr_carea' id='block_1_61' title="bbox 284 4159 1868 4232">
    <p class='ocr_par' dir='ltr' id='par_1_61' title="bbox 284 4159 1868 4232">
     <span class='ocr_line' id='line_1_61' title="bbox 284 4159 1868 4232; baseline -0.001 -21"><span class='ocrx_word' id='word_1_439' title='bbox 284 4161 476 4229; x_wconf 83' lang='grc' dir='ltr'>πραγῇ</span> <span class='ocrx_word' id='word_1_440' title='bbox 500 4161 529 4211; x_wconf 84' lang='grc' dir='ltr'>ὁ</span> <span class='ocrx_word' id='word_1_441' title='bbox 569 4160 831 4230; x_wconf 83' lang='grc' dir='ltr'>πονηρὸς,</span> <span class='ocrx_word' id='word_1_442' title='bbox 883 4161 975 4212; x_wconf 75' lang='grc' dir='ltr'><strong>ἐπὶ</strong></span> <span class='ocrx_word' id='word_1_443' title='bbox 1025 4159 1183 4226; x_wconf 85' lang='grc' dir='ltr'>κακῷ</span> <span class='ocrx_word' id='word_1_444' title='bbox 1229 4163 1327 4229; x_wconf 81' lang='grc' dir='ltr'>τῆς</span> <span class='ocrx_word' id='word_1_445' title='bbox 1358 4160 1554 4212; x_wconf 85' lang='grc' dir='ltr'>ἐαυτοῦ</span> <span class='ocrx_word' id='word_1_446' title='bbox 1591 4162 1868 4232; x_wconf 72' lang='grc' dir='ltr'>κεφαλῆς·</span> 
     </span>
    </p>
   </div>
   <div class='ocr_carea' id='block_1_62' title="bbox 282 4244 1873 4323">
    <p class='ocr_par' dir='ltr' id='par_1_62' title="bbox 282 4244 1873 4323">
     <span class='ocr_line' id='line_1_62' title="bbox 282 4244 1873 4323; baseline 0.002 -17"><span class='ocrx_word' id='word_1_447' title='bbox 282 4250 473 4322; x_wconf 62' lang='grc'><strong>(2881))</strong></span> <span class='ocrx_word' id='word_1_448' title='bbox 508 4251 594 4303; x_wconf 80' lang='grc' dir='ltr'><strong>ἵνα</strong></span> <span class='ocrx_word' id='word_1_449' title='bbox 646 4254 756 4323; x_wconf 81' lang='grc' dir='ltr'><strong>γαρ</strong></span> <span class='ocrx_word' id='word_1_450' title='bbox 802 4244 880 4304; x_wconf 80' lang='grc' dir='ltr'>ὧν</span> <span class='ocrx_word' id='word_1_451' title='bbox 933 4250 1174 4320; x_wconf 76' lang='grc' dir='ltr'>ἔπραξεν</span> <span class='ocrx_word' id='word_1_452' title='bbox 1227 4250 1379 4322; x_wconf 83' lang='grc' dir='ltr'>ἴσως]</span> <span class='ocrx_word' id='word_1_453' title='bbox 1435 4252 1614 4322; x_wconf 65' lang='grc'><strong>(111⁸)</strong></span> <span class='ocrx_word' id='word_1_454' title='bbox 1654 4255 1873 4321; x_wconf 86' lang='grc' dir='ltr'>ἀγαθῶν</span> 
     </span>
    </p>
   </div>
   <div class='ocr_carea' id='block_1_63' title="bbox 280 4343 1869 4415">
    <p class='ocr_par' dir='ltr' id='par_1_63' title="bbox 280 4343 1869 4415">
     <span class='ocr_line' id='line_1_63' title="bbox 280 4343 1869 4415; baseline -0.001 -17"><span class='ocrx_word' id='word_1_455' title='bbox 280 4345 386 4415; x_wconf 74' lang='grc' dir='ltr'>τὴν</span> <span class='ocrx_word' id='word_1_456' title='bbox 427 4345 702 4398; x_wconf 85' lang='grc' dir='ltr'>ἀντίδοσιν</span> <span class='ocrx_word' id='word_1_457' title='bbox 730 4346 775 4376; x_wconf 84' lang='grc'><strong>³⁸</strong></span> <span class='ocrx_word' id='word_1_458' title='bbox 827 4345 1065 4399; x_wconf 81' lang='grc' dir='ltr'>ἐνταῦθα</span> <span class='ocrx_word' id='word_1_459' title='bbox 1119 4343 1298 4396; x_wconf 75' lang='grc' dir='ltr'>λαϐὼν</span> <span class='ocrx_word' id='word_1_460' title='bbox 1336 4346 1468 4408; x_wconf 80' lang='grc' dir='ltr'>ἴσως</span> <span class='ocrx_word' id='word_1_461' title='bbox 1514 4348 1631 4398; x_wconf 87' lang='grc' dir='ltr'>ἐκεῖ</span> <span class='ocrx_word' id='word_1_462' title='bbox 1685 4346 1869 4399; x_wconf 85' lang='grc' dir='ltr'>πλεῖον</span> 
     </span>
    </p>
   </div>
   <div class='ocr_carea' id='block_1_64' title="bbox 1971 1842 3560 1911">
    <p class='ocr_par' dir='ltr' id='par_1_64' title="bbox 1971 1842 3560 1911">
     <span class='ocr_line' id='line_1_64' title="bbox 1971 1842 3560 1911; baseline 0.006 -18"><span class='ocrx_word' id='word_1_463' title='bbox 1971 1842 2101 1895; x_wconf 84' lang='lat' dir='ltr'><strong>deas</strong></span> <span class='ocrx_word' id='word_1_464' title='bbox 2140 1851 2195 1894; x_wconf 88' lang='lat' dir='ltr'><strong>et</strong></span> <span class='ocrx_word' id='word_1_465' title='bbox 2246 1842 2334 1895; x_wconf 89' lang='lat' dir='ltr'><strong>isti</strong></span> <span class='ocrx_word' id='word_1_466' title='bbox 2388 1857 2495 1895; x_wconf 89' lang='lat' dir='ltr'><strong>non</strong></span> <span class='ocrx_word' id='word_1_467' title='bbox 2541 1843 2734 1897; x_wconf 89' lang='lat' dir='ltr'><strong>credas</strong></span> <span class='ocrx_word' id='word_1_468' title='bbox 2783 1842 2914 1911; x_wconf 82' lang='lat' dir='ltr'><strong>igni,</strong></span> <span class='ocrx_word' id='word_1_469' title='bbox 2954 1846 3245 1899; x_wconf 84' lang='lat' dir='ltr'><strong>recordare</strong></span> <span class='ocrx_word' id='word_1_470' title='bbox 3315 1847 3560 1902; x_wconf 87' lang='lat' dir='ltr'><strong>divinum</strong></span> 
     </span>
    </p>
   </div>
   <div class='ocr_carea' id='block_1_65' title="bbox 1972 1932 3561 2005">
    <p class='ocr_par' dir='ltr' id='par_1_65' title="bbox 1972 1932 3561 2005">
     <span class='ocr_line' id='line_1_65' title="bbox 1972 1932 3561 2005; baseline 0.006 -18"><span class='ocrx_word' id='word_1_471' title='bbox 1972 1932 2025 1987; x_wconf 86' lang='lat' dir='ltr'><strong>in</strong></span> <span class='ocrx_word' id='word_1_472' title='bbox 2065 1932 2321 1987; x_wconf 85' lang='lat' dir='ltr'><strong>Sodomis</strong></span> <span class='ocrx_word' id='word_1_473' title='bbox 2376 1934 2715 1997; x_wconf 90' lang='lat' dir='ltr'><strong>incendium,</strong></span> <span class='ocrx_word' id='word_1_474' title='bbox 2754 1936 3009 2005; x_wconf 77' lang='lat' dir='ltr'><strong>illamque</strong></span> <span class='ocrx_word' id='word_1_475' title='bbox 3067 1939 3359 1993; x_wconf 84' lang='lat' dir='ltr'><strong>terribilem</strong></span> <span class='ocrx_word' id='word_1_476' title='bbox 3425 1957 3561 1995; x_wconf 90' lang='lat' dir='ltr'><strong>con-</strong></span> 
     </span>
    </p>
   </div>
   <div class='ocr_carea' id='block_1_66' title="bbox 1973 2025 3560 2100">
    <p class='ocr_par' dir='ltr' id='par_1_66' title="bbox 1973 2025 3560 2100">
     <span class='ocr_line' id='line_1_66' title="bbox 1973 2025 3560 2100; baseline 0.006 -23"><span class='ocrx_word' id='word_1_477' title='bbox 1973 2025 2363 2093; x_wconf 84' lang='lat' dir='ltr'><strong>somptionem.</strong></span> <span class='ocrx_word' id='word_1_478' title='bbox 2420 2026 2477 2079; x_wconf 86' lang='lat' dir='ltr'><strong>Si</strong></span> <span class='ocrx_word' id='word_1_479' title='bbox 2514 2042 2642 2095; x_wconf 86' lang='lat' dir='ltr'><strong>ergo</strong></span> <span class='ocrx_word' id='word_1_480' title='bbox 2694 2028 2819 2079; x_wconf 87' lang='lat' dir='ltr'><strong>talia</strong></span> <span class='ocrx_word' id='word_1_481' title='bbox 2853 2042 3091 2095; x_wconf 74' lang='lat' dir='ltr'><strong>OpCI‘allS</strong></span> <span class='ocrx_word' id='word_1_482' title='bbox 3138 2040 3190 2083; x_wconf 85' lang='lat' dir='ltr'><strong>et</strong></span> <span class='ocrx_word' id='word_1_483' title='bbox 3236 2041 3291 2084; x_wconf 91' lang='lat' dir='ltr'><strong>tu</strong></span> <span class='ocrx_word' id='word_1_484' title='bbox 3344 2047 3560 2100; x_wconf 72' lang='lat' dir='ltr'><strong>pmuam</strong></span> 
     </span>
    </p>
   </div>
   <div class='ocr_carea' id='block_1_67' title="bbox 1973 2117 3562 2193">
    <p class='ocr_par' dir='ltr' id='par_1_67' title="bbox 1973 2117 3562 2193">
     <span class='ocr_line' id='line_1_67' title="bbox 1973 2117 3562 2193; baseline 0.004 -23"><span class='ocrx_word' id='word_1_485' title='bbox 1973 2133 2080 2170; x_wconf 91' lang='lat' dir='ltr'><strong>non</strong></span> <span class='ocrx_word' id='word_1_486' title='bbox 2146 2117 2336 2179; x_wconf 74' lang='grc' dir='ltr'>εοιιὶε,</span> <span class='ocrx_word' id='word_1_487' title='bbox 2382 2133 2449 2171; x_wconf 89' lang='lat' dir='ltr'><strong>ne</strong></span> <span class='ocrx_word' id='word_1_488' title='bbox 2510 2120 2741 2172; x_wconf 79' lang='lat' dir='ltr'><strong>mireris.</strong></span> <span class='ocrx_word' id='word_1_489' title='bbox 2812 2119 2887 2171; x_wconf 78' lang='lat' dir='ltr'><strong>Illi</strong></span> <span class='ocrx_word' id='word_1_490' title='bbox 2949 2122 3093 2173; x_wconf 91' lang='lat' dir='ltr'><strong>enim</strong></span> <span class='ocrx_word' id='word_1_491' title='bbox 3148 2125 3562 2193; x_wconf 73' lang='lat' dir='ltr'><strong>tauqitam,qui</strong></span> 
     </span>
    </p>
   </div>
   <div class='ocr_carea' id='block_1_68' title="bbox 1973 2210 3563 2282">
    <p class='ocr_par' dir='ltr' id='par_1_68' title="bbox 1973 2210 3563 2282">
     <span class='ocr_line' id='line_1_68' title="bbox 1973 2210 3563 2282; baseline 0.004 -21"><span class='ocrx_word' id='word_1_492' title='bbox 1973 2210 2276 2277; x_wconf 84' lang='lat' dir='ltr'><strong>gel.eonam</strong></span> <span class='ocrx_word' id='word_1_493' title='bbox 2330 2222 2437 2261; x_wconf 89' lang='lat' dir='ltr'><strong>non</strong></span> <span class='ocrx_word' id='word_1_494' title='bbox 2496 2221 2824 2275; x_wconf 87' lang='lat' dir='ltr'><strong>noscerent,</strong></span> <span class='ocrx_word' id='word_1_495' title='bbox 2857 2213 3121 2265; x_wconf 88' lang='lat' dir='ltr'><strong>continuo</strong></span> <span class='ocrx_word' id='word_1_496' title='bbox 3170 2215 3345 2282; x_wconf 85' lang='lat' dir='ltr'><strong>ponii</strong></span> <span class='ocrx_word' id='word_1_497' title='bbox 3395 2226 3563 2280; x_wconf 88' lang='lat' dir='ltr'><strong>sunt;</strong></span> 
     </span>
    </p>
   </div>
   <div class='ocr_carea' id='block_1_69' title="bbox 1976 2303 3561 2373">
    <p class='ocr_par' dir='ltr' id='par_1_69' title="bbox 1976 2303 3561 2373">
     <span class='ocr_line' id='line_1_69' title="bbox 1976 2303 3561 2373; baseline 0.004 -20"><span class='ocrx_word' id='word_1_498' title='bbox 1976 2310 2030 2353; x_wconf 88' lang='lat' dir='ltr'><strong>tu</strong></span> <span class='ocrx_word' id='word_1_499' title='bbox 2092 2316 2244 2367; x_wconf 76' lang='lat' dir='ltr'><strong>vero,</strong></span> <span class='ocrx_word' id='word_1_500' title='bbox 2295 2317 2634 2372; x_wconf 62' lang='lat' dir='ltr'><strong>quaecunque</strong></span> <span class='ocrx_word' id='word_1_501' title='bbox 2700 2303 3016 2373; x_wconf 85' lang='lat' dir='ltr'><strong>deliqueris,</strong></span> <span class='ocrx_word' id='word_1_502' title='bbox 3076 2305 3293 2361; x_wconf 90' lang='lat' dir='ltr'><strong>etiamsi</strong></span> <span class='ocrx_word' id='word_1_503' title='bbox 3357 2306 3561 2360; x_wconf 89' lang='lat' dir='ltr'><strong>nullam</strong></span> 
     </span>
    </p>
   </div>
   <div class='ocr_carea' id='block_1_70' title="bbox 1975 2393 3564 2470">
    <p class='ocr_par' dir='ltr' id='par_1_70' title="bbox 1975 2393 3564 2470">
     <span class='ocr_line' id='line_1_70' title="bbox 1975 2393 3564 2470; baseline 0.005 -23"><span class='ocrx_word' id='word_1_504' title='bbox 1975 2407 2190 2462; x_wconf 72' lang='lat' dir='ltr'><strong>ptenam</strong></span> <span class='ocrx_word' id='word_1_505' title='bbox 2247 2393 2335 2448; x_wconf 90' lang='lat' dir='ltr'><strong>hic</strong></span> <span class='ocrx_word' id='word_1_506' title='bbox 2399 2394 2659 2463; x_wconf 88' lang='lat' dir='ltr'><strong>dederisl,</strong></span> <span class='ocrx_word' id='word_1_507' title='bbox 2692 2396 2803 2452; x_wconf 90' lang='lat' dir='ltr'><strong>illic</strong></span> <span class='ocrx_word' id='word_1_508' title='bbox 2853 2398 3100 2454; x_wconf 85' lang='lat' dir='ltr'><strong>severius</strong></span> <span class='ocrx_word' id='word_1_509' title='bbox 3158 2399 3279 2454; x_wconf 83' lang='lat' dir='ltr'><strong>lues</strong></span> <span class='ocrx_word' id='word_1_510' title='bbox 3346 2412 3399 2454; x_wconf 90' lang='lat' dir='ltr'><strong>et</strong></span> <span class='ocrx_word' id='word_1_511' title='bbox 3461 2418 3564 2470; x_wconf 89' lang='lat' dir='ltr'><strong>pu-</strong></span> 
     </span>
    </p>
   </div>
   <div class='ocr_carea' id='block_1_71' title="bbox 1975 2487 3563 2561">
    <p class='ocr_par' dir='ltr' id='par_1_71' title="bbox 1975 2487 3563 2561">
     <span class='ocr_line' id='line_1_71' title="bbox 1975 2487 3563 2561; baseline 0.008 -22"><span class='ocrx_word' id='word_1_512' title='bbox 1975 2487 2166 2541; x_wconf 83' lang='lat' dir='ltr'><strong>nieris.</strong></span> <span class='ocrx_word' id='word_1_513' title='bbox 2209 2487 2434 2553; x_wconf 85' lang='lat' dir='ltr'><strong>Quare?</strong></span> <span class='ocrx_word' id='word_1_514' title='bbox 2481 2488 2618 2555; x_wconf 86' lang='lat' dir='ltr'><strong>Quia</strong></span> <span class='ocrx_word' id='word_1_515' title='bbox 2666 2492 2877 2560; x_wconf 86' lang='lat' dir='ltr'><strong>majore</strong></span> <span class='ocrx_word' id='word_1_516' title='bbox 2919 2493 3091 2561; x_wconf 84' lang='lat' dir='ltr'><strong>gratia</strong></span> <span class='ocrx_word' id='word_1_517' title='bbox 3148 2491 3299 2547; x_wconf 81' lang='lat' dir='ltr'><strong>fruiti</strong></span> <span class='ocrx_word' id='word_1_518' title='bbox 3347 2512 3563 2551; x_wconf 87' lang='lat' dir='ltr'><strong>smnus.</strong></span> 
     </span>
    </p>
   </div>
   <div class='ocr_carea' id='block_1_72' title="bbox 1979 2579 3566 2658">
    <p class='ocr_par' dir='ltr' id='par_1_72' title="bbox 1979 2579 3566 2658">
     <span class='ocr_line' id='line_1_72' title="bbox 1979 2579 3566 2658; baseline 0.006 -25"><span class='ocrx_word' id='word_1_519' title='bbox 1979 2579 2117 2633; x_wconf 80' lang='lat' dir='ltr'><strong>Cum</strong></span> <span class='ocrx_word' id='word_1_520' title='bbox 2170 2590 2349 2635; x_wconf 90' lang='lat' dir='ltr'><strong>autem</strong></span> <span class='ocrx_word' id='word_1_521' title='bbox 2392 2582 2547 2651; x_wconf 89' lang='lat' dir='ltr'><strong>plura</strong></span> <span class='ocrx_word' id='word_1_522' title='bbox 2587 2584 2911 2655; x_wconf 88' lang='lat' dir='ltr'><strong>majoraque</strong></span> <span class='ocrx_word' id='word_1_523' title='bbox 2959 2601 3124 2655; x_wconf 86' lang='lat' dir='ltr'><strong>quam</strong></span> <span class='ocrx_word' id='word_1_524' title='bbox 3167 2588 3242 2642; x_wconf 89' lang='lat' dir='ltr'><strong>illi</strong></span> <span class='ocrx_word' id='word_1_525' title='bbox 3293 2588 3566 2658; x_wconf 82' lang='lat' dir='ltr'><strong>delinqui-</strong></span> 
     </span>
    </p>
   </div>
   <div class='ocr_carea' id='block_1_73' title="bbox 1979 2678 3567 2753">
    <p class='ocr_par' dir='ltr' id='par_1_73' title="bbox 1979 2678 3567 2753">
     <span class='ocr_line' id='line_1_73' title="bbox 1979 2678 3567 2753; baseline 0.004 -23"><span class='ocrx_word' id='word_1_526' title='bbox 1979 2694 2121 2741; x_wconf 86' lang='lat' dir='ltr'><strong>mus,</strong></span> <span class='ocrx_word' id='word_1_527' title='bbox 2148 2678 2364 2748; x_wconf 90' lang='lat' dir='ltr'><strong>qualem</strong></span> <span class='ocrx_word' id='word_1_528' title='bbox 2396 2680 2610 2734; x_wconf 75' lang='lat' dir='ltr'><strong>veniam</strong></span> <span class='ocrx_word' id='word_1_529' title='bbox 2636 2681 3027 2748; x_wconf 86' lang='lat' dir='ltr'><strong>obtinebimus,</strong></span> <span class='ocrx_word' id='word_1_530' title='bbox 3056 2698 3155 2737; x_wconf 89' lang='lat' dir='ltr'><strong>nos</strong></span> <span class='ocrx_word' id='word_1_531' title='bbox 3182 2684 3275 2753; x_wconf 88' lang='lat' dir='ltr'><strong>qui</strong></span> <span class='ocrx_word' id='word_1_532' title='bbox 3305 2700 3369 2737; x_wconf 78' lang='lat' dir='ltr'><strong>ex</strong></span> <span class='ocrx_word' id='word_1_533' title='bbox 3400 2684 3567 2737; x_wconf 87' lang='lat' dir='ltr'><strong>Patri-</strong></span> 
     </span>
    </p>
   </div>
   <div class='ocr_carea' id='block_1_74' title="bbox 1976 2770 3564 2845">
    <p class='ocr_par' dir='ltr' id='par_1_74' title="bbox 1976 2770 3564 2845">
     <span class='ocr_line' id='line_1_74' title="bbox 1976 2770 3564 2845; baseline 0.003 -22"><span class='ocrx_word' id='word_1_534' title='bbox 1976 2770 2079 2824; x_wconf 90' lang='lat' dir='ltr'><strong>bus</strong></span> <span class='ocrx_word' id='word_1_535' title='bbox 2169 2772 2449 2826; x_wconf 78' lang='lat' dir='ltr'><strong>salutifera</strong></span> <span class='ocrx_word' id='word_1_536' title='bbox 2530 2774 2842 2843; x_wconf 83' lang='lat' dir='ltr'><strong>recepimus</strong></span> <span class='ocrx_word' id='word_1_537' title='bbox 2924 2784 3232 2844; x_wconf 60' lang='lat' dir='ltr'><strong>praecepta,</strong></span> <span class='ocrx_word' id='word_1_538' title='bbox 3296 2791 3418 2845; x_wconf 71' lang='lat' dir='ltr'><strong>qua:</strong></span> <span class='ocrx_word' id='word_1_539' title='bbox 3489 2778 3564 2829; x_wconf 88' lang='lat' dir='ltr'><strong>illi</strong></span> 
     </span>
    </p>
   </div>
   <div class='ocr_carea' id='block_1_75' title="bbox 1976 2864 3563 2937">
    <p class='ocr_par' dir='ltr' id='par_1_75' title="bbox 1976 2864 3563 2937">
     <span class='ocr_line' id='line_1_75' title="bbox 1976 2864 3563 2937; baseline 0.003 -21"><span class='ocrx_word' id='word_1_540' title='bbox 1976 2864 2139 2934; x_wconf 90' lang='lat' dir='ltr'><strong>plane</strong></span> <span class='ocrx_word' id='word_1_541' title='bbox 2174 2879 2282 2917; x_wconf 90' lang='lat' dir='ltr'><strong>non</strong></span> <span class='ocrx_word' id='word_1_542' title='bbox 2335 2866 2663 2920; x_wconf 85' lang='lat' dir='ltr'><strong>audiverant</strong></span> <span class='ocrx_word' id='word_1_543' title='bbox 2718 2881 2818 2919; x_wconf 92' lang='lat' dir='ltr'><strong>nec</strong></span> <span class='ocrx_word' id='word_1_544' title='bbox 2872 2865 3197 2921; x_wconf 86' lang='lat' dir='ltr'><strong>didicerant.</strong></span> <span class='ocrx_word' id='word_1_545' title='bbox 3233 2868 3563 2937; x_wconf 69' lang='lat' dir='ltr'><strong>Propterea,</strong></span> 
     </span>
    </p>
   </div>
   <div class='ocr_carea' id='block_1_76' title="bbox 1977 2956 3564 3025">
    <p class='ocr_par' dir='ltr' id='par_1_76' title="bbox 1977 2956 3564 3025">
     <span class='ocr_line' id='line_1_76' title="bbox 1977 2956 3564 3025; baseline 0 -14"><span class='ocrx_word' id='word_1_546' title='bbox 1977 2959 2091 3011; x_wconf 85' lang='lat' dir='ltr'><strong>sive</strong></span> <span class='ocrx_word' id='word_1_547' title='bbox 2127 2971 2352 3025; x_wconf 86' lang='lat' dir='ltr'><strong>parvam</strong></span> <span class='ocrx_word' id='word_1_548' title='bbox 2413 2972 2630 3025; x_wconf 70' lang='lat' dir='ltr'><strong>ptenam</strong></span> <span class='ocrx_word' id='word_1_549' title='bbox 2680 2956 2769 3010; x_wconf 92' lang='lat' dir='ltr'><strong>hic</strong></span> <span class='ocrx_word' id='word_1_550' title='bbox 2804 2958 3137 3023; x_wconf 86' lang='lat' dir='ltr'><strong>dederimus,</strong></span> <span class='ocrx_word' id='word_1_551' title='bbox 3169 2961 3282 3014; x_wconf 87' lang='lat' dir='ltr'><strong>sive</strong></span> <span class='ocrx_word' id='word_1_552' title='bbox 3335 2962 3564 3022; x_wconf 83' lang='lat' dir='ltr'><strong>nullam.</strong></span> 
     </span>
    </p>
   </div>
   <div class='ocr_carea' id='block_1_77' title="bbox 1977 3050 3565 3123">
    <p class='ocr_par' dir='ltr' id='par_1_77' title="bbox 1977 3050 3565 3123">
     <span class='ocr_line' id='line_1_77' title="bbox 1977 3050 3565 3123; baseline 0.002 -20"><span class='ocrx_word' id='word_1_553' title='bbox 1977 3052 2151 3119; x_wconf 85' lang='lat' dir='ltr'><strong>magis</strong></span> <span class='ocrx_word' id='word_1_554' title='bbox 2186 3051 2496 3121; x_wconf 72' lang='lat' dir='ltr'><strong>punientur.</strong></span> <span class='ocrx_word' id='word_1_555' title='bbox 2538 3050 2730 3104; x_wconf 80' lang='lat' dir='ltr'><strong>Nullus</strong></span> <span class='ocrx_word' id='word_1_556' title='bbox 2774 3051 2939 3119; x_wconf 82' lang='lat' dir='ltr'><strong>igitur</strong></span> <span class='ocrx_word' id='word_1_557' title='bbox 2988 3052 3161 3107; x_wconf 90' lang='lat' dir='ltr'><strong>malos</strong></span> <span class='ocrx_word' id='word_1_558' title='bbox 3190 3053 3381 3107; x_wconf 81' lang='lat' dir='ltr'><strong>videns</strong></span> <span class='ocrx_word' id='word_1_559' title='bbox 3438 3070 3565 3123; x_wconf 90' lang='lat' dir='ltr'><strong>pro-</strong></span> 
     </span>
    </p>
   </div>
   <div class='ocr_carea' id='block_1_78' title="bbox 1979 3144 3566 3213">
    <p class='ocr_par' dir='ltr' id='par_1_78' title="bbox 1979 3144 3566 3213">
     <span class='ocr_line' id='line_1_78' title="bbox 1979 3144 3566 3213; baseline 0.002 -16"><span class='ocrx_word' id='word_1_560' title='bbox 1979 3158 2138 3212; x_wconf 87' lang='lat' dir='ltr'><strong>spere</strong></span> <span class='ocrx_word' id='word_1_561' title='bbox 2189 3153 2414 3213; x_wconf 85' lang='lat' dir='ltr'><strong>agentes</strong></span> <span class='ocrx_word' id='word_1_562' title='bbox 2489 3144 2849 3198; x_wconf 88' lang='lat' dir='ltr'><strong>conturbetur</strong></span> <span class='ocrx_word' id='word_1_563' title='bbox 2900 3162 2913 3197; x_wconf 92' lang='lat'><strong>:</strong></span> <span class='ocrx_word' id='word_1_564' title='bbox 2975 3161 3081 3199; x_wconf 89' lang='lat' dir='ltr'><strong>non</strong></span> <span class='ocrx_word' id='word_1_565' title='bbox 3147 3146 3291 3200; x_wconf 90' lang='lat' dir='ltr'><strong>enim</strong></span> <span class='ocrx_word' id='word_1_566' title='bbox 3344 3157 3424 3201; x_wconf 89' lang='lat' dir='ltr'><strong>est</strong></span> <span class='ocrx_word' id='word_1_567' title='bbox 3478 3147 3566 3200; x_wconf 91' lang='lat' dir='ltr'><strong>hic</strong></span> 
     </span>
    </p>
   </div>
   <div class='ocr_carea' id='block_1_79' title="bbox 1979 3234 3564 3305">
    <p class='ocr_par' dir='ltr' id='par_1_79' title="bbox 1979 3234 3564 3305">
     <span class='ocr_line' id='line_1_79' title="bbox 1979 3234 3564 3305; baseline 0.003 -19"><span class='ocrx_word' id='word_1_568' title='bbox 1979 3236 2352 3287; x_wconf 79' lang='lat' dir='ltr'><strong>remuneratio</strong></span> <span class='ocrx_word' id='word_1_569' title='bbox 2387 3248 2486 3288; x_wconf 89' lang='lat' dir='ltr'><strong>nec</strong></span> <span class='ocrx_word' id='word_1_570' title='bbox 2534 3234 2753 3288; x_wconf 88' lang='lat' dir='ltr'><strong>virtutis</strong></span> <span class='ocrx_word' id='word_1_571' title='bbox 2784 3250 2883 3289; x_wconf 90' lang='lat' dir='ltr'><strong>nec</strong></span> <span class='ocrx_word' id='word_1_572' title='bbox 2909 3235 3197 3305; x_wconf 66' lang='lat' dir='ltr'><strong>nequitiae;</strong></span> <span class='ocrx_word' id='word_1_573' title='bbox 3234 3238 3377 3305; x_wconf 89' lang='lat' dir='ltr'><strong>quod</strong></span> <span class='ocrx_word' id='word_1_574' title='bbox 3431 3238 3473 3289; x_wconf 88' lang='lat' dir='ltr'><strong>si</strong></span> <span class='ocrx_word' id='word_1_575' title='bbox 3508 3249 3564 3290; x_wconf 87' lang='lat' dir='ltr'><strong>tu</strong></span> 
     </span>
    </p>
   </div>
   <div class='ocr_carea' id='block_1_80' title="bbox 1978 3326 3566 3395">
    <p class='ocr_par' dir='ltr' id='par_1_80' title="bbox 1978 3326 3566 3395">
     <span class='ocr_line' id='line_1_80' title="bbox 1978 3326 3566 3395; baseline 0.003 -16"><span class='ocrx_word' id='word_1_576' title='bbox 1978 3327 2201 3381; x_wconf 88' lang='lat' dir='ltr'><strong>virtutis</strong></span> <span class='ocrx_word' id='word_1_577' title='bbox 2238 3336 2294 3380; x_wconf 93' lang='lat' dir='ltr'><strong>et</strong></span> <span class='ocrx_word' id='word_1_578' title='bbox 2344 3326 2598 3395; x_wconf 83' lang='lat' dir='ltr'><strong>nequitiae</strong></span> <span class='ocrx_word' id='word_1_579' title='bbox 2662 3327 2971 3381; x_wconf 84' lang='lat' dir='ltr'><strong>mercedem</strong></span> <span class='ocrx_word' id='word_1_580' title='bbox 3012 3329 3255 3391; x_wconf 87' lang='lat' dir='ltr'><strong>obtines,</strong></span> <span class='ocrx_word' id='word_1_581' title='bbox 3321 3345 3428 3382; x_wconf 92' lang='lat' dir='ltr'><strong>non</strong></span> <span class='ocrx_word' id='word_1_582' title='bbox 3482 3339 3566 3383; x_wconf 77' lang='lat' dir='ltr'><strong>est</strong></span> 
     </span>
    </p>
   </div>
   <div class='ocr_carea' id='block_1_81' title="bbox 1972 3418 3562 3490">
    <p class='ocr_par' dir='ltr' id='par_1_81' title="bbox 1972 3418 3562 3490">
     <span class='ocr_line' id='line_1_81' title="bbox 1972 3418 3562 3490; baseline 0.003 -19"><span class='ocrx_word' id='word_1_583' title='bbox 1972 3418 2128 3489; x_wconf 80' lang='lat' dir='ltr'><strong>juxta</strong></span> <span class='ocrx_word' id='word_1_584' title='bbox 2167 3420 2517 3490; x_wconf 83' lang='lat' dir='ltr'><strong>dignitatem;</strong></span> <span class='ocrx_word' id='word_1_585' title='bbox 2556 3420 2650 3473; x_wconf 90' lang='lat' dir='ltr'><strong>sed</strong></span> <span class='ocrx_word' id='word_1_586' title='bbox 2707 3430 2968 3489; x_wconf 85' lang='lat' dir='ltr'><strong>tanquam</strong></span> <span class='ocrx_word' id='word_1_587' title='bbox 3019 3419 3562 3490; x_wconf 74' lang='lat' dir='ltr'><strong>degustatiojudicii,</strong></span> 
     </span>
    </p>
   </div>
   <div class='ocr_carea' id='block_1_82' title="bbox 1980 3509 3567 3580">
    <p class='ocr_par' dir='ltr' id='par_1_82' title="bbox 1980 3509 3567 3580">
     <span class='ocr_line' id='line_1_82' title="bbox 1980 3509 3567 3580; baseline 0.001 -17"><span class='ocrx_word' id='word_1_588' title='bbox 1980 3519 2039 3563; x_wconf 90' lang='lat' dir='ltr'><strong>ut</strong></span> <span class='ocrx_word' id='word_1_589' title='bbox 2069 3510 2162 3578; x_wconf 88' lang='lat' dir='ltr'><strong>qui</strong></span> <span class='ocrx_word' id='word_1_590' title='bbox 2192 3510 2650 3564; x_wconf 86' lang='lat' dir='ltr'><strong>resurrectionem</strong></span> <span class='ocrx_word' id='word_1_591' title='bbox 2687 3526 2793 3563; x_wconf 88' lang='lat' dir='ltr'><strong>non</strong></span> <span class='ocrx_word' id='word_1_592' title='bbox 2828 3509 3080 3573; x_wconf 86' lang='lat' dir='ltr'><strong>credunt,</strong></span> <span class='ocrx_word' id='word_1_593' title='bbox 3114 3510 3183 3563; x_wconf 87' lang='lat' dir='ltr'><strong>ab</strong></span> <span class='ocrx_word' id='word_1_594' title='bbox 3212 3510 3277 3564; x_wconf 87' lang='lat' dir='ltr'><strong>iis</strong></span> <span class='ocrx_word' id='word_1_595' title='bbox 3308 3528 3430 3580; x_wconf 80' lang='lat' dir='ltr'><strong>qua:</strong></span> <span class='ocrx_word' id='word_1_596' title='bbox 3478 3513 3567 3565; x_wconf 86' lang='lat' dir='ltr'><strong>hic</strong></span> 
     </span>
    </p>
   </div>
   <div class='ocr_carea' id='block_1_83' title="bbox 1980 3602 3567 3673">
    <p class='ocr_par' dir='ltr' id='par_1_83' title="bbox 1980 3602 3567 3673">
     <span class='ocr_line' id='line_1_83' title="bbox 1980 3602 3567 3673; baseline -0.001 -17"><span class='ocrx_word' id='word_1_597' title='bbox 1980 3605 2135 3667; x_wconf 86' lang='lat' dir='ltr'><strong>liunt,</strong></span> <span class='ocrx_word' id='word_1_598' title='bbox 2170 3602 2464 3671; x_wconf 76' lang='lat' dir='ltr'><strong>prudentes</strong></span> <span class='ocrx_word' id='word_1_599' title='bbox 2492 3602 2814 3656; x_wconf 78' lang='lat' dir='ltr'><strong>elliciantur.</strong></span> <span class='ocrx_word' id='word_1_600' title='bbox 2881 3602 3016 3656; x_wconf 86' lang='lat' dir='ltr'><strong>Cum</strong></span> <span class='ocrx_word' id='word_1_601' title='bbox 3074 3602 3239 3673; x_wconf 81' lang='lat' dir='ltr'><strong>igitur</strong></span> <span class='ocrx_word' id='word_1_602' title='bbox 3274 3620 3567 3673; x_wconf 82' lang='lat' dir='ltr'><strong>prospera-</strong></span> 
     </span>
    </p>
   </div>
   <div class='ocr_carea' id='block_1_84' title="bbox 1982 3694 3566 3765">
    <p class='ocr_par' dir='ltr' id='par_1_84' title="bbox 1982 3694 3566 3765">
     <span class='ocr_line' id='line_1_84' title="bbox 1982 3694 3566 3765; baseline 0.002 -17"><span class='ocrx_word' id='word_1_603' title='bbox 1982 3704 2069 3749; x_wconf 90' lang='lat' dir='ltr'><strong>tur</strong></span> <span class='ocrx_word' id='word_1_604' title='bbox 2100 3696 2404 3764; x_wconf 92' lang='lat' dir='ltr'><strong>improbus,</strong></span> <span class='ocrx_word' id='word_1_605' title='bbox 2438 3696 2502 3749; x_wconf 84' lang='lat' dir='ltr'><strong>ad</strong></span> <span class='ocrx_word' id='word_1_606' title='bbox 2530 3694 2827 3764; x_wconf 73' lang='lat' dir='ltr'><strong>perniciem</strong></span> <span class='ocrx_word' id='word_1_607' title='bbox 2860 3703 2943 3749; x_wconf 83' lang='lat' dir='ltr'><strong>est</strong></span> <span class='ocrx_word' id='word_1_608' title='bbox 2978 3697 3170 3763; x_wconf 76' lang='lat' dir='ltr'><strong>capitis</strong></span> <span class='ocrx_word' id='word_1_609' title='bbox 3196 3696 3365 3764; x_wconf 84' lang='lat' dir='ltr'><strong>ipsius</strong></span> <span class='ocrx_word' id='word_1_610' title='bbox 3396 3713 3409 3749; x_wconf 75' lang='grc' dir='ltr'>ε</span> <span class='ocrx_word' id='word_1_611' title='bbox 3438 3700 3566 3765; x_wconf 72' lang='lat' dir='ltr'><strong>quia</strong></span> 
     </span>
    </p>
   </div>
   <div class='ocr_carea' id='block_1_85' title="bbox 1980 3789 3563 3859">
    <p class='ocr_par' dir='ltr' id='par_1_85' title="bbox 1980 3789 3563 3859">
     <span class='ocr_line' id='line_1_85' title="bbox 1980 3789 3563 3859; baseline 0.001 -16"><span class='ocrx_word' id='word_1_612' title='bbox 1980 3790 2127 3843; x_wconf 87' lang='lat' dir='ltr'><strong>enim</strong></span> <span class='ocrx_word' id='word_1_613' title='bbox 2181 3802 2371 3842; x_wconf 86' lang='lat' dir='ltr'><strong>eorum</strong></span> <span class='ocrx_word' id='word_1_614' title='bbox 2408 3803 2529 3857; x_wconf 69' lang='lat' dir='ltr'><strong>qua:</strong></span> <span class='ocrx_word' id='word_1_615' title='bbox 2569 3789 2657 3844; x_wconf 91' lang='lat' dir='ltr'><strong>hic</strong></span> <span class='ocrx_word' id='word_1_616' title='bbox 2693 3790 2831 3843; x_wconf 83' lang='lat' dir='ltr'><strong>bene</strong></span> <span class='ocrx_word' id='word_1_617' title='bbox 2865 3791 3031 3859; x_wconf 78' lang='lat' dir='ltr'><strong>geSsit</strong></span> <span class='ocrx_word' id='word_1_618' title='bbox 3065 3791 3563 3845; x_wconf 79' lang='lat' dir='ltr'><strong>remunerationem</strong></span> 
     </span>
    </p>
   </div>
   <div class='ocr_carea' id='block_1_86' title="bbox 1983 3882 3569 3954">
    <p class='ocr_par' dir='ltr' id='par_1_86' title="bbox 1983 3882 3569 3954">
     <span class='ocr_line' id='line_1_86' title="bbox 1983 3882 3569 3954; baseline 0.004 -20"><span class='ocrx_word' id='word_1_619' title='bbox 1983 3882 2215 3951; x_wconf 90' lang='lat' dir='ltr'><strong>accepit,</strong></span> <span class='ocrx_word' id='word_1_620' title='bbox 2258 3882 2367 3936; x_wconf 90' lang='lat' dir='ltr'><strong>illic</strong></span> <span class='ocrx_word' id='word_1_621' title='bbox 2414 3884 2587 3951; x_wconf 84' lang='lat' dir='ltr'><strong>magis</strong></span> <span class='ocrx_word' id='word_1_622' title='bbox 2633 3884 2910 3952; x_wconf 88' lang='lat' dir='ltr'><strong>punietur.</strong></span> <span class='ocrx_word' id='word_1_623' title='bbox 2940 3884 3074 3937; x_wconf 76' lang='lat' dir='ltr'><strong>Cum</strong></span> <span class='ocrx_word' id='word_1_624' title='bbox 3131 3894 3315 3938; x_wconf 89' lang='lat' dir='ltr'><strong>autem</strong></span> <span class='ocrx_word' id='word_1_625' title='bbox 3364 3887 3569 3954; x_wconf 87' lang='lat' dir='ltr'><strong>patitur</strong></span> 
     </span>
    </p>
   </div>
   <div class='ocr_carea' id='block_1_87' title="bbox 1981 3974 3565 4044">
    <p class='ocr_par' dir='ltr' id='par_1_87' title="bbox 1981 3974 3565 4044">
     <span class='ocr_line' id='line_1_87' title="bbox 1981 3974 3565 4044; baseline 0.003 -15"><span class='ocrx_word' id='word_1_626' title='bbox 1981 3974 2184 4037; x_wconf 86' lang='lat' dir='ltr'><strong>bonus,</strong></span> <span class='ocrx_word' id='word_1_627' title='bbox 2238 3990 2364 4029; x_wconf 77' lang='lat' dir='ltr'><strong>vere</strong></span> <span class='ocrx_word' id='word_1_628' title='bbox 2396 3975 2591 4031; x_wconf 90' lang='lat' dir='ltr'><strong>beatus</strong></span> <span class='ocrx_word' id='word_1_629' title='bbox 2622 3985 2733 4040; x_wconf 85' lang='lat' dir='ltr'><strong>est;</strong></span> <span class='ocrx_word' id='word_1_630' title='bbox 2795 3992 2942 4042; x_wconf 88' lang='lat' dir='ltr'><strong>nam,</strong></span> <span class='ocrx_word' id='word_1_631' title='bbox 2993 3976 3257 4044; x_wconf 83' lang='lat' dir='ltr'><strong>depositis</strong></span> <span class='ocrx_word' id='word_1_632' title='bbox 3307 3980 3565 4034; x_wconf 89' lang='lat' dir='ltr'><strong>omnibus</strong></span> 
     </span>
    </p>
   </div>
   <div class='ocr_carea' id='block_1_88' title="bbox 1982 4068 3568 4139">
    <p class='ocr_par' dir='ltr' id='par_1_88' title="bbox 1982 4068 3568 4139">
     <span class='ocr_line' id='line_1_88' title="bbox 1982 4068 3568 4139; baseline 0.004 -18"><span class='ocrx_word' id='word_1_633' title='bbox 1982 4068 2222 4137; x_wconf 83' lang='lat' dir='ltr'><strong>peccatis</strong></span> <span class='ocrx_word' id='word_1_634' title='bbox 2275 4070 2486 4137; x_wconf 77' lang='lat' dir='ltr'><strong>magnis</strong></span> <span class='ocrx_word' id='word_1_635' title='bbox 2534 4078 2586 4123; x_wconf 89' lang='lat' dir='ltr'><strong>et</strong></span> <span class='ocrx_word' id='word_1_636' title='bbox 2624 4069 2827 4139; x_wconf 78' lang='lat' dir='ltr'><strong>parvis.</strong></span> <span class='ocrx_word' id='word_1_637' title='bbox 2890 4068 3154 4138; x_wconf 85' lang='lat' dir='ltr'><strong>probatus</strong></span> <span class='ocrx_word' id='word_1_638' title='bbox 3200 4085 3254 4124; x_wconf 89' lang='lat' dir='ltr'><strong>et</strong></span> <span class='ocrx_word' id='word_1_639' title='bbox 3302 4087 3471 4139; x_wconf 87' lang='lat' dir='ltr'><strong>purus</strong></span> <span class='ocrx_word' id='word_1_640' title='bbox 3515 4084 3568 4127; x_wconf 87' lang='lat' dir='ltr'><strong>et</strong></span> 
     </span>
    </p>
   </div>
   <div class='ocr_carea' id='block_1_89' title="bbox 1983 4162 3567 4233">
    <p class='ocr_par' dir='ltr' id='par_1_89' title="bbox 1983 4162 3567 4233">
     <span class='ocr_line' id='line_1_89' title="bbox 1983 4162 3567 4233; baseline 0.003 -18"><span class='ocrx_word' id='word_1_641' title='bbox 1983 4162 2486 4231; x_wconf 82' lang='lat' dir='ltr'><strong>irrepreliensibilis</strong></span> <span class='ocrx_word' id='word_1_642' title='bbox 2536 4163 2730 4216; x_wconf 89' lang='lat' dir='ltr'><strong>abibit.</strong></span> <span class='ocrx_word' id='word_1_643' title='bbox 2775 4162 2885 4216; x_wconf 87' lang='lat' dir='ltr'><strong>Illic</strong></span> <span class='ocrx_word' id='word_1_644' title='bbox 2936 4164 3081 4217; x_wconf 89' lang='lat' dir='ltr'><strong>enim</strong></span> <span class='ocrx_word' id='word_1_645' title='bbox 3131 4174 3260 4219; x_wconf 90' lang='lat' dir='ltr'><strong>sunt</strong></span> <span class='ocrx_word' id='word_1_646' title='bbox 3316 4167 3567 4233; x_wconf 60' lang='lat' dir='ltr'><strong>perfectae</strong></span> 
     </span>
    </p>
   </div>
   <div class='ocr_carea' id='block_1_90' title="bbox 1984 4251 3569 4324">
    <p class='ocr_par' dir='ltr' id='par_1_90' title="bbox 1984 4251 3569 4324">
     <span class='ocr_line' id='line_1_90' title="bbox 1984 4251 3569 4324; baseline 0.004 -20"><span class='ocrx_word' id='word_1_647' title='bbox 1984 4251 2254 4304; x_wconf 88' lang='lat' dir='ltr'><strong>bonorum</strong></span> <span class='ocrx_word' id='word_1_648' title='bbox 2331 4266 2585 4311; x_wconf 58' lang='lat' dir='ltr'><strong>coronae;</strong></span> <span class='ocrx_word' id='word_1_649' title='bbox 2647 4252 2758 4305; x_wconf 86' lang='lat' dir='ltr'><strong>illic</strong></span> <span class='ocrx_word' id='word_1_650' title='bbox 2817 4253 2982 4305; x_wconf 88' lang='lat' dir='ltr'><strong>etiam</strong></span> <span class='ocrx_word' id='word_1_651' title='bbox 3029 4268 3184 4307; x_wconf 87' lang='lat' dir='ltr'><strong>acres</strong></span> <span class='ocrx_word' id='word_1_652' title='bbox 3211 4253 3284 4324; x_wconf 64' lang='lat' dir='ltr'><strong>{et</strong></span> <span class='ocrx_word' id='word_1_653' title='bbox 3348 4254 3569 4310; x_wconf 63' lang='lat' dir='ltr'><strong>inﬁnitae</strong></span> 
     </span>
    </p>
   </div>
   <div class='ocr_carea' id='block_1_91' title="bbox 1985 4342 3566 4411">
    <p class='ocr_par' dir='ltr' id='par_1_91' title="bbox 1985 4342 3566 4411">
     <span class='ocr_line' id='line_1_91' title="bbox 1985 4342 3566 4411; baseline 0.004 -16"><span class='ocrx_word' id='word_1_654' title='bbox 1985 4343 2259 4395; x_wconf 88' lang='lat' dir='ltr'><strong>malormn</strong></span> <span class='ocrx_word' id='word_1_655' title='bbox 2298 4356 2497 4411; x_wconf 67' lang='lat' dir='ltr'><strong>ponite.</strong></span> <span class='ocrx_word' id='word_1_656' title='bbox 2532 4342 2685 4395; x_wconf 90' lang='lat' dir='ltr'><strong>Sicut</strong></span> <span class='ocrx_word' id='word_1_657' title='bbox 2714 4342 2859 4395; x_wconf 86' lang='lat' dir='ltr'><strong>enim</strong></span> <span class='ocrx_word' id='word_1_658' title='bbox 2884 4344 2974 4411; x_wconf 92' lang='lat' dir='ltr'><strong>qui</strong></span> <span class='ocrx_word' id='word_1_659' title='bbox 3011 4345 3195 4398; x_wconf 90' lang='lat' dir='ltr'><strong>tabutn</strong></span> <span class='ocrx_word' id='word_1_660' title='bbox 3234 4346 3414 4411; x_wconf 84' lang='lat' dir='ltr'><strong>habet,</strong></span> <span class='ocrx_word' id='word_1_661' title='bbox 3465 4349 3566 4402; x_wconf 84' lang='lat' dir='ltr'><strong>etsi</strong></span> 
     </span>
    </p>
   </div>
   <div class='ocr_carea' id='block_1_92' title="bbox 281 4436 1870 4509">
    <p class='ocr_par' dir='ltr' id='par_1_92' title="bbox 281 4436 1870 4509">
     <span class='ocr_line' id='line_1_92' title="bbox 281 4436 1870 4509; baseline 0.002 -20"><span class='ocrx_word' id='word_1_662' title='bbox 281 4436 699 4507; x_wconf 79' lang='grc' dir='ltr'>κολασθήσηται</span> <span class='ocrx_word' id='word_1_663' title='bbox 730 4439 774 4470; x_wconf 79' lang='grc'><em>³³</em></span> <span class='ocrx_word' id='word_1_664' title='bbox 800 4439 930 4491; x_wconf 87' lang='grc' dir='ltr'>ὅταν</span> <span class='ocrx_word' id='word_1_665' title='bbox 953 4438 1013 4490; x_wconf 81' lang='grc' dir='ltr'>δὲ</span> <span class='ocrx_word' id='word_1_666' title='bbox 1052 4439 1239 4509; x_wconf 81' lang='grc' dir='ltr'>πάσχῃ</span> <span class='ocrx_word' id='word_1_667' title='bbox 1288 4440 1317 4491; x_wconf 84' lang='grc' dir='ltr'><strong>ό</strong></span> <span class='ocrx_word' id='word_1_668' title='bbox 1346 4440 1568 4506; x_wconf 78' lang='grc' dir='ltr'>ἀγαθὸς,</span> <span class='ocrx_word' id='word_1_669' title='bbox 1606 4439 1870 4509; x_wconf 84' lang='grc' dir='ltr'>μακάριος</span> 
     </span>
    </p>
   </div>
   <div class='ocr_carea' id='block_1_93' title="bbox 1976 4436 3565 4509">
    <p class='ocr_par' dir='ltr' id='par_1_93' title="bbox 1988 4439 3565 4507">
     <span class='ocr_line' id='line_1_93' title="bbox 1988 4439 3565 4507; baseline 0.004 -20"><span class='ocrx_word' id='word_1_670' title='bbox 1988 4449 2094 4488; x_wconf 89' lang='lat' dir='ltr'><strong>non</strong></span> <span class='ocrx_word' id='word_1_671' title='bbox 2143 4445 2479 4501; x_wconf 68' lang='lat' dir='ltr'><strong>anqutetur,</strong></span> <span class='ocrx_word' id='word_1_672' title='bbox 2516 4444 2744 4503; x_wconf 75' lang='lat' dir='ltr'><strong>:egrotat</strong></span> <span class='ocrx_word' id='word_1_673' title='bbox 2775 4446 2829 4488; x_wconf 92' lang='lat' dir='ltr'><strong>et</strong></span> <span class='ocrx_word' id='word_1_674' title='bbox 2880 4444 3008 4489; x_wconf 89' lang='lat' dir='ltr'><strong>tunc</strong></span> <span class='ocrx_word' id='word_1_675' title='bbox 3058 4439 3231 4507; x_wconf 83' lang='lat' dir='ltr'><strong>magis</strong></span> <span class='ocrx_word' id='word_1_676' title='bbox 3264 4441 3565 4505; x_wconf 80' lang='lat' dir='ltr'><strong>cruciatur,</strong></span> 
     </span>
    </p>
   </div>
   <div class='ocr_carea' id='block_1_94' title="bbox 280 4530 1872 4601">
    <p class='ocr_par' dir='ltr' id='par_1_94' title="bbox 280 4530 1872 4601">
     <span class='ocr_line' id='line_1_94' title="bbox 280 4530 1872 4601; baseline 0.001 -20"><span class='ocrx_word' id='word_1_677' title='bbox 280 4530 454 4592; x_wconf 74' lang='grc' dir='ltr'>ὅντως</span> <span class='ocrx_word' id='word_1_678' title='bbox 509 4532 681 4595; x_wconf 75' lang='grc' dir='ltr'>ἐστὶν,</span> <span class='ocrx_word' id='word_1_679' title='bbox 733 4531 820 4584; x_wconf 80' lang='grc' dir='ltr'><strong>ἵνα</strong></span> <span class='ocrx_word' id='word_1_680' title='bbox 862 4531 972 4601; x_wconf 74' lang='grc' dir='ltr'><strong>γὰρ</strong></span> <span class='ocrx_word' id='word_1_681' title='bbox 1024 4530 1363 4600; x_wconf 78' lang='grc' dir='ltr'>ἀποθέμενος</span> <span class='ocrx_word' id='word_1_682' title='bbox 1430 4533 1609 4584; x_wconf 57' lang='grc' dir='ltr'>πάντα</span> <span class='ocrx_word' id='word_1_683' title='bbox 1671 4532 1765 4584; x_wconf 77' lang='grc' dir='ltr'><strong>καὶ</strong></span> <span class='ocrx_word' id='word_1_684' title='bbox 1803 4531 1872 4583; x_wconf 80' lang='grc' dir='ltr'>τὸ</span> 
     </span>
    </p>
   </div>
   <div class='ocr_carea' id='block_1_95' title="bbox 286 4622 1874 4694">
    <p class='ocr_par' dir='ltr' id='par_1_95' title="bbox 286 4622 1874 4694">
     <span class='ocr_line' id='line_1_95' title="bbox 286 4622 1874 4694; baseline -0.014 -18"><span class='ocrx_word' id='word_1_685' title='bbox 286 4622 468 4694; x_wconf 84' lang='grc' dir='ltr'>μικρὰ</span> <span class='ocrx_word' id='word_1_686' title='bbox 506 4624 911 4694; x_wconf 82' lang='grc' dir='ltr'>ἁμαρτήματα,</span> <span class='ocrx_word' id='word_1_687' title='bbox 936 4624 1230 4693; x_wconf 81' lang='grc' dir='ltr'>εὐδόκιμος</span> <span class='ocrx_word' id='word_1_688' title='bbox 1258 4627 1354 4675; x_wconf 75' lang='grc' dir='ltr'>καὶ</span> <span class='ocrx_word' id='word_1_689' title='bbox 1391 4622 1637 4693; x_wconf 82' lang='grc' dir='ltr'>καθαρὸς</span> <span class='ocrx_word' id='word_1_690' title='bbox 1668 4623 1804 4694; x_wconf 68' lang='grc' dir='ltr'>ἀπίῃ</span> <span class='ocrx_word' id='word_1_691' title='bbox 1829 4624 1874 4654; x_wconf 74' lang='grc' dir='ltr'><strong>ιο</strong></span> 
     </span>
    </p>
   </div>
   <div class='ocr_carea' id='block_1_96' title="bbox 282 4714 1874 4785">
    <p class='ocr_par' dir='ltr' id='par_1_96' title="bbox 282 4714 1874 4785">
     <span class='ocr_line' id='line_1_96' title="bbox 282 4714 1874 4785; baseline 0.001 -18"><span class='ocrx_word' id='word_1_692' title='bbox 282 4716 382 4767; x_wconf 72' lang='grc' dir='ltr'><strong>καὶ</strong></span> <span class='ocrx_word' id='word_1_693' title='bbox 410 4714 729 4779; x_wconf 83' lang='grc' dir='ltr'>ἀνεύθυνος.</span> <span class='ocrx_word' id='word_1_694' title='bbox 805 4716 954 4769; x_wconf 88' lang='grc' dir='ltr'>Ἐκεῖ</span> <span class='ocrx_word' id='word_1_695' title='bbox 984 4716 1092 4785; x_wconf 85' lang='grc' dir='ltr'>γάρ</span> <span class='ocrx_word' id='word_1_696' title='bbox 1141 4717 1282 4769; x_wconf 84' lang='grc' dir='ltr'>εἰσιν</span> <span class='ocrx_word' id='word_1_697' title='bbox 1315 4716 1365 4768; x_wconf 85' lang='grc' dir='ltr'><strong>οί</strong></span> <span class='ocrx_word' id='word_1_698' title='bbox 1390 4715 1586 4769; x_wconf 87' lang='grc' dir='ltr'>τέλειοι</span> <span class='ocrx_word' id='word_1_699' title='bbox 1615 4716 1874 4784; x_wconf 81' lang='grc' dir='ltr'>στέφανοι</span> 
     </span>
    </p>
   </div>
   <div class='ocr_carea' id='block_1_97' title="bbox 278 4806 1877 4879">
    <p class='ocr_par' dir='ltr' id='par_1_97' title="bbox 278 4806 1877 4879">
     <span class='ocr_line' id='line_1_97' title="bbox 278 4806 1877 4879; baseline 0.001 -22"><span class='ocrx_word' id='word_1_700' title='bbox 278 4806 396 4858; x_wconf 88' lang='grc' dir='ltr'><strong>τῶν</strong></span> <span class='ocrx_word' id='word_1_701' title='bbox 429 4807 675 4874; x_wconf 88' lang='grc' dir='ltr'>ἀγαθῶν,</span> <span class='ocrx_word' id='word_1_702' title='bbox 710 4811 805 4861; x_wconf 83' lang='grc' dir='ltr'>καὶ</span> <span class='ocrx_word' id='word_1_703' title='bbox 828 4808 945 4859; x_wconf 83' lang='grc' dir='ltr'>ἐκεῖ</span> <span class='ocrx_word' id='word_1_704' title='bbox 964 4808 1022 4860; x_wconf 91' lang='grc' dir='ltr'>αἱ</span> <span class='ocrx_word' id='word_1_705' title='bbox 1055 4806 1413 4879; x_wconf 82' lang='grc' dir='ltr'>σφοδρότεραι</span> <span class='ocrx_word' id='word_1_706' title='bbox 1448 4808 1543 4861; x_wconf 73' lang='grc' dir='ltr'><strong>καὶ</strong></span> <span class='ocrx_word' id='word_1_707' title='bbox 1576 4806 1877 4878; x_wconf 81' lang='grc' dir='ltr'>ἀπέραντοι</span> 
     </span>
    </p>
   </div>
   <div class='ocr_carea' id='block_1_98' title="bbox 285 4897 1873 4971">
    <p class='ocr_par' dir='ltr' id='par_1_98' title="bbox 285 4897 1873 4971">
     <span class='ocr_line' id='line_1_98' title="bbox 285 4897 1873 4971; baseline 0.003 -22"><span class='ocrx_word' id='word_1_708' title='bbox 285 4898 542 4962; x_wconf 73' lang='grc' dir='ltr'>κολάσεις</span> <span class='ocrx_word' id='word_1_709' title='bbox 600 4900 712 4953; x_wconf 88' lang='grc' dir='ltr'><strong>τῶν</strong></span> <span class='ocrx_word' id='word_1_710' title='bbox 764 4898 1063 4969; x_wconf 69' lang='grc' dir='ltr'>πινηρῶνσ</span> <span class='ocrx_word' id='word_1_711' title='bbox 1113 4897 1305 4969; x_wconf 84' lang='grc' dir='ltr'>ῶσπερ</span> <span class='ocrx_word' id='word_1_712' title='bbox 1360 4901 1453 4951; x_wconf 80' lang='grc' dir='ltr'><strong>καὶ</strong></span> <span class='ocrx_word' id='word_1_713' title='bbox 1510 4900 1538 4952; x_wconf 86' lang='grc' dir='ltr'><strong>ό</strong></span> <span class='ocrx_word' id='word_1_714' title='bbox 1600 4900 1873 4971; x_wconf 88' lang='grc' dir='ltr'>σηπεδόνα</span> 
     </span>
    </p>
   </div>
   <div class='ocr_carea' id='block_1_99' title="bbox 287 4991 1878 5063">
    <p class='ocr_par' dir='ltr' id='par_1_99' title="bbox 287 4991 1878 5063">
     <span class='ocr_line' id='line_1_99' title="bbox 287 4991 1878 5063; baseline 0.002 -21"><span class='ocrx_word' id='word_1_715' title='bbox 287 4991 455 5060; x_wconf 82' lang='grc' dir='ltr'>ἔχων,</span> <span class='ocrx_word' id='word_1_716' title='bbox 495 4993 594 5045; x_wconf 86' lang='grc' dir='ltr'><strong>κᾶν</strong></span> <span class='ocrx_word' id='word_1_717' title='bbox 648 4993 723 5063; x_wconf 83' lang='grc' dir='ltr'>μὴ</span> <span class='ocrx_word' id='word_1_718' title='bbox 757 4991 1052 5061; x_wconf 83' lang='grc' dir='ltr'>τέμνηται,</span> <span class='ocrx_word' id='word_1_719' title='bbox 1084 4993 1367 5063; x_wconf 81' lang='grc' dir='ltr'>ἁρρωστεῖ</span> <span class='ocrx_word' id='word_1_720' title='bbox 1397 4992 1491 5045; x_wconf 75' lang='grc' dir='ltr'><strong>καὶ</strong></span> <span class='ocrx_word' id='word_1_721' title='bbox 1520 4992 1643 5045; x_wconf 81' lang='grc' dir='ltr'>τότε</span> <span class='ocrx_word' id='word_1_722' title='bbox 1675 4992 1878 5062; x_wconf 86' lang='grc' dir='ltr'>μᾶλλον</span> 
     </span>
    </p>
   </div>
   <div class='ocr_carea' id='block_1_100' title="bbox 282 5084 1881 5157">
    <p class='ocr_par' dir='ltr' id='par_1_100' title="bbox 282 5084 1881 5157">
     <span class='ocr_line' id='line_1_100' title="bbox 282 5084 1881 5157; baseline 0.003 -21"><span class='ocrx_word' id='word_1_723' title='bbox 282 5087 348 5136; x_wconf 84' lang='grc' dir='ltr'><strong>ἐν</strong></span> <span class='ocrx_word' id='word_1_724' title='bbox 380 5088 596 5150; x_wconf 80' lang='grc' dir='ltr'>κακοῖς,</span> <span class='ocrx_word' id='word_1_725' title='bbox 625 5087 757 5139; x_wconf 83' lang='grc' dir='ltr'>ὅταν</span> <span class='ocrx_word' id='word_1_726' title='bbox 788 5084 864 5156; x_wconf 87' lang='grc' dir='ltr'>μὴ</span> <span class='ocrx_word' id='word_1_727' title='bbox 902 5085 1203 5156; x_wconf 85' lang='grc' dir='ltr'>τέμνηται·</span> <span class='ocrx_word' id='word_1_728' title='bbox 1235 5084 1410 5149; x_wconf 79' lang='grc' dir='ltr'>οὕτως</span> <span class='ocrx_word' id='word_1_729' title='bbox 1441 5088 1536 5139; x_wconf 77' lang='grc' dir='ltr'>καὶ</span> <span class='ocrx_word' id='word_1_730' title='bbox 1565 5089 1593 5139; x_wconf 87' lang='grc' dir='ltr'><strong>ό</strong></span> <span class='ocrx_word' id='word_1_731' title='bbox 1628 5086 1881 5157; x_wconf 81' lang='grc' dir='ltr'>ἁμαρτά-</span> 
     </span>
    </p>
   </div>
   <div class='ocr_carea' id='block_1_101' title="bbox 284 5179 1875 5251">
    <p class='ocr_par' dir='ltr' id='par_1_101' title="bbox 284 5179 1875 5251">
     <span class='ocr_line' id='line_1_101' title="bbox 284 5179 1875 5251; baseline 0.001 -21"><span class='ocrx_word' id='word_1_732' title='bbox 284 5197 422 5245; x_wconf 90' lang='grc' dir='ltr'>νων,</span> <span class='ocrx_word' id='word_1_733' title='bbox 449 5180 551 5232; x_wconf 81' lang='grc' dir='ltr'><strong>κᾶν</strong></span> <span class='ocrx_word' id='word_1_734' title='bbox 595 5180 671 5249; x_wconf 80' lang='grc' dir='ltr'><strong>μὴ</strong></span> <span class='ocrx_word' id='word_1_735' title='bbox 703 5181 1027 5251; x_wconf 74' lang='grc' dir='ltr'>κολάζηται,</span> <span class='ocrx_word' id='word_1_736' title='bbox 1071 5181 1294 5232; x_wconf 82' lang='grc' dir='ltr'>πάντων</span> <span class='ocrx_word' id='word_1_737' title='bbox 1340 5181 1488 5233; x_wconf 69' lang='grc' dir='ltr'>ἐστὶν</span> <span class='ocrx_word' id='word_1_738' title='bbox 1521 5179 1875 5248; x_wconf 76' lang='grc' dir='ltr'>ἀθλιώτερος.</span> 
     </span>
    </p>
   </div>
   <div class='ocr_carea' id='block_1_102' title="bbox 283 5259 1880 5343">
    <p class='ocr_par' dir='ltr' id='par_1_102' title="bbox 283 5259 1880 5343">
     <span class='ocr_line' id='line_1_102' title="bbox 283 5259 1880 5343; baseline -0.001 -19"><span class='ocrx_word' id='word_1_739' title='bbox 283 5270 401 5324; x_wconf 75' lang='grc' dir='ltr'><strong>Καὶ</strong></span> <span class='ocrx_word' id='word_1_740' title='bbox 454 5272 711 5342; x_wconf 78' lang='grc' dir='ltr'>καθάπερ</span> <span class='ocrx_word' id='word_1_741' title='bbox 753 5274 805 5325; x_wconf 79' lang='grc' dir='ltr'>οἱ</span> <span class='ocrx_word' id='word_1_742' title='bbox 858 5259 1078 5343; x_wconf 83' lang='grc' dir='ltr'>σπλῆνα</span> <span class='ocrx_word' id='word_1_743' title='bbox 1124 5273 1221 5325; x_wconf 74' lang='grc' dir='ltr'><strong>καὶ</strong></span> <span class='ocrx_word' id='word_1_744' title='bbox 1261 5271 1451 5342; x_wconf 82' lang='grc' dir='ltr'>ύδερδν</span> <span class='ocrx_word' id='word_1_745' title='bbox 1482 5271 1721 5340; x_wconf 78' lang='grc' dir='ltr'>ἔχοντες,</span> <span class='ocrx_word' id='word_1_746' title='bbox 1748 5272 1880 5323; x_wconf 83' lang='grc' dir='ltr'>ὅταν</span> 
     </span>
    </p>
   </div>
   <div class='ocr_carea' id='block_1_103' title="bbox 293 5362 1882 5438">
    <p class='ocr_par' dir='ltr' id='par_1_103' title="bbox 293 5362 1882 5438">
     <span class='ocr_line' id='line_1_103' title="bbox 293 5362 1882 5438; baseline -0.005 -20"><span class='ocrx_word' id='word_1_747' title='bbox 293 5362 665 5419; x_wconf 88' lang='grc' dir='ltr'>ἀπολαύσωσι</span> <span class='ocrx_word' id='word_1_748' title='bbox 694 5366 980 5438; x_wconf 73' lang='grc' dir='ltr'>τραπέζης</span> <span class='ocrx_word' id='word_1_749' title='bbox 1010 5365 1239 5434; x_wconf 72' lang='grc' dir='ltr'>δαψιλῆς</span> <span class='ocrx_word' id='word_1_750' title='bbox 1262 5365 1357 5419; x_wconf 73' lang='grc' dir='ltr'><strong>καὶ</strong></span> <span class='ocrx_word' id='word_1_751' title='bbox 1381 5364 1755 5433; x_wconf 61' lang='grc' dir='ltr'>ψυχροποσίας</span> <span class='ocrx_word' id='word_1_752' title='bbox 1785 5363 1882 5413; x_wconf 76' lang='grc' dir='ltr'><strong>καὶ</strong></span> 
     </span>
    </p>
   </div>
   <div class='ocr_carea' id='block_1_104' title="bbox 1978 4526 3567 4598">
    <p class='ocr_par' dir='ltr' id='par_1_104' title="bbox 1978 4526 3567 4598">
     <span class='ocr_line' id='line_1_104' title="bbox 1978 4526 3567 4598; baseline 0.004 -17"><span class='ocrx_word' id='word_1_753' title='bbox 1978 4542 2102 4581; x_wconf 78' lang='lat' dir='ltr'><strong>cum</strong></span> <span class='ocrx_word' id='word_1_754' title='bbox 2177 4542 2283 4579; x_wconf 90' lang='lat' dir='ltr'><strong>non</strong></span> <span class='ocrx_word' id='word_1_755' title='bbox 2350 4536 2669 4595; x_wconf 85' lang='lat' dir='ltr'><strong>amputatur</strong></span> <span class='ocrx_word' id='word_1_756' title='bbox 2720 4544 2733 4581; x_wconf 89' lang='lat'><strong>:</strong></span> <span class='ocrx_word' id='word_1_757' title='bbox 2783 4526 2865 4583; x_wconf 86' lang='lat' dir='ltr'><strong>sic</strong></span> <span class='ocrx_word' id='word_1_758' title='bbox 2942 4540 3233 4598; x_wconf 83' lang='lat' dir='ltr'><strong>peccator,</strong></span> <span class='ocrx_word' id='word_1_759' title='bbox 3287 4534 3386 4585; x_wconf 83' lang='lat' dir='ltr'><strong>etsi</strong></span> <span class='ocrx_word' id='word_1_760' title='bbox 3458 4550 3567 4587; x_wconf 89' lang='lat' dir='ltr'><strong>non</strong></span> 
     </span>
    </p>
   </div>
   <div class='ocr_carea' id='block_1_105' title="bbox 1978 4620 3565 4691">
    <p class='ocr_par' dir='ltr' id='par_1_105' title="bbox 1978 4620 3565 4691">
     <span class='ocr_line' id='line_1_105' title="bbox 1978 4620 3565 4691; baseline 0.004 -19"><span class='ocrx_word' id='word_1_761' title='bbox 1978 4621 2263 4691; x_wconf 87' lang='lat' dir='ltr'><strong>puniatur,</strong></span> <span class='ocrx_word' id='word_1_762' title='bbox 2316 4621 2576 4674; x_wconf 92' lang='lat' dir='ltr'><strong>omnibus</strong></span> <span class='ocrx_word' id='word_1_763' title='bbox 2626 4620 2880 4674; x_wconf 87' lang='lat' dir='ltr'><strong>miserior</strong></span> <span class='ocrx_word' id='word_1_764' title='bbox 2926 4632 3028 4677; x_wconf 86' lang='lat' dir='ltr'><strong>est.</strong></span> <span class='ocrx_word' id='word_1_765' title='bbox 3087 4622 3565 4687; x_wconf 86' lang='lat' dir='ltr'><strong>Quemadmodum</strong></span> 
     </span>
    </p>
   </div>
   <div class='ocr_carea' id='block_1_106' title="bbox 1984 4709 3567 4781">
    <p class='ocr_par' dir='ltr' id='par_1_106' title="bbox 1984 4709 3567 4781">
     <span class='ocr_line' id='line_1_106' title="bbox 1984 4709 3567 4781; baseline 0.001 -18"><span class='ocrx_word' id='word_1_766' title='bbox 1984 4726 2150 4780; x_wconf 90' lang='lat' dir='ltr'><strong>porro</strong></span> <span class='ocrx_word' id='word_1_767' title='bbox 2186 4710 2261 4763; x_wconf 91' lang='lat' dir='ltr'><strong>illi</strong></span> <span class='ocrx_word' id='word_1_768' title='bbox 2314 4709 2407 4779; x_wconf 90' lang='lat' dir='ltr'><strong>qui</strong></span> <span class='ocrx_word' id='word_1_769' title='bbox 2465 4709 2654 4779; x_wconf 86' lang='lat' dir='ltr'><strong>splene</strong></span> <span class='ocrx_word' id='word_1_770' title='bbox 2704 4720 2757 4763; x_wconf 91' lang='lat' dir='ltr'><strong>et</strong></span> <span class='ocrx_word' id='word_1_771' title='bbox 2815 4709 3057 4781; x_wconf 81' lang='lat' dir='ltr'><strong>hydrope</strong></span> <span class='ocrx_word' id='word_1_772' title='bbox 3116 4712 3388 4777; x_wconf 81' lang='lat' dir='ltr'><strong>laborant,</strong></span> <span class='ocrx_word' id='word_1_773' title='bbox 3441 4729 3567 4766; x_wconf 88' lang='lat' dir='ltr'><strong>cum</strong></span> 
     </span>
    </p>
   </div>
   <div class='ocr_carea' id='block_1_107' title="bbox 1982 4798 3566 4871">
    <p class='ocr_par' dir='ltr' id='par_1_107' title="bbox 1982 4798 3566 4871">
     <span class='ocr_line' id='line_1_107' title="bbox 1982 4798 3566 4871; baseline -0.002 -17"><span class='ocrx_word' id='word_1_774' title='bbox 1982 4817 2171 4856; x_wconf 84' lang='lat' dir='ltr'><strong>mensa</strong></span> <span class='ocrx_word' id='word_1_775' title='bbox 2197 4800 2507 4871; x_wconf 83' lang='lat' dir='ltr'><strong>splendida,</strong></span> <span class='ocrx_word' id='word_1_776' title='bbox 2537 4798 2845 4869; x_wconf 87' lang='lat' dir='ltr'><strong>lrigidoquc</strong></span> <span class='ocrx_word' id='word_1_777' title='bbox 2870 4809 3022 4869; x_wconf 90' lang='lat' dir='ltr'><strong>potu,</strong></span> <span class='ocrx_word' id='word_1_778' title='bbox 3050 4808 3103 4852; x_wconf 91' lang='lat' dir='ltr'><strong>et</strong></span> <span class='ocrx_word' id='word_1_779' title='bbox 3129 4799 3293 4853; x_wconf 90' lang='lat' dir='ltr'><strong>lautis</strong></span> <span class='ocrx_word' id='word_1_780' title='bbox 3314 4799 3566 4868; x_wconf 86' lang='lat' dir='ltr'><strong>dapibus,</strong></span> 
     </span>
    </p>
   </div>
   <div class='ocr_carea' id='block_1_108' title="bbox 1983 4892 3565 4964">
    <p class='ocr_par' dir='ltr' id='par_1_108' title="bbox 1983 4892 3565 4964">
     <span class='ocr_line' id='line_1_108' title="bbox 1983 4892 3565 4964; baseline -0.004 -16"><span class='ocrx_word' id='word_1_781' title='bbox 1983 4903 2035 4948; x_wconf 89' lang='lat' dir='ltr'><strong>et</strong></span> <span class='ocrx_word' id='word_1_782' title='bbox 2060 4894 2256 4964; x_wconf 85' lang='lat' dir='ltr'><strong>opimis</strong></span> <span class='ocrx_word' id='word_1_783' title='bbox 2290 4893 2587 4947; x_wconf 84' lang='lat' dir='ltr'><strong>esculentis</strong></span> <span class='ocrx_word' id='word_1_784' title='bbox 2613 4892 2888 4954; x_wconf 79' lang='lat' dir='ltr'><strong>fruuntur,</strong></span> <span class='ocrx_word' id='word_1_785' title='bbox 2938 4903 3048 4945; x_wconf 89' lang='lat' dir='ltr'><strong>tum</strong></span> <span class='ocrx_word' id='word_1_786' title='bbox 3096 4892 3396 4956; x_wconf 71' lang='lat' dir='ltr'><strong>prmsertim</strong></span> <span class='ocrx_word' id='word_1_787' title='bbox 3428 4907 3565 4943; x_wconf 61' lang='lat' dir='ltr'><strong>cun-</strong></span> 
     </span>
    </p>
   </div>
   <div class='ocr_carea' id='block_1_109' title="bbox 1980 4984 3564 5055">
    <p class='ocr_par' dir='ltr' id='par_1_109' title="bbox 1980 4984 3564 5055">
     <span class='ocr_line' id='line_1_109' title="bbox 1980 4984 3564 5055; baseline -0.004 -13"><span class='ocrx_word' id='word_1_788' title='bbox 1980 4988 2082 5042; x_wconf 88' lang='lat' dir='ltr'><strong>ctis</strong></span> <span class='ocrx_word' id='word_1_789' title='bbox 2144 4987 2574 5041; x_wconf 86' lang='lat' dir='ltr'><strong>miserabiliores</strong></span> <span class='ocrx_word' id='word_1_790' title='bbox 2633 4994 2801 5046; x_wconf 92' lang='lat' dir='ltr'><strong>sunt,</strong></span> <span class='ocrx_word' id='word_1_791' title='bbox 2854 4985 2983 5055; x_wconf 84' lang='lat' dir='ltr'><strong>quia</strong></span> <span class='ocrx_word' id='word_1_792' title='bbox 3042 4984 3254 5038; x_wconf 82' lang='lat' dir='ltr'><strong>deliciis</strong></span> <span class='ocrx_word' id='word_1_793' title='bbox 3314 4984 3564 5037; x_wconf 89' lang='lat' dir='ltr'><strong>morbum</strong></span> 
     </span>
    </p>
   </div>
   <div class='ocr_carea' id='block_1_110' title="bbox 1978 5075 3567 5150">
    <p class='ocr_par' dir='ltr' id='par_1_110' title="bbox 1978 5075 3567 5150">
     <span class='ocr_line' id='line_1_110' title="bbox 1978 5075 3567 5150; baseline -0.003 -17"><span class='ocrx_word' id='word_1_794' title='bbox 1978 5080 2273 5150; x_wconf 80' lang='lat' dir='ltr'><strong>adaugent,</strong></span> <span class='ocrx_word' id='word_1_795' title='bbox 2324 5078 2453 5131; x_wconf 92' lang='lat' dir='ltr'><strong>dum</strong></span> <span class='ocrx_word' id='word_1_796' title='bbox 2496 5093 2526 5132; x_wconf 91' lang='lat' dir='ltr'><strong>e</strong></span> <span class='ocrx_word' id='word_1_797' title='bbox 2556 5086 2747 5132; x_wconf 85' lang='lat' dir='ltr'><strong>contra</strong></span> <span class='ocrx_word' id='word_1_798' title='bbox 2788 5077 2835 5133; x_wconf 90' lang='lat' dir='ltr'><strong>si</strong></span> <span class='ocrx_word' id='word_1_799' title='bbox 2881 5076 3038 5144; x_wconf 80' lang='lat' dir='ltr'><strong>juxta</strong></span> <span class='ocrx_word' id='word_1_800' title='bbox 3091 5075 3377 5129; x_wconf 71' lang='lat' dir='ltr'><strong>medicinae</strong></span> <span class='ocrx_word' id='word_1_801' title='bbox 3422 5075 3567 5143; x_wconf 87' lang='lat' dir='ltr'><strong>leges</strong></span> 
     </span>
    </p>
   </div>
   <div class='ocr_carea' id='block_1_111' title="bbox 1979 5171 3553 5242">
    <p class='ocr_par' dir='ltr' id='par_1_111' title="bbox 1979 5171 3553 5242">
     <span class='ocr_line' id='line_1_111' title="bbox 1979 5171 3553 5242; baseline -0.001 -15"><span class='ocrx_word' id='word_1_802' title='bbox 1979 5173 2122 5227; x_wconf 79' lang='lat' dir='ltr'><strong>fame</strong></span> <span class='ocrx_word' id='word_1_803' title='bbox 2152 5173 2352 5242; x_wconf 85' lang='lat' dir='ltr'><strong>sitique</strong></span> <span class='ocrx_word' id='word_1_804' title='bbox 2392 5182 2762 5236; x_wconf 86' lang='lat' dir='ltr'><strong>coarctantur,</strong></span> <span class='ocrx_word' id='word_1_805' title='bbox 2815 5171 3109 5240; x_wconf 88' lang='lat' dir='ltr'><strong>quamdam</strong></span> <span class='ocrx_word' id='word_1_806' title='bbox 3158 5185 3309 5239; x_wconf 81' lang='lat' dir='ltr'><strong>spem</strong></span> <span class='ocrx_word' id='word_1_807' title='bbox 3360 5171 3553 5225; x_wconf 80' lang='lat' dir='ltr'><strong>salutis</strong></span> 
     </span>
    </p>
   </div>
   <div class='ocr_carea' id='block_1_112' title="bbox 1982 5264 3562 5333">
    <p class='ocr_par' dir='ltr' id='par_1_112' title="bbox 1982 5264 3562 5333">
     <span class='ocr_line' id='line_1_112' title="bbox 1982 5264 3562 5333; baseline -0.004 -13"><span class='ocrx_word' id='word_1_808' title='bbox 1982 5267 2184 5320; x_wconf 89' lang='lat' dir='ltr'><strong>habent</strong></span> <span class='ocrx_word' id='word_1_809' title='bbox 2220 5282 2233 5316; x_wconf 90' lang='lat'>:</span> <span class='ocrx_word' id='word_1_810' title='bbox 2268 5264 2351 5318; x_wconf 89' lang='lat' dir='ltr'><strong>sic</strong></span> <span class='ocrx_word' id='word_1_811' title='bbox 2385 5264 2479 5333; x_wconf 84' lang='lat' dir='ltr'><strong>qui</strong></span> <span class='ocrx_word' id='word_1_812' title='bbox 2532 5264 2585 5317; x_wconf 91' lang='lat' dir='ltr'><strong>in</strong></span> <span class='ocrx_word' id='word_1_813' title='bbox 2639 5264 2844 5317; x_wconf 87' lang='lat' dir='ltr'><strong>malitia</strong></span> <span class='ocrx_word' id='word_1_814' title='bbox 2882 5264 3093 5329; x_wconf 82' lang='lat' dir='ltr'><strong>vivunt,</strong></span> <span class='ocrx_word' id='word_1_815' title='bbox 3143 5264 3188 5317; x_wconf 91' lang='lat' dir='ltr'><strong>si</strong></span> <span class='ocrx_word' id='word_1_816' title='bbox 3239 5264 3562 5331; x_wconf 90' lang='lat' dir='ltr'><strong>puniuntur,</strong></span> 
     </span>
    </p>
   </div>
   <div class='ocr_carea' id='block_1_113' title="bbox 1979 5354 3567 5428">
    <p class='ocr_par' dir='ltr' id='par_1_113' title="bbox 1979 5354 3567 5428">
     <span class='ocr_line' id='line_1_113' title="bbox 1979 5354 3567 5428; baseline -0.002 -16"><span class='ocrx_word' id='word_1_817' title='bbox 1979 5374 2133 5428; x_wconf 86' lang='lat' dir='ltr'><strong>spem</strong></span> <span class='ocrx_word' id='word_1_818' title='bbox 2158 5357 2422 5426; x_wconf 81' lang='lat' dir='ltr'><strong>Optimam</strong></span> <span class='ocrx_word' id='word_1_819' title='bbox 2453 5356 2689 5422; x_wconf 85' lang='lat' dir='ltr'><strong>habent;</strong></span> <span class='ocrx_word' id='word_1_820' title='bbox 2721 5357 2766 5411; x_wconf 90' lang='lat' dir='ltr'><strong>si</strong></span> <span class='ocrx_word' id='word_1_821' title='bbox 2791 5372 2920 5411; x_wconf 78' lang='lat' dir='ltr'><strong>vero</strong></span> <span class='ocrx_word' id='word_1_822' title='bbox 2938 5371 3062 5411; x_wconf 92' lang='lat' dir='ltr'><strong>cum</strong></span> <span class='ocrx_word' id='word_1_823' title='bbox 3094 5354 3322 5421; x_wconf 88' lang='lat' dir='ltr'><strong>malitia,</strong></span> <span class='ocrx_word' id='word_1_824' title='bbox 3356 5354 3567 5410; x_wconf 86' lang='lat' dir='ltr'><strong>deliciis</strong></span> 
     </span>
    </p>
   </div>
   <div class='ocr_carea' id='block_1_114' title="bbox 1486 5504 2317 5567">
    <p class='ocr_par' dir='ltr' id='par_1_114' title="bbox 1486 5504 2317 5567">
     <span class='ocr_line' id='line_1_114' title="bbox 1486 5504 2317 5567; baseline -0.007 -2"><span class='ocrx_word' id='word_1_825' title='bbox 1486 5505 1688 5567; x_wconf 79' lang='lat' dir='ltr'><strong>Variae</strong></span> <span class='ocrx_word' id='word_1_826' title='bbox 1714 5504 2023 5566; x_wconf 81' lang='lat' dir='ltr'><strong>lectiones</strong></span> <span class='ocrx_word' id='word_1_827' title='bbox 2062 5520 2123 5565; x_wconf 79' lang='lat' dir='ltr'><strong>et</strong></span> <span class='ocrx_word' id='word_1_828' title='bbox 2150 5508 2317 5562; x_wconf 66' lang='lat' dir='ltr'><strong>notae</strong></span> 
     </span>
    </p>
   </div>
   <div class='ocr_carea' id='block_1_115' title="bbox 359 5649 1870 5731">
    <p class='ocr_par' dir='ltr' id='par_1_115' title="bbox 359 5656 1870 5731">
     <span class='ocr_line' id='line_1_115' title="bbox 359 5656 1870 5731; baseline -0.008 -13"><span class='ocrx_word' id='word_1_829' title='bbox 359 5665 403 5697; x_wconf 82' lang='grc'>³⁷</span> <span class='ocrx_word' id='word_1_830' title='bbox 440 5662 596 5719; x_wconf 67' lang='lat' dir='ltr'><strong>“om.</strong></span> <span class='ocrx_word' id='word_1_831' title='bbox 652 5679 702 5725; x_wconf 91' lang='lat' dir='ltr'><strong>I,</strong></span> <span class='ocrx_word' id='word_1_832' title='bbox 736 5662 827 5715; x_wconf 72' lang='lat'><strong>‘26.</strong></span> <span class='ocrx_word' id='word_1_833' title='bbox 887 5662 928 5693; x_wconf 80' lang='grc'><strong>³⁸</strong></span> <span class='ocrx_word' id='word_1_834' title='bbox 961 5659 1307 5731; x_wconf 77' lang='grc' dir='ltr'>ἀντιμισθίαν</span> <span class='ocrx_word' id='word_1_835' title='bbox 1335 5658 1455 5731; x_wconf 79' lang='lat' dir='ltr'><strong>cod.</strong></span> <span class='ocrx_word' id='word_1_836' title='bbox 1489 5656 1870 5731; x_wconf 32' lang='lat' dir='ltr'><strong>timuit/{6903</strong></span> 
     </span>
    </p>
   </div>
   <div class='ocr_carea' id='block_1_116' title="bbox 1976 5649 3563 5731">
    <p class='ocr_par' dir='ltr' id='par_1_116' title="bbox 1982 5649 3563 5722">
     <span class='ocr_line' id='line_1_116' title="bbox 1982 5649 3563 5722; baseline 0.001 -17"><span class='ocrx_word' id='word_1_837' title='bbox 1982 5694 1993 5705; x_wconf 89' lang='lat'><strong>.</strong></span> <span class='ocrx_word' id='word_1_838' title='bbox 2025 5684 2091 5694; x_wconf 85' lang='lat'><strong>-——</strong></span> <span class='ocrx_word' id='word_1_839' title='bbox 2114 5671 2202 5722; x_wconf 79' lang='grc' dir='ltr'>γρ.</span> <span class='ocrx_word' id='word_1_840' title='bbox 2242 5653 2509 5705; x_wconf 77' lang='grc' dir='ltr'>ἀντίδοσιν</span> <span class='ocrx_word' id='word_1_841' title='bbox 2543 5650 2663 5705; x_wconf 80' lang='lat' dir='ltr'><strong>cod.</strong></span> <span class='ocrx_word' id='word_1_842' title='bbox 2731 5650 2784 5703; x_wconf 85' lang='lat' dir='ltr'><strong>in</strong></span> <span class='ocrx_word' id='word_1_843' title='bbox 2823 5652 3065 5719; x_wconf 74' lang='lat' dir='ltr'><strong>margine</strong></span> <span class='ocrx_word' id='word_1_844' title='bbox 3126 5651 3408 5719; x_wconf 80' lang='lat' dir='ltr'><strong>hucusqoe</strong></span> <span class='ocrx_word' id='word_1_845' title='bbox 3439 5649 3563 5708; x_wconf 87' lang='lat' dir='ltr'><strong>eod.</strong></span> 
     </span>
    </p>
   </div>
   <div class='ocr_carea' id='block_1_117' title="bbox 284 5725 1870 5814">
    <p class='ocr_par' dir='ltr' id='par_1_117' title="bbox 284 5725 1870 5814">
     <span class='ocr_line' id='line_1_117' title="bbox 284 5725 1870 5814; baseline -0.01 -22"><span class='ocrx_word' id='word_1_846' title='bbox 284 5737 458 5792; x_wconf 82' lang='lat' dir='ltr'><strong>Coisl.</strong></span> <span class='ocrx_word' id='word_1_847' title='bbox 538 5734 580 5765; x_wconf 83' lang='grc'><strong>³⁹</strong></span> <span class='ocrx_word' id='word_1_848' title='bbox 612 5732 903 5802; x_wconf 74' lang='lat' dir='ltr'><strong>[lucusque</strong></span> <span class='ocrx_word' id='word_1_849' title='bbox 924 5725 1294 5814; x_wconf 70' lang='lat' dir='ltr'><strong>apographum</strong></span> <span class='ocrx_word' id='word_1_850' title='bbox 1329 5730 1530 5785; x_wconf 83' lang='lat' dir='ltr'><strong>codicis</strong></span> <span class='ocrx_word' id='word_1_851' title='bbox 1561 5726 1870 5783; x_wconf 76' lang='lat' dir='ltr'><strong>Coisliuiaui</strong></span> 
     </span>
    </p>
   </div>
   <div class='ocr_carea' id='block_1_118' title="bbox 1976 5725 2497 5814">
    <p class='ocr_par' dir='ltr' id='par_1_118' title="bbox 1976 5725 2497 5779">
     <span class='ocr_line' id='line_1_118' title="bbox 1976 5725 2497 5779; baseline -0.004 0"><span class='ocrx_word' id='word_1_852' title='bbox 1976 5725 2034 5779; x_wconf 55' lang='grc' dir='ltr'>ιδ.</span> <span class='ocrx_word' id='word_1_853' title='bbox 2117 5729 2159 5757; x_wconf 60' lang='grc' dir='ltr'><strong>³ο</strong></span> <span class='ocrx_word' id='word_1_854' title='bbox 2187 5725 2335 5778; x_wconf 79' lang='grc' dir='ltr'>ἀπίει</span> <span class='ocrx_word' id='word_1_855' title='bbox 2374 5726 2497 5777; x_wconf 79' lang='lat' dir='ltr'><strong>cod.</strong></span> 
     </span>
    </p>
   </div>
  </div>
