3982 6224
251 270 337 332 803

1385 267 1847 329 CHRONICON.
1884 291 1954 303 —
1990 267 2138 330 LIB.
2174 265 2283 329 ’IV'.

3369 265 3476 330 806

251 380 343 430 τῶν
363 379 694 447 μεγιστάνων
712 378 972 432 τοιούτων
995 377 1430 451 τερατομόρφων
1454 381 1787 452 προσώπων,

1901 388 1975 432 tes
2008 378 2353 447 molliter-que
2385 376 2670 444 loquentes
2695 374 2840 430 velut
2868 375 3180 434 indecentes
3205 387 3477 450 caputque

246 468 448 541 χρυσοῦς
492 471 790 541 μηνίσκους
823 473 918 526 ἐπὶ
946 473 1261 544 τραχήλων,
1293 473 1456 543 φύσιν
1490 474 1590 543 μὲν
1623 473 1790 544 ἄρρε-

247 579 339 626 νος,
365 560 577 630 θηλείας
606 562 662 616 δὲ
690 562 816 633 δψιν
845 564 1066 634 ἔχοντες
1090 566 1185 619 κα)⁸
1213 563 1605 636 κεκλασμένως
1637 565 1786 635 βαδί-

245 654 404 718 ζοντες
440 655 537 708 καὶ
583 654 984 727 τεθρυμμένως
1020 658 1387 728 φθεγγόμενοι
1422 657 1614 727 ῶσπερ
1641 660 1788 710 ἐται-

245 747 370 818 ρίδες
393 747 659 816 ἀπρεπεῖς
689 740 789 799 ὧδε
825 747 1051 801 κάκεῖσε
1081 749 1179 819 τὴν
1211 748 1454 819 κεφαλὴν
1490 749 1791 819 περισείου·

244 850 354 889 σαιο
409 835 500 888 καὶ
577 834 821 903 γελῶσιν
892 837 1150 909 ἀκρατῶς
1223 855 1284 891 τε
1352 841 1446 891 καὶ
1517 837 1787 901 ἀναιδῶς,

240 923 603 996 οἰστρηλασίαν
656 925 928 997 πρόδηλον
981 928 1444 999 ύπεμφαὶνοντες,
1499 929 1623 983 ὅθεν
1672 931 1789 998 μετ’

239 1014 422 1086 ἀνδρῶν
473 1014 575 1084 μὲν
619 1015 696 1078 ὡς
725 1019 985 1084 γυναῖκες
1040 1017 1300 1088 μαλακῶς
1347 1019 1707 1090 εὐναζόμενοι
1742 1019 1786 1051 ⁸⁸

240 1110 324 1162 καὶ
376 1107 804 1179 μαλακιζόμενοι
873 1110 1220 1181 φθείρονται·
1287 1115 1429 1183 μετά
1694 1131 1790 1181 γυ-

242 1199 422 1253 ναικῶν
474 1201 549 1262 ὡς
603 1200 850 1269 φύλακες
898 1202 1016 1274 ἅμα
1079 1206 1176 1258 καὶ
1223 1206 1578 1279 σωφροσύνης
1628 1207 1792 1277 δῆθεν

249 1293 526 1364 ἰνδάλματα
603 1293 958 1358 καθεύδοντες
1030 1297 1404 1369 ἀναισχύντως
1479 1299 1525 1332 ⁴⁹
1577 1301 1791 1370 ἀπηρν-

244 1384 560 1454 θριασμένως
593 1385 1122 1457 αίσχροπραγοῦσιν.
1167 1390 1276 1443 Καὶ
1316 1385 1464 1444 οὗτοι
1503 1392 1603 1461 μὲν
1619 1393 1792 1454 οὕτως

237 1473 333 1526 ὑπ’
354 1474 555 1546 ἀνδρῶν
579 1477 810 1530 ἀνοσίων
836 1479 933 1532 καὶ⁸
966 1478 1214 1552 βεϐήλων
1242 1482 1593 1554 φθειρόμενοι
1616 1483 1792 1555 μαλα-

232 1565 457 1631 κίζονται
504 1567 598 1620 καὶ
649 1568 1105 1638 καταμιαίνονται
1153 1572 1242 1626 διὰ
1287 1573 1390 1643 τῆς
1441 1575 1593 1645 παρὰ
1628 1576 1792 1643 φύσιν

229 1658 597 1727 ἀνοσιουργίας
638 1658 732 1711 καὶ
765 1659 1050 1731 βδελυρίας
1086 1678 1103 1695 ο
1138 1663 1294 1716 αὐτοὶ
1347 1665 1404 1717 δὲ
1456 1668 1793 1737 γυναικάρια

1893 469 1998 523 huc
2033 471 2162 524 illuc
2209 469 2479 539 agitantes
2529 469 2915 523 meretriculae.
2968 468 3328 526 [inmoderate
3368 471 3474 526 im-

1892 561 2272 632 pudenterque
2309 561 2513 624 rident,
2558 560 2904 614 manifestam
2949 563 3361 618 subindieantes
3409 566 3476 619 li-

1892 653 2128 707 bidinem
2155 670 2170 719 ;
2201 653 2400 708 exinde
2433 669 2557 707 cum
2598 653 2732 707 viris
2765 654 2911 707 velut
2953 657 3208 710 mulieres
3239 657 3476 710 molliter

1891 744 2154 800 cubantes
2204 753 2260 799 et
2310 745 2502 798 molliti
2560 745 2912 814 polluuntur;
2969 761 3094 801 cum
3153 749 3476 814 mulieribus

1893 847 2150 906 tanquam
2182 837 2442 891 custodes
2471 847 2523 890 et.
2557 837 2838 905 sapientia:
2869 852 3003 892 sane
3040 838 3328 908 imagines,
3383 843 3476 895 im-

1894 938 2161 998 puuenter
2186 930 2544 993 dormientes,
2587 930 2952 984 inverecunde
2985 933 3162 1000 turpia
3196 943 3382 1002 agunt.
3415 933 3478 988 Et

1893 1020 1973 1075 sic
2031 1021 2118 1076 isti
2153 1038 2180 1075 a
2219 1023 2352 1077 viris
2395 1023 2644 1078 scelestis
2698 1033 2753 1078 et
2795 1025 3008 1093 spurcis
3053 1029 3293 1095 corrupti
3337 1031 3476 1083 mol-

1892 1113 2103 1169 liuntur
2133 1124 2186 1169 et
2230 1132 2323 1186 per
2354 1115 2636 1170 infamiam
2668 1117 3106 1187 spurcitiamque
3139 1129 3328 1175 contra
3381 1139 3479 1176 ua-

1892 1212 2070 1258 turam
2105 1206 2458 1274 polluuntur;
2497 1207 2595 1276 ipsi
2645 1223 2774 1261 vero
2809 1209 3043 1264 miseras
3073 1221 3128 1265 et
3167 1229 3186 1261 ι
3216 1212 3478 1281 peccatis.

1890 1293 2046 1364 juxta
2074 1295 2304 1362 dictum,
2336 1307 2587 1364 onustas,
2624 1317 2642 1350 ι
2679 1298 2950 1354 seducunt
2995 1301 3371 1362 mulierculas.
3427 1315 3478 1358 et

1893 1386 2037 1442 sicut
2087 1385 2370 1443 furibundi
2433 1404 2598 1444 canes
2657 1389 2885 1448 foedant.
2916 1389 2981 1445 Et
3009 1394 3154 1462 quod
3181 1395 3376 1450 durius
3427 1407 3480 1448 et

1893 1476 2260 1534 miserabilius
2290 1488 2395 1546 est,
2423 1480 2548 1535 inde
2609 1484 2685 1535 rei
2746 1496 2800 1538 et
2858 1487 2998 1540 socii
3070 1499 3134 1540 ac
3191 1487 3480 1556 participes

1895 1569 2032 1622 ﬁunt
2064 1570 2434 1628 damnationis
2465 1583 2702 1637 retentae.
2731 1587 2780 1629 et
2808 1587 3158 1648 corruptores
3191 1588 3244 1632 rt
3284 1595 3446 1634 corru

1894 1662 1993 1729 pti.
2050 1665 2170 1724 Ast,
2217 1678 2250 1717 ο
2305 1663 2616 1718 dementia!
2653 1680 2684 1719 ο
2723 1681 2882 1721 error
2939 1679 2992 1723 et
3043 1669 3328 1724 vecordia!
3380 1671 3480 1724 lies

231 1747 530 1818 ταλαίπωρα
587 1750 679 1801 καὶ
712 1750 758 1784 ⁵⁸³
820 1768 838 1802 ι
877 1754 1288 1823 σεσωρευμένα,
1331 1755 1471 1810 κατά
1520 1758 1582 1810 τὸ
1640 1762 1794 1831 είρη-

1901 1755 2198 1821 ριίιιερηὶιιι
2257 1765 2316 1810 ιιι
2371 1758 2644 1826 sapientes
2725 1775 2850 1814 cum
2911 1762 3144 1817 habeant
3206 1764 3480 1828 homines.

232 1838 400 1907 μένον,
442 1839 572 1908 (ἐφ’)
606 1839 908 1911 ἁμαρτίαις
937 1859 954 1892 ι
1010 1843 1449 1915 καταμολύνουσι
1494 1845 1588 1898 καὶ
1617 1863 1793 1900 κατα-

229 1931 544 1985 ϐλάπτουσιν
575 1926 663 1985 οἷα
694 1932 988 1997 λυσσὼδεις
1018 1936 1198 1999 κύνες.
1228 1937 1338 1989 Καὶ
1369 1938 1428 1990 τὸ
1448 1937 1510 2008 δὴ
1544 1937 1791 2006 χαλεπώ-

227 2038 374 2092 τερον
402 2024 492 2074 καὶ
523 2021 909 2094 ἐλεεινότερον,
943 2024 1107 2078 αῐτιοι
1136 2025 1389 2080 ἐντεῦθεν
1423 2027 1666 2096 γίνονται
1697 2028 1792 2082 καὶ

228 2113 462 2185 πρόξενοί
494 2131 552 2166 τε
592 2117 684 2169 καὶ
711 2117 928 2187 μέτοχοι
965 2118 1066 2187 τῆς
1129 2118 1437 2189 ἀπεράντου
1490 2121 1788 2188 κολάσεως,

225 2206 358 2260 οἵτε
391 2205 699 2278 φθείροντες
747 2210 841 2262 καὶ
887 2211 936 2262 oi
970 2209 1342 2280 φθειρόμενοι.
1385 2212 1552 2277 Ἀλλ’,
1591 2209 1636 2270 ὧ
1693 2216 1792 2285 τῆς

224 2300 548 2371 ἀφροσύνης,
582 2294 627 2354 ὧ
673 2302 773 2372 τῆς
811 2304 1028 2373 ἀπάτης
1066 2304 1160 2356 καὶ
1211 2307 1626 2377 παραπληξίαςί
1663 2311 1788 2362 τού-

222 2410 343 2456 τους
417 2393 527 2464 γὰρ
617 2391 898 2462 ἄνθρωποι
992 2397 1229 2466 μάλιστα
1322 2399 1677 2470 προῦχοντες,
1746 2405 1789 2434 δι

221 2483 295 2547 ὡς
382 2482 665 2553 σώφρονας
757 2485 1192 2557 παραδεχόμενοι
1270 2492 1618 2544 πιστεύουσιν
1700 2494 1795 2547 καὶ

219 2575 636 2641 εἰσοικίζουσιν,
702 2577 760 2630 οἵ
810 2593 873 2645 γε
949 2580 1370 2648 εἰσοικιζόμενοι
1428 2583 1520 2634 καὶ
1578 2585 1797 2655 παρρη-

222 2665 340 2730 σίας
371 2667 727 2736 τυγχάνοντες
749 2669 876 2732 τοίις
905 2667 1076 2732 ὅντως
1107 2669 1334 2734 δικαίως
1365 2672 1572 2742 ἀρετῆς
1598 2676 1798 2745 ἐπιμε-

223 2757 313 2811 λου
321 2759 511 2828 μένους
539 2757 821 2831 σώφρονας
843 2759 1044 2831 ἄνδρας
1069 2763 1208 2814 κατά
1228 2764 1426 2834 μικρὸν
1441 2764 1794 2830 δελεάσαντες

218 2851 298 2916 είς
316 2853 378 2905 τὺ
397 2851 504 2907 τῶν
532 2853 780 2927 Σοδόμων
803 2853 1074 2926 βάραθρον
1097 2856 1496 2925 κατηκόντισαν
1525 2857 1795 2921 ὲλεσινῶςο

219 2943 298 2997 διδ
319 2942 384 3015 δὴ
414 2943 600 3000 λοιπὸν
627 2946 718 2999 καὶ
738 2945 1092 3018 ἀραρώτερον
1141 2948 1208 3013 ³’,
1246 2949 1388 3001 πάνυ
1421 2967 1481 3017 γε
1509 2951 1602 3002 καὶ
1633 2951 1796 3020 νόμος

217 3038 576 3106 εὐαγγελικὸς
608 3041 701 3092 καὶ
727 3041 949 3110 ἄριστος
996 3041 1112 3111 βίος
1145 3041 1240 3096 καὶ
1280 3039 1512 3112 εὐσεϐὴς
1550 3042 1799 3096 πολιτεία

1894 1843 2038 1909 apud
2090 1858 2151 1897 se
2203 1845 2548 1914 recipientes,
2603 1849 2855 1904 ﬁduciam
2902 1853 3149 1906 tribuunt
3182 1853 3263 1907 eis
3317 1864 3370 1908 et
3425 1854 3479 1908 in

1893 1932 2146 1988 domibus
2178 1935 2292 1990 suis
2317 1937 2586 1992 collocant
2615 1955 2732 2006 eos,
2760 1941 2854 2011 qui
2885 1958 3007 1996 cum
3058 1943 3112 1997 in
3162 1944 3359 2000 domos
3398 1946 3482 1998 in—

1895 2025 2132 2080 troducti
2166 2036 2296 2081 sunt
2337 2039 2392 2082 et
2442 2029 2750 2085 libertatem
2797 2033 3179 2100 obtinuerunt,
3241 2052 3334 2092 eos
3387 2037 3481 2107 qui

1893 2114 2072 2182 reipsa
2113 2114 2260 2184 juste
2294 2117 2548 2173 virtutem
2590 2123 2843 2176 colebant
2888 2125 3138 2180 homines
3189 2127 3484 2196 prudentes

1893 2207 2158 2275 paulatim
2209 2208 2584 2266 lenocinantes
2621 2211 2675 2266 in
2731 2213 3101 2270 Sodomorum
3159 2216 3481 2272 barathrum

1894 2299 2238 2371 demergunt.
2277 2301 2402 2357 Ideo
2429 2314 2690 2358 caeterum
2723 2317 2776 2360 et
2820 2306 3128 2375 justissime
3181 2309 3266 2363 lex
3317 2325 3483 2364 evan-

1895 2393 2088 2462 gelica,
2117 2395 2492 2464 optimumque
2529 2397 2744 2452 vivendi
2784 2415 2957 2468 genus
2981 2410 3034 2455 et
3059 2401 3148 2471 pia
3193 2418 3485 2458 conversa-

1896 2487 1974 2539 tio
2013 2485 2150 2539 tales
2187 2498 2241 2540 ut
2277 2488 2367 2542 Dei
2401 2489 2654 2544 inimicos
2679 2501 2732 2544 et
2764 2493 3013 2560 impuros
3035 2493 3361 2550 detestatur.
3391 2495 3480 2552 Isti

1897 2577 2041 2630 enim
2103 2575 2413 2647 bujusmodi
2469 2582 2892 2636 abominandam
2952 2583 3118 2636 vitam
3187 2586 3484 2652 praefereu-

1901 2680 1980 2726 tes
2061 2680 2115 2726 et
2169 2688 2268 2743 pro
2330 2675 2536 2730 viribus
2596 2677 2952 2740 adamantes,
3008 2678 3170 2732 urbes
3228 2680 3484 2734 aboleve-

1901 2772 2067 2828 runt,
2132 2765 2421 2820 seminales
2485 2776 2694 2822 natura:
2763 2779 2845 2824 rat
2869 2785 3002 2825 oues
3074 2785 3486 2841 corrumpentes

1900 2865 1949 2908 et
2028 2854 2129 2924 ipsi
2200 2859 2482 2925 corrupti;
2548 2858 2776 2912 Ruinam
2849 2871 3032 2916 autem
3108 2861 3240 2916 viris
3310 2866 3486 2917 abue-

1900 2946 2151 3010 dantem,
2206 2946 2489 3016 ipsiusque
2535 2949 2914 3018 juventutem,
2974 2961 3029 3006 et
3092 2953 3258 3007 robur
3332 2957 3486 3014 virile

1903 3041 2101 3094 misere
2184 3053 2692 3110 consumpserunt;
2774 3057 2986 3111 unoque
3049 3044 3214 3097 verbo
3290 3045 3484 3101 fortem

218 3128 563 3198 βδελύττεται
591 3131 814 3195 τούτους
848 3131 923 3194 ὼς
952 3132 1230 3204 θεομισεῖς
1262 3134 1355 3188 καὶ
1417 3134 1792 3205 ἀκαθάρτουζ.

1904 3146 2338 3201 prosperumque
2367 3131 2677 3202 juventutis
2729 3131 2918 3186 ﬁerem
2966 3136 3272 3206 polluentes
3314 3139 3490 3192 mani-

218 3216 380 3276 Οὗτοι
409 3223 517 3295 γάρ
550 3224 804 3294 τοιαύτην
832 3225 1122 3294 ἐξάγιστον
1158 3226 1304 3297 ζωὴν
1352 3228 1796 3299 προτιμήσαντες

216 3316 312 3367 καὶ
341 3305 689 3385 ποθήσαντες
729 3318 854 3370 ὅσον
881 3312 1017 3390 ἦκεν
1070 3319 1157 3372 ἐπ’
1189 3319 1405 3385 αὐτοὺς,
1462 3319 1643 3382 πόλεις
1697 3321 1798 3392 μὲν

215 3407 506 3476 ἠφάνισαν,
567 3409 690 3471 τοὺς
737 3410 1155 3480 σπερματικοὺς
1207 3409 1308 3481 τῆς
1347 3412 1563 3480 φύσεως
1609 3411 1798 3481 λόγους

215 3498 687 3569 παραφθείροντες
717 3502 812 3554 καὶ
841 3500 1188 3572 φθειρόμενοι
1220 3519 1234 3534 ·
1267 3504 1632 3576 εὐανδροῦσαν
1659 3506 1706 3537 ⁵⁸
1743 3505 1800 3558 δὲ

228 3590 456 3661 Ῥώμην
486 3593 692 3663 ἀνδρῶν
716 3593 782 3657 ⁸⁸,
812 3595 904 3646 καὶ
933 3593 1150 3665 ἡλικίαν
1181 3597 1273 3648 καὶ
1293 3596 1389 3668 τὴν
1409 3598 1800 3670 ἀρῤενοπρεπῆ

212 3682 486 3749 γενναίως
535 3684 691 3755 ἰσχὺν
725 3684 913 3749 δεινῶς
949 3684 1297 3756 ὲξανήλωσαν
1342 3688 1438 3742 καὶ
1483 3689 1801 3762 ἁπλῶςκτὴν

212 3775 476 3828 σύντονον
497 3776 593 3828 καὶ
629 3776 949 3846 σφριγῶσαν
995 3778 1183 3850 ἀκμὴν
1212 3778 1313 3850 τῆς
1343 3781 1594 3852 νεότητος
1618 3781 1765 3854 λυμη
1784 3811 1798 3822 ο

210 3866 447 3937 νάμενοι
489 3867 745 3937 φανερῶς
775 3869 994 3931 ἀθλίους
1023 3871 1118 3924 καὶ
1141 3870 1581 3939 καταγελάστους
1616 3874 1801 3946 ἐποίη-

211 3975 314 4013 σαν
372 3960 504 4022 τοὺς
528 3960 778 4025 ἁλόντας,
814 3960 906 4024 οὓς
950 3961 1212 4030 φευκτέον
1271 3965 1654 4036 προτροπάδην
1707 3968 1801 4020 καὶ

211 4049 542 4117 βδελυκτέω
566 4052 793 4113 ἐνδίκως
829 4050 957 4115 τοὺς
1004 4051 1364 4122 ψυχοκτόνους
1415 4056 1510 4109 καὶ
1553 4074 1801 4125 σωματο-

208 4142 453 4212 φθόρους
493 4145 588 4196 καὶ
612 4145 822 4210 ἐναγεῖς
855 4145 1014 4208 ὄντας
1045 4148 1136 4197 καὶ
1168 4145 1264 4214 τῆς
1289 4146 1503 4213 φύσεως
1547 4149 1801 4218 παρακά-

205 4236 453 4304 ράκτας·
482 4235 634 4288 οὐδὲν
673 4239 781 4306 γὰρ
809 4234 1024 4306 άληθῶς
1068 4236 1457 4307 μυσαρώτερον
1494 4236 1525 4305 ἢ
1558 4237 1803 4306 ἀκαθαρ-

201 4327 348 4380 τὼτε
358 4344 456 4397 ρον
483 4327 590 4379 τῶν
608 4326 750 4380 οὕτω
775 4329 1189 4397 πορνευομένων
1211 4343 1267 4377 τε
1292 4329 1386 4378 καὶ
1406 4328 1800 4395 πορνευόντωνο

1906 3219 2042 3275 feste
2095 3221 2329 3276 miseros
2388 3231 2443 3275 et
2503 3221 2944 3290 contemptibiles
3018 3221 3317 3278 eﬁecerunt
3348 3240 3489 3294 quos

1903 3323 2188 3383 ceperunt,
2237 3313 2434 3384 quibus
2493 3314 2812 3369 vertendum
2884 3315 2936 3367 in
3019 3313 3201 3385 fugam
3264 3319 3492 3374 merito-

1904 3422 2012 3476 que
2053 3409 2433 3462 detestandmu
2467 3417 2586 3462 erat
2616 3407 2927 3462 animarum
2967 3423 3244 3465 occisores
3275 3429 3340 3464 ae
3387 3411 3491 3466 fte-

1903 3499 2122 3555 datores
2147 3515 2463 3570 corporum,
2492 3499 2637 3554 velut
2668 3499 2988 3556 maledictos
3018 3510 3071 3555 et
3099 3511 3310 3557 natura:
3341 3502 3491 3556 adul-

1905 3592 2348 3648 teratores.Nihil
2384 3592 2528 3648 enim
2558 3591 2819 3647 infamius
2856 3593 3236 3663 impuriusque
3257 3611 3382 3650 vere
3407 3606 3492 3650 est

1905 3701 2068 3757 quam
2101 3688 2179 3740 sic
2209 3686 2487 3755 prostituti
2522 3699 2586 3738 ac
2620 3686 3053 3753 prostituentes;
3096 3687 3274 3740 solent
3319 3687 3489 3752 enim,

1907 3791 1966 3833 ut
1994 3793 2121 3832 vere
2154 3776 2794 3847 exacteque'didicimus,
2831 3791 2939 3830 non
2991 3776 3169 3830 solum
3216 3776 3491 3845 spadones

1906 3883 1960 3927 et
1991 3869 2342 3939 turpitudinis
2373 3868 2668 3938 particulas
2694 3879 2974 3937 utcunque
3008 3866 3287 3923 habentes.
3315 3866 3447 3922 lasci
3471 3896 3488 3908 ρ

1905 3965 2020 4020 vire
2050 3964 2168 4018 sine
2200 3962 2363 4016 modo
2395 3976 2459 4016 ac
2489 3961 2762 4016 libidinari
2797 3961 3003 4030 absque
3057 3974 3340 4024 mensura,
3393 3962 3490 4014 sed

1907 4067 1960 4110 et
1994 4057 2086 4126 qui
2128 4057 2352 4109 omnino
2383 4055 2606 4110 castrati
2633 4064 2686 4107 et
2711 4055 2879 4108 excisi
2927 4061 3076 4106 sunt.
3122 4051 3492 4118 Quemadmo-

1907 4148 2036 4200 dum
2070 4147 2234 4217 igitur
2261 4157 2313 4200 (ιι
2344 4148 2434 4216 qui
2469 4166 2496 4199 a
2530 4147 2812 4200 nativitate
2862 4146 2982 4198 iStis
3011 4145 3296 4206 orbantur,
3351 4146 3487 4198 eheu

1907 4237 2157 4292 delirium
2223 4247 2276 4291 et
2332 4238 2520 4290 ultima
2579 4235 2888 4288 dementia!
2960 4251 3120 4288 manu
3201 4235 3495 4305 digitisque

1911 4329 2149 4399 polluere
2186 4327 2415 4380 miseras
2443 4326 2793 4380 mulierculas
2825 4327 3133 4380 secundum
3173 4328 3496 4397 improbitas

201 4421 442 4473 εἰώθασι
479 4419 608 4489 γὰρ,
643 4419 719 4483 ὼς
751 4419 965 4490 άληθῶς
988 4421 1076 4472 καὶ
1105 4419 1344 4490 ἀκριϐῶς
1375 4419 1795 4489 μεμαθήκαμεν,

1915 4430 2021 4474 tem
2055 4433 2248 4479 suam,
2285 4417 2364 4470 sic
2417 4416 2469 4469 lii
2526 4417 2744 4470 scelesti
2780 4415 2987 4472 furiose
3041 4417 3218 4472 facere
3261 4435 3495 4473 consuc-

197 4514 265 4566 ηύ
297 4513 476 4584 μόνον
506 4515 552 4565 οί
593 4513 855 4576 σπάδονες
886 4512 982 4564 κοιλ⁸
1034 4513 1101 4564 τὰ
1138 4516 1305 4582 μόρια
1361 4511 1457 4581 τῆς
1507 4514 1806 4582 αἰσχρουρο

194 4605 335 4672 Tia;
377 4605 565 4666 ποσῶς
599 4604 813 4674 ἔχοντες
839 4605 1188 4675 ἀσελγαίνειν
1229 4604 1484 4673 ἀμέτρως
1533 4605 1628 4656 καὶ
1671 4606 1804 4657 ἀκο-

195 4694 535 4748 λασταίνειν
567 4694 900 4764 ἀκορέστως,
940 4693 1075 4746 ἀλλὰ
1105 4694 1198 4745 καὶ
1227 4693 1276 4746 οἱ
1308 4691 1508 4744 τέλειιν
1531 4691 1803 4744 ἀπόκοποι

192 4789 300 4841 καὶ
360 4788 793 4859 ἐκτετμημένον
848 4787 1101 4857 καθάπερ
1131 4781 1225 4839 οὗν
1273 4785 1368 4838 καὶ
1392 4787 1439 4839 οἱ
1485 4786 1548 4838 ἐκ
1579 4784 1803 4853 γενετῆς

190 4881 580 4952 ἐστερημένοι
609 4881 804 4948 ταῦτα,
856 4879 956 4951 φεῦ
1005 4884 1105 4949 τῆς
1162 4879 1399 4949 ἐσχάτης
1448 4878 1680 4940 ἀτοπίας
1713 4878 1806 4932 καὶ

190 4972 694 5043 φρενοσλαβείαςί
726 4972 814 5025 διὰ
867 4971 1048 5042 χειρὸς
1095 4970 1192 5025 καὶ
1245 4971 1528 5024 δακτύλων
1565 4969 1806 5038 φθείρειν

188 5063 383 5137 548
410 5065 518 5128 τὰς
557 5065 749 5129 ἀθλίας
780 5066 1046 5133 γυναῖκας
1093 5065 1237 5117 κατά
1273 5064 1374 5134 τὴν
1420 5063 1806 5133 άνοσιουργίαν

185 5159 420 5224 αὐτῶν,
452 5157 628 5220 οὕτως
658 5157 921 5228 ἐμμανῶς
947 5159 996 5210 οἱ
1020 5157 1223 5210 ἀνόσιοι
1255 5153 1697 5226 κατεργάζεσθαι
1736 5154 1801 5204 ⁸⁵.

183 5247 400 5319 (1421⁵)
460 5249 575 5302 Καὶ
638 5249 797 5302 τοῦτο
826 5248 1003 5318 δηλῶν
1031 5249 1058 5301 ό
1097 5248 1257 5316 σοφὸς
1286 5247 1558 5319 ἀριδήλως
1605 5247 1708 5318 ἔφη
1734 5248 1798 5299 5“.

1915 4517 2132 4564 verunt.
2173 4508 2236 4562 Et
2275 4508 2380 4561 hoc
2408 4508 2728 4577 signiﬁcans
2759 4509 2976 4578 sapiens
3030 4509 3335 4574 manifeste,
3365 4515 3441 4564 ait
3477 4531 3492 4567 :

1921 4622 1937 4652 ι
1982 4602 2178 4655 Beatus
2207 4608 2496 4655 eunuchus
2527 4600 2617 4665 qui
2657 4617 2763 4654 non
2798 4617 2962 4654 manu
2999 4601 3124 4655 fecit
3176 4603 3382 4664 illicita,
3441 4613 3494 4656 et

1916 4695 2065 4748 beata
2098 4692 2248 4761 virgo
2277 4709 2396 4763 qua:
2422 4692 2651 4745 nescivit
2683 4701 2864 4745 torum
2898 4695 2952 4746 in
2987 4693 3206 4748 delicto.
3243 4715 3262 4747 ο
3303 4693 3496 4748 Merito

1917 4787 2080 4854 ig‘tur
2112 4784 2429 4848 effeminati,
2473 4782 2687 4850 evirati,
2731 4787 3060 4856 andmgyni,
3115 4786 3258 4839 ferro
3291 4788 3495 4850 devnti,

1920 4878 2197 4934 mulieresi
2229 4878 2591 4948 appellantur.
2625 4877 2866 4931 Audiant
2896 4893 3032 4946 ergo
3064 4879 3209 4946 puri,
3261 4889 3315 4932 et
3368 4895 3498 4948 prn-

1915 4976 2103 5026 dentes
2145 4973 2267 5026 illos
2314 4980 2668 5041 suspectent,
2723 4987 2822 5025 nec
2875 4972 3104 5025 credant
3173 4971 3495 5033 mendacio,

1915 5069 2006 5121 sed
2065 5077 2231 5119 castae
2286 5065 2507 5134 puritati
2553 5079 2618 5116 ae-
2679 5065 2979 5132 prudentia:
3010 5082 3022 5116 :
3052 5067 3182 5132 quid
3237 5070 3382 5116 enim
3430 5065 3499 5116 ab

1917 5158 2130 5227 impuro
2166 5157 2563 5226 purilteabitur,
2587 5164 2635 5209 et
2665 5171 2694 5208 a
2725 5156 3010 5209 mendacio
3041 5156 3170 5224 quid
3198 5170 3382 5207 verum
3413 5156 3500 5207 ile-

1917 5252 2308 5302 monstrabitur
2341 5249 2365 5302 ?

185 5365 206 5397 ι
249 5346 578 5416 Μακάριος
608 5365 625 5397 ι
671 5345 984 5416 εὐνοῦχοςὸ
1031 5343 1105 5415 μὴ
1141 5344 1519 5414 ἐργασάμενος
1570 5346 1628 5396 ἐν
1662 5344 1807 5413 χειρὶ
1841 5345 2124 5414 ἀνόμημα,
2167 5365 2184 5396 ι
2244 5346 2336 5396 καὶ
2375 5345 2640 5416 παρθένος
2709 5344 2828 5413 ἥτις
2861 5342 2960 5395 οὐκ
3029 5339 3170 5406 ἔγνω
3215 5341 3402 5410 κοίτην
3437 5341 3494 5392 ὲν

1391 5480 1587 5540 νεύει»
1634 5477 1941 5539 lectiones
1985 5487 2049 5540 et
2092 5485 2280 5540 notae.

255 5637 310 5667 δ’
349 5635 751 5703 κοιταζὸμενοι
791 5637 888 5705 καὶ
923 5651 982 5705 μ.
1019 5633 1235 5689 Glussa.

157 5707 221 5742 ”
254 5702 618 5778 εὐανδροῦσι
657 5706 780 5760 cod.
815 5702 1071 5776 ἐξανδρ.ἳ
1141 5705 1188 5736 ⁸⁸
1219 5702 1411 5772 ἀνδρός
1443 5703 1562 5752 eod.

1311 5633 1354 5662 δ’
1385 5630 1477 5682 καί
1499 5631 1522 5680 ’ί
1597 5629 1641 5658 ⁸⁸
1675 5628 1714 5680 Ii
1745 5625 1889 5679 Tim.
1925 5643 2002 5687 ιιι,
2032 5627 2084 5680 6.
2153 5626 2194 5656 ⁵⁸
2226 5622 2564 5696 προῦχοντας
2590 5625 2714 5679 cod.

1641 5697 1686 5728 ⁵⁸
1732 5698 1986 5750 εἰώθασιν
2026 5698 2105 5750 vel
2139 5698 2593 5766 κατεργάζονται.

2801 5625 2847 5656 ⁸³
2883 5623 3236 5694 ἁρμοζόντως
3269 5623 3487 5680 Glossa.

2672 5697 2714 5726 "
2743 5695 2868 5764 Sap.
2911 5693 2992 5758 tu,
3031 5693 3211 5754 int-l5.
