4032 6226
471 243 585 305 913
1678 219 2007 283 GEORGII
2045 215 2500 279 HAMARTOLI
3638 195 3748 261 8H

480 347 826 421 IEtliiopibus
854 340 1090 398 retineor
1122 342 1174 392 et
1205 334 1279 389 illi
1311 338 1566 388 cunctam
1601 328 1835 384 afferunt
1889 327 2060 384 lorni-
2089 378 2091 386 ,

2192 325 2249 379 »οὶ
2276 321 2608 393 ζυγοστάται
2652 320 2869 389 καὶτῆς
2902 316 3235 389 ἀεροπορίας
3256 314 3566 376 όδοστάται,
3594 312 3749 383 μόλις

480 406 748 501 cntionem
785 449 983 496 meam,
1004 440 1056 487 et
1082 441 1299 484 omnetn
1341 422 1615 479 carnalem
1640 421 2062 489 culpam,qeam

2192 415 2515 488 ιπελυόμεθα
2536 430 2550 445 ’
2583 411 3074 483 ικδαπανηθέντων
3097 410 3157 464 δὲ
3172 410 3217 442 ⁸⁸
3243 409 3464 463 πάντων
3485 406 3597 460 τῶν
3615 407 3755 472 ἀγα-

488 719 587 770 bus
617 724 670 767 et
700 705 1009 765 dicentibus
1029 716 1115 755 me
1129 695 1448 768 poenitentia
1472 700 1789 747 cunctorum
1810 697 2065 758 peccato-

490 822 609 861 rum
642 805 695 857 in
722 800 854 855 urbe
880 791 1306 851 commissorum
1340 784 1555 840 veniam
1573 778 1896 842 obtinuisse,
1935 775 2069 832 «Ve-

490 914 635 962 rum,
654 894 908 964 inquiunt
922 884 1120 941 funesti
1138 880 1534 939 criminatores,
1553 884 1670 944 post
1694 868 2069 964 paenitentiam

494 959 686 1047 rursus
719 959 773 1040 in
818 978 1148 1036 adulterium
1175 982 1328 1028 extra
1365 968 1554 1023 urbem
1577 965 1762 1034 lapsus
1787 972 1893 1027 est,
1916 971 1970 1016 et
1996 959 2068 1015 ita

494 1081 717 1141 interiit.
749 1097 768 1130 ι
793 1073 947 1142 Quod
969 1084 1093 1127 cum
1114 1064 1418 1121 audiissent
1443 1056 1641 1129 angeli,
1677 1056 2069 1117 discesserunt,

500 1168 929 1231 inexcusabiletn
980 1176 1068 1217 me
1114 1157 1506 1225 relinquentes,
1543 1146 1697 1219 quasi
1722 1146 1833 1217 jam
1864 1145 2072 1198 nullum

494 1280 635 1337 opus
668 1264 870 1317 bonum
932 1254 1243 1311 habentem.
1304 1243 1369 1299 Et
1424 1241 1694 1311 rapientes
1742 1252 1830 1292 me
1864 1232 2078 1337 Aethio-

499 1329 592 1430 pes
621 1355 719 1418 illi,
786 1366 910 1407 cum
966 1343 1287 1399 verberibus
1336 1351 1423 1391 me
1482 1335 1535 1389 in
1592 1342 1790 1387 terram
1846 1329 2079 1385 reduxe-

500 1422 650 1505 runt.
698 1446 767 1500 Et
804 1439 1060 1498 descendi
1123 1450 1219 1506 per
1270 1432 1384 1485 vias
1435 1436 1616 1482 arctas
1647 1439 1710 1479 ac
1743 1422 2078 1483 tenebrosas,

498 1540 870 1599 lmtidissimas
930 1542 1095 1602 atque
1148 1521 1605 1583 horrendissimas
1649 1531 1823 1586 usque
1861 1515 1929 1569 ad
1969 1527 2085 1582 spe-

500 1640 692 1693 luncas
770 1629 1152 1684 subterraneas
1181 1628 1234 1674 et
1272 1629 1523 1672 carceres
1565 1610 1781 1673 inferni,
1837 1607 1927 1663 ubi
1960 1621 2086 1676 pec-

2048 544 2061 558 .
2166 507 2274 561 θῶν
2326 523 2429 577 μου
2480 506 2660 574 ἔργων
2686 504 2782 557 καὶ
2828 502 2968 572 πρὸς
3023 501 3125 572 τὴν
3175 500 3354 570 πύλην
3384 497 3481 551 τοῦ
3512 497 3754 567 οὐρανοῦ

2025 597 2066 650 i-
2167 597 2475 667 φθάσαντες
2539 597 2596 647 ὲν
2635 588 2669 665 ᾖ
2700 594 2762 645 τὸ
2797 591 3052 645 τελώνιον
3084 591 3184 661 τῆς
3238 588 3497 663 πορείας
3532 583 3624 659 ἦν,
3659 606 3757 641 συ-

2174 689 2384 759 σχεθεῖς
2406 687 2512 740 ὑπὸ
2526 695 2634 739 τών
2655 684 2902 754 ζοφερῶν
2929 683 3155 737 ἐκείνων
3171 680 3468 746 Αἰθιόπων,
3484 680 3761 749 προσέφε-

2174 798 2264 852 ρον
2294 780 2475 834 πᾶσάν
2500 795 2601 848 μου
2624 774 2881 847 πορνείαν
2903 773 3031 843 (M8
3048 773 3100 841 5)
3124 773 3217 827 καὶ
3236 771 3562 842 σωματικὴν
3583 772 3763 841 ἁμαρο

2172 874 2313 939 τίαν,
2343 872 2408 942 ἢν
2445 870 2551 925 ἀπὸ
2594 866 2882 930 δεκαετοῦς
2942 866 3137 937 χρόνου
3178 864 3279 935 τῆς
3326 864 3548 935 ἡλικίας
3584 881 3687 934 μου
3714 865 3763 893 ⁹⁹

2173 963 2559 1036 διεπραξάμην
2585 963 2613 1016 ό
2639 959 2845 1023 ἀθλιος.
2886 955 3369 1025 ’Δπολογουμένων
3403 956 3463 1009 δὲ
3492 955 3599 1009 τῶν
3634 971 3767 1007 νεα-

2174 1056 2378 1109 νίσκων
2406 1054 2632 1107 ἐκείνων
2669 1052 2811 1121 ὑπὲρ
2836 1048 2973 1121 ἐμοῦ
3020 1050 3118 1102 καὶ
3166 1047 3456 1117 λεγόντων,
3483 1047 3565 1101 ὅτι
3594 1047 3667 1100 τὰ
3705 1049 3769 1099 ἐν

2177 1154 2246 1220 τῇ
2282 1149 2436 1202 πόλει
2470 1148 2849 1218 ἁμαρτήματα
2879 1142 3380 1217 συγκεχώρημαι’⁰
3418 1145 3771 1214 μετανοήσας

2188 1261 2207 1294 ι
2246 1240 2431 1308 Ἀλλὰ,
2463 1259 2481 1292 ι
2510 1241 2677 1309 φασὶν
2698 1241 2739 1271 ⁸¹
2774 1240 2823 1292 oi
2843 1238 3006 1292 δεινοὶ
3036 1239 3357 1308 κατήγοροι,
3379 1256 3396 1288 ι
3424 1238 3774 1307 μετανοήσας

2180 1334 2342 1387 ἔπεσε
2374 1333 2535 1389 πάλιν
2554 1335 2600 1365 ⁸³
2622 1333 2702 1393 είς
2732 1332 2977 1402 μοιχείαν
3005 1330 3110 1397 ἔξω
3126 1329 3225 1401 τῆς
3248 1330 3457 1393 πόλεως
3478 1327 3572 1382 καὶ
3590 1326 3777 1390 οὕτως

2183 1424 2453 1478 ἀπέθανεν
2482 1443 2528 1487 ι,
2566 1424 2704 1493 ὅπερ
2732 1422 3072 1484 ἀκούσαντες
3123 1423 3172 1474 οἱ
3215 1419 3440 1489 ἀγγελοι
3484 1419 3777 1491 ἀνεχώρη-

2186 1531 2286 1568 σαν
2336 1514 2593 1577 ὲάσαντές
2622 1530 2688 1585 με
2711 1512 2757 1546 ⁸³
2805 1513 3218 1582 ἀναπόλογητον
3274 1511 3349 1575 ὡς
3401 1512 3567 1582 μηδὲν
3607 1510 3781 1582 ἔργον

2188 1605 2393 1673 ἀγαθὸν
2436 1605 2653 1677 ἔχοντα.
2701 1605 2815 1659 Καὶ
2871 1605 3223 1675 ἁρπάσαντές
3286 1622 3356 1675 με
3407 1602 3458 1656 οἱ
3510 1603 3782 1665 Αἰθίοπες

500 1673 692 1693 ...μνη
770 1673 1147 1684 --.η---ηηη
1194 1673 1203 1674 ,
1960 1673 1976 1676 _

499 1738 748 1783 catorum
771 1720 966 1776 animae
992 1712 1392 1771 concluduntur
1419 1708 1473 1761 in
1508 1714 1701 1759 terram
1734 1700 2082 1755 tenebrosam

2192 1702 2406 1764 ἐκεῖνοι,
2438 1673 2736 1759 τ’ύπτοντές
2758 1698 2805 1729 ⁸⁵
2836 1673 2920 1767 με⁷
2955 1673 3295 1766 κατήγαγόνν
3327 1713 3394 1767 με
3424 1698 3505 1759 είς
3538 1696 3639 1766 τὴν
3665 1697 3783 1764 γῆν

499 1831 556 1875 et
582 1815 920 1876 horribilem,
952 1809 1005 1862 in
1058 1816 1260 1861 terram
1308 1799 1558 1869 caliginis
1586 1807 1825 1859 aeternae,
1857 1793 1944 1848 ubi
1971 1791 2087 1862 jam

503 1926 612 1967 non
656 1909 841 1963 lumen
873 1916 972 1956 nec
1024 1899 1189 1953 vitam
1234 1892 1546 1949 mortalium
1597 1889 1781 1943 videre
1810 1895 1913 1947 est.
1948 1886 2089 1939 sicut

504 2002 770 2071 scriptum
825 2006 930 2058 est,
977 1990 1069 2047 sed
1152 1988 1304 2041 adest
1363 1980 1681 2071 lamentatio
1746 1988 1799 2033 et
1855 1975 2090 2071 alilictio

503 2065 711 2145 aeterna
765 2076 1253 2139 etinconsolabilis
1305 2082 1360 2126 et
1415 2072 1649 2141 gemitus
1673 2065 2091 2136 inexstinguibi-

506 2181 597 2233 lis.
633 2171 1023 2241 Unusquisque
1080 2167 1226 2221 enim
1286 2178 1476 2218 eorum
1534 2160 1627 2230 qui
1667 2156 1778 2212 illic
1812 2165 1938 2211 sunt
1960 2168 2091 2209 suos

508 2281 710 2340 pravos
737 2271 893 2317 actus
926 2256 1222 2313 recordans
1261 2263 1315 2308 et
1349 2259 1606 2321 reputans
1661 2261 1957 2318 quamnam
1998 2243 2093 2314 ju-

507 2339 895 2414 stilicationem
962 2348 1113 2417 justo
1178 2346 1349 2416 judici
1428 2343 1653 2406 aﬂ'erat,
1708 2349 1762 2395 et
1818 2339 2093 2409 quomodo

508 2462 728 2519 pmnam
773 2443 1161 2512 sempiternam
1202 2437 1479 2494 sustinere
1528 2433 1724 2505 possit,
1780 2431 2095 2487 terribiliter

511 2537 851 2597 conscientia
886 2540 1307 2606 praetorquetur,
1361 2538 1416 2584 et
1447 2529 1690 2597 insuper,
1739 2525 2093 2581 considerans

510 2650 544 2689 a
579 2633 690 2687 Deo
744 2628 1151 2700 separationem
1211 2637 1422 2679 necnon
1466 2636 1496 2675 a
1553 2618 1723 2691 gloria
1780 2627 2093 2672 sanctorum

513 2727 657 2796 ejus,
692 2732 748 2779 et
792 2737 918 2778 cum
949 2719 1171 2775 diabolo
1211 2716 1550 2787 punitionem
1589 2712 1895 2766 daemonum
1928 2709 2095 2763 inter-

515 2816 831 2873 minabilem
894 2823 950 2868 et
1006 2808 1374 2871 insolabilem,
1425 2804 1677 2859 tristatur
1740 2810 1795 2856 et
1825 2799 2094 2871 gemiscit.

513 2909 653 2966 Cum
724 2905 925 2976 quibus
1000 2916 1101 2972 ego
1154 2898 1446 2954 conclusus
1514 2903 1570 2949 et
1634 2889 2097 2963 lacrymabundus

517 2999 683 3055 video
713 2999 853 3053 duos
875 2992 1106 3065 juvenes
1164 2990 1288 3046 illos
1339 2987 1624 3043 venientes
1693 2986 1768 3040 ibi
1796 2999 2014 3039 rursum
2045 2991 2099 3037 et

519 3093 644 3148 illos
677 3104 812 3162 rogo
846 3096 905 3143 ut
951 3102 1015 3143 ex
1049 3083 1138 3138 illa
1180 3080 1457 3138 tremenda
1518 3077 1769 3134 custodia
1806 3075 2100 3147 supplicio-

519 3198 629 3254 que
678 3184 919 3238 educaut
966 3193 1075 3241 me,
1138 3186 1198 3230 ut
1230 3172 1606 3246 paenitentiam
1658 3184 1812 3239 agam
1845 3187 1858 3223 :
1894 3169 1987 3237 qui
2018 3169 2100 3223 di-

520 3283 653 3330 cunt
678 3274 745 3328 ad
778 3287 865 3325 me
894 3288 911 3329 ;
947 3287 967 3321 ι
998 3267 1227 3321 Frustra
1276 3278 1435 3335 rogas
1472 3280 1485 3317 :
1522 3277 1682 3317 nemo
1735 3261 2009 3331 egreditur
2035 3262 2099 3315 il-

521 3364 629 3418 linc
660 3375 833 3430 usque
854 3359 919 3413 ad
945 3370 1289 3411 communem
1309 3352 1786 3408 resurrectionem.
1812 3370 1831 3402 ι
1855 3350 2101 3406 Orationi

522 3464 705 3512 tamen
739 3451 885 3505 insto
916 3449 1159 3503 clamans
1185 3463 1199 3500 :
1237 3464 1255 3498 ι
1277 3441 1611 3499 Miseremini
1640 3440 1795 3508 mihi;
1818 3458 1927 3496 non
1953 3443 2099 3498 enim

521 3542 762 3602 sciebam
794 3542 898 3596 ista
935 3537 1069 3593 milii
1118 3536 1233 3591 fore
1287 3543 1514 3591 ventura
1543 3536 1793 3605 ;ideoque
1818 3549 1943 3590 vere
1988 3534 2100 3606 jam

520 3653 585 3693 ex
625 3646 752 3691 tunc
783 3647 870 3689 me
912 3631 1159 3702 paenitet,
1188 3638 1243 3685 et
1263 3630 1309 3685 si
1333 3630 1399 3684 ad
1425 3629 1589 3684 vitam
1612 3628 1664 3682 in
1690 3636 1887 3684 terram
1910 3643 2105 3684 rursus

520 3730 760 3791 redeam,
786 3723 1003 3781 utilitati
1026 3723 1320 3779 multorum
1350 3735 1466 3775 ero.
1494 3740 1515 3775 ι
1539 3719 1601 3775 Et
1616 3720 1683 3775 ad
1705 3720 2104 3775 miserationem

522 3819 741 3874 adducti
775 3816 953 3887 angeli
982 3829 1070 3869 me
1104 3816 1374 3870 reducunt
1441 3811 1511 3868 ad
1561 3826 1761 3881 corpus
1794 3828 1807 3863 :
1841 3810 2106 3879 videoque

525 3923 777 3966 naturam
814 3909 1011 3964 animae
1048 3921 1183 3962 meae
1236 3905 1515 3977 propriam
1553 3915 1813 3975 tanquam
1841 3904 2105 3975 margari-

526 4012 633 4056 tam
694 4001 1014 4069 lulgcntem,
1072 4012 1274 4069 corpus
1327 4006 1509 4052 autem
1569 4004 1727 4066 turpe
1774 4004 2103 4066 tetrumque,

524 4089 667 4146 unde
705 4102 831 4144 cum
865 4104 1009 4160 aegre
1048 4086 1246 4143 ferrem
1285 4101 1351 4145 ac
1406 4086 1645 4141 dicerem
1686 4100 1772 4140 me
1808 4100 1916 4140 non
1948 4100 2108 4155 posse

524 4183 727 4235 intrare
769 4181 823 4235 in
862 4180 994 4235 illud
1042 4187 1265 4251 propter
1308 4178 1606 4235 lmditatem
1652 4178 1771 4247 ejus
1808 4188 1863 4235 et
1919 4180 2109 4251 caligi—

526 4288 674 4339 nem,
706 4274 895 4329 minati
955 4282 1081 4328 sunt
1120 4272 1252 4328 mihi
1291 4273 1567 4329 dicentes:
1601 4291 1620 4324 ι
1644 4272 1756 4329 Nisi
1796 4272 2107 4341 intraveris,

2190 1789 2370 1855 αὖθις.
2414 1791 2576 1862 577
2608 1791 2716 1844 Καὶ
2746 1789 2792 1822 ⁸⁵
2831 1789 3100 1859 κατῆλθον
3132 1789 3221 1843 διά
3259 1807 3425 1842 τινων
3473 1791 3785 1843 στενωπῶν

2191 1886 2283 1937 καὶ
2310 1883 2682 1947 σκοτεινῶνδσ,
2724 1880 3152 1935 δυσωδεστάτων
3198 1882 3343 1935 πάνυ
3381 1880 3476 1936 καὶ⁵
3512 1882 3783 1954 φρικοδε-

2193 1976 2406 2027 στάτων
2442 1974 2792 2027 καταδύσεων
2830 1974 2992 2043 μέχρι
3023 1974 3131 2026 τῶν
3163 1973 3535 2045 καταχθονίων
3565 1976 3625 2027 ἐν
3660 1977 3788 2037 τοῖς

2191 2065 2589 2136 δεσμωτηρίοις
2634 2064 2732 2118 τοῦ
2792 2064 3097 2135 ᾆδου,ἔνθα
3156 2065 3293 2118 εἰσὶν
3349 2065 3405 2118 αί
3455 2064 3625 2135 ψυχαὶ
3666 2065 3789 2119 τῶν

2192 2158 2534 2231 ἁμαρτωλῶν
2562 2158 3061 2229 ἀποκεκλεισμέναι
3102 2160 3182 2223 είς
3220 2161 3326 2229 γῆν
3363 2158 3647 2230 σκοτεινὴν
3680 2162 3790 2213 καὶ

2193 2252 2513 2325 φοϐεράν⁸”¹,
2564 2254 2645 2316 είς
2694 2252 2796 2322 γῆν
2856 2253 3083 2315 σκότους
3136 2250 3379 2315 αἰωνίου,
3426 2242 3487 2305 οὗ
3533 2250 3791 2304 ούκέτι³⁸

2194 2345 2397 2415 φέγγος
2422 2345 2543 2397 οὐδὲ
2578 2345 2711 2415 ὁρᾷν
2739 2344 2946 2414 βροτῶν
2981 2343 3147 2413 ζωὴν,
3177 2344 3253 2407 ὡς
3287 2345 3622 2414 γέγραπται,
3660 2342 3792 2396 ἀλλ’

2191 2435 2352 2507 ὀδύνη
2408 2437 2503 2489 καὶ
2551 2435 2730 2505 θλῐψις
2786 2435 3008 2494 αἰώνιος
3053 2439 3149 2490 καὶ
3183 2435 3632 2505 ἀπαραμύθητος
3683 2436 3795 2489 καὶ

2195 2528 2501 2598 στεναγμὸς
2533 2528 2825 2599 ἀσίγητοςο
2861 2529 3094 2593 ἕκαστος
3130 2530 3241 2597 γὰρ
3276 2529 3385 2583 τῶν
3425 2531 3604 2583 ἐκεῖσε
3638 2546 3791 2599 μνη-

2198 2619 2441 2689 μονεύων
2461 2622 2559 2683 τάς
2594 2620 2839 2691 πονηρὰς
2868 2619 3036 2673 αὑτοῦ
3062 2619 3289 2693 πράξεις
3320 2622 3414 2675 καὶ
3436 2621 3637 2674 ἐννοῶν
3660 2620 3794 2682 πῶς

2193 2712 2597 2782 ἀπολογήσεται
2653 2711 2730 2781 τῷ
2783 2711 3071 2782 ἀδεκάστῳ
3124 2715 3314 2783 κριτῇ,
3364 2712 3458 2765 καὶ
3522 2712 3640 2775 πῶς
3686 2711 3799 2782 τὴν

2194 2801 2501 2871 ἀπέραντον
2526 2803 2751 2855 κόλασιν
2781 2802 3161 2871 ύποστήσηται
3180 2802 3245 2867 δ’,
3273 2801 3460 2865 δεινῶς
3495 2800 3574 2871 τῷ
3607 2817 3798 2853 συνει-

2196 2894 2306 2947 δότι
2333 2892 2797 2963 προϐασανίζεται
2831 2893 2925 2946 καὶ
2953 2894 3091 2965 πρὸς
3119 2892 3278 2946 τοῦτο
3328 2891 3797 2963 ἀναλογιζόμενος

2124 3016 2168 3075 C
2197 2987 2290 3040 τόν
2339 2986 2447 3040 ἀπὸ
2496 2984 2632 3039 Θεοῦ
2676 2987 2958 3057 χωρισμὸν
3001 2988 3099 3039 καὶ
3128 2985 3230 3055 τῆς
3282 2985 3443 3053 δόξης
3472 2985 3582 3038 τῶν
3615 2984 3796 3053 ἁγίων

2203 3081 2371 3135 αὐτοῦ
2430 3080 2522 3134 καὶ
2551 3080 2650 3147 τὴν
2680 3078 2822 3149 μετά
2869 3076 2963 3131 τοῦ
2994 3077 3305 3131 διαϐόλου⁶⁰
3334 3076 3636 3147 καταδίκην
3693 3078 3797 3130 καὶ

2199 3175 2310 3229 τῶν
2332 3173 2604 3244 δαιμόνων
2627 3173 2908 3228 ἀπαυστον
2936 3172 3034 3224 καὶ
3054 3170 3504 3240 ἀπαρηγόρητον,
3532 3168 3796 3221 λυπεῖται

2204 3269 2299 3322 καὶ
2327 3268 2597 3331 στενάζει.
2631 3265 2767 3319 Μεθ’
2787 3258 2862 3318 ὧν
2881 3265 2945 3331 γέ
2970 3281 3054 3318 τοι
3082 3262 3238 3331 κάγὼ
3266 3261 3798 3332 συγκατακλεισθεὶς

2205 3358 2301 3411 καὶ
2327 3355 2539 3409 πενθῶν
2566 3354 2678 3425 ὁρῶ
2707 3355 2837 3417 τοὺς
2864 3353 2959 3406 δύο
2993 3351 3313 3416 νεανίσκους
3344 3351 3586 3416 ἐκείνους
3609 3351 3800 3404 ἐλθόν-

2205 3465 2304 3511 τας
2355 3449 2534 3501 ὲκεϊσε
2583 3446 2781 3513 πάλιν,
2822 3446 2917 3509 οὒς
2938 3446 2980 3477 ⁸⁸
3031 3444 3423 3515 παρακαλέσας
3492 3444 3798 3512 ἐξαγαγεῖν

2203 3542 2303 3611 τῆς
2334 3538 2571 3611 φοϐερᾶς
2604 3539 2823 3609 ἐκείνης
2848 3536 3102 3608 φυλακῆς
3131 3555 3188 3591 τε
3221 3538 3314 3591 καὶ
3343 3536 3593 3608 ἀνάγκης
3638 3538 3798 3599 ὅπως

2209 3634 2546 3703 μετανοήσω,
2577 3630 2627 3683 οἳ
2646 3632 2690 3663 ⁸³
2722 3630 2814 3683 καί
2848 3647 3019 3698 φασιν
3070 3629 3207 3701 πρός
3237 3645 3304 3698 με
3326 3645 3339 3659 ·
3386 3647 3404 3681 t
3440 3630 3638 3699 Μάτην
3677 3645 3796 3681 πα-

2209 3726 2471 3795 ρακαλεῖς
2496 3739 2511 3754 ο
2544 3723 2720 3786 οὐδεὶς
2750 3721 2859 3793 γὰρ
2888 3721 3170 3793 ἐξέρχεται
3202 3721 3312 3775 τῶν
3357 3717 3592 3775 ἐνταῦθα
3628 3720 3799 3789 μέχρι

2205 3816 2305 3885 τῆς
2337 3814 2524 3885 κοινῆς
2555 3814 2928 3875 ἀναστάσεως.
2974 3831 2993 3865 θ
3040 3813 3424 3884 Ἐπιμένοντος
3451 3811 3509 3864 δέ
3536 3828 3643 3881 μου
3656 3812 3705 3843 ⁸⁸
3729 3813 3797 3880 τῇ

2205 3906 2391 3979 δεήσει
2422 3904 2518 3961 καὶ
2570 3906 2833 3977 βοῶντος
2874 3924 2893 3957 ι
2918 3906 3212 3978 Ἐλεήσατέ
3238 3923 3306 3976 με
3329 3922 3343 3936 ·
3372 3906 3432 3958 ού
3468 3903 3581 3974 γὰρ
3618 3904 3797 3975 ᾔδειν,

2205 4000 2287 4054 ὅτι
2316 4000 2487 4055 ταῦτά
2513 4017 2601 4071 μοι
2632 3998 2977 4070 συμϐήσεται
3033 3999 3129 4051 καὶ
3168 3997 3257 4050 διὰ
3302 3995 3460 4050 τοῦτο
3490 3994 3799 4066 γνησίως¹δ

2207 4091 2315 4145 ἀπὸ
2346 4090 2440 4145 τοῦ
2471 4090 2569 4163 νῦν
2615 4089 2863 4162 μετανοῶ
2894 4094 2991 4143 καὶ
3026 4089 3336 4161 γενήσομαι
3360 4086 3498 4159 πρὸς
3522 4087 3798 4156 ὠφέλειαν

2209 4183 2442 4249 πολλῶν,
2499 4185 2548 4237 εί
2592 4182 2729 4253 πρὸς
2771 4182 2872 4252 τὴν
2929 4183 3023 4236 ἐπὶ
3054 4184 3158 4251 γῆς
3198 4180 3346 4250 ζωὴν
3377 4176 3537 4243 αὖθις
3590 4179 3771 4247 tum

2211 4274 2286 4341 ξω
2308 4273 2373 4327 ⁸⁸.
2414 4292 2432 4325 ι
2466 4274 2575 4328 Καὶ
2625 4272 3038 4343 δυσωπηθέντες
3088 4274 3137 4325 οί
3185 4272 3409 4341 ἄγγελοι
3470 4269 3674 4339 ἀγουσί
3728 4285 3794 4339 με

526 4365 850 4421 reducemus
906 4373 959 4420 te
1004 4365 1059 4419 itt
1113 4365 1260 4419 illam
1299 4365 1683 4435 punitionem:
1722 4367 1863 4421 intra
1917 4367 2091 4436 igitur,

2214 4367 2348 4438 πρὸς
2372 4367 2435 4420 τὸ
2466 4367 2626 4437 σῶμα
2656 4368 2753 4420 καὶ⁵
2796 4367 2896 4437 τὴν
2931 4366 3031 4437 μὲν
3050 4364 3095 4396 ⁸⁸
3123 4365 3259 4419 ἰδίαν
3293 4364 3455 4435 φύσιν
3484 4364 3585 4433 τῆς
3614 4363 3796 4434 ψυχῆς

526 4466 668 4512 utet
709 4457 825 4527 ipse
863 4458 1049 4513 salvus
1112 4458 1213 4513 lias
1251 4467 1298 4513 et
1366 4458 1597 4514 aliorum
1652 4459 1869 4515 utilitati
1927 4460 2104 4515 inser-

525 4550 665 4613 vias,
695 4551 840 4605 sicut
872 4548 1106 4605 Domino
1144 4550 1366 4620 placuit.
1402 4569 1420 4603 ι
1446 4552 1598 4607 Tunc
1629 4552 1781 4608 visus
1819 4568 1940 4607 sum
1981 4562 2102 4607 tan-

2208 4460 2437 4513 Εϐλεπον
2466 4459 2657 4531 ὥσπερ
2713 4458 3066 4530 μαργαρίτην
3123 4459 3571 4529 ἀστράπτουσαν,
3622 4454 3687 4507 τὸ
3740 4454 3796 4506 δὲ

2211 4552 2372 4621 σῶμα
2401 4551 2635 4614 δυσῶδες
2665 4551 2758 4604 καὶ
2785 4549 3211 4621 ἠμαυρωμένον,
3244 4549 3366 4602 ὅθεν
3405 4545 3797 4617 δυσχεραίνον-

524 4659 693 4715 quam
730 4659 829 4715 per
859 4659 923 4699 os
943 4645 1251 4715 ingrediens
1276 4655 1331 4700 et
1350 4648 1844 4716 corpus,suscitans
1863 4648 2091 4702 clamare

2210 4644 2299 4708 τός
2344 4662 2443 4714 μου
2495 4644 2593 4698 καὶ
2654 4643 2908 4713 λέγοντος
2962 4643 3038 4713 μὴ
3086 4642 3350 4697 δύνασθαι
3368 4641 3413 4674 ⁶¹
3440 4640 3716 4693 εἰσελθεῖν
3740 4640 3793 4691 ἐν

525 4738 700 4808 cepi:
729 4755 747 4788 ι
771 4736 1099 4792 Miseremini
1120 4737 1278 4792 mihi.
1305 4754 1324 4789 ι
1350 4736 1616 4793 Omnibus
1641 4747 1822 4795 autem
1850 4755 2091 4810 magnam

2211 4736 2362 4805 αὐτῷ
2387 4735 2476 4790 διὰ
2512 4738 2611 4808 τὴν
2643 4736 2881 4805 ζόφωσιν
2934 4736 3101 4790 αὐτοῦ
3158 4736 3255 4789 καὶ
3284 4735 3384 4805 τὴν
3431 4733 3708 4787 δυσωδίαν
3729 4733 3797 4795 ⁵⁸,

526 4827 948 4899 percipientibus
993 4826 1304 4892 utilitatem,
1334 4828 1612 4899 magisque
1650 4828 1717 4884 de
1756 4828 2091 4883 ltacterribil;

2213 4828 2261 4879 οί
2288 4826 2343 4879 δὲ
2368 4826 2818 4898 προσηπείλησάν
2848 4843 2938 4897 μοι
2960 4826 3242 4895 λέγοντες·
3274 4843 3294 4877 ι
3321 4824 3387 4877 El
3414 4825 3493 4895 μὴ
3523 4823 3796 4896 εἰσέλθῃς,

527 4920 841 4977 narratione
891 4917 1214 4989 perterritis,
1288 4920 1663 4988 unusquisque
1732 4934 1836 4974 sua
1871 4918 2091 4988 .lugebal

2218 4916 2379 4971 πάλιν
2398 4917 2441 4949 “9
2470 4914 2763 4984 ἀπάγομέν
2804 4931 2864 4967 σε
2912 4917 2994 4978 είς
3039 4916 3258 4985 ἐκείνην
3308 4915 3411 4985 τὴν
3454 4914 3795 4985 καταδίκην·

1725 5037 1924 5099 Variae
1953 5036 2264 5099 lectiones
2295 5043 2357 5100 et
2394 5042 2585 5100 notae.

601 5139 649 5211 δέ
686 5140 769 5211 δέ
780 5155 886 5211 μου
905 5138 1159 5211 πάντωνι
1182 5136 1409 5211 sedem.
1444 5154 1545 5211 μου
1564 5138 1704 5193 inter
1731 5140 1954 5211 ἀγαθῶν
1976 5149 2042 5211 et
2073 5140 2091 5191 Ι

2192 5156 2251 5191 ον
2279 5138 2342 5193 L.
2390 5210 2393 5211 ν
2441 5139 2488 5211 ⁸Ᾱ⁹
2523 5156 2625 5211 μου
2660 5152 2771 5193 om.
2791 5138 2856 5211 L.
2932 5138 2981 5171 '°
3014 5154 3399 5211 συγκεχωρητ.
3433 5140 3560 5193 cod.
3646 5141 3691 5171 "

601 5157 649 5172 ’-
686 5157 745 5193 es
780 5157 886 5209 μου
905 5157 1148 5199 παντων.
1182 5157 1276 5193 seu
1294 5157 1409 5191 om.
1444 5157 1545 5207 μου
1564 5157 1704 5193 "Ile
1731 5157 1954 5206 αγαυων
1985 5157 2042 5194 et
2073 5157 2251 5210 εργων
2279 5157 2342 5193 ιι.
2441 5157 2488 5173 ν’
2523 5157 2625 5209 μου
2660 5157 2771 5193 om.
2791 5157 2853 5192 ιλ.
2932 5157 2981 5171 ’ν
3014 5157 3399 5211 συγκεχωρητ.
3433 5157 3560 5193 eoa.
3646 5157 3691 5171 ··
3720 5157 3791 5262 φη

529 5210 657 5293 god:
705 5210 777 5293 "'
811 5209 975 5293 πάλιν
998 5224 1108 5293 om.
1135 5207 1203 5264 L.
1236 5278 1259 5293 .
1279 5209 1325 5241 ⁵³
1339 5209 1593 5293 Λάφέντες
1629 5222 1696 5278 με
1720 5208 2155 5293 ,ἀναπολόγητον
2196 5213 2291 5293 καὶ
2330 5210 2403 5279 μή
2454 5209 2516 5264 ιι.
2572 5210 2640 5291 ,⁸⁸
2672 5212 2775 5293 καὶ*
2798 5208 3099 5293 τύπτοντές
3123 5226 3200 5293 ,με
3233 5211 3555 5293 κξτήγαζον
3615 5212 3701 5273 εἰς
3757 5244 3790 5293 ,τ

529 5280 577 5313 ⁸⁸
616 5279 728 5334 Καὶ
785 5280 989 5351 ταύτης
1038 5278 1547 5346 διασκεδασθείσης(
1611 5279 1879 5349 κατῆλθον
1936 5278 1997 5333 L.
2048 5278 2055 5280 ἡ
2111 5280 2157 5310 ⁸⁸
2184 5279 2279 5331 καὶ
2345 5278 2639 5332 σκοτεινῶν
2688 5279 2785 5332 καὶ
2834 5280 3254 5333 δυσωδεστάτων
3292 5278 3372 5334 ιδ(
3470 5280 3516 5310 ⁸⁷
3549 5296 3646 5334 σι.
3708 5282 3791 5333 καὶ

529 5350 800 5418 γνοφεράν
861 5348 922 5403 L.
1071 5347 1118 5380 ³⁸
1163 5343 1225 5402 οὗ
1281 5351 1384 5401 οὐκ
1440 5350 1556 5401 ἔστι
1607 5350 1809 5419 φέγγος
1871 5349 1931 5403 L.
2078 5352 2123 5382 ”
2187 5350 2556 5419 ὑποστήσεται
2614 5348 2675 5401 ι..
2824 5349 2869 5379 ⁸⁸
2912 5350 3159 5402 διαϐόλου
3207 5351 3303 5403 καὶ.
3351 5350 3461 5403 τῶν
3517 5351 3791 5419 δαιμόνων

529 5353 800 5418 γνοφερὰν
861 5353 922 5403 L.
1071 5353 1118 5380 "
1163 5353 1225 5402 οὗ
1281 5353 1384 5401 οὐκ
1440 5353 1556 5401 ἑστι
1607 5353 1809 5417 φέγγος
1871 5353 1931 5403 L.
2078 5353 2123 5382 ”
2187 5353 2556 5419 ὑποστήσεται
2614 5353 2675 5401 ι..
2824 5353 2869 5379 ⁸⁸
2912 5353 3159 5402 διαϐόλου
3207 5353 3303 5403 καὶ.
3351 5353 3461 5403 τῶν
3517 5353 3795 5420 δαιμόνων

532 5420 1123 5498 καταδίκηνάπ-αυστα
1151 5421 1243 5498 καί
1272 5418 1777 5498 ἀπαριηγόρητα-[έη
1835 5422 1874 5453 ⁸³
1907 5421 2001 5483 οὓς
2030 5419 2359 5498 δυσωπήσεις
2393 5421 2470 5485 ἐξ.
2500 5436 2567 5498 με
2605 5419 2705 5487 τῆς
2736 5420 2864 5498 φυλ.
2914 5421 3038 5498 φοῆϐ.
3067 5420 3281 5498 ἐκείνης
3312 5438 3371 5498 τε
3384 5421 3497 5498 ’καί
3526 5421 3593 5475 L.
3628 5424 3723 5498 __"

530 5502 640 5541 om.
666 5486 730 5558 ξι.
807 5489 851 5519 ⁸³
876 5490 1012 5558 γἝπ.
1038 5490 1095 5543 δὲ
1124 5492 1190 5558 τῇ
1224 5486 1568 5558 παρακλήσει
1586 5486 1694 5542 ’καὶ
1722 5491 1967 5558 λέγοντος
1994 5506 2007 5520 ·
2044 5492 2091 5541 si

2201 5529 2211 5543 .
2241 5486 2250 5489 ⁷
2289 5490 2334 5521 ⁸⁵
2357 5486 2598 5557 γνησίως
2624 5486 2943 5557 petatveth
2974 5488 3037 5544 L.
3113 5493 3159 5522 "
3180 5486 3452 5554 ἐπανοίξω
3474 5488 3541 5545 L.
3623 5494 3669 5524 “
3697 5491 3798 5558 μέν

764 5558 844 5671 L"
867 5557 1123 5611 δύνασθαι
1154 5554 1259 5614 uin.
1307 5554 1371 5612 L.
1448 5554 1728 5630 ⁸1κοιλτὴν
1756 5554 2020 5614 δυσωδίαν
2080 5578 2190 5617 om.
2246 5560 2309 5613 L.
2370 5554 3174 5631 νσθπάλινύποστρέφομέν’σε
3206 5564 3283 5626 εἰς
3342 5564 3439 5631 τὴν
3487 5580 3540 5615 κ.
3593 5554 3796 5615 οὐκοῦν

655 5638 680 5669 Ι.
718 5638 739 5671 ε
818 5659 829 5671 ι
