3982 6224
281 327 395 394 849

1462 337 1927 402 CHRONICON.
1961 362 2029 378 ’-
2070 341 2214 403 LIB.
2258 341 2356 405 IV.

3434 349 3548 412 850

283 440 730 513 διαμαχομένων,
772 442 1016 515 ἀπῄτουν
1045 444 1246 501 ἐκεῖνοι
1282 444 1464 514 λόγον,
1493 449 1540 500 εί
1574 451 1650 517 μὴ
1703 447 1864 503 ὑπεύ-

1971 451 2240 509 rationem
2274 451 2649 523 requirebant,
2682 470 2863 512 annon
2884 455 3019 529 ipsis
3038 459 3356 518 tributarius
3377 472 3540 518 esset.

283 531 447 597 θυνος
472 533 656 597 αὐτοῖς
692 533 778 606 εῐη
806 554 820 568 ·
879 537 1221 608 βουλομένων
1260 533 1353 593 οὖν
1394 539 1576 593 αὐτῶν
1629 528 1866 612 συνᾶραι

284 622 446 690 λόγον
470 623 578 677 ἀπὸ
615 628 715 696 τῆς
742 630 1051 698 γεννήσεως
1087 630 1275 695 αὑτοῦ,
1300 630 1376 683 ὀύ
1423 630 1765 701 συνεχώρουν
1816 634 1864 686 οἱ

282 712 377 767 τὸν
421 713 705 769 ’Λντώνιον
735 718 1057 790 ὁδηγοῦντες
1082 738 1095 753 ·
1139 740 1159 774 ι
1191 722 1272 776 Τὰ
1305 722 1408 794 μὲν
1428 724 1471 755 ⁸⁸
1491 722 1599 776 ἀπὸ
1618 723 1718 793 τῆς
1743 739 1868 791 γεν-

280 806 497 874 νήσεως
533 808 720 872 αὑτοῦ,
752 810 1022 880 λέγοντες,
1046 816 1074 867 ό
1100 814 1305 885 Κύριος
1341 813 1676 883 ἀπήλειψενο
1716 815 1863 883 ἀφ’ίτ

280 889 343 950 οὗ
359 897 419 951 δὲ
447 897 641 967 γέγονε
679 902 912 974 μοναχδς
935 904 1129 975 καὶτῷ
1146 905 1265 976 Θεῷ
1293 903 1549 959 συνέθετο
1572 904 1634 969 ⁸⁸,
1658 903 1865 971 ἐξέστω

280 990 511 1059 ποιῆσαι
540 989 717 1058 λόγον.
751 1010 768 1043 ι
801 994 933 1062 (Καὶ
960 995 1049 1067 δὴ)
1081 996 1205 1050 τότε
1247 995 1702 1067 κατηγορούντων
1743 996 1863 1066 (αύ-

281 1078 400 1149 τοῦ)
453 1080 549 1133 καὶ
600 1081 676 1153 μὴ
707 1082 1063 1156 ἐλεγχόντων,
1110 1087 1369 1157 ἐλευθέρα
1394 1088 1620 1156 γέγονεν
1667 1088 1701 1158 ἡ
1745 1088 1864 1152 ὁδὸς

289 1169 434 1239 αὕτῷ
466 1171 562 1225 καὶ
590 1173 892 1240 ἀκώλυτος.
926 1178 1035 1232 Καὶ
1063 1179 1230 1243 εὐθὺς
1260 1174 1402 1234 εἶδεν
1441 1179 1637 1234 ἑαυτὸν
1678 1180 1720 1213 ¹⁹
1756 1180 1865 1236 ὥσ-

292 1276 401 1332 περ
430 1262 727 1333 ἐρχόμενον
753 1266 834 1330 είς
861 1268 1059 1323 ἑαυτὸν
1089 1271 1183 1325 καὶ
1213 1270 1309 1325 τοῦ
1344 1273 1444 1342 μὲν
1492 1273 1691 1341 φαγεῖν
1737 1273 1865 1325 ἐπε-

287 1348 498 1415 λάθετο,
547 1352 730 1423 ἔμεινε
776 1357 876 1428 (δὲ)
917 1360 980 1412 τὸ
1027 1359 1215 1415 λοιπὸν
1273 1362 1375 1432 τῆς
1422 1363 1641 1434 ἡμέρας
1677 1366 1771 1417 καὶ
1817 1365 1864 1397 ’θ

282 1439 414 1510 ὅλης
456 1442 557 1512 τῆς
608 1447 803 1512 νυκτὸς
857 1449 1150 1522 εὐχόμενος
1188 1457 1285 1508 καὶ
1319 1454 1623 1520 στενάζων.
1665 1454 1861 1509 Ἐθαύο

285 1532 428 1600 μαζε
457 1536 497 1565 ¹¹
524 1535 580 1589 δὲ
601 1534 949 1610 λογιζόμενος
981 1542 1118 1614 πρὸς
1140 1543 1329 1608 ποίους
1355 1544 1508 1599 ἐστὶν
1538 1544 1742 1619 ἡπάλη
1769 1547 1864 1602 καὶ

280 1622 373 1675 διὰ
403 1624 587 1681 πόσων
632 1629 810 1683 πόνων
860 1631 972 1703 ἔχει
1019 1651 1106 1698 τις
1147 1634 1403 1704 διαϐῆναι
1444 1636 1539 1689 τὸν
1578 1637 1720 1709 ἀέρα
1768 1637 1863 1691 καὶ

278 1713 695 1786 ἐμνημόνευσεν
726 1721 809 1774 ὅτι
848 1723 1009 1777 τοῦτό
1036 1726 1208 1789 ἐστιν,
1242 1727 1271 1779 ὃ
1294 1727 1483 1795 ἔλεγεν
1515 1729 1863 1793 ἀπόστολος¹⁸

285 1808 463 1861 «κατὰ
504 1810 597 1863 τὸν
644 1810 887 1883 ἄρχοντα
928 1818 1029 1885 τῆς
1073 1813 1326 1880 ἐξουσίας
1377 1816 1470 1869 τοῦ
1510 1817 1710 1889 ἀέρος»
1737 1835 1750 1848 ·
1809 1821 1868 1873 ἐν

275 1897 461 1969 τούτῳ
491 1902 601 1972 γάρ
633 1904 660 1955 ὁ
701 1904 897 1975 ἐχθρὸς
926 1905 1040 1976 ἔχει
1078 1906 1182 1979 τὴν
1224 1907 1479 1974 ἐξουσίαν
1530 1911 1592 1962 ἐν
1645 1908 1724 1980 τῷ
1766 1912 1870 1982 μά-

275 1990 476 2059 χεσθαι
502 1994 597 2047 καὶ
614 1997 908 2067 πειρᾶσθαι
943 1998 1265 2054 διακωλύειν
1307 2000 1435 2064 τοὺς
1461 2000 1865 2072 διερχομένους.

277 2082 406 2136 ὅθεν
435 2084 482 2117 ’³
519 2084 756 2155 μάλιστα
790 2090 1023 2161 παρῄνει
1060 2089 1238 2160 λέγων
1257 2091 1327 2122 ’δ’
1367 2108 1385 2143 t
1407 2090 1733 2146 ’Δναλάδετε
1758 2093 1863 2165 τὴν

282 2176 590 2230 πανοπλίαν
619 2178 712 2234 τοῦ
747 2180 904 2246 Θεοῦ,
938 2183 1027 2236 ἵνα
1076 2183 1365 2254 (δυνηθῆτε
1415 2184 1741 2254 ἀντιστῆναι
1793 2187 1862 2257 τῇ

280 2270 466 2341 ἡμέρα
496 2273 563 2343 τῇ
587 2275 867 2345 πονηρᾷ»,
894 2276 1061 2345 ὅπως)
1117 2277 1287 2348 μηδὲν
1334 2272 1477 2348 ἔχων
1521 2280 1550 2332 ὁ
1590 2279 1786 2352 ἐχθρὸς
1819 2281 1866 2312 ’⁸

280 2356 465 2431 λέγειν
493 2364 624 2435 περὶ
656 2365 815 2435 ἡμῶν
852 2366 1057 2435 φαῦλον
1110 2370 1491 2441 καταισχυνθῇ
1533 2372 1582 2404 ⁸⁸
1610 2388 1626 2403 ·
1664 2401 1737 2413 —
1773 2370 1867 2427 Διὸ

278 2454 462 2508 τοίνυν
491 2456 788 2522 ἀνενδότως
839 2459 1189 2531 ἐπιμένωμεν
1223 2463 1269 2495 "'
1299 2464 1365 2534 τῇ
1421 2463 1656 2534 ἀσκήσει
1699 2464 1745 2497 ⁸⁸
1779 2481 1865 2534 γι-

279 2543 584 2610 νώσκοντες
615 2548 720 2615 ὅτι,
757 2549 855 2603 ἐάν
913 2551 1045 2620 μίαν
1088 2550 1305 2621 ἡμέραν
1355 2551 1751 2623 ἀμελήσωμεν,
1801 2553 1863 2607 οὐ

277 2636 368 2690 διά
398 2638 490 2691 τὸν
524 2639 870 2711 παρελθόντα
901 2643 1097 2712 χρόνον
1137 2644 1271 2713 ἡμῖν
1302 2645 1675 2717 συγχωρήσει,
1725 2646 1865 2700 ἀλλά

288 2726 379 2780 διὰ
412 2727 511 2799 τὴν
544 2729 803 2799 ἀμέλειαν
832 2731 990 2804 581
1028 2734 1150 2788 καθ’
1178 2734 1338 2806 ἡμῶν
1372 2737 1401 2790 ό
1430 2736 1564 2800 Θεὸς
1611 2738 1861 2807 ἀγανακο

276 2817 437 2889 τὴσει
470 2819 694 2889 μᾶλλον.
729 2822 886 2877 Οὕτω
911 2825 1023 2894 γὰρ
1051 2826 1109 2878 ἐν
1136 2824 1215 2895 τῷ
1252 2825 1517 2899 Ἰεζεκιὴλ
1549 2829 1595 2862 ²⁹
1622 2829 1865 2899 ἠκούσα-

280 2926 384 2978 μεν
404 2926 419 2943 ο
454 2910 597 2966 οὕτω
623 2913 718 2968 καὶ
763 2915 969 2980 Ἰούδας
992 2916 1037 2948 ⁸ο
1070 2916 1329 2971 ἀπώλεσε
1362 2918 1454 2973 διά
1504 2919 1681 2973 νύκτα
1732 2920 1863 2990 μίαν

277 2998 405 3050 ὅλου
432 2998 525 3053 τοῦ
558 3002 929 3073 παρελθόντος
954 3005 1150 3075 χρόνου
1172 3007 1263 3061 τὸν
1283 3008 1533 3079 κάματον
1557 3026 1571 3040 ·
1606 3008 1727 3062 οὐδὲ
1753 3010 1862 3080 γὰρ

277 3090 722 3191 δέχθῃρὸς-ἡμῶν
758 3097 957 3166 ἀμελεῖ
1001 3100 1102 3169 τῆς
1141 3099 1264 3151 καθ’
1297 3100 1512 3171 ἡμέραν
1555 3100 1599 3133 ³¹
1641 3100 1863 3171 φροντίο
1890 3133 1934 3191 c

278 3180 395 3245 ζων
424 3185 698 3251 ἀπωλείας
720 3189 975 3253 πάντοτε,
1006 3192 1101 3243 καὶ
1139 3190 1235 3244 ἐὰν
1267 3192 1309 3223 ⁸⁸
1337 3191 1676 3263 ἀμελοῦντας
1710 3193 1860 3263 ἡμᾶς

276 3276 527 3347 εὑρήσει,
572 3281 949 3354 σφοδροτέρως
976 3283 1281 3338 ἐπιτίθεται
1308 3301 1320 3314 ·
1358 3285 1437 3347 είς
1459 3284 1517 3338 δέ
1545 3284 1609 3338 τὸ
1646 3284 1723 3356 μὴ
1751 3285 1863 3339 ὀλι-

279 3369 486 3436 γωρεῖν
516 3370 686 3439 ἡμᾶς,
713 3371 883 3426 καλὸν
923 3373 986 3425 τὸ
1018 3373 1379 3427 ἀποστολικὸν
1397 3372 1563 3446 ῥητὸν
1586 3373 1739 3429 est"
1768 3391 1865 3445 pe-

278 3456 445 3526 λετᾷν
491 3457 574 3490 ³⁸⁸
640 3458 806 3514 (Καθ’
857 3461 1074 3533 ἡμέραν
1154 3462 1558 3534 ἀποθνήσκω».
1604 3465 1703 3517 “Av
1753 3463 1863 3535 γάρ

277 3548 446 3617 ἡμεῖς
478 3548 554 3613 ὡς
582 3550 1020 3621 ἀποθνήσκοντες
1052 3554 1410 3625 καθ’ἡμέραν
1447 3554 1622 3617 οὕτως
1657 3554 1862 3626 ζῶμεν,

277 3639 381 3709 οὐχ
421 3640 840 3713 ἀμαρτήσομεν.
880 3644 1037 3699 Ἐστι
1067 3644 1124 3698 δὲ
1168 3645 1231 3699 τὸ
1259 3643 1557 3715 λεγόμενον
1599 3644 1863 3699 τοιοῦτον·

280 3730 406 3784 Ἵνα
436 3732 561 3786 καθ’
583 3734 795 3807 ἡμέραν
821 3737 1163 3809 ἐγειρόμενοι
1209 3738 1284 3809 μὴ
1316 3737 1630 3808 νομίζωμεν
1652 3737 1697 3770 ³⁸
1726 3736 1866 3807 φθάο

278 3838 402 3876 νειν
426 3822 529 3895 τὴν
562 3826 800 3896 ἑσπέραν
832 3830 927 3883 καὶ
978 3829 1141 3883 πάλιν
1188 3829 1479 3901 μέλλοντες
1511 3830 1556 3861 ³⁸
1581 3829 1866 3884 ἀνακλίνε-

287 3914 419 3967 σθαι
456 3915 627 3987 (150⁸)
661 3917 736 3990 μὴ
778 3920 1108 3990 ἐγείρεσθαι.
1159 3922 1315 3977 Μετά
1347 3923 1406 3977 δὲ
1444 3924 1617 3979 ταῦτα
1651 3923 1695 3957 ³⁷
1746 3922 1865 3976 δια-

282 4010 486 4076 λέξεως
515 4010 663 4081 αὐτῷ
692 4029 822 4066 ποτε
852 4014 1151 4084 γενομένης
1196 4014 1335 4085 πρός
1387 4032 1542 4078 τινας
1594 4015 1726 4087 περὶ
1764 4014 1868 4084 τῆς

282 4100 565 4171 διαγωγῆς
588 4102 688 4173 τῆς
718 4103 897 4175 ψυχῆς
919 4105 1013 4158 καὶ
1044 4107 1194 4168 ποῖος
1219 4105 1363 4176 μετά’
1382 4107 1483 4177 τὴν
1515 4106 1866 4179 ἀναχώρησιν

284 4188 444 4243 ἐσται
483 4191 619 4263 αὐτῇ
650 4193 833 4259 τόπος,
865 4197 930 4263 τῇ
965 4194 1092 4264 ἑξῆς
1145 4194 1301 4248 νυκτὶ
1346 4195 1503 4249 καλεῖ
1552 4213 1640 4260 τις
1703 4196 1868 4250 αὐτὸν

284 4281 495 4336 ἀνωθεν
524 4283 729 4352 λέγων’
770 4286 1027 4350 «Ἔξελθε
1064 4286 1133 4352 ³⁸,
1182 4285 1453 4357 Ἀντώνιε,
1498 4288 1595 4342 καὶ
1629 4286 1814 4357 βλέπε.
1841 4306 1860 4341 ι

287 4377 397 4429 Καὶ
417 4377 483 4448 δὴ
517 4377 747 4442 ἐξελθὼν
785 4379 879 4432 καὶ
903 4377 1214 4448 ἀναῆλέψας
1261 4377 1367 4432 εἶδὲ
1399 4396 1523 4434 τινα
1562 4378 1776 4450 μακρὸν
1820 4378 1866 4411 ³⁸

1973 541 2241 599 Volebam
2266 545 2433 616 igitur
2465 546 2534 600 ab
2562 546 2735 616 ipsius
2770 550 3052 606 nativitate
3083 552 3349 608 rationem
3388 568 3544 623 qua:-

1967 651 2123 704 rere;
2156 639 2251 694 sed
2279 638 2372 709 qui
2396 639 2671 695 ducebant
2701 642 3001 697 Antonium
3022 659 3129 698 non
3154 646 3544 714 permiserunt,

1968 730 2257 787 dicentes:
2298 751 2317 784 ‹
2350 732 2427 787 Ea
2466 733 2686 804 quidem
2738 750 2861 804 qua:
2904 735 2973 789 ab
3032 737 3207 805 ipsius
3262 736 3545 791 nativitate

1966 828 2115 887 sunt,
2150 822 2413 880 Dominus
2443 824 2667 881 delevit.
2700 826 2780 879 Ex
2811 839 2920 895 quo
2955 840 3080 880 vero
3111 827 3285 883 factus
3314 838 3398 883 est
3427 840 3545 882 mo-

1966 911 2177 967 nachus
2203 920 2259 967 et
2304 913 2416 969 Deo
2442 914 2682 977 dicatus.
2734 916 2898 970 liceat
2943 916 3170 971 reddere
3217 918 3537 972 rationem.»

1966 1002 2031 1057 Et
2062 1011 2193 1058 tunc
2216 1004 2325 1060 illis
2351 1005 2774 1061 criminantibus
2804 1006 2981 1075 ipsum
3006 1015 3059 1059 et
3084 1022 3188 1061 non
3214 1009 3544 1062 convincen-

1966 1094 2130 1159 tibus,
2161 1095 2264 1166 ipsi
2304 1097 2472 1151 libera
2498 1105 2553 1151 et
2589 1106 2775 1167 aperta
2828 1097 2913 1151 via
2944 1096 3083 1151 facta
3125 1107 3228 1152 est.
3264 1097 3328 1151 Et
3356 1100 3542 1153 statim

1966 1185 2318 1257 semetipsum
2353 1197 2611 1256 tanquam
2657 1188 2723 1242 ad
2772 1203 2832 1243 se
2878 1195 3242 1243 revertentem
3286 1189 3441 1254 vidit,
3489 1199 3545 1245 et

1967 1275 2118 1331 cibos
2160 1292 2379 1334 sumere
2418 1294 2529 1334 non
2577 1279 2986 1346 recordabatur,
3055 1278 3149 1335 sed
3195 1279 3405 1350 reliquo
3456 1280 3546 1334 die

1965 1376 2184 1437 totaque
2218 1381 2377 1426 nocte
2411 1372 2675 1426 remansit
2705 1386 2870 1427 orans
2900 1380 2953 1426 et
2981 1387 3225 1442 gemens.
3248 1372 3546 1427 Mirabatur

1966 1471 2148 1518 autem
2170 1468 2432 1531 reputans
2459 1463 2725 1519 adversus
2762 1462 2955 1533 quales
2984 1463 3240 1519 inimicos
3272 1464 3344 1519 sit
3372 1464 3545 1519 collu-

1966 1553 2157 1618 ctatio,
2192 1566 2408 1607 necnon
2440 1567 2537 1623 per
2571 1566 2713 1623 quos
2744 1552 2963 1608 labores
3010 1551 3209 1607 habeat
3252 1552 3375 1621 quis
3415 1566 3554 1605 aera-

1966 1640 2373 1709 trajiciendum,
2408 1650 2461 1697 et
2490 1640 2812 1698 recordatus
2841 1651 2925 1699 est
2945 1642 3051 1698 hoc
3074 1656 3196 1698 esse
3227 1641 3372 1712 quod
3411 1641 3549 1696 dixit

1969 1731 2285 1797 Apostolus,
2330 1751 2348 1784 ι
2373 1733 2674 1787 secundum
2704 1733 3002 1802 principem
3033 1732 3320 1800 potestatis
3340 1730 3539 1787 aeris.»

1969 1817 2027 1873 In
2058 1818 2165 1876 hoc
2203 1822 2350 1876 enim
2395 1828 2716 1891 potestatem
2754 1820 2917 1875 habet
2949 1820 3205 1876 inimicus
3234 1831 3293 1874 ut
3347 1829 3549 1891 pugnet

1970 1920 2022 1967 et
2048 1920 2277 1967 conetur
2303 1912 2565 1982 impedire
2587 1921 2965 1979 transeuntes;
2999 1913 3143 1967 unde
3165 1913 3401 1967 maxime
3419 1914 3555 1968 norb

1969 2012 2115 2058 tatur
2154 2005 2340 2060 dicens
2372 2004 2666 2075 Apostolus
2699 2021 2752 2058 ιι
2790 2004 3035 2073 Accipite
3065 2013 3400 2059 armaturam
3451 2001 3556 2056 Dei:

1968 2102 2029 2149 ut
2057 2092 2280 2165 possitis
2312 2094 2644 2149 resisterein
2669 2095 2760 2150 die
2788 2095 2952 2158 malo,
2990 2113 3009 2146 ι
3042 2095 3115 2149 ita
3152 2102 3212 2149 ut
3242 2093 3393 2149 nihil
3431 2108 3550 2149 om-

1968 2187 2097 2242 nino
2158 2187 2370 2243 habens
2428 2187 2719 2244 adversum
2770 2201 2869 2242 vos
2920 2186 3176 2242 inimicus
3232 2188 3548 2243 erubescat.

1966 2274 2153 2347 itaque
2184 2277 2304 2335 sine
2327 2277 2653 2334 remissione
2675 2292 3087 2348 perseveremus
3120 2277 3173 2332 in
3206 2277 3365 2333 bonis
3382 2291 3555 2332 exer-

1965 2368 2133 2437 citiis,
2155 2369 2412 2435 scientes,
2442 2371 2723 2439 quoniam,
2752 2369 2797 2425 si
2833 2385 3003 2425 unum
3038 2370 3181 2424 diem
3213 2369 3565 2439 negligentes-

1967 2476 2179 2526 sumus,
2209 2477 2317 2516 non
2348 2461 2419 2516 ob
2470 2462 2806 2531 praeteritum
2854 2471 3070 2532 tempus
3123 2461 3394 2530 ignoscet,
3453 2462 3557 2516 sed

1966 2562 2186 2624 propter
2210 2553 2600 2624 negligentiam
2654 2551 3107 2607 adversum-nos
3166 2550 3309 2606 Deus
3372 2551 3551 2622 magis

1966 2645 2253 2701 irascetur.
2288 2645 2381 2699 Sic
2418 2645 2565 2701 enim
2609 2644 2663 2698 in
2710 2642 2961 2699 Ezechiel
2991 2641 3347 2708 audivimus;
3383 2643 3462 2698 sic
3497 2652 3553 2698 et

1965 2734 2133 2791 Judas
2162 2735 2214 2789 in
2245 2751 2353 2790 una
2382 2745 2544 2791 nocte
2576 2736 2746 2790 totius
2788 2732 3046 2805 praeteriti
3090 2733 3352 2804 temporis
3394 2733 3550 2789 labo-

1966 2839 2083 2878 rem
2104 2823 2359 2894 perdidit.
2384 2823 2503 2879 Non
2529 2824 2673 2879 enim
2694 2822 3058 2894 praetermittit
3075 2822 3330 2877 inimicus
3359 2830 3550 2878 noster

1966 2916 2101 2987 quin
2141 2914 2387 2986 quotidie
2424 2915 2785 2986 perditionem
2826 2927 3072 2970 nostram
3120 2915 3437 2979 meditetur,
3471 2920 3550 2977 et,

1966 3009 2011 3063 si
2042 3008 2377 3079 negligentes
2430 3021 2532 3063 nos
2564 3006 2857 3070 invenerit,
2892 3016 3021 3061 tunc
3050 3004 3348 3061 violentius
3377 3005 3552 3074 impe-

1967 3101 2054 3154 tit.
2099 3097 2168 3154 Ut
2221 3108 2403 3154 antem
2445 3113 2553 3153 non
2599 3097 2873 3153 incuriose
2916 3111 3165 3167 agamus,
3216 3095 3418 3151 bonum
3464 3104 3551 3151 est

1967 3189 2174 3246 dictum
2203 3188 2565 3259 apostolicum
2589 3203 2803 3259 semper
2850 3188 3100 3243 meditari
3153 3205 3167 3242 :
3233 3206 3251 3240 ι
3290 3184 3550 3253 Quotidie

1967 3282 2194 3337 morior.
2228 3299 2247 3332 ι
2288 3280 2343 3335 Si
2379 3281 2526 3335 enim
2576 3294 2678 3335 nos
2735 3278 2891 3347 quasi
2950 3278 3193 3348 quotidie
3244 3277 3548 3332 morientes

1966 3372 2048 3429 sic
2077 3372 2331 3437 vivimus,
2370 3386 2476 3426 non
2535 3369 2917 3442 peccabimus;
2954 3376 3008 3423 et
3044 3368 3149 3424 tale
3176 3377 3260 3425 est
3290 3368 3426 3422 illud
3465 3362 3551 3421 di-

1967 3474 2138 3530 ctum,
2175 3476 2237 3520 ut
2270 3463 2513 3535 quotidie
2533 3463 2823 3535 vigilantes
2850 3476 2956 3517 non
2989 3469 3240 3531 putemus
3265 3475 3550 3531 vesperam

1966 3562 2252 3631 attingere,
2293 3575 2393 3616 nec
2449 3573 2669 3615 rursum
2720 3555 3017 3613 recubituri
3064 3570 3291 3626 surgere
3344 3554 3551 3625 cogite~

1967 3667 2110 3708 nius.
2153 3649 2404 3706 Postbaec
2444 3657 2653 3715 autem,
2690 3648 2874 3703 habito
2912 3648 2980 3701 ab
3020 3645 3140 3715 ipso
3184 3660 3309 3701 cum
3344 3645 3548 3714 aliqui-

1967 3742 2071 3797 bus
2106 3741 2380 3810 colloquio
2429 3741 2497 3795 de
2542 3739 2776 3795 transitu
2815 3737 3013 3793 animae
3058 3744 3112 3790 et
3151 3735 3221 3790 de
3279 3735 3404 3789 loco
3453 3734 3550 3803 qui

1968 3843 2093 3905 post
2117 3832 2323 3889 exitum
2377 3831 2427 3886 ei
2473 3830 2691 3886 futurus
2740 3839 2841 3896 est,
2890 3836 3048 3883 nocte
3087 3825 3335 3895 sequenti
3390 3834 3552 3878 vocat

1969 3925 2095 3997 quis
2127 3939 2253 3981 eum
2299 3923 2538 3995 desuper
2587 3922 2813 3979 dicens:
2848 3938 2865 3971 ι
2905 3918 3195 3989 Egredere,
3233 3915 3457 3982 Antoni,
3496 3928 3552 3970 et

1970 4018 2112 4074 vide.
2153 4036 2172 4070 ι
2210 4015 2276 4072 Et
2307 4032 2431 4073 cum
2461 4029 2713 4085 egressus
2741 4010 3065 4081 aspexisset,
3096 4007 3229 4063 vidit
3256 4006 3548 4078 quemdam

1969 4117 2194 4182 aspectu
2226 4111 2451 4182 longum
2484 4117 2539 4164 et
2573 4108 2868 4164 terribilem
2903 4110 3162 4166 stantem,
3196 4111 3251 4157 et
3279 4101 3547 4171 quosdam

1969 4201 2326 4257 ascendentes
2364 4200 2519 4271 quasi
2548 4198 2860 4254 sublevatos
2886 4197 3010 4256 alis,
3054 4204 3108 4249 et
3147 4193 3299 4248 illum
3350 4207 3556 4247 manus

1970 4289 2374 4353 extendentem,
2432 4296 2487 4343 et
2536 4287 2674 4341 alios
2717 4284 2937 4355 quidem
2983 4282 3051 4338 ab
3097 4282 3189 4337 illo
3238 4281 3550 4352 impeditos,

1972 4381 2110 4435 alios
2143 4390 2323 4435 autem
2383 4378 2799 4449 supervolantes
2855 4384 2912 4429 et
2949 4377 3166 4429 tandem
3215 4388 3407 4429 secure
3459 4387 3557 4428 su-

286 4471 365 4542 τῷ
382 4471 513 4525 εῖδει
541 4472 637 4525 καὶ
679 4472 911 4544 φοϐερὸν
938 4472 1173 4535 ἑστῶτα,
1202 4471 1593 4531 ἀναϐαίνοντας
1628 4471 1688 4526 δέ
1716 4488 1864 4535 τινας

1975 4470 2287 4540 praduetos.
2316 4471 2382 4525 Et
2415 4483 2583 4540 super
2612 4467 2699 4523 his
2728 4466 2949 4539 quidem
2985 4480 3249 4536 procerus
3278 4464 3367 4518 ille
3415 4462 3551 4517 den-

288 4563 480 4635 ὥσπερ
507 4566 944 4637 ἐπτερωμένους,
973 4566 1229 4620 κάκεῖνον
1270 4565 1581 4619 ἐκτείνοντα
1608 4564 1706 4628 τὰς
1751 4565 1867 4635 χεῖ-

290 4674 397 4726 ρας
429 4658 521 4711 καὶ
549 4658 676 4722 τοὺς
711 4660 810 4729 μὲν
847 4658 1224 4730 κωλυομένους
1258 4656 1390 4729 παρ’
1420 4655 1610 4723 αὐτοῦ,
1643 4656 1769 4721 τοὺς
1812 4655 1868 4711 δὲ

290 4745 777 4818 ὑπεριπτωμένους
826 4748 922 4802 καὶ
982 4749 1305 4821 ἀμερίμνως
1344 4748 1533 4803 λοιπὸν
1593 4746 1869 4816 ἀναγομέ-

289 4852 445 4902 νους·
478 4838 575 4892 καὶ
594 4840 686 4893 ἐπὶ
716 4841 816 4911 μὲν
846 4843 959 4906 τοῖς
988 4841 1253 4906 τοιούτοις
1276 4840 1458 4912 ἐτριζε
1480 4839 1611 4903 τοὺς
1648 4838 1870 4901 ὀδόντας

290 4934 320 4986 ὁ
346 4933 562 5005 μακρὸς
590 4936 816 5001 ἐκεῖνος,
860 4935 956 4990 ἐπὶ
1010 4934 1068 4989 δὲ
1112 4936 1224 5001 τοῖς
1262 4934 1667 4989 ἀποπίπτουσιν
1715 4930 1870 5003 ἔχαι-

1978 4562 2124 4618 tibus
2153 4559 2436 4628 fremebat,
2470 4561 2564 4615 sed
2599 4574 2763 4630 super
2809 4557 3186 4613 delabentibus
3233 4555 3550 4619 laetabatur;

1975 4660 2031 4708 et
2060 4651 2201 4707 facta
2224 4660 2309 4707 est
2330 4666 2436 4706 vox
2464 4650 2654 4705 dicens
2694 4665 2710 4703 :
2754 4667 2773 4700 ι
2803 4647 3015 4719 Reputa
3064 4647 3266 4711 visum,
3290 4643 3545 4698 Antoni.»

1978 4743 2064 4809 Et,
2101 4750 2291 4813 aperta
2341 4742 2446 4812 ipsi
2502 4739 2879 4812 intelligentia,
2928 4738 3187 4808 cognovit
3241 4737 3550 4792 animarum

1975 4850 2096 4892 esse
2150 4833 2462 4899 transitum,
2519 4847 2917 4903 procerumque
2972 4839 3209 4886 stantem
3266 4828 3549 4885 inimicum

1974 4928 2192 5001 generis
2223 4927 2397 4983 nostri
2427 4925 2733 4992 diabolum,
2762 4925 2852 4995 qui
2871 4923 2974 4979 sibi
3005 4923 3280 4991 subjectos
3314 4919 3549 4991 prehen-

1454 5067 1649 5130 Variee
1672 5066 1980 5130 lectiones
2021 5070 2083 5127 et
2122 5070 2311 5127 notae.

371 5194 415 5276 ξ’
444 5190 758 5276 λ.,ἐκείνρις
788 5191 1061 5276 ηρηιθςτά
1103 5190 1201 5276 μέν
1249 5191 1375 5276 Atlt.
1477 5188 1614 5273 "f5
1654 5187 1781 5276 μὴ·

294 5265 393 5316 sui.
452 5260 615 5315 πάλιν
663 5257 731 5333 ἦν
785 5261 924 5325 ὅλως
962 5257 1246 5325 Ἀντώνιος
1294 5260 1418 5314 τότε
1478 5260 1557 5331 τῷ
1631 5258 1732 5330 μὲν

296 5336 341 5367 ¹¹
390 5332 471 5385 'E.
532 5331 643 5385 γὰρ
704 5331 920 5385 βλέπων
967 5348 1027 5385 π.
1098 5333 1298 5385 πόσους
1370 5331 1497 5385 Ath.
1574 5332 1619 5363 “
1674 5329 1732 5385 Et

297 5422 363 5462 π.
394 5374 471 5472 τῖ’
504 5374 565 5470 φὶ

298 5473 743 5613 εῂμιτ

635 5404 664 5454 ό
706 5398 760 5459 ὲ.
820 5402 947 5454 Ath.
1094 5402 1139 5433 "
1195 5400 1565 5469 καταισχυνθῇ
1625 5398 1686 5469 L.

856 5543 902 5574 ”
929 5541 948 5595 Ι
977 5541 1105 5598 Cor.
1134 5560 1223 5598 xv.
1259 5541 1348 5595 5|.

1891 5188 1934 5221 “
1955 5185 2324 5257 ἐπηγγείλατο
2352 5184 2432 5255 τῷ
2460 5183 2579 5255 Θεῷ
2602 5186 2735 5257 Atti.

1800 5276 1860 5327 φ.
1912 5256 2075 5321 αὐτὸς
2126 5256 2517 5327 ἐπιλαθόμενος
2585 5256 2716 5310 Atll.

532 5331 643 5401 γάρ
687 5324 920 5401 ’βλέπων
967 5348 1027 5387 π.
1098 5324 1298 5393 πόσους
1370 5331 1497 5385 Ath.
1528 5324 1541 5331 ’
1574 5324 1643 5363 ’⁸⁷
1674 5324 1824 5398 Eph.

532 5419 565 5455 ›.
635 5404 664 5454 ό
712 5403 760 5459 ὲ.
820 5402 947 5454 Ath.
1094 5402 1139 5433 "
1195 5400 1565 5465 καταισχυνθῇ
1625 5398 1686 5452 L.
1834 5400 1864 5430 ²“

1977 5328 2033 5381 2.
2110 5327 2156 5358 ’³
2209 5326 2280 5378 δι’
2335 5324 2364 5377 ὃ
2397 5325 2487 5377 καί
2540 5326 2668 5378 Ath.
2774 5324 2786 5355 ¹

1969 5395 2312 5465 πιμείνωμεν
2361 5396 2483 5465 end.
2556 5464 2563 5465 ί
2629 5394 2786 5465 "id.

569 5473 612 5504 “
652 5457 756 5526 ΕΖ.
790 5487 869 5533 ιιι,
894 5470 984 5527 20.
1064 5472 1110 5505 ³⁸
1138 5472 1273 5528 Gen.
1327 5457 1565 5525 xx'ivnt:
1632 5468 1678 5499 ³¹
1708 5468 1812 5535 τῆς

1968 5465 2004 5535 ὶξ
2037 5457 2354 5535 ἡμῶνίφρ.
2410 5463 2472 5535 L.
2520 5464 2596 5535 ﬁ"
2634 5464 2729 5515 καὶ
2786 5457 3098 5535 ἀμ.-ἡμᾶς
3140 5457 3448 5535 εύρὴσομεν

1452 5540 1499 5570 ³⁸
1537 5526 1855 5606 νομίζοντες
1873 5533 1954 5606 ὅθ’
1978 5526 2354 5606 ἕως-ξέσπέρᾲς
2388 5534 2482 5606 καὶ
2515 5533 2605 5606 ὅτε
2631 5549 2689 5601 μ..
2730 5526 3188 5606 κοιμηθῆναιιημή
3351 5526 3395 5606 ³ξ
3426 5542 3550 5579 συν-

2836 5183 2879 5215 ¹⁹
2917 5182 3007 5236 καὶ
3057 5180 3192 5243 πρὸξ
3215 5180 3263 5231 ἐ.
3292 5178 3503 5231 ἑστῶτα
3533 5190 3550 5207 ⁸

2824 5250 2871 5283 ’⁸
2931 5252 3024 5305 καὶ
3087 5248 3156 5303 δι’
3216 5250 3244 5301 ὁ
3314 5267 3363 5301 ν.
3417 5248 3546 5302 Ath.

2774 5324 2821 5355 ³⁵
2882 5320 3022 5391 Eph.
3090 5335 3163 5383 vt,
3215 5318 3332 5391 15.-
3376 5318 3424 5391 ξ’
3460 5317 3545 5391 ἐχ.

2827 5409 2882 5460 γ.
2929 5386 2985 5444 ⁷6
3037 5405 3090 5440 τι
3135 5391 3193 5440 ἐν
3237 5389 3335 5457 μιᾷ
3366 5386 3521 5508 ἡμέῖ

2830 5479 2885 5508 υ..
2950 5459 3098 5508 ἡμᾶς
3140 5457 3448 5508 εὑρήσομεν

310 5594 946 5686 εῗθόνέαξπρὶξαύτόνζ
986 5594 1397 5686 Amineas};
1424 5608 1551 5662 Ath.
1602 5594 2195 5686 ’ξίἙξζτοίνυνχῇδει
2251 5594 2361 5686 γάρ
2401 5602 2545 5686 τίσιν
2582 5594 3547 5686 ὑπακούεινξῲεελελκαὶκέθεὼρησε

304 5665 436 5740 Alit.
484 5665 567 5716 δ”
591 5665 660 5752 μί
686 5665 840 5754 ἀειδῆ
867 5684 960 5735 καὶ
995 5665 1130 5754 φξνέ.
1160 5682 1252 5737 καὶ
1279 5680 1546 5750 φθάνοντα
1580 5678 1739 5749 μέχρι
1769 5665 1879 5732 τῶν
1910 5665 2153 5745 νεφελῶν
2182 5665 2275 5728 καί
2305 5665 2391 5728 ἄν.
2425 5672 2550 5730 Allt.
2586 5672 2744 5729 -16
2776 5671 2869 5725 καὶ
2906 5665 3209 5732 διελθόντας
3244 5665 3294 5720 λ.
3331 5667 3388 5721 ἀ.
3412 5665 3546 5721 ἀνά-

304 5756 534 5819 γεσοαιο
574 5754 665 5807 ἐπὶ
708 5753 799 5808 οῦν
830 5755 957 5809 ΔιΙι.
