  <div class='ocr_page' id='page_1' title='image "/cluster/home/n/w/nwhite01/storage/ocr_20150623/110/hvd.32044073502296/433.png"; bbox 0 0 4046 6210; ppageno 0'>
   <div class='ocr_carea' id='block_1_1' title="bbox 477 295 586 360">
    <p class='ocr_par' dir='ltr' id='par_1_1' title="bbox 477 295 586 360">
     <span class='ocr_line' id='line_1_1' title="bbox 477 295 586 360; baseline 0.046 -5"><span class='ocrx_word' id='word_1_1' title='bbox 477 295 586 360; x_wconf 69' lang='grc'>855</span> 
     </span>
    </p>
   </div>
   <div class='ocr_carea' id='block_1_2' title="bbox 1676 268 3709 346">
    <p class='ocr_par' dir='ltr' id='par_1_2' title="bbox 1676 268 3709 346">
     <span class='ocr_line' id='line_1_2' title="bbox 1676 268 3709 346; baseline -0.007 -1"><span class='ocrx_word' id='word_1_2' title='bbox 1676 283 2001 346; x_wconf 78' lang='lat' dir='ltr'>GEORGII</span> <span class='ocrx_word' id='word_1_3' title='bbox 2041 282 2496 344; x_wconf 80' lang='lat' dir='ltr'><strong>HAMARTOLI</strong></span> <span class='ocrx_word' id='word_1_4' title='bbox 3624 268 3709 332; x_wconf 65' lang='grc' dir='ltr'>ἓδὸ</span> 
     </span>
    </p>
   </div>
   <div class='ocr_carea' id='block_1_3' title="bbox 474 378 2060 472">
    <p class='ocr_par' dir='ltr' id='par_1_3' title="bbox 474 393 2047 472">
     <span class='ocr_line' id='line_1_3' title="bbox 474 393 2047 472; baseline -0.007 -14"><span class='ocrx_word' id='word_1_5' title='bbox 474 416 724 472; x_wconf 79' lang='lat' dir='ltr'><strong>operare,</strong></span> <span class='ocrx_word' id='word_1_6' title='bbox 772 398 897 467; x_wconf 98' lang='lat' dir='ltr'><strong>quia</strong></span> <span class='ocrx_word' id='word_1_7' title='bbox 950 411 1051 452; x_wconf 90' lang='lat' dir='ltr'>nec</span> <span class='ocrx_word' id='word_1_8' title='bbox 1094 411 1253 467; x_wconf 87' lang='lat' dir='ltr'><strong>opus,</strong></span> <span class='ocrx_word' id='word_1_9' title='bbox 1296 410 1400 453; x_wconf 89' lang='lat' dir='ltr'>nec</span> <span class='ocrx_word' id='word_1_10' title='bbox 1439 395 1600 460; x_wconf 91' lang='lat' dir='ltr'><strong>ratio,</strong></span> <span class='ocrx_word' id='word_1_11' title='bbox 1653 410 1752 450; x_wconf 87' lang='lat' dir='ltr'>nec</span> <span class='ocrx_word' id='word_1_12' title='bbox 1800 393 2047 460; x_wconf 89' lang='lat' dir='ltr'><strong>scientia,</strong></span> 
     </span>
    </p>
   </div>
   <div class='ocr_carea' id='block_1_4' title="bbox 2168 378 3719 472">
    <p class='ocr_par' dir='ltr' id='par_1_4' title="bbox 2168 378 3719 461">
     <span class='ocr_line' id='line_1_4' title="bbox 2168 378 3719 461; baseline -0.01 -17"><span class='ocrx_word' id='word_1_13' title='bbox 2168 392 2246 446; x_wconf 76' lang='grc' dir='ltr'>τόν</span> <span class='ocrx_word' id='word_1_14' title='bbox 2277 409 2334 444; x_wconf 92' lang='grc' dir='ltr'>τε</span> <span class='ocrx_word' id='word_1_15' title='bbox 2366 388 2612 461; x_wconf 79' lang='grc' dir='ltr'>βρυγμόν</span> <span class='ocrx_word' id='word_1_16' title='bbox 2626 388 2733 442; x_wconf 88' lang='grc' dir='ltr'>τῶν</span> <span class='ocrx_word' id='word_1_17' title='bbox 2760 384 2989 443; x_wconf 76' lang='grc' dir='ltr'>ὀδόντων</span> <span class='ocrx_word' id='word_1_18' title='bbox 3009 384 3104 441; x_wconf 78' lang='grc' dir='ltr'>καὶ</span> <span class='ocrx_word' id='word_1_19' title='bbox 3129 382 3190 437; x_wconf 76' lang='grc' dir='ltr'>τὸ</span> <span class='ocrx_word' id='word_1_20' title='bbox 3206 380 3460 454; x_wconf 72' lang='grc' dir='ltr'>διηνεκὲς</span> <span class='ocrx_word' id='word_1_21' title='bbox 3474 378 3719 449; x_wconf 70' lang='grc' dir='ltr'>δάκρυον,</span> 
     </span>
    </p>
   </div>
   <div class='ocr_carea' id='block_1_5' title="bbox 477 488 2041 561">
    <p class='ocr_par' dir='ltr' id='par_1_5' title="bbox 477 488 2041 561">
     <span class='ocr_line' id='line_1_5' title="bbox 477 488 2041 561; baseline -0.009 -12"><span class='ocrx_word' id='word_1_22' title='bbox 477 512 576 550; x_wconf 87' lang='lat' dir='ltr'>nec</span> <span class='ocrx_word' id='word_1_23' title='bbox 610 492 896 561; x_wconf 81' lang='lat' dir='ltr'><strong>sapientia.</strong></span> <span class='ocrx_word' id='word_1_24' title='bbox 930 499 1092 545; x_wconf 89' lang='lat' dir='ltr'><strong>erunt</strong></span> <span class='ocrx_word' id='word_1_25' title='bbox 1123 491 1174 545; x_wconf 95' lang='lat' dir='ltr'>in</span> <span class='ocrx_word' id='word_1_26' title='bbox 1210 488 1443 551; x_wconf 80' lang='lat' dir='ltr'><strong>inferno,</strong></span> <span class='ocrx_word' id='word_1_27' title='bbox 1475 503 1583 558; x_wconf 91' lang='lat' dir='ltr'>quo</span> <span class='ocrx_word' id='word_1_28' title='bbox 1612 496 1665 542; x_wconf 91' lang='lat' dir='ltr'>tu</span> <span class='ocrx_word' id='word_1_29' title='bbox 1700 500 1980 558; x_wconf 86' lang='lat' dir='ltr'><strong>properas.</strong></span> <span class='ocrx_word' id='word_1_30' title='bbox 2024 503 2041 535; x_wconf 72' lang='grc' dir='ltr'>ι</span> 
     </span>
    </p>
   </div>
   <div class='ocr_carea' id='block_1_6' title="bbox 472 575 2047 653">
    <p class='ocr_par' dir='ltr' id='par_1_6' title="bbox 472 575 2047 653">
     <span class='ocr_line' id='line_1_6' title="bbox 472 575 2047 653; baseline -0.006 -14"><span class='ocrx_word' id='word_1_31' title='bbox 472 583 776 653; x_wconf 78' lang='lat' dir='ltr'>Siquidem,</span> <span class='ocrx_word' id='word_1_32' title='bbox 817 600 835 633; x_wconf 80' lang='grc' dir='ltr'>ι</span> <span class='ocrx_word' id='word_1_33' title='bbox 868 578 986 636; x_wconf 89' lang='lat' dir='ltr'>Non</span> <span class='ocrx_word' id='word_1_34' title='bbox 1017 590 1099 635; x_wconf 85' lang='lat' dir='ltr'>est</span> <span class='ocrx_word' id='word_1_35' title='bbox 1134 581 1187 633; x_wconf 92' lang='lat' dir='ltr'>in</span> <span class='ocrx_word' id='word_1_36' title='bbox 1217 588 1392 634; x_wconf 87' lang='lat' dir='ltr'><strong>morte</strong></span> <span class='ocrx_word' id='word_1_37' title='bbox 1421 578 1513 648; x_wconf 89' lang='lat' dir='ltr'>qui</span> <span class='ocrx_word' id='word_1_38' title='bbox 1566 592 1777 631; x_wconf 89' lang='lat' dir='ltr'><strong>memor</strong></span> <span class='ocrx_word' id='word_1_39' title='bbox 1814 576 1885 631; x_wconf 89' lang='lat' dir='ltr'>sit</span> <span class='ocrx_word' id='word_1_40' title='bbox 1919 575 1995 629; x_wconf 91' lang='lat' dir='ltr'>tui</span> <span class='ocrx_word' id='word_1_41' title='bbox 2033 594 2047 629; x_wconf 89' lang='lat'><strong>:</strong></span> 
     </span>
    </p>
   </div>
   <div class='ocr_carea' id='block_1_7' title="bbox 472 668 2046 743">
    <p class='ocr_par' dir='ltr' id='par_1_7' title="bbox 472 668 2046 743">
     <span class='ocr_line' id='line_1_7' title="bbox 472 668 2046 743; baseline -0.007 -12"><span class='ocrx_word' id='word_1_42' title='bbox 472 678 526 731; x_wconf 90' lang='lat' dir='ltr'>in</span> <span class='ocrx_word' id='word_1_43' title='bbox 564 675 777 728; x_wconf 75' lang='lat' dir='ltr'><strong>inferno</strong></span> <span class='ocrx_word' id='word_1_44' title='bbox 803 684 984 729; x_wconf 91' lang='lat' dir='ltr'><strong>autem</strong></span> <span class='ocrx_word' id='word_1_45' title='bbox 1031 673 1154 743; x_wconf 90' lang='lat' dir='ltr'><strong>quis</strong></span> <span class='ocrx_word' id='word_1_46' title='bbox 1201 670 1552 727; x_wconf 87' lang='lat' dir='ltr'><strong>conlitebitnr</strong></span> <span class='ocrx_word' id='word_1_47' title='bbox 1588 670 1721 725; x_wconf 83' lang='lat' dir='ltr'><strong>tibi?</strong></span> <span class='ocrx_word' id='word_1_48' title='bbox 1759 688 1776 721; x_wconf 78' lang='grc' dir='ltr'>ι</span> <span class='ocrx_word' id='word_1_49' title='bbox 1831 668 2046 722; x_wconf 86' lang='lat' dir='ltr'><strong>Etenim</strong></span> 
     </span>
    </p>
   </div>
   <div class='ocr_carea' id='block_1_8' title="bbox 473 760 2051 836">
    <p class='ocr_par' dir='ltr' id='par_1_8' title="bbox 473 760 2051 836">
     <span class='ocr_line' id='line_1_8' title="bbox 473 760 2051 836; baseline -0.006 -14"><span class='ocrx_word' id='word_1_50' title='bbox 473 784 581 823; x_wconf 84' lang='lat' dir='ltr'>nun</span> <span class='ocrx_word' id='word_1_51' title='bbox 611 776 692 822; x_wconf 90' lang='lat' dir='ltr'>est</span> <span class='ocrx_word' id='word_1_52' title='bbox 728 768 837 821; x_wconf 90' lang='lat' dir='ltr'><strong>illic</strong></span> <span class='ocrx_word' id='word_1_53' title='bbox 865 766 958 836; x_wconf 89' lang='lat' dir='ltr'>qui</span> <span class='ocrx_word' id='word_1_54' title='bbox 992 779 1201 819; x_wconf 88' lang='lat' dir='ltr'><strong>memor</strong></span> <span class='ocrx_word' id='word_1_55' title='bbox 1242 765 1313 819; x_wconf 88' lang='lat' dir='ltr'><strong>sit</strong></span> <span class='ocrx_word' id='word_1_56' title='bbox 1342 763 1432 816; x_wconf 89' lang='lat' dir='ltr'><strong>Dei</strong></span> <span class='ocrx_word' id='word_1_57' title='bbox 1467 762 1723 832; x_wconf 86' lang='lat' dir='ltr'><strong>dicatque</strong></span> <span class='ocrx_word' id='word_1_58' title='bbox 1753 776 1878 815; x_wconf 92' lang='lat' dir='ltr'>cum</span> <span class='ocrx_word' id='word_1_59' title='bbox 1914 760 2051 814; x_wconf 82' lang='lat' dir='ltr'><strong>laeti-</strong></span> 
     </span>
    </p>
   </div>
   <div class='ocr_carea' id='block_1_9' title="bbox 473 853 2049 920">
    <p class='ocr_par' dir='ltr' id='par_1_9' title="bbox 473 853 2049 920">
     <span class='ocr_line' id='line_1_9' title="bbox 473 853 2049 920; baseline -0.004 -8"><span class='ocrx_word' id='word_1_60' title='bbox 473 860 544 913; x_wconf 85' lang='lat' dir='ltr'>tia</span> <span class='ocrx_word' id='word_1_61' title='bbox 579 877 591 913; x_wconf 94' lang='lat'>:</span> <span class='ocrx_word' id='word_1_62' title='bbox 632 876 650 910; x_wconf 80' lang='grc' dir='ltr'>ι</span> <span class='ocrx_word' id='word_1_63' title='bbox 686 856 889 911; x_wconf 70' lang='lat' dir='ltr'><strong>Metuo:-</strong></span> <span class='ocrx_word' id='word_1_64' title='bbox 931 855 1007 909; x_wconf 82' lang='lat' dir='ltr'>fui</span> <span class='ocrx_word' id='word_1_65' title='bbox 1043 854 1136 908; x_wconf 86' lang='lat' dir='ltr'><strong>Dei</strong></span> <span class='ocrx_word' id='word_1_66' title='bbox 1180 862 1234 907; x_wconf 89' lang='lat' dir='ltr'>et</span> <span class='ocrx_word' id='word_1_67' title='bbox 1283 853 1584 909; x_wconf 87' lang='lat' dir='ltr'><strong>delectatus</strong></span> <span class='ocrx_word' id='word_1_68' title='bbox 1612 867 1770 918; x_wconf 88' lang='lat' dir='ltr'><strong>sum;</strong></span> <span class='ocrx_word' id='word_1_69' title='bbox 1814 869 1832 904; x_wconf 75' lang='grc' dir='ltr'>ι</span> <span class='ocrx_word' id='word_1_70' title='bbox 1872 864 2049 920; x_wconf 86' lang='lat' dir='ltr'><strong>neque</strong></span> 
     </span>
    </p>
   </div>
   <div class='ocr_carea' id='block_1_10' title="bbox 2156 473 3722 553">
    <p class='ocr_par' dir='ltr' id='par_1_10' title="bbox 2156 473 3722 553">
     <span class='ocr_line' id='line_1_10' title="bbox 2156 473 3722 553; baseline -0.008 -16"><span class='ocrx_word' id='word_1_71' title='bbox 2156 484 2201 515; x_wconf 68' lang='grc' dir='ltr'>θ’</span> <span class='ocrx_word' id='word_1_72' title='bbox 2236 483 2328 536; x_wconf 75' lang='grc' dir='ltr'>καὶ</span> <span class='ocrx_word' id='word_1_73' title='bbox 2357 482 2451 553; x_wconf 76' lang='grc' dir='ltr'>τὴν</span> <span class='ocrx_word' id='word_1_74' title='bbox 2478 481 2787 553; x_wconf 83' lang='grc' dir='ltr'>ἀπέραντον</span> <span class='ocrx_word' id='word_1_75' title='bbox 2812 480 2827 511; x_wconf 76' lang='grc'>⁸</span> <span class='ocrx_word' id='word_1_76' title='bbox 2887 478 3150 550; x_wconf 74' lang='grc' dir='ltr'>αίσχυνήν</span> <span class='ocrx_word' id='word_1_77' title='bbox 3168 493 3226 530; x_wconf 86' lang='grc' dir='ltr'>τε</span> <span class='ocrx_word' id='word_1_78' title='bbox 3288 474 3389 529; x_wconf 59' lang='grc' dir='ltr'>καὶ⁸</span> <span class='ocrx_word' id='word_1_79' title='bbox 3432 473 3663 526; x_wconf 79' lang='grc' dir='ltr'>κόλασιν</span> <span class='ocrx_word' id='word_1_80' title='bbox 3688 474 3722 525; x_wconf 79' lang='grc'>⁸.</span> 
     </span>
    </p>
   </div>
   <div class='ocr_carea' id='block_1_11' title="bbox 2154 566 3726 645">
    <p class='ocr_par' dir='ltr' id='par_1_11' title="bbox 2154 566 3726 645">
     <span class='ocr_line' id='line_1_11' title="bbox 2154 566 3726 645; baseline -0.008 -17"><span class='ocrx_word' id='word_1_81' title='bbox 2154 574 2339 628; x_wconf 88' lang='grc' dir='ltr'>Ταῦτα</span> <span class='ocrx_word' id='word_1_82' title='bbox 2366 574 2429 645; x_wconf 83' lang='grc' dir='ltr'>δὴ</span> <span class='ocrx_word' id='word_1_83' title='bbox 2454 573 2628 629; x_wconf 85' lang='grc' dir='ltr'>ταῦτα</span> <span class='ocrx_word' id='word_1_84' title='bbox 2668 572 3058 645; x_wconf 89' lang='grc' dir='ltr'>προεννοοῦσαι</span> <span class='ocrx_word' id='word_1_85' title='bbox 3115 571 3212 623; x_wconf 80' lang='grc' dir='ltr'>καὶ</span> <span class='ocrx_word' id='word_1_86' title='bbox 3262 566 3726 635; x_wconf 73' lang='grc' dir='ltr'>διαλογιζόμενοι.</span> 
     </span>
    </p>
   </div>
   <div class='ocr_carea' id='block_1_12' title="bbox 2156 657 3811 733">
    <p class='ocr_par' dir='ltr' id='par_1_12' title="bbox 2156 657 3811 733">
     <span class='ocr_line' id='line_1_12' title="bbox 2156 657 3811 733; baseline -0.006 -15"><span class='ocrx_word' id='word_1_87' title='bbox 2156 668 2382 730; x_wconf 74' lang='grc' dir='ltr'>εἰκότως</span> <span class='ocrx_word' id='word_1_88' title='bbox 2407 666 2667 720; x_wconf 77' lang='grc' dir='ltr'>πενθοῦσι</span> <span class='ocrx_word' id='word_1_89' title='bbox 2691 667 2785 720; x_wconf 71' lang='grc' dir='ltr'>καὶ</span> <span class='ocrx_word' id='word_1_90' title='bbox 2817 664 3182 733; x_wconf 73' lang='grc' dir='ltr'>ἀποδύρονται</span> <span class='ocrx_word' id='word_1_91' title='bbox 3219 661 3295 724; x_wconf 83' lang='grc' dir='ltr'>ὡς</span> <span class='ocrx_word' id='word_1_92' title='bbox 3321 657 3731 729; x_wconf 76' lang='grc' dir='ltr'>κατακεκριμέ-</span> <span class='ocrx_word' id='word_1_93' title='bbox 3808 678 3811 681; x_wconf 95' lang='grc'>·</span> 
     </span>
    </p>
   </div>
   <div class='ocr_carea' id='block_1_13' title="bbox 2154 750 3733 832">
    <p class='ocr_par' dir='ltr' id='par_1_13' title="bbox 2154 750 3733 832">
     <span class='ocr_line' id='line_1_13' title="bbox 2154 750 3733 832; baseline -0.006 -21"><span class='ocrx_word' id='word_1_94' title='bbox 2154 777 2240 812; x_wconf 90' lang='grc' dir='ltr'>ναι</span> <span class='ocrx_word' id='word_1_95' title='bbox 2279 762 2375 814; x_wconf 71' lang='grc' dir='ltr'>καὶ</span> <span class='ocrx_word' id='word_1_96' title='bbox 2402 760 2799 832; x_wconf 87' lang='grc' dir='ltr'>ἀναπολόγητοι</span> <span class='ocrx_word' id='word_1_97' title='bbox 2826 759 2920 813; x_wconf 70' lang='grc' dir='ltr'>καὶ</span> <span class='ocrx_word' id='word_1_98' title='bbox 2955 757 3089 829; x_wconf 81' lang='grc' dir='ltr'>μηδὲ</span> <span class='ocrx_word' id='word_1_99' title='bbox 3116 754 3208 808; x_wconf 89' lang='grc' dir='ltr'>τοῦ</span> <span class='ocrx_word' id='word_1_100' title='bbox 3248 752 3418 822; x_wconf 76' lang='grc' dir='ltr'>σοφοῦ</span> <span class='ocrx_word' id='word_1_101' title='bbox 3448 753 3549 821; x_wconf 85' lang='grc' dir='ltr'>τὴν</span> <span class='ocrx_word' id='word_1_102' title='bbox 3588 750 3733 803; x_wconf 87' lang='grc' dir='ltr'>διδα-</span> 
     </span>
    </p>
   </div>
   <div class='ocr_carea' id='block_1_14' title="bbox 2157 843 3736 920">
    <p class='ocr_par' dir='ltr' id='par_1_14' title="bbox 2157 843 3736 920">
     <span class='ocr_line' id='line_1_14' title="bbox 2157 843 3736 920; baseline -0.004 -17"><span class='ocrx_word' id='word_1_103' title='bbox 2157 852 2385 906; x_wconf 89' lang='grc' dir='ltr'>σκαλίαν</span> <span class='ocrx_word' id='word_1_104' title='bbox 2411 852 2746 916; x_wconf 86' lang='grc' dir='ltr'>ἀκούσαντες</span> <span class='ocrx_word' id='word_1_105' title='bbox 2791 852 3045 920; x_wconf 84' lang='grc' dir='ltr'>λέγοντος</span> <span class='ocrx_word' id='word_1_106' title='bbox 3076 850 3098 880; x_wconf 84' lang='grc'>³</span> <span class='ocrx_word' id='word_1_107' title='bbox 3122 866 3136 882; x_wconf 79' lang='grc' dir='ltr'><strong><em>ο</em></strong></span> <span class='ocrx_word' id='word_1_108' title='bbox 3189 867 3207 900; x_wconf 83' lang='grc' dir='ltr'>ι</span> <span class='ocrx_word' id='word_1_109' title='bbox 3256 848 3449 901; x_wconf 82' lang='grc' dir='ltr'>Πάντα</span> <span class='ocrx_word' id='word_1_110' title='bbox 3480 846 3500 876; x_wconf 78' lang='grc'>⁸</span> <span class='ocrx_word' id='word_1_111' title='bbox 3531 847 3634 899; x_wconf 85' lang='grc' dir='ltr'>ὅσα</span> <span class='ocrx_word' id='word_1_112' title='bbox 3671 843 3736 897; x_wconf 84' lang='grc' dir='ltr'>ἀν</span> 
     </span>
    </p>
   </div>
   <div class='ocr_carea' id='block_1_15' title="bbox 471 938 2047 1019">
    <p class='ocr_par' dir='ltr' id='par_1_15' title="bbox 471 938 2047 1019">
     <span class='ocr_line' id='line_1_15' title="bbox 471 938 2047 1019; baseline -0.006 -17"><span class='ocrx_word' id='word_1_113' title='bbox 471 949 564 1019; x_wconf 88' lang='lat' dir='ltr'>qui</span> <span class='ocrx_word' id='word_1_114' title='bbox 627 947 951 1001; x_wconf 79' lang='lat' dir='ltr'><strong>conﬁteatur</strong></span> <span class='ocrx_word' id='word_1_115' title='bbox 1009 952 1061 998; x_wconf 90' lang='lat' dir='ltr'>et</span> <span class='ocrx_word' id='word_1_116' title='bbox 1114 943 1298 999; x_wconf 88' lang='lat' dir='ltr'><strong>salvus</strong></span> <span class='ocrx_word' id='word_1_117' title='bbox 1359 943 1449 1009; x_wconf 87' lang='lat' dir='ltr'><strong>sit,</strong></span> <span class='ocrx_word' id='word_1_118' title='bbox 1502 942 1759 1011; x_wconf 89' lang='lat' dir='ltr'><strong>quoniam</strong></span> <span class='ocrx_word' id='word_1_119' title='bbox 1819 938 2047 994; x_wconf 88' lang='lat' dir='ltr'><strong>reclusit</strong></span> 
     </span>
    </p>
   </div>
   <div class='ocr_carea' id='block_1_16' title="bbox 474 1032 2045 1095">
    <p class='ocr_par' dir='ltr' id='par_1_16' title="bbox 474 1032 2045 1095">
     <span class='ocr_line' id='line_1_16' title="bbox 474 1032 2045 1095; baseline -0.004 -2"><span class='ocrx_word' id='word_1_120' title='bbox 474 1041 738 1095; x_wconf 87' lang='lat' dir='ltr'><strong>Dominus</strong></span> <span class='ocrx_word' id='word_1_121' title='bbox 774 1039 881 1094; x_wconf 88' lang='lat' dir='ltr'><strong>illis</strong></span> <span class='ocrx_word' id='word_1_122' title='bbox 914 1052 1131 1092; x_wconf 91' lang='lat' dir='ltr'><strong>omnem</strong></span> <span class='ocrx_word' id='word_1_123' title='bbox 1194 1035 1591 1091; x_wconf 81' lang='lat' dir='ltr'><strong>confessionem</strong></span> <span class='ocrx_word' id='word_1_124' title='bbox 1642 1041 1695 1089; x_wconf 88' lang='lat' dir='ltr'>et</span> <span class='ocrx_word' id='word_1_125' title='bbox 1748 1032 2045 1087; x_wconf 87' lang='lat' dir='ltr'><strong>correctio-</strong></span> 
     </span>
    </p>
   </div>
   <div class='ocr_carea' id='block_1_17' title="bbox 476 1148 621 1186">
    <p class='ocr_par' dir='ltr' id='par_1_17' title="bbox 476 1148 621 1186">
     <span class='ocr_line' id='line_1_17' title="bbox 476 1148 621 1186; baseline 0 0"><span class='ocrx_word' id='word_1_126' title='bbox 476 1148 621 1186; x_wconf 92' lang='lat' dir='ltr'><strong>ncm.</strong></span> 
     </span>
    </p>
   </div>
   <div class='ocr_carea' id='block_1_18' title="bbox 2156 938 3734 1014">
    <p class='ocr_par' dir='ltr' id='par_1_18' title="bbox 2156 938 3734 1014">
     <span class='ocr_line' id='line_1_18' title="bbox 2156 938 3734 1014; baseline 0.004 -20"><span class='ocrx_word' id='word_1_127' title='bbox 2156 941 2292 1014; x_wconf 87' lang='grc' dir='ltr'>ε’ύρῃ</span> <span class='ocrx_word' id='word_1_128' title='bbox 2324 944 2355 1012; x_wconf 85' lang='grc' dir='ltr'>ή</span> <span class='ocrx_word' id='word_1_129' title='bbox 2388 944 2510 1014; x_wconf 86' lang='grc' dir='ltr'>χείρ</span> <span class='ocrx_word' id='word_1_130' title='bbox 2560 962 2654 998; x_wconf 93' lang='grc' dir='ltr'>σου</span> <span class='ocrx_word' id='word_1_131' title='bbox 2698 943 2794 998; x_wconf 90' lang='grc' dir='ltr'>τοῦ</span> <span class='ocrx_word' id='word_1_132' title='bbox 2853 943 3102 1010; x_wconf 81' lang='grc' dir='ltr'>ποιῆσαι,</span> <span class='ocrx_word' id='word_1_133' title='bbox 3161 942 3261 1011; x_wconf 79' lang='grc' dir='ltr'>ὅση</span> <span class='ocrx_word' id='word_1_134' title='bbox 3312 958 3397 994; x_wconf 84' lang='grc' dir='ltr'>σοι</span> <span class='ocrx_word' id='word_1_135' title='bbox 3431 941 3453 971; x_wconf 83' lang='grc'>⁸</span> <span class='ocrx_word' id='word_1_136' title='bbox 3484 938 3734 1005; x_wconf 64' lang='grc' dir='ltr'>δύναμις,</span> 
     </span>
    </p>
   </div>
   <div class='ocr_carea' id='block_1_19' title="bbox 2156 1026 3739 1105">
    <p class='ocr_par' dir='ltr' id='par_1_19' title="bbox 2156 1026 3739 1105">
     <span class='ocr_line' id='line_1_19' title="bbox 2156 1026 3739 1105; baseline -0.005 -18"><span class='ocrx_word' id='word_1_137' title='bbox 2156 1034 2403 1104; x_wconf 88' lang='grc' dir='ltr'>ποίησον,</span> <span class='ocrx_word' id='word_1_138' title='bbox 2423 1034 2622 1088; x_wconf 70' lang='grc' dir='ltr'>ὅτιούκ</span> <span class='ocrx_word' id='word_1_139' title='bbox 2652 1037 2767 1088; x_wconf 89' lang='grc' dir='ltr'>ἐστι</span> <span class='ocrx_word' id='word_1_140' title='bbox 2786 1036 3023 1105; x_wconf 80' lang='grc' dir='ltr'>ποίημα,</span> <span class='ocrx_word' id='word_1_141' title='bbox 3052 1034 3146 1087; x_wconf 71' lang='grc' dir='ltr'>καὶ</span> <span class='ocrx_word' id='word_1_142' title='bbox 3167 1031 3455 1101; x_wconf 77' lang='grc' dir='ltr'>λογισμὸς,</span> <span class='ocrx_word' id='word_1_143' title='bbox 3485 1029 3580 1083; x_wconf 78' lang='grc' dir='ltr'>καὶ</span> <span class='ocrx_word' id='word_1_144' title='bbox 3600 1026 3739 1095; x_wconf 83' lang='grc' dir='ltr'>γνῶ·</span> 
     </span>
    </p>
   </div>
   <div class='ocr_carea' id='block_1_20' title="bbox 2158 1118 3741 1201">
    <p class='ocr_par' dir='ltr' id='par_1_20' title="bbox 2158 1118 3741 1201">
     <span class='ocr_line' id='line_1_20' title="bbox 2158 1118 3741 1201; baseline -0.007 -20"><span class='ocrx_word' id='word_1_145' title='bbox 2158 1144 2263 1190; x_wconf 81' lang='grc' dir='ltr'>σις,</span> <span class='ocrx_word' id='word_1_146' title='bbox 2290 1127 2384 1181; x_wconf 77' lang='grc' dir='ltr'>καὶ</span> <span class='ocrx_word' id='word_1_147' title='bbox 2418 1128 2580 1197; x_wconf 81' lang='grc' dir='ltr'>σοφία</span> <span class='ocrx_word' id='word_1_148' title='bbox 2614 1129 2670 1181; x_wconf 91' lang='grc' dir='ltr'>ἐν</span> <span class='ocrx_word' id='word_1_149' title='bbox 2702 1128 2824 1201; x_wconf 75' lang='grc' dir='ltr'>ᾄδῃ,</span> <span class='ocrx_word' id='word_1_150' title='bbox 2860 1130 2995 1182; x_wconf 84' lang='grc' dir='ltr'>ὅπου</span> <span class='ocrx_word' id='word_1_151' title='bbox 3032 1128 3095 1180; x_wconf 75' lang='grc' dir='ltr'>σὺ</span> <span class='ocrx_word' id='word_1_152' title='bbox 3121 1125 3329 1197; x_wconf 79' lang='grc' dir='ltr'>πορεύῃ</span> <span class='ocrx_word' id='word_1_153' title='bbox 3352 1124 3471 1177; x_wconf 79' lang='grc' dir='ltr'>ἐκεῖ</span> <span class='ocrx_word' id='word_1_154' title='bbox 3503 1137 3554 1173; x_wconf 76' lang='grc'><strong>⁸»</strong></span> <span class='ocrx_word' id='word_1_155' title='bbox 3593 1118 3741 1172; x_wconf 83' lang='grc' dir='ltr'>ἐπεί-</span> 
     </span>
    </p>
   </div>
   <div class='ocr_carea' id='block_1_21' title="bbox 476 1218 3740 1298">
    <p class='ocr_par' dir='ltr' id='par_1_21' title="bbox 476 1218 3740 1298">
     <span class='ocr_line' id='line_1_21' title="bbox 476 1218 3740 1298; baseline -0.004 -17"><span class='ocrx_word' id='word_1_156' title='bbox 476 1246 583 1298; x_wconf 82' lang='grc' dir='ltr'>περ</span> <span class='ocrx_word' id='word_1_157' title='bbox 623 1227 765 1281; x_wconf 70' lang='grc' dir='ltr'>«Οὔκ</span> <span class='ocrx_word' id='word_1_158' title='bbox 798 1228 944 1281; x_wconf 81' lang='grc' dir='ltr'>ἐστιν</span> <span class='ocrx_word' id='word_1_159' title='bbox 972 1228 1031 1281; x_wconf 92' lang='grc' dir='ltr'>ἐν</span> <span class='ocrx_word' id='word_1_160' title='bbox 1060 1227 1136 1297; x_wconf 82' lang='grc' dir='ltr'>τῷ</span> <span class='ocrx_word' id='word_1_161' title='bbox 1160 1226 1375 1296; x_wconf 76' lang='grc' dir='ltr'>θανάτῳ</span> <span class='ocrx_word' id='word_1_162' title='bbox 1412 1226 1438 1277; x_wconf 89' lang='lat'>6</span> <span class='ocrx_word' id='word_1_163' title='bbox 1472 1222 1828 1294; x_wconf 76' lang='grc' dir='ltr'>μνημονεύων</span> <span class='ocrx_word' id='word_1_164' title='bbox 1860 1239 1954 1276; x_wconf 88' lang='grc' dir='ltr'>σου</span> <span class='ocrx_word' id='word_1_165' title='bbox 1980 1222 2000 1253; x_wconf 83' lang='grc'><strong>⁸</strong></span> <span class='ocrx_word' id='word_1_166' title='bbox 2031 1239 2046 1253; x_wconf 76' lang='grc' dir='ltr'><strong>ο</strong></span> <span class='ocrx_word' id='word_1_167' title='bbox 2089 1224 2148 1276; x_wconf 85' lang='grc' dir='ltr'>ἐν</span> <span class='ocrx_word' id='word_1_168' title='bbox 2183 1222 2241 1277; x_wconf 84' lang='grc' dir='ltr'>δέ</span> <span class='ocrx_word' id='word_1_169' title='bbox 2279 1225 2297 1255; x_wconf 80' lang='grc'>⁷</span> <span class='ocrx_word' id='word_1_170' title='bbox 2345 1223 2423 1292; x_wconf 84' lang='grc' dir='ltr'>τῷ</span> <span class='ocrx_word' id='word_1_171' title='bbox 2456 1223 2556 1295; x_wconf 77' lang='grc' dir='ltr'>ᾄδῃ</span> <span class='ocrx_word' id='word_1_172' title='bbox 2581 1224 2662 1287; x_wconf 89' lang='grc' dir='ltr'>τίς</span> <span class='ocrx_word' id='word_1_173' title='bbox 2724 1224 3187 1296; x_wconf 78' lang='grc' dir='ltr'>ἐξομολογήσεται</span> <span class='ocrx_word' id='word_1_174' title='bbox 3251 1241 3335 1277; x_wconf 91' lang='grc' dir='ltr'>σοι</span> <span class='ocrx_word' id='word_1_175' title='bbox 3359 1241 3377 1287; x_wconf 89' lang='grc'><strong><em>;</em></strong></span> <span class='ocrx_word' id='word_1_176' title='bbox 3404 1240 3421 1273; x_wconf 71' lang='grc' dir='ltr'>ι</span> <span class='ocrx_word' id='word_1_177' title='bbox 3479 1219 3593 1273; x_wconf 68' lang='grc' dir='ltr'>Καὶ</span> <span class='ocrx_word' id='word_1_178' title='bbox 3632 1218 3740 1286; x_wconf 74' lang='grc' dir='ltr'>γὰρ</span> 
     </span>
    </p>
   </div>
   <div class='ocr_carea' id='block_1_22' title="bbox 475 1310 3738 1392">
    <p class='ocr_par' dir='ltr' id='par_1_22' title="bbox 475 1310 3738 1392">
     <span class='ocr_line' id='line_1_22' title="bbox 475 1310 3738 1392; baseline -0.004 -17"><span class='ocrx_word' id='word_1_179' title='bbox 475 1322 576 1375; x_wconf 78' lang='grc' dir='ltr'>οῦκ</span> <span class='ocrx_word' id='word_1_180' title='bbox 610 1325 758 1375; x_wconf 84' lang='grc' dir='ltr'>ἐστιν</span> <span class='ocrx_word' id='word_1_181' title='bbox 804 1325 917 1375; x_wconf 79' lang='grc' dir='ltr'>ἐκεῖ</span> <span class='ocrx_word' id='word_1_182' title='bbox 965 1323 993 1375; x_wconf 88' lang='lat'>6</span> <span class='ocrx_word' id='word_1_183' title='bbox 1046 1320 1405 1392; x_wconf 78' lang='grc' dir='ltr'>μνημονεύων</span> <span class='ocrx_word' id='word_1_184' title='bbox 1438 1318 1531 1372; x_wconf 89' lang='grc' dir='ltr'>τοῦ</span> <span class='ocrx_word' id='word_1_185' title='bbox 1562 1317 1699 1372; x_wconf 91' lang='grc' dir='ltr'>Θεοῦ</span> <span class='ocrx_word' id='word_1_186' title='bbox 1735 1318 1827 1370; x_wconf 51' lang='grc' dir='ltr'>καὶ⁸</span> <span class='ocrx_word' id='word_1_187' title='bbox 1881 1316 2056 1386; x_wconf 76' lang='grc' dir='ltr'>λέγων</span> <span class='ocrx_word' id='word_1_188' title='bbox 2098 1318 2218 1386; x_wconf 83' lang='grc' dir='ltr'>μετ’</span> <span class='ocrx_word' id='word_1_189' title='bbox 2285 1318 2627 1388; x_wconf 73' lang='grc' dir='ltr'>εὐφροσύνης</span> <span class='ocrx_word' id='word_1_190' title='bbox 2653 1319 2674 1350; x_wconf 77' lang='grc'>⁸</span> <span class='ocrx_word' id='word_1_191' title='bbox 2706 1334 2721 1351; x_wconf 87' lang='grc'><strong>·</strong></span> <span class='ocrx_word' id='word_1_192' title='bbox 2761 1336 2778 1369; x_wconf 85' lang='grc' dir='ltr'>ι</span> <span class='ocrx_word' id='word_1_193' title='bbox 2824 1318 3134 1389; x_wconf 76' lang='grc' dir='ltr'>Ἐμνήσθην</span> <span class='ocrx_word' id='word_1_194' title='bbox 3182 1316 3274 1370; x_wconf 88' lang='grc' dir='ltr'>τοῦ</span> <span class='ocrx_word' id='word_1_195' title='bbox 3338 1313 3476 1368; x_wconf 87' lang='grc' dir='ltr'>Θεοῦ</span> <span class='ocrx_word' id='word_1_196' title='bbox 3512 1313 3607 1367; x_wconf 67' lang='grc' dir='ltr'>καὶ</span> <span class='ocrx_word' id='word_1_197' title='bbox 3637 1310 3738 1379; x_wconf 82' lang='grc' dir='ltr'>ηὑ-</span> 
     </span>
    </p>
   </div>
   <div class='ocr_carea' id='block_1_23' title="bbox 476 1402 3740 1485">
    <p class='ocr_par' dir='ltr' id='par_1_23' title="bbox 476 1402 3740 1485">
     <span class='ocr_line' id='line_1_23' title="bbox 476 1402 3740 1485; baseline -0.003 -18"><span class='ocrx_word' id='word_1_198' title='bbox 476 1414 745 1485; x_wconf 65' lang='grc' dir='ltr'>ιρρὰνθην,</span> <span class='ocrx_word' id='word_1_199' title='bbox 776 1433 792 1465; x_wconf 74' lang='grc' dir='ltr'>ι</span> <span class='ocrx_word' id='word_1_200' title='bbox 881 1414 1002 1466; x_wconf 82' lang='grc' dir='ltr'>οῦτε</span> <span class='ocrx_word' id='word_1_201' title='bbox 1066 1411 1555 1483; x_wconf 70' lang='grc' dir='ltr'>ἐξομολογούμενος</span> <span class='ocrx_word' id='word_1_202' title='bbox 1607 1411 1700 1465; x_wconf 74' lang='grc' dir='ltr'>καὶ</span> <span class='ocrx_word' id='word_1_203' title='bbox 1755 1408 2084 1480; x_wconf 74' lang='grc' dir='ltr'>σωζόμενος,</span> <span class='ocrx_word' id='word_1_204' title='bbox 2123 1410 2255 1463; x_wconf 87' lang='grc' dir='ltr'>διότι</span> <span class='ocrx_word' id='word_1_205' title='bbox 2314 1412 2608 1465; x_wconf 79' lang='grc' dir='ltr'>ἀπέκλεισε</span> <span class='ocrx_word' id='word_1_206' title='bbox 2634 1412 2836 1481; x_wconf 83' lang='grc' dir='ltr'>Κύριος</span> <span class='ocrx_word' id='word_1_207' title='bbox 2861 1413 2981 1465; x_wconf 86' lang='grc' dir='ltr'>κατ’</span> <span class='ocrx_word' id='word_1_208' title='bbox 3012 1411 3235 1466; x_wconf 86' lang='grc' dir='ltr'>αύτῶν⁹</span> <span class='ocrx_word' id='word_1_209' title='bbox 3263 1410 3444 1464; x_wconf 80' lang='grc' dir='ltr'>πᾶσαν</span> <span class='ocrx_word' id='word_1_210' title='bbox 3486 1402 3740 1477; x_wconf 80' lang='grc' dir='ltr'>ἐξομολόο</span> 
     </span>
    </p>
   </div>
   <div class='ocr_carea' id='block_1_24' title="bbox 475 1506 1085 1577">
    <p class='ocr_par' dir='ltr' id='par_1_24' title="bbox 475 1506 1085 1577">
     <span class='ocr_line' id='line_1_24' title="bbox 475 1506 1085 1577; baseline -0.003 -16"><span class='ocrx_word' id='word_1_211' title='bbox 475 1527 638 1577; x_wconf 82' lang='grc' dir='ltr'>γησιν</span> <span class='ocrx_word' id='word_1_212' title='bbox 667 1509 757 1562; x_wconf 71' lang='grc' dir='ltr'>καὶ</span> <span class='ocrx_word' id='word_1_213' title='bbox 779 1506 1085 1577; x_wconf 78' lang='grc' dir='ltr'>διόρθωσιν.</span> 
     </span>
    </p>
   </div>
   <div class='ocr_carea' id='block_1_25' title="bbox 550 1589 2060 1668">
    <p class='ocr_par' dir='ltr' id='par_1_25' title="bbox 550 1596 2046 1668">
     <span class='ocr_line' id='line_1_25' title="bbox 550 1596 2046 1668; baseline -0.005 -16"><span class='ocrx_word' id='word_1_214' title='bbox 550 1598 701 1654; x_wconf 83' lang='lat' dir='ltr'><strong>Unde</strong></span> <span class='ocrx_word' id='word_1_215' title='bbox 732 1614 947 1668; x_wconf 84' lang='lat' dir='ltr'><strong>quoque</strong></span> <span class='ocrx_word' id='word_1_216' title='bbox 981 1602 1170 1652; x_wconf 86' lang='lat' dir='ltr'><strong>beatus</strong></span> <span class='ocrx_word' id='word_1_217' title='bbox 1212 1596 1363 1651; x_wconf 82' lang='lat' dir='ltr'><strong>Nilus</strong></span> <span class='ocrx_word' id='word_1_218' title='bbox 1418 1598 1761 1667; x_wconf 89' lang='lat' dir='ltr'><strong>pronuntiat,</strong></span> <span class='ocrx_word' id='word_1_219' title='bbox 1810 1596 1997 1651; x_wconf 89' lang='lat' dir='ltr'><strong>dicens</strong></span> <span class='ocrx_word' id='word_1_220' title='bbox 2034 1610 2046 1645; x_wconf 89' lang='lat'><strong>:</strong></span> 
     </span>
    </p>
   </div>
   <div class='ocr_carea' id='block_1_26' title="bbox 2168 1589 3743 1668">
    <p class='ocr_par' dir='ltr' id='par_1_26' title="bbox 2240 1589 3743 1662">
     <span class='ocr_line' id='line_1_26' title="bbox 2240 1589 3743 1662; baseline 0.003 -2"><span class='ocrx_word' id='word_1_221' title='bbox 2240 1590 2554 1661; x_wconf 79' lang='grc' dir='ltr'>¹⁰(8›”οθεν</span> <span class='ocrx_word' id='word_1_222' title='bbox 2623 1591 2717 1643; x_wconf 68' lang='grc' dir='ltr'>καὶ</span> <span class='ocrx_word' id='word_1_223' title='bbox 2762 1592 2789 1643; x_wconf 92' lang='lat'>6</span> <span class='ocrx_word' id='word_1_224' title='bbox 2842 1589 3135 1661; x_wconf 72' lang='grc' dir='ltr'>’μακάριος</span> <span class='ocrx_word' id='word_1_225' title='bbox 3200 1589 3395 1652; x_wconf 78' lang='grc' dir='ltr'>Νεῖλος</span> <span class='ocrx_word' id='word_1_226' title='bbox 3450 1594 3743 1662; x_wconf 74' lang='grc' dir='ltr'>παρεγγυᾷ</span> 
     </span>
    </p>
   </div>
   <div class='ocr_carea' id='block_1_27' title="bbox 482 1663 2060 1759">
    <p class='ocr_par' dir='ltr' id='par_1_27' title="bbox 482 1685 2053 1759">
     <span class='ocr_line' id='line_1_27' title="bbox 482 1685 2053 1759; baseline -0.003 -16"><span class='ocrx_word' id='word_1_227' title='bbox 482 1711 500 1743; x_wconf 84' lang='grc'><strong>‹</strong></span> <span class='ocrx_word' id='word_1_228' title='bbox 539 1692 808 1759; x_wconf 82' lang='lat' dir='ltr'><strong>Memento</strong></span> <span class='ocrx_word' id='word_1_229' title='bbox 848 1690 1099 1744; x_wconf 84' lang='lat' dir='ltr'><strong>stationis</strong></span> <span class='ocrx_word' id='word_1_230' title='bbox 1128 1690 1181 1743; x_wconf 93' lang='lat' dir='ltr'>in</span> <span class='ocrx_word' id='word_1_231' title='bbox 1219 1689 1454 1753; x_wconf 80' lang='lat' dir='ltr'><strong>inferno,</strong></span> <span class='ocrx_word' id='word_1_232' title='bbox 1486 1698 1539 1743; x_wconf 93' lang='lat' dir='ltr'>et</span> <span class='ocrx_word' id='word_1_233' title='bbox 1564 1697 1750 1757; x_wconf 89' lang='lat' dir='ltr'><strong>reputa</strong></span> <span class='ocrx_word' id='word_1_234' title='bbox 1775 1685 2053 1758; x_wconf 86' lang='lat' dir='ltr'><strong>quomodo</strong></span> 
     </span>
    </p>
   </div>
   <div class='ocr_carea' id='block_1_28' title="bbox 2168 1663 3742 1759">
    <p class='ocr_par' dir='ltr' id='par_1_28' title="bbox 2168 1683 3742 1755">
     <span class='ocr_line' id='line_1_28' title="bbox 2168 1683 3742 1755; baseline -0.008 -17"><span class='ocrx_word' id='word_1_235' title='bbox 2168 1686 2423 1754; x_wconf 63' lang='grc' dir='ltr'>φάσκων·</span> <span class='ocrx_word' id='word_1_236' title='bbox 2463 1702 2480 1736; x_wconf 86' lang='lat' dir='ltr'>t</span> <span class='ocrx_word' id='word_1_237' title='bbox 2508 1684 2797 1755; x_wconf 81' lang='grc' dir='ltr'>Μνὴσθητι</span> <span class='ocrx_word' id='word_1_238' title='bbox 2830 1683 2886 1736; x_wconf 85' lang='grc' dir='ltr'>δέ</span> <span class='ocrx_word' id='word_1_239' title='bbox 2918 1684 3014 1737; x_wconf 64' lang='grc' dir='ltr'>καὶ⁸</span> <span class='ocrx_word' id='word_1_240' title='bbox 3046 1684 3145 1752; x_wconf 78' lang='grc' dir='ltr'>τῆς</span> <span class='ocrx_word' id='word_1_241' title='bbox 3203 1685 3261 1736; x_wconf 90' lang='grc' dir='ltr'>ἐν</span> <span class='ocrx_word' id='word_1_242' title='bbox 3319 1683 3361 1714; x_wconf 84' lang='grc'>¹¹</span> <span class='ocrx_word' id='word_1_243' title='bbox 3407 1683 3511 1755; x_wconf 68' lang='grc' dir='ltr'>ᾅδῃ</span> <span class='ocrx_word' id='word_1_244' title='bbox 3566 1702 3742 1739; x_wconf 75' lang='grc' dir='ltr'>κατα-</span> 
     </span>
    </p>
   </div>
   <div class='ocr_carea' id='block_1_29' title="bbox 477 1775 2060 1849">
    <p class='ocr_par' dir='ltr' id='par_1_29' title="bbox 477 1778 2052 1849">
     <span class='ocr_line' id='line_1_29' title="bbox 477 1778 2052 1849; baseline -0.003 -14"><span class='ocrx_word' id='word_1_245' title='bbox 477 1783 586 1835; x_wconf 68' lang='lat' dir='ltr'><strong>sint</strong></span> <span class='ocrx_word' id='word_1_246' title='bbox 618 1782 729 1836; x_wconf 88' lang='lat' dir='ltr'><strong>illic</strong></span> <span class='ocrx_word' id='word_1_247' title='bbox 760 1780 976 1843; x_wconf 68' lang='lat' dir='ltr'><strong>animas,</strong></span> <span class='ocrx_word' id='word_1_248' title='bbox 1008 1780 1061 1833; x_wconf 91' lang='lat' dir='ltr'>in</span> <span class='ocrx_word' id='word_1_249' title='bbox 1090 1779 1237 1849; x_wconf 89' lang='lat' dir='ltr'><strong>quali</strong></span> <span class='ocrx_word' id='word_1_250' title='bbox 1270 1778 1471 1833; x_wconf 92' lang='lat' dir='ltr'><strong>silentii</strong></span> <span class='ocrx_word' id='word_1_251' title='bbox 1503 1778 1821 1842; x_wconf 84' lang='lat' dir='ltr'><strong>acerbitate,</strong></span> <span class='ocrx_word' id='word_1_252' title='bbox 1852 1778 1906 1833; x_wconf 90' lang='lat' dir='ltr'>in</span> <span class='ocrx_word' id='word_1_253' title='bbox 1946 1793 2052 1847; x_wconf 90' lang='lat' dir='ltr'>qua</span> 
     </span>
    </p>
   </div>
   <div class='ocr_carea' id='block_1_30' title="bbox 2168 1775 3743 1849">
    <p class='ocr_par' dir='ltr' id='par_1_30' title="bbox 2168 1775 3743 1847">
     <span class='ocr_line' id='line_1_30' title="bbox 2168 1775 3743 1847; baseline 0 -18"><span class='ocrx_word' id='word_1_254' title='bbox 2168 1776 2406 1839; x_wconf 79' lang='grc' dir='ltr'>στάσεως</span> <span class='ocrx_word' id='word_1_255' title='bbox 2440 1777 2533 1830; x_wconf 64' lang='grc' dir='ltr'>καὶ</span> <span class='ocrx_word' id='word_1_256' title='bbox 2558 1776 2773 1845; x_wconf 73' lang='grc' dir='ltr'>λογίζου</span> <span class='ocrx_word' id='word_1_257' title='bbox 2810 1775 2923 1839; x_wconf 81' lang='grc' dir='ltr'>πῶς</span> <span class='ocrx_word' id='word_1_258' title='bbox 2954 1777 3060 1846; x_wconf 81' lang='grc' dir='ltr'>ἄρα</span> <span class='ocrx_word' id='word_1_259' title='bbox 3089 1777 3226 1828; x_wconf 72' lang='grc' dir='ltr'>είσὶν</span> <span class='ocrx_word' id='word_1_260' title='bbox 3258 1776 3375 1829; x_wconf 83' lang='grc' dir='ltr'>ἐκεῖ</span> <span class='ocrx_word' id='word_1_261' title='bbox 3398 1777 3441 1807; x_wconf 79' lang='grc'>⁸⁸</span> <span class='ocrx_word' id='word_1_262' title='bbox 3467 1778 3522 1829; x_wconf 87' lang='grc' dir='ltr'>αἱ</span> <span class='ocrx_word' id='word_1_263' title='bbox 3552 1776 3743 1847; x_wconf 66' lang='grc' dir='ltr'>ψυχαὶ,</span> 
     </span>
    </p>
   </div>
   <div class='ocr_carea' id='block_1_31' title="bbox 479 1868 2060 1942">
    <p class='ocr_par' dir='ltr' id='par_1_31' title="bbox 479 1868 2054 1941">
     <span class='ocr_line' id='line_1_31' title="bbox 479 1868 2054 1941; baseline -0.001 -18"><span class='ocrx_word' id='word_1_264' title='bbox 479 1870 779 1939; x_wconf 74' lang='lat' dir='ltr'><strong>gemituum</strong></span> <span class='ocrx_word' id='word_1_265' title='bbox 818 1869 1138 1934; x_wconf 88' lang='lat' dir='ltr'><strong>acrimonia,</strong></span> <span class='ocrx_word' id='word_1_266' title='bbox 1179 1879 1384 1939; x_wconf 90' lang='lat' dir='ltr'><strong>quanto</strong></span> <span class='ocrx_word' id='word_1_267' title='bbox 1414 1879 1561 1923; x_wconf 88' lang='lat' dir='ltr'><strong>metu</strong></span> <span class='ocrx_word' id='word_1_268' title='bbox 1604 1868 1687 1924; x_wconf 90' lang='lat' dir='ltr'>vel</span> <span class='ocrx_word' id='word_1_269' title='bbox 1728 1869 1922 1941; x_wconf 80' lang='lat' dir='ltr'><strong>agonia</strong></span> <span class='ocrx_word' id='word_1_270' title='bbox 1968 1868 2054 1924; x_wconf 85' lang='lat' dir='ltr'>vel</span> 
     </span>
    </p>
   </div>
   <div class='ocr_carea' id='block_1_32' title="bbox 2168 1868 3743 1942">
    <p class='ocr_par' dir='ltr' id='par_1_32' title="bbox 2168 1869 3743 1942">
     <span class='ocr_line' id='line_1_32' title="bbox 2168 1869 3743 1942; baseline -0.001 -18"><span class='ocrx_word' id='word_1_271' title='bbox 2168 1872 2221 1924; x_wconf 91' lang='grc' dir='ltr'>ἐν</span> <span class='ocrx_word' id='word_1_272' title='bbox 2259 1871 2388 1942; x_wconf 78' lang='grc' dir='ltr'>ποίᾳ</span> <span class='ocrx_word' id='word_1_273' title='bbox 2424 1871 2717 1942; x_wconf 80' lang='grc' dir='ltr'>πικρότητι</span> <span class='ocrx_word' id='word_1_274' title='bbox 2762 1870 2976 1940; x_wconf 84' lang='grc' dir='ltr'>σιωπῆς</span> <span class='ocrx_word' id='word_1_275' title='bbox 3000 1909 3015 1934; x_wconf 90' lang='grc'>,</span> <span class='ocrx_word' id='word_1_276' title='bbox 3050 1871 3109 1923; x_wconf 85' lang='grc' dir='ltr'>ἐν</span> <span class='ocrx_word' id='word_1_277' title='bbox 3149 1870 3278 1940; x_wconf 80' lang='grc' dir='ltr'>ποίᾳ</span> <span class='ocrx_word' id='word_1_278' title='bbox 3310 1869 3587 1940; x_wconf 83' lang='grc' dir='ltr'>δεινότητι</span> <span class='ocrx_word' id='word_1_279' title='bbox 3622 1888 3743 1923; x_wconf 80' lang='grc' dir='ltr'>στε-</span> 
     </span>
    </p>
   </div>
   <div class='ocr_carea' id='block_1_33' title="bbox 478 1961 2056 2033">
    <p class='ocr_par' dir='ltr' id='par_1_33' title="bbox 478 1961 2056 2033">
     <span class='ocr_line' id='line_1_33' title="bbox 478 1961 2056 2033; baseline -0.001 -17"><span class='ocrx_word' id='word_1_280' title='bbox 478 1963 889 2033; x_wconf 80' lang='lat' dir='ltr'><strong>exspcetatione</strong></span> <span class='ocrx_word' id='word_1_281' title='bbox 917 1962 1297 2018; x_wconf 85' lang='lat' dir='ltr'><strong>incessabilem</strong></span> <span class='ocrx_word' id='word_1_282' title='bbox 1327 1961 1510 2016; x_wconf 83' lang='lat' dir='ltr'><strong>ﬂetum</strong></span> <span class='ocrx_word' id='word_1_283' title='bbox 1541 1962 1844 2031; x_wconf 79' lang='lat' dir='ltr'><strong>excipiunt,</strong></span> <span class='ocrx_word' id='word_1_284' title='bbox 1876 1970 1929 2015; x_wconf 88' lang='lat' dir='ltr'>et</span> <span class='ocrx_word' id='word_1_285' title='bbox 1959 1962 2056 2015; x_wconf 80' lang='lat' dir='ltr'><strong>fri—</strong></span> 
     </span>
    </p>
   </div>
   <div class='ocr_carea' id='block_1_34' title="bbox 480 2054 1756 2127">
    <p class='ocr_par' dir='ltr' id='par_1_34' title="bbox 480 2054 1756 2127">
     <span class='ocr_line' id='line_1_34' title="bbox 480 2054 1756 2127; baseline -0.003 -17"><span class='ocrx_word' id='word_1_286' title='bbox 480 2074 579 2126; x_wconf 74' lang='lat' dir='ltr'><strong>gus</strong></span> <span class='ocrx_word' id='word_1_287' title='bbox 611 2057 807 2111; x_wconf 83' lang='lat' dir='ltr'><strong>habent</strong></span> <span class='ocrx_word' id='word_1_288' title='bbox 848 2071 911 2111; x_wconf 87' lang='lat' dir='ltr'>ac</span> <span class='ocrx_word' id='word_1_289' title='bbox 945 2071 1213 2127; x_wconf 86' lang='lat' dir='ltr'><strong>perennes</strong></span> <span class='ocrx_word' id='word_1_290' title='bbox 1254 2055 1376 2110; x_wconf 90' lang='lat' dir='ltr'><strong>illas</strong></span> <span class='ocrx_word' id='word_1_291' title='bbox 1406 2054 1697 2125; x_wconf 86' lang='lat' dir='ltr'><strong>lacrymas.</strong></span> <span class='ocrx_word' id='word_1_292' title='bbox 1738 2073 1756 2106; x_wconf 76' lang='grc' dir='ltr'>ι</span> 
     </span>
    </p>
   </div>
   <div class='ocr_carea' id='block_1_35' title="bbox 550 2234 2055 2306">
    <p class='ocr_par' dir='ltr' id='par_1_35' title="bbox 550 2234 2055 2306">
     <span class='ocr_line' id='line_1_35' title="bbox 550 2234 2055 2306; baseline 0.001 -16"><span class='ocrx_word' id='word_1_293' title='bbox 550 2236 667 2291; x_wconf 85' lang='lat' dir='ltr'>Non</span> <span class='ocrx_word' id='word_1_294' title='bbox 698 2237 854 2290; x_wconf 91' lang='lat' dir='ltr'><strong>aliter</strong></span> <span class='ocrx_word' id='word_1_295' title='bbox 899 2246 1081 2289; x_wconf 77' lang='lat' dir='ltr'><strong>autem</strong></span> <span class='ocrx_word' id='word_1_296' title='bbox 1114 2236 1410 2306; x_wconf 80' lang='lat' dir='ltr'><strong>Gregorius</strong></span> <span class='ocrx_word' id='word_1_297' title='bbox 1440 2234 1668 2291; x_wconf 88' lang='lat' dir='ltr'><strong>illustris</strong></span> <span class='ocrx_word' id='word_1_298' title='bbox 1701 2235 1889 2291; x_wconf 74' lang='lat' dir='ltr'><strong>Roma:</strong></span> <span class='ocrx_word' id='word_1_299' title='bbox 1919 2250 2055 2306; x_wconf 88' lang='lat' dir='ltr'><strong>papa</strong></span> 
     </span>
    </p>
   </div>
   <div class='ocr_carea' id='block_1_36' title="bbox 480 2323 2059 2397">
    <p class='ocr_par' dir='ltr' id='par_1_36' title="bbox 480 2323 2059 2397">
     <span class='ocr_line' id='line_1_36' title="bbox 480 2323 2059 2397; baseline -0.002 -15"><span class='ocrx_word' id='word_1_300' title='bbox 480 2330 533 2382; x_wconf 91' lang='lat' dir='ltr'>in</span> <span class='ocrx_word' id='word_1_301' title='bbox 558 2327 770 2397; x_wconf 77' lang='lat' dir='ltr'><strong>dialogo</strong></span> <span class='ocrx_word' id='word_1_302' title='bbox 789 2326 855 2381; x_wconf 89' lang='lat' dir='ltr'>ad</span> <span class='ocrx_word' id='word_1_303' title='bbox 895 2324 1111 2380; x_wconf 77' lang='lat' dir='ltr'><strong>Petrum</strong></span> <span class='ocrx_word' id='word_1_304' title='bbox 1134 2325 1210 2379; x_wconf 86' lang='lat' dir='ltr'>ait</span> <span class='ocrx_word' id='word_1_305' title='bbox 1243 2345 1257 2381; x_wconf 89' lang='lat'><strong>:</strong></span> <span class='ocrx_word' id='word_1_306' title='bbox 1289 2344 1308 2378; x_wconf 82' lang='grc' dir='ltr'>ι</span> <span class='ocrx_word' id='word_1_307' title='bbox 1345 2323 1400 2380; x_wconf 90' lang='lat' dir='ltr'><strong>Si</strong></span> <span class='ocrx_word' id='word_1_308' title='bbox 1429 2326 1573 2380; x_wconf 88' lang='lat' dir='ltr'><strong>enim</strong></span> <span class='ocrx_word' id='word_1_309' title='bbox 1596 2335 1909 2381; x_wconf 89' lang='lat' dir='ltr'><strong>sanctorum</strong></span> <span class='ocrx_word' id='word_1_310' title='bbox 1942 2326 2059 2380; x_wconf 90' lang='lat' dir='ltr'><strong>ani-</strong></span> 
     </span>
    </p>
   </div>
   <div class='ocr_carea' id='block_1_37' title="bbox 481 2419 2059 2489">
    <p class='ocr_par' dir='ltr' id='par_1_37' title="bbox 481 2419 2059 2489">
     <span class='ocr_line' id='line_1_37' title="bbox 481 2419 2059 2489; baseline -0.002 -15"><span class='ocrx_word' id='word_1_311' title='bbox 481 2435 599 2475; x_wconf 88' lang='lat' dir='ltr'>mas</span> <span class='ocrx_word' id='word_1_312' title='bbox 633 2420 685 2473; x_wconf 94' lang='lat' dir='ltr'>in</span> <span class='ocrx_word' id='word_1_313' title='bbox 723 2419 864 2473; x_wconf 87' lang='lat' dir='ltr'><strong>coelo</strong></span> <span class='ocrx_word' id='word_1_314' title='bbox 893 2419 1170 2473; x_wconf 90' lang='lat' dir='ltr'><strong>credimus</strong></span> <span class='ocrx_word' id='word_1_315' title='bbox 1204 2432 1346 2483; x_wconf 87' lang='lat' dir='ltr'><strong>esse,</strong></span> <span class='ocrx_word' id='word_1_316' title='bbox 1378 2433 1605 2488; x_wconf 90' lang='lat' dir='ltr'><strong>prorsus</strong></span> <span class='ocrx_word' id='word_1_317' title='bbox 1628 2432 1849 2488; x_wconf 88' lang='lat' dir='ltr'><strong>quoque</strong></span> <span class='ocrx_word' id='word_1_318' title='bbox 1872 2433 2059 2489; x_wconf 87' lang='lat' dir='ltr'><strong>pecca-</strong></span> 
     </span>
    </p>
   </div>
   <div class='ocr_carea' id='block_1_38' title="bbox 482 2510 2059 2583">
    <p class='ocr_par' dir='ltr' id='par_1_38' title="bbox 482 2510 2059 2583">
     <span class='ocr_line' id='line_1_38' title="bbox 482 2510 2059 2583; baseline -0.001 -18"><span class='ocrx_word' id='word_1_319' title='bbox 482 2524 659 2566; x_wconf 84' lang='lat' dir='ltr'><strong>torum</strong></span> <span class='ocrx_word' id='word_1_320' title='bbox 693 2512 905 2566; x_wconf 88' lang='lat' dir='ltr'><strong>animas</strong></span> <span class='ocrx_word' id='word_1_321' title='bbox 947 2511 1001 2564; x_wconf 80' lang='lat' dir='ltr'>in</span> <span class='ocrx_word' id='word_1_322' title='bbox 1040 2510 1254 2566; x_wconf 77' lang='lat' dir='ltr'><strong>inferno</strong></span> <span class='ocrx_word' id='word_1_323' title='bbox 1305 2514 1499 2583; x_wconf 79' lang='lat' dir='ltr'><strong>degere</strong></span> <span class='ocrx_word' id='word_1_324' title='bbox 1549 2511 1894 2567; x_wconf 79' lang='lat' dir='ltr'><strong>conﬁtemur.</strong></span> <span class='ocrx_word' id='word_1_325' title='bbox 1937 2529 1956 2563; x_wconf 73' lang='grc' dir='ltr'>ι</span> <span class='ocrx_word' id='word_1_326' title='bbox 1989 2540 2059 2552; x_wconf 89' lang='grc'><strong>-</strong></span> 
     </span>
    </p>
   </div>
   <div class='ocr_carea' id='block_1_39' title="bbox 489 2601 2060 2673">
    <p class='ocr_par' dir='ltr' id='par_1_39' title="bbox 489 2601 2060 2673">
     <span class='ocr_line' id='line_1_39' title="bbox 489 2601 2060 2673; baseline 0.003 -19"><span class='ocrx_word' id='word_1_327' title='bbox 489 2622 506 2654; x_wconf 86' lang='grc' dir='ltr'>ι</span> <span class='ocrx_word' id='word_1_328' title='bbox 547 2601 613 2656; x_wconf 87' lang='grc' dir='ltr'>Ει</span> <span class='ocrx_word' id='word_1_329' title='bbox 670 2602 1132 2673; x_wconf 87' lang='lat' dir='ltr'><strong>quemadmodum</strong></span> <span class='ocrx_word' id='word_1_330' title='bbox 1191 2613 1411 2659; x_wconf 89' lang='lat' dir='ltr'><strong>sanctos</strong></span> <span class='ocrx_word' id='word_1_331' title='bbox 1437 2603 1717 2660; x_wconf 88' lang='lat' dir='ltr'><strong>beatitudo</strong></span> <span class='ocrx_word' id='word_1_332' title='bbox 1747 2605 1981 2659; x_wconf 69' lang='lat' dir='ltr'><strong>laetilicat</strong></span> <span class='ocrx_word' id='word_1_333' title='bbox 2008 2615 2060 2658; x_wconf 91' lang='lat' dir='ltr'>et</span> 
     </span>
    </p>
   </div>
   <div class='ocr_carea' id='block_1_40' title="bbox 481 2694 2062 2766">
    <p class='ocr_par' dir='ltr' id='par_1_40' title="bbox 481 2694 2062 2766">
     <span class='ocr_line' id='line_1_40' title="bbox 481 2694 2062 2766; baseline 0.001 -17"><span class='ocrx_word' id='word_1_334' title='bbox 481 2704 744 2766; x_wconf 86' lang='lat' dir='ltr'><strong>perpetua</strong></span> <span class='ocrx_word' id='word_1_335' title='bbox 799 2694 988 2766; x_wconf 90' lang='lat' dir='ltr'><strong>implet</strong></span> <span class='ocrx_word' id='word_1_336' title='bbox 1028 2696 1392 2766; x_wconf 70' lang='lat' dir='ltr'><strong>iucunditate,</strong></span> <span class='ocrx_word' id='word_1_337' title='bbox 1460 2698 1531 2751; x_wconf 89' lang='lat' dir='ltr'>ita</span> <span class='ocrx_word' id='word_1_338' title='bbox 1595 2696 1929 2753; x_wconf 88' lang='lat' dir='ltr'><strong>credendum</strong></span> <span class='ocrx_word' id='word_1_339' title='bbox 1978 2708 2062 2752; x_wconf 88' lang='lat' dir='ltr'>est</span> 
     </span>
    </p>
   </div>
   <div class='ocr_carea' id='block_1_41' title="bbox 481 2788 2058 2861">
    <p class='ocr_par' dir='ltr' id='par_1_41' title="bbox 481 2788 2058 2861">
     <span class='ocr_line' id='line_1_41' title="bbox 481 2788 2058 2861; baseline 0.001 -20"><span class='ocrx_word' id='word_1_340' title='bbox 481 2797 799 2856; x_wconf 83' lang='lat' dir='ltr'><strong>peccatores</strong></span> <span class='ocrx_word' id='word_1_341' title='bbox 830 2788 883 2841; x_wconf 93' lang='lat' dir='ltr'>in</span> <span class='ocrx_word' id='word_1_342' title='bbox 909 2788 1122 2843; x_wconf 80' lang='lat' dir='ltr'><strong>inferno</strong></span> <span class='ocrx_word' id='word_1_343' title='bbox 1148 2789 1352 2844; x_wconf 88' lang='lat' dir='ltr'><strong>sentire</strong></span> <span class='ocrx_word' id='word_1_344' title='bbox 1385 2803 1680 2844; x_wconf 70' lang='lat' dir='ltr'><strong>mrerorem</strong></span> <span class='ocrx_word' id='word_1_345' title='bbox 1709 2805 1775 2845; x_wconf 89' lang='lat' dir='ltr'>ac</span> <span class='ocrx_word' id='word_1_346' title='bbox 1797 2789 2058 2861; x_wconf 78' lang='lat' dir='ltr'><strong>gemitum</strong></span> 
     </span>
    </p>
   </div>
   <div class='ocr_carea' id='block_1_42' title="bbox 481 2881 2064 2953">
    <p class='ocr_par' dir='ltr' id='par_1_42' title="bbox 481 2881 2064 2953">
     <span class='ocr_line' id='line_1_42' title="bbox 481 2881 2064 2953; baseline 0.003 -19"><span class='ocrx_word' id='word_1_347' title='bbox 481 2888 535 2935; x_wconf 86' lang='lat' dir='ltr'>et</span> <span class='ocrx_word' id='word_1_348' title='bbox 565 2881 807 2936; x_wconf 87' lang='lat' dir='ltr'><strong>dolorem</strong></span> <span class='ocrx_word' id='word_1_349' title='bbox 839 2890 1181 2952; x_wconf 86' lang='lat' dir='ltr'><strong>perpetuum,</strong></span> <span class='ocrx_word' id='word_1_350' title='bbox 1208 2883 1353 2938; x_wconf 87' lang='lat' dir='ltr'><strong>velut</strong></span> <span class='ocrx_word' id='word_1_351' title='bbox 1374 2882 1575 2937; x_wconf 87' lang='lat' dir='ltr'><strong>camini</strong></span> <span class='ocrx_word' id='word_1_352' title='bbox 1612 2882 1888 2937; x_wconf 82' lang='lat' dir='ltr'><strong>ﬂammam</strong></span> <span class='ocrx_word' id='word_1_353' title='bbox 1917 2885 2064 2953; x_wconf 86' lang='lat' dir='ltr'><strong>ipso-</strong></span> 
     </span>
    </p>
   </div>
   <div class='ocr_carea' id='block_1_43' title="bbox 2160 1960 3747 2035">
    <p class='ocr_par' dir='ltr' id='par_1_43' title="bbox 2160 1960 3747 2035">
     <span class='ocr_line' id='line_1_43' title="bbox 2160 1960 3747 2035; baseline 0 -18"><span class='ocrx_word' id='word_1_354' title='bbox 2160 1964 2395 2033; x_wconf 73' lang='grc' dir='ltr'>ναγμοῦ,</span> <span class='ocrx_word' id='word_1_355' title='bbox 2434 1963 2607 2033; x_wconf 79' lang='grc' dir='ltr'>ἡλίκῳ</span> <span class='ocrx_word' id='word_1_356' title='bbox 2638 1962 2788 2033; x_wconf 77' lang='grc' dir='ltr'>φόϐῳ</span> <span class='ocrx_word' id='word_1_357' title='bbox 2813 1963 2846 2034; x_wconf 82' lang='grc' dir='ltr'>ἢ</span> <span class='ocrx_word' id='word_1_358' title='bbox 2879 1960 3109 2033; x_wconf 70' lang='grc' dir='ltr'>ἀγωνία,</span> <span class='ocrx_word' id='word_1_359' title='bbox 3136 1963 3169 2031; x_wconf 81' lang='grc' dir='ltr'>ἢ</span> <span class='ocrx_word' id='word_1_360' title='bbox 3196 1962 3302 2015; x_wconf 86' lang='grc' dir='ltr'>τίνι</span> <span class='ocrx_word' id='word_1_361' title='bbox 3325 1963 3626 2035; x_wconf 77' lang='grc' dir='ltr'>προσδοκίᾳ</span> <span class='ocrx_word' id='word_1_362' title='bbox 3647 1964 3747 2035; x_wconf 79' lang='grc' dir='ltr'>τὴν</span> 
     </span>
    </p>
   </div>
   <div class='ocr_carea' id='block_1_44' title="bbox 2160 2053 3748 2126">
    <p class='ocr_par' dir='ltr' id='par_1_44' title="bbox 2160 2053 3748 2126">
     <span class='ocr_line' id='line_1_44' title="bbox 2160 2053 3748 2126; baseline -0.001 -16"><span class='ocrx_word' id='word_1_363' title='bbox 2160 2056 2445 2110; x_wconf 80' lang='grc' dir='ltr'>ἄπαυστον</span> <span class='ocrx_word' id='word_1_364' title='bbox 2474 2055 2671 2125; x_wconf 82' lang='grc' dir='ltr'>ὀδύνην</span> <span class='ocrx_word' id='word_1_365' title='bbox 2706 2054 3080 2126; x_wconf 84' lang='grc' dir='ltr'>ἐκδεχόμεναι,</span> <span class='ocrx_word' id='word_1_366' title='bbox 3113 2056 3209 2107; x_wconf 72' lang='grc' dir='ltr'>καὶ</span> <span class='ocrx_word' id='word_1_367' title='bbox 3238 2054 3296 2107; x_wconf 77' lang='grc' dir='ltr'>τὸ</span> <span class='ocrx_word' id='word_1_368' title='bbox 3318 2053 3491 2125; x_wconf 74' lang='grc' dir='ltr'>ψύχος</span> <span class='ocrx_word' id='word_1_369' title='bbox 3517 2056 3561 2087; x_wconf 85' lang='grc'>¹³</span> <span class='ocrx_word' id='word_1_370' title='bbox 3595 2056 3748 2126; x_wconf 76' lang='grc' dir='ltr'>ἔχου·</span> 
     </span>
    </p>
   </div>
   <div class='ocr_carea' id='block_1_45' title="bbox 2162 2148 3288 2219">
    <p class='ocr_par' dir='ltr' id='par_1_45' title="bbox 2162 2148 3288 2219">
     <span class='ocr_line' id='line_1_45' title="bbox 2162 2148 3288 2219; baseline -0.004 -15"><span class='ocrx_word' id='word_1_371' title='bbox 2162 2168 2277 2215; x_wconf 90' lang='grc' dir='ltr'>σαι,</span> <span class='ocrx_word' id='word_1_372' title='bbox 2302 2151 2396 2202; x_wconf 75' lang='grc' dir='ltr'>καὶ</span> <span class='ocrx_word' id='word_1_373' title='bbox 2430 2149 2741 2219; x_wconf 80' lang='grc' dir='ltr'>ἀπέραντον</span> <span class='ocrx_word' id='word_1_374' title='bbox 2765 2149 2942 2201; x_wconf 79' lang='grc' dir='ltr'>ἐκεῖνο</span> <span class='ocrx_word' id='word_1_375' title='bbox 2970 2148 3234 2219; x_wconf 67' lang='grc' dir='ltr'>δάκρυον.</span> <span class='ocrx_word' id='word_1_376' title='bbox 3269 2166 3288 2199; x_wconf 74' lang='grc' dir='ltr'>ι</span> 
     </span>
    </p>
   </div>
   <div class='ocr_carea' id='block_1_46' title="bbox 2234 2240 3750 2315">
    <p class='ocr_par' dir='ltr' id='par_1_46' title="bbox 2234 2240 3750 2315">
     <span class='ocr_line' id='line_1_46' title="bbox 2234 2240 3750 2315; baseline 0.013 -40"><span class='ocrx_word' id='word_1_377' title='bbox 2234 2242 2277 2275; x_wconf 78' lang='grc' dir='ltr'>ιι</span> <span class='ocrx_word' id='word_1_378' title='bbox 2311 2242 2388 2315; x_wconf 79' lang='grc'>(9)</span> <span class='ocrx_word' id='word_1_379' title='bbox 2447 2244 2522 2296; x_wconf 63' lang='grc' dir='ltr'>οὐ</span> <span class='ocrx_word' id='word_1_380' title='bbox 2574 2242 2788 2313; x_wconf 76' lang='grc' dir='ltr'>μὴνδὲ,</span> <span class='ocrx_word' id='word_1_381' title='bbox 2834 2241 2972 2295; x_wconf 85' lang='grc' dir='ltr'>ἀλλὰ</span> <span class='ocrx_word' id='word_1_382' title='bbox 3015 2240 3391 2312; x_wconf 83' lang='grc' dir='ltr'>Γρηγόριος¹⁸</span> <span class='ocrx_word' id='word_1_383' title='bbox 3454 2242 3482 2295; x_wconf 92' lang='grc' dir='ltr'>ὀ</span> <span class='ocrx_word' id='word_1_384' title='bbox 3537 2240 3750 2307; x_wconf 64' lang='grc' dir='ltr'>κλεινὸς</span> 
     </span>
    </p>
   </div>
   <div class='ocr_carea' id='block_1_47' title="bbox 2162 2332 3747 2405">
    <p class='ocr_par' dir='ltr' id='par_1_47' title="bbox 2162 2332 3747 2405">
     <span class='ocr_line' id='line_1_47' title="bbox 2162 2332 3747 2405; baseline -0.003 -15"><span class='ocrx_word' id='word_1_385' title='bbox 2162 2335 2352 2398; x_wconf 84' lang='grc' dir='ltr'>πάπας</span> <span class='ocrx_word' id='word_1_386' title='bbox 2395 2334 2619 2405; x_wconf 81' lang='grc' dir='ltr'>Ῥώμης</span> <span class='ocrx_word' id='word_1_387' title='bbox 2651 2337 2708 2387; x_wconf 93' lang='grc' dir='ltr'>ἐν</span> <span class='ocrx_word' id='word_1_388' title='bbox 2733 2333 2812 2404; x_wconf 84' lang='grc' dir='ltr'>τῷ</span> <span class='ocrx_word' id='word_1_389' title='bbox 2826 2332 2963 2404; x_wconf 80' lang='grc' dir='ltr'>πρὸς</span> <span class='ocrx_word' id='word_1_390' title='bbox 2991 2332 3200 2405; x_wconf 82' lang='grc' dir='ltr'>Πέτρον</span> <span class='ocrx_word' id='word_1_391' title='bbox 3222 2333 3457 2403; x_wconf 77' lang='grc' dir='ltr'>διαλόγῳ</span> <span class='ocrx_word' id='word_1_392' title='bbox 3486 2337 3653 2405; x_wconf 78' lang='grc' dir='ltr'>φησίν</span> <span class='ocrx_word' id='word_1_393' title='bbox 3672 2336 3714 2366; x_wconf 90' lang='grc'>¹⁶</span> <span class='ocrx_word' id='word_1_394' title='bbox 3732 2350 3747 2367; x_wconf 73' lang='grc' dir='ltr'>ι</span> 
     </span>
    </p>
   </div>
   <div class='ocr_carea' id='block_1_48' title="bbox 2169 2424 3745 2498">
    <p class='ocr_par' dir='ltr' id='par_1_48' title="bbox 2169 2424 3745 2498">
     <span class='ocr_line' id='line_1_48' title="bbox 2169 2424 3745 2498; baseline 0.001 -20"><span class='ocrx_word' id='word_1_395' title='bbox 2169 2445 2187 2478; x_wconf 81' lang='grc' dir='ltr'>ι</span> <span class='ocrx_word' id='word_1_396' title='bbox 2211 2427 2273 2480; x_wconf 79' lang='lat' dir='ltr'><strong>Ei</strong></span> <span class='ocrx_word' id='word_1_397' title='bbox 2298 2428 2408 2497; x_wconf 73' lang='grc' dir='ltr'>γὰρ</span> <span class='ocrx_word' id='word_1_398' title='bbox 2434 2428 2475 2459; x_wconf 81' lang='grc'>¹⁷</span> <span class='ocrx_word' id='word_1_399' title='bbox 2510 2426 2609 2488; x_wconf 77' lang='grc' dir='ltr'>τὰς</span> <span class='ocrx_word' id='word_1_400' title='bbox 2640 2426 2749 2479; x_wconf 86' lang='grc' dir='ltr'>τῶν</span> <span class='ocrx_word' id='word_1_401' title='bbox 2778 2426 2950 2494; x_wconf 86' lang='grc' dir='ltr'>ἁγίων</span> <span class='ocrx_word' id='word_1_402' title='bbox 2975 2424 3153 2495; x_wconf 56' lang='grc' dir='ltr'>ψυχὰς</span> <span class='ocrx_word' id='word_1_403' title='bbox 3193 2429 3251 2480; x_wconf 91' lang='grc' dir='ltr'>ἐν</span> <span class='ocrx_word' id='word_1_404' title='bbox 3298 2427 3343 2458; x_wconf 84' lang='grc'>¹⁸</span> <span class='ocrx_word' id='word_1_405' title='bbox 3378 2426 3595 2498; x_wconf 79' lang='grc' dir='ltr'>οὐρανῷ</span> <span class='ocrx_word' id='word_1_406' title='bbox 3626 2444 3745 2480; x_wconf 81' lang='grc' dir='ltr'>πισ-</span> 
     </span>
    </p>
   </div>
   <div class='ocr_carea' id='block_1_49' title="bbox 2160 2514 3753 2592">
    <p class='ocr_par' dir='ltr' id='par_1_49' title="bbox 2160 2514 3753 2592">
     <span class='ocr_line' id='line_1_49' title="bbox 2160 2514 3753 2592; baseline -0.001 -20"><span class='ocrx_word' id='word_1_407' title='bbox 2160 2519 2391 2589; x_wconf 86' lang='grc' dir='ltr'>τεύομεν</span> <span class='ocrx_word' id='word_1_408' title='bbox 2428 2514 2590 2576; x_wconf 73' lang='grc' dir='ltr'>εἶναι.</span> <span class='ocrx_word' id='word_1_409' title='bbox 2627 2519 2843 2582; x_wconf 81' lang='grc' dir='ltr'>πάντως</span> <span class='ocrx_word' id='word_1_410' title='bbox 2881 2519 2975 2573; x_wconf 75' lang='grc' dir='ltr'>καὶ</span> <span class='ocrx_word' id='word_1_411' title='bbox 3007 2517 3188 2588; x_wconf 65' lang='grc'>(151⁸)</span> <span class='ocrx_word' id='word_1_412' title='bbox 3225 2517 3323 2581; x_wconf 76' lang='grc' dir='ltr'>τὰς</span> <span class='ocrx_word' id='word_1_413' title='bbox 3348 2518 3460 2572; x_wconf 86' lang='grc' dir='ltr'>τῶν</span> <span class='ocrx_word' id='word_1_414' title='bbox 3492 2520 3753 2592; x_wconf 81' lang='grc' dir='ltr'>ἁμαρτω-</span> 
     </span>
    </p>
   </div>
   <div class='ocr_carea' id='block_1_50' title="bbox 2162 2609 3747 2681">
    <p class='ocr_par' dir='ltr' id='par_1_50' title="bbox 2162 2609 3747 2681">
     <span class='ocr_line' id='line_1_50' title="bbox 2162 2609 3747 2681; baseline 0 -20"><span class='ocrx_word' id='word_1_415' title='bbox 2162 2609 2270 2663; x_wconf 83' lang='grc' dir='ltr'>λῶν</span> <span class='ocrx_word' id='word_1_416' title='bbox 2298 2612 2341 2643; x_wconf 78' lang='grc'>¹⁹</span> <span class='ocrx_word' id='word_1_417' title='bbox 2369 2613 2426 2663; x_wconf 89' lang='grc' dir='ltr'>ἐν</span> <span class='ocrx_word' id='word_1_418' title='bbox 2440 2609 2601 2680; x_wconf 76' lang='lat'><strong>585</strong></span> <span class='ocrx_word' id='word_1_419' title='bbox 2617 2609 2694 2680; x_wconf 82' lang='grc' dir='ltr'>τῷ</span> <span class='ocrx_word' id='word_1_420' title='bbox 2715 2609 2813 2681; x_wconf 74' lang='grc' dir='ltr'>ᾄδῃ</span> <span class='ocrx_word' id='word_1_421' title='bbox 2833 2610 2877 2641; x_wconf 82' lang='grc'>²⁰</span> <span class='ocrx_word' id='word_1_422' title='bbox 2899 2611 3192 2679; x_wconf 76' lang='grc' dir='ltr'>τυγχάνειν</span> <span class='ocrx_word' id='word_1_423' title='bbox 3210 2610 3250 2640; x_wconf 82' lang='grc'>²¹</span> <span class='ocrx_word' id='word_1_424' title='bbox 3282 2609 3517 2680; x_wconf 86' lang='grc' dir='ltr'>ὀμολογή</span> <span class='ocrx_word' id='word_1_425' title='bbox 3527 2626 3712 2678; x_wconf 82' lang='grc' dir='ltr'>σομεν.</span> <span class='ocrx_word' id='word_1_426' title='bbox 3727 2628 3747 2660; x_wconf 73' lang='grc' dir='ltr'>ι</span> 
     </span>
    </p>
   </div>
   <div class='ocr_carea' id='block_1_51' title="bbox 2164 2700 3754 2773">
    <p class='ocr_par' dir='ltr' id='par_1_51' title="bbox 2164 2700 3754 2773">
     <span class='ocr_line' id='line_1_51' title="bbox 2164 2700 3754 2773; baseline 0 -20"><span class='ocrx_word' id='word_1_427' title='bbox 2164 2703 2387 2754; x_wconf 70' lang='grc' dir='ltr'>-ιΚαὶ</span> <span class='ocrx_word' id='word_1_428' title='bbox 2412 2701 2663 2773; x_wconf 80' lang='grc' dir='ltr'>καθάπερ</span> <span class='ocrx_word' id='word_1_429' title='bbox 2686 2702 2731 2732; x_wconf 85' lang='grc'>²²</span> <span class='ocrx_word' id='word_1_430' title='bbox 2768 2701 2891 2765; x_wconf 76' lang='grc' dir='ltr'>τοὺς</span> <span class='ocrx_word' id='word_1_431' title='bbox 2918 2702 3111 2769; x_wconf 83' lang='grc' dir='ltr'>ἁγίους</span> <span class='ocrx_word' id='word_1_432' title='bbox 3148 2703 3180 2772; x_wconf 82' lang='grc' dir='ltr'><strong>ἡ</strong></span> <span class='ocrx_word' id='word_1_433' title='bbox 3215 2700 3554 2773; x_wconf 85' lang='grc' dir='ltr'>μακαριότης</span> <span class='ocrx_word' id='word_1_434' title='bbox 3583 2701 3626 2732; x_wconf 77' lang='grc'>⁸³</span> <span class='ocrx_word' id='word_1_435' title='bbox 3663 2702 3754 2753; x_wconf 76' lang='grc' dir='ltr'>εύ-</span> 
     </span>
    </p>
   </div>
   <div class='ocr_carea' id='block_1_52' title="bbox 2167 2792 3756 2865">
    <p class='ocr_par' dir='ltr' id='par_1_52' title="bbox 2167 2792 3756 2865">
     <span class='ocr_line' id='line_1_52' title="bbox 2167 2792 3756 2865; baseline 0.001 -19"><span class='ocrx_word' id='word_1_436' title='bbox 2167 2793 2388 2865; x_wconf 75' lang='grc' dir='ltr'>φραίνει</span> <span class='ocrx_word' id='word_1_437' title='bbox 2428 2796 2524 2846; x_wconf 69' lang='grc' dir='ltr'>καὶ</span> <span class='ocrx_word' id='word_1_438' title='bbox 2557 2792 2823 2864; x_wconf 78' lang='grc' dir='ltr'>θυμηδίας</span> <span class='ocrx_word' id='word_1_439' title='bbox 2858 2792 3172 2864; x_wconf 83' lang='grc' dir='ltr'>ἀποπληροῖ</span> <span class='ocrx_word' id='word_1_440' title='bbox 3203 2792 3486 2858; x_wconf 82' lang='grc' dir='ltr'>διηνεκοῦς</span> <span class='ocrx_word' id='word_1_441' title='bbox 3511 2792 3578 2860; x_wconf 70' lang='grc'>’⁸,</span> <span class='ocrx_word' id='word_1_442' title='bbox 3609 2792 3756 2847; x_wconf 73' lang='grc' dir='ltr'>οὕτω</span> 
     </span>
    </p>
   </div>
   <div class='ocr_carea' id='block_1_53' title="bbox 2166 2883 3756 2957">
    <p class='ocr_par' dir='ltr' id='par_1_53' title="bbox 2166 2883 3756 2957">
     <span class='ocr_line' id='line_1_53' title="bbox 2166 2883 3756 2957; baseline 0 -19"><span class='ocrx_word' id='word_1_443' title='bbox 2166 2886 2447 2939; x_wconf 71' lang='grc' dir='ltr'>πιστεύειν</span> <span class='ocrx_word' id='word_1_444' title='bbox 2483 2886 2614 2957; x_wconf 85' lang='grc' dir='ltr'>χρὴ,</span> <span class='ocrx_word' id='word_1_445' title='bbox 2634 2886 2717 2939; x_wconf 81' lang='grc' dir='ltr'>ὅτι</span> <span class='ocrx_word' id='word_1_446' title='bbox 2740 2886 2785 2917; x_wconf 74' lang='grc'>’⁸</span> <span class='ocrx_word' id='word_1_447' title='bbox 2804 2884 2932 2948; x_wconf 76' lang='grc' dir='ltr'>τοὺς</span> <span class='ocrx_word' id='word_1_448' title='bbox 2953 2885 3310 2956; x_wconf 81' lang='grc' dir='ltr'>ἁμαρτωλοὺς</span> <span class='ocrx_word' id='word_1_449' title='bbox 3342 2887 3399 2938; x_wconf 90' lang='grc' dir='ltr'>ἐν</span> <span class='ocrx_word' id='word_1_450' title='bbox 3419 2884 3522 2956; x_wconf 73' lang='grc' dir='ltr'>ᾅδῃ</span> <span class='ocrx_word' id='word_1_451' title='bbox 3540 2883 3689 2956; x_wconf 83' lang='grc' dir='ltr'>λύπη</span> <span class='ocrx_word' id='word_1_452' title='bbox 3707 2886 3756 2917; x_wconf 79' lang='grc'>³⁸</span> 
     </span>
    </p>
   </div>
   <div class='ocr_carea' id='block_1_54' title="bbox 483 2973 2060 3073">
    <p class='ocr_par' dir='ltr' id='par_1_54' title="bbox 483 2973 2059 3046">
     <span class='ocr_line' id='line_1_54' title="bbox 483 2973 2059 3046; baseline 0 -19"><span class='ocrx_word' id='word_1_453' title='bbox 483 2989 603 3028; x_wconf 90' lang='lat' dir='ltr'>rum</span> <span class='ocrx_word' id='word_1_454' title='bbox 633 2973 845 3029; x_wconf 86' lang='lat' dir='ltr'><strong>animas</strong></span> <span class='ocrx_word' id='word_1_455' title='bbox 876 2974 1310 3041; x_wconf 82' lang='lat' dir='ltr'><strong>comburentem,</strong></span> <span class='ocrx_word' id='word_1_456' title='bbox 1340 2974 1522 3045; x_wconf 86' lang='lat' dir='ltr'><strong>qualia</strong></span> <span class='ocrx_word' id='word_1_457' title='bbox 1542 2984 1671 3030; x_wconf 90' lang='lat' dir='ltr'><strong>sunt</strong></span> <span class='ocrx_word' id='word_1_458' title='bbox 1692 2991 1813 3046; x_wconf 66' lang='lat' dir='ltr'><strong>qua:</strong></span> <span class='ocrx_word' id='word_1_459' title='bbox 1839 2975 2059 3031; x_wconf 85' lang='lat' dir='ltr'><strong>divitem</strong></span> 
     </span>
    </p>
   </div>
   <div class='ocr_carea' id='block_1_55' title="bbox 2168 2973 3753 3073">
    <p class='ocr_par' dir='ltr' id='par_1_55' title="bbox 2172 2976 3753 3048">
     <span class='ocr_line' id='line_1_55' title="bbox 2172 2976 3753 3048; baseline 0 -17"><span class='ocrx_word' id='word_1_460' title='bbox 2172 2978 2272 3031; x_wconf 72' lang='grc' dir='ltr'>καὶ</span> <span class='ocrx_word' id='word_1_461' title='bbox 2295 2978 2629 3047; x_wconf 84' lang='grc' dir='ltr'>στενοχωρία</span> <span class='ocrx_word' id='word_1_462' title='bbox 2653 2994 2711 3030; x_wconf 88' lang='grc' dir='ltr'>τε</span> <span class='ocrx_word' id='word_1_463' title='bbox 2735 2978 2829 3031; x_wconf 75' lang='grc' dir='ltr'>καὶ</span> <span class='ocrx_word' id='word_1_464' title='bbox 2844 2976 3005 3048; x_wconf 81' lang='grc' dir='ltr'>ὀδύνη</span> <span class='ocrx_word' id='word_1_465' title='bbox 3025 2978 3542 3048; x_wconf 83' lang='grc' dir='ltr'>συνέχειδιαπαντδς</span> <span class='ocrx_word' id='word_1_466' title='bbox 3563 2976 3753 3047; x_wconf 81' lang='grc' dir='ltr'>ὥσπερ</span> 
     </span>
    </p>
   </div>
   <div class='ocr_carea' id='block_1_56' title="bbox 483 3065 1252 3138">
    <p class='ocr_par' dir='ltr' id='par_1_56' title="bbox 483 3065 1252 3138">
     <span class='ocr_line' id='line_1_56' title="bbox 483 3065 1252 3138; baseline -0.003 -18"><span class='ocrx_word' id='word_1_467' title='bbox 483 3081 547 3122; x_wconf 91' lang='lat' dir='ltr'>ac</span> <span class='ocrx_word' id='word_1_468' title='bbox 581 3065 845 3122; x_wconf 87' lang='lat' dir='ltr'><strong>Lazarum</strong></span> <span class='ocrx_word' id='word_1_469' title='bbox 880 3066 1200 3138; x_wconf 86' lang='lat' dir='ltr'><strong>respiciunt.</strong></span> <span class='ocrx_word' id='word_1_470' title='bbox 1233 3085 1252 3118; x_wconf 75' lang='grc' dir='ltr'>ι</span> 
     </span>
    </p>
   </div>
   <div class='ocr_carea' id='block_1_57' title="bbox 555 3252 2067 3324">
    <p class='ocr_par' dir='ltr' id='par_1_57' title="bbox 555 3252 2067 3324">
     <span class='ocr_line' id='line_1_57' title="bbox 555 3252 2067 3324; baseline -0.002 -17"><span class='ocrx_word' id='word_1_471' title='bbox 555 3253 712 3320; x_wconf 84' lang='lat' dir='ltr'><strong>Quod</strong></span> <span class='ocrx_word' id='word_1_472' title='bbox 760 3262 942 3308; x_wconf 88' lang='lat' dir='ltr'><strong>autem</strong></span> <span class='ocrx_word' id='word_1_473' title='bbox 986 3253 1364 3324; x_wconf 89' lang='lat' dir='ltr'><strong>unusquisque</strong></span> <span class='ocrx_word' id='word_1_474' title='bbox 1394 3253 1637 3309; x_wconf 89' lang='lat' dir='ltr'><strong>moriens</strong></span> <span class='ocrx_word' id='word_1_475' title='bbox 1672 3252 1911 3323; x_wconf 89' lang='lat' dir='ltr'><strong>aliquem</strong></span> <span class='ocrx_word' id='word_1_476' title='bbox 1943 3266 2067 3307; x_wconf 85' lang='lat' dir='ltr'><strong>sen-</strong></span> 
     </span>
    </p>
   </div>
   <div class='ocr_carea' id='block_1_58' title="bbox 486 3343 2063 3414">
    <p class='ocr_par' dir='ltr' id='par_1_58' title="bbox 486 3343 2063 3414">
     <span class='ocr_line' id='line_1_58' title="bbox 486 3343 2063 3414; baseline -0.003 -13"><span class='ocrx_word' id='word_1_477' title='bbox 486 3362 609 3401; x_wconf 88' lang='lat' dir='ltr'>sum</span> <span class='ocrx_word' id='word_1_478' title='bbox 640 3362 705 3400; x_wconf 89' lang='lat' dir='ltr'>ac</span> <span class='ocrx_word' id='word_1_479' title='bbox 736 3347 1137 3399; x_wconf 78' lang='lat' dir='ltr'><strong>ﬁrmamentum</strong></span> <span class='ocrx_word' id='word_1_480' title='bbox 1159 3345 1272 3413; x_wconf 86' lang='lat' dir='ltr'><strong>jam</strong></span> <span class='ocrx_word' id='word_1_481' title='bbox 1302 3359 1367 3397; x_wconf 76' lang='lat' dir='ltr'><strong>ex</strong></span> <span class='ocrx_word' id='word_1_482' title='bbox 1401 3345 1528 3399; x_wconf 92' lang='lat' dir='ltr'><strong>hinc</strong></span> <span class='ocrx_word' id='word_1_483' title='bbox 1552 3344 1816 3414; x_wconf 87' lang='lat' dir='ltr'><strong>percipiat</strong></span> <span class='ocrx_word' id='word_1_484' title='bbox 1850 3343 2063 3398; x_wconf 82' lang='lat' dir='ltr'><strong>futuro-</strong></span> 
     </span>
    </p>
   </div>
   <div class='ocr_carea' id='block_1_59' title="bbox 485 3432 2060 3503">
    <p class='ocr_par' dir='ltr' id='par_1_59' title="bbox 485 3432 2060 3503">
     <span class='ocr_line' id='line_1_59' title="bbox 485 3432 2060 3503; baseline -0.003 -12"><span class='ocrx_word' id='word_1_485' title='bbox 485 3451 609 3491; x_wconf 86' lang='lat' dir='ltr'>rum</span> <span class='ocrx_word' id='word_1_486' title='bbox 642 3451 710 3490; x_wconf 84' lang='lat' dir='ltr'>ex</span> <span class='ocrx_word' id='word_1_487' title='bbox 739 3435 844 3488; x_wconf 88' lang='lat' dir='ltr'><strong>illis</strong></span> <span class='ocrx_word' id='word_1_488' title='bbox 872 3448 993 3503; x_wconf 68' lang='lat' dir='ltr'><strong>quae</strong></span> <span class='ocrx_word' id='word_1_489' title='bbox 1020 3433 1169 3499; x_wconf 80' lang='lat' dir='ltr'><strong>fecit,</strong></span> <span class='ocrx_word' id='word_1_490' title='bbox 1224 3432 1455 3488; x_wconf 86' lang='lat' dir='ltr'><strong>allirmat</strong></span> <span class='ocrx_word' id='word_1_491' title='bbox 1488 3433 1824 3500; x_wconf 77' lang='lat' dir='ltr'><strong>apostolicus</strong></span> <span class='ocrx_word' id='word_1_492' title='bbox 1856 3432 2060 3503; x_wconf 85' lang='lat' dir='ltr'><strong>Diony-</strong></span> 
     </span>
    </p>
   </div>
   <div class='ocr_carea' id='block_1_60' title="bbox 486 3522 2064 3592">
    <p class='ocr_par' dir='ltr' id='par_1_60' title="bbox 486 3522 2064 3592">
     <span class='ocr_line' id='line_1_60' title="bbox 486 3522 2064 3592; baseline -0.002 -12"><span class='ocrx_word' id='word_1_493' title='bbox 486 3527 604 3581; x_wconf 91' lang='lat' dir='ltr'><strong>sius</strong></span> <span class='ocrx_word' id='word_1_494' title='bbox 634 3524 701 3578; x_wconf 92' lang='lat' dir='ltr'>de</span> <span class='ocrx_word' id='word_1_495' title='bbox 729 3522 797 3577; x_wconf 90' lang='lat' dir='ltr'>lis</span> <span class='ocrx_word' id='word_1_496' title='bbox 819 3523 911 3592; x_wconf 91' lang='lat' dir='ltr'>qui</span> <span class='ocrx_word' id='word_1_497' title='bbox 938 3532 1127 3578; x_wconf 87' lang='lat' dir='ltr'><strong>sancte</strong></span> <span class='ocrx_word' id='word_1_498' title='bbox 1151 3522 1490 3577; x_wconf 88' lang='lat' dir='ltr'><strong>dormierunt</strong></span> <span class='ocrx_word' id='word_1_499' title='bbox 1515 3522 1790 3592; x_wconf 87' lang='lat' dir='ltr'><strong>loquendo</strong></span> <span class='ocrx_word' id='word_1_500' title='bbox 1823 3542 1837 3578; x_wconf 87' lang='lat'><strong>:</strong></span> <span class='ocrx_word' id='word_1_501' title='bbox 1873 3542 1891 3575; x_wconf 79' lang='grc' dir='ltr'>ι</span> <span class='ocrx_word' id='word_1_502' title='bbox 1926 3524 2064 3578; x_wconf 81' lang='lat' dir='ltr'><strong>Cum</strong></span> 
     </span>
    </p>
   </div>
   <div class='ocr_carea' id='block_1_61' title="bbox 486 3614 2068 3688">
    <p class='ocr_par' dir='ltr' id='par_1_61' title="bbox 486 3614 2068 3688">
     <span class='ocr_line' id='line_1_61' title="bbox 486 3614 2068 3688; baseline -0.002 -15"><span class='ocrx_word' id='word_1_503' title='bbox 486 3618 552 3688; x_wconf 78' lang='lat' dir='ltr'>ad</span> <span class='ocrx_word' id='word_1_504' title='bbox 588 3614 876 3687; x_wconf 73' lang='lat' dir='ltr'><strong>prazsentis</strong></span> <span class='ocrx_word' id='word_1_505' title='bbox 905 3614 1027 3669; x_wconf 68' lang='lat' dir='ltr'><strong>vita:</strong></span> <span class='ocrx_word' id='word_1_506' title='bbox 1061 3614 1221 3670; x_wconf 81' lang='lat' dir='ltr'><strong>linem</strong></span> <span class='ocrx_word' id='word_1_507' title='bbox 1266 3624 1653 3684; x_wconf 88' lang='lat' dir='ltr'><strong>pervenerunt,</strong></span> <span class='ocrx_word' id='word_1_508' title='bbox 1695 3615 1938 3685; x_wconf 86' lang='lat' dir='ltr'><strong>ipsorum</strong></span> <span class='ocrx_word' id='word_1_509' title='bbox 1967 3616 2068 3670; x_wconf 89' lang='lat' dir='ltr'><strong>iter</strong></span> 
     </span>
    </p>
   </div>
   <div class='ocr_carea' id='block_1_62' title="bbox 486 3706 2067 3778">
    <p class='ocr_par' dir='ltr' id='par_1_62' title="bbox 486 3706 2067 3778">
     <span class='ocr_line' id='line_1_62' title="bbox 486 3706 2067 3778; baseline -0.001 -14"><span class='ocrx_word' id='word_1_510' title='bbox 486 3711 551 3764; x_wconf 83' lang='lat' dir='ltr'>ad</span> <span class='ocrx_word' id='word_1_511' title='bbox 588 3708 1080 3773; x_wconf 87' lang='lat' dir='ltr'><strong>immortalitatem,</strong></span> <span class='ocrx_word' id='word_1_512' title='bbox 1140 3715 1399 3777; x_wconf 87' lang='lat' dir='ltr'><strong>tanquam</strong></span> <span class='ocrx_word' id='word_1_513' title='bbox 1432 3706 1812 3777; x_wconf 89' lang='lat' dir='ltr'><strong>&#39;propinquius</strong></span> <span class='ocrx_word' id='word_1_514' title='bbox 1841 3710 1951 3778; x_wconf 86' lang='lat' dir='ltr'><strong>jam</strong></span> <span class='ocrx_word' id='word_1_515' title='bbox 1985 3708 2067 3763; x_wconf 82' lang='lat' dir='ltr'><strong>fa-</strong></span> 
     </span>
    </p>
   </div>
   <div class='ocr_carea' id='block_1_63' title="bbox 487 3799 2069 3872">
    <p class='ocr_par' dir='ltr' id='par_1_63' title="bbox 487 3799 2069 3872">
     <span class='ocr_line' id='line_1_63' title="bbox 487 3799 2069 3872; baseline -0.003 -12"><span class='ocrx_word' id='word_1_516' title='bbox 487 3814 660 3868; x_wconf 86' lang='lat' dir='ltr'><strong>ctum,</strong></span> <span class='ocrx_word' id='word_1_517' title='bbox 696 3800 1045 3857; x_wconf 84' lang='lat' dir='ltr'><strong>manifestius</strong></span> <span class='ocrx_word' id='word_1_518' title='bbox 1072 3800 1277 3865; x_wconf 83' lang='lat' dir='ltr'><strong>vident,</strong></span> <span class='ocrx_word' id='word_1_519' title='bbox 1306 3801 1558 3870; x_wconf 87' lang='lat' dir='ltr'><strong>donaque</strong></span> <span class='ocrx_word' id='word_1_520' title='bbox 1581 3799 1776 3856; x_wconf 72' lang='lat' dir='ltr'><strong>divina:</strong></span> <span class='ocrx_word' id='word_1_521' title='bbox 1791 3801 1978 3872; x_wconf 79' lang='lat' dir='ltr'><strong>gratia:</strong></span> <span class='ocrx_word' id='word_1_522' title='bbox 2004 3816 2069 3855; x_wconf 87' lang='lat' dir='ltr'>ac</span> 
     </span>
    </p>
   </div>
   <div class='ocr_carea' id='block_1_64' title="bbox 487 3892 2067 3966">
    <p class='ocr_par' dir='ltr' id='par_1_64' title="bbox 487 3892 2067 3966">
     <span class='ocr_line' id='line_1_64' title="bbox 487 3892 2067 3966; baseline -0.003 -16"><span class='ocrx_word' id='word_1_523' title='bbox 487 3896 742 3966; x_wconf 69' lang='lat' dir='ltr'><strong>potentiae</strong></span> <span class='ocrx_word' id='word_1_524' title='bbox 782 3894 1064 3949; x_wconf 86' lang='lat' dir='ltr'><strong>celebrant</strong></span> <span class='ocrx_word' id='word_1_525' title='bbox 1100 3893 1338 3965; x_wconf 87' lang='lat' dir='ltr'><strong>hymnis,</strong></span> <span class='ocrx_word' id='word_1_526' title='bbox 1368 3902 1423 3947; x_wconf 90' lang='lat' dir='ltr'>et</span> <span class='ocrx_word' id='word_1_527' title='bbox 1451 3893 1634 3948; x_wconf 85' lang='lat' dir='ltr'><strong>divina</strong></span> <span class='ocrx_word' id='word_1_528' title='bbox 1669 3892 1944 3963; x_wconf 89' lang='lat' dir='ltr'><strong>replentur</strong></span> <span class='ocrx_word' id='word_1_529' title='bbox 1971 3908 2067 3946; x_wconf 84' lang='lat' dir='ltr'><strong>vo-</strong></span> 
     </span>
    </p>
   </div>
   <div class='ocr_carea' id='block_1_65' title="bbox 488 3985 2068 4057">
    <p class='ocr_par' dir='ltr' id='par_1_65' title="bbox 488 3985 2068 4057">
     <span class='ocr_line' id='line_1_65' title="bbox 488 3985 2068 4057; baseline -0.004 -14"><span class='ocrx_word' id='word_1_530' title='bbox 488 3988 719 4057; x_wconf 89' lang='lat' dir='ltr'><strong>luptate,</strong></span> <span class='ocrx_word' id='word_1_531' title='bbox 746 4001 854 4041; x_wconf 91' lang='lat' dir='ltr'>non</span> <span class='ocrx_word' id='word_1_532' title='bbox 878 3986 991 4057; x_wconf 88' lang='lat' dir='ltr'><strong>jam</strong></span> <span class='ocrx_word' id='word_1_533' title='bbox 1025 3985 1458 4041; x_wconf 88' lang='lat' dir='ltr'><strong>vicissitudinem</strong></span> <span class='ocrx_word' id='word_1_534' title='bbox 1490 3985 1543 4039; x_wconf 94' lang='lat' dir='ltr'>in</span> <span class='ocrx_word' id='word_1_535' title='bbox 1570 3986 1841 4040; x_wconf 86' lang='lat' dir='ltr'><strong>deteriora</strong></span> <span class='ocrx_word' id='word_1_536' title='bbox 1869 3985 2068 4039; x_wconf 66' lang='lat' dir='ltr'><strong>timcn.</strong></span> 
     </span>
    </p>
   </div>
   <div class='ocr_carea' id='block_1_66' title="bbox 490 4081 2071 4150">
    <p class='ocr_par' dir='ltr' id='par_1_66' title="bbox 490 4081 2071 4150">
     <span class='ocr_line' id='line_1_66' title="bbox 490 4081 2071 4150; baseline -0.003 -11"><span class='ocrx_word' id='word_1_537' title='bbox 490 4094 596 4150; x_wconf 88' lang='lat' dir='ltr'><strong>tes,</strong></span> <span class='ocrx_word' id='word_1_538' title='bbox 621 4084 713 4139; x_wconf 89' lang='lat' dir='ltr'>sed</span> <span class='ocrx_word' id='word_1_539' title='bbox 746 4083 883 4138; x_wconf 89' lang='lat' dir='ltr'><strong>bene</strong></span> <span class='ocrx_word' id='word_1_540' title='bbox 920 4084 1155 4139; x_wconf 89' lang='lat' dir='ltr'><strong>scientes</strong></span> <span class='ocrx_word' id='word_1_541' title='bbox 1183 4097 1306 4137; x_wconf 87' lang='lat' dir='ltr'><strong>sese</strong></span> <span class='ocrx_word' id='word_1_542' title='bbox 1341 4081 1485 4137; x_wconf 88' lang='lat' dir='ltr'><strong>bona</strong></span> <span class='ocrx_word' id='word_1_543' title='bbox 1515 4096 1635 4150; x_wconf 72' lang='lat' dir='ltr'><strong>qua:</strong></span> <span class='ocrx_word' id='word_1_544' title='bbox 1659 4081 2071 4136; x_wconf 63' lang='lat' dir='ltr'><strong>aadilicaverunt</strong></span> 
     </span>
    </p>
   </div>
   <div class='ocr_carea' id='block_1_67' title="bbox 491 4175 2070 4246">
    <p class='ocr_par' dir='ltr' id='par_1_67' title="bbox 491 4175 2070 4246">
     <span class='ocr_line' id='line_1_67' title="bbox 491 4175 2070 4246; baseline -0.001 -15"><span class='ocrx_word' id='word_1_545' title='bbox 491 4181 719 4232; x_wconf 88' lang='lat' dir='ltr'><strong>lirmitcr</strong></span> <span class='ocrx_word' id='word_1_546' title='bbox 747 4187 1119 4246; x_wconf 65' lang='lat' dir='ltr'><strong>aeternumque</strong></span> <span class='ocrx_word' id='word_1_547' title='bbox 1168 4175 1471 4231; x_wconf 88' lang='lat' dir='ltr'><strong>habituros.</strong></span> <span class='ocrx_word' id='word_1_548' title='bbox 1514 4175 1617 4242; x_wconf 86' lang='lat' dir='ltr'><strong>Qui</strong></span> <span class='ocrx_word' id='word_1_549' title='bbox 1669 4190 1797 4230; x_wconf 89' lang='lat' dir='ltr'><strong>vero</strong></span> <span class='ocrx_word' id='word_1_550' title='bbox 1841 4177 2070 4231; x_wconf 71' lang='lat' dir='ltr'><strong>macula:</strong></span> 
     </span>
    </p>
   </div>
   <div class='ocr_carea' id='block_1_68' title="bbox 490 4268 2067 4340">
    <p class='ocr_par' dir='ltr' id='par_1_68' title="bbox 490 4268 2067 4340">
     <span class='ocr_line' id='line_1_68' title="bbox 490 4268 2067 4340; baseline -0.002 -14"><span class='ocrx_word' id='word_1_551' title='bbox 490 4272 845 4339; x_wconf 82' lang='lat' dir='ltr'><strong>sordiumque</strong></span> <span class='ocrx_word' id='word_1_552' title='bbox 881 4270 1235 4339; x_wconf 80' lang='lat' dir='ltr'><strong>profanarum</strong></span> <span class='ocrx_word' id='word_1_553' title='bbox 1270 4269 1411 4340; x_wconf 89' lang='lat' dir='ltr'><strong>pleni</strong></span> <span class='ocrx_word' id='word_1_554' title='bbox 1453 4276 1603 4332; x_wconf 88' lang='lat' dir='ltr'><strong>sunt,</strong></span> <span class='ocrx_word' id='word_1_555' title='bbox 1634 4268 1738 4324; x_wconf 79' lang='lat' dir='ltr'><strong>etsi</strong></span> <span class='ocrx_word' id='word_1_556' title='bbox 1771 4268 2067 4340; x_wconf 89' lang='lat' dir='ltr'><strong>quamdam</strong></span> 
     </span>
    </p>
   </div>
   <div class='ocr_carea' id='block_1_69' title="bbox 2172 3064 3756 3140">
    <p class='ocr_par' dir='ltr' id='par_1_69' title="bbox 2172 3064 3756 3140">
     <span class='ocr_line' id='line_1_69' title="bbox 2172 3064 3756 3140; baseline 0.001 -18"><span class='ocrx_word' id='word_1_557' title='bbox 2172 3068 2407 3138; x_wconf 79' lang='grc' dir='ltr'>καμίνου</span> <span class='ocrx_word' id='word_1_558' title='bbox 2438 3069 2570 3138; x_wconf 74' lang='grc' dir='ltr'>φλὸξ</span> <span class='ocrx_word' id='word_1_559' title='bbox 2595 3070 2637 3101; x_wconf 73' lang='grc'><strong>’⁷</strong></span> <span class='ocrx_word' id='word_1_560' title='bbox 2672 3069 2772 3133; x_wconf 81' lang='grc' dir='ltr'>τὰς</span> <span class='ocrx_word' id='word_1_561' title='bbox 2802 3068 2980 3140; x_wconf 77' lang='grc' dir='ltr'>ψυχὰς</span> <span class='ocrx_word' id='word_1_562' title='bbox 3029 3070 3209 3123; x_wconf 81' lang='grc' dir='ltr'>αὐτῶν</span> <span class='ocrx_word' id='word_1_563' title='bbox 3258 3070 3615 3140; x_wconf 70' lang='grc' dir='ltr'>φλογίζουσα,</span> <span class='ocrx_word' id='word_1_564' title='bbox 3670 3064 3756 3123; x_wconf 74' lang='grc' dir='ltr'>οἷα</span> 
     </span>
    </p>
   </div>
   <div class='ocr_carea' id='block_1_70' title="bbox 2172 3161 3748 3235">
    <p class='ocr_par' dir='ltr' id='par_1_70' title="bbox 2172 3161 3748 3235">
     <span class='ocr_line' id='line_1_70' title="bbox 2172 3161 3748 3235; baseline 0.001 -22"><span class='ocrx_word' id='word_1_565' title='bbox 2172 3162 2235 3232; x_wconf 84' lang='grc' dir='ltr'>δὴ</span> <span class='ocrx_word' id='word_1_566' title='bbox 2266 3162 2311 3194; x_wconf 74' lang='grc'>³⁸</span> <span class='ocrx_word' id='word_1_567' title='bbox 2342 3161 2434 3217; x_wconf 76' lang='grc' dir='ltr'>καὶ</span> <span class='ocrx_word' id='word_1_568' title='bbox 2465 3163 2532 3216; x_wconf 79' lang='grc' dir='ltr'>τὰ</span> <span class='ocrx_word' id='word_1_569' title='bbox 2566 3163 2707 3217; x_wconf 86' lang='grc' dir='ltr'>κατὰ</span> <span class='ocrx_word' id='word_1_570' title='bbox 2739 3164 2828 3217; x_wconf 82' lang='grc' dir='ltr'>τὸν</span> <span class='ocrx_word' id='word_1_571' title='bbox 2846 3162 3105 3218; x_wconf 80' lang='grc' dir='ltr'>πλούσιον</span> <span class='ocrx_word' id='word_1_572' title='bbox 3136 3164 3232 3218; x_wconf 78' lang='grc' dir='ltr'>καὶ</span> <span class='ocrx_word' id='word_1_573' title='bbox 3254 3165 3298 3197; x_wconf 82' lang='lat'>”</span> <span class='ocrx_word' id='word_1_574' title='bbox 3321 3164 3413 3217; x_wconf 71' lang='grc' dir='ltr'>τὸν</span> <span class='ocrx_word' id='word_1_575' title='bbox 3439 3164 3748 3235; x_wconf 70' lang='grc' dir='ltr'>Λάζαρον.»</span> 
     </span>
    </p>
   </div>
   <div class='ocr_carea' id='block_1_71' title="bbox 2244 3254 3758 3326">
    <p class='ocr_par' dir='ltr' id='par_1_71' title="bbox 2244 3254 3758 3326">
     <span class='ocr_line' id='line_1_71' title="bbox 2244 3254 3758 3326; baseline -0.002 -16"><span class='ocrx_word' id='word_1_576' title='bbox 2244 3255 2288 3287; x_wconf 87' lang='grc'>³⁰</span> <span class='ocrx_word' id='word_1_577' title='bbox 2313 3255 2425 3325; x_wconf 75' lang='grc'>(10)</span> <span class='ocrx_word' id='word_1_578' title='bbox 2459 3256 2584 3308; x_wconf 86' lang='grc' dir='ltr'>’Ότι</span> <span class='ocrx_word' id='word_1_579' title='bbox 2619 3255 2676 3308; x_wconf 88' lang='grc' dir='ltr'>δέ</span> <span class='ocrx_word' id='word_1_580' title='bbox 2707 3256 2750 3288; x_wconf 86' lang='grc'>³¹</span> <span class='ocrx_word' id='word_1_581' title='bbox 2790 3256 3062 3309; x_wconf 84' lang='grc' dir='ltr'>τελευτῶν</span> <span class='ocrx_word' id='word_1_582' title='bbox 3090 3256 3323 3320; x_wconf 78' lang='grc' dir='ltr'>ἕκαστος</span> <span class='ocrx_word' id='word_1_583' title='bbox 3356 3254 3611 3326; x_wconf 72' lang='grc' dir='ltr'>αἴσθησίν</span> <span class='ocrx_word' id='word_1_584' title='bbox 3633 3272 3758 3309; x_wconf 88' lang='grc' dir='ltr'>τινα</span> 
     </span>
    </p>
   </div>
   <div class='ocr_carea' id='block_1_72' title="bbox 2175 3346 3757 3418">
    <p class='ocr_par' dir='ltr' id='par_1_72' title="bbox 2175 3346 3757 3418">
     <span class='ocr_line' id='line_1_72' title="bbox 2175 3346 3757 3418; baseline -0.002 -17"><span class='ocrx_word' id='word_1_585' title='bbox 2175 3348 2269 3401; x_wconf 75' lang='grc' dir='ltr'>καὶ</span> <span class='ocrx_word' id='word_1_586' title='bbox 2296 3347 2673 3418; x_wconf 77' lang='grc' dir='ltr'>πληροφορίαν</span> <span class='ocrx_word' id='word_1_587' title='bbox 2704 3349 2799 3402; x_wconf 80' lang='grc' dir='ltr'>ἀπ’</span> <span class='ocrx_word' id='word_1_588' title='bbox 2830 3347 3088 3401; x_wconf 88' lang='grc' dir='ltr'>ἐντεῦθεν</span> <span class='ocrx_word' id='word_1_589' title='bbox 3118 3349 3162 3379; x_wconf 83' lang='grc'>³⁸</span> <span class='ocrx_word' id='word_1_590' title='bbox 3207 3347 3311 3418; x_wconf 73' lang='grc' dir='ltr'>ήδη</span> <span class='ocrx_word' id='word_1_591' title='bbox 3342 3346 3614 3417; x_wconf 78' lang='grc' dir='ltr'>λαμὸἀνει</span> <span class='ocrx_word' id='word_1_592' title='bbox 3646 3347 3757 3399; x_wconf 82' lang='grc' dir='ltr'>τῶν</span> 
     </span>
    </p>
   </div>
   <div class='ocr_carea' id='block_1_73' title="bbox 2179 3433 3757 3511">
    <p class='ocr_par' dir='ltr' id='par_1_73' title="bbox 2179 3433 3757 3511">
     <span class='ocr_line' id='line_1_73' title="bbox 2179 3433 3757 3511; baseline -0.001 -18"><span class='ocrx_word' id='word_1_593' title='bbox 2179 3438 2481 3511; x_wconf 85' lang='grc' dir='ltr'>μελλόντων</span> <span class='ocrx_word' id='word_1_594' title='bbox 2508 3438 2597 3508; x_wconf 81' lang='grc' dir='ltr'>ὑφ’</span> <span class='ocrx_word' id='word_1_595' title='bbox 2626 3433 2702 3492; x_wconf 83' lang='grc' dir='ltr'>ὧν</span> <span class='ocrx_word' id='word_1_596' title='bbox 2730 3439 2958 3511; x_wconf 72' lang='grc' dir='ltr'>ἔπραξε,</span> <span class='ocrx_word' id='word_1_597' title='bbox 2993 3440 3158 3509; x_wconf 72' lang='grc' dir='ltr'>φησὶν</span> <span class='ocrx_word' id='word_1_598' title='bbox 3183 3440 3211 3492; x_wconf 92' lang='lat'>6</span> <span class='ocrx_word' id='word_1_599' title='bbox 3243 3439 3605 3503; x_wconf 81' lang='grc' dir='ltr'>ἀποστολικὺς</span> <span class='ocrx_word' id='word_1_600' title='bbox 3636 3441 3757 3492; x_wconf 83' lang='grc' dir='ltr'>Διο-</span> 
     </span>
    </p>
   </div>
   <div class='ocr_carea' id='block_1_74' title="bbox 2176 3531 3757 3604">
    <p class='ocr_par' dir='ltr' id='par_1_74' title="bbox 2176 3531 3757 3604">
     <span class='ocr_line' id='line_1_74' title="bbox 2176 3531 3757 3604; baseline -0.001 -19"><span class='ocrx_word' id='word_1_601' title='bbox 2176 3534 2359 3596; x_wconf 85' lang='grc' dir='ltr'>νύσιος</span> <span class='ocrx_word' id='word_1_602' title='bbox 2414 3532 2473 3585; x_wconf 89' lang='grc' dir='ltr'>ἐν</span> <span class='ocrx_word' id='word_1_603' title='bbox 2528 3534 2645 3595; x_wconf 89' lang='grc' dir='ltr'>τοῖς</span> <span class='ocrx_word' id='word_1_604' title='bbox 2705 3534 2835 3603; x_wconf 74' lang='grc' dir='ltr'>περὶ</span> <span class='ocrx_word' id='word_1_605' title='bbox 2895 3532 3004 3585; x_wconf 84' lang='grc' dir='ltr'>τῶν</span> <span class='ocrx_word' id='word_1_606' title='bbox 3075 3532 3239 3604; x_wconf 84' lang='grc' dir='ltr'>ίερῶς</span> <span class='ocrx_word' id='word_1_607' title='bbox 3302 3531 3757 3604; x_wconf 81' lang='grc' dir='ltr'>κεκοιμημένων·</span> 
     </span>
    </p>
   </div>
   <div class='ocr_carea' id='block_1_75' title="bbox 2182 3623 3762 3697">
    <p class='ocr_par' dir='ltr' id='par_1_75' title="bbox 2182 3623 3762 3697">
     <span class='ocr_line' id='line_1_75' title="bbox 2182 3623 3762 3697; baseline 0.002 -23"><span class='ocrx_word' id='word_1_608' title='bbox 2182 3642 2200 3674; x_wconf 85' lang='grc' dir='ltr'>ι</span> <span class='ocrx_word' id='word_1_609' title='bbox 2249 3624 2421 3678; x_wconf 86' lang='grc' dir='ltr'>Ὅταν</span> <span class='ocrx_word' id='word_1_610' title='bbox 2448 3624 2540 3677; x_wconf 76' lang='grc' dir='ltr'>ἐπὶ</span> <span class='ocrx_word' id='word_1_611' title='bbox 2570 3623 2632 3676; x_wconf 86' lang='grc' dir='ltr'>τὸ</span> <span class='ocrx_word' id='word_1_612' title='bbox 2659 3623 2836 3695; x_wconf 88' lang='grc' dir='ltr'>πέρας</span> <span class='ocrx_word' id='word_1_613' title='bbox 2882 3624 3078 3678; x_wconf 74' lang='grc' dir='ltr'>ἔλθωσι</span> <span class='ocrx_word' id='word_1_614' title='bbox 3110 3624 3206 3679; x_wconf 93' lang='grc' dir='ltr'>τοῦ</span> <span class='ocrx_word' id='word_1_615' title='bbox 3241 3626 3372 3697; x_wconf 79' lang='grc' dir='ltr'>τῇδε</span> <span class='ocrx_word' id='word_1_616' title='bbox 3404 3625 3450 3657; x_wconf 82' lang='grc'>⁸³</span> <span class='ocrx_word' id='word_1_617' title='bbox 3483 3624 3625 3694; x_wconf 87' lang='grc' dir='ltr'>βίου,</span> <span class='ocrx_word' id='word_1_618' title='bbox 3657 3625 3762 3697; x_wconf 82' lang='grc' dir='ltr'>τὴν</span> 
     </span>
    </p>
   </div>
   <div class='ocr_carea' id='block_1_76' title="bbox 2178 3712 3758 3789">
    <p class='ocr_par' dir='ltr' id='par_1_76' title="bbox 2178 3712 3758 3789">
     <span class='ocr_line' id='line_1_76' title="bbox 2178 3712 3758 3789; baseline 0.001 -22"><span class='ocrx_word' id='word_1_619' title='bbox 2178 3712 2302 3787; x_wconf 85' lang='grc' dir='ltr'>[είς]</span> <span class='ocrx_word' id='word_1_620' title='bbox 2340 3715 2385 3747; x_wconf 73' lang='grc'><strong><em>³⁵</em></strong></span> <span class='ocrx_word' id='word_1_621' title='bbox 2407 3715 2720 3785; x_wconf 74' lang='grc' dir='ltr'>ἀφθαρσίαν</span> <span class='ocrx_word' id='word_1_622' title='bbox 2748 3715 2933 3770; x_wconf 78' lang='grc' dir='ltr'>αὐτῶν</span> <span class='ocrx_word' id='word_1_623' title='bbox 2961 3716 3077 3771; x_wconf 79' lang='grc' dir='ltr'>όδδν</span> <span class='ocrx_word' id='word_1_624' title='bbox 3104 3717 3181 3779; x_wconf 89' lang='grc' dir='ltr'>ὡς</span> <span class='ocrx_word' id='word_1_625' title='bbox 3202 3717 3506 3789; x_wconf 82' lang='grc' dir='ltr'>ἐγγυτέραν</span> <span class='ocrx_word' id='word_1_626' title='bbox 3537 3716 3641 3787; x_wconf 73' lang='grc' dir='ltr'>ήδη</span> <span class='ocrx_word' id='word_1_627' title='bbox 3662 3733 3758 3785; x_wconf 64' lang='grc' dir='ltr'>γει</span> 
     </span>
    </p>
   </div>
   <div class='ocr_carea' id='block_1_77' title="bbox 2176 3808 3759 3881">
    <p class='ocr_par' dir='ltr' id='par_1_77' title="bbox 2176 3808 3759 3881">
     <span class='ocr_line' id='line_1_77' title="bbox 2176 3808 3759 3881; baseline 0.001 -20"><span class='ocrx_word' id='word_1_628' title='bbox 2176 3808 2518 3879; x_wconf 86' lang='grc' dir='ltr'>γεννημὲνην</span> <span class='ocrx_word' id='word_1_629' title='bbox 2549 3809 2593 3839; x_wconf 82' lang='grc'>³⁸</span> <span class='ocrx_word' id='word_1_630' title='bbox 2624 3808 3035 3878; x_wconf 78' lang='grc' dir='ltr'>ἐμφανέστερον</span> <span class='ocrx_word' id='word_1_631' title='bbox 3079 3808 3251 3881; x_wconf 85' lang='grc' dir='ltr'>ὁρῶσι</span> <span class='ocrx_word' id='word_1_632' title='bbox 3291 3810 3385 3863; x_wconf 75' lang='grc' dir='ltr'>καὶ</span> <span class='ocrx_word' id='word_1_633' title='bbox 3414 3809 3515 3873; x_wconf 80' lang='grc' dir='ltr'>τὰς</span> <span class='ocrx_word' id='word_1_634' title='bbox 3546 3808 3759 3877; x_wconf 69' lang='grc' dir='ltr'>δωρεᾶς</span> 
     </span>
    </p>
   </div>
   <div class='ocr_carea' id='block_1_78' title="bbox 2176 3899 3765 3973">
    <p class='ocr_par' dir='ltr' id='par_1_78' title="bbox 2176 3899 3765 3973">
     <span class='ocr_line' id='line_1_78' title="bbox 2176 3899 3765 3973; baseline 0.001 -20"><span class='ocrx_word' id='word_1_635' title='bbox 2176 3902 2273 3971; x_wconf 78' lang='grc' dir='ltr'>τῆς</span> <span class='ocrx_word' id='word_1_636' title='bbox 2308 3899 2461 3962; x_wconf 80' lang='grc' dir='ltr'>θείας</span> <span class='ocrx_word' id='word_1_637' title='bbox 2508 3901 2754 3971; x_wconf 73' lang='grc' dir='ltr'>χάριτος,</span> <span class='ocrx_word' id='word_1_638' title='bbox 2789 3904 2884 3954; x_wconf 73' lang='grc' dir='ltr'>καὶ</span> <span class='ocrx_word' id='word_1_639' title='bbox 2945 3902 2990 3933; x_wconf 82' lang='grc'><strong><em>³⁸</em></strong></span> <span class='ocrx_word' id='word_1_640' title='bbox 3047 3901 3303 3973; x_wconf 84' lang='grc' dir='ltr'>θεαρχίας</span> <span class='ocrx_word' id='word_1_641' title='bbox 3367 3901 3621 3971; x_wconf 78' lang='grc' dir='ltr'>ὑμνοῦσι,</span> <span class='ocrx_word' id='word_1_642' title='bbox 3665 3901 3765 3955; x_wconf 73' lang='grc' dir='ltr'>καὶ</span> 
     </span>
    </p>
   </div>
   <div class='ocr_carea' id='block_1_79' title="bbox 2178 3992 3764 4066">
    <p class='ocr_par' dir='ltr' id='par_1_79' title="bbox 2178 3992 3764 4066">
     <span class='ocr_line' id='line_1_79' title="bbox 2178 3992 3764 4066; baseline 0.003 -22"><span class='ocrx_word' id='word_1_643' title='bbox 2178 3992 2327 4056; x_wconf 88' lang='grc' dir='ltr'>θείας</span> <span class='ocrx_word' id='word_1_644' title='bbox 2355 3992 2549 4062; x_wconf 78' lang='grc' dir='ltr'>ἡδονῆς</span> <span class='ocrx_word' id='word_1_645' title='bbox 2577 3994 3051 4065; x_wconf 76' lang='grc' dir='ltr'>ἀποπληροῦνται,</span> <span class='ocrx_word' id='word_1_646' title='bbox 3083 3995 3181 4066; x_wconf 82' lang='grc' dir='ltr'>τὴν</span> <span class='ocrx_word' id='word_1_647' title='bbox 3216 3994 3312 4048; x_wconf 69' lang='grc' dir='ltr'>ἐπὶ</span> <span class='ocrx_word' id='word_1_648' title='bbox 3346 3995 3415 4048; x_wconf 77' lang='grc' dir='ltr'>τὰ</span> <span class='ocrx_word' id='word_1_649' title='bbox 3436 3995 3607 4066; x_wconf 83' lang='grc' dir='ltr'>χείρω</span> <span class='ocrx_word' id='word_1_650' title='bbox 3629 4012 3764 4065; x_wconf 81' lang='grc' dir='ltr'>τρο-</span> 
     </span>
    </p>
   </div>
   <div class='ocr_carea' id='block_1_80' title="bbox 2179 4083 3767 4156">
    <p class='ocr_par' dir='ltr' id='par_1_80' title="bbox 2179 4083 3767 4156">
     <span class='ocr_line' id='line_1_80' title="bbox 2179 4083 3767 4156; baseline 0 -18"><span class='ocrx_word' id='word_1_651' title='bbox 2179 4086 2287 4156; x_wconf 83' lang='grc' dir='ltr'>πὴν</span> <span class='ocrx_word' id='word_1_652' title='bbox 2320 4084 2420 4138; x_wconf 83' lang='grc' dir='ltr'>ούκ</span> <span class='ocrx_word' id='word_1_653' title='bbox 2450 4083 2530 4138; x_wconf 80' lang='grc' dir='ltr'>ἔτι</span> <span class='ocrx_word' id='word_1_654' title='bbox 2569 4084 2893 4152; x_wconf 68' lang='grc' dir='ltr'>δεδοικότες,</span> <span class='ocrx_word' id='word_1_655' title='bbox 2917 4087 3044 4141; x_wconf 79' lang='grc' dir='ltr'>ἀλλ’</span> <span class='ocrx_word' id='word_1_656' title='bbox 3069 4083 3129 4141; x_wconf 77' lang='grc' dir='ltr'>εὖ</span> <span class='ocrx_word' id='word_1_657' title='bbox 3165 4086 3390 4151; x_wconf 85' lang='grc' dir='ltr'>εἰδότες,</span> <span class='ocrx_word' id='word_1_658' title='bbox 3432 4089 3516 4142; x_wconf 85' lang='grc' dir='ltr'>ὅτι</span> <span class='ocrx_word' id='word_1_659' title='bbox 3548 4088 3618 4141; x_wconf 84' lang='grc' dir='ltr'>τὰ</span> <span class='ocrx_word' id='word_1_660' title='bbox 3642 4105 3767 4142; x_wconf 84' lang='grc' dir='ltr'>κτι-</span> 
     </span>
    </p>
   </div>
   <div class='ocr_carea' id='block_1_81' title="bbox 2179 4177 3765 4248">
    <p class='ocr_par' dir='ltr' id='par_1_81' title="bbox 2179 4177 3765 4248">
     <span class='ocr_line' id='line_1_81' title="bbox 2179 4177 3765 4248; baseline 0.001 -17"><span class='ocrx_word' id='word_1_661' title='bbox 2179 4177 2377 4233; x_wconf 82' lang='grc' dir='ltr'>σθέντα</span> <span class='ocrx_word' id='word_1_662' title='bbox 2411 4177 2555 4234; x_wconf 71' lang='grc' dir='ltr'>καλὰ</span> <span class='ocrx_word' id='word_1_663' title='bbox 2587 4177 2824 4248; x_wconf 81' lang='grc' dir='ltr'>βεϐαίως</span> <span class='ocrx_word' id='word_1_664' title='bbox 2867 4180 2962 4233; x_wconf 76' lang='grc' dir='ltr'>καὶ</span> <span class='ocrx_word' id='word_1_665' title='bbox 3019 4180 3255 4243; x_wconf 82' lang='grc' dir='ltr'>αἰωνίως</span> <span class='ocrx_word' id='word_1_666' title='bbox 3316 4180 3559 4246; x_wconf 76' lang='grc' dir='ltr'>ἐξουσινο</span> <span class='ocrx_word' id='word_1_667' title='bbox 3603 4181 3656 4234; x_wconf 75' lang='grc' dir='ltr'>οἱ</span> <span class='ocrx_word' id='word_1_668' title='bbox 3706 4178 3765 4233; x_wconf 71' lang='grc' dir='ltr'>δέ</span> 
     </span>
    </p>
   </div>
   <div class='ocr_carea' id='block_1_82' title="bbox 2182 4270 3767 4343">
    <p class='ocr_par' dir='ltr' id='par_1_82' title="bbox 2182 4270 3767 4343">
     <span class='ocr_line' id='line_1_82' title="bbox 2182 4270 3767 4343; baseline -0.001 -18"><span class='ocrx_word' id='word_1_669' title='bbox 2182 4270 2463 4342; x_wconf 87' lang='grc' dir='ltr'>μολυσμοῦ</span> <span class='ocrx_word' id='word_1_670' title='bbox 2494 4270 2537 4302; x_wconf 86' lang='grc'>³⁷</span> <span class='ocrx_word' id='word_1_671' title='bbox 2562 4270 2824 4325; x_wconf 80' lang='grc' dir='ltr'>ἀνάπλεοι</span> <span class='ocrx_word' id='word_1_672' title='bbox 2877 4271 2971 4323; x_wconf 81' lang='grc' dir='ltr'>καὶ</span> <span class='ocrx_word' id='word_1_673' title='bbox 3020 4272 3256 4343; x_wconf 78' lang='grc' dir='ltr'>ἀνιέρων</span> <span class='ocrx_word' id='word_1_674' title='bbox 3291 4270 3552 4340; x_wconf 87' lang='grc' dir='ltr'>κηλίδων,</span> <span class='ocrx_word' id='word_1_675' title='bbox 3599 4270 3767 4341; x_wconf 76' lang='grc' dir='ltr'>εἴπερ</span> 
     </span>
    </p>
   </div>
   <div class='ocr_carea' id='block_1_83' title="bbox 492 4361 2060 4435">
    <p class='ocr_par' dir='ltr' id='par_1_83' title="bbox 492 4361 2060 4432">
     <span class='ocr_line' id='line_1_83' title="bbox 492 4361 2060 4432; baseline 0.002 -17"><span class='ocrx_word' id='word_1_676' title='bbox 492 4363 853 4418; x_wconf 83' lang='lat' dir='ltr'><strong>initiatiouem</strong></span> <span class='ocrx_word' id='word_1_677' title='bbox 872 4377 1081 4417; x_wconf 84' lang='lat' dir='ltr'><strong>sacram</strong></span> <span class='ocrx_word' id='word_1_678' title='bbox 1105 4361 1466 4428; x_wconf 83' lang='lat' dir='ltr'><strong>obtinuerint,</strong></span> <span class='ocrx_word' id='word_1_679' title='bbox 1495 4376 1659 4432; x_wconf 86' lang='lat' dir='ltr'><strong>quam</strong></span> <span class='ocrx_word' id='word_1_680' title='bbox 1686 4362 1753 4418; x_wconf 89' lang='lat' dir='ltr'>de</span> <span class='ocrx_word' id='word_1_681' title='bbox 1774 4378 1870 4417; x_wconf 88' lang='lat' dir='ltr'>sua</span> <span class='ocrx_word' id='word_1_682' title='bbox 1890 4374 2060 4418; x_wconf 80' lang='lat' dir='ltr'><strong>mente</strong></span> 
     </span>
    </p>
   </div>
   <div class='ocr_carea' id='block_1_84' title="bbox 2168 4361 3768 4435">
    <p class='ocr_par' dir='ltr' id='par_1_84' title="bbox 2187 4362 3768 4435">
     <span class='ocr_line' id='line_1_84' title="bbox 2187 4362 3768 4435; baseline -0.002 -17"><span class='ocrx_word' id='word_1_683' title='bbox 2187 4365 2343 4435; x_wconf 80' lang='grc' dir='ltr'>ἱερᾶς</span> <span class='ocrx_word' id='word_1_684' title='bbox 2381 4380 2527 4427; x_wconf 85' lang='grc' dir='ltr'>τινος</span> <span class='ocrx_word' id='word_1_685' title='bbox 2553 4365 2890 4433; x_wconf 81' lang='grc' dir='ltr'>τετυχήκασι</span> <span class='ocrx_word' id='word_1_686' title='bbox 2923 4363 3199 4435; x_wconf 76' lang='grc' dir='ltr'>μυήσεως,</span> <span class='ocrx_word' id='word_1_687' title='bbox 3238 4363 3392 4417; x_wconf 75' lang='grc' dir='ltr'>αὐτοὶ</span> <span class='ocrx_word' id='word_1_688' title='bbox 3445 4362 3504 4416; x_wconf 80' lang='grc' dir='ltr'>δὲ</span> <span class='ocrx_word' id='word_1_689' title='bbox 3553 4362 3768 4433; x_wconf 84' lang='grc' dir='ltr'>ταύτην</span> 
     </span>
    </p>
   </div>
   <div class='ocr_carea' id='block_1_85' title="bbox 491 4454 2068 4525">
    <p class='ocr_par' dir='ltr' id='par_1_85' title="bbox 491 4454 2068 4525">
     <span class='ocr_line' id='line_1_85' title="bbox 491 4454 2068 4525; baseline 0.001 -15"><span class='ocrx_word' id='word_1_690' title='bbox 491 4458 705 4512; x_wconf 80' lang='lat' dir='ltr'><strong>funeste</strong></span> <span class='ocrx_word' id='word_1_691' title='bbox 729 4457 1049 4523; x_wconf 84' lang='lat' dir='ltr'><strong>abjicientes</strong></span> <span class='ocrx_word' id='word_1_692' title='bbox 1077 4456 1143 4510; x_wconf 88' lang='lat' dir='ltr'>ad</span> <span class='ocrx_word' id='word_1_693' title='bbox 1169 4454 1411 4511; x_wconf 83' lang='lat' dir='ltr'><strong>lethil‘era</strong></span> <span class='ocrx_word' id='word_1_694' title='bbox 1426 4464 1759 4525; x_wconf 88' lang='lat' dir='ltr'><strong>proruerunt</strong></span> <span class='ocrx_word' id='word_1_695' title='bbox 1776 4456 2068 4523; x_wconf 81' lang='lat' dir='ltr'><strong>desideria,</strong></span> 
     </span>
    </p>
   </div>
   <div class='ocr_carea' id='block_1_86' title="bbox 491 4546 2067 4618">
    <p class='ocr_par' dir='ltr' id='par_1_86' title="bbox 491 4546 2067 4618">
     <span class='ocr_line' id='line_1_86' title="bbox 491 4546 2067 4618; baseline 0.002 -19"><span class='ocrx_word' id='word_1_696' title='bbox 491 4564 615 4602; x_wconf 77' lang='lat' dir='ltr'>eum</span> <span class='ocrx_word' id='word_1_697' title='bbox 645 4547 710 4603; x_wconf 88' lang='lat' dir='ltr'>ad</span> <span class='ocrx_word' id='word_1_698' title='bbox 748 4548 912 4615; x_wconf 87' lang='lat' dir='ltr'><strong>hujus</strong></span> <span class='ocrx_word' id='word_1_699' title='bbox 949 4548 1072 4601; x_wconf 65' lang='lat' dir='ltr'><strong>vita:</strong></span> <span class='ocrx_word' id='word_1_700' title='bbox 1116 4546 1275 4601; x_wconf 86' lang='lat' dir='ltr'><strong>linem</strong></span> <span class='ocrx_word' id='word_1_701' title='bbox 1317 4547 1677 4614; x_wconf 85' lang='lat' dir='ltr'><strong>advenerunt,</strong></span> <span class='ocrx_word' id='word_1_702' title='bbox 1718 4562 1828 4603; x_wconf 89' lang='lat' dir='ltr'>non</span> <span class='ocrx_word' id='word_1_703' title='bbox 1865 4549 2067 4618; x_wconf 87' lang='lat' dir='ltr'><strong>pariter</strong></span> 
     </span>
    </p>
   </div>
   <div class='ocr_carea' id='block_1_87' title="bbox 493 4638 2069 4711">
    <p class='ocr_par' dir='ltr' id='par_1_87' title="bbox 493 4638 2069 4711">
     <span class='ocr_line' id='line_1_87' title="bbox 493 4638 2069 4711; baseline 0 -16"><span class='ocrx_word' id='word_1_704' title='bbox 493 4641 626 4711; x_wconf 83' lang='lat' dir='ltr'><strong>ipsis</strong></span> <span class='ocrx_word' id='word_1_705' title='bbox 648 4640 1078 4709; x_wconf 78' lang='lat' dir='ltr'><strong>contemptibilis</strong></span> <span class='ocrx_word' id='word_1_706' title='bbox 1112 4650 1337 4711; x_wconf 90' lang='lat' dir='ltr'><strong>apparet</strong></span> <span class='ocrx_word' id='word_1_707' title='bbox 1365 4638 1677 4695; x_wconf 86' lang='lat' dir='ltr'><strong>divinorum</strong></span> <span class='ocrx_word' id='word_1_708' title='bbox 1718 4640 2069 4696; x_wconf 91' lang='lat' dir='ltr'><strong>oraculorum</strong></span> 
     </span>
    </p>
   </div>
   <div class='ocr_carea' id='block_1_88' title="bbox 2178 4454 3769 4526">
    <p class='ocr_par' dir='ltr' id='par_1_88' title="bbox 2178 4454 3769 4526">
     <span class='ocr_line' id='line_1_88' title="bbox 2178 4454 3769 4526; baseline -0.002 -16"><span class='ocrx_word' id='word_1_709' title='bbox 2178 4458 2243 4510; x_wconf 84' lang='grc' dir='ltr'>ἐκ</span> <span class='ocrx_word' id='word_1_710' title='bbox 2275 4454 2370 4509; x_wconf 87' lang='grc' dir='ltr'>τοῦ</span> <span class='ocrx_word' id='word_1_711' title='bbox 2400 4455 2603 4510; x_wconf 82' lang='grc' dir='ltr'>οἰκείου</span> <span class='ocrx_word' id='word_1_712' title='bbox 2642 4456 2760 4519; x_wconf 86' lang='grc' dir='ltr'>νοὸς</span> <span class='ocrx_word' id='word_1_713' title='bbox 2793 4455 3054 4526; x_wconf 89' lang='grc' dir='ltr'>ὀλεθρίως</span> <span class='ocrx_word' id='word_1_714' title='bbox 3087 4454 3571 4526; x_wconf 75' lang='grc' dir='ltr'>ἀπορραπίσαντες</span> <span class='ocrx_word' id='word_1_715' title='bbox 3599 4454 3645 4485; x_wconf 86' lang='grc'>³⁸</span> <span class='ocrx_word' id='word_1_716' title='bbox 3671 4455 3769 4507; x_wconf 80' lang='grc' dir='ltr'>ἐπὶ</span> 
     </span>
    </p>
   </div>
   <div class='ocr_carea' id='block_1_89' title="bbox 2175 4544 3771 4619">
    <p class='ocr_par' dir='ltr' id='par_1_89' title="bbox 2175 4544 3771 4619">
     <span class='ocr_line' id='line_1_89' title="bbox 2175 4544 3771 4619; baseline -0.003 -18"><span class='ocrx_word' id='word_1_717' title='bbox 2175 4548 2275 4612; x_wconf 84' lang='grc' dir='ltr'>τὰς</span> <span class='ocrx_word' id='word_1_718' title='bbox 2316 4547 2677 4619; x_wconf 79' lang='grc' dir='ltr'>φθοροποιοὺς</span> <span class='ocrx_word' id='word_1_719' title='bbox 2704 4548 3090 4619; x_wconf 82' lang='grc' dir='ltr'>ηὐτομόλησαν</span> <span class='ocrx_word' id='word_1_720' title='bbox 3147 4546 3472 4618; x_wconf 75' lang='grc' dir='ltr'>ἐπιθυμίας,</span> <span class='ocrx_word' id='word_1_721' title='bbox 3503 4546 3634 4600; x_wconf 77' lang='grc' dir='ltr'>ὅταν</span> <span class='ocrx_word' id='word_1_722' title='bbox 3672 4544 3771 4597; x_wconf 79' lang='grc' dir='ltr'>ἐπὶ</span> 
     </span>
    </p>
   </div>
   <div class='ocr_carea' id='block_1_90' title="bbox 2180 4639 3772 4713">
    <p class='ocr_par' dir='ltr' id='par_1_90' title="bbox 2180 4639 3772 4713">
     <span class='ocr_line' id='line_1_90' title="bbox 2180 4639 3772 4713; baseline -0.002 -19"><span class='ocrx_word' id='word_1_723' title='bbox 2180 4641 2241 4694; x_wconf 85' lang='grc' dir='ltr'>τὸ</span> <span class='ocrx_word' id='word_1_724' title='bbox 2279 4642 2431 4705; x_wconf 81' lang='grc' dir='ltr'>τέλος</span> <span class='ocrx_word' id='word_1_725' title='bbox 2463 4641 2731 4713; x_wconf 84' lang='grc' dir='ltr'>ἐρχωνται</span> <span class='ocrx_word' id='word_1_726' title='bbox 2764 4642 2862 4712; x_wconf 82' lang='grc' dir='ltr'>τῆς</span> <span class='ocrx_word' id='word_1_727' title='bbox 2908 4641 3097 4696; x_wconf 86' lang='grc' dir='ltr'>ἐνθάδε</span> <span class='ocrx_word' id='word_1_728' title='bbox 3131 4639 3299 4711; x_wconf 75' lang='grc' dir='ltr'>ζωῆς,</span> <span class='ocrx_word' id='word_1_729' title='bbox 3348 4640 3534 4695; x_wconf 77' lang='grc' dir='ltr'>οὐκέτι</span> <span class='ocrx_word' id='word_1_730' title='bbox 3560 4640 3772 4711; x_wconf 82' lang='grc' dir='ltr'>ὁμοίως</span> 
     </span>
    </p>
   </div>
   <div class='ocr_carea' id='block_1_91' title="bbox 1696 4778 2576 4845">
    <p class='ocr_par' dir='ltr' id='par_1_91' title="bbox 1696 4778 2576 4845">
     <span class='ocr_line' id='line_1_91' title="bbox 1696 4778 2576 4845; baseline 0.007 -6"><span class='ocrx_word' id='word_1_731' title='bbox 1696 4778 1898 4840; x_wconf 70' lang='lat' dir='ltr'><strong>Variaa</strong></span> <span class='ocrx_word' id='word_1_732' title='bbox 1928 4778 2234 4845; x_wconf 88' lang='lat' dir='ltr'><strong>lectiones</strong></span> <span class='ocrx_word' id='word_1_733' title='bbox 2279 4789 2339 4844; x_wconf 89' lang='lat' dir='ltr'>et</span> <span class='ocrx_word' id='word_1_734' title='bbox 2385 4792 2576 4845; x_wconf 56' lang='lat' dir='ltr'><strong>nota».</strong></span> 
     </span>
    </p>
   </div>
   <div class='ocr_carea' id='block_1_92' title="bbox 596 4935 1206 5008">
    <p class='ocr_par' dir='ltr' id='par_1_92' title="bbox 596 4935 1206 5008">
     <span class='ocr_line' id='line_1_92' title="bbox 596 4935 1206 5008; baseline -0.011 -12"><span class='ocrx_word' id='word_1_735' title='bbox 596 4945 641 4976; x_wconf 78' lang='grc'>⁹⁹</span> <span class='ocrx_word' id='word_1_736' title='bbox 695 4939 926 5008; x_wconf 72' lang='grc' dir='ltr'>δάκρυον</span> <span class='ocrx_word' id='word_1_737' title='bbox 980 4951 1089 4991; x_wconf 92' lang='lat' dir='ltr'><strong>om.</strong></span> 
     </span>
    </p>
   </div>
   <div class='ocr_carea' id='block_1_93' title="bbox 1322 4932 2189 4991">
    <p class='ocr_par' dir='ltr' id='par_1_93' title="bbox 1322 4932 2189 4991">
     <span class='ocr_line' id='line_1_93' title="bbox 1322 4932 2189 4991; baseline 0.001 -4"><span class='ocrx_word' id='word_1_738' title='bbox 1322 4935 1337 4964; x_wconf 86' lang='grc'>¹</span> <span class='ocrx_word' id='word_1_739' title='bbox 1396 4932 1669 4987; x_wconf 72' lang='grc' dir='ltr'>ἄπαυστον</span> <span class='ocrx_word' id='word_1_740' title='bbox 1734 4934 1801 4991; x_wconf 81' lang='grc' dir='ltr'><strong>Μ.</strong></span> <span class='ocrx_word' id='word_1_741' title='bbox 1880 4936 1900 4965; x_wconf 84' lang='grc'>¹</span> <span class='ocrx_word' id='word_1_742' title='bbox 1965 4953 2023 4989; x_wconf 91' lang='grc' dir='ltr'>τε</span> <span class='ocrx_word' id='word_1_743' title='bbox 2095 4938 2189 4989; x_wconf 64' lang='grc' dir='ltr'>καὶ</span> 
     </span>
    </p>
   </div>
   <div class='ocr_carea' id='block_1_94' title="bbox 2251 4934 2623 4990">
    <p class='ocr_par' dir='ltr' id='par_1_94' title="bbox 2251 4934 2623 4990">
     <span class='ocr_line' id='line_1_94' title="bbox 2251 4934 2623 4990; baseline 0.003 -1"><span class='ocrx_word' id='word_1_744' title='bbox 2251 4954 2305 4989; x_wconf 90' lang='grc' dir='ltr'>κ.</span> <span class='ocrx_word' id='word_1_745' title='bbox 2380 4952 2490 4990; x_wconf 81' lang='lat' dir='ltr'><strong>oui.</strong></span> <span class='ocrx_word' id='word_1_746' title='bbox 2560 4934 2623 4990; x_wconf 88' lang='lat' dir='ltr'><em>L.</em></span> 
     </span>
    </p>
   </div>
   <div class='ocr_carea' id='block_1_95' title="bbox 2746 4934 3774 5000">
    <p class='ocr_par' dir='ltr' id='par_1_95' title="bbox 2746 4934 3774 5000">
     <span class='ocr_line' id='line_1_95' title="bbox 2746 4934 3774 5000; baseline 0.004 -11"><span class='ocrx_word' id='word_1_747' title='bbox 2746 4937 2767 4969; x_wconf 87' lang='grc'><em>³</em></span> <span class='ocrx_word' id='word_1_748' title='bbox 2827 4935 3145 4991; x_wconf 85' lang='lat' dir='ltr'><strong>Ecclesiast.</strong></span> <span class='ocrx_word' id='word_1_749' title='bbox 3197 4952 3275 5000; x_wconf 75' lang='lat' dir='ltr'><strong>Ix,</strong></span> <span class='ocrx_word' id='word_1_750' title='bbox 3335 4935 3421 4990; x_wconf 80' lang='lat' dir='ltr'><strong>ll).</strong></span> <span class='ocrx_word' id='word_1_751' title='bbox 3499 4934 3520 4965; x_wconf 72' lang='grc'>⁸</span> <span class='ocrx_word' id='word_1_752' title='bbox 3588 4937 3774 4993; x_wconf 78' lang='grc' dir='ltr'>πάντα</span> 
     </span>
    </p>
   </div>
   <div class='ocr_carea' id='block_1_96' title="bbox 492 5004 2060 5134">
    <p class='ocr_par' dir='ltr' id='par_1_96' title="bbox 492 5004 2060 5134">
     <span class='ocr_line' id='line_1_96' title="bbox 492 5004 2060 5080; baseline -0.006 -11"><span class='ocrx_word' id='word_1_753' title='bbox 492 5015 558 5069; x_wconf 81' lang='grc' dir='ltr'>ἂν</span> <span class='ocrx_word' id='word_1_754' title='bbox 615 5014 717 5067; x_wconf 78' lang='grc' dir='ltr'>ὅσα</span> <span class='ocrx_word' id='word_1_755' title='bbox 777 5004 873 5080; x_wconf 72' lang='grc' dir='ltr'>ε’ῦρ</span> <span class='ocrx_word' id='word_1_756' title='bbox 942 5008 1005 5061; x_wconf 89' lang='lat' dir='ltr'><em>L.</em></span> <span class='ocrx_word' id='word_1_757' title='bbox 1083 5006 1201 5069; x_wconf 68' lang='lat' dir='ltr'><strong>“th;</strong></span> <span class='ocrx_word' id='word_1_758' title='bbox 1264 5006 1297 5074; x_wconf 83' lang='grc' dir='ltr'>ἡ</span> <span class='ocrx_word' id='word_1_759' title='bbox 1354 5005 1401 5060; x_wconf 92' lang='grc' dir='ltr'>δ.</span> <span class='ocrx_word' id='word_1_760' title='bbox 1454 5021 1546 5056; x_wconf 91' lang='grc' dir='ltr'>σου</span> <span class='ocrx_word' id='word_1_761' title='bbox 1584 5004 1710 5058; x_wconf 85' lang='lat' dir='ltr'><strong>Ecc.</strong></span> <span class='ocrx_word' id='word_1_762' title='bbox 1767 5007 1868 5071; x_wconf 85' lang='grc' dir='ltr'>ὅση</span> <span class='ocrx_word' id='word_1_763' title='bbox 1910 5005 2060 5075; x_wconf 73' lang='grc' dir='ltr'>δύναε</span> 
     </span>
     <span class='ocr_line' id='line_1_97' title="bbox 492 5027 2060 5134; baseline -0.003 0"><span class='ocrx_word' id='word_1_764' title='bbox 492 5087 513 5117; x_wconf 80' lang='grc'><strong><em>⁸</em></strong></span> <span class='ocrx_word' id='word_1_765' title='bbox 547 5084 637 5134; x_wconf 78' lang='lat' dir='ltr'><strong>Ps.</strong></span> <span class='ocrx_word' id='word_1_766' title='bbox 667 5098 851 5134; x_wconf 77' lang='lat' dir='ltr'>um.</span> <span class='ocrx_word' id='word_1_767' title='bbox 1015 5079 1036 5110; x_wconf 84' lang='lat'><strong>’</strong></span> <span class='ocrx_word' id='word_1_768' title='bbox 1064 5077 1185 5131; x_wconf 85' lang='grc' dir='ltr'>κατ’</span> <span class='ocrx_word' id='word_1_769' title='bbox 1224 5074 1391 5130; x_wconf 78' lang='grc' dir='ltr'>αὑτοῦ</span> <span class='ocrx_word' id='word_1_770' title='bbox 1419 5078 1445 5129; x_wconf 91' lang='lat'>6</span> <span class='ocrx_word' id='word_1_771' title='bbox 1472 5074 1676 5134; x_wconf 83' lang='grc' dir='ltr'>Κύριος</span> <span class='ocrx_word' id='word_1_772' title='bbox 1708 5074 1768 5129; x_wconf 86' lang='lat' dir='ltr'><em>L.</em></span> <span class='ocrx_word' id='word_1_773' title='bbox 1850 5077 1891 5107; x_wconf 80' lang='grc'>¹⁰</span> <span class='ocrx_word' id='word_1_774' title='bbox 1922 5076 2060 5130; x_wconf 61' lang='grc' dir='ltr'>Ἰοῦς</span> 
     </span>
    </p>
   </div>
   <div class='ocr_carea' id='block_1_97' title="bbox 2168 5004 3695 5134">
    <p class='ocr_par' dir='ltr' id='par_1_97' title="bbox 2168 5004 3695 5134">
     <span class='ocr_line' id='line_1_98' title="bbox 2175 5004 3695 5073; baseline 0.002 -15"><span class='ocrx_word' id='word_1_775' title='bbox 2175 5022 2267 5059; x_wconf 89' lang='grc' dir='ltr'>σου</span> <span class='ocrx_word' id='word_1_776' title='bbox 2304 5005 2367 5061; x_wconf 89' lang='lat' dir='ltr'><em>L.</em></span> <span class='ocrx_word' id='word_1_777' title='bbox 2449 5008 2470 5038; x_wconf 86' lang='grc'>⁶</span> <span class='ocrx_word' id='word_1_778' title='bbox 2501 5005 2590 5061; x_wconf 87' lang='lat' dir='ltr'><strong>Ps.</strong></span> <span class='ocrx_word' id='word_1_779' title='bbox 2623 5023 2697 5072; x_wconf 87' lang='lat' dir='ltr'>vt,</span> <span class='ocrx_word' id='word_1_780' title='bbox 2723 5006 2776 5062; x_wconf 81' lang='lat'><em>5.</em></span> <span class='ocrx_word' id='word_1_781' title='bbox 2855 5008 2875 5038; x_wconf 86' lang='grc'><strong>⁷</strong></span> <span class='ocrx_word' id='word_1_782' title='bbox 2919 5010 2978 5060; x_wconf 85' lang='grc' dir='ltr'>ἐν</span> <span class='ocrx_word' id='word_1_783' title='bbox 3010 5006 3067 5060; x_wconf 82' lang='grc' dir='ltr'>δέ</span> <span class='ocrx_word' id='word_1_784' title='bbox 3100 5005 3178 5073; x_wconf 79' lang='grc' dir='ltr'>τῷ</span> <span class='ocrx_word' id='word_1_785' title='bbox 3208 5035 3270 5045; x_wconf 93' lang='lat'>—-</span> <span class='ocrx_word' id='word_1_786' title='bbox 3305 5004 3442 5059; x_wconf 88' lang='grc' dir='ltr'>Θεοῦ</span> <span class='ocrx_word' id='word_1_787' title='bbox 3478 5020 3591 5060; x_wconf 89' lang='lat' dir='ltr'><strong>om.</strong></span> <span class='ocrx_word' id='word_1_788' title='bbox 3628 5005 3695 5061; x_wconf 86' lang='lat' dir='ltr'><em>L.</em></span> 
     </span>
     <span class='ocr_line' id='line_1_99' title="bbox 2168 5076 3695 5134; baseline 0.001 -5"><span class='ocrx_word' id='word_1_789' title='bbox 2168 5096 2212 5129; x_wconf 66' lang='grc' dir='ltr'>δυ</span> <span class='ocrx_word' id='word_1_790' title='bbox 2250 5076 2487 5131; x_wconf 67' lang='grc' dir='ltr'>Νείλουῖ</span> <span class='ocrx_word' id='word_1_791' title='bbox 2571 5078 2609 5110; x_wconf 83' lang='grc'>¹¹</span> <span class='ocrx_word' id='word_1_792' title='bbox 2646 5080 2704 5130; x_wconf 89' lang='grc' dir='ltr'>ἐν</span> <span class='ocrx_word' id='word_1_793' title='bbox 2746 5076 2823 5134; x_wconf 75' lang='grc' dir='ltr'>τῶ</span> <span class='ocrx_word' id='word_1_794' title='bbox 2864 5077 2966 5134; x_wconf 72' lang='grc' dir='ltr'>ἆδη</span> <span class='ocrx_word' id='word_1_795' title='bbox 3004 5076 3067 5134; x_wconf 76' lang='grc' dir='ltr'><strong>ι.</strong></span> <span class='ocrx_word' id='word_1_796' title='bbox 3169 5077 3211 5108; x_wconf 83' lang='grc'>¹¹</span> <span class='ocrx_word' id='word_1_797' title='bbox 3242 5077 3361 5130; x_wconf 81' lang='grc' dir='ltr'>ἐκεῖ</span> <span class='ocrx_word' id='word_1_798' title='bbox 3407 5076 3503 5129; x_wconf 88' lang='grc' dir='ltr'>νῦν</span> <span class='ocrx_word' id='word_1_799' title='bbox 3554 5076 3695 5134; x_wconf 47' lang='lat' dir='ltr'><strong>aldi.</strong></span> 
     </span>
    </p>
   </div>
   <div class='ocr_carea' id='block_1_98' title="bbox 492 5084 851 5146">
    <p class='ocr_par' dir='ltr' id='par_1_98' title="bbox 492 5084 851 5146">
     <span class='ocr_line' id='line_1_100' title="bbox 492 5084 851 5146; baseline -0.011 -8"><span class='ocrx_word' id='word_1_800' title='bbox 492 5087 513 5117; x_wconf 82' lang='grc'><strong><em>⁸</em></strong></span> <span class='ocrx_word' id='word_1_801' title='bbox 547 5084 637 5138; x_wconf 81' lang='lat' dir='ltr'><strong>Ps.</strong></span> <span class='ocrx_word' id='word_1_802' title='bbox 667 5098 851 5146; x_wconf 77' lang='lat' dir='ltr'><strong>Lxxw,</strong></span> 
     </span>
    </p>
   </div>
   <div class='ocr_carea' id='block_1_99' title="bbox 1015 5074 3067 5149">
    <p class='ocr_par' dir='ltr' id='par_1_99' title="bbox 1015 5074 3067 5149">
     <span class='ocr_line' id='line_1_101' title="bbox 1015 5074 3067 5149; baseline 0 -18"><span class='ocrx_word' id='word_1_803' title='bbox 1015 5077 1185 5149; x_wconf 50' lang='grc' dir='ltr'>ῗκατ’</span> <span class='ocrx_word' id='word_1_804' title='bbox 1224 5074 1391 5130; x_wconf 78' lang='grc' dir='ltr'>αὑτοῦ</span> <span class='ocrx_word' id='word_1_805' title='bbox 1419 5078 1445 5129; x_wconf 91' lang='lat'>6</span> <span class='ocrx_word' id='word_1_806' title='bbox 1472 5074 1676 5149; x_wconf 83' lang='grc' dir='ltr'>Κύριος</span> <span class='ocrx_word' id='word_1_807' title='bbox 1708 5074 1768 5129; x_wconf 86' lang='lat' dir='ltr'><em>L.</em></span> <span class='ocrx_word' id='word_1_808' title='bbox 1850 5077 1891 5107; x_wconf 82' lang='grc'>¹⁰</span> <span class='ocrx_word' id='word_1_809' title='bbox 1922 5074 2213 5149; x_wconf 40' lang='grc' dir='ltr'>Ἰρῦ-ἀγίου</span> <span class='ocrx_word' id='word_1_810' title='bbox 2250 5078 2445 5149; x_wconf 83' lang='grc' dir='ltr'>Νείλου</span> <span class='ocrx_word' id='word_1_811' title='bbox 2464 5076 2505 5149; x_wconf 87' lang='lat'>?_</span> <span class='ocrx_word' id='word_1_812' title='bbox 2571 5078 2609 5110; x_wconf 81' lang='lat'>“</span> <span class='ocrx_word' id='word_1_813' title='bbox 2646 5080 2704 5149; x_wconf 85' lang='grc' dir='ltr'>ἐν</span> <span class='ocrx_word' id='word_1_814' title='bbox 2746 5076 2823 5147; x_wconf 82' lang='grc' dir='ltr'>τῷ</span> <span class='ocrx_word' id='word_1_815' title='bbox 2864 5076 3067 5149; x_wconf 24' lang='grc' dir='ltr'>ᾅδῃγι.</span> 
     </span>
    </p>
   </div>
   <div class='ocr_carea' id='block_1_100' title="bbox 3169 5076 3768 5149">
    <p class='ocr_par' dir='ltr' id='par_1_100' title="bbox 3169 5076 3768 5149">
     <span class='ocr_line' id='line_1_102' title="bbox 3169 5076 3768 5149; baseline 0.002 -20"><span class='ocrx_word' id='word_1_816' title='bbox 3169 5077 3361 5149; x_wconf 15' lang='grc' dir='ltr'>¹¹νγέκεϊ</span> <span class='ocrx_word' id='word_1_817' title='bbox 3407 5076 3503 5149; x_wconf 77' lang='grc' dir='ltr'>νῦν</span> <span class='ocrx_word' id='word_1_818' title='bbox 3554 5077 3611 5129; x_wconf 81' lang='grc' dir='ltr'>αί</span> <span class='ocrx_word' id='word_1_819' title='bbox 3636 5076 3711 5149; x_wconf 51' lang='grc' dir='ltr'>ψ,</span> <span class='ocrx_word' id='word_1_820' title='bbox 3735 5080 3768 5149; x_wconf 84' lang='grc' dir='ltr'>ῆ</span> 
     </span>
    </p>
   </div>
   <div class='ocr_carea' id='block_1_101' title="bbox 494 5133 3768 5221">
    <p class='ocr_par' dir='ltr' id='par_1_101' title="bbox 494 5133 3768 5221">
     <span class='ocr_line' id='line_1_103' title="bbox 494 5133 3768 5221; baseline -0.002 -14"><span class='ocrx_word' id='word_1_821' title='bbox 494 5133 566 5207; x_wconf 47' lang='grc' dir='ltr'>ὲν-</span> <span class='ocrx_word' id='word_1_822' title='bbox 799 5133 978 5221; x_wconf 69' lang='grc' dir='ltr'>σίωπῇ</span> <span class='ocrx_word' id='word_1_823' title='bbox 1011 5148 1132 5221; x_wconf 85' lang='grc' dir='ltr'>ἢέν</span> <span class='ocrx_word' id='word_1_824' title='bbox 1171 5149 1311 5221; x_wconf 76' lang='grc' dir='ltr'>ποίῳ</span> <span class='ocrx_word' id='word_1_825' title='bbox 1353 5133 1671 5221; x_wconf 67' lang='grc' dir='ltr'>πικροτᾷτιιὲ</span> <span class='ocrx_word' id='word_1_826' title='bbox 1702 5147 1992 5221; x_wconf 72' lang='grc' dir='ltr'>στεναγμῷ</span> <span class='ocrx_word' id='word_1_827' title='bbox 2177 5148 2354 5221; x_wconf 24' lang='grc' dir='ltr'>¹³μκαὶ⁸</span> <span class='ocrx_word' id='word_1_828' title='bbox 2386 5147 2447 5200; x_wconf 81' lang='grc' dir='ltr'>τὸ</span> <span class='ocrx_word' id='word_1_829' title='bbox 2480 5146 2716 5221; x_wconf 62' lang='grc' dir='ltr'>ψυχικὸν</span> <span class='ocrx_word' id='word_1_830' title='bbox 2738 5133 3065 5221; x_wconf 42' lang='grc' dir='ltr'>-ἐῇούσξῖιξ</span> <span class='ocrx_word' id='word_1_831' title='bbox 3097 5146 3157 5221; x_wconf 23' lang='grc'>*⁸⁸</span> <span class='ocrx_word' id='word_1_832' title='bbox 3191 5146 3298 5200; x_wconf 88' lang='grc' dir='ltr'>Τοῦ</span> <span class='ocrx_word' id='word_1_833' title='bbox 3338 5146 3627 5221; x_wconf 62' lang='grc' dir='ltr'>Διαλόγου,</span> <span class='ocrx_word' id='word_1_834' title='bbox 3651 5133 3768 5210; x_wconf 74' lang='grc' dir='ltr'>ἰγξ</span> 
     </span>
    </p>
   </div>
   <div class='ocr_carea' id='block_1_102' title="bbox 492 5216 2060 5291">
    <p class='ocr_par' dir='ltr' id='par_1_102' title="bbox 492 5216 2060 5291">
     <span class='ocr_line' id='line_1_104' title="bbox 492 5216 2060 5291; baseline -0.004 -12"><span class='ocrx_word' id='word_1_835' title='bbox 492 5226 582 5279; x_wconf 74' lang='lat'>28.</span> <span class='ocrx_word' id='word_1_836' title='bbox 663 5225 705 5255; x_wconf 80' lang='lat'>&quot;</span> <span class='ocrx_word' id='word_1_837' title='bbox 735 5223 830 5276; x_wconf 76' lang='grc' dir='ltr'>καὶ</span> <span class='ocrx_word' id='word_1_838' title='bbox 887 5216 1189 5291; x_wconf 80' lang='grc' dir='ltr'>Γρηγόριος</span> <span class='ocrx_word' id='word_1_839' title='bbox 1224 5216 1292 5274; x_wconf 59' lang='grc' dir='ltr'>[μ’</span> <span class='ocrx_word' id='word_1_840' title='bbox 1362 5218 1406 5250; x_wconf 83' lang='grc'>¹⁶</span> <span class='ocrx_word' id='word_1_841' title='bbox 1440 5217 1606 5291; x_wconf 81' lang='grc' dir='ltr'>φησίν</span> <span class='ocrx_word' id='word_1_842' title='bbox 1642 5232 1753 5270; x_wconf 91' lang='lat' dir='ltr'><strong>om.</strong></span> <span class='ocrx_word' id='word_1_843' title='bbox 1800 5216 1862 5273; x_wconf 90' lang='lat' dir='ltr'><em>L.</em></span> <span class='ocrx_word' id='word_1_844' title='bbox 1912 5216 1986 5250; x_wconf 47' lang='grc'>⁷⁸⁷</span> <span class='ocrx_word' id='word_1_845' title='bbox 2028 5218 2060 5272; x_wconf 83' lang='grc' dir='ltr'>Ἰ</span> 
     </span>
    </p>
   </div>
   <div class='ocr_carea' id='block_1_103' title="bbox 2168 5216 2413 5291">
    <p class='ocr_par' dir='ltr' id='par_1_103' title="bbox 2188 5217 2413 5281">
     <span class='ocr_line' id='line_1_105' title="bbox 2188 5217 2413 5281; baseline 0 -10"><span class='ocrx_word' id='word_1_846' title='bbox 2188 5217 2286 5281; x_wconf 84' lang='grc' dir='ltr'>τάς</span> <span class='ocrx_word' id='word_1_847' title='bbox 2317 5218 2413 5273; x_wconf 80' lang='lat' dir='ltr'>Gr.</span> 
     </span>
    </p>
   </div>
   <div class='ocr_carea' id='block_1_104' title="bbox 2516 5215 3773 5288">
    <p class='ocr_par' dir='ltr' id='par_1_104' title="bbox 2516 5215 3773 5288">
     <span class='ocr_line' id='line_1_106' title="bbox 2516 5215 3773 5288; baseline 0.018 -26"><span class='ocrx_word' id='word_1_848' title='bbox 2516 5218 2536 5249; x_wconf 76' lang='grc' dir='ltr'>ε</span> <span class='ocrx_word' id='word_1_849' title='bbox 2563 5215 2637 5271; x_wconf 66' lang='grc' dir='ltr'>’ἐν</span> <span class='ocrx_word' id='word_1_850' title='bbox 2693 5218 2773 5288; x_wconf 69' lang='grc' dir='ltr'>τῷ</span> <span class='ocrx_word' id='word_1_851' title='bbox 2809 5215 2880 5271; x_wconf 74' lang='lat' dir='ltr'>&#39;o‘.</span> <span class='ocrx_word' id='word_1_852' title='bbox 2933 5220 2980 5273; x_wconf 86' lang='grc' dir='ltr'>ἐ.</span> <span class='ocrx_word' id='word_1_853' title='bbox 3016 5216 3345 5280; x_wconf 73' lang='grc' dir='ltr'>ἐπίστευσας</span> <span class='ocrx_word' id='word_1_854' title='bbox 3376 5219 3442 5288; x_wconf 67' lang='grc' dir='ltr'>τῇ</span> <span class='ocrx_word' id='word_1_855' title='bbox 3479 5215 3582 5285; x_wconf 81' lang='grc' dir='ltr'>τῆς</span> <span class='ocrx_word' id='word_1_856' title='bbox 3616 5218 3773 5288; x_wconf 71' lang='grc' dir='ltr'>ἱερᾶς</span> 
     </span>
    </p>
   </div>
   <div class='ocr_carea' id='block_1_105' title="bbox 497 5286 2060 5416">
    <p class='ocr_par' dir='ltr' id='par_1_105' title="bbox 497 5286 2059 5416">
     <span class='ocr_line' id='line_1_107' title="bbox 497 5286 2059 5364; baseline -0.003 -16"><span class='ocrx_word' id='word_1_857' title='bbox 497 5295 787 5363; x_wconf 79' lang='grc' dir='ltr'>συντυχίας</span> <span class='ocrx_word' id='word_1_858' title='bbox 813 5286 1179 5364; x_wconf 69' lang='grc' dir='ltr'>πληοφορίᾳ,</span> <span class='ocrx_word' id='word_1_859' title='bbox 1211 5290 1328 5344; x_wconf 80' lang='grc' dir='ltr'>δέον</span> <span class='ocrx_word' id='word_1_860' title='bbox 1370 5286 1518 5343; x_wconf 71' lang='grc' dir='ltr'>ἐστὶν</span> <span class='ocrx_word' id='word_1_861' title='bbox 1546 5289 1653 5352; x_wconf 79' lang='grc' dir='ltr'>ἵνα,</span> <span class='ocrx_word' id='word_1_862' title='bbox 1687 5297 1887 5357; x_wconf 75' lang='lat' dir='ltr'><strong>oportet</strong></span> <span class='ocrx_word' id='word_1_863' title='bbox 1923 5298 1978 5343; x_wconf 85' lang='lat' dir='ltr'>ut</span> <span class='ocrx_word' id='word_1_864' title='bbox 1998 5305 2059 5359; x_wconf 88' lang='lat' dir='ltr'>pe</span> 
     </span>
     <span class='ocr_line' id='line_1_108' title="bbox 497 5309 2053 5416; baseline -0.001 0"><span class='ocrx_word' id='word_1_865' title='bbox 497 5362 635 5416; x_wconf 79' lang='grc' dir='ltr'>εἶναι</span> <span class='ocrx_word' id='word_1_866' title='bbox 674 5368 738 5416; x_wconf 86' lang='grc' dir='ltr'>ἐκ</span> <span class='ocrx_word' id='word_1_867' title='bbox 784 5309 985 5416; x_wconf 53' lang='grc' dir='ltr'>παντός</span> <span class='ocrx_word' id='word_1_868' title='bbox 1038 5361 1339 5416; x_wconf 78' lang='grc' dir='ltr'>πιστεύσης</span> <span class='ocrx_word' id='word_1_869' title='bbox 1374 5362 1468 5416; x_wconf 80' lang='lat' dir='ltr'>Gr.</span> <span class='ocrx_word' id='word_1_870' title='bbox 1546 5360 1587 5390; x_wconf 85' lang='lat'><strong>&quot;</strong></span> <span class='ocrx_word' id='word_1_871' title='bbox 1617 5360 1993 5416; x_wconf 78' lang='grc' dir='ltr'>ἀδιαστάκτως</span> <span class='ocrx_word' id='word_1_872' title='bbox 2024 5376 2053 5414; x_wconf 86' lang='lat' dir='ltr'>a</span> 
     </span>
    </p>
   </div>
   <div class='ocr_carea' id='block_1_106' title="bbox 2168 5286 3767 5416">
    <p class='ocr_par' dir='ltr' id='par_1_106' title="bbox 2168 5286 3767 5416">
     <span class='ocr_line' id='line_1_109' title="bbox 2168 5286 3767 5361; baseline 0 -18"><span class='ocrx_word' id='word_1_873' title='bbox 2168 5291 2299 5344; x_wconf 24' lang='lat' dir='ltr'><strong>inuia</strong></span> <span class='ocrx_word' id='word_1_874' title='bbox 2331 5305 2443 5343; x_wconf 76' lang='lat' dir='ltr'><strong>esse</strong></span> <span class='ocrx_word' id='word_1_875' title='bbox 2469 5289 2652 5342; x_wconf 75' lang='lat' dir='ltr'><strong>credas</strong></span> <span class='ocrx_word' id='word_1_876' title='bbox 2685 5286 2780 5343; x_wconf 84' lang='lat' dir='ltr'><strong>Gr.</strong></span> <span class='ocrx_word' id='word_1_877' title='bbox 2862 5290 2905 5321; x_wconf 83' lang='lat'>&quot;</span> <span class='ocrx_word' id='word_1_878' title='bbox 2942 5289 3145 5343; x_wconf 83' lang='grc' dir='ltr'>ἀδίκων</span> <span class='ocrx_word' id='word_1_879' title='bbox 3175 5288 3354 5358; x_wconf 77' lang='grc' dir='ltr'>ψυχάς</span> <span class='ocrx_word' id='word_1_880' title='bbox 3380 5286 3478 5343; x_wconf 84' lang='lat' dir='ltr'>Gr.</span> <span class='ocrx_word' id='word_1_881' title='bbox 3558 5286 3767 5361; x_wconf 72' lang='grc' dir='ltr'>’θ’Ᾱδῃ</span> 
     </span>
     <span class='ocr_line' id='line_1_110' title="bbox 2187 5358 3767 5416; baseline 0.001 -2"><span class='ocrx_word' id='word_1_882' title='bbox 2187 5360 2334 5415; x_wconf 78' lang='lat' dir='ltr'><strong>Moti.</strong></span> <span class='ocrx_word' id='word_1_883' title='bbox 2412 5360 2457 5389; x_wconf 80' lang='lat'>&quot;</span> <span class='ocrx_word' id='word_1_884' title='bbox 2496 5358 2636 5414; x_wconf 80' lang='grc' dir='ltr'>Καθ.</span> <span class='ocrx_word' id='word_1_885' title='bbox 2688 5361 2798 5416; x_wconf 78' lang='grc' dir='ltr'>γὰρ</span> <span class='ocrx_word' id='word_1_886' title='bbox 2835 5361 2962 5416; x_wconf 74' lang='grc' dir='ltr'>τοὺς</span> <span class='ocrx_word' id='word_1_887' title='bbox 3006 5359 3298 5416; x_wconf 68' lang='grc' dir='ltr'>ἐκλεκτοὺς</span> <span class='ocrx_word' id='word_1_888' title='bbox 3328 5360 3361 5416; x_wconf 78' lang='grc' dir='ltr'><strong>ὴ</strong></span> <span class='ocrx_word' id='word_1_889' title='bbox 3398 5376 3458 5416; x_wconf 84' lang='grc' dir='ltr'>μ.</span> <span class='ocrx_word' id='word_1_890' title='bbox 3496 5360 3544 5412; x_wconf 84' lang='grc' dir='ltr'>ἐ.</span> <span class='ocrx_word' id='word_1_891' title='bbox 3580 5361 3632 5413; x_wconf 87' lang='lat'><em>6.</em></span> <span class='ocrx_word' id='word_1_892' title='bbox 3672 5362 3767 5415; x_wconf 83' lang='lat' dir='ltr'>Gr.</span> 
     </span>
    </p>
   </div>
   <div class='ocr_carea' id='block_1_107' title="bbox 497 5362 922 5419">
    <p class='ocr_par' dir='ltr' id='par_1_107' title="bbox 497 5362 922 5419">
     <span class='ocr_line' id='line_1_111' title="bbox 497 5362 922 5419; baseline -0.005 -2"><span class='ocrx_word' id='word_1_893' title='bbox 497 5362 635 5419; x_wconf 79' lang='grc' dir='ltr'>εἶναι</span> <span class='ocrx_word' id='word_1_894' title='bbox 667 5362 738 5418; x_wconf 82' lang='grc' dir='ltr'>ἐκ</span> <span class='ocrx_word' id='word_1_895' title='bbox 784 5362 922 5417; x_wconf 76' lang='grc' dir='ltr'>παντ</span> 
     </span>
    </p>
   </div>
   <div class='ocr_carea' id='block_1_108' title="bbox 498 5429 1485 5506">
    <p class='ocr_par' dir='ltr' id='par_1_108' title="bbox 498 5429 1485 5506">
     <span class='ocr_line' id='line_1_112' title="bbox 498 5429 1485 5506; baseline -0.004 -18"><span class='ocrx_word' id='word_1_896' title='bbox 498 5435 543 5506; x_wconf 49' lang='grc' dir='ltr'>’ξ</span> <span class='ocrx_word' id='word_1_897' title='bbox 574 5438 633 5506; x_wconf 67' lang='grc' dir='ltr'>ἐν</span> <span class='ocrx_word' id='word_1_898' title='bbox 673 5437 947 5506; x_wconf 69' lang='grc' dir='ltr'>οὐρανοῖς.</span> <span class='ocrx_word' id='word_1_899' title='bbox 985 5503 1002 5506; x_wconf 96' lang='lat'><em>_</em></span> <span class='ocrx_word' id='word_1_900' title='bbox 1055 5432 1099 5462; x_wconf 72' lang='lat'><strong>”</strong></span> <span class='ocrx_word' id='word_1_901' title='bbox 1134 5429 1399 5506; x_wconf 43' lang='lat' dir='ltr'><strong>metiendi;</strong></span> 
     </span>
    </p>
   </div>
   <div class='ocr_carea' id='block_1_109' title="bbox 498 5502 1565 5574">
    <p class='ocr_par' dir='ltr' id='par_1_109' title="bbox 498 5502 1565 5574">
     <span class='ocr_line' id='line_1_113' title="bbox 498 5502 1565 5574; baseline 0.003 -21"><span class='ocrx_word' id='word_1_902' title='bbox 498 5505 543 5574; x_wconf 50' lang='grc' dir='ltr'><strong><em>ν</em></strong></span> <span class='ocrx_word' id='word_1_903' title='bbox 573 5504 716 5574; x_wconf 80' lang='grc' dir='ltr'>λύπη</span> <span class='ocrx_word' id='word_1_904' title='bbox 741 5502 798 5557; x_wconf 80' lang='grc' dir='ltr'>τε</span> <span class='ocrx_word' id='word_1_905' title='bbox 835 5505 928 5559; x_wconf 86' lang='grc' dir='ltr'>καί</span> <span class='ocrx_word' id='word_1_906' title='bbox 982 5503 1045 5559; x_wconf 88' lang='lat' dir='ltr'><em>L.</em></span> <span class='ocrx_word' id='word_1_907' title='bbox 1154 5503 1195 5574; x_wconf 10' lang='lat'>‘7’</span> <span class='ocrx_word' id='word_1_908' title='bbox 1232 5502 1385 5573; x_wconf 79' lang='grc' dir='ltr'>φλοξί</span> <span class='ocrx_word' id='word_1_909' title='bbox 1420 5502 1565 5574; x_wconf 22' lang='grc' dir='ltr'>Μᾷοη.</span> 
     </span>
    </p>
   </div>
   <div class='ocr_carea' id='block_1_110' title="bbox 511 5572 1505 5641">
    <p class='ocr_par' dir='ltr' id='par_1_110' title="bbox 511 5572 1505 5641">
     <span class='ocr_line' id='line_1_114' title="bbox 511 5572 1505 5641; baseline 0 -16"><span class='ocrx_word' id='word_1_910' title='bbox 511 5572 931 5641; x_wconf 79' lang='grc' dir='ltr'>Ἀρεοπαγίτου,</span> <span class='ocrx_word' id='word_1_911' title='bbox 967 5574 1034 5628; x_wconf 84' lang='lat' dir='ltr'>dc</span> <span class='ocrx_word' id='word_1_912' title='bbox 1072 5573 1207 5627; x_wconf 82' lang='lat' dir='ltr'><strong>ccci.</strong></span> <span class='ocrx_word' id='word_1_913' title='bbox 1250 5572 1389 5627; x_wconf 84' lang='lat' dir='ltr'><strong>hier.</strong></span> <span class='ocrx_word' id='word_1_914' title='bbox 1453 5572 1505 5625; x_wconf 86' lang='lat' dir='ltr'>&#39;l.</span> 
     </span>
    </p>
   </div>
   <div class='ocr_carea' id='block_1_111' title="bbox 502 5641 1701 5711">
    <p class='ocr_par' dir='ltr' id='par_1_111' title="bbox 502 5641 1701 5711">
     <span class='ocr_line' id='line_1_115' title="bbox 502 5641 1701 5711; baseline 0.003 -18"><span class='ocrx_word' id='word_1_915' title='bbox 502 5641 685 5703; x_wconf 69' lang='grc' dir='ltr'>καθώς</span> <span class='ocrx_word' id='word_1_916' title='bbox 720 5660 883 5710; x_wconf 81' lang='grc' dir='ltr'>φησιν</span> <span class='ocrx_word' id='word_1_917' title='bbox 913 5643 974 5697; x_wconf 87' lang='lat' dir='ltr'><em>L.</em></span> <span class='ocrx_word' id='word_1_918' title='bbox 1054 5644 1098 5673; x_wconf 87' lang='grc'>⁸³</span> <span class='ocrx_word' id='word_1_919' title='bbox 1132 5644 1226 5696; x_wconf 85' lang='grc' dir='ltr'>τοῦ</span> <span class='ocrx_word' id='word_1_920' title='bbox 1257 5644 1312 5695; x_wconf 82' lang='grc' dir='ltr'>δὲ</span> <span class='ocrx_word' id='word_1_921' title='bbox 1350 5643 1399 5711; x_wconf 82' lang='grc' dir='ltr'>β.</span> <span class='ocrx_word' id='word_1_922' title='bbox 1440 5645 1559 5697; x_wconf 81' lang='lat' dir='ltr'><strong>cod.</strong></span> <span class='ocrx_word' id='word_1_923' title='bbox 1602 5642 1701 5696; x_wconf 84' lang='lat' dir='ltr'><strong>bis.</strong></span> 
     </span>
    </p>
   </div>
   <div class='ocr_carea' id='block_1_112' title="bbox 500 5711 1953 5787">
    <p class='ocr_par' dir='ltr' id='par_1_112' title="bbox 500 5711 1953 5787">
     <span class='ocr_line' id='line_1_116' title="bbox 500 5711 1953 5787; baseline 0 -22"><span class='ocrx_word' id='word_1_924' title='bbox 500 5713 516 5745; x_wconf 76' lang='grc'><strong>⁷</strong></span> <span class='ocrx_word' id='word_1_925' title='bbox 556 5711 847 5787; x_wconf 64' lang='grc' dir='ltr'>μολυσμῶν</span> <span class='ocrx_word' id='word_1_926' title='bbox 879 5713 941 5767; x_wconf 86' lang='lat' dir='ltr'><em>L.</em></span> <span class='ocrx_word' id='word_1_927' title='bbox 1020 5713 1062 5743; x_wconf 74' lang='lat'>°&quot;</span> <span class='ocrx_word' id='word_1_928' title='bbox 1100 5714 1319 5781; x_wconf 67' lang='grc' dir='ltr'>ἀπορρκ</span> <span class='ocrx_word' id='word_1_929' title='bbox 1357 5713 1481 5781; x_wconf 48' lang='lat' dir='ltr'><strong>mia.</strong></span> <span class='ocrx_word' id='word_1_930' title='bbox 1530 5714 1647 5767; x_wconf 70' lang='lat' dir='ltr'><strong>end.</strong></span> <span class='ocrx_word' id='word_1_931' title='bbox 1692 5728 1855 5781; x_wconf 66' lang='lat' dir='ltr'><strong>quam</strong></span> <span class='ocrx_word' id='word_1_932' title='bbox 1906 5711 1953 5749; x_wconf 54' lang='grc' dir='ltr'>ἒν</span> 
     </span>
    </p>
   </div>
   <div class='ocr_carea' id='block_1_113' title="bbox 1038 5360 2334 5431">
    <p class='ocr_par' dir='ltr' id='par_1_113' title="bbox 1038 5360 2334 5431">
     <span class='ocr_line' id='line_1_117' title="bbox 1038 5360 2334 5431; baseline 0.002 -18"><span class='ocrx_word' id='word_1_933' title='bbox 1038 5361 1339 5431; x_wconf 79' lang='grc' dir='ltr'>πιστεύσῃς</span> <span class='ocrx_word' id='word_1_934' title='bbox 1374 5362 1468 5431; x_wconf 78' lang='lat' dir='ltr'>Gr.</span> <span class='ocrx_word' id='word_1_935' title='bbox 1546 5360 1587 5390; x_wconf 84' lang='lat'><strong>&quot;</strong></span> <span class='ocrx_word' id='word_1_936' title='bbox 1617 5360 1993 5431; x_wconf 78' lang='grc' dir='ltr'>ἀδιαστὰκτως</span> <span class='ocrx_word' id='word_1_937' title='bbox 2024 5360 2148 5431; x_wconf 80' lang='lat' dir='ltr'><strong>add.</strong></span> <span class='ocrx_word' id='word_1_938' title='bbox 2187 5360 2334 5431; x_wconf 74' lang='lat' dir='ltr'><strong>Moti.</strong></span> 
     </span>
    </p>
   </div>
   <div class='ocr_carea' id='block_1_114' title="bbox 1670 5500 2502 5569">
    <p class='ocr_par' dir='ltr' id='par_1_114' title="bbox 1670 5500 2502 5569">
     <span class='ocr_line' id='line_1_118' title="bbox 1670 5500 2502 5569; baseline 0.001 -16"><span class='ocrx_word' id='word_1_939' title='bbox 1670 5500 1714 5531; x_wconf 80' lang='grc'>⁸⁸</span> <span class='ocrx_word' id='word_1_940' title='bbox 1752 5501 1816 5569; x_wconf 83' lang='grc' dir='ltr'>δὴ</span> <span class='ocrx_word' id='word_1_941' title='bbox 1864 5502 1957 5553; x_wconf 69' lang='grc' dir='ltr'>καὶ</span> <span class='ocrx_word' id='word_1_942' title='bbox 2002 5504 2100 5569; x_wconf 84' lang='grc' dir='ltr'>τὴν</span> <span class='ocrx_word' id='word_1_943' title='bbox 2132 5520 2186 5555; x_wconf 87' lang='grc' dir='ltr'>κ.</span> <span class='ocrx_word' id='word_1_944' title='bbox 2228 5500 2421 5557; x_wconf 14' lang='grc' dir='ltr'>ήΛ.καὶ</span> <span class='ocrx_word' id='word_1_945' title='bbox 2462 5519 2502 5554; x_wconf 89' lang='grc' dir='ltr'>π</span> 
     </span>
    </p>
   </div>
   <div class='ocr_carea' id='block_1_115' title="bbox 2412 5358 2798 5429">
    <p class='ocr_par' dir='ltr' id='par_1_115' title="bbox 2412 5358 2798 5429">
     <span class='ocr_line' id='line_1_119' title="bbox 2412 5358 2798 5429; baseline -0.008 -15"><span class='ocrx_word' id='word_1_946' title='bbox 2412 5360 2457 5389; x_wconf 74' lang='grc'>³³</span> <span class='ocrx_word' id='word_1_947' title='bbox 2496 5358 2636 5414; x_wconf 82' lang='grc' dir='ltr'>Καθ.</span> <span class='ocrx_word' id='word_1_948' title='bbox 2688 5361 2798 5429; x_wconf 83' lang='grc' dir='ltr'>γὰρ</span> 
     </span>
    </p>
   </div>
   <div class='ocr_carea' id='block_1_116' title="bbox 2835 5359 3769 5427">
    <p class='ocr_par' dir='ltr' id='par_1_116' title="bbox 2835 5359 3769 5427">
     <span class='ocr_line' id='line_1_120' title="bbox 2835 5359 3769 5427; baseline 0.002 -14"><span class='ocrx_word' id='word_1_949' title='bbox 2835 5361 2962 5422; x_wconf 82' lang='grc' dir='ltr'>τοὺς</span> <span class='ocrx_word' id='word_1_950' title='bbox 3006 5359 3298 5421; x_wconf 67' lang='grc' dir='ltr'>ἐκλεκτοὺς</span> <span class='ocrx_word' id='word_1_951' title='bbox 3328 5360 3361 5426; x_wconf 79' lang='grc' dir='ltr'>ὴ</span> <span class='ocrx_word' id='word_1_952' title='bbox 3398 5376 3458 5427; x_wconf 88' lang='grc' dir='ltr'>μ.</span> <span class='ocrx_word' id='word_1_953' title='bbox 3496 5360 3544 5412; x_wconf 85' lang='grc' dir='ltr'>ἐ.</span> <span class='ocrx_word' id='word_1_954' title='bbox 3580 5361 3632 5413; x_wconf 91' lang='grc' dir='ltr'>ὀ.</span> <span class='ocrx_word' id='word_1_955' title='bbox 3672 5359 3769 5415; x_wconf 75' lang='lat' dir='ltr'><strong>cr;</strong></span> 
     </span>
    </p>
   </div>
   <div class='ocr_carea' id='block_1_117' title="bbox 1603 5429 3769 5553">
    <p class='ocr_par' dir='ltr' id='par_1_117' title="bbox 1603 5429 3769 5553">
     <span class='ocr_line' id='line_1_121' title="bbox 1603 5429 3769 5553; baseline 0.001 -71"><span class='ocrx_word' id='word_1_956' title='bbox 1603 5432 1653 5462; x_wconf 82' lang='lat'><strong>&quot;</strong></span> <span class='ocrx_word' id='word_1_957' title='bbox 1682 5430 1901 5491; x_wconf 72' lang='grc' dir='ltr'>ἀδίκους</span> <span class='ocrx_word' id='word_1_958' title='bbox 1930 5431 2037 5485; x_wconf 79' lang='grc' dir='ltr'>ἀπὸ</span> <span class='ocrx_word' id='word_1_959' title='bbox 2066 5430 2166 5500; x_wconf 83' lang='grc' dir='ltr'>τῆς</span> <span class='ocrx_word' id='word_1_960' title='bbox 2209 5430 2417 5503; x_wconf 80' lang='grc' dir='ltr'>ἡμέρας</span> <span class='ocrx_word' id='word_1_961' title='bbox 2446 5430 2549 5553; x_wconf 42' lang='lat' dir='ltr'><strong>si}:</strong></span> <span class='ocrx_word' id='word_1_962' title='bbox 2587 5430 2768 5492; x_wconf 79' lang='grc' dir='ltr'>ἐξόδου</span> <span class='ocrx_word' id='word_1_963' title='bbox 2821 5432 3002 5484; x_wconf 72' lang='grc' dir='ltr'>αὐτῶν</span> <span class='ocrx_word' id='word_1_964' title='bbox 3037 5432 3098 5482; x_wconf 85' lang='grc' dir='ltr'>τὸ</span> <span class='ocrx_word' id='word_1_965' title='bbox 3144 5429 3255 5500; x_wconf 81' lang='grc' dir='ltr'>πῦρ</span> <span class='ocrx_word' id='word_1_966' title='bbox 3294 5429 3637 5498; x_wconf 77' lang='grc' dir='ltr'>καταφλέγει</span> <span class='ocrx_word' id='word_1_967' title='bbox 3670 5431 3769 5486; x_wconf 78' lang='lat' dir='ltr'>Cr.</span> 
     </span>
     <span class='ocr_line' id='line_1_122' title="bbox 1670 5499 3769 5553; baseline 0 0"><span class='ocrx_word' id='word_1_968' title='bbox 1670 5500 1714 5531; x_wconf 80' lang='grc'>⁸⁸</span> <span class='ocrx_word' id='word_1_969' title='bbox 1752 5501 1815 5553; x_wconf 76' lang='grc' dir='ltr'>δὴ</span> <span class='ocrx_word' id='word_1_970' title='bbox 1864 5502 1957 5553; x_wconf 69' lang='grc' dir='ltr'>καὶ</span> <span class='ocrx_word' id='word_1_971' title='bbox 2002 5504 2100 5553; x_wconf 78' lang='grc' dir='ltr'>τὴν</span> <span class='ocrx_word' id='word_1_972' title='bbox 2132 5520 2186 5553; x_wconf 86' lang='grc' dir='ltr'>κ.</span> <span class='ocrx_word' id='word_1_973' title='bbox 2233 5503 2298 5553; x_wconf 85' lang='grc' dir='ltr'><strong>Λ.</strong></span> <span class='ocrx_word' id='word_1_974' title='bbox 2324 5503 2421 5553; x_wconf 78' lang='grc' dir='ltr'>καὶ</span> <span class='ocrx_word' id='word_1_975' title='bbox 2462 5519 2502 5553; x_wconf 90' lang='grc' dir='ltr'>π</span> <span class='ocrx_word' id='word_1_976' title='bbox 2545 5500 2728 5553; x_wconf 86' lang='grc' dir='ltr'>.Μοη.</span> <span class='ocrx_word' id='word_1_977' title='bbox 2831 5504 2874 5533; x_wconf 65' lang='grc'><strong>’³</strong></span> <span class='ocrx_word' id='word_1_978' title='bbox 2901 5502 3042 5553; x_wconf 70' lang='grc' dir='ltr'>κατὰ</span> <span class='ocrx_word' id='word_1_979' title='bbox 3070 5501 3160 5553; x_wconf 76' lang='grc' dir='ltr'>τὸν</span> <span class='ocrx_word' id='word_1_980' title='bbox 3193 5502 3258 5553; x_wconf 83' lang='grc' dir='ltr'>Λ.</span> <span class='ocrx_word' id='word_1_981' title='bbox 3293 5500 3387 5553; x_wconf 87' lang='grc' dir='ltr'>πλ.</span> <span class='ocrx_word' id='word_1_982' title='bbox 3431 5499 3492 5553; x_wconf 86' lang='lat' dir='ltr'><em>L.</em></span> <span class='ocrx_word' id='word_1_983' title='bbox 3575 5500 3623 5533; x_wconf 75' lang='grc'><strong><em>³⁸</em></strong></span> <span class='ocrx_word' id='word_1_984' title='bbox 3657 5502 3769 5553; x_wconf 86' lang='grc' dir='ltr'>Τοῦ</span> 
     </span>
    </p>
   </div>
   <div class='ocr_carea' id='block_1_118' title="bbox 2545 5499 3770 5556">
    <p class='ocr_par' dir='ltr' id='par_1_118' title="bbox 2545 5499 3770 5556">
     <span class='ocr_line' id='line_1_123' title="bbox 2545 5499 3770 5556; baseline 0.001 -2"><span class='ocrx_word' id='word_1_985' title='bbox 2545 5543 2556 5554; x_wconf 93' lang='grc'>.</span> <span class='ocrx_word' id='word_1_986' title='bbox 2579 5500 2728 5556; x_wconf 84' lang='grc' dir='ltr'>Μοη.</span> <span class='ocrx_word' id='word_1_987' title='bbox 2831 5504 2874 5533; x_wconf 66' lang='grc'><strong>’³</strong></span> <span class='ocrx_word' id='word_1_988' title='bbox 2901 5502 3042 5555; x_wconf 77' lang='grc' dir='ltr'>κατὰ</span> <span class='ocrx_word' id='word_1_989' title='bbox 3070 5501 3160 5553; x_wconf 73' lang='grc' dir='ltr'>τὸν</span> <span class='ocrx_word' id='word_1_990' title='bbox 3193 5499 3258 5554; x_wconf 71' lang='grc' dir='ltr'>Α.</span> <span class='ocrx_word' id='word_1_991' title='bbox 3293 5500 3387 5553; x_wconf 83' lang='grc' dir='ltr'>πλ.</span> <span class='ocrx_word' id='word_1_992' title='bbox 3431 5499 3492 5553; x_wconf 85' lang='lat' dir='ltr'><em>L.</em></span> <span class='ocrx_word' id='word_1_993' title='bbox 3575 5500 3623 5533; x_wconf 75' lang='grc'>³⁸</span> <span class='ocrx_word' id='word_1_994' title='bbox 3657 5502 3770 5555; x_wconf 83' lang='grc' dir='ltr'>Τοῦ</span> 
     </span>
    </p>
   </div>
   <div class='ocr_carea' id='block_1_119' title="bbox 1564 5565 3770 5641">
    <p class='ocr_par' dir='ltr' id='par_1_119' title="bbox 1564 5565 3770 5641">
     <span class='ocr_line' id='line_1_124' title="bbox 1564 5565 3770 5641; baseline 0 -16"><span class='ocrx_word' id='word_1_995' title='bbox 1564 5587 1615 5641; x_wconf 88' lang='lat' dir='ltr'><em>p.</em></span> <span class='ocrx_word' id='word_1_996' title='bbox 1674 5565 1816 5625; x_wconf 26' lang='lat'>£07.-</span> <span class='ocrx_word' id='word_1_997' title='bbox 1878 5574 1918 5605; x_wconf 78' lang='lat'>&quot;</span> <span class='ocrx_word' id='word_1_998' title='bbox 1951 5565 2073 5625; x_wconf 74' lang='grc' dir='ltr'>Ὅτι</span> <span class='ocrx_word' id='word_1_999' title='bbox 2124 5572 2181 5625; x_wconf 82' lang='grc' dir='ltr'>δέ</span> <span class='ocrx_word' id='word_1_1000' title='bbox 2235 5589 2296 5637; x_wconf 90' lang='grc' dir='ltr'>γε</span> <span class='ocrx_word' id='word_1_1001' title='bbox 2330 5572 2423 5625; x_wconf 85' lang='grc' dir='ltr'>καί</span> <span class='ocrx_word' id='word_1_1002' title='bbox 2462 5570 2521 5624; x_wconf 84' lang='lat' dir='ltr'><em>L.</em></span> <span class='ocrx_word' id='word_1_1003' title='bbox 2600 5571 2644 5602; x_wconf 86' lang='grc'>³¹</span> <span class='ocrx_word' id='word_1_1004' title='bbox 2679 5572 2776 5624; x_wconf 76' lang='grc' dir='ltr'>ἀπ.</span> <span class='ocrx_word' id='word_1_1005' title='bbox 2805 5571 3060 5625; x_wconf 78' lang='grc' dir='ltr'>ἐντεῦθεν</span> <span class='ocrx_word' id='word_1_1006' title='bbox 3109 5572 3225 5641; x_wconf 76' lang='grc' dir='ltr'>ηδει</span> <span class='ocrx_word' id='word_1_1007' title='bbox 3250 5588 3303 5625; x_wconf 83' lang='grc' dir='ltr'>τ.</span> <span class='ocrx_word' id='word_1_1008' title='bbox 3339 5589 3398 5640; x_wconf 85' lang='grc' dir='ltr'>μ.</span> <span class='ocrx_word' id='word_1_1009' title='bbox 3427 5571 3520 5639; x_wconf 78' lang='grc' dir='ltr'>ὑφ’</span> <span class='ocrx_word' id='word_1_1010' title='bbox 3552 5565 3632 5625; x_wconf 77' lang='grc' dir='ltr'>ὧν</span> <span class='ocrx_word' id='word_1_1011' title='bbox 3674 5576 3770 5631; x_wconf 66' lang='grc' dir='ltr'>επ.</span> 
     </span>
    </p>
   </div>
   <div class='ocr_carea' id='block_1_120' title="bbox 1780 5641 2060 5767">
    <p class='ocr_par' dir='ltr' id='par_1_120' title="bbox 1780 5641 2060 5765">
     <span class='ocr_line' id='line_1_125' title="bbox 1780 5641 2055 5712; baseline -0.004 -17"><span class='ocrx_word' id='word_1_1012' title='bbox 1780 5642 1825 5673; x_wconf 65' lang='grc'>³⁸</span> <span class='ocrx_word' id='word_1_1013' title='bbox 1848 5641 1945 5712; x_wconf 78' lang='grc' dir='ltr'>τὴν</span> <span class='ocrx_word' id='word_1_1014' title='bbox 1977 5645 2055 5703; x_wconf 76' lang='grc' dir='ltr'>εἰς</span> 
     </span>
     <span class='ocr_line' id='line_1_126' title="bbox 1784 5717 2060 5765; baseline 0.014 -4"><span class='ocrx_word' id='word_1_1015' title='bbox 1784 5730 1855 5765; x_wconf 85' lang='grc' dir='ltr'>ιιιι</span> <span class='ocrx_word' id='word_1_1016' title='bbox 1916 5746 1953 5749; x_wconf 62' lang='grc' dir='ltr'><strong><em>η</em></strong></span> <span class='ocrx_word' id='word_1_1017' title='bbox 1992 5717 2060 5765; x_wconf 78' lang='lat' dir='ltr'>rel</span> 
     </span>
    </p>
   </div>
   <div class='ocr_carea' id='block_1_121' title="bbox 2168 5641 3768 5767">
    <p class='ocr_par' dir='ltr' id='par_1_121' title="bbox 2177 5641 3768 5767">
     <span class='ocr_line' id='line_1_127' title="bbox 2177 5641 3768 5767; baseline 0.004 -73"><span class='ocrx_word' id='word_1_1018' title='bbox 2177 5642 2224 5694; x_wconf 88' lang='lat'><em>0.</em></span> <span class='ocrx_word' id='word_1_1019' title='bbox 2384 5643 2448 5767; x_wconf 60' lang='lat' dir='ltr'>I“</span> <span class='ocrx_word' id='word_1_1020' title='bbox 2487 5642 2953 5713; x_wconf 74' lang='grc' dir='ltr'>γεγυμνασμένην</span> <span class='ocrx_word' id='word_1_1021' title='bbox 2983 5643 3104 5697; x_wconf 84' lang='lat' dir='ltr'><strong>cod.</strong></span> <span class='ocrx_word' id='word_1_1022' title='bbox 3183 5643 3226 5673; x_wconf 67' lang='lat'>°&quot;</span> <span class='ocrx_word' id='word_1_1023' title='bbox 3262 5641 3310 5693; x_wconf 84' lang='grc' dir='ltr'>θ.</span> <span class='ocrx_word' id='word_1_1024' title='bbox 3349 5660 3397 5711; x_wconf 83' lang='grc' dir='ltr'>χ.</span> <span class='ocrx_word' id='word_1_1025' title='bbox 3430 5642 3525 5695; x_wconf 79' lang='grc' dir='ltr'>καί</span> <span class='ocrx_word' id='word_1_1026' title='bbox 3555 5659 3669 5697; x_wconf 88' lang='lat' dir='ltr'><strong>om.</strong></span> <span class='ocrx_word' id='word_1_1027' title='bbox 3701 5644 3768 5700; x_wconf 78' lang='grc' dir='ltr'>Ιι.</span> 
     </span>
     <span class='ocr_line' id='line_1_128' title="bbox 2181 5718 2480 5767; baseline 0.007 -2"><span class='ocrx_word' id='word_1_1028' title='bbox 2181 5723 2235 5765; x_wconf 80' lang='grc' dir='ltr'>Ιιῑ</span> <span class='ocrx_word' id='word_1_1029' title='bbox 2307 5718 2480 5767; x_wconf 61' lang='grc' dir='ltr'>ίςιιυικ</span> 
     </span>
    </p>
   </div>
  </div>
