  <div class='ocr_page' id='page_1' title='image "/cluster/home/n/w/nwhite01/storage/ocr_20150623/110/hvd.32044073502296/434.png"; bbox 0 0 4046 6210; ppageno 0'>
   <div class='ocr_carea' id='block_1_1' title="bbox 316 322 417 383">
    <p class='ocr_par' dir='ltr' id='par_1_1' title="bbox 316 322 417 383">
     <span class='ocr_line' id='line_1_1' title="bbox 316 322 417 383; baseline 0.01 -1"><span class='ocrx_word' id='word_1_1' title='bbox 316 322 417 383; x_wconf 70' lang='lat'><strong>85&#39;}</strong></span> 
     </span>
    </p>
   </div>
   <div class='ocr_carea' id='block_1_2' title="bbox 1491 332 2403 399">
    <p class='ocr_par' dir='ltr' id='par_1_2' title="bbox 1491 332 2403 399">
     <span class='ocr_line' id='line_1_2' title="bbox 1491 332 2403 399; baseline 0.009 -10"><span class='ocrx_word' id='word_1_2' title='bbox 1491 332 1961 395; x_wconf 74' lang='lat' dir='ltr'>CIIRONICON.</span> <span class='ocrx_word' id='word_1_3' title='bbox 2002 359 2070 369; x_wconf 87' lang='lat'>—</span> <span class='ocrx_word' id='word_1_4' title='bbox 2111 336 2259 399; x_wconf 89' lang='lat' dir='ltr'>LIB.</span> <span class='ocrx_word' id='word_1_5' title='bbox 2304 338 2403 399; x_wconf 76' lang='grc' dir='ltr'>ιγ.</span> 
     </span>
    </p>
   </div>
   <div class='ocr_carea' id='block_1_3' title="bbox 3476 338 3579 401">
    <p class='ocr_par' dir='ltr' id='par_1_3' title="bbox 3476 338 3579 401">
     <span class='ocr_line' id='line_1_3' title="bbox 3476 338 3579 401; baseline 0 0"><span class='ocrx_word' id='word_1_6' title='bbox 3476 338 3579 401; x_wconf 78' lang='lat'>858</span> 
     </span>
    </p>
   </div>
   <div class='ocr_carea' id='block_1_4' title="bbox 314 433 1891 520">
    <p class='ocr_par' dir='ltr' id='par_1_4' title="bbox 314 433 1891 512">
     <span class='ocr_line' id='line_1_4' title="bbox 314 433 1891 512; baseline 0.006 -23"><span class='ocrx_word' id='word_1_7' title='bbox 314 435 505 497; x_wconf 75' lang='grc' dir='ltr'>αὐτοῖς</span> <span class='ocrx_word' id='word_1_8' title='bbox 522 434 565 465; x_wconf 81' lang='grc'>³⁸</span> <span class='ocrx_word' id='word_1_9' title='bbox 590 433 1068 507; x_wconf 84' lang='grc' dir='ltr'>εὐκαταφρόνητος</span> <span class='ocrx_word' id='word_1_10' title='bbox 1093 439 1344 507; x_wconf 80' lang='grc' dir='ltr'>φανεῖται</span> <span class='ocrx_word' id='word_1_11' title='bbox 1371 439 1478 493; x_wconf 89' lang='grc' dir='ltr'>τῶν</span> <span class='ocrx_word' id='word_1_12' title='bbox 1510 442 1673 496; x_wconf 84' lang='grc' dir='ltr'>θείων</span> <span class='ocrx_word' id='word_1_13' title='bbox 1697 443 1891 512; x_wconf 78' lang='grc' dir='ltr'>λογίων</span> 
     </span>
    </p>
   </div>
   <div class='ocr_carea' id='block_1_5' title="bbox 1998 433 3581 520">
    <p class='ocr_par' dir='ltr' id='par_1_5' title="bbox 2001 446 3581 520">
     <span class='ocr_line' id='line_1_5' title="bbox 2001 446 3581 520; baseline 0.004 -21"><span class='ocrx_word' id='word_1_14' title='bbox 2001 446 2292 515; x_wconf 74' lang='lat' dir='ltr'><strong>legislatio,</strong></span> <span class='ocrx_word' id='word_1_15' title='bbox 2313 447 2408 504; x_wconf 85' lang='lat' dir='ltr'>sed</span> <span class='ocrx_word' id='word_1_16' title='bbox 2431 446 2669 516; x_wconf 87' lang='lat' dir='ltr'><strong>perditas</strong></span> <span class='ocrx_word' id='word_1_17' title='bbox 2688 463 2911 503; x_wconf 89' lang='lat' dir='ltr'><strong>suarum</strong></span> <span class='ocrx_word' id='word_1_18' title='bbox 2932 450 3247 519; x_wconf 80' lang='lat' dir='ltr'>passionum</span> <span class='ocrx_word' id='word_1_19' title='bbox 3275 449 3581 520; x_wconf 74' lang='lat' dir='ltr'>voluptates</span> 
     </span>
    </p>
   </div>
   <div class='ocr_carea' id='block_1_6' title="bbox 312 525 1892 600">
    <p class='ocr_par' dir='ltr' id='par_1_6' title="bbox 312 525 1892 600">
     <span class='ocr_line' id='line_1_6' title="bbox 312 525 1892 600; baseline 0.008 -24"><span class='ocrx_word' id='word_1_20' title='bbox 312 530 346 596; x_wconf 82' lang='grc' dir='ltr'>ἡ</span> <span class='ocrx_word' id='word_1_21' title='bbox 383 525 736 595; x_wconf 84' lang='grc' dir='ltr'>Θεσμοθεσία,</span> <span class='ocrx_word' id='word_1_22' title='bbox 764 528 861 590; x_wconf 84' lang='grc' dir='ltr'>τὰς</span> <span class='ocrx_word' id='word_1_23' title='bbox 883 528 1185 600; x_wconf 76' lang='grc' dir='ltr'>ὀλλυμένας</span> <span class='ocrx_word' id='word_1_24' title='bbox 1213 531 1271 584; x_wconf 79' lang='grc' dir='ltr'>δὲ</span> <span class='ocrx_word' id='word_1_25' title='bbox 1307 531 1414 585; x_wconf 87' lang='grc' dir='ltr'>τῶν</span> <span class='ocrx_word' id='word_1_26' title='bbox 1451 534 1669 588; x_wconf 75' lang='grc' dir='ltr'>οἰκείων</span> <span class='ocrx_word' id='word_1_27' title='bbox 1701 536 1892 588; x_wconf 83' lang='grc' dir='ltr'>παθῶν</span> 
     </span>
    </p>
   </div>
   <div class='ocr_carea' id='block_1_7' title="bbox 309 615 1893 694">
    <p class='ocr_par' dir='ltr' id='par_1_7' title="bbox 309 615 1893 694">
     <span class='ocr_line' id='line_1_7' title="bbox 309 615 1893 694; baseline 0.007 -27"><span class='ocrx_word' id='word_1_28' title='bbox 309 615 505 685; x_wconf 74' lang='grc' dir='ltr'>ἡδονὰς</span> <span class='ocrx_word' id='word_1_29' title='bbox 565 616 772 686; x_wconf 81' lang='grc' dir='ltr'>ἑτέροις</span> <span class='ocrx_word' id='word_1_30' title='bbox 803 618 1102 689; x_wconf 75' lang='grc' dir='ltr'>ὀφθαλμοῖς</span> <span class='ocrx_word' id='word_1_31' title='bbox 1133 623 1608 694; x_wconf 71' lang='grc' dir='ltr'>ιπισκοπήσαντες</span> <span class='ocrx_word' id='word_1_32' title='bbox 1652 625 1749 677; x_wconf 74' lang='grc' dir='ltr'>καὶ</span> <span class='ocrx_word' id='word_1_33' title='bbox 1792 626 1893 694; x_wconf 76' lang='grc' dir='ltr'>τὴν</span> 
     </span>
    </p>
   </div>
   <div class='ocr_carea' id='block_1_8' title="bbox 312 702 1890 784">
    <p class='ocr_par' dir='ltr' id='par_1_8' title="bbox 312 702 1890 784">
     <span class='ocr_line' id='line_1_8' title="bbox 312 702 1890 784; baseline 0.004 -23"><span class='ocrx_word' id='word_1_34' title='bbox 312 706 466 778; x_wconf 76' lang='grc' dir='ltr'>ίεράν</span> <span class='ocrx_word' id='word_1_35' title='bbox 507 707 654 776; x_wconf 76' lang='grc' dir='ltr'>ζωὴν</span> <span class='ocrx_word' id='word_1_36' title='bbox 702 702 766 778; x_wconf 84' lang='grc' dir='ltr'>ἧς</span> <span class='ocrx_word' id='word_1_37' title='bbox 813 709 1056 779; x_wconf 80' lang='grc' dir='ltr'>ἀνοήτως</span> <span class='ocrx_word' id='word_1_38' title='bbox 1106 712 1590 779; x_wconf 63' lang='grc' dir='ltr'>ὲκπεπτώκασιδο,</span> <span class='ocrx_word' id='word_1_39' title='bbox 1646 715 1890 784; x_wconf 76' lang='grc' dir='ltr'>μακαρίο</span> 
     </span>
    </p>
   </div>
   <div class='ocr_carea' id='block_1_9' title="bbox 313 799 1890 876">
    <p class='ocr_par' dir='ltr' id='par_1_9' title="bbox 313 799 1890 876">
     <span class='ocr_line' id='line_1_9' title="bbox 313 799 1890 876; baseline 0.005 -24"><span class='ocrx_word' id='word_1_40' title='bbox 313 816 528 865; x_wconf 85' lang='grc' dir='ltr'>σαντες,</span> <span class='ocrx_word' id='word_1_41' title='bbox 566 799 816 864; x_wconf 76' lang='grc' dir='ltr'>ἐλεεινῶς</span> <span class='ocrx_word' id='word_1_42' title='bbox 846 803 939 855; x_wconf 77' lang='grc' dir='ltr'>καὶ</span> <span class='ocrx_word' id='word_1_43' title='bbox 964 802 1278 875; x_wconf 82' lang='grc' dir='ltr'>ἀϐουλήτως</span> <span class='ocrx_word' id='word_1_44' title='bbox 1307 806 1348 837; x_wconf 77' lang='grc'>’⁸⁸</span> <span class='ocrx_word' id='word_1_45' title='bbox 1382 806 1821 876; x_wconf 75' lang='grc' dir='ltr'>ἀποχωρίζονται</span> <span class='ocrx_word' id='word_1_46' title='bbox 1846 806 1890 839; x_wconf 70' lang='grc'>⁸⁸</span> 
     </span>
    </p>
   </div>
   <div class='ocr_carea' id='block_1_10' title="bbox 311 891 1892 970">
    <p class='ocr_par' dir='ltr' id='par_1_10' title="bbox 311 891 1892 970">
     <span class='ocr_line' id='line_1_10' title="bbox 311 891 1892 970; baseline 0.004 -24"><span class='ocrx_word' id='word_1_47' title='bbox 311 892 408 947; x_wconf 87' lang='grc' dir='ltr'>τοῦ</span> <span class='ocrx_word' id='word_1_48' title='bbox 444 893 576 963; x_wconf 74' lang='grc' dir='ltr'>τῇδε</span> <span class='ocrx_word' id='word_1_49' title='bbox 604 891 743 961; x_wconf 85' lang='grc' dir='ltr'>βίου,</span> <span class='ocrx_word' id='word_1_50' title='bbox 778 896 915 963; x_wconf 82' lang='grc' dir='ltr'>πρὸς</span> <span class='ocrx_word' id='word_1_51' title='bbox 944 896 1205 967; x_wconf 78' lang='grc' dir='ltr'>οὐδεμίαν</span> <span class='ocrx_word' id='word_1_52' title='bbox 1225 897 1271 929; x_wconf 66' lang='grc'>⁸³</span> <span class='ocrx_word' id='word_1_53' title='bbox 1309 898 1463 967; x_wconf 73' lang='grc' dir='ltr'>ἱερὰν</span> <span class='ocrx_word' id='word_1_54' title='bbox 1495 899 1687 952; x_wconf 75' lang='grc' dir='ltr'>ἐλπίδα</span> <span class='ocrx_word' id='word_1_55' title='bbox 1712 917 1892 970; x_wconf 77' lang='grc' dir='ltr'>χειραο</span> 
     </span>
    </p>
   </div>
   <div class='ocr_carea' id='block_1_11' title="bbox 311 986 1890 1061">
    <p class='ocr_par' dir='ltr' id='par_1_11' title="bbox 311 986 1890 1061">
     <span class='ocr_line' id='line_1_11' title="bbox 311 986 1890 1061; baseline 0.003 -22"><span class='ocrx_word' id='word_1_56' title='bbox 311 986 660 1055; x_wconf 84' lang='grc' dir='ltr'>γωγούμενοι</span> <span class='ocrx_word' id='word_1_57' title='bbox 716 986 803 1041; x_wconf 76' lang='grc' dir='ltr'>διὰ</span> <span class='ocrx_word' id='word_1_58' title='bbox 857 989 955 1059; x_wconf 81' lang='grc' dir='ltr'>τὴν</span> <span class='ocrx_word' id='word_1_59' title='bbox 1008 989 1291 1061; x_wconf 81' lang='grc' dir='ltr'>χειρίστην</span> <span class='ocrx_word' id='word_1_60' title='bbox 1348 989 1517 1061; x_wconf 76' lang='grc' dir='ltr'>ζωήν.</span> <span class='ocrx_word' id='word_1_61' title='bbox 1566 990 1786 1044; x_wconf 83' lang='grc' dir='ltr'>Τούτων</span> <span class='ocrx_word' id='word_1_62' title='bbox 1834 992 1890 1044; x_wconf 79' lang='grc' dir='ltr'>δὲ</span> 
     </span>
    </p>
   </div>
   <div class='ocr_carea' id='block_1_12' title="bbox 313 1078 1891 1153">
    <p class='ocr_par' dir='ltr' id='par_1_12' title="bbox 313 1078 1891 1153">
     <span class='ocr_line' id='line_1_12' title="bbox 313 1078 1891 1153; baseline 0.004 -23"><span class='ocrx_word' id='word_1_63' title='bbox 313 1078 526 1142; x_wconf 66' lang='grc' dir='ltr'>οὐδενὸς</span> <span class='ocrx_word' id='word_1_64' title='bbox 558 1080 849 1149; x_wconf 81' lang='grc' dir='ltr'>γινομένου</span> <span class='ocrx_word' id='word_1_65' title='bbox 892 1083 1034 1135; x_wconf 81' lang='grc' dir='ltr'>κατά</span> <span class='ocrx_word' id='word_1_66' title='bbox 1086 1083 1186 1145; x_wconf 82' lang='grc' dir='ltr'>τὰς</span> <span class='ocrx_word' id='word_1_67' title='bbox 1242 1083 1533 1153; x_wconf 85' lang='grc' dir='ltr'>κοιμήσεις</span> <span class='ocrx_word' id='word_1_68' title='bbox 1562 1084 1671 1137; x_wconf 88' lang='grc' dir='ltr'>τῶν</span> <span class='ocrx_word' id='word_1_69' title='bbox 1727 1083 1891 1153; x_wconf 75' lang='grc' dir='ltr'>ιερῶν</span> 
     </span>
    </p>
   </div>
   <div class='ocr_carea' id='block_1_13' title="bbox 319 1167 1892 1247">
    <p class='ocr_par' dir='ltr' id='par_1_13' title="bbox 319 1167 1892 1247">
     <span class='ocr_line' id='line_1_13' title="bbox 319 1167 1892 1247; baseline 0.001 -22"><span class='ocrx_word' id='word_1_70' title='bbox 319 1172 523 1242; x_wconf 72' lang='grc' dir='ltr'>ἀνδρῶν</span> <span class='ocrx_word' id='word_1_71' title='bbox 548 1172 616 1237; x_wconf 67' lang='grc'>⁸⁸,</span> <span class='ocrx_word' id='word_1_72' title='bbox 648 1173 743 1242; x_wconf 81' lang='grc' dir='ltr'>ἀφ’</span> <span class='ocrx_word' id='word_1_73' title='bbox 771 1167 846 1228; x_wconf 82' lang='grc' dir='ltr'>ὧν</span> <span class='ocrx_word' id='word_1_74' title='bbox 874 1176 901 1227; x_wconf 98' lang='lat'>6</span> <span class='ocrx_word' id='word_1_75' title='bbox 930 1175 1067 1244; x_wconf 74' lang='grc' dir='ltr'>πρὸς</span> <span class='ocrx_word' id='word_1_76' title='bbox 1088 1176 1147 1228; x_wconf 84' lang='grc' dir='ltr'>τὸ</span> <span class='ocrx_word' id='word_1_77' title='bbox 1166 1178 1337 1247; x_wconf 82' lang='grc' dir='ltr'>πέρας</span> <span class='ocrx_word' id='word_1_78' title='bbox 1369 1178 1661 1247; x_wconf 78' lang='grc' dir='ltr'>ἐρχόμενος</span> <span class='ocrx_word' id='word_1_79' title='bbox 1686 1176 1755 1241; x_wconf 67' lang='grc'>³⁸,</span> <span class='ocrx_word' id='word_1_80' title='bbox 1784 1177 1892 1228; x_wconf 89' lang='grc' dir='ltr'>τῶν</span> 
     </span>
    </p>
   </div>
   <div class='ocr_carea' id='block_1_14' title="bbox 324 1260 1894 1336">
    <p class='ocr_par' dir='ltr' id='par_1_14' title="bbox 324 1260 1894 1336">
     <span class='ocr_line' id='line_1_14' title="bbox 324 1260 1894 1336; baseline 0.003 -23"><span class='ocrx_word' id='word_1_81' title='bbox 324 1261 530 1313; x_wconf 83' lang='grc' dir='ltr'>οίκείων</span> <span class='ocrx_word' id='word_1_82' title='bbox 559 1260 787 1329; x_wconf 88' lang='grc' dir='ltr'>ἀγώνων</span> <span class='ocrx_word' id='word_1_83' title='bbox 814 1262 1154 1334; x_wconf 78' lang='grc' dir='ltr'>εὐφροσύνης</span> <span class='ocrx_word' id='word_1_84' title='bbox 1174 1266 1324 1334; x_wconf 78' lang='grc' dir='ltr'>ἱερᾶς</span> <span class='ocrx_word' id='word_1_85' title='bbox 1348 1264 1775 1336; x_wconf 86' lang='grc' dir='ltr'>ἀποπληροῦται</span> <span class='ocrx_word' id='word_1_86' title='bbox 1798 1265 1894 1317; x_wconf 73' lang='grc' dir='ltr'>καὶ</span> 
     </span>
    </p>
   </div>
   <div class='ocr_carea' id='block_1_15' title="bbox 256 1351 1893 1428">
    <p class='ocr_par' dir='ltr' id='par_1_15' title="bbox 256 1351 1893 1428">
     <span class='ocr_line' id='line_1_15' title="bbox 256 1351 1893 1428; baseline 0.003 -25"><span class='ocrx_word' id='word_1_87' title='bbox 256 1393 259 1396; x_wconf 76' lang='grc'>.</span> <span class='ocrx_word' id='word_1_88' title='bbox 322 1355 416 1404; x_wconf 78' lang='grc' dir='ltr'>σὺν</span> <span class='ocrx_word' id='word_1_89' title='bbox 447 1351 603 1422; x_wconf 82' lang='grc' dir='ltr'>ἡδονῇ</span> <span class='ocrx_word' id='word_1_90' title='bbox 633 1352 799 1424; x_wconf 78' lang='grc' dir='ltr'>πολλῇ</span> <span class='ocrx_word' id='word_1_91' title='bbox 826 1354 961 1424; x_wconf 83' lang='grc' dir='ltr'>πρὸς</span> <span class='ocrx_word' id='word_1_92' title='bbox 984 1355 1083 1427; x_wconf 78' lang='grc' dir='ltr'>τὴν</span> <span class='ocrx_word' id='word_1_93' title='bbox 1129 1356 1247 1409; x_wconf 81' lang='grc' dir='ltr'>ὁδὸν</span> <span class='ocrx_word' id='word_1_94' title='bbox 1302 1355 1573 1410; x_wconf 66' lang='grc' dir='ltr'>ἐπιϐαίνει</span> <span class='ocrx_word' id='word_1_95' title='bbox 1605 1359 1705 1428; x_wconf 77' lang='grc' dir='ltr'>τῆς</span> <span class='ocrx_word' id='word_1_96' title='bbox 1738 1356 1893 1427; x_wconf 82' lang='grc' dir='ltr'>ίερᾶς</span> 
     </span>
    </p>
   </div>
   <div class='ocr_carea' id='block_1_16' title="bbox 317 1435 1805 1508">
    <p class='ocr_par' dir='ltr' id='par_1_16' title="bbox 317 1435 1805 1508">
     <span class='ocr_line' id='line_1_16' title="bbox 317 1435 1805 1508; baseline 0 -16"><span class='ocrx_word' id='word_1_97' title='bbox 317 1440 761 1508; x_wconf 82' lang='grc' dir='ltr'>παλιγγενεσίας.</span> <span class='ocrx_word' id='word_1_98' title='bbox 795 1460 814 1493; x_wconf 74' lang='grc' dir='ltr'>ι</span> <span class='ocrx_word' id='word_1_99' title='bbox 1790 1435 1805 1443; x_wconf 71' lang='grc'>’</span> 
     </span>
    </p>
   </div>
   <div class='ocr_carea' id='block_1_17' title="bbox 384 1530 1893 1609">
    <p class='ocr_par' dir='ltr' id='par_1_17' title="bbox 384 1530 1893 1609">
     <span class='ocr_line' id='line_1_17' title="bbox 384 1530 1893 1609; baseline 0.002 -24"><span class='ocrx_word' id='word_1_100' title='bbox 384 1532 567 1601; x_wconf 75' lang='grc' dir='ltr'>⁸⁸(Η)</span> <span class='ocrx_word' id='word_1_101' title='bbox 602 1534 778 1603; x_wconf 87' lang='grc' dir='ltr'>Ὅπερ</span> <span class='ocrx_word' id='word_1_102' title='bbox 826 1530 921 1589; x_wconf 80' lang='grc' dir='ltr'>οῦν</span> <span class='ocrx_word' id='word_1_103' title='bbox 965 1535 1061 1589; x_wconf 57' lang='grc' dir='ltr'>καὶ⁹</span> <span class='ocrx_word' id='word_1_104' title='bbox 1114 1536 1143 1589; x_wconf 85' lang='grc' dir='ltr'>ό</span> <span class='ocrx_word' id='word_1_105' title='bbox 1199 1534 1344 1599; x_wconf 77' lang='grc' dir='ltr'>θεῖος</span> <span class='ocrx_word' id='word_1_106' title='bbox 1406 1536 1660 1607; x_wconf 80' lang='grc' dir='ltr'>Διάδοχος</span> <span class='ocrx_word' id='word_1_107' title='bbox 1712 1537 1893 1609; x_wconf 86' lang='grc' dir='ltr'>δηλῶν</span> 
     </span>
    </p>
   </div>
   <div class='ocr_carea' id='block_1_18' title="bbox 314 1622 1892 1699">
    <p class='ocr_par' dir='ltr' id='par_1_18' title="bbox 314 1622 1892 1699">
     <span class='ocr_line' id='line_1_18' title="bbox 314 1622 1892 1699; baseline 0.005 -24"><span class='ocrx_word' id='word_1_108' title='bbox 314 1624 538 1691; x_wconf 62' lang='grc' dir='ltr'>φάσκεν</span> <span class='ocrx_word' id='word_1_109' title='bbox 572 1644 590 1678; x_wconf 84' lang='grc' dir='ltr'>ι</span> <span class='ocrx_word' id='word_1_110' title='bbox 649 1627 775 1680; x_wconf 77' lang='grc' dir='ltr'>Ἐὰν</span> <span class='ocrx_word' id='word_1_111' title='bbox 826 1622 919 1680; x_wconf 80' lang='grc' dir='ltr'>οῦν</span> <span class='ocrx_word' id='word_1_112' title='bbox 975 1627 1051 1699; x_wconf 80' lang='grc' dir='ltr'>μὴ</span> <span class='ocrx_word' id='word_1_113' title='bbox 1098 1628 1418 1698; x_wconf 85' lang='grc' dir='ltr'>πρεπόντως</span> <span class='ocrx_word' id='word_1_114' title='bbox 1467 1630 1892 1699; x_wconf 81' lang='grc' dir='ltr'>μετανοήσωμεν</span> 
     </span>
    </p>
   </div>
   <div class='ocr_carea' id='block_1_19' title="bbox 310 1719 1893 1794">
    <p class='ocr_par' dir='ltr' id='par_1_19' title="bbox 310 1719 1893 1794">
     <span class='ocr_line' id='line_1_19' title="bbox 310 1719 1893 1794; baseline 0.003 -22"><span class='ocrx_word' id='word_1_115' title='bbox 310 1724 412 1772; x_wconf 81' lang='grc' dir='ltr'>καὶ</span> <span class='ocrx_word' id='word_1_116' title='bbox 446 1719 578 1791; x_wconf 63' lang='grc' dir='ltr'>περὶ</span> <span class='ocrx_word' id='word_1_117' title='bbox 606 1719 713 1775; x_wconf 74' lang='grc' dir='ltr'>τῶν</span> <span class='ocrx_word' id='word_1_118' title='bbox 748 1720 1036 1792; x_wconf 85' lang='grc' dir='ltr'>ἁμαρτιῶν</span> <span class='ocrx_word' id='word_1_119' title='bbox 1062 1721 1105 1752; x_wconf 68' lang='grc'><strong>⁵⁷</strong></span> <span class='ocrx_word' id='word_1_120' title='bbox 1134 1721 1296 1792; x_wconf 88' lang='grc' dir='ltr'>ἡμῶν</span> <span class='ocrx_word' id='word_1_121' title='bbox 1336 1722 1557 1776; x_wconf 74' lang='grc' dir='ltr'>πάντων</span> <span class='ocrx_word' id='word_1_122' title='bbox 1586 1722 1750 1794; x_wconf 77' lang='lat'>586</span> <span class='ocrx_word' id='word_1_123' title='bbox 1782 1726 1893 1790; x_wconf 78' lang='grc' dir='ltr'>εξο-</span> 
     </span>
    </p>
   </div>
   <div class='ocr_carea' id='block_1_20' title="bbox 2002 540 3577 611">
    <p class='ocr_par' dir='ltr' id='par_1_20' title="bbox 2002 540 3577 611">
     <span class='ocr_line' id='line_1_20' title="bbox 2002 540 3577 611; baseline 0.001 -17"><span class='ocrx_word' id='word_1_124' title='bbox 2002 540 2124 596; x_wconf 90' lang='lat' dir='ltr'><strong>aliis</strong></span> <span class='ocrx_word' id='word_1_125' title='bbox 2174 540 2348 596; x_wconf 89' lang='lat' dir='ltr'><strong>oculis</strong></span> <span class='ocrx_word' id='word_1_126' title='bbox 2380 540 2651 595; x_wconf 73' lang='lat' dir='ltr'>intuentes</span> <span class='ocrx_word' id='word_1_127' title='bbox 2702 550 2757 594; x_wconf 92' lang='lat' dir='ltr'>et</span> <span class='ocrx_word' id='word_1_128' title='bbox 2804 552 3047 597; x_wconf 89' lang='lat' dir='ltr'><strong>sanctam</strong></span> <span class='ocrx_word' id='word_1_129' title='bbox 3085 544 3251 597; x_wconf 90' lang='lat' dir='ltr'><strong>vitam</strong></span> <span class='ocrx_word' id='word_1_130' title='bbox 3283 557 3314 597; x_wconf 92' lang='lat' dir='ltr'>e</span> <span class='ocrx_word' id='word_1_131' title='bbox 3357 558 3462 611; x_wconf 87' lang='lat' dir='ltr'>qua</span> <span class='ocrx_word' id='word_1_132' title='bbox 3494 543 3577 596; x_wconf 91' lang='lat' dir='ltr'><strong>in-</strong></span> 
     </span>
    </p>
   </div>
   <div class='ocr_carea' id='block_1_21' title="bbox 2001 631 3581 700">
    <p class='ocr_par' dir='ltr' id='par_1_21' title="bbox 2001 631 3581 700">
     <span class='ocr_line' id='line_1_21' title="bbox 2001 631 3581 700; baseline -0.001 -13"><span class='ocrx_word' id='word_1_133' title='bbox 2001 632 2150 687; x_wconf 89' lang='lat' dir='ltr'><strong>sulse</strong></span> <span class='ocrx_word' id='word_1_134' title='bbox 2174 631 2514 697; x_wconf 87' lang='lat' dir='ltr'><strong>deciderunt,</strong></span> <span class='ocrx_word' id='word_1_135' title='bbox 2547 631 2756 685; x_wconf 89' lang='lat' dir='ltr'><strong>beatam</strong></span> <span class='ocrx_word' id='word_1_136' title='bbox 2797 634 3218 700; x_wconf 81' lang='lat' dir='ltr'>proclamantes,</span> <span class='ocrx_word' id='word_1_137' title='bbox 3256 633 3581 688; x_wconf 85' lang='lat' dir='ltr'><strong>miserabili-</strong></span> 
     </span>
    </p>
   </div>
   <div class='ocr_carea' id='block_1_22' title="bbox 2004 723 3581 792">
    <p class='ocr_par' dir='ltr' id='par_1_22' title="bbox 2004 723 3581 792">
     <span class='ocr_line' id='line_1_22' title="bbox 2004 723 3581 792; baseline 0.001 -15"><span class='ocrx_word' id='word_1_138' title='bbox 2004 733 2084 777; x_wconf 89' lang='lat' dir='ltr'><strong>ter</strong></span> <span class='ocrx_word' id='word_1_139' title='bbox 2114 734 2167 777; x_wconf 90' lang='lat' dir='ltr'>et</span> <span class='ocrx_word' id='word_1_140' title='bbox 2198 723 2365 777; x_wconf 83' lang='lat' dir='ltr'><strong>invite</strong></span> <span class='ocrx_word' id='word_1_141' title='bbox 2392 738 2456 777; x_wconf 87' lang='lat' dir='ltr'>ex</span> <span class='ocrx_word' id='word_1_142' title='bbox 2491 723 2591 777; x_wconf 90' lang='lat' dir='ltr'>hac</span> <span class='ocrx_word' id='word_1_143' title='bbox 2632 724 2740 778; x_wconf 78' lang='lat' dir='ltr'><strong>vita</strong></span> <span class='ocrx_word' id='word_1_144' title='bbox 2779 724 3110 792; x_wconf 89' lang='lat' dir='ltr'><strong>eripiuntur,</strong></span> <span class='ocrx_word' id='word_1_145' title='bbox 3142 725 3208 777; x_wconf 85' lang='lat' dir='ltr'>ad</span> <span class='ocrx_word' id='word_1_146' title='bbox 3238 726 3438 780; x_wconf 90' lang='lat' dir='ltr'><strong>nullam</strong></span> <span class='ocrx_word' id='word_1_147' title='bbox 3493 741 3581 779; x_wconf 84' lang='lat' dir='ltr'><strong>sa-</strong></span> 
     </span>
    </p>
   </div>
   <div class='ocr_carea' id='block_1_23' title="bbox 2001 815 3579 885">
    <p class='ocr_par' dir='ltr' id='par_1_23' title="bbox 2001 815 3579 885">
     <span class='ocr_line' id='line_1_23' title="bbox 2001 815 3579 885; baseline 0.001 -15"><span class='ocrx_word' id='word_1_148' title='bbox 2001 830 2150 870; x_wconf 86' lang='lat' dir='ltr'><strong>cram</strong></span> <span class='ocrx_word' id='word_1_149' title='bbox 2174 830 2323 883; x_wconf 91' lang='lat' dir='ltr'><strong>spem</strong></span> <span class='ocrx_word' id='word_1_150' title='bbox 2352 816 2421 868; x_wconf 88' lang='lat' dir='ltr'>ob</span> <span class='ocrx_word' id='word_1_151' title='bbox 2445 815 2738 885; x_wconf 83' lang='lat' dir='ltr'><strong>pessimam</strong></span> <span class='ocrx_word' id='word_1_152' title='bbox 2758 816 2921 869; x_wconf 85' lang='lat' dir='ltr'><strong>vitam</strong></span> <span class='ocrx_word' id='word_1_153' title='bbox 2949 816 3192 871; x_wconf 88' lang='lat' dir='ltr'><strong>adducti.</strong></span> <span class='ocrx_word' id='word_1_154' title='bbox 3220 815 3366 871; x_wconf 84' lang='lat' dir='ltr'><strong>Nihil</strong></span> <span class='ocrx_word' id='word_1_155' title='bbox 3399 827 3579 872; x_wconf 91' lang='lat' dir='ltr'><strong>autem</strong></span> 
     </span>
    </p>
   </div>
   <div class='ocr_carea' id='block_1_24' title="bbox 2000 904 3582 963">
    <p class='ocr_par' dir='ltr' id='par_1_24' title="bbox 2000 904 3582 963">
     <span class='ocr_line' id='line_1_24' title="bbox 2000 904 3582 963; baseline 0.003 -5"><span class='ocrx_word' id='word_1_156' title='bbox 2000 918 2191 959; x_wconf 88' lang='lat' dir='ltr'><strong>eorum</strong></span> <span class='ocrx_word' id='word_1_157' title='bbox 2252 904 2320 959; x_wconf 92' lang='lat' dir='ltr'>ad</span> <span class='ocrx_word' id='word_1_158' title='bbox 2372 915 2686 959; x_wconf 89' lang='lat' dir='ltr'><strong>sanctorum</strong></span> <span class='ocrx_word' id='word_1_159' title='bbox 2741 905 3024 960; x_wconf 86' lang='lat' dir='ltr'><strong>hominum</strong></span> <span class='ocrx_word' id='word_1_160' title='bbox 3073 906 3438 962; x_wconf 87' lang='lat' dir='ltr'><strong>dormitiones</strong></span> <span class='ocrx_word' id='word_1_161' title='bbox 3496 925 3582 963; x_wconf 87' lang='lat' dir='ltr'><strong>re-</strong></span> 
     </span>
    </p>
   </div>
   <div class='ocr_carea' id='block_1_25' title="bbox 2001 994 3581 1069">
    <p class='ocr_par' dir='ltr' id='par_1_25' title="bbox 2001 994 3581 1069">
     <span class='ocr_line' id='line_1_25' title="bbox 2001 994 3581 1069; baseline 0.002 -19"><span class='ocrx_word' id='word_1_162' title='bbox 2001 994 2161 1064; x_wconf 85' lang='lat' dir='ltr'><strong>spicit</strong></span> <span class='ocrx_word' id='word_1_163' title='bbox 2195 1014 2207 1049; x_wconf 89' lang='lat'><strong>:</strong></span> <span class='ocrx_word' id='word_1_164' title='bbox 2245 1011 2311 1049; x_wconf 83' lang='lat' dir='ltr'>ex</span> <span class='ocrx_word' id='word_1_165' title='bbox 2344 995 2473 1058; x_wconf 89' lang='lat' dir='ltr'><strong>illis,</strong></span> <span class='ocrx_word' id='word_1_166' title='bbox 2507 996 2600 1065; x_wconf 88' lang='lat' dir='ltr'>qui</span> <span class='ocrx_word' id='word_1_167' title='bbox 2638 996 2888 1065; x_wconf 82' lang='lat' dir='ltr'><strong>pervenit</strong></span> <span class='ocrx_word' id='word_1_168' title='bbox 2911 997 2979 1052; x_wconf 89' lang='lat' dir='ltr'>ad</span> <span class='ocrx_word' id='word_1_169' title='bbox 3030 997 3313 1059; x_wconf 81' lang='lat' dir='ltr'><strong>finem,-de</strong></span> <span class='ocrx_word' id='word_1_170' title='bbox 3342 999 3581 1069; x_wconf 84' lang='lat' dir='ltr'><strong>propriis</strong></span> 
     </span>
    </p>
   </div>
   <div class='ocr_carea' id='block_1_26' title="bbox 2002 1087 3575 1157">
    <p class='ocr_par' dir='ltr' id='par_1_26' title="bbox 2002 1087 3575 1157">
     <span class='ocr_line' id='line_1_26' title="bbox 2002 1087 3575 1157; baseline 0.001 -16"><span class='ocrx_word' id='word_1_171' title='bbox 2002 1087 2395 1141; x_wconf 87' lang='lat' dir='ltr'><strong>certaminibus</strong></span> <span class='ocrx_word' id='word_1_172' title='bbox 2429 1097 2621 1142; x_wconf 89' lang='lat' dir='ltr'><strong>sancta</strong></span> <span class='ocrx_word' id='word_1_173' title='bbox 2671 1088 2910 1157; x_wconf 80' lang='lat' dir='ltr'><strong>repletur</strong></span> <span class='ocrx_word' id='word_1_174' title='bbox 2958 1089 3322 1144; x_wconf 89' lang='lat' dir='ltr'><strong>exsultatione</strong></span> <span class='ocrx_word' id='word_1_175' title='bbox 3362 1102 3414 1144; x_wconf 90' lang='lat' dir='ltr'>et</span> <span class='ocrx_word' id='word_1_176' title='bbox 3454 1106 3575 1145; x_wconf 89' lang='lat' dir='ltr'>cum</span> 
     </span>
    </p>
   </div>
   <div class='ocr_carea' id='block_1_27' title="bbox 1995 1177 3577 1250">
    <p class='ocr_par' dir='ltr' id='par_1_27' title="bbox 1995 1177 3577 1250">
     <span class='ocr_line' id='line_1_27' title="bbox 1995 1177 3577 1250; baseline 0.003 -19"><span class='ocrx_word' id='word_1_177' title='bbox 1995 1177 2341 1248; x_wconf 74' lang='lat' dir='ltr'><strong>iucunditate</strong></span> <span class='ocrx_word' id='word_1_178' title='bbox 2398 1180 2567 1234; x_wconf 89' lang='lat' dir='ltr'><strong>multa</strong></span> <span class='ocrx_word' id='word_1_179' title='bbox 2614 1179 2683 1234; x_wconf 89' lang='lat' dir='ltr'>ad</span> <span class='ocrx_word' id='word_1_180' title='bbox 2734 1195 2905 1235; x_wconf 80' lang='lat' dir='ltr'><strong>sacrae</strong></span> <span class='ocrx_word' id='word_1_181' title='bbox 2962 1182 3392 1250; x_wconf 76' lang='lat' dir='ltr'><strong>regenerationis</strong></span> <span class='ocrx_word' id='word_1_182' title='bbox 3436 1182 3577 1235; x_wconf 87' lang='lat' dir='ltr'><strong>viam</strong></span> 
     </span>
    </p>
   </div>
   <div class='ocr_carea' id='block_1_28' title="bbox 2002 1269 2421 1339">
    <p class='ocr_par' dir='ltr' id='par_1_28' title="bbox 2002 1269 2421 1339">
     <span class='ocr_line' id='line_1_28' title="bbox 2002 1269 2421 1339; baseline 0.002 -18"><span class='ocrx_word' id='word_1_183' title='bbox 2002 1269 2365 1339; x_wconf 75' lang='lat' dir='ltr'><strong>progreditur.</strong></span> <span class='ocrx_word' id='word_1_184' title='bbox 2399 1289 2421 1322; x_wconf 75' lang='grc' dir='ltr'>ι</span> 
     </span>
    </p>
   </div>
   <div class='ocr_carea' id='block_1_29' title="bbox 2070 1525 3574 1595">
    <p class='ocr_par' dir='ltr' id='par_1_29' title="bbox 2070 1525 3574 1595">
     <span class='ocr_line' id='line_1_29' title="bbox 2070 1525 3574 1595; baseline 0.002 -14"><span class='ocrx_word' id='word_1_185' title='bbox 2070 1525 2226 1592; x_wconf 84' lang='lat' dir='ltr'><strong>Quod</strong></span> <span class='ocrx_word' id='word_1_186' title='bbox 2267 1527 2429 1581; x_wconf 91' lang='lat' dir='ltr'><strong>etiam</strong></span> <span class='ocrx_word' id='word_1_187' title='bbox 2475 1526 2695 1583; x_wconf 88' lang='lat' dir='ltr'><strong>divinus</strong></span> <span class='ocrx_word' id='word_1_188' title='bbox 2744 1526 3056 1583; x_wconf 89' lang='lat' dir='ltr'><strong>Diadochus</strong></span> <span class='ocrx_word' id='word_1_189' title='bbox 3107 1530 3428 1595; x_wconf 85' lang='lat' dir='ltr'><strong>ostendens,</strong></span> <span class='ocrx_word' id='word_1_190' title='bbox 3457 1532 3574 1587; x_wconf 87' lang='lat' dir='ltr'><strong>ait:</strong></span> 
     </span>
    </p>
   </div>
   <div class='ocr_carea' id='block_1_30' title="bbox 2007 1617 3577 1692">
    <p class='ocr_par' dir='ltr' id='par_1_30' title="bbox 2007 1617 3577 1692">
     <span class='ocr_line' id='line_1_30' title="bbox 2007 1617 3577 1692; baseline 0.003 -20"><span class='ocrx_word' id='word_1_191' title='bbox 2007 1636 2026 1670; x_wconf 86' lang='lat' dir='ltr'>t</span> <span class='ocrx_word' id='word_1_192' title='bbox 2050 1617 2107 1673; x_wconf 88' lang='lat' dir='ltr'><strong>Si</strong></span> <span class='ocrx_word' id='word_1_193' title='bbox 2137 1620 2301 1690; x_wconf 78' lang='lat' dir='ltr'><strong>igitur</strong></span> <span class='ocrx_word' id='word_1_194' title='bbox 2347 1634 2454 1674; x_wconf 90' lang='lat' dir='ltr'>non</span> <span class='ocrx_word' id='word_1_195' title='bbox 2485 1618 2873 1675; x_wconf 83' lang='lat' dir='ltr'><strong>convenienter</strong></span> <span class='ocrx_word' id='word_1_196' title='bbox 2899 1622 3173 1690; x_wconf 81' lang='lat' dir='ltr'><strong>egerimus</strong></span> <span class='ocrx_word' id='word_1_197' title='bbox 3205 1623 3577 1692; x_wconf 66' lang='lat' dir='ltr'><strong>paenitentiam</strong></span> 
     </span>
    </p>
   </div>
   <div class='ocr_carea' id='block_1_31' title="bbox 2001 1710 3577 1779">
    <p class='ocr_par' dir='ltr' id='par_1_31' title="bbox 2001 1710 3577 1779">
     <span class='ocr_line' id='line_1_31' title="bbox 2001 1710 3577 1779; baseline 0.004 -15"><span class='ocrx_word' id='word_1_198' title='bbox 2001 1721 2057 1765; x_wconf 88' lang='lat' dir='ltr'>et</span> <span class='ocrx_word' id='word_1_199' title='bbox 2084 1710 2149 1765; x_wconf 91' lang='lat' dir='ltr'>de</span> <span class='ocrx_word' id='word_1_200' title='bbox 2183 1710 2396 1765; x_wconf 87' lang='lat' dir='ltr'><strong>cunctis</strong></span> <span class='ocrx_word' id='word_1_201' title='bbox 2435 1711 2673 1779; x_wconf 81' lang='lat' dir='ltr'><strong>peccatis</strong></span> <span class='ocrx_word' id='word_1_202' title='bbox 2708 1714 2913 1768; x_wconf 86' lang='lat' dir='ltr'><strong>nostris</strong></span> <span class='ocrx_word' id='word_1_203' title='bbox 2946 1728 3053 1766; x_wconf 90' lang='lat' dir='ltr'>non</span> <span class='ocrx_word' id='word_1_204' title='bbox 3100 1712 3393 1769; x_wconf 89' lang='lat' dir='ltr'><strong>fecerimus</strong></span> <span class='ocrx_word' id='word_1_205' title='bbox 3443 1731 3577 1770; x_wconf 82' lang='lat' dir='ltr'><strong>con-</strong></span> 
     </span>
    </p>
   </div>
   <div class='ocr_carea' id='block_1_32' title="bbox 311 1799 1891 1885">
    <p class='ocr_par' dir='ltr' id='par_1_32' title="bbox 311 1810 1891 1885">
     <span class='ocr_line' id='line_1_32' title="bbox 311 1810 1891 1885; baseline 0.003 -23"><span class='ocrx_word' id='word_1_206' title='bbox 311 1810 771 1881; x_wconf 84' lang='grc' dir='ltr'>μολογησώμεθα,</span> <span class='ocrx_word' id='word_1_207' title='bbox 805 1812 1010 1865; x_wconf 82' lang='grc' dir='ltr'>δειλίαν</span> <span class='ocrx_word' id='word_1_208' title='bbox 1042 1814 1163 1865; x_wconf 77' lang='grc' dir='ltr'>τινὰ</span> <span class='ocrx_word' id='word_1_209' title='bbox 1189 1812 1385 1882; x_wconf 79' lang='grc' dir='ltr'>ἄδηλον</span> <span class='ocrx_word' id='word_1_210' title='bbox 1407 1814 1465 1865; x_wconf 79' lang='grc' dir='ltr'>ὲν</span> <span class='ocrx_word' id='word_1_211' title='bbox 1486 1812 1563 1882; x_wconf 82' lang='grc' dir='ltr'>τῷ</span> <span class='ocrx_word' id='word_1_212' title='bbox 1592 1813 1771 1885; x_wconf 82' lang='grc' dir='ltr'>καιρῷ</span> <span class='ocrx_word' id='word_1_213' title='bbox 1796 1817 1891 1884; x_wconf 83' lang='grc' dir='ltr'>τῆς</span> 
     </span>
    </p>
   </div>
   <div class='ocr_carea' id='block_1_33' title="bbox 1998 1799 3580 1885">
    <p class='ocr_par' dir='ltr' id='par_1_33' title="bbox 1998 1799 3580 1871">
     <span class='ocr_line' id='line_1_33' title="bbox 1998 1799 3580 1871; baseline 0.005 -18"><span class='ocrx_word' id='word_1_214' title='bbox 1998 1799 2313 1864; x_wconf 70' lang='lat' dir='ltr'><strong>fessionem,</strong></span> <span class='ocrx_word' id='word_1_215' title='bbox 2353 1802 2645 1871; x_wconf 90' lang='lat' dir='ltr'><strong>quemdam</strong></span> <span class='ocrx_word' id='word_1_216' title='bbox 2672 1803 3055 1858; x_wconf 88' lang='lat' dir='ltr'><strong>absconditum</strong></span> <span class='ocrx_word' id='word_1_217' title='bbox 3088 1814 3290 1859; x_wconf 90' lang='lat' dir='ltr'><strong>metum</strong></span> <span class='ocrx_word' id='word_1_218' title='bbox 3316 1806 3369 1860; x_wconf 91' lang='lat' dir='ltr'>in</span> <span class='ocrx_word' id='word_1_219' title='bbox 3398 1807 3580 1861; x_wconf 83' lang='lat' dir='ltr'><strong>exitus</strong></span> 
     </span>
    </p>
   </div>
   <div class='ocr_carea' id='block_1_34' title="bbox 308 1901 1891 1975">
    <p class='ocr_par' dir='ltr' id='par_1_34' title="bbox 308 1901 1891 1975">
     <span class='ocr_line' id='line_1_34' title="bbox 308 1901 1891 1975; baseline 0.001 -20"><span class='ocrx_word' id='word_1_220' title='bbox 308 1902 497 1966; x_wconf 79' lang='grc' dir='ltr'>ἐξόδου</span> <span class='ocrx_word' id='word_1_221' title='bbox 538 1904 595 1955; x_wconf 79' lang='grc' dir='ltr'>ὲν</span> <span class='ocrx_word' id='word_1_222' title='bbox 626 1903 838 1965; x_wconf 76' lang='grc' dir='ltr'>ἑαυτοῖς</span> <span class='ocrx_word' id='word_1_223' title='bbox 872 1901 917 1934; x_wconf 79' lang='grc'>’⁵⁸</span> <span class='ocrx_word' id='word_1_224' title='bbox 946 1904 1276 1973; x_wconf 83' lang='grc' dir='ltr'>εὑρήσομεν.</span> <span class='ocrx_word' id='word_1_225' title='bbox 1310 1903 1431 1974; x_wconf 82' lang='grc' dir='ltr'>Χρὴ</span> <span class='ocrx_word' id='word_1_226' title='bbox 1457 1903 1515 1956; x_wconf 80' lang='grc' dir='ltr'>δὲ</span> <span class='ocrx_word' id='word_1_227' title='bbox 1553 1906 1701 1974; x_wconf 80' lang='grc' dir='ltr'>ἡμᾶς</span> <span class='ocrx_word' id='word_1_228' title='bbox 1729 1904 1891 1975; x_wconf 77' lang='grc' dir='ltr'>εὔχε-</span> 
     </span>
    </p>
   </div>
   <div class='ocr_carea' id='block_1_35' title="bbox 309 1995 1893 2066">
    <p class='ocr_par' dir='ltr' id='par_1_35' title="bbox 309 1995 1893 2066">
     <span class='ocr_line' id='line_1_35' title="bbox 309 1995 1893 2066; baseline 0.003 -20"><span class='ocrx_word' id='word_1_229' title='bbox 309 1995 447 2048; x_wconf 79' lang='grc' dir='ltr'>σθαι</span> <span class='ocrx_word' id='word_1_230' title='bbox 476 1997 603 2058; x_wconf 81' lang='grc' dir='ltr'>τοὺς</span> <span class='ocrx_word' id='word_1_231' title='bbox 633 1995 974 2064; x_wconf 86' lang='grc' dir='ltr'>ἀγαπῶντας</span> <span class='ocrx_word' id='word_1_232' title='bbox 1008 1995 1098 2049; x_wconf 82' lang='grc' dir='ltr'>τὸν</span> <span class='ocrx_word' id='word_1_233' title='bbox 1127 1996 1333 2066; x_wconf 80' lang='grc' dir='ltr'>Κύριον</span> <span class='ocrx_word' id='word_1_234' title='bbox 1358 1999 1452 2051; x_wconf 75' lang='grc' dir='ltr'>καὶ</span> <span class='ocrx_word' id='word_1_235' title='bbox 1482 1997 1527 2029; x_wconf 66' lang='grc' dir='ltr'>δ’</span> <span class='ocrx_word' id='word_1_236' title='bbox 1561 1999 1718 2061; x_wconf 78' lang='grc' dir='ltr'>ἐκτὸς</span> <span class='ocrx_word' id='word_1_237' title='bbox 1752 2015 1893 2050; x_wconf 75' lang='grc' dir='ltr'>πανο</span> 
     </span>
    </p>
   </div>
   <div class='ocr_carea' id='block_1_36' title="bbox 308 2088 1892 2161">
    <p class='ocr_par' dir='ltr' id='par_1_36' title="bbox 308 2088 1892 2161">
     <span class='ocr_line' id='line_1_36' title="bbox 308 2088 1892 2161; baseline 0.001 -19"><span class='ocrx_word' id='word_1_238' title='bbox 308 2091 406 2152; x_wconf 75' lang='grc' dir='ltr'>τὸς</span> <span class='ocrx_word' id='word_1_239' title='bbox 440 2088 794 2158; x_wconf 79' lang='grc' dir='ltr'>εὑρίσκεσθαι</span> <span class='ocrx_word' id='word_1_240' title='bbox 825 2088 1013 2158; x_wconf 87' lang='grc' dir='ltr'>φόϐου·</span> <span class='ocrx_word' id='word_1_241' title='bbox 1062 2091 1090 2143; x_wconf 89' lang='grc' dir='ltr'>ὁ</span> <span class='ocrx_word' id='word_1_242' title='bbox 1124 2090 1234 2159; x_wconf 80' lang='grc' dir='ltr'>γάρ</span> <span class='ocrx_word' id='word_1_243' title='bbox 1282 2090 1339 2142; x_wconf 79' lang='grc' dir='ltr'>ὲν</span> <span class='ocrx_word' id='word_1_244' title='bbox 1380 2089 1531 2160; x_wconf 89' lang='grc' dir='ltr'>φόϐῳ</span> <span class='ocrx_word' id='word_1_245' title='bbox 1564 2090 1892 2161; x_wconf 82' lang='grc' dir='ltr'>εὑρισκόμε-</span> 
     </span>
    </p>
   </div>
   <div class='ocr_carea' id='block_1_37' title="bbox 311 2178 1893 2252">
    <p class='ocr_par' dir='ltr' id='par_1_37' title="bbox 311 2178 1893 2252">
     <span class='ocr_line' id='line_1_37' title="bbox 311 2178 1893 2252; baseline 0.001 -19"><span class='ocrx_word' id='word_1_246' title='bbox 311 2196 429 2243; x_wconf 86' lang='grc' dir='ltr'>νος,</span> <span class='ocrx_word' id='word_1_247' title='bbox 463 2178 685 2249; x_wconf 78' lang='grc' dir='ltr'>εῦδηλος</span> <span class='ocrx_word' id='word_1_248' title='bbox 713 2180 758 2211; x_wconf 78' lang='grc' dir='ltr'>⁵ο</span> <span class='ocrx_word' id='word_1_249' title='bbox 785 2181 871 2233; x_wconf 84' lang='grc' dir='ltr'>ὅτι</span> <span class='ocrx_word' id='word_1_250' title='bbox 906 2180 1045 2252; x_wconf 78' lang='grc' dir='ltr'>πρὸς</span> <span class='ocrx_word' id='word_1_251' title='bbox 1090 2182 1421 2251; x_wconf 86' lang='grc' dir='ltr'>ταρταρίους</span> <span class='ocrx_word' id='word_1_252' title='bbox 1459 2181 1727 2251; x_wconf 77' lang='grc' dir='ltr'>ἄρχοντας</span> <span class='ocrx_word' id='word_1_253' title='bbox 1754 2184 1893 2235; x_wconf 88' lang='grc' dir='ltr'>ἀπε-</span> 
     </span>
    </p>
   </div>
   <div class='ocr_carea' id='block_1_38' title="bbox 311 2270 1890 2345">
    <p class='ocr_par' dir='ltr' id='par_1_38' title="bbox 311 2270 1890 2345">
     <span class='ocr_line' id='line_1_38' title="bbox 311 2270 1890 2345; baseline -0.001 -21"><span class='ocrx_word' id='word_1_254' title='bbox 311 2270 591 2324; x_wconf 86' lang='grc' dir='ltr'>λεύσεται·</span> <span class='ocrx_word' id='word_1_255' title='bbox 621 2272 654 2342; x_wconf 81' lang='grc' dir='ltr'>ἡ</span> <span class='ocrx_word' id='word_1_256' title='bbox 685 2270 741 2324; x_wconf 84' lang='grc' dir='ltr'>δὲ</span> <span class='ocrx_word' id='word_1_257' title='bbox 767 2273 825 2325; x_wconf 80' lang='grc' dir='ltr'>ὲν</span> <span class='ocrx_word' id='word_1_258' title='bbox 845 2275 912 2343; x_wconf 75' lang='grc' dir='ltr'>τῇ</span> <span class='ocrx_word' id='word_1_259' title='bbox 935 2273 1124 2345; x_wconf 83' lang='grc' dir='ltr'>ἀγάπῃ</span> <span class='ocrx_word' id='word_1_260' title='bbox 1154 2271 1249 2325; x_wconf 89' lang='grc' dir='ltr'>τοῦ</span> <span class='ocrx_word' id='word_1_261' title='bbox 1279 2272 1418 2325; x_wconf 86' lang='grc' dir='ltr'>Θεοῦ</span> <span class='ocrx_word' id='word_1_262' title='bbox 1445 2272 1890 2343; x_wconf 79' lang='grc' dir='ltr'>ἀγαλλιωμένη⁸¹</span> 
     </span>
    </p>
   </div>
   <div class='ocr_carea' id='block_1_39' title="bbox 312 2363 1893 2436">
    <p class='ocr_par' dir='ltr' id='par_1_39' title="bbox 312 2363 1893 2436">
     <span class='ocr_line' id='line_1_39' title="bbox 312 2363 1893 2436; baseline -0.001 -19"><span class='ocrx_word' id='word_1_263' title='bbox 312 2364 464 2436; x_wconf 79' lang='grc' dir='ltr'>ψυχὴ</span> <span class='ocrx_word' id='word_1_264' title='bbox 486 2365 532 2395; x_wconf 80' lang='grc'>⁸²</span> <span class='ocrx_word' id='word_1_265' title='bbox 550 2365 681 2434; x_wconf 78' lang='grc' dir='ltr'>ὲντῇ</span> <span class='ocrx_word' id='word_1_266' title='bbox 715 2363 836 2435; x_wconf 71' lang='grc' dir='ltr'>ὥρα</span> <span class='ocrx_word' id='word_1_267' title='bbox 856 2364 960 2434; x_wconf 83' lang='grc' dir='ltr'>τῆς</span> <span class='ocrx_word' id='word_1_268' title='bbox 977 2364 1315 2430; x_wconf 85' lang='grc' dir='ltr'>ἀναλύσεως,</span> <span class='ocrx_word' id='word_1_269' title='bbox 1347 2364 1532 2418; x_wconf 76' lang='grc' dir='ltr'>ἐπάνω</span> <span class='ocrx_word' id='word_1_270' title='bbox 1555 2364 1664 2417; x_wconf 90' lang='grc' dir='ltr'>τῶν</span> <span class='ocrx_word' id='word_1_271' title='bbox 1680 2380 1893 2416; x_wconf 84' lang='grc' dir='ltr'>σκοτει-</span> 
     </span>
    </p>
   </div>
   <div class='ocr_carea' id='block_1_40' title="bbox 315 2456 1894 2528">
    <p class='ocr_par' dir='ltr' id='par_1_40' title="bbox 315 2456 1894 2528">
     <span class='ocr_line' id='line_1_40' title="bbox 315 2456 1894 2528; baseline -0.002 -17"><span class='ocrx_word' id='word_1_272' title='bbox 315 2458 426 2512; x_wconf 86' lang='grc' dir='ltr'>νῶν</span> <span class='ocrx_word' id='word_1_273' title='bbox 441 2458 488 2488; x_wconf 81' lang='grc'>⁸³</span> <span class='ocrx_word' id='word_1_274' title='bbox 512 2456 756 2528; x_wconf 70' lang='grc' dir='ltr'>πράξεων</span> <span class='ocrx_word' id='word_1_275' title='bbox 774 2457 992 2512; x_wconf 78' lang='grc' dir='ltr'>πάντων</span> <span class='ocrx_word' id='word_1_276' title='bbox 1021 2456 1412 2528; x_wconf 82' lang='grc' dir='ltr'>εὑρισκομένη,</span> <span class='ocrx_word' id='word_1_277' title='bbox 1434 2457 1570 2527; x_wconf 76' lang='grc' dir='ltr'>πρὸς</span> <span class='ocrx_word' id='word_1_278' title='bbox 1590 2458 1715 2519; x_wconf 83' lang='grc' dir='ltr'>τοὺς</span> <span class='ocrx_word' id='word_1_279' title='bbox 1730 2456 1894 2525; x_wconf 78' lang='grc' dir='ltr'>ἀγγὲο</span> 
     </span>
    </p>
   </div>
   <div class='ocr_carea' id='block_1_41' title="bbox 314 2548 1887 2621">
    <p class='ocr_par' dir='ltr' id='par_1_41' title="bbox 314 2548 1887 2621">
     <span class='ocr_line' id='line_1_41' title="bbox 314 2548 1887 2621; baseline -0.003 -18"><span class='ocrx_word' id='word_1_280' title='bbox 314 2551 444 2613; x_wconf 87' lang='grc' dir='ltr'>λους</span> <span class='ocrx_word' id='word_1_281' title='bbox 464 2549 561 2619; x_wconf 81' lang='grc' dir='ltr'>τῆς</span> <span class='ocrx_word' id='word_1_282' title='bbox 575 2550 795 2621; x_wconf 71' lang='grc' dir='ltr'>εἰρήνης</span> <span class='ocrx_word' id='word_1_283' title='bbox 818 2548 1042 2602; x_wconf 77' lang='grc' dir='ltr'>ἔσπευδε</span> <span class='ocrx_word' id='word_1_284' title='bbox 1068 2548 1113 2582; x_wconf 65' lang='grc'>⁵⁸</span> <span class='ocrx_word' id='word_1_285' title='bbox 1141 2550 1279 2618; x_wconf 69' lang='grc' dir='ltr'>μετὰ</span> <span class='ocrx_word' id='word_1_286' title='bbox 1297 2550 1467 2618; x_wconf 74' lang='grc' dir='ltr'>χαρᾶς</span> <span class='ocrx_word' id='word_1_287' title='bbox 1488 2549 1581 2602; x_wconf 82' lang='grc' dir='ltr'>καὶ</span> <span class='ocrx_word' id='word_1_288' title='bbox 1609 2549 1887 2618; x_wconf 77' lang='grc' dir='ltr'>φέρεται.»</span> 
     </span>
    </p>
   </div>
   <div class='ocr_carea' id='block_1_42' title="bbox 393 2637 1893 2713">
    <p class='ocr_par' dir='ltr' id='par_1_42' title="bbox 393 2637 1893 2713">
     <span class='ocr_line' id='line_1_42' title="bbox 393 2637 1893 2713; baseline -0.002 -16"><span class='ocrx_word' id='word_1_289' title='bbox 393 2644 438 2674; x_wconf 86' lang='grc'>⁸⁵</span> <span class='ocrx_word' id='word_1_290' title='bbox 479 2643 588 2712; x_wconf 69' lang='lat' dir='ltr'>(l2)</span> <span class='ocrx_word' id='word_1_291' title='bbox 613 2642 719 2695; x_wconf 83' lang='grc' dir='ltr'>Καί</span> <span class='ocrx_word' id='word_1_292' title='bbox 753 2658 815 2709; x_wconf 88' lang='grc' dir='ltr'>γε</span> <span class='ocrx_word' id='word_1_293' title='bbox 837 2642 1026 2705; x_wconf 82' lang='grc' dir='ltr'>Νεῖλος</span> <span class='ocrx_word' id='word_1_294' title='bbox 1048 2637 1204 2706; x_wconf 82' lang='grc' dir='ltr'>αὖθις</span> <span class='ocrx_word' id='word_1_295' title='bbox 1233 2643 1279 2674; x_wconf 79' lang='grc'>⁸⁵</span> <span class='ocrx_word' id='word_1_296' title='bbox 1310 2644 1454 2713; x_wconf 88' lang='grc' dir='ltr'>ίερός</span> <span class='ocrx_word' id='word_1_297' title='bbox 1478 2658 1667 2711; x_wconf 86' lang='grc' dir='ltr'>φησιν’</span> <span class='ocrx_word' id='word_1_298' title='bbox 1707 2660 1725 2695; x_wconf 80' lang='grc' dir='ltr'>ι</span> <span class='ocrx_word' id='word_1_299' title='bbox 1766 2644 1893 2695; x_wconf 77' lang='grc' dir='ltr'>’ον-</span> 
     </span>
    </p>
   </div>
   <div class='ocr_carea' id='block_1_43' title="bbox 314 2731 1893 2803">
    <p class='ocr_par' dir='ltr' id='par_1_43' title="bbox 314 2731 1893 2803">
     <span class='ocr_line' id='line_1_43' title="bbox 314 2731 1893 2803; baseline 0 -17"><span class='ocrx_word' id='word_1_300' title='bbox 314 2750 427 2797; x_wconf 87' lang='grc' dir='ltr'>τως</span> <span class='ocrx_word' id='word_1_301' title='bbox 468 2731 845 2803; x_wconf 86' lang='grc' dir='ltr'>φοϐερώτατον</span> <span class='ocrx_word' id='word_1_302' title='bbox 887 2733 948 2786; x_wconf 83' lang='grc' dir='ltr'>τὸ</span> <span class='ocrx_word' id='word_1_303' title='bbox 981 2731 1076 2787; x_wconf 88' lang='grc' dir='ltr'>τοῦ</span> <span class='ocrx_word' id='word_1_304' title='bbox 1127 2732 1362 2787; x_wconf 83' lang='grc' dir='ltr'>Θανάτου</span> <span class='ocrx_word' id='word_1_305' title='bbox 1423 2734 1747 2802; x_wconf 82' lang='grc' dir='ltr'>μυστήριον,</span> <span class='ocrx_word' id='word_1_306' title='bbox 1804 2733 1893 2786; x_wconf 85' lang='grc' dir='ltr'>ὅτε</span> 
     </span>
    </p>
   </div>
   <div class='ocr_carea' id='block_1_44' title="bbox 314 2824 1895 2897">
    <p class='ocr_par' dir='ltr' id='par_1_44' title="bbox 314 2824 1895 2897">
     <span class='ocr_line' id='line_1_44' title="bbox 314 2824 1895 2897; baseline -0.001 -17"><span class='ocrx_word' id='word_1_307' title='bbox 314 2826 430 2880; x_wconf 84' lang='grc' dir='ltr'>τῶν</span> <span class='ocrx_word' id='word_1_308' title='bbox 463 2825 841 2879; x_wconf 80' lang='grc' dir='ltr'>ἀπαιτούντων</span> <span class='ocrx_word' id='word_1_309' title='bbox 875 2825 975 2897; x_wconf 81' lang='grc' dir='ltr'>τὴν</span> <span class='ocrx_word' id='word_1_310' title='bbox 1020 2824 1200 2896; x_wconf 78' lang='grc' dir='ltr'>ψυχὴν</span> <span class='ocrx_word' id='word_1_311' title='bbox 1246 2825 1293 2856; x_wconf 83' lang='lat'><strong>&quot;</strong></span> <span class='ocrx_word' id='word_1_312' title='bbox 1350 2824 1646 2879; x_wconf 74' lang='grc' dir='ltr'>ἐπιστασία</span> <span class='ocrx_word' id='word_1_313' title='bbox 1684 2824 1895 2896; x_wconf 80' lang='grc' dir='ltr'>φοϐερὰ</span> 
     </span>
    </p>
   </div>
   <div class='ocr_carea' id='block_1_45' title="bbox 317 2916 1897 2989">
    <p class='ocr_par' dir='ltr' id='par_1_45' title="bbox 317 2916 1897 2989">
     <span class='ocr_line' id='line_1_45' title="bbox 317 2916 1897 2989; baseline -0.002 -18"><span class='ocrx_word' id='word_1_314' title='bbox 317 2918 535 2989; x_wconf 82' lang='grc' dir='ltr'>συνέχει</span> <span class='ocrx_word' id='word_1_315' title='bbox 576 2918 623 2950; x_wconf 80' lang='grc'>⁵⁸</span> <span class='ocrx_word' id='word_1_316' title='bbox 671 2918 1005 2988; x_wconf 85' lang='grc' dir='ltr'>φρίττουσαν</span> <span class='ocrx_word' id='word_1_317' title='bbox 1054 2917 1224 2987; x_wconf 80' lang='grc' dir='ltr'>αὐτὴν</span> <span class='ocrx_word' id='word_1_318' title='bbox 1264 2916 1401 2987; x_wconf 71' lang='grc' dir='ltr'>πρὸς</span> <span class='ocrx_word' id='word_1_319' title='bbox 1436 2917 1533 2987; x_wconf 79' lang='grc' dir='ltr'>τὴν</span> <span class='ocrx_word' id='word_1_320' title='bbox 1566 2916 1766 2982; x_wconf 74' lang='grc' dir='ltr'>ἔξοδον,</span> <span class='ocrx_word' id='word_1_321' title='bbox 1802 2917 1897 2971; x_wconf 79' lang='grc' dir='ltr'>καὶ</span> 
     </span>
    </p>
   </div>
   <div class='ocr_carea' id='block_1_46' title="bbox 310 3006 1896 3080">
    <p class='ocr_par' dir='ltr' id='par_1_46' title="bbox 310 3006 1896 3080">
     <span class='ocr_line' id='line_1_46' title="bbox 310 3006 1896 3080; baseline -0.003 -16"><span class='ocrx_word' id='word_1_322' title='bbox 310 3010 550 3078; x_wconf 68' lang='grc' dir='ltr'>δείματα</span> <span class='ocrx_word' id='word_1_323' title='bbox 607 3010 703 3063; x_wconf 80' lang='grc' dir='ltr'>καὶ</span> <span class='ocrx_word' id='word_1_324' title='bbox 760 3010 1019 3080; x_wconf 84' lang='grc' dir='ltr'>σχήματα</span> <span class='ocrx_word' id='word_1_325' title='bbox 1071 3006 1453 3080; x_wconf 81' lang='grc' dir='ltr'>φοϐερώτατα,</span> <span class='ocrx_word' id='word_1_326' title='bbox 1499 3008 1587 3061; x_wconf 87' lang='grc' dir='ltr'>ὅτε</span> <span class='ocrx_word' id='word_1_327' title='bbox 1638 3007 1896 3078; x_wconf 87' lang='grc' dir='ltr'>δαίμονες</span> 
     </span>
    </p>
   </div>
   <div class='ocr_carea' id='block_1_47' title="bbox 312 3101 1891 3173">
    <p class='ocr_par' dir='ltr' id='par_1_47' title="bbox 312 3101 1891 3173">
     <span class='ocr_line' id='line_1_47' title="bbox 312 3101 1891 3173; baseline -0.001 -17"><span class='ocrx_word' id='word_1_328' title='bbox 312 3101 671 3166; x_wconf 74' lang='grc' dir='ltr'>ὀνειδίζοντες</span> <span class='ocrx_word' id='word_1_329' title='bbox 727 3101 825 3173; x_wconf 79' lang='grc' dir='ltr'>τὴν</span> <span class='ocrx_word' id='word_1_330' title='bbox 849 3101 1131 3172; x_wconf 78' lang='grc' dir='ltr'>ἁμαρτίαν</span> <span class='ocrx_word' id='word_1_331' title='bbox 1166 3102 1263 3154; x_wconf 72' lang='grc' dir='ltr'>καὶ</span> <span class='ocrx_word' id='word_1_332' title='bbox 1286 3102 1424 3172; x_wconf 78' lang='grc' dir='ltr'>πρὸς</span> <span class='ocrx_word' id='word_1_333' title='bbox 1449 3101 1676 3164; x_wconf 77' lang='grc' dir='ltr'>ἑαυτοὺς</span> <span class='ocrx_word' id='word_1_334' title='bbox 1702 3101 1891 3154; x_wconf 74' lang='grc' dir='ltr'>ἕλκου-</span> 
     </span>
    </p>
   </div>
   <div class='ocr_carea' id='block_1_48' title="bbox 315 3192 1889 3265">
    <p class='ocr_par' dir='ltr' id='par_1_48' title="bbox 315 3192 1889 3265">
     <span class='ocr_line' id='line_1_48' title="bbox 315 3192 1889 3265; baseline -0.017 -15"><span class='ocrx_word' id='word_1_335' title='bbox 315 3215 405 3250; x_wconf 92' lang='grc' dir='ltr'>σιν</span> <span class='ocrx_word' id='word_1_336' title='bbox 435 3193 791 3257; x_wconf 80' lang='grc' dir='ltr'>ἀπειλοῦντες</span> <span class='ocrx_word' id='word_1_337' title='bbox 826 3194 870 3228; x_wconf 85' lang='grc'><strong><em>⁸⁹</em></strong></span> <span class='ocrx_word' id='word_1_338' title='bbox 894 3195 975 3257; x_wconf 81' lang='grc' dir='ltr'>είς</span> <span class='ocrx_word' id='word_1_339' title='bbox 991 3194 1162 3265; x_wconf 86' lang='grc' dir='ltr'>ἀνηδῆ</span> <span class='ocrx_word' id='word_1_340' title='bbox 1182 3192 1278 3247; x_wconf 74' lang='grc' dir='ltr'>καὶ</span> <span class='ocrx_word' id='word_1_341' title='bbox 1295 3192 1600 3263; x_wconf 79' lang='grc' dir='ltr'>σκυθρωπά</span> <span class='ocrx_word' id='word_1_342' title='bbox 1626 3193 1801 3265; x_wconf 74' lang='grc' dir='ltr'>χωρία</span> <span class='ocrx_word' id='word_1_343' title='bbox 1821 3193 1889 3257; x_wconf 75' lang='grc' dir='ltr'>ιο⁹</span> 
     </span>
    </p>
   </div>
   <div class='ocr_carea' id='block_1_49' title="bbox 1998 1891 3581 1961">
    <p class='ocr_par' dir='ltr' id='par_1_49' title="bbox 1998 1891 3581 1961">
     <span class='ocr_line' id='line_1_49' title="bbox 1998 1891 3581 1961; baseline 0.004 -18"><span class='ocrx_word' id='word_1_344' title='bbox 1998 1896 2245 1959; x_wconf 86' lang='lat' dir='ltr'><strong>tempore</strong></span> <span class='ocrx_word' id='word_1_345' title='bbox 2294 1891 2347 1945; x_wconf 92' lang='lat' dir='ltr'>in</span> <span class='ocrx_word' id='word_1_346' title='bbox 2378 1892 2535 1945; x_wconf 91' lang='lat' dir='ltr'><strong>nobis</strong></span> <span class='ocrx_word' id='word_1_347' title='bbox 2563 1892 2929 1947; x_wconf 87' lang='lat' dir='ltr'><strong>inveniemus.</strong></span> <span class='ocrx_word' id='word_1_348' title='bbox 2984 1892 3212 1961; x_wconf 83' lang='lat' dir='ltr'><strong>Oportet</strong></span> <span class='ocrx_word' id='word_1_349' title='bbox 3262 1904 3442 1949; x_wconf 87' lang='lat' dir='ltr'><strong>autem</strong></span> <span class='ocrx_word' id='word_1_350' title='bbox 3481 1910 3581 1949; x_wconf 89' lang='lat' dir='ltr'>nos</span> 
     </span>
    </p>
   </div>
   <div class='ocr_carea' id='block_1_50' title="bbox 1996 1980 3581 2052">
    <p class='ocr_par' dir='ltr' id='par_1_50' title="bbox 1996 1980 3581 2052">
     <span class='ocr_line' id='line_1_50' title="bbox 1996 1980 3581 2052; baseline 0.004 -17"><span class='ocrx_word' id='word_1_351' title='bbox 1996 1994 2157 2035; x_wconf 82' lang='lat' dir='ltr'><strong>orare</strong></span> <span class='ocrx_word' id='word_1_352' title='bbox 2192 1980 2485 2052; x_wconf 79' lang='lat' dir='ltr'><strong>diligentes</strong></span> <span class='ocrx_word' id='word_1_353' title='bbox 2520 1980 2808 2038; x_wconf 88' lang='lat' dir='ltr'><strong>Dominum</strong></span> <span class='ocrx_word' id='word_1_354' title='bbox 2834 1992 2890 2036; x_wconf 89' lang='lat' dir='ltr'>et</span> <span class='ocrx_word' id='word_1_355' title='bbox 2919 1993 3071 2037; x_wconf 89' lang='lat' dir='ltr'><strong>extra</strong></span> <span class='ocrx_word' id='word_1_356' title='bbox 3095 1999 3313 2042; x_wconf 89' lang='lat' dir='ltr'><strong>omnem</strong></span> <span class='ocrx_word' id='word_1_357' title='bbox 3346 1986 3581 2041; x_wconf 83' lang='lat' dir='ltr'><strong>inveniri</strong></span> 
     </span>
    </p>
   </div>
   <div class='ocr_carea' id='block_1_51' title="bbox 2002 2071 3582 2142">
    <p class='ocr_par' dir='ltr' id='par_1_51' title="bbox 2002 2071 3582 2142">
     <span class='ocr_line' id='line_1_51' title="bbox 2002 2071 3582 2142; baseline 0.004 -17"><span class='ocrx_word' id='word_1_358' title='bbox 2002 2071 2251 2127; x_wconf 89' lang='lat' dir='ltr'><strong>timorem</strong></span> <span class='ocrx_word' id='word_1_359' title='bbox 2279 2089 2295 2138; x_wconf 90' lang='lat'><strong>;</strong></span> <span class='ocrx_word' id='word_1_360' title='bbox 2326 2072 2418 2142; x_wconf 89' lang='lat' dir='ltr'>qui</span> <span class='ocrx_word' id='word_1_361' title='bbox 2457 2073 2602 2127; x_wconf 89' lang='lat' dir='ltr'><strong>enim</strong></span> <span class='ocrx_word' id='word_1_362' title='bbox 2631 2073 2686 2127; x_wconf 92' lang='lat' dir='ltr'>in</span> <span class='ocrx_word' id='word_1_363' title='bbox 2719 2082 2864 2129; x_wconf 89' lang='lat' dir='ltr'><strong>metu</strong></span> <span class='ocrx_word' id='word_1_364' title='bbox 2899 2074 3192 2142; x_wconf 86' lang='lat' dir='ltr'><strong>reperitur,</strong></span> <span class='ocrx_word' id='word_1_365' title='bbox 3242 2077 3469 2131; x_wconf 85' lang='lat' dir='ltr'><strong>evidens</strong></span> <span class='ocrx_word' id='word_1_366' title='bbox 3497 2084 3582 2131; x_wconf 87' lang='lat' dir='ltr'>est</span> 
     </span>
    </p>
   </div>
   <div class='ocr_carea' id='block_1_52' title="bbox 1994 2163 3580 2234">
    <p class='ocr_par' dir='ltr' id='par_1_52' title="bbox 1994 2163 3580 2234">
     <span class='ocr_line' id='line_1_52' title="bbox 1994 2163 3580 2234; baseline 0.002 -17"><span class='ocrx_word' id='word_1_367' title='bbox 1994 2177 2120 2217; x_wconf 91' lang='lat' dir='ltr'>eum</span> <span class='ocrx_word' id='word_1_368' title='bbox 2151 2163 2216 2217; x_wconf 91' lang='lat' dir='ltr'>ad</span> <span class='ocrx_word' id='word_1_369' title='bbox 2251 2172 2522 2219; x_wconf 86' lang='lat' dir='ltr'><strong>tartareos</strong></span> <span class='ocrx_word' id='word_1_370' title='bbox 2554 2164 2836 2234; x_wconf 85' lang='lat' dir='ltr'><strong>principes</strong></span> <span class='ocrx_word' id='word_1_371' title='bbox 2867 2164 3171 2219; x_wconf 85' lang='lat' dir='ltr'><strong>abiturum.</strong></span> <span class='ocrx_word' id='word_1_372' title='bbox 3214 2166 3413 2221; x_wconf 83' lang='lat' dir='ltr'><strong>Anima</strong></span> <span class='ocrx_word' id='word_1_373' title='bbox 3447 2180 3580 2221; x_wconf 88' lang='lat' dir='ltr'><strong>vero</strong></span> 
     </span>
    </p>
   </div>
   <div class='ocr_carea' id='block_1_53' title="bbox 1994 2255 3576 2326">
    <p class='ocr_par' dir='ltr' id='par_1_53' title="bbox 1994 2255 3576 2326">
     <span class='ocr_line' id='line_1_53' title="bbox 1994 2255 3576 2326; baseline 0.003 -18"><span class='ocrx_word' id='word_1_374' title='bbox 1994 2270 2117 2326; x_wconf 69' lang='lat' dir='ltr'><strong>quae</strong></span> <span class='ocrx_word' id='word_1_375' title='bbox 2142 2255 2195 2308; x_wconf 90' lang='lat' dir='ltr'>in</span> <span class='ocrx_word' id='word_1_376' title='bbox 2224 2255 2608 2312; x_wconf 86' lang='lat' dir='ltr'><strong>dissolutionis</strong></span> <span class='ocrx_word' id='word_1_377' title='bbox 2639 2257 2776 2311; x_wconf 89' lang='lat' dir='ltr'><strong>hora</strong></span> <span class='ocrx_word' id='word_1_378' title='bbox 2806 2257 2859 2311; x_wconf 91' lang='lat' dir='ltr'>in</span> <span class='ocrx_word' id='word_1_379' title='bbox 2892 2258 3134 2313; x_wconf 85' lang='lat' dir='ltr'><strong>amicitia</strong></span> <span class='ocrx_word' id='word_1_380' title='bbox 3184 2258 3278 2314; x_wconf 85' lang='lat' dir='ltr'><strong>Dei</strong></span> <span class='ocrx_word' id='word_1_381' title='bbox 3312 2262 3576 2322; x_wconf 79' lang='lat' dir='ltr'><strong>exsultat.</strong></span> 
     </span>
    </p>
   </div>
   <div class='ocr_carea' id='block_1_54' title="bbox 1996 2348 3579 2425">
    <p class='ocr_par' dir='ltr' id='par_1_54' title="bbox 1996 2348 3579 2425">
     <span class='ocr_line' id='line_1_54' title="bbox 1996 2348 3579 2425; baseline 0.004 -24"><span class='ocrx_word' id='word_1_382' title='bbox 1996 2362 2163 2417; x_wconf 78' lang='lat' dir='ltr'><strong>supra</strong></span> <span class='ocrx_word' id='word_1_383' title='bbox 2193 2356 2387 2402; x_wconf 91' lang='lat' dir='ltr'><strong>cuncta</strong></span> <span class='ocrx_word' id='word_1_384' title='bbox 2424 2348 2772 2403; x_wconf 89' lang='lat' dir='ltr'><strong>tenebrarum</strong></span> <span class='ocrx_word' id='word_1_385' title='bbox 2803 2363 2965 2419; x_wconf 89' lang='lat' dir='ltr'><strong>opera</strong></span> <span class='ocrx_word' id='word_1_386' title='bbox 3000 2352 3225 2406; x_wconf 88' lang='lat' dir='ltr'><strong>inventa</strong></span> <span class='ocrx_word' id='word_1_387' title='bbox 3262 2351 3330 2408; x_wconf 82' lang='lat' dir='ltr'>ad</span> <span class='ocrx_word' id='word_1_388' title='bbox 3353 2350 3579 2425; x_wconf 75' lang='lat' dir='ltr'><strong>angelos</strong></span> 
     </span>
    </p>
   </div>
   <div class='ocr_carea' id='block_1_55' title="bbox 1997 2438 3148 2509">
    <p class='ocr_par' dir='ltr' id='par_1_55' title="bbox 1997 2438 3148 2509">
     <span class='ocr_line' id='line_1_55' title="bbox 1997 2438 3148 2509; baseline 0.003 -18"><span class='ocrx_word' id='word_1_389' title='bbox 1997 2439 2145 2508; x_wconf 86' lang='lat' dir='ltr'><strong>pacis</strong></span> <span class='ocrx_word' id='word_1_390' title='bbox 2178 2454 2303 2493; x_wconf 89' lang='lat' dir='ltr'>cum</span> <span class='ocrx_word' id='word_1_391' title='bbox 2339 2440 2536 2509; x_wconf 77' lang='lat' dir='ltr'><strong>gaudio</strong></span> <span class='ocrx_word' id='word_1_392' title='bbox 2566 2438 2794 2494; x_wconf 81' lang='lat' dir='ltr'><strong>festinat</strong></span> <span class='ocrx_word' id='word_1_393' title='bbox 2820 2448 2873 2494; x_wconf 90' lang='lat' dir='ltr'>et</span> <span class='ocrx_word' id='word_1_394' title='bbox 2899 2440 3095 2497; x_wconf 78' lang='lat' dir='ltr'><strong>fertur.</strong></span> <span class='ocrx_word' id='word_1_395' title='bbox 3125 2460 3148 2494; x_wconf 73' lang='grc' dir='ltr'>ι</span> 
     </span>
    </p>
   </div>
   <div class='ocr_carea' id='block_1_56' title="bbox 2068 2645 3578 2705">
    <p class='ocr_par' dir='ltr' id='par_1_56' title="bbox 2068 2645 3578 2705">
     <span class='ocr_line' id='line_1_56' title="bbox 2068 2645 3578 2705; baseline -0.001 -4"><span class='ocrx_word' id='word_1_396' title='bbox 2068 2649 2135 2702; x_wconf 85' lang='lat' dir='ltr'><strong>Et</strong></span> <span class='ocrx_word' id='word_1_397' title='bbox 2157 2645 2311 2704; x_wconf 80' lang='lat' dir='ltr'><strong>Nilus</strong></span> <span class='ocrx_word' id='word_1_398' title='bbox 2341 2656 2568 2705; x_wconf 88' lang='lat' dir='ltr'><strong>sanctus</strong></span> <span class='ocrx_word' id='word_1_399' title='bbox 2597 2647 2791 2703; x_wconf 89' lang='lat' dir='ltr'><strong>iterum</strong></span> <span class='ocrx_word' id='word_1_400' title='bbox 2817 2647 2953 2702; x_wconf 90' lang='lat' dir='ltr'><strong>dicit</strong></span> <span class='ocrx_word' id='word_1_401' title='bbox 2984 2663 2999 2701; x_wconf 88' lang='lat'><strong>:</strong></span> <span class='ocrx_word' id='word_1_402' title='bbox 3040 2666 3059 2699; x_wconf 78' lang='grc' dir='ltr'>ι</span> <span class='ocrx_word' id='word_1_403' title='bbox 3094 2648 3233 2703; x_wconf 82' lang='lat' dir='ltr'><strong>Vere</strong></span> <span class='ocrx_word' id='word_1_404' title='bbox 3255 2647 3578 2701; x_wconf 84' lang='lat' dir='ltr'><strong>tremendis-</strong></span> 
     </span>
    </p>
   </div>
   <div class='ocr_carea' id='block_1_57' title="bbox 1996 2736 3575 2810">
    <p class='ocr_par' dir='ltr' id='par_1_57' title="bbox 1996 2736 3575 2810">
     <span class='ocr_line' id='line_1_57' title="bbox 1996 2736 3575 2810; baseline -0.005 -14"><span class='ocrx_word' id='word_1_405' title='bbox 1996 2742 2197 2796; x_wconf 89' lang='lat' dir='ltr'><strong>simum</strong></span> <span class='ocrx_word' id='word_1_406' title='bbox 2222 2740 2414 2795; x_wconf 89' lang='lat' dir='ltr'><strong>mortis</strong></span> <span class='ocrx_word' id='word_1_407' title='bbox 2441 2739 2786 2810; x_wconf 85' lang='lat' dir='ltr'><strong>mysterium,</strong></span> <span class='ocrx_word' id='word_1_408' title='bbox 2810 2754 2934 2794; x_wconf 91' lang='lat' dir='ltr'>cum</span> <span class='ocrx_word' id='word_1_409' title='bbox 2959 2740 3198 2794; x_wconf 89' lang='lat' dir='ltr'><strong>animam</strong></span> <span class='ocrx_word' id='word_1_410' title='bbox 3231 2736 3575 2807; x_wconf 87' lang='lat' dir='ltr'><strong>poscentium</strong></span> 
     </span>
    </p>
   </div>
   <div class='ocr_carea' id='block_1_58' title="bbox 1997 2831 3577 2901">
    <p class='ocr_par' dir='ltr' id='par_1_58' title="bbox 1997 2831 3577 2901">
     <span class='ocr_line' id='line_1_58' title="bbox 1997 2831 3577 2901; baseline -0.003 -14"><span class='ocrx_word' id='word_1_411' title='bbox 1997 2832 2280 2888; x_wconf 86' lang='lat' dir='ltr'><strong>tremenda</strong></span> <span class='ocrx_word' id='word_1_412' title='bbox 2353 2833 2642 2901; x_wconf 65' lang='lat' dir='ltr'><strong>praesentia</strong></span> <span class='ocrx_word' id='word_1_413' title='bbox 2701 2833 3010 2887; x_wconf 89' lang='lat' dir='ltr'><strong>circumdat</strong></span> <span class='ocrx_word' id='word_1_414' title='bbox 3062 2848 3181 2887; x_wconf 87' lang='lat' dir='ltr'>eam</span> <span class='ocrx_word' id='word_1_415' title='bbox 3246 2831 3313 2885; x_wconf 89' lang='lat' dir='ltr'>ad</span> <span class='ocrx_word' id='word_1_416' title='bbox 3369 2831 3577 2885; x_wconf 79' lang='lat' dir='ltr'><strong>exitum</strong></span> 
     </span>
    </p>
   </div>
   <div class='ocr_carea' id='block_1_59' title="bbox 1998 2921 3574 2992">
    <p class='ocr_par' dir='ltr' id='par_1_59' title="bbox 1998 2921 3574 2992">
     <span class='ocr_line' id='line_1_59' title="bbox 1998 2921 3574 2992; baseline -0.004 -14"><span class='ocrx_word' id='word_1_417' title='bbox 1998 2922 2408 2992; x_wconf 88' lang='lat' dir='ltr'><strong>trepidantem;</strong></span> <span class='ocrx_word' id='word_1_418' title='bbox 2450 2921 2996 2991; x_wconf 87' lang='lat' dir='ltr'><strong>horrendissimaque</strong></span> <span class='ocrx_word' id='word_1_419' title='bbox 3055 2921 3390 2991; x_wconf 87' lang='lat' dir='ltr'><strong>spectacula,</strong></span> <span class='ocrx_word' id='word_1_420' title='bbox 3448 2935 3574 2974; x_wconf 91' lang='lat' dir='ltr'>cum</span> 
     </span>
    </p>
   </div>
   <div class='ocr_carea' id='block_1_60' title="bbox 1995 3011 3574 3083">
    <p class='ocr_par' dir='ltr' id='par_1_60' title="bbox 1995 3011 3574 3083">
     <span class='ocr_line' id='line_1_60' title="bbox 1995 3011 3574 3083; baseline -0.004 -13"><span class='ocrx_word' id='word_1_421' title='bbox 1995 3015 2293 3078; x_wconf 69' lang='lat' dir='ltr'><strong>daemones,</strong></span> <span class='ocrx_word' id='word_1_422' title='bbox 2343 3014 2738 3083; x_wconf 80' lang='lat' dir='ltr'><strong>exprobrantes</strong></span> <span class='ocrx_word' id='word_1_423' title='bbox 2771 3022 3054 3081; x_wconf 88' lang='lat' dir='ltr'><strong>peccatum</strong></span> <span class='ocrx_word' id='word_1_424' title='bbox 3087 3022 3140 3068; x_wconf 89' lang='lat' dir='ltr'>et</span> <span class='ocrx_word' id='word_1_425' title='bbox 3173 3013 3470 3075; x_wconf 88' lang='lat' dir='ltr'><strong>minantes,</strong></span> <span class='ocrx_word' id='word_1_426' title='bbox 3506 3011 3574 3064; x_wconf 87' lang='lat' dir='ltr'>ad</span> 
     </span>
    </p>
   </div>
   <div class='ocr_carea' id='block_1_61' title="bbox 1996 3104 3581 3173">
    <p class='ocr_par' dir='ltr' id='par_1_61' title="bbox 1996 3104 3581 3173">
     <span class='ocr_line' id='line_1_61' title="bbox 1996 3104 3581 3173; baseline -0.003 -12"><span class='ocrx_word' id='word_1_427' title='bbox 1996 3122 2057 3161; x_wconf 86' lang='lat' dir='ltr'>se</span> <span class='ocrx_word' id='word_1_428' title='bbox 2091 3107 2311 3161; x_wconf 89' lang='lat' dir='ltr'><strong>trahunt</strong></span> <span class='ocrx_word' id='word_1_429' title='bbox 2345 3106 2493 3160; x_wconf 87' lang='lat' dir='ltr'><strong>illam</strong></span> <span class='ocrx_word' id='word_1_430' title='bbox 2540 3105 2593 3159; x_wconf 90' lang='lat' dir='ltr'>in</span> <span class='ocrx_word' id='word_1_431' title='bbox 2629 3105 2807 3160; x_wconf 91' lang='lat' dir='ltr'><strong>tristia</strong></span> <span class='ocrx_word' id='word_1_432' title='bbox 2852 3104 3205 3173; x_wconf 79' lang='lat' dir='ltr'><strong>desolataque</strong></span> <span class='ocrx_word' id='word_1_433' title='bbox 3239 3104 3378 3167; x_wconf 87' lang='lat' dir='ltr'><strong>loca,</strong></span> <span class='ocrx_word' id='word_1_434' title='bbox 3421 3104 3488 3156; x_wconf 86' lang='lat' dir='ltr'>ita</span> <span class='ocrx_word' id='word_1_435' title='bbox 3519 3110 3581 3157; x_wconf 89' lang='lat' dir='ltr'>ut</span> 
     </span>
    </p>
   </div>
   <div class='ocr_carea' id='block_1_62' title="bbox 1992 3196 3573 3268">
    <p class='ocr_par' dir='ltr' id='par_1_62' title="bbox 1992 3196 3573 3268">
     <span class='ocr_line' id='line_1_62' title="bbox 1992 3196 3573 3268; baseline -0.004 -15"><span class='ocrx_word' id='word_1_436' title='bbox 1992 3196 2406 3268; x_wconf 86' lang='lat' dir='ltr'><strong>antejudicium</strong></span> <span class='ocrx_word' id='word_1_437' title='bbox 2442 3206 2639 3267; x_wconf 89' lang='lat' dir='ltr'><strong>stupor</strong></span> <span class='ocrx_word' id='word_1_438' title='bbox 2665 3198 2732 3253; x_wconf 89' lang='lat' dir='ltr'>ad</span> <span class='ocrx_word' id='word_1_439' title='bbox 2771 3196 3109 3267; x_wconf 85' lang='lat' dir='ltr'><strong>punitioncm</strong></span> <span class='ocrx_word' id='word_1_440' title='bbox 3153 3196 3405 3259; x_wconf 85' lang='lat' dir='ltr'><strong>sulliciat,</strong></span> <span class='ocrx_word' id='word_1_441' title='bbox 3448 3209 3573 3249; x_wconf 86' lang='lat' dir='ltr'>cum</span> 
     </span>
    </p>
   </div>
   <div class='ocr_carea' id='block_1_63' title="bbox 314 3276 1891 3360">
    <p class='ocr_par' dir='ltr' id='par_1_63' title="bbox 314 3276 1891 3357">
     <span class='ocr_line' id='line_1_63' title="bbox 314 3276 1891 3357; baseline -0.006 -15"><span class='ocrx_word' id='word_1_442' title='bbox 314 3288 395 3350; x_wconf 83' lang='grc' dir='ltr'>ὡς</span> <span class='ocrx_word' id='word_1_443' title='bbox 430 3286 537 3357; x_wconf 83' lang='grc' dir='ltr'>πρὸ</span> <span class='ocrx_word' id='word_1_444' title='bbox 567 3287 667 3355; x_wconf 80' lang='grc' dir='ltr'>τῆς</span> <span class='ocrx_word' id='word_1_445' title='bbox 704 3284 942 3356; x_wconf 83' lang='grc' dir='ltr'>βασάνου</span> <span class='ocrx_word' id='word_1_446' title='bbox 988 3284 1090 3353; x_wconf 82' lang='grc' dir='ltr'>τὴν</span> <span class='ocrx_word' id='word_1_447' title='bbox 1132 3281 1477 3351; x_wconf 79' lang='grc' dir='ltr'>κατάπληξιν</span> <span class='ocrx_word' id='word_1_448' title='bbox 1520 3280 1710 3352; x_wconf 73' lang='grc' dir='ltr'>ἱκανὴν</span> <span class='ocrx_word' id='word_1_449' title='bbox 1751 3276 1891 3335; x_wconf 75' lang='grc' dir='ltr'>εἶναι</span> 
     </span>
    </p>
   </div>
   <div class='ocr_carea' id='block_1_64' title="bbox 1998 3276 3575 3360">
    <p class='ocr_par' dir='ltr' id='par_1_64' title="bbox 1998 3288 3575 3360">
     <span class='ocr_line' id='line_1_64' title="bbox 1998 3288 3575 3360; baseline -0.004 -15"><span class='ocrx_word' id='word_1_450' title='bbox 1998 3290 2330 3345; x_wconf 84' lang='lat' dir='ltr'><strong>conscientia</strong></span> <span class='ocrx_word' id='word_1_451' title='bbox 2360 3290 2425 3346; x_wconf 89' lang='lat' dir='ltr'>ad</span> <span class='ocrx_word' id='word_1_452' title='bbox 2456 3302 2680 3360; x_wconf 70' lang='lat' dir='ltr'><strong>Pecmta</strong></span> <span class='ocrx_word' id='word_1_453' title='bbox 2710 3290 3010 3360; x_wconf 89' lang='lat' dir='ltr'><strong>respiciens</strong></span> <span class='ocrx_word' id='word_1_454' title='bbox 3038 3290 3257 3360; x_wconf 75' lang='lat' dir='ltr'><strong>dignam</strong></span> <span class='ocrx_word' id='word_1_455' title='bbox 3290 3288 3575 3357; x_wconf 80' lang='lat' dir='ltr'><strong>culparum</strong></span> 
     </span>
    </p>
   </div>
   <div class='ocr_carea' id='block_1_65' title="bbox 313 3373 1891 3452">
    <p class='ocr_par' dir='ltr' id='par_1_65' title="bbox 313 3373 1891 3452">
     <span class='ocr_line' id='line_1_65' title="bbox 313 3373 1891 3452; baseline -0.004 -19"><span class='ocrx_word' id='word_1_456' title='bbox 313 3380 455 3452; x_wconf 80' lang='grc' dir='ltr'>πρὸς</span> <span class='ocrx_word' id='word_1_457' title='bbox 484 3378 729 3442; x_wconf 82' lang='grc' dir='ltr'>κόλασιν,</span> <span class='ocrx_word' id='word_1_458' title='bbox 761 3377 900 3447; x_wconf 86' lang='grc' dir='ltr'>ὃτεὴ</span> <span class='ocrx_word' id='word_1_459' title='bbox 922 3378 963 3409; x_wconf 76' lang='grc'>⁸⁸</span> <span class='ocrx_word' id='word_1_460' title='bbox 991 3375 1295 3443; x_wconf 85' lang='grc' dir='ltr'>συνείδησις</span> <span class='ocrx_word' id='word_1_461' title='bbox 1310 3373 1685 3444; x_wconf 82' lang='grc' dir='ltr'>ὲπιτρέφουσα</span> <span class='ocrx_word' id='word_1_462' title='bbox 1712 3373 1891 3444; x_wconf 69' lang='grc' dir='ltr'>(ιδιδ)</span> 
     </span>
    </p>
   </div>
   <div class='ocr_carea' id='block_1_66' title="bbox 1998 3373 3575 3452">
    <p class='ocr_par' dir='ltr' id='par_1_66' title="bbox 1998 3379 3575 3450">
     <span class='ocr_line' id='line_1_66' title="bbox 1998 3379 3575 3450; baseline -0.003 -16"><span class='ocrx_word' id='word_1_463' title='bbox 1998 3380 2236 3435; x_wconf 88' lang='lat' dir='ltr'><strong>futuram</strong></span> <span class='ocrx_word' id='word_1_464' title='bbox 2307 3396 2523 3450; x_wconf 71' lang='lat' dir='ltr'><strong>poenam</strong></span> <span class='ocrx_word' id='word_1_465' title='bbox 2595 3380 2940 3438; x_wconf 86' lang='lat' dir='ltr'><strong>reformidat.</strong></span> <span class='ocrx_word' id='word_1_466' title='bbox 2998 3379 3135 3434; x_wconf 86' lang='lat' dir='ltr'><strong>Hinc</strong></span> <span class='ocrx_word' id='word_1_467' title='bbox 3169 3380 3313 3434; x_wconf 89' lang='lat' dir='ltr'><strong>enim</strong></span> <span class='ocrx_word' id='word_1_468' title='bbox 3373 3392 3575 3445; x_wconf 85' lang='lat' dir='ltr'><strong>corpus</strong></span> 
     </span>
    </p>
   </div>
   <div class='ocr_carea' id='block_1_67' title="bbox 315 3465 1891 3545">
    <p class='ocr_par' dir='ltr' id='par_1_67' title="bbox 315 3465 1891 3543">
     <span class='ocr_line' id='line_1_67' title="bbox 315 3465 1891 3543; baseline -0.006 -16"><span class='ocrx_word' id='word_1_469' title='bbox 315 3470 458 3543; x_wconf 75' lang='grc' dir='ltr'>πρὸς</span> <span class='ocrx_word' id='word_1_470' title='bbox 510 3470 579 3524; x_wconf 82' lang='grc' dir='ltr'>τὰ</span> <span class='ocrx_word' id='word_1_471' title='bbox 622 3468 1073 3540; x_wconf 78' lang='grc' dir='ltr'>πλημμελήματα</span> <span class='ocrx_word' id='word_1_472' title='bbox 1103 3469 1147 3504; x_wconf 78' lang='grc'>⁶¹</span> <span class='ocrx_word' id='word_1_473' title='bbox 1196 3466 1391 3539; x_wconf 77' lang='grc' dir='ltr'>τρέμει</span> <span class='ocrx_word' id='word_1_474' title='bbox 1428 3466 1527 3538; x_wconf 79' lang='grc' dir='ltr'>τὴν</span> <span class='ocrx_word' id='word_1_475' title='bbox 1568 3465 1707 3533; x_wconf 82' lang='grc' dir='ltr'>πρὸς</span> <span class='ocrx_word' id='word_1_476' title='bbox 1740 3465 1891 3531; x_wconf 82' lang='grc' dir='ltr'>ἀξίαν</span> 
     </span>
    </p>
   </div>
   <div class='ocr_carea' id='block_1_68' title="bbox 1998 3465 3579 3545">
    <p class='ocr_par' dir='ltr' id='par_1_68' title="bbox 1998 3469 3579 3545">
     <span class='ocr_line' id='line_1_68' title="bbox 1998 3469 3579 3545; baseline -0.004 -16"><span class='ocrx_word' id='word_1_477' title='bbox 1998 3473 2138 3542; x_wconf 85' lang='lat' dir='ltr'><strong>iacet</strong></span> <span class='ocrx_word' id='word_1_478' title='bbox 2166 3474 2366 3529; x_wconf 89' lang='lat' dir='ltr'><strong>sudore</strong></span> <span class='ocrx_word' id='word_1_479' title='bbox 2394 3490 2753 3545; x_wconf 86' lang='lat' dir='ltr'><strong>conspersum</strong></span> <span class='ocrx_word' id='word_1_480' title='bbox 2788 3475 2990 3529; x_wconf 89' lang='lat' dir='ltr'><strong>laboris</strong></span> <span class='ocrx_word' id='word_1_481' title='bbox 3014 3473 3293 3528; x_wconf 89' lang='lat' dir='ltr'><strong>interioris</strong></span> <span class='ocrx_word' id='word_1_482' title='bbox 3312 3471 3465 3541; x_wconf 78' lang='lat' dir='ltr'><strong>signa</strong></span> <span class='ocrx_word' id='word_1_483' title='bbox 3482 3469 3579 3523; x_wconf 90' lang='lat' dir='ltr'><strong>de-</strong></span> 
     </span>
    </p>
   </div>
   <div class='ocr_carea' id='block_1_69' title="bbox 314 3560 1891 3637">
    <p class='ocr_par' dir='ltr' id='par_1_69' title="bbox 314 3560 1891 3634">
     <span class='ocr_line' id='line_1_69' title="bbox 314 3560 1891 3634; baseline -0.003 -16"><span class='ocrx_word' id='word_1_484' title='bbox 314 3566 428 3619; x_wconf 87' lang='grc' dir='ltr'>τῶν</span> <span class='ocrx_word' id='word_1_485' title='bbox 476 3565 885 3634; x_wconf 78' lang='grc' dir='ltr'>ἡμαρτημένων</span> <span class='ocrx_word' id='word_1_486' title='bbox 928 3561 1355 3632; x_wconf 79' lang='grc' dir='ltr'>παραμένουσαν</span> <span class='ocrx_word' id='word_1_487' title='bbox 1401 3560 1644 3615; x_wconf 88' lang='grc' dir='ltr'>κόλασιν.</span> <span class='ocrx_word' id='word_1_488' title='bbox 1704 3560 1891 3613; x_wconf 78' lang='grc' dir='ltr'>Ἔνθεν</span> 
     </span>
    </p>
   </div>
   <div class='ocr_carea' id='block_1_70' title="bbox 1998 3560 3577 3637">
    <p class='ocr_par' dir='ltr' id='par_1_70' title="bbox 1998 3563 3577 3637">
     <span class='ocr_line' id='line_1_70' title="bbox 1998 3563 3577 3637; baseline -0.005 -15"><span class='ocrx_word' id='word_1_489' title='bbox 1998 3577 2329 3630; x_wconf 88' lang='lat' dir='ltr'><strong>monstrans,</strong></span> <span class='ocrx_word' id='word_1_490' title='bbox 2348 3578 2403 3623; x_wconf 92' lang='lat' dir='ltr'>et</span> <span class='ocrx_word' id='word_1_491' title='bbox 2425 3568 2714 3623; x_wconf 85' lang='lat' dir='ltr'><strong>invisibilis</strong></span> <span class='ocrx_word' id='word_1_492' title='bbox 2739 3566 3161 3637; x_wconf 80' lang='lat' dir='ltr'><strong>perturbationis</strong></span> <span class='ocrx_word' id='word_1_493' title='bbox 3179 3579 3299 3634; x_wconf 73' lang='lat' dir='ltr'><strong>quae</strong></span> <span class='ocrx_word' id='word_1_494' title='bbox 3320 3563 3577 3618; x_wconf 79' lang='lat' dir='ltr'><strong>videntur</strong></span> 
     </span>
    </p>
   </div>
   <div class='ocr_carea' id='block_1_71' title="bbox 314 3652 1891 3733">
    <p class='ocr_par' dir='ltr' id='par_1_71' title="bbox 314 3652 1891 3729">
     <span class='ocr_line' id='line_1_71' title="bbox 314 3652 1891 3729; baseline -0.003 -20"><span class='ocrx_word' id='word_1_495' title='bbox 314 3658 429 3729; x_wconf 77' lang='grc' dir='ltr'>γὰρ</span> <span class='ocrx_word' id='word_1_496' title='bbox 464 3656 646 3725; x_wconf 77' lang='grc' dir='ltr'>ἱδρῶτι</span> <span class='ocrx_word' id='word_1_497' title='bbox 697 3656 876 3708; x_wconf 84' lang='grc' dir='ltr'>κεῖται</span> <span class='ocrx_word' id='word_1_498' title='bbox 907 3652 966 3707; x_wconf 78' lang='grc' dir='ltr'>τὸ</span> <span class='ocrx_word' id='word_1_499' title='bbox 997 3654 1155 3725; x_wconf 86' lang='grc' dir='ltr'>σῶμα</span> <span class='ocrx_word' id='word_1_500' title='bbox 1200 3653 1507 3724; x_wconf 89' lang='grc' dir='ltr'>διάϐροχον,</span> <span class='ocrx_word' id='word_1_501' title='bbox 1551 3653 1754 3723; x_wconf 84' lang='grc' dir='ltr'>σημεῖα</span> <span class='ocrx_word' id='word_1_502' title='bbox 1780 3652 1891 3705; x_wconf 86' lang='grc' dir='ltr'>δει-</span> 
     </span>
    </p>
   </div>
   <div class='ocr_carea' id='block_1_72' title="bbox 1998 3652 3578 3733">
    <p class='ocr_par' dir='ltr' id='par_1_72' title="bbox 2000 3659 3578 3733">
     <span class='ocr_line' id='line_1_72' title="bbox 2000 3659 3578 3733; baseline -0.003 -17"><span class='ocrx_word' id='word_1_503' title='bbox 2000 3661 2289 3719; x_wconf 85' lang='lat' dir='ltr'><strong>manifesta</strong></span> <span class='ocrx_word' id='word_1_504' title='bbox 2305 3677 2433 3719; x_wconf 90' lang='lat' dir='ltr'><strong>sunt</strong></span> <span class='ocrx_word' id='word_1_505' title='bbox 2449 3664 2669 3720; x_wconf 87' lang='lat' dir='ltr'><strong>indicia.</strong></span> <span class='ocrx_word' id='word_1_506' title='bbox 2692 3663 2827 3719; x_wconf 91' lang='lat' dir='ltr'><strong>Hinc</strong></span> <span class='ocrx_word' id='word_1_507' title='bbox 2839 3662 3299 3733; x_wconf 85' lang='lat' dir='ltr'><strong>quemadmodum</strong></span> <span class='ocrx_word' id='word_1_508' title='bbox 3317 3659 3410 3728; x_wconf 89' lang='lat' dir='ltr'>qui</span> <span class='ocrx_word' id='word_1_509' title='bbox 3428 3673 3578 3712; x_wconf 85' lang='lat' dir='ltr'><strong>ama-</strong></span> 
     </span>
    </p>
   </div>
   <div class='ocr_carea' id='block_1_73' title="bbox 314 3746 1891 3823">
    <p class='ocr_par' dir='ltr' id='par_1_73' title="bbox 314 3746 1890 3818">
     <span class='ocr_line' id='line_1_73' title="bbox 314 3746 1890 3818; baseline -0.004 -13"><span class='ocrx_word' id='word_1_510' title='bbox 314 3750 453 3806; x_wconf 88' lang='grc' dir='ltr'>κνῦν</span> <span class='ocrx_word' id='word_1_511' title='bbox 485 3749 531 3782; x_wconf 83' lang='grc'>⁸³</span> <span class='ocrx_word' id='word_1_512' title='bbox 568 3750 662 3802; x_wconf 89' lang='grc' dir='ltr'>τοῦ</span> <span class='ocrx_word' id='word_1_513' title='bbox 692 3748 842 3804; x_wconf 74' lang='grc' dir='ltr'>ἔνδον</span> <span class='ocrx_word' id='word_1_514' title='bbox 869 3747 1140 3818; x_wconf 80' lang='grc' dir='ltr'>καμάτου,</span> <span class='ocrx_word' id='word_1_515' title='bbox 1194 3748 1288 3800; x_wconf 79' lang='grc' dir='ltr'>καὶ</span> <span class='ocrx_word' id='word_1_516' title='bbox 1334 3749 1433 3816; x_wconf 84' lang='grc' dir='ltr'>τῆς</span> <span class='ocrx_word' id='word_1_517' title='bbox 1465 3746 1663 3818; x_wconf 81' lang='grc' dir='ltr'>ἀδήλου</span> <span class='ocrx_word' id='word_1_518' title='bbox 1706 3747 1752 3779; x_wconf 72' lang='grc'>⁸⁸</span> <span class='ocrx_word' id='word_1_519' title='bbox 1787 3761 1890 3799; x_wconf 86' lang='grc' dir='ltr'>τα-</span> 
     </span>
    </p>
   </div>
   <div class='ocr_carea' id='block_1_74' title="bbox 1998 3746 3577 3823">
    <p class='ocr_par' dir='ltr' id='par_1_74' title="bbox 2000 3748 3577 3823">
     <span class='ocr_line' id='line_1_74' title="bbox 2000 3748 3577 3823; baseline -0.006 -16"><span class='ocrx_word' id='word_1_520' title='bbox 2000 3767 2122 3807; x_wconf 92' lang='lat' dir='ltr'>rum</span> <span class='ocrx_word' id='word_1_521' title='bbox 2184 3762 2537 3822; x_wconf 74' lang='lat' dir='ltr'><strong>gustavernnt</strong></span> <span class='ocrx_word' id='word_1_522' title='bbox 2599 3753 2879 3823; x_wconf 88' lang='lat' dir='ltr'><strong>poculum,</strong></span> <span class='ocrx_word' id='word_1_523' title='bbox 2936 3748 3295 3805; x_wconf 88' lang='lat' dir='ltr'><strong>invisibilitati</strong></span> <span class='ocrx_word' id='word_1_524' title='bbox 3379 3748 3577 3800; x_wconf 66' lang='lat' dir='ltr'><strong>animat</strong></span> 
     </span>
    </p>
   </div>
   <div class='ocr_carea' id='block_1_75' title="bbox 318 3838 1891 3916">
    <p class='ocr_par' dir='ltr' id='par_1_75' title="bbox 318 3838 1889 3915">
     <span class='ocr_line' id='line_1_75' title="bbox 318 3838 1889 3915; baseline -0.001 -20"><span class='ocrx_word' id='word_1_525' title='bbox 318 3843 495 3915; x_wconf 81' lang='grc' dir='ltr'>ραχῆς</span> <span class='ocrx_word' id='word_1_526' title='bbox 533 3842 602 3896; x_wconf 77' lang='grc' dir='ltr'>τὰ</span> <span class='ocrx_word' id='word_1_527' title='bbox 628 3840 882 3913; x_wconf 80' lang='grc' dir='ltr'>ὁρώμενα</span> <span class='ocrx_word' id='word_1_528' title='bbox 930 3840 1234 3912; x_wconf 81' lang='grc' dir='ltr'>παρέχεται</span> <span class='ocrx_word' id='word_1_529' title='bbox 1286 3838 1531 3910; x_wconf 83' lang='grc' dir='ltr'>πρόδηλα</span> <span class='ocrx_word' id='word_1_530' title='bbox 1587 3840 1889 3910; x_wconf 83' lang='grc' dir='ltr'>τεκμήρια.</span> 
     </span>
    </p>
   </div>
   <div class='ocr_carea' id='block_1_76' title="bbox 1998 3838 3574 3916">
    <p class='ocr_par' dir='ltr' id='par_1_76' title="bbox 1998 3842 3574 3916">
     <span class='ocr_line' id='line_1_76' title="bbox 1998 3842 3574 3916; baseline -0.005 -16"><span class='ocrx_word' id='word_1_531' title='bbox 1998 3845 2204 3900; x_wconf 79' lang='lat' dir='ltr'><strong>vultum</strong></span> <span class='ocrx_word' id='word_1_532' title='bbox 2258 3854 2617 3916; x_wconf 88' lang='lat' dir='ltr'><strong>componunt,</strong></span> <span class='ocrx_word' id='word_1_533' title='bbox 2650 3855 2705 3900; x_wconf 91' lang='lat' dir='ltr'>et</span> <span class='ocrx_word' id='word_1_534' title='bbox 2750 3846 2825 3901; x_wconf 91' lang='lat' dir='ltr'>ibi</span> <span class='ocrx_word' id='word_1_535' title='bbox 2856 3860 2978 3915; x_wconf 74' lang='lat' dir='ltr'><strong>quae.</strong></span> <span class='ocrx_word' id='word_1_536' title='bbox 3014 3850 3300 3913; x_wconf 87' lang='lat' dir='ltr'><strong>apparent,</strong></span> <span class='ocrx_word' id='word_1_537' title='bbox 3358 3842 3574 3894; x_wconf 87' lang='lat' dir='ltr'><strong>tristem</strong></span> 
     </span>
    </p>
   </div>
   <div class='ocr_carea' id='block_1_77' title="bbox 330 3922 1891 4009">
    <p class='ocr_par' dir='ltr' id='par_1_77' title="bbox 330 3922 1891 4003">
     <span class='ocr_line' id='line_1_77' title="bbox 330 3922 1891 4003; baseline -0.003 -15"><span class='ocrx_word' id='word_1_538' title='bbox 330 3933 640 3999; x_wconf 79' lang='grc' dir='ltr'>Ἐντεῦθεν,</span> <span class='ocrx_word' id='word_1_539' title='bbox 723 3932 974 4003; x_wconf 87' lang='grc' dir='ltr'>καθάπερ</span> <span class='ocrx_word' id='word_1_540' title='bbox 1040 3932 1089 3984; x_wconf 80' lang='lat' dir='ltr'>oi</span> <span class='ocrx_word' id='word_1_541' title='bbox 1175 3922 1567 4000; x_wconf 69' lang='grc' dir='ltr'>τῶν”πικρῶν</span> <span class='ocrx_word' id='word_1_542' title='bbox 1620 3931 1891 4001; x_wconf 85' lang='grc' dir='ltr'>ἀπογευό-</span> 
     </span>
    </p>
   </div>
   <div class='ocr_carea' id='block_1_78' title="bbox 1998 3922 3578 4009">
    <p class='ocr_par' dir='ltr' id='par_1_78' title="bbox 1998 3932 3578 4009">
     <span class='ocr_line' id='line_1_78' title="bbox 1998 3932 3578 4009; baseline -0.004 -19"><span class='ocrx_word' id='word_1_543' title='bbox 1998 3935 2139 3993; x_wconf 88' lang='lat' dir='ltr'><strong>illius</strong></span> <span class='ocrx_word' id='word_1_544' title='bbox 2169 3938 2586 4009; x_wconf 87' lang='lat' dir='ltr'><strong>dispositionem</strong></span> <span class='ocrx_word' id='word_1_545' title='bbox 2634 3938 2889 4002; x_wconf 89' lang='lat' dir='ltr'><strong>tradunt,</strong></span> <span class='ocrx_word' id='word_1_546' title='bbox 2922 3951 2990 3991; x_wconf 83' lang='lat' dir='ltr'>ex</span> <span class='ocrx_word' id='word_1_547' title='bbox 3027 3935 3201 3989; x_wconf 88' lang='lat' dir='ltr'><strong>forma</strong></span> <span class='ocrx_word' id='word_1_548' title='bbox 3235 3932 3379 3986; x_wconf 90' lang='lat' dir='ltr'><strong>enim</strong></span> <span class='ocrx_word' id='word_1_549' title='bbox 3409 3945 3578 4000; x_wconf 77' lang='lat' dir='ltr'><strong>appa-</strong></span> 
     </span>
    </p>
   </div>
   <div class='ocr_carea' id='block_1_79' title="bbox 319 4021 1891 4100">
    <p class='ocr_par' dir='ltr' id='par_1_79' title="bbox 319 4021 1891 4097">
     <span class='ocr_line' id='line_1_79' title="bbox 319 4021 1891 4097; baseline -0.002 -19"><span class='ocrx_word' id='word_1_550' title='bbox 319 4043 470 4097; x_wconf 87' lang='grc' dir='ltr'>μενοι</span> <span class='ocrx_word' id='word_1_551' title='bbox 557 4024 868 4097; x_wconf 81' lang='grc' dir='ltr'>φαρμάκων</span> <span class='ocrx_word' id='word_1_552' title='bbox 955 4021 1331 4091; x_wconf 87' lang='grc' dir='ltr'>ἀποστύφουσι</span> <span class='ocrx_word' id='word_1_553' title='bbox 1416 4025 1484 4093; x_wconf 81' lang='grc' dir='ltr'>τῇ</span> <span class='ocrx_word' id='word_1_554' title='bbox 1541 4022 1748 4095; x_wconf 81' lang='grc' dir='ltr'>ἀειδείᾳ</span> <span class='ocrx_word' id='word_1_555' title='bbox 1829 4021 1891 4075; x_wconf 81' lang='grc' dir='ltr'>τὸ</span> 
     </span>
    </p>
   </div>
   <div class='ocr_carea' id='block_1_80' title="bbox 1998 4021 3577 4100">
    <p class='ocr_par' dir='ltr' id='par_1_80' title="bbox 1998 4025 3577 4100">
     <span class='ocr_line' id='line_1_80' title="bbox 1998 4025 3577 4100; baseline -0.001 -19"><span class='ocrx_word' id='word_1_556' title='bbox 1998 4030 2185 4096; x_wconf 89' lang='lat' dir='ltr'><strong>rentis,</strong></span> <span class='ocrx_word' id='word_1_557' title='bbox 2211 4031 2552 4100; x_wconf 89' lang='lat' dir='ltr'><strong>exprimente</strong></span> <span class='ocrx_word' id='word_1_558' title='bbox 2581 4030 2955 4084; x_wconf 80' lang='lat' dir='ltr'><strong>characterem</strong></span> <span class='ocrx_word' id='word_1_559' title='bbox 2992 4034 3241 4096; x_wconf 86' lang='lat' dir='ltr'><strong>aspectu,</strong></span> <span class='ocrx_word' id='word_1_560' title='bbox 3277 4038 3431 4080; x_wconf 88' lang='lat' dir='ltr'><strong>suam</strong></span> <span class='ocrx_word' id='word_1_561' title='bbox 3454 4025 3577 4079; x_wconf 84' lang='lat' dir='ltr'><strong>abs-</strong></span> 
     </span>
    </p>
   </div>
   <div class='ocr_carea' id='block_1_81' title="bbox 312 4114 1891 4192">
    <p class='ocr_par' dir='ltr' id='par_1_81' title="bbox 312 4114 1890 4192">
     <span class='ocr_line' id='line_1_81' title="bbox 312 4114 1890 4192; baseline -0.005 -17"><span class='ocrx_word' id='word_1_562' title='bbox 312 4120 613 4192; x_wconf 82' lang='grc' dir='ltr'>πρόσωπον</span> <span class='ocrx_word' id='word_1_563' title='bbox 642 4121 742 4190; x_wconf 76' lang='grc' dir='ltr'>τῆς</span> <span class='ocrx_word' id='word_1_564' title='bbox 775 4117 976 4188; x_wconf 82' lang='grc' dir='ltr'>ψυχῆς,</span> <span class='ocrx_word' id='word_1_565' title='bbox 1013 4115 1149 4183; x_wconf 81' lang='grc' dir='ltr'>πρὸς</span> <span class='ocrx_word' id='word_1_566' title='bbox 1179 4114 1246 4185; x_wconf 82' lang='grc' dir='ltr'>ἢν</span> <span class='ocrx_word' id='word_1_567' title='bbox 1281 4114 1440 4183; x_wconf 76' lang='grc' dir='ltr'>ἔσχον</span> <span class='ocrx_word' id='word_1_568' title='bbox 1468 4114 1534 4167; x_wconf 77' lang='grc' dir='ltr'>ὲκ</span> <span class='ocrx_word' id='word_1_569' title='bbox 1562 4114 1672 4177; x_wconf 89' lang='grc' dir='ltr'>τῶν</span> <span class='ocrx_word' id='word_1_570' title='bbox 1701 4114 1890 4183; x_wconf 79' lang='grc' dir='ltr'>ὀφθέν-</span> 
     </span>
    </p>
   </div>
   <div class='ocr_carea' id='block_1_82' title="bbox 1998 4114 2995 4192">
    <p class='ocr_par' dir='ltr' id='par_1_82' title="bbox 1998 4119 2995 4177">
     <span class='ocr_line' id='line_1_82' title="bbox 1998 4119 2995 4177; baseline -0.004 -4"><span class='ocrx_word' id='word_1_571' title='bbox 1998 4119 2263 4175; x_wconf 80' lang='lat' dir='ltr'><strong>conditam</strong></span> <span class='ocrx_word' id='word_1_572' title='bbox 2300 4122 2573 4177; x_wconf 87' lang='lat' dir='ltr'><strong>tristitiam</strong></span> <span class='ocrx_word' id='word_1_573' title='bbox 2606 4120 2943 4174; x_wconf 87' lang='lat' dir='ltr'><strong>manifestat.</strong></span> <span class='ocrx_word' id='word_1_574' title='bbox 2976 4136 2995 4169; x_wconf 72' lang='grc' dir='ltr'>ι</span> 
     </span>
    </p>
   </div>
   <div class='ocr_carea' id='block_1_83' title="bbox 304 4207 3574 4283">
    <p class='ocr_par' dir='ltr' id='par_1_83' title="bbox 304 4207 3574 4283">
     <span class='ocr_line' id='line_1_83' title="bbox 304 4207 3574 4283; baseline -0.002 -14"><span class='ocrx_word' id='word_1_575' title='bbox 304 4232 422 4269; x_wconf 84' lang='grc' dir='ltr'>των</span> <span class='ocrx_word' id='word_1_576' title='bbox 451 4214 497 4246; x_wconf 81' lang='grc'>⁸⁸</span> <span class='ocrx_word' id='word_1_577' title='bbox 522 4214 639 4267; x_wconf 71' lang='grc' dir='ltr'>ἐκεῖ</span> <span class='ocrx_word' id='word_1_578' title='bbox 670 4213 912 4283; x_wconf 84' lang='grc' dir='ltr'>χαλεπὴν</span> <span class='ocrx_word' id='word_1_579' title='bbox 941 4210 1201 4275; x_wconf 78' lang='grc' dir='ltr'>διάθεσιν,</span> <span class='ocrx_word' id='word_1_580' title='bbox 1259 4207 1591 4275; x_wconf 73' lang='grc' dir='ltr'>τυπωσάσης</span> <span class='ocrx_word' id='word_1_581' title='bbox 1639 4208 1730 4260; x_wconf 72' lang='grc' dir='ltr'>τὸν</span> <span class='ocrx_word' id='word_1_582' title='bbox 1800 4213 2127 4282; x_wconf 75' lang='grc' dir='ltr'>χαρακτῆρα</span> <span class='ocrx_word' id='word_1_583' title='bbox 2178 4214 2277 4283; x_wconf 87' lang='grc' dir='ltr'>τῆς</span> <span class='ocrx_word' id='word_1_584' title='bbox 2317 4212 2495 4282; x_wconf 66' lang='grc' dir='ltr'>ὅψεως</span> <span class='ocrx_word' id='word_1_585' title='bbox 2555 4212 2601 4247; x_wconf 76' lang='grc'>⁸⁸</span> <span class='ocrx_word' id='word_1_586' title='bbox 2631 4213 2709 4282; x_wconf 81' lang='grc' dir='ltr'>τῷ</span> <span class='ocrx_word' id='word_1_587' title='bbox 2760 4212 3008 4281; x_wconf 71' lang='grc' dir='ltr'>σχήματι</span> <span class='ocrx_word' id='word_1_588' title='bbox 3084 4211 3181 4264; x_wconf 87' lang='grc' dir='ltr'>τοῦ</span> <span class='ocrx_word' id='word_1_589' title='bbox 3242 4208 3574 4279; x_wconf 80' lang='grc' dir='ltr'>φαινομένου</span> 
     </span>
    </p>
   </div>
   <div class='ocr_carea' id='block_1_84' title="bbox 302 4300 1863 4381">
    <p class='ocr_par' dir='ltr' id='par_1_84' title="bbox 302 4300 1863 4381">
     <span class='ocr_line' id='line_1_84' title="bbox 302 4300 1863 4381; baseline -0.008 -16"><span class='ocrx_word' id='word_1_590' title='bbox 302 4311 411 4381; x_wconf 79' lang='grc' dir='ltr'>τὴν</span> <span class='ocrx_word' id='word_1_591' title='bbox 436 4310 638 4377; x_wconf 78' lang='grc' dir='ltr'>ἑαυτῆς</span> <span class='ocrx_word' id='word_1_592' title='bbox 667 4306 1058 4378; x_wconf 85' lang='grc' dir='ltr'>φανερώσασαν</span> <span class='ocrx_word' id='word_1_593' title='bbox 1080 4305 1124 4337; x_wconf 79' lang='grc'>⁸⁷</span> <span class='ocrx_word' id='word_1_594' title='bbox 1212 4302 1603 4375; x_wconf 82' lang='grc' dir='ltr'>κεκρυμμένην</span> <span class='ocrx_word' id='word_1_595' title='bbox 1628 4300 1804 4355; x_wconf 91' lang='grc' dir='ltr'>ἀνίαν.</span> <span class='ocrx_word' id='word_1_596' title='bbox 1841 4319 1863 4353; x_wconf 70' lang='grc' dir='ltr'>ι</span> 
     </span>
    </p>
   </div>
   <div class='ocr_carea' id='block_1_85' title="bbox 387 4394 1891 4471">
    <p class='ocr_par' dir='ltr' id='par_1_85' title="bbox 387 4394 1886 4471">
     <span class='ocr_line' id='line_1_85' title="bbox 387 4394 1886 4471; baseline -0.002 -20"><span class='ocrx_word' id='word_1_597' title='bbox 387 4404 433 4435; x_wconf 72' lang='grc'>⁸³</span> <span class='ocrx_word' id='word_1_598' title='bbox 470 4401 583 4469; x_wconf 78' lang='lat' dir='ltr'>(l3)</span> <span class='ocrx_word' id='word_1_599' title='bbox 616 4399 772 4453; x_wconf 66' lang='grc' dir='ltr'>Οὔπω</span> <span class='ocrx_word' id='word_1_600' title='bbox 798 4418 862 4469; x_wconf 89' lang='grc' dir='ltr'>γε</span> <span class='ocrx_word' id='word_1_601' title='bbox 899 4400 1004 4471; x_wconf 81' lang='grc' dir='ltr'>μὴν</span> <span class='ocrx_word' id='word_1_602' title='bbox 1027 4399 1123 4453; x_wconf 78' lang='grc' dir='ltr'>καὶ</span> <span class='ocrx_word' id='word_1_603' title='bbox 1147 4399 1177 4451; x_wconf 83' lang='lat'>6</span> <span class='ocrx_word' id='word_1_604' title='bbox 1209 4396 1597 4468; x_wconf 85' lang='grc' dir='ltr'>Χρυσόστομος</span> <span class='ocrx_word' id='word_1_605' title='bbox 1637 4394 1743 4465; x_wconf 75' lang='grc' dir='ltr'>ἔφη</span> <span class='ocrx_word' id='word_1_606' title='bbox 1782 4394 1886 4448; x_wconf 85' lang='grc' dir='ltr'>πά-</span> 
     </span>
    </p>
   </div>
   <div class='ocr_carea' id='block_1_86' title="bbox 1998 4394 3577 4471">
    <p class='ocr_par' dir='ltr' id='par_1_86' title="bbox 2066 4394 3577 4464">
     <span class='ocr_line' id='line_1_86' title="bbox 2066 4394 3577 4464; baseline 0.001 -14"><span class='ocrx_word' id='word_1_607' title='bbox 2066 4395 2156 4450; x_wconf 92' lang='lat' dir='ltr'><strong>Sic</strong></span> <span class='ocrx_word' id='word_1_608' title='bbox 2178 4394 2340 4449; x_wconf 88' lang='lat' dir='ltr'><strong>etiam</strong></span> <span class='ocrx_word' id='word_1_609' title='bbox 2359 4394 2783 4464; x_wconf 86' lang='lat' dir='ltr'><strong>Chrysostomus</strong></span> <span class='ocrx_word' id='word_1_610' title='bbox 2812 4408 3029 4449; x_wconf 89' lang='lat' dir='ltr'><strong>rursum</strong></span> <span class='ocrx_word' id='word_1_611' title='bbox 3051 4394 3159 4449; x_wconf 85' lang='lat' dir='ltr'><strong>ait:</strong></span> <span class='ocrx_word' id='word_1_612' title='bbox 3191 4412 3210 4446; x_wconf 75' lang='grc' dir='ltr'>σ</span> <span class='ocrx_word' id='word_1_613' title='bbox 3239 4396 3317 4449; x_wconf 79' lang='lat' dir='ltr'>An</span> <span class='ocrx_word' id='word_1_614' title='bbox 3354 4396 3577 4452; x_wconf 79' lang='lat' dir='ltr'><strong>nescitis</strong></span> 
     </span>
    </p>
   </div>
   <div class='ocr_carea' id='block_1_87' title="bbox 306 4486 1891 4561">
    <p class='ocr_par' dir='ltr' id='par_1_87' title="bbox 306 4486 1890 4561">
     <span class='ocr_line' id='line_1_87' title="bbox 306 4486 1890 4561; baseline -0.006 -13"><span class='ocrx_word' id='word_1_615' title='bbox 306 4496 423 4548; x_wconf 88' lang='grc' dir='ltr'>λιν·</span> <span class='ocrx_word' id='word_1_616' title='bbox 450 4513 468 4545; x_wconf 79' lang='grc' dir='ltr'>ι</span> <span class='ocrx_word' id='word_1_617' title='bbox 497 4494 613 4548; x_wconf 83' lang='grc' dir='ltr'>Οὐκ</span> <span class='ocrx_word' id='word_1_618' title='bbox 639 4494 754 4547; x_wconf 83' lang='grc' dir='ltr'>ῐστε</span> <span class='ocrx_word' id='word_1_619' title='bbox 772 4491 888 4556; x_wconf 89' lang='grc' dir='ltr'>πῶς</span> <span class='ocrx_word' id='word_1_620' title='bbox 905 4492 963 4544; x_wconf 77' lang='grc' dir='ltr'>ὲν</span> <span class='ocrx_word' id='word_1_621' title='bbox 993 4493 1061 4561; x_wconf 82' lang='grc' dir='ltr'>τῇ</span> <span class='ocrx_word' id='word_1_622' title='bbox 1081 4489 1368 4560; x_wconf 82' lang='grc' dir='ltr'>τελευταίᾳ</span> <span class='ocrx_word' id='word_1_623' title='bbox 1389 4488 1573 4559; x_wconf 76' lang='grc' dir='ltr'>ἡμέρᾳ</span> <span class='ocrx_word' id='word_1_624' title='bbox 1597 4486 1890 4558; x_wconf 71' lang='grc' dir='ltr'>συστρέφει</span> 
     </span>
    </p>
   </div>
   <div class='ocr_carea' id='block_1_88' title="bbox 1998 4486 3579 4561">
    <p class='ocr_par' dir='ltr' id='par_1_88' title="bbox 1998 4486 3579 4561">
     <span class='ocr_line' id='line_1_88' title="bbox 1998 4486 3579 4561; baseline -0.002 -17"><span class='ocrx_word' id='word_1_625' title='bbox 1998 4489 2268 4561; x_wconf 86' lang='lat' dir='ltr'><strong>quomodo</strong></span> <span class='ocrx_word' id='word_1_626' title='bbox 2298 4488 2351 4542; x_wconf 93' lang='lat' dir='ltr'>in</span> <span class='ocrx_word' id='word_1_627' title='bbox 2392 4487 2586 4542; x_wconf 89' lang='lat' dir='ltr'><strong>ultimo</strong></span> <span class='ocrx_word' id='word_1_628' title='bbox 2626 4486 2714 4543; x_wconf 86' lang='lat' dir='ltr'>die</span> <span class='ocrx_word' id='word_1_629' title='bbox 2768 4496 2988 4556; x_wconf 88' lang='lat' dir='ltr'><strong>peccata</strong></span> <span class='ocrx_word' id='word_1_630' title='bbox 3040 4486 3414 4556; x_wconf 78' lang='lat' dir='ltr'><strong>constringant</strong></span> <span class='ocrx_word' id='word_1_631' title='bbox 3456 4488 3579 4541; x_wconf 85' lang='lat' dir='ltr'><strong>ani-</strong></span> 
     </span>
    </p>
   </div>
   <div class='ocr_carea' id='block_1_89' title="bbox 306 4575 1891 4658">
    <p class='ocr_par' dir='ltr' id='par_1_89' title="bbox 306 4579 1891 4658">
     <span class='ocr_line' id='line_1_89' title="bbox 306 4579 1891 4658; baseline -0.005 -18"><span class='ocrx_word' id='word_1_632' title='bbox 306 4587 498 4658; x_wconf 64' lang='grc' dir='ltr'>ψυχὴν</span> <span class='ocrx_word' id='word_1_633' title='bbox 527 4586 570 4617; x_wconf 77' lang='grc'><strong>⁸⁸</strong></span> <span class='ocrx_word' id='word_1_634' title='bbox 600 4586 999 4655; x_wconf 86' lang='grc' dir='ltr'>ἀμαρτὴματα;</span> <span class='ocrx_word' id='word_1_635' title='bbox 1037 4582 1154 4646; x_wconf 91' lang='grc' dir='ltr'>πῶς</span> <span class='ocrx_word' id='word_1_636' title='bbox 1185 4581 1429 4635; x_wconf 83' lang='grc' dir='ltr'>κάτωθεν</span> <span class='ocrx_word' id='word_1_637' title='bbox 1459 4581 1559 4651; x_wconf 81' lang='grc' dir='ltr'>τὴν</span> <span class='ocrx_word' id='word_1_638' title='bbox 1592 4579 1823 4649; x_wconf 86' lang='grc' dir='ltr'>καρδίαν</span> <span class='ocrx_word' id='word_1_639' title='bbox 1845 4583 1891 4615; x_wconf 78' lang='grc' dir='ltr'><strong>⁷ο</strong></span> 
     </span>
    </p>
   </div>
   <div class='ocr_carea' id='block_1_90' title="bbox 1998 4575 3577 4658">
    <p class='ocr_par' dir='ltr' id='par_1_90' title="bbox 1998 4575 3577 4651">
     <span class='ocr_line' id='line_1_90' title="bbox 1998 4575 3577 4651; baseline -0.002 -16"><span class='ocrx_word' id='word_1_640' title='bbox 1998 4580 2179 4636; x_wconf 83' lang='lat' dir='ltr'><strong>mam?</strong></span> <span class='ocrx_word' id='word_1_641' title='bbox 2209 4579 2479 4651; x_wconf 91' lang='lat' dir='ltr'><strong>quomodo</strong></span> <span class='ocrx_word' id='word_1_642' title='bbox 2509 4592 2603 4632; x_wconf 89' lang='lat' dir='ltr'>cor</span> <span class='ocrx_word' id='word_1_643' title='bbox 2630 4577 2892 4632; x_wconf 88' lang='lat' dir='ltr'><strong>deorsum</strong></span> <span class='ocrx_word' id='word_1_644' title='bbox 2926 4575 3183 4630; x_wconf 75' lang='lat' dir='ltr'><strong>trahant?</strong></span> <span class='ocrx_word' id='word_1_645' title='bbox 3220 4577 3375 4631; x_wconf 87' lang='lat' dir='ltr'><strong>Unde</strong></span> <span class='ocrx_word' id='word_1_646' title='bbox 3407 4579 3577 4633; x_wconf 84' lang='lat' dir='ltr'><strong>multa</strong></span> 
     </span>
    </p>
   </div>
   <div class='ocr_carea' id='block_1_91' title="bbox 307 4669 1891 4747">
    <p class='ocr_par' dir='ltr' id='par_1_91' title="bbox 307 4674 1891 4747">
     <span class='ocr_line' id='line_1_91' title="bbox 307 4674 1891 4747; baseline -0.004 -11"><span class='ocrx_word' id='word_1_647' title='bbox 307 4680 607 4744; x_wconf 75' lang='grc' dir='ltr'>ἀνακινεῖς</span> <span class='ocrx_word' id='word_1_648' title='bbox 645 4679 810 4733; x_wconf 83' lang='grc' dir='ltr'>Ὅθεν</span> <span class='ocrx_word' id='word_1_649' title='bbox 838 4676 1073 4747; x_wconf 86' lang='grc' dir='ltr'>δείματα</span> <span class='ocrx_word' id='word_1_650' title='bbox 1124 4674 1294 4728; x_wconf 89' lang='grc' dir='ltr'>πολλά</span> <span class='ocrx_word' id='word_1_651' title='bbox 1326 4677 1475 4728; x_wconf 80' lang='grc' dir='ltr'>ἐστιν</span> <span class='ocrx_word' id='word_1_652' title='bbox 1522 4674 1745 4730; x_wconf 87' lang='grc' dir='ltr'>ἀκούειν</span> <span class='ocrx_word' id='word_1_653' title='bbox 1769 4677 1891 4730; x_wconf 86' lang='grc' dir='ltr'>τότε</span> 
     </span>
    </p>
   </div>
   <div class='ocr_carea' id='block_1_92' title="bbox 1998 4669 3576 4747">
    <p class='ocr_par' dir='ltr' id='par_1_92' title="bbox 1998 4669 3576 4740">
     <span class='ocr_line' id='line_1_92' title="bbox 1998 4669 3576 4740; baseline -0.003 -12"><span class='ocrx_word' id='word_1_654' title='bbox 1998 4672 2160 4729; x_wconf 89' lang='lat' dir='ltr'><strong>refert</strong></span> <span class='ocrx_word' id='word_1_655' title='bbox 2184 4672 2476 4737; x_wconf 91' lang='lat' dir='ltr'><strong>horrenda,</strong></span> <span class='ocrx_word' id='word_1_656' title='bbox 2510 4684 2721 4726; x_wconf 89' lang='lat' dir='ltr'><strong>necnon</strong></span> <span class='ocrx_word' id='word_1_657' title='bbox 2756 4678 2883 4727; x_wconf 83' lang='lat' dir='ltr'><strong>tunc</strong></span> <span class='ocrx_word' id='word_1_658' title='bbox 2918 4669 3098 4724; x_wconf 89' lang='lat' dir='ltr'><strong>vultus</strong></span> <span class='ocrx_word' id='word_1_659' title='bbox 3129 4669 3373 4740; x_wconf 88' lang='lat' dir='ltr'><strong>aspicere</strong></span> <span class='ocrx_word' id='word_1_660' title='bbox 3431 4671 3576 4739; x_wconf 74' lang='lat' dir='ltr'><strong>cogit</strong></span> 
     </span>
    </p>
   </div>
   <div class='ocr_carea' id='block_1_93' title="bbox 306 4759 1891 4843">
    <p class='ocr_par' dir='ltr' id='par_1_93' title="bbox 306 4762 1890 4843">
     <span class='ocr_line' id='line_1_93' title="bbox 306 4762 1890 4843; baseline -0.003 -17"><span class='ocrx_word' id='word_1_661' title='bbox 306 4772 652 4843; x_wconf 77' lang='grc' dir='ltr'>διηγουμένη</span> <span class='ocrx_word' id='word_1_662' title='bbox 686 4772 726 4803; x_wconf 88' lang='grc'>⁷¹</span> <span class='ocrx_word' id='word_1_663' title='bbox 760 4770 854 4825; x_wconf 78' lang='grc' dir='ltr'>καὶ</span> <span class='ocrx_word' id='word_1_664' title='bbox 878 4770 1031 4839; x_wconf 72' lang='grc' dir='ltr'>ὄψεις</span> <span class='ocrx_word' id='word_1_665' title='bbox 1068 4767 1326 4838; x_wconf 73' lang='grc' dir='ltr'>φοϐερὰς,</span> <span class='ocrx_word' id='word_1_666' title='bbox 1355 4762 1431 4823; x_wconf 82' lang='grc' dir='ltr'>ὧν</span> <span class='ocrx_word' id='word_1_667' title='bbox 1464 4767 1585 4821; x_wconf 71' lang='grc' dir='ltr'>οὐδὲ</span> <span class='ocrx_word' id='word_1_668' title='bbox 1632 4768 1728 4839; x_wconf 79' lang='grc' dir='ltr'>τὴν</span> <span class='ocrx_word' id='word_1_669' title='bbox 1754 4768 1890 4823; x_wconf 85' lang='grc' dir='ltr'>Θεω-</span> 
     </span>
    </p>
   </div>
   <div class='ocr_carea' id='block_1_94' title="bbox 1998 4759 3574 4843">
    <p class='ocr_par' dir='ltr' id='par_1_94' title="bbox 1998 4759 3574 4833">
     <span class='ocr_line' id='line_1_94' title="bbox 1998 4759 3574 4833; baseline -0.005 -13"><span class='ocrx_word' id='word_1_670' title='bbox 1998 4762 2331 4827; x_wconf 76' lang='lat' dir='ltr'><strong>tremendos,</strong></span> <span class='ocrx_word' id='word_1_671' title='bbox 2373 4778 2608 4833; x_wconf 82' lang='lat' dir='ltr'><strong>quorum</strong></span> <span class='ocrx_word' id='word_1_672' title='bbox 2649 4770 2931 4833; x_wconf 87' lang='lat' dir='ltr'><strong>aspectum</strong></span> <span class='ocrx_word' id='word_1_673' title='bbox 2969 4759 3113 4816; x_wconf 81' lang='lat' dir='ltr'><strong>ferre</strong></span> <span class='ocrx_word' id='word_1_674' title='bbox 3146 4770 3426 4831; x_wconf 89' lang='lat' dir='ltr'><strong>nequeunt</strong></span> <span class='ocrx_word' id='word_1_675' title='bbox 3476 4761 3574 4813; x_wconf 85' lang='lat' dir='ltr'><strong>ab—</strong></span> 
     </span>
    </p>
   </div>
   <div class='ocr_carea' id='block_1_95' title="bbox 314 4853 1891 4936">
    <p class='ocr_par' dir='ltr' id='par_1_95' title="bbox 314 4860 1886 4936">
     <span class='ocr_line' id='line_1_95' title="bbox 314 4860 1886 4936; baseline -0.001 -20"><span class='ocrx_word' id='word_1_676' title='bbox 314 4864 445 4936; x_wconf 82' lang='grc' dir='ltr'>ρίαν</span> <span class='ocrx_word' id='word_1_677' title='bbox 478 4863 666 4917; x_wconf 79' lang='grc' dir='ltr'>λοιπὸν</span> <span class='ocrx_word' id='word_1_678' title='bbox 717 4864 976 4935; x_wconf 77' lang='grc' dir='ltr'>φέροντες</span> <span class='ocrx_word' id='word_1_679' title='bbox 1014 4862 1064 4915; x_wconf 78' lang='grc' dir='ltr'>οἱ</span> <span class='ocrx_word' id='word_1_680' title='bbox 1097 4861 1371 4926; x_wconf 85' lang='grc' dir='ltr'>ἀπιόντες,</span> <span class='ocrx_word' id='word_1_681' title='bbox 1410 4860 1507 4915; x_wconf 79' lang='grc' dir='ltr'>καὶ</span> <span class='ocrx_word' id='word_1_682' title='bbox 1549 4861 1647 4932; x_wconf 82' lang='grc' dir='ltr'>τὴν</span> <span class='ocrx_word' id='word_1_683' title='bbox 1697 4861 1886 4933; x_wconf 86' lang='grc' dir='ltr'>κλίνην</span> 
     </span>
    </p>
   </div>
   <div class='ocr_carea' id='block_1_96' title="bbox 1998 4853 3578 4936">
    <p class='ocr_par' dir='ltr' id='par_1_96' title="bbox 1998 4853 3578 4926">
     <span class='ocr_line' id='line_1_96' title="bbox 1998 4853 3578 4926; baseline -0.003 -13"><span class='ocrx_word' id='word_1_684' title='bbox 1998 4867 2227 4913; x_wconf 89' lang='lat' dir='ltr'><strong>euntes:</strong></span> <span class='ocrx_word' id='word_1_685' title='bbox 2259 4857 2455 4917; x_wconf 89' lang='lat' dir='ltr'><strong>lectum</strong></span> <span class='ocrx_word' id='word_1_686' title='bbox 2502 4855 2678 4926; x_wconf 88' lang='lat' dir='ltr'><strong>ipsum</strong></span> <span class='ocrx_word' id='word_1_687' title='bbox 2724 4856 2896 4911; x_wconf 89' lang='lat' dir='ltr'><strong>multo</strong></span> <span class='ocrx_word' id='word_1_688' title='bbox 2929 4870 3058 4911; x_wconf 90' lang='lat' dir='ltr'>cum</span> <span class='ocrx_word' id='word_1_689' title='bbox 3113 4853 3333 4915; x_wconf 80' lang='lat' dir='ltr'><strong>fremitu</strong></span> <span class='ocrx_word' id='word_1_690' title='bbox 3392 4854 3578 4924; x_wconf 75' lang='lat' dir='ltr'><strong>exagi~</strong></span> 
     </span>
    </p>
   </div>
   <div class='ocr_carea' id='block_1_97' title="bbox 1534 5024 2390 5117">
    <p class='ocr_par' dir='ltr' id='par_1_97' title="bbox 1534 5024 2390 5117">
     <span class='ocr_line' id='line_1_97' title="bbox 1534 5024 2390 5117; baseline 0 -29"><span class='ocrx_word' id='word_1_691' title='bbox 1534 5025 1735 5117; x_wconf 65' lang='lat' dir='ltr'><strong>Varia:</strong></span> <span class='ocrx_word' id='word_1_692' title='bbox 1776 5024 2081 5088; x_wconf 85' lang='lat' dir='ltr'><strong>lectiones</strong></span> <span class='ocrx_word' id='word_1_693' title='bbox 2108 5031 2167 5086; x_wconf 88' lang='lat' dir='ltr'>et</span> <span class='ocrx_word' id='word_1_694' title='bbox 2202 5033 2390 5088; x_wconf 66' lang='lat' dir='ltr'><strong>notae.</strong></span> 
     </span>
    </p>
   </div>
   <div class='ocr_carea' id='block_1_98' title="bbox 390 5174 1891 5247">
    <p class='ocr_par' dir='ltr' id='par_1_98' title="bbox 390 5174 1861 5247">
     <span class='ocr_line' id='line_1_98' title="bbox 390 5174 1861 5247; baseline -0.005 -12"><span class='ocrx_word' id='word_1_695' title='bbox 390 5185 435 5215; x_wconf 70' lang='grc' dir='ltr'>λ’</span> <span class='ocrx_word' id='word_1_696' title='bbox 476 5182 659 5242; x_wconf 79' lang='grc' dir='ltr'>αὐτοῖς</span> <span class='ocrx_word' id='word_1_697' title='bbox 687 5195 796 5232; x_wconf 88' lang='lat' dir='ltr'>om.</span> <span class='ocrx_word' id='word_1_698' title='bbox 827 5177 887 5232; x_wconf 85' lang='lat' dir='ltr'>L.</span> <span class='ocrx_word' id='word_1_699' title='bbox 948 5177 1009 5247; x_wconf 17' lang='lat'>7“</span> <span class='ocrx_word' id='word_1_700' title='bbox 1037 5176 1467 5230; x_wconf 84' lang='grc' dir='ltr'>ἀποπεπτώκασι</span> <span class='ocrx_word' id='word_1_701' title='bbox 1498 5176 1619 5247; x_wconf 82' lang='lat' dir='ltr'><strong>cod.</strong></span> <span class='ocrx_word' id='word_1_702' title='bbox 1650 5184 1703 5230; x_wconf 88' lang='lat' dir='ltr'>et</span> <span class='ocrx_word' id='word_1_703' title='bbox 1850 5246 1861 5247; x_wconf 16' lang='grc' dir='ltr'>ί</span> 
     </span>
    </p>
   </div>
   <div class='ocr_carea' id='block_1_99' title="bbox 1998 5174 3574 5247">
    <p class='ocr_par' dir='ltr' id='par_1_99' title="bbox 1998 5174 3574 5247">
     <span class='ocr_line' id='line_1_99' title="bbox 1998 5174 3574 5247; baseline 0.003 -19"><span class='ocrx_word' id='word_1_704' title='bbox 1998 5174 2392 5247; x_wconf 82' lang='grc' dir='ltr'>ιὺτοϐουλὴτως</span> <span class='ocrx_word' id='word_1_705' title='bbox 2422 5174 2495 5247; x_wconf 80' lang='lat' dir='ltr'><strong>L.</strong></span> <span class='ocrx_word' id='word_1_706' title='bbox 2534 5246 2551 5247; x_wconf 24' lang='lat' dir='ltr'><em>ﬁ</em></span> <span class='ocrx_word' id='word_1_707' title='bbox 2582 5178 2627 5209; x_wconf 76' lang='lat'><strong><em>“</em></strong></span> <span class='ocrx_word' id='word_1_708' title='bbox 2666 5176 2924 5245; x_wconf 75' lang='grc' dir='ltr'>ἀποσχιζ.</span> <span class='ocrx_word' id='word_1_709' title='bbox 2960 5175 3041 5247; x_wconf 52' lang='lat' dir='ltr'><strong>D.</strong></span> <span class='ocrx_word' id='word_1_710' title='bbox 3122 5175 3169 5208; x_wconf 74' lang='grc'><strong><em>⁸³</em></strong></span> <span class='ocrx_word' id='word_1_711' title='bbox 3206 5175 3477 5247; x_wconf 83' lang='grc' dir='ltr'>μηδεμίαν</span> <span class='ocrx_word' id='word_1_712' title='bbox 3514 5176 3574 5233; x_wconf 86' lang='lat' dir='ltr'><strong>L.</strong></span> 
     </span>
    </p>
   </div>
   <div class='ocr_carea' id='block_1_100' title="bbox 305 5246 1891 5317">
    <p class='ocr_par' dir='ltr' id='par_1_100' title="bbox 305 5246 1891 5317">
     <span class='ocr_line' id='line_1_100' title="bbox 305 5246 1891 5317; baseline -0.004 -12"><span class='ocrx_word' id='word_1_713' title='bbox 305 5256 363 5285; x_wconf 67' lang='grc'>⁸⁸</span> <span class='ocrx_word' id='word_1_714' title='bbox 396 5254 481 5304; x_wconf 89' lang='grc' dir='ltr'>ἀν.</span> <span class='ocrx_word' id='word_1_715' title='bbox 526 5252 688 5311; x_wconf 69' lang='grc' dir='ltr'>αὐτὸς</span> <span class='ocrx_word' id='word_1_716' title='bbox 735 5251 834 5314; x_wconf 83' lang='grc' dir='ltr'>μὲν</span> <span class='ocrx_word' id='word_1_717' title='bbox 866 5250 894 5301; x_wconf 90' lang='lat'>6</span> <span class='ocrx_word' id='word_1_718' title='bbox 933 5246 997 5302; x_wconf 88' lang='lat' dir='ltr'><strong>D.</strong></span> <span class='ocrx_word' id='word_1_719' title='bbox 1096 5249 1139 5279; x_wconf 77' lang='lat'><strong>&quot;</strong></span> <span class='ocrx_word' id='word_1_720' title='bbox 1188 5248 1490 5317; x_wconf 81' lang='grc' dir='ltr'>ἀρχόμενος</span> <span class='ocrx_word' id='word_1_721' title='bbox 1522 5246 1648 5317; x_wconf 77' lang='lat' dir='ltr'><strong>cod.</strong></span> <span class='ocrx_word' id='word_1_722' title='bbox 1688 5315 1693 5317; x_wconf 91' lang='lat'>_</span> <span class='ocrx_word' id='word_1_723' title='bbox 1743 5246 1891 5317; x_wconf 13' lang='lat' dir='ltr'>“7T0</span> 
     </span>
    </p>
   </div>
   <div class='ocr_carea' id='block_1_101' title="bbox 1998 5246 3575 5317">
    <p class='ocr_par' dir='ltr' id='par_1_101' title="bbox 2005 5246 3575 5317">
     <span class='ocr_line' id='line_1_101' title="bbox 2005 5246 3575 5317; baseline 0.003 -19"><span class='ocrx_word' id='word_1_724' title='bbox 2005 5246 2237 5317; x_wconf 81' lang='grc' dir='ltr'>ιαδόχου.</span> <span class='ocrx_word' id='word_1_725' title='bbox 2263 5246 2501 5316; x_wconf 88' lang='lat' dir='ltr'><strong>episcopi</strong></span> <span class='ocrx_word' id='word_1_726' title='bbox 2531 5246 2784 5317; x_wconf 80' lang='lat' dir='ltr'><strong>Photices</strong></span> <span class='ocrx_word' id='word_1_727' title='bbox 2828 5250 2895 5301; x_wconf 91' lang='lat' dir='ltr'>de</span> <span class='ocrx_word' id='word_1_728' title='bbox 2916 5246 3575 5317; x_wconf 74' lang='lat' dir='ltr'><strong>perfectionespirituali.</strong></span> 
     </span>
    </p>
   </div>
   <div class='ocr_carea' id='block_1_102' title="bbox 302 5315 1891 5405">
    <p class='ocr_par' dir='ltr' id='par_1_102' title="bbox 302 5315 1889 5405">
     <span class='ocr_line' id='line_1_102' title="bbox 302 5315 1889 5405; baseline -0.007 -26"><span class='ocrx_word' id='word_1_729' title='bbox 302 5321 607 5405; x_wconf 52' lang='lat' dir='ltr'><strong>BiblM&#39;ax.</strong></span> <span class='ocrx_word' id='word_1_730' title='bbox 723 5318 865 5405; x_wconf 45' lang='lat'>8.863</span> <span class='ocrx_word' id='word_1_731' title='bbox 931 5388 943 5405; x_wconf 48' lang='lat'><strong><em>&#39;</em></strong></span> <span class='ocrx_word' id='word_1_732' title='bbox 978 5318 1021 5350; x_wconf 69' lang='grc'>⁵⁷</span> <span class='ocrx_word' id='word_1_733' title='bbox 1048 5315 1482 5405; x_wconf 56' lang='grc' dir='ltr'>Ιἀμαρτημςίιτων</span> <span class='ocrx_word' id='word_1_734' title='bbox 1653 5315 1730 5405; x_wconf 56' lang='lat' dir='ltr'>ﬂ&quot;</span> <span class='ocrx_word' id='word_1_735' title='bbox 1758 5316 1889 5397; x_wconf 71' lang='grc' dir='ltr'>αὐτο</span> 
     </span>
    </p>
   </div>
   <div class='ocr_carea' id='block_1_103' title="bbox 1998 5315 3579 5405">
    <p class='ocr_par' dir='ltr' id='par_1_103' title="bbox 1998 5315 3579 5405">
     <span class='ocr_line' id='line_1_103' title="bbox 1998 5315 3579 5405; baseline 0.004 -40"><span class='ocrx_word' id='word_1_736' title='bbox 1998 5316 2113 5405; x_wconf 41' lang='grc' dir='ltr'>ποίεε-</span> <span class='ocrx_word' id='word_1_737' title='bbox 2198 5316 2401 5405; x_wconf 53' lang='grc' dir='ltr'>⁴⁹¹καί</span> <span class='ocrx_word' id='word_1_738' title='bbox 2429 5315 2564 5405; x_wconf 54' lang='lat' dir='ltr'>ﬁm.~</span> <span class='ocrx_word' id='word_1_739' title='bbox 2591 5316 2650 5370; x_wconf 89' lang='lat' dir='ltr'>L.</span> <span class='ocrx_word' id='word_1_740' title='bbox 2676 5387 2688 5405; x_wconf 49' lang='lat'><strong>&#39;</strong></span> <span class='ocrx_word' id='word_1_741' title='bbox 2741 5317 2835 5405; x_wconf 54' lang='lat'>,&#39;°’</span> <span class='ocrx_word' id='word_1_742' title='bbox 2868 5316 3093 5405; x_wconf 38' lang='grc' dir='ltr'>εύδηὶιον</span> <span class='ocrx_word' id='word_1_743' title='bbox 3145 5317 3226 5369; x_wconf 84' lang='grc' dir='ltr'>ὅτι</span> <span class='ocrx_word' id='word_1_744' title='bbox 3268 5316 3406 5405; x_wconf 58' lang='grc' dir='ltr'>πρδς</span> <span class='ocrx_word' id='word_1_745' title='bbox 3452 5318 3579 5379; x_wconf 81' lang='grc' dir='ltr'>τοὺς</span> 
     </span>
    </p>
   </div>
   <div class='ocr_carea' id='block_1_104' title="bbox 297 5384 3575 5527">
    <p class='ocr_par' dir='ltr' id='par_1_104' title="bbox 297 5384 3575 5527">
     <span class='ocr_line' id='line_1_104' title="bbox 297 5384 3575 5462; baseline -0.001 -16"><span class='ocrx_word' id='word_1_746' title='bbox 297 5410 478 5462; x_wconf 84' lang='grc' dir='ltr'>ταρτ.</span> <span class='ocrx_word' id='word_1_747' title='bbox 513 5389 575 5443; x_wconf 89' lang='lat' dir='ltr'>L.</span> <span class='ocrx_word' id='word_1_748' title='bbox 652 5391 695 5422; x_wconf 79' lang='lat'>&#39;“</span> <span class='ocrx_word' id='word_1_749' title='bbox 732 5388 1013 5457; x_wconf 85' lang='grc' dir='ltr'>ἀγαλμένη</span> <span class='ocrx_word' id='word_1_750' title='bbox 1048 5384 1119 5440; x_wconf 66' lang='grc' dir='ltr'>ιζ</span> <span class='ocrx_word' id='word_1_751' title='bbox 1184 5388 1230 5419; x_wconf 84' lang='grc'>⁸³</span> <span class='ocrx_word' id='word_1_752' title='bbox 1258 5384 1467 5457; x_wconf 76' lang='grc' dir='ltr'>ἡψυχὴ</span> <span class='ocrx_word' id='word_1_753' title='bbox 1519 5386 1577 5440; x_wconf 83' lang='lat' dir='ltr'><strong>L.</strong></span> <span class='ocrx_word' id='word_1_754' title='bbox 1650 5387 1696 5419; x_wconf 82' lang='grc'>⁸³</span> <span class='ocrx_word' id='word_1_755' title='bbox 1733 5386 1922 5439; x_wconf 79' lang='grc' dir='ltr'>πασῶν</span> <span class='ocrx_word' id='word_1_756' title='bbox 1968 5386 2221 5455; x_wconf 77' lang='grc' dir='ltr'>πράξεων</span> <span class='ocrx_word' id='word_1_757' title='bbox 2267 5384 2329 5439; x_wconf 92' lang='lat' dir='ltr'>L.</span> <span class='ocrx_word' id='word_1_758' title='bbox 2428 5386 2475 5420; x_wconf 66' lang='grc'>⁵⁸</span> <span class='ocrx_word' id='word_1_759' title='bbox 2504 5387 2601 5455; x_wconf 80' lang='grc' dir='ltr'>τῆς</span> <span class='ocrx_word' id='word_1_760' title='bbox 2641 5386 2864 5457; x_wconf 86' lang='grc' dir='ltr'>είρήνης</span> <span class='ocrx_word' id='word_1_761' title='bbox 2913 5384 3193 5455; x_wconf 80' lang='grc' dir='ltr'>ἐπείγεται</span> <span class='ocrx_word' id='word_1_762' title='bbox 3237 5384 3377 5456; x_wconf 76' lang='grc' dir='ltr'>μετὰ</span> <span class='ocrx_word' id='word_1_763' title='bbox 3425 5405 3478 5456; x_wconf 85' lang='grc' dir='ltr'>χ.</span> <span class='ocrx_word' id='word_1_764' title='bbox 3516 5404 3575 5452; x_wconf 85' lang='grc' dir='ltr'>φ.</span> 
     </span>
     <span class='ocr_line' id='line_1_105' title="bbox 302 5454 3575 5527; baseline -0.001 -12"><span class='ocrx_word' id='word_1_765' title='bbox 302 5464 385 5517; x_wconf 83' lang='lat' dir='ltr'>L.</span> <span class='ocrx_word' id='word_1_766' title='bbox 463 5464 509 5494; x_wconf 85' lang='grc'>⁵⁸</span> <span class='ocrx_word' id='word_1_767' title='bbox 536 5461 641 5513; x_wconf 88' lang='grc' dir='ltr'>Τοῦ</span> <span class='ocrx_word' id='word_1_768' title='bbox 676 5460 830 5526; x_wconf 81' lang='grc' dir='ltr'>ἁγίου</span> <span class='ocrx_word' id='word_1_769' title='bbox 864 5457 1097 5512; x_wconf 70' lang='grc' dir='ltr'>Νείλουῖ</span> <span class='ocrx_word' id='word_1_770' title='bbox 1136 5526 1139 5527; x_wconf 15' lang='grc' dir='ltr'><em>ν</em></span> <span class='ocrx_word' id='word_1_771' title='bbox 1199 5457 1243 5487; x_wconf 76' lang='grc'>⁸⁸</span> <span class='ocrx_word' id='word_1_772' title='bbox 1278 5458 1474 5527; x_wconf 67' lang='grc' dir='ltr'>όίερὸς</span> <span class='ocrx_word' id='word_1_773' title='bbox 1503 5455 1627 5527; x_wconf 75' lang='grc' dir='ltr'>ἔφη,</span> <span class='ocrx_word' id='word_1_774' title='bbox 1673 5458 1754 5509; x_wconf 89' lang='grc' dir='ltr'>Ὀ.</span> <span class='ocrx_word' id='word_1_775' title='bbox 1784 5454 2023 5527; x_wconf 30' lang='grc' dir='ltr'>,φόϐερόν</span> <span class='ocrx_word' id='word_1_776' title='bbox 2056 5457 2172 5507; x_wconf 79' lang='grc' dir='ltr'>ἐστι</span> <span class='ocrx_word' id='word_1_777' title='bbox 2362 5456 2406 5489; x_wconf 80' lang='grc'>⁸⁷</span> <span class='ocrx_word' id='word_1_778' title='bbox 2439 5458 2469 5526; x_wconf 85' lang='grc' dir='ltr'>ἡ</span> <span class='ocrx_word' id='word_1_779' title='bbox 2500 5455 2644 5527; x_wconf 77' lang='grc' dir='ltr'>ψυχή</span> <span class='ocrx_word' id='word_1_780' title='bbox 2675 5456 2734 5511; x_wconf 85' lang='lat' dir='ltr'><strong>L.</strong></span> <span class='ocrx_word' id='word_1_781' title='bbox 2838 5458 2885 5489; x_wconf 82' lang='grc'>⁸⁸</span> <span class='ocrx_word' id='word_1_782' title='bbox 2915 5456 3114 5527; x_wconf 78' lang='grc' dir='ltr'>συνεχῆ</span> <span class='ocrx_word' id='word_1_783' title='bbox 3149 5456 3209 5513; x_wconf 88' lang='lat' dir='ltr'><strong>L.</strong></span> <span class='ocrx_word' id='word_1_784' title='bbox 3242 5457 3342 5526; x_wconf 82' lang='grc' dir='ltr'>τήν</span> <span class='ocrx_word' id='word_1_785' title='bbox 3373 5472 3482 5512; x_wconf 84' lang='lat' dir='ltr'>om.</span> <span class='ocrx_word' id='word_1_786' title='bbox 3512 5456 3575 5512; x_wconf 86' lang='lat' dir='ltr'>L.</span> 
     </span>
    </p>
   </div>
   <div class='ocr_carea' id='block_1_105' title="bbox 295 5522 1891 5598">
    <p class='ocr_par' dir='ltr' id='par_1_105' title="bbox 295 5522 1891 5598">
     <span class='ocr_line' id='line_1_106' title="bbox 295 5522 1891 5598; baseline -0.006 -13"><span class='ocrx_word' id='word_1_787' title='bbox 295 5534 366 5569; x_wconf 81' lang='grc'>⁸³</span> <span class='ocrx_word' id='word_1_788' title='bbox 406 5522 755 5589; x_wconf 76' lang='grc' dir='ltr'>ἀπειλοῦντες</span> <span class='ocrx_word' id='word_1_789' title='bbox 787 5528 862 5593; x_wconf 91' lang='grc' dir='ltr'>ώς</span> <span class='ocrx_word' id='word_1_790' title='bbox 902 5529 1099 5598; x_wconf 80' lang='grc' dir='ltr'>ἀμειδῆ</span> <span class='ocrx_word' id='word_1_791' title='bbox 1133 5526 1192 5583; x_wconf 87' lang='lat' dir='ltr'>L.</span> <span class='ocrx_word' id='word_1_792' title='bbox 1271 5526 1314 5558; x_wconf 78' lang='grc' dir='ltr'>⁸ο</span> <span class='ocrx_word' id='word_1_793' title='bbox 1344 5522 1673 5598; x_wconf 68' lang='grc' dir='ltr'>σκυθρωπὴν</span> <span class='ocrx_word' id='word_1_794' title='bbox 1722 5523 1891 5598; x_wconf 66' lang='grc' dir='ltr'>φώραε</span> 
     </span>
    </p>
   </div>
   <div class='ocr_carea' id='block_1_106' title="bbox 1998 5522 3579 5598">
    <p class='ocr_par' dir='ltr' id='par_1_106' title="bbox 1998 5522 3579 5598">
     <span class='ocr_line' id='line_1_107' title="bbox 1998 5522 3579 5598; baseline 0.002 -22"><span class='ocrx_word' id='word_1_795' title='bbox 1998 5556 2027 5576; x_wconf 75' lang='grc' dir='ltr'>ι.</span> <span class='ocrx_word' id='word_1_796' title='bbox 2055 5524 2303 5598; x_wconf 34' lang='grc' dir='ltr'>τ-Αχώρα</span> <span class='ocrx_word' id='word_1_797' title='bbox 2355 5522 2476 5598; x_wconf 71' lang='lat' dir='ltr'><strong>cod.</strong></span> <span class='ocrx_word' id='word_1_798' title='bbox 2506 5522 2684 5598; x_wconf 74' lang='grc' dir='ltr'>χοιρία</span> <span class='ocrx_word' id='word_1_799' title='bbox 2701 5526 2748 5598; x_wconf 29' lang='grc' dir='ltr'>ῒᾼ</span> <span class='ocrx_word' id='word_1_800' title='bbox 2798 5528 2839 5559; x_wconf 83' lang='grc'>⁸¹</span> <span class='ocrx_word' id='word_1_801' title='bbox 2876 5528 2907 5597; x_wconf 86' lang='grc' dir='ltr'>ἡ</span> <span class='ocrx_word' id='word_1_802' title='bbox 2956 5522 3076 5584; x_wconf 50' lang='lat' dir='ltr'>om.</span> <span class='ocrx_word' id='word_1_803' title='bbox 3105 5522 3167 5584; x_wconf 89' lang='lat' dir='ltr'>L.</span> <span class='ocrx_word' id='word_1_804' title='bbox 3244 5522 3579 5598; x_wconf 66' lang='grc' dir='ltr'>⁶²’πεπλημ-</span> 
     </span>
    </p>
   </div>
   <div class='ocr_carea' id='block_1_107' title="bbox 301 5592 3572 5672">
    <p class='ocr_par' dir='ltr' id='par_1_107' title="bbox 301 5592 3572 5672">
     <span class='ocr_line' id='line_1_108' title="bbox 301 5592 3572 5672; baseline -0.001 -18"><span class='ocrx_word' id='word_1_805' title='bbox 301 5601 609 5672; x_wconf 68' lang='grc' dir='ltr'>μελημενα</span> <span class='ocrx_word' id='word_1_806' title='bbox 637 5630 705 5639; x_wconf 93' lang='grc'><strong><em>-</em></strong></span> <span class='ocrx_word' id='word_1_807' title='bbox 740 5592 1112 5672; x_wconf 70' lang='grc' dir='ltr'>περιμένουσᾲ</span> <span class='ocrx_word' id='word_1_808' title='bbox 1155 5598 1374 5672; x_wconf 70' lang='grc' dir='ltr'>κόλασιν</span> <span class='ocrx_word' id='word_1_809' title='bbox 1406 5592 1496 5651; x_wconf 68' lang='grc' dir='ltr'>[μ’</span> <span class='ocrx_word' id='word_1_810' title='bbox 1545 5592 1968 5672; x_wconf 40' lang='grc' dir='ltr'>’ἤδειίιινύουν-Ιι⁸</span> <span class='ocrx_word' id='word_1_811' title='bbox 2019 5593 2093 5672; x_wconf 73' lang='lat'>__“</span> <span class='ocrx_word' id='word_1_812' title='bbox 2124 5592 2285 5663; x_wconf 66' lang='grc' dir='ltr'>δήλου</span> <span class='ocrx_word' id='word_1_813' title='bbox 2316 5595 2439 5672; x_wconf 74' lang='lat' dir='ltr'><strong>cod.</strong></span> <span class='ocrx_word' id='word_1_814' title='bbox 2508 5592 2564 5627; x_wconf 43' lang='grc'>⁷⁸⁸</span> <span class='ocrx_word' id='word_1_815' title='bbox 2590 5594 2662 5672; x_wconf 58' lang='grc' dir='ltr'>ἐκ</span> <span class='ocrx_word' id='word_1_816' title='bbox 2682 5592 3222 5672; x_wconf 43' lang='grc' dir='ltr'>τῶν-ὲκέῖχαλεςιῶν</span> <span class='ocrx_word' id='word_1_817' title='bbox 3256 5598 3317 5654; x_wconf 86' lang='lat' dir='ltr'>L.</span> <span class='ocrx_word' id='word_1_818' title='bbox 3354 5592 3572 5672; x_wconf 57' lang='grc' dir='ltr'>(χαλέπ,</span> 
     </span>
    </p>
   </div>
   <div class='ocr_carea' id='block_1_108' title="bbox 296 5663 1891 5739">
    <p class='ocr_par' dir='ltr' id='par_1_108' title="bbox 296 5663 1891 5739">
     <span class='ocr_line' id='line_1_109' title="bbox 296 5663 1891 5739; baseline -0.003 -19"><span class='ocrx_word' id='word_1_819' title='bbox 296 5663 486 5738; x_wconf 64' lang='grc' dir='ltr'>ἓ-‹ηί.)’</span> <span class='ocrx_word' id='word_1_820' title='bbox 505 5669 627 5737; x_wconf 78' lang='grc' dir='ltr'>ἔσχε</span> <span class='ocrx_word' id='word_1_821' title='bbox 669 5670 788 5724; x_wconf 87' lang='lat' dir='ltr'><strong>cod.</strong></span> <span class='ocrx_word' id='word_1_822' title='bbox 809 5663 1182 5739; x_wconf 58' lang='grc' dir='ltr'>Ᾰ-Ῑχαλεπῶνῖ)</span> <span class='ocrx_word' id='word_1_823' title='bbox 1255 5669 1299 5700; x_wconf 76' lang='grc'>⁸⁸</span> <span class='ocrx_word' id='word_1_824' title='bbox 1320 5668 1492 5739; x_wconf 72' lang='grc' dir='ltr'>ὅψεως</span> <span class='ocrx_word' id='word_1_825' title='bbox 1526 5668 1618 5739; x_wconf 71' lang='grc' dir='ltr'>καὶ</span> <span class='ocrx_word' id='word_1_826' title='bbox 1644 5665 1735 5739; x_wconf 61' lang='grc' dir='ltr'>τῷΔ</span> <span class='ocrx_word' id='word_1_827' title='bbox 1756 5681 1839 5739; x_wconf 56' lang='lat' dir='ltr'><strong>ex.</strong></span> 
     </span>
    </p>
   </div>
   <div class='ocr_carea' id='block_1_109' title="bbox 1998 5663 3575 5739">
    <p class='ocr_par' dir='ltr' id='par_1_109' title="bbox 2012 5663 3575 5739">
     <span class='ocr_line' id='line_1_110' title="bbox 2012 5663 3575 5739; baseline -0.003 -14"><span class='ocrx_word' id='word_1_828' title='bbox 2012 5666 2059 5739; x_wconf 52' lang='lat' dir='ltr'>f7</span> <span class='ocrx_word' id='word_1_829' title='bbox 2093 5664 2483 5739; x_wconf 63' lang='grc' dir='ltr'>φανερωσάσης</span> <span class='ocrx_word' id='word_1_830' title='bbox 2509 5683 2561 5739; x_wconf 76' lang='grc' dir='ltr'>κ.</span> <span class='ocrx_word' id='word_1_831' title='bbox 2583 5665 2769 5721; x_wconf 77' lang='grc' dir='ltr'>ἄνοιαν</span> <span class='ocrx_word' id='word_1_832' title='bbox 2793 5666 2854 5723; x_wconf 89' lang='lat' dir='ltr'>L.</span> <span class='ocrx_word' id='word_1_833' title='bbox 2938 5663 2999 5701; x_wconf 56' lang='grc'>⁸⁸⁷</span> <span class='ocrx_word' id='word_1_834' title='bbox 3018 5669 3059 5721; x_wconf 86' lang='grc' dir='ltr'><strong>Τ</strong></span> <span class='ocrx_word' id='word_1_835' title='bbox 3062 5669 3121 5723; x_wconf 86' lang='grc' dir='ltr'>οῦ</span> <span class='ocrx_word' id='word_1_836' title='bbox 3148 5663 3575 5739; x_wconf 70' lang='grc' dir='ltr'>Χρυσοστόμουτ</span> 
     </span>
    </p>
   </div>
   <div class='ocr_carea' id='block_1_110' title="bbox 295 5734 2574 5811">
    <p class='ocr_par' dir='ltr' id='par_1_110' title="bbox 295 5734 2574 5811">
     <span class='ocr_line' id='line_1_111' title="bbox 295 5734 2574 5811; baseline 0.001 -21"><span class='ocrx_word' id='word_1_837' title='bbox 295 5746 363 5775; x_wconf 61' lang='grc' dir='ltr'>θ’</span> <span class='ocrx_word' id='word_1_838' title='bbox 404 5734 650 5811; x_wconf 56' lang='grc' dir='ltr'>ψυχή’ίι.</span> <span class='ocrx_word' id='word_1_839' title='bbox 732 5740 772 5770; x_wconf 74' lang='lat'>7°</span> <span class='ocrx_word' id='word_1_840' title='bbox 812 5734 1159 5811; x_wconf 61' lang='grc' dir='ltr'>τῆςκαρόἔας</span> <span class='ocrx_word' id='word_1_841' title='bbox 1196 5740 1279 5792; x_wconf 77' lang='grc' dir='ltr'>ἀν.</span> <span class='ocrx_word' id='word_1_842' title='bbox 1311 5739 1357 5790; x_wconf 76' lang='grc' dir='ltr'>ὁ.</span> <span class='ocrx_word' id='word_1_843' title='bbox 1401 5738 1489 5789; x_wconf 62' lang='grc' dir='ltr'>καὶ</span> <span class='ocrx_word' id='word_1_844' title='bbox 1522 5738 1568 5790; x_wconf 89' lang='grc' dir='ltr'>δ.</span> <span class='ocrx_word' id='word_1_845' title='bbox 1621 5734 1828 5791; x_wconf 77' lang='grc' dir='ltr'>πολλῶν</span> <span class='ocrx_word' id='word_1_846' title='bbox 1869 5734 1926 5788; x_wconf 84' lang='lat' dir='ltr'><strong>L.</strong></span> <span class='ocrx_word' id='word_1_847' title='bbox 2012 5736 2049 5767; x_wconf 87' lang='grc'>⁷¹</span> <span class='ocrx_word' id='word_1_848' title='bbox 2097 5734 2465 5805; x_wconf 76' lang='grc' dir='ltr'>διηγουμένων</span> <span class='ocrx_word' id='word_1_849' title='bbox 2518 5736 2574 5792; x_wconf 84' lang='lat' dir='ltr'><strong>L.</strong></span> 
     </span>
    </p>
   </div>
   <div class='ocr_carea' id='block_1_111' title="bbox 2428 5386 2601 5455">
    <p class='ocr_par' dir='ltr' id='par_1_111' title="bbox 2428 5386 2601 5455">
     <span class='ocr_line' id='line_1_112' title="bbox 2428 5386 2601 5455; baseline 0.006 -36"><span class='ocrx_word' id='word_1_850' title='bbox 2428 5386 2475 5420; x_wconf 70' lang='lat' dir='ltr'>at</span> <span class='ocrx_word' id='word_1_851' title='bbox 2504 5387 2601 5455; x_wconf 66' lang='grc' dir='ltr'>τῆς</span> 
     </span>
    </p>
   </div>
  </div>
