4032 6226
359 310 463 375 sna

1528 306 1995 370 CHRONICON.
2034 331 2103 343 -
2144 307 2292 367 LIB.
2338 308 2433 368 [ν.

3504 307 3611 369 sm

360 427 507 485 ὅπως
544 419 610 474 ἂν
642 417 715 488 μὴ
739 415 1051 479 ἐποζέσειεν
1084 418 1111 469 ό
1140 418 1494 488 παράδεισος,
1522 418 1753 472 ἕκαστον
1781 417 1838 470 δέ
1893 417 1969 480 ὡς
2007 415 2074 469 ἂν
2096 416 2333 470 ἐνταῦθα
2364 414 2617 485 βιώσειεν
2648 418 2716 479 ⁸⁸,
2783 418 2892 471 εἴτε
2923 418 2981 470 ἐν
3012 415 3247 488 πλούτῳ,
3287 419 3394 472 εἴτε
3421 420 3478 472 ἐν
3515 439 3610 474 πε-

362 519 451 590 νίᾳ
481 514 573 568 καὶ
596 508 803 578 ἀδοξίᾳ,
839 509 931 562 τὸν
968 509 1133 563 αὐτὸν
1157 513 1359 579 τρόπον
1398 513 1581 565 ἐκεῖσε
1614 512 1658 543 ⁵⁸
1699 512 1933 578 διάγειν.

434 610 479 642 ὀ
510 611 587 682 (8)
620 609 788 673 Οὗτος
822 604 919 662 οὖν
949 611 977 661 ὁ
1000 607 1302 677 θεοστυγὴς
1339 605 1434 657 καὶ
1477 602 1855 672 ἐμϐρόντητος
1889 602 1932 633 ¹¹

2112 598 2211 655 llic
2235 597 2399 668 igitur
2425 598 2620 667 impius
2643 608 2698 654 et
2732 599 3021 664 fanaticus,
3052 611 3243 669 praeter
3266 603 3370 660 ista
3401 621 3609 671 omnia.

361 704 522 774 (πρὸς
548 703 760 765 τούτοις
788 701 978 770 πᾶσιν)
1008 701 1051 729 τ’
1094 698 1295 761 παντὸς
1326 694 1535 763 ἀγαθοῦ
1558 695 1654 746 καὶ
1690 692 1934 762 πονηροῦ

361 795 456 847 τὸν
515 792 651 846 Θεὸν
712 794 893 866 (Ιὸὅδ)
942 791 1116 845 αἴτιον
1187 789 1451 860 ὑπάρχειν
1507 785 1935 856 ἐτερατολόγησε

363 884 615 944 καὶτοὺς
652 885 862 956 λῃστὰς
908 885 1005 937 καὶ
1052 882 1383 953 φαρμακοὺς
1436 879 1533 932 καὶ
1591 878 1751 940 ὅσους
1781 878 1828 908 ⁷³
1868 877 1936 930 ἂν

361 976 847 1047 ἀπηγορευμέναις
900 974 947 1007 ⁷⁸
1010 973 1241 1037 ἁλόντας
1298 971 1564 1041 πράξεσιν
1603 968 1937 1040 ἀναιρουμέ-

363 1086 489 1132 νους
523 1067 707 1132 ἴδοιεν,
743 1088 762 1120 ι
785 1067 964 1134 Οὕτω,
996 1068 1182 1137 φησὶν,
1204 1064 1441 1137 ἔγραψεν
1460 1065 1489 1116 ό
1516 1063 1648 1125 Θεὸς
1671 1062 1768 1116 καί⁹
1792 1078 1929 1130 προ-

362 1163 533 1235 ώρισε
555 1161 841 1231 γενέσθαι,
880 1161 975 1214 καὶ
1014 1160 1189 1224 οὕτως
1211 1158 1506 1213 ἀποθανεῖν
1534 1156 1736 1219 αὐτοὺς
1771 1154 1935 1223 ήϐου-

362 1254 520 1325 λήθη.
556 1270 575 1305 ι

436 1344 513 1416 (9)
548 1344 845 1413 Ἀγάσαιτο
882 1346 928 1377 ⁷⁸
962 1342 1007 1396 δ’
1039 1343 1104 1397 ἀν
1129 1359 1214 1406 τις
1246 1342 1390 1412 μάλα
1417 1341 1505 1414 (δὴ
1547 1335 1642 1395 οὖν
1683 1336 1936 1408 είκότως)

360 1436 460 1508 τὴν
488 1436 764 1509 τοσαύτην
789 1437 886 1491 καὶ
918 1432 1261 1508 τηλικαύτην
1286 1434 1471 1506 (ίσχύν
1491 1449 1551 1487 τε
1587 1432 1706 1502 καὶ)
1731 1431 1934 1501 διαρκῆ

362 1527 465 1597 τῆς
513 1527 733 1598 ἀπάτης
788 1528 833 1559 ⁷⁸
888 1527 983 1580 τοῦ
1039 1525 1309 1595 θεομάχου
1358 1523 1452 1577 καὶ
1512 1523 1937 1595 ματαιόφρονος,

368 1618 605 1687 μάλιστα
646 1619 692 1652 ⁷⁷
726 1619 785 1672 δὲ
817 1619 1057 1688 ἐσχάτην
1095 1617 1401 1686 παράνοιαν
1437 1614 1540 1687 (τε)
1581 1616 1674 1667 καὶ
1728 1630 1940 1684 κτηνωο

363 1707 484 1761 δίαν
509 1708 620 1760 τῶν
651 1706 816 1777 μέχρι
840 1706 938 1761 νῦν
965 1709 1030 1777 τῇ
1065 1709 1261 1759 τούτου
1296 1706 1479 1778 πλάνῃ
1510 1704 1936 1774 δεδουλωμένων

366 1801 459 1851 καὶ
489 1799 566 1862 ὡς
616 1799 848 1869 ίσχυράν
900 1799 1241 1870 (θρησκείαν)
1293 1798 1389 1852 καλ⁸
1444 1798 1597 1852 θείαν
1659 1796 1865 1867 ταύτην
1893 1796 1938 1828 ⁷⁸

342 1890 615 1962 Δἀφρόνως
664 1891 1008 1962 ἡγουμένων.
1072 1891 1217 1961 Πρὸς
1275 1892 1386 1961 γὰρ
1440 1891 1539 1961 τὴν
1579 1890 1752 1953 ὅντως
1778 1905 1934 1958 τρια-

2040 687 2331 755 cuiuslibet
2356 689 2486 743 boni
2518 699 2573 744 et
2624 691 2748 743 mali
2789 692 2953 745 Deum
3002 707 3124 747 esse
3158 704 3432 752 auctorem
3458 697 3616 754 fabu-

2043 780 2187 834 latus
2232 790 2314 833 est
2361 790 2416 837 et
2461 782 2506 835 si
2552 797 2691 851 quos
2724 783 2962 839 latrones
2993 793 3047 837 et
3084 787 3351 842 veneﬁcos
3395 800 3449 845 et
3478 791 3614 849 alios

2038 869 2387 923 infandorum
2406 880 2624 926 actuum
2648 889 2768 929 reos
2786 874 2994 928 videret
3019 877 3194 944 capite
3240 880 3422 946 plecti,
3447 900 3467 933 ι
3495 881 3614 948 Sic,

2038 960 2238 1023 aiebat,
2274 960 2497 1030 scripsit
2529 962 2673 1019 Deus
2718 972 2774 1018 et
2798 966 3046 1034 praevidit
3090 968 3229 1035 fieri,
3271 978 3327 1026 et
3357 960 3431 1027 ita
3476 974 3611 1028 mori

2037 1064 2132 1106 eos
2171 1052 2361 1107 voluit.
2404 1072 2420 1104 ι

2111 1331 2401 1389 Miraretur
2430 1336 2555 1403 quis
2594 1335 2945 1393 meritissimo
2977 1338 3139 1394 talem
3180 1354 3244 1397 ac
3273 1350 3476 1398 tantam
3511 1346 3615 1400 du-

2038 1426 2374 1496 rabilemque
2401 1429 2692 1496 potentiam
2725 1433 2930 1486 erroris
2960 1433 3166 1489 inimici
3197 1435 3287 1490 Dei
3324 1447 3377 1493 et
3405 1441 3615 1496 vanilo-

2039 1516 2158 1585 qui,
2182 1520 2417 1571 maxime
2456 1535 2584 1575 vero
2615 1537 2928 1590 supremam
2972 1523 3302 1583 dementiam
3334 1545 3397 1584 ac
3443 1533 3617 1602 stupi-

2038 1608 2261 1662 ditatem
2294 1624 2485 1664 eorum
2516 1614 2609 1677 qui
2645 1629 2815 1683 usque
2864 1632 3011 1670 nunc
3040 1617 3188 1673 illius
3224 1620 3397 1675 errori
3427 1623 3616 1678 deser-

2040 1698 2221 1766 aiunt,
2245 1717 2481 1771 eumque
2514 1713 2773 1775 tanquam
2798 1707 3031 1763 validam
3058 1724 3121 1764 ac
3134 1710 3373 1766 divinam
3397 1714 3607 1784 religio-

2042 1804 2163 1844 nem
2194 1793 2356 1847 stulte
2385 1795 2720 1851 cxistimant.
2752 1797 2961 1853 Etenim
2986 1800 3050 1854 ad
3081 1802 3240 1857 tidem
3271 1803 3611 1860 verissimam

2039 1888 2093 1933 et
2127 1896 2341 1936 sacram
2400 1883 2771 1954 divinitnsque
2823 1889 3079 1943 traditam
3131 1890 3417 1947 manifeste
3458 1894 3615 1949 clau-

364 1982 504 2052 ληθῆ
528 1983 572 2014 ⁷⁸
601 2000 659 2035 τε
689 1984 783 2036 καὶ
820 1984 972 2054 ἱερὰν
1006 1984 1103 2038 καὶ
1134 1984 1531 2055 θεοϐράϐευτον
1565 1984 1751 2037 πίστιν
1775 1984 1936 2052 ἐναρ-

2041 1968 2181 2024 dunt
2242 1971 2431 2026 oculos
2481 1976 2729 2030 homines
2784 1981 3037 2033 excaecati
3073 1990 3126 2035 et
3175 1981 3518 2050 insipientes.
3548 1987 3615 2038 ad

364 2072 474 2139 γῶς
503 2072 1026 2141 ἀποτυφλῶττουσιν
1066 2076 1116 2128 οἱ
1156 2074 1540 2143 ἐσκοτισμένοι
1593 2072 1694 2126 καὶ
1743 2072 1940 2125 ἀσύνε-

2037 2062 2355 2117 mendacem
2407 2074 2588 2119 autem
2624 2070 2828 2122 cultum
2864 2078 2919 2123 et
2968 2071 3409 2131 adinventionetn
3444 2079 3618 2145 impo-

360 2182 467 2229 τοι,
501 2165 640 2234 πρὸς
670 2166 726 2219 δέ
756 2164 856 2237 τὴν
883 2166 1243 2236 ψευδώνυμον
1278 2166 1536 2237 λατρείαν
1567 2165 1662 2219 καὶ
1704 2164 1936 2217 πλαστο-

2040 2155 2199 2209 storis
2242 2153 2524 2209 adbmreut
2552 2157 2799 2212 homines
2825 2159 2956 2223 viles
2987 2168 3043 2213 et
3070 2163 3353 2228 excordes,
3386 2164 3452 2217 ad
3510 2180 3618 2218 nu-

362 2257 549 2325 λογίαν
573 2257 667 2312 τοῦ
714 2261 954 2328 φένακος
999 2260 1362 2331 προσέχουσιν
1388 2261 1438 2312 οῖ
1464 2259 1691 2311 δείλαιοι
1716 2258 1811 2310 καὶ⁵
1844 2257 1935 2326 βα·
2028 2258 2128 2314 8³³
2157 2253 2210 2300 εί
2263 2246 2495 2316 ίθθριίθδ
2542 2250 2908 2320 υνοίδυδείίυθ
2948 2251 3159 2307 num“
3211 2254 3405 2309 misere
3451 2258 3618 2323 βίω·

364 2350 666 2418 ρυκάρδιοι,
715 2341 883 2420 (πρὸς
936 2350 1037 2419 μὲν
1077 2351 1207 2413 τοὺς
1258 2348 1453 2412 ὐθλους
1484 2349 1533 2380 ⁸ο
1583 2349 1681 2401 καὶ
1724 2349 1933 2417 λήρους

2040 2339 2243 2404 dentes,
2280 2338 2349 2393 ad
2380 2354 2668 2395 sermones
2703 2343 2968 2398 divinitus
3011 2344 3307 2414 inspiratos
3339 2358 3393 2400 et
3422 2348 3618 2401 saluti-

364 2440 458 2492 καὶ
491 2439 756 2510 βεϐήλους
787 2441 1126 2509 κενοφωνίας
1157 2442 1206 2493 οἱ
1234 2442 1627 2511 χαιρεπίκακοι
1658 2437 1926 2491 καταθέλ-

363 2546 573 2598 γοντες,
607 2532 745 2600 πρὸς
773 2532 899 2596 τοὺς
935 2532 1372 2603 θεοπαραδόχους
1422 2531 1517 2584 καὶ
1562 2528 1931 2602 σωτηριώδεις

362 2622 555 2691 λόγους
581 2623 702 2676 οὐδὲ
730 2624 829 2693 τήν
846 2623 1015 2695 ἀκοὴν
1040 2625 1325 2677 ὑποθεῖναι
1353 2622 1684 2694 τοπαράπαν
1709 2621 1933 2693 ἀνέχον-

2039 2426 2183 2483 feros
2217 2443 2315 2483 nec
2342 2444 2531 2485 aurem
2565 2432 2790 2485 omnino
2824 2433 3143 2490 submittere
3173 2433 3426 2491 ferentes.
3472 2436 3613 2491 Eum

2039 2521 2184 2573 enim
2210 2520 2305 2590 qui
2334 2537 2458 2577 vere
2491 2525 2631 2577 Deus
2658 2534 2763 2589 est,
2788 2525 2882 2594 qui
2914 2540 3010 2594 per
3039 2526 3211 2594 legem
3237 2537 3291 2581 et
3322 2528 3614 2596 prophetas

2040 2612 2330 2668 manifeste
2401 2614 2724 2684 prmdicatur
2786 2625 2841 2670 et
2898 2617 3175 2684 creditur,
3259 2618 3512 2687 rejiciunt
3562 2630 3618 2674 et

360 2710 472 2783 τες)
496 2730 509 2743 ·
542 2713 633 2765 τὸν
662 2712 770 2781 γὰρ
803 2713 975 2778 ὅντως
1017 2713 1150 2767 ὄντα
1191 2714 1347 2778 Θεὸν,
1387 2713 1479 2767 τὸν
1507 2713 1597 2766 διὰ
1637 2713 1803 2782 νόμου
1844 2713 1936 2766 καὶ

2040 2716 2445 2775 aspernantur;
2477 2722 2602 2763 eum
2637 2724 2766 2765 vero
2799 2710 2891 2781 qui
2928 2722 3118 2766 contra
3168 2711 3339 2768 Deum
3369 2722 3473 2779 est,
3523 2714 3617 2782 qui

363 2802 524 2873 595
579 2803 879 2875 προφητῶν
932 2804 1176 2873 ἐκδήλως
1238 2803 1648 2874 κηρυττόμενόν
1712 2819 1773 2855 τε
1845 2804 1936 2857 καὶ

2040 2799 2167 2854 furit
2214 2812 2267 2856 et
2312 2805 2594 2861 evidenter
2661 2822 2692 2859 a
2742 2804 2901 2860 furiis
2953 2806 3191 2876 agitatur
3237 2816 3293 2861 et
3352 2808 3614 2875 laquitur.

364 2896 775 2965 πιστευόμενον,
844 2895 1228 2965 ἀπωθούμενοι
1260 2895 1354 2947 καὶ
1409 2894 1937 2964 καταψηφιζόμενοι,

362 2986 452 3039 τὸν
485 2986 731 3040 ἀντίθεον
774 2984 870 3039 καὶ
916 2986 1201 3055 μεμηνότα
1236 2982 1381 3058 [καὶ]
1414 2986 1664 3056 φανερῶς
1688 2984 1791 3037 ὑπὸ
1829 2984 1940 3037 τῶν

2038 2893 2411 2960 imprudentes
2452 2910 2519 2950 ac
2566 2896 2758 2953 furiosi
2801 2913 2926 2953 cum
2973 2898 3174 2970 gaudio
3205 2908 3259 2952 et
3297 2898 3478 2954 studio
3515 2901 3617 2955 ad-

2041 2986 2286 3040 mittunt.

361 3075 623 3151 Ἐρινύων
656 3077 697 3109 ⁸³
731 3078 1130 3150 ἐνεργούμενον
1162 3080 1257 3134 καὶ
1290 3078 1664 3151 φθεγγόμενον
1730 3079 1778 3133 σί
1830 3078 2171 3153 κακόφρονες
2218 3080 2310 3136 καὶ
2346 3079 2641 3149 λυσσὼδεις
2690 3082 2971 3154 ἐρασμίως
3038 3084 3340 3156 γεγηθότες
3365 3084 3412 3116 ⁸³
3443 3098 3617 3156 προσ·

365 3169 559 3224 ίενται.

431 3261 477 3293 ⁸³
510 3262 621 3335 (10)
674 3264 810 3317 Ποία
842 3264 951 3334 γὰρ
1001 3264 1361 3326 θεόπνευστος
1412 3264 1607 3336 Γραφὴ
1665 3266 1799 3335 περὶ
1841 3261 1935 3317 τοῦ

2112 3262 2371 3329 Quaenam
2417 3264 2561 3320 enim
2612 3265 2877 3335 inspirata
2925 3265 3207 3337 Scriptura
3251 3269 3319 3324 de
3366 3270 3534 3340 impio
3562 3273 3618 3327 ei

363 3353 660 3416 δυσσεϐοῦς
706 3356 804 3406 καὶ
860 3357 1273 3424 παραπαίοντος
1312 3356 1641 3426 ἣίουχούμετ
1682 3355 1937 3426 προδιεσ·

364 3445 608 3513 τείλατο;
659 3446 692 3517 ἦ
746 3448 896 3510 ποῖος
951 3446 1241 3511 θεσπέσιος
1296 3447 1462 3501 αὐτὸν
1516 3449 1807 3519 προφήτης
1862 3448 1939 3510 ὼς

368 3535 683 3591 διδάσκαλον
709 3538 997 3603 εὐσεϐείας
1023 3540 1461 3611 προανήγγειλεν
1488 3558 1503 3608 ;
1537 3538 1751 3595 Οὐκοῦν
1774 3542 1936 3594 είπά-

371 3642 552 3680 τωσαν
605 3628 653 3679 οί
716 3628 979 3700 ἀμέτοχοι
1040 3631 1222 3698 πάσης
1284 3630 1437 3701 ἱερᾶς
1489 3629 1784 3693 ἐπιπνοίας
1842 3630 1939 3682 καὶ

372 3717 624 3789 μυήσεως
642 3719 758 3784 πῶς
781 3720 909 3784 τοὺς
929 3720 1038 3774 ἀπὸ
1065 3720 1239 3792 ’Λδάμ
1258 3721 1355 3775 καὶ
1386 3720 1550 3792 μέχρι
1577 3721 1673 3791 τῆς
1694 3720 1936 3790 Χριστοῦ

368 3810 670 3881 παρουσίας
703 3815 991 3882 προφήτας
1023 3812 1276 3883 ἀσμένως
1305 3811 1468 3883 δῆθεν
1522 3811 1937 3882 ἀποδεχόμενοι,

363 3901 455 3954 τὸν
486 3901 587 3972 μὲν
639 3902 734 3955 ὐπ’
779 3904 959 3955 αὐτῶν
1022 3903 1326 3975 διαρρήδην
1369 3903 1940 3975 προαναφωνούμενον

363 3993 599 4063 Χριστὸν
645 3993 741 4047 καὶ
771 3992 821 4025 ’⁸
849 3994 984 4048 Θεὸν
1035 3994 1417 4066 ἐξαρνοῦνται,
1446 3995 1539 4050 τὸν
1584 3996 1642 4049 δὲ
1674 3996 1939 4050 κάκιστον

366 4083 458 4135 καὶ
484 4083 762 4154 μοχθηρὸν
803 4084 894 4137 καὶ
941 4083 1076 4154 μηδὲ
1137 4086 1197 4137 τὸ
1238 4082 1460 4139 σύνολον
1503 4084 1641 4157 πρὸς
1681 4086 1726 4118 ⁸⁵
1754 4086 1937 4139 αὐτῶν

364 4176 772 4247 ὀνομαζόμενον
800 4164 892 4229 καὶ
921 4194 1100 4247 προση
1110 4179 1439 4249 μαινόμενον
1464 4176 1541 4240 ῶς
1565 4178 1873 4249 θεομύστην
1892 4179 1937 4209 ⁸⁸

348 4262 707 4335 ἐξοχώτατον
746 4269 843 4321 καὶ
906 4268 1279 4337 ἀληθέστατον
1342 4267 1581 4331 πίστεως
1618 4266 1940 4322 διδάσκαλον

367 4359 728 4429 ἀποδέχονται
755 4362 850 4413 καὶ
887 4359 961 4423 ὡς
986 4359 1286 4431 εὐεργέτην
1330 4359 1708 4423 ἐκθείαζουσιν
1738 4360 1788 4412 oi
1818 4361 1943 4414 ἀνό-

370 4465 476 4503 σιοι
511 4452 605 4503 καὶ
633 4448 943 4521 δυσώνυμοι
968 4450 1025 4522 (ἢ
1073 4452 1274 4521 μᾶλλον
1331 4450 1578 4521 εἴπωμεν
1612 4449 1940 4521 ἀνώνυμοι).

442 4540 487 4571 u
518 4540 633 4611 (η)
683 4541 1161 4611 Ἀνακρινέτωσαν
1196 4540 1255 4594 δὲ
1288 4541 1337 4593 οἱ
1365 4540 1673 4612 ἀδιάκριτοι
1704 4540 1801 4594 καὶ
1835 4558 1936 4609 μα·

2042 3355 2310 3410 delirante
2359 3355 2672 3413 Nabometo
2725 3361 3009 3427 prolocuta
3032 3360 3157 3414 est?
3211 3360 3348 3426 Quis
3398 3364 3618 3420 divinus

2041 3444 2307 3512 propheta
2340 3458 2466 3498 eum
2500 3453 2557 3498 ut
2591 3446 2807 3514 pietatis
2840 3447 3158 3515 magistrum
3196 3449 3622 3517 pranuntiavitr

2042 3533 2236 3589 Dicant
2279 3534 2443 3605 igitur
2477 3534 2553 3591 illi
2591 3551 2762 3591 sacrae
2790 3538 2976 3593 omnis
3011 3539 3386 3609 inspirationis
3411 3551 3466 3597 et
3501 3557 3619 3614 my-

2042 3625 2194 3680 sterii
2228 3637 2480 3694 expertes
2514 3628 2788 3697 quomodo
2816 3631 3107 3699 prophetas
3141 3631 3212 3686 ab
3242 3632 3414 3687 Adam
3446 3650 3620 3703 usque

2038 3712 2111 3779 ad
2143 3713 2345 3769 Christi
2376 3717 2668 3770 adventum
2705 3718 2935 3773 libenter
2962 3718 3313 3787 accipientes,
3346 3720 3499 3775 illum
3549 3722 3622 3776 ab

2044 3807 2176 3877 ipsis
2194 3818 2378 3878 aperte
2402 3810 2718 3879 praedictum
2737 3810 3018 3866 Christum
3052 3826 3117 3866 ac
3136 3810 3305 3865 Deum
3337 3824 3617 3883 renegent,

2041 3908 2096 3956 et
2114 3901 2417 3972 pessimum
2449 3916 2514 3956 ac
2544 3917 2884 3973 perversum,
2917 3902 2986 3956 ab
3017 3902 3129 3956 illis
3151 3916 3253 3957 nec
3275 3903 3618 3969 nominatum

2041 4008 2144 4048 nec
2169 3994 2561 4065 signiﬁcatum,
2595 3996 2739 4052 sicut
2774 3995 3100 4066 inspiratum
3143 4004 3199 4049 et
3220 3996 3617 4064 praecellentem

2040 4084 2164 4139 ﬁdei
2218 4085 2539 4157 magistrum
2587 4087 2879 4155 accipiunt,
2918 4097 2972 4141 et
3003 4087 3152 4140 velut
3186 4086 3618 4153 benetactorem,

2041 4178 2323 4233 celebrant
2355 4178 2411 4232 hi
2462 4178 2616 4247 impii
2664 4193 2899 4251 quorum
2950 4193 3150 4234 nomen
3206 4179 3492 4236 sinistrum
3533 4181 3619 4236 vel

2042 4267 2227 4337 potius
2256 4268 2466 4323 nullum
2498 4279 2599 4325 est.

2118 4541 2373 4598 Judicent
2425 4551 2609 4598 autem
2656 4542 2910 4602 homines
2967 4544 3046 4602 illi
3099 4545 3281 4604 stolidi
3341 4548 3619 4607 furentes-

369 4628 584 4694 νιὼδεις
613 4631 707 4684 καὶ
738 4633 807 4683 τὰ
836 4630 930 4684 ὐπ’
962 4630 1132 4685 αὐτοῦ
1176 4629 1467 4703 μανιωδῶς
1517 4632 1613 4684 καὶ
1662 4629 1936 4694 δυσσεϐῶς

2047 4650 2154 4707 que
2197 4651 2259 4688 ea
2298 4648 2419 4703 quae
2448 4635 2655 4692 furiose
2702 4644 2757 4691 et
2779 4637 2964 4709 ;impie
3005 4639 3074 4693 ab
3117 4640 3236 4709 ipso
3283 4652 3413 4697 sunt
3450 4643 3618 4707 dicta,

369 4722 609 4796 ρηθέντα
628 4724 767 4795 ληρὴ
777 4742 923 4794 ματα
953 4724 1050 4777 καὶ
1078 4722 1389 4792 λεγέτωσαν
1414 4722 1574 4776 ποίαν
1616 4715 1942 4793 συμφωνίαν

366 4816 557 4885 ἔχουσι
598 4816 786 4886 (πρὸς)
836 4817 907 4869 τὰ
951 4816 1328 4887 θεοπαράδοτα
1365 4815 1545 4884 λόγια.
1588 4814 1651 4868 '0
1699 4814 1800 4884 μὲν
1832 4812 1939 4889 γὰρ

364 4904 513 4968 θεῖος
543 4905 701 4974 λόγος
730 4905 1039 4975 ἀναφανδὸν
1057 4909 1165 4979 (ἐκ)
1186 4907 1428 4959 διδάσκει
1461 4905 1578 4977 (καὶ
1601 4904 1941 4975 διαπρυσίως

367 4998 739 5069 χρησμοδοτεῖ
762 5000 1101 5069 σαφέστατα)
1132 5002 1223 5053 τὸν
1253 4999 1387 5053 Θεὸν
1411 5002 1679 5071 ὑπάρχειν
1697 4999 1938 5054 ἀναίτιον

368 5093 576 5155 παντὸς
607 5091 780 5147 κακοῦ
808 5094 903 5148 καὶ
938 5092 1030 5147 τὸν
1060 5093 1347 5163 ἄνθρωπον
1389 5092 1742 5159 αὐτεξούσιον
1795 5087 1937 5144 εἶναι

2042 4728 2508 4798 pronuntientque
2536 4731 2751 4800 qualem
2790 4734 3205 4789 consonantiam
3238 4737 3352 4791 haec
3386 4736 3621 4793 habeant

2044 4836 2167 4876 cum
2201 4821 2432 4891 eloquiis
2465 4838 2495 4876 a
2542 4822 2651 4878 Deo
2701 4823 2930 4879 tuaditis.
2968 4825 3196 4884 Divinos
3238 4829 3383 4884 enim
3435 4845 3623 4886 sermo

2043 4912 2331 4967 manifeste
2366 4912 2524 4968 docet
2576 4923 2632 4969 et
2663 4915 2967 4971 clarissime
3001 4919 3260 4986 praedicat
3298 4918 3464 4974 Deum
3496 4934 3620 4975 esse

2042 5002 2250 5059 nullius
2298 5004 2425 5057 mali
2480 5019 2728 5068 causam,
2765 5015 2819 5059 et
2871 5007 3146 5060 hominem
3190 5008 3469 5077 propriam
3506 5024 3624 5064 suae

2046 5097 2238 5152 salutis
2278 5105 2372 5152 aut
2403 5098 2724 5168 perditionis
2758 5098 2958 5153 habere
2997 5096 3329 5154 facultatem.
3368 5099 3462 5157 llle
3491 5116 3625 5157 vero

1564 5234 1763 5296 Variae
1791 5232 2103 5296 lectiones
2145 5239 2203 5295 et
2227 5243 2412 5297 notua.

470 5362 514 5395 “
582 5360 718 5414 ἐϐίω

376 5434 720 5502 παμμίαρος.

759 5359 920 5429 [Ced.
1026 5362 1073 5393 ⁶⁹
1113 5364 1337 5415 κάκεῖσε
1413 5361 1462 5414 δ.
1517 5377 1604 5429 τρ.
1678 5360 1809 5415 Ced.

1026 5362 1073 5393 ⁶⁹
1113 5364 1337 5415 κάκεῖσε
1413 5361 1462 5414 δ.
1517 5377 1604 5429 τρ.

391 5570 854 5652 ξῖιξί,19-742,6.
931 5571 982 5603 ⁷⁸
1012 5588 1065 5652 τ.
1099 5569 1400 5652 δζάπάσην
1432 5569 1693 5652 caused.

373 5640 655 5696 Scholion.
730 5643 775 5674 "
806 5644 1149 5710 μαινομένων
1184 5637 1464 5696 Scholion.
1541 5639 1586 5669 ⁸²
1619 5637 1876 5709 γεγηθότ.
1914 5656 1936 5710 c

2073 5640 2168 5710 καὶ
2201 5654 2302 5710 γει

374 5710 502 5764 στὸν
537 5711 671 5764 Θεόν
699 5710 829 5766 Ced.

796 5359 920 5414 Ced.
1026 5362 1073 5393 ⁶⁹
1113 5364 1337 5415 κάκεῖσε
1413 5361 1462 5414 δ.
1517 5377 1604 5429 τρ.
1678 5360 1809 5415 Ced.

796 5432 844 5462 ⁷²
864 5431 958 5485 καὶ
981 5432 1085 5483 ὲ.κῖ
1111 5432 1233 5485 cod.
1309 5432 1352 5463 "
1382 5431 1478 5483 καὶ
1509 5431 1635 5493 τοὺς
1662 5429 1860 5492 ἀλλους
1891 5431 1936 5483 ἀ⁴

2040 5361 2160 5416 Ced.
2234 5359 2432 5423 7H,”
2471 5362 2651 5414 -18,
2778 5363 2821 5393 “
2876 5360 3265 5430 ἱμϐρόντιστος
3344 5367 3467 5422 cod,
3524 5371 3618 5421 καὶ

2040 5448 2116 5498 τρ.
2147 5433 2201 5485 ἀ.
2244 5428 2390 5481 οὕτω
2449 5430 2739 5499 φλυαρεῖό
2775 5428 2935 5492 ἄθεος
2976 5434 3062 5497 ἐγ.
3093 5433 3273 5499 ,αὐτὸς
3297 5436 3329 5487 ό
3355 5437 3486 5498 Θεὸς
3524 5442 3624 5492 καὶ

369 5498 471 5567 πρ.
506 5498 620 5555 ’ἀπὶ
666 5502 720 5571 ἁ.
759 5499 890 5555 Ced.
966 5500 1011 5532 "
1058 5499 1788 5571 dnqyopmpévaidiubyta;
1833 5501 1931 5571 cod

2040 5502 2069 5554 9
2103 5501 2233 5571 eeo.
2288 5498 2749 5571 uiuo—742,6.

1856 5569 2062 5637 μᾶλλον
2086 5570 2219 5623 Ced.
2300 5569 2461 5640 "scr
2495 5571 2716 5640 tceo.
2760 5568 3193 5640 j’dl‘qUﬁCetl.
3270 5574 3315 5605 η

2876 5360 2903 5410 ἒ
2910 5360 2983 5427 μϐ
2991 5361 3265 5430 ρόντιστος
3344 5367 3467 5422 cod.
3524 5371 3618 5421 καὶ

2846 5499 2891 5531 τ’
2941 5500 3244 5569 θαυμάσειε
3290 5504 3334 5556 δ’
3369 5508 3435 5559 ἄν
3484 5505 3617 5563 Ced.

3270 5576 3315 5645 ³9
3350 5576 3617 5645 φλυαρίας

2309 5638 2535 5719 ηθιέῖωε
2552 5636 2683 5719 δραι
2838 5636 2976 5719 (λεεαξ
2994 5636 3327 5719 Ρζιενὲι-Ᾱε
3361 5636 3445 5719 f“
3483 5636 3619 5719 Χρὲ

908 5706 1045 5767 ινα,
1082 5713 1175 5764 ὑπ’
1204 5713 1259 5765 ἀ,
1294 5706 1772 5782 μνημονευόμενον
1806 5710 1881 5774 ὡς
1916 5708 1936 5763 (

2040 5749 2047 5764 ,
2127 5709 2172 5740 ⁸⁸
2199 5709 2291 5762 καί
2336 5708 2463 5762 add.
2496 5706 2630 5763 Ced.
2708 5709 2753 5740 ⁸⁷
2785 5710 2913 5765 Ced.
2948 5711 3406 5782 742,16-743,‘J.
