4046 6210
291 233 413 295 ’929

1505 236 1980 296 'CHRONHION.
2018 266 2085 273 -—
2122 238 2264 298 LIB.
2318 239 2411 300 IV.

3472 245 3576 306 930

300 358 465 413 μενος
506 341 706 395 αὐτίκα
735 343 824 395 τὸν
866 342 1218 415 πατριάρχην
1246 344 1551 413 διηγήσατο
1583 345 1721 415 μετὰ
1753 346 1870 397 πολ-

1986 364 2107 400 cnm
2140 349 2329 401 nmltis
2361 348 2613 417 lacrymis
2646 350 2761 403 "tunc
2798 358 2980 403 narrat
3011 367 3020 401 :
3064 369 3080 401 ι
3121 349 3249 405 Mihi
3288 351 3387 405 hac
3416 363 3575 407 nocte

295 433 406 487 λῶν
429 433 682 503 δακρύων
709 431 942 487 ἐνώπιον
972 434 1175 499 παντὸς
1203 437 1294 487 τοῦ
1314 434 1444 487 λαοῦ
1478 434 1655 502 λέγων
1673 434 1845 497 οὕτως
1865 451 1877 465 ·

298 546 323 578 c
361 525 653 595 Θεωρῆσαί
706 542 798 595 μοι
842 526 886 557 ³¹
915 530 982 598 τῇ
1028 529 1181 580 νυκτὶ
1225 526 1401 599 ταύτῃ
1452 529 1879 599 προσευχομένη)

292 618 437 670 κατὰ
488 616 637 671 θείαν
687 617 952 672 ἔκστασιν
1004 620 1170 673 τόπον
1219 621 1364 685 τινὰ,
1416 623 1479 673 ἐκ
1531 620 1725 683 δεξιῶν
1780 622 1880 688 μὲν

290 708 489 777 ἔχοντα
528 709 859 779 παράδεισον
883 711 1220 781 ἀνεξήγητον
1245 712 1439 773 κάλλος
1462 712 1876 781 περικείμενον,

290 798 350 862 ἐξ
388 797 689 867 εὐωνύμων
733 799 894 871 641
945 801 1001 853 δὲ
1055 803 1310 871 κάμινον,
1362 798 1430 872 ἧς
1466 804 1498 870 ἡ
1547 798 1679 869 φλὸξ
1711 801 1877 871 μέχρι

289 889 400 940 τῶν
436 890 675 957 νεφελῶν
704 892 998 961 ἀνήρχετο,
1034 896 1126 945 καὶ
1157 894 1248 945 τὸν
1278 894 1686 963 τελευτήσαντα
1710 894 1876 945 πλού-

293 998 408 1032 σιον
434 982 625 1033 τοῦτον
656 982 822 1051 μέσον
872 983 967 1035 τοῦ
1003 984 1337 1055 παραδείσου
1372 985 1468 1036 καὶ
1498 986 1599 1054 τῆς
1636 983 1874 1053 φοϐερᾶς

293 1075 586 1140 ἱστάμενον
613 1075 870 1143 καμίνου,
898 1078 993 1128 καὶ
1015 1076 1187 1129 πολλὰ
1212 1077 1539 1138 στενάξοντα
1565 1077 1660 1129 καὶ
1694 1078 1875 1129 πυκνᾶ

296 1166 431 1235 πρὸς
466 1165 557 1217 τὸν
585 1167 919 1236 παράδεισον
967 1169 1356 1222 ἀποϐλέποντα
1377 1186 1391 1198 ·
1430 1170 1486 1220 ἐν
1528 1169 1605 1238 τῷ
1632 1167 1723 1221 οὖν
1755 1186 1875 1221 στει-

299 1255 475 1319 νάζειν
505 1255 671 1308 αὐτὸν
704 1258 799 1308 καὶ
841 1256 1154 1327 ὀδύρεσθαι,
1190 1258 1302 1328 ὁρῶ
1329 1274 1452 1309 τινα
1482 1256 1874 1325 λαμπροφόρον

293 1348 593 1401 ἐπιστάντα
617 1347 714 1399 καὶ
738 1348 969 1415 λέγοντα
995 1350 1132 1417 πρὸς
1166 1350 1364 1401 αὐτόν·
1400 1366 1417 1399 ι
1449 1349 1512 1400 Τί
1544 1347 1723 1418 μάτην
1756 1363 1875 1398 στε-

289 1438 495 1501 νάζεις,
521 1439 807 1509 άνθρωπες
838 1438 947 1491 ἰδοὺ
980 1439 1089 1510 γὰρ
1123 1440 1213 1493 διὰ
1236 1440 1334 1510 τὴν
1367 1439 1742 1510 ἐλεημοσύνην
1778 1455 1871 1490 σου

282 1532 606 1603 ἐλυτρώθης
630 1535 727 1603 τῆς
759 1535 1013 1603 γεέννης,
1051 1534 1138 1586 διὰ
1169 1533 1225 1586 δὲ
1262 1533 1324 1586 τὸ
1361 1534 1436 1604 μὴ
1474 1533 1782 1602 ἀποστῆναί
1814 1549 1870 1584 σε

276 1625 388 1692 τῆς
435 1625 752 1695 ἀκαθάρτου
790 1627 884 1679 καὶ
931 1626 1194 1695 βδελυρᾶς
1244 1627 1528 1694 πορνείας,
1564 1625 1871 1695 ὲστερήθης

1989 441 2230 507 precanti
2306 455 2400 508 per
2462 439 2703 492 divinam
2771 444 3035 495 exstasim
3096 442 3283 497 videre
3354 441 3579 512 contigit

1988 532 2167 586 locum
2223 531 2514 601 quemdam
2573 531 2731 599 cujus
2783 532 2849 586 ad
2899 544 3105 600 partem
3161 535 3405 589 dextram
3460 544 3578 587 erat

1987 625 2273 692 paradisus
2337 624 2689 678 inenarrabili
2738 634 2969 679 ornatus
3010 626 3461 694 pulchritudine;
3510 627 3576 679 ad

1986 716 2270 770 sinistram
2302 715 2643 769 verofornax
2679 715 2839 784 cujus
2864 716 3083 769 ﬂamma
3114 718 3369 786 usquead
3401 719 3575 770 nubes

1983 804 2332 858 ascendebat.
2374 804 2676 859 Defunctus
2707 804 2881 870 dives,
2917 806 3129 859 medius
3153 816 3304 861 stans
3352 807 3568 876 paradi-

1984 912 2106 950 snm
2144 897 2285 949 inter
2317 912 2381 949 ac
2418 896 2757 951 tremendam
2788 897 3091 963 fornacem,
3124 900 3355 952 multum
3390 915 3573 967 geme-

1988 988 2153 1042 batet
2178 989 2372 1042 crebro
2419 988 2737 1057 paradisum
2789 988 3134 1058 respiciebat.
3193 988 3327 1042 Dum
3370 990 3451 1043 sic
3495 990 3575 1043 Ia-

1982 1091 2261 1135 mentatur
2336 1090 2391 1135 et
2454 1081 2645 1150 ejulat,
2711 1080 2867 1135 video
2943 1081 3235 1150 quemdam
3295 1083 3576 1149 splendide

1988 1174 2245 1228 Vestitum
2304 1174 2352 1227 ei
2413 1184 2682 1227 astantem
2745 1188 2810 1227 ac
2881 1173 3150 1227 dicentem
3200 1190 3269 1226 ιι
3308 1172 3445 1238 Quid
3491 1173 3575 1225 in-

1978 1280 2195 1318 cassum
2245 1264 2447 1333 ploras,
2497 1264 2703 1318 homo?
2747 1264 2884 1318 Ecce
2939 1266 3085 1318 enim
3144 1272 3365 1333 propter
3424 1264 3571 1317 elec-

1984 1372 2267 1426 tnosynam
2301 1367 2452 1410 tuam
2476 1359 2788 1425 redemptus
2814 1372 2872 1412 es
2905 1373 2933 1409 a
2965 1357 3209 1426 gehenna
3237 1373 3253 1421 ;
3288 1358 3414 1425 quia
3442 1371 3572 1410 vero

1978 1462 2085 1501 non
2130 1449 2387 1502 destitisti
2433 1450 2499 1502 ab
2548 1449 2763 1517 impura
2814 1458 2868 1501 et
2914 1450 3134 1501 sordida
3178 1447 3571 1510 fornicatione.

1988 1540 2247 1609 paradiso
2282 1541 2529 1608 privatus
2572 1555 2653 1595 es.
2696 1559 2714 1591 ι
2751 1538 2849 1593 llis
2894 1539 3115 1602 auditis,
3167 1541 3471 1608 patriarcha
3519 1551 3572 1595 et

1976 1632 2070 1701 qui
2106 1646 2231 1686 eum
2269 1648 2334 1687 eo
2364 1635 2613 1695 aderant,
2648 1648 2849 1703 magno
2875 1642 3083 1687 terrore
3118 1633 3377 1701 perculsi,
3412 1633 3479 1686 ad
3511 1648 3570 1687 se

281 1719 379 1773 τοῦ
421 1721 777 1792 παραδείσου.
818 1740 834 1771 ι
882 1751 951 1762 --
985 1720 1098 1774 Καὶ
1128 1720 1307 1773 ταῦτα
1349 1721 1377 1772 ὃ
1428 1737 1487 1772 τε
1527 1720 1870 1788 πατριάρχης

1985 1721 2218 1776 invicem
2248 1723 2507 1776 dicebant
2543 1742 2555 1776 :
2595 1742 2612 1773 ι
2647 1722 2839 1777 Justus
2870 1739 2953 1787 es,
2994 1722 3243 1785 Domine,
3273 1731 3325 1775 et
3360 1734 3566 1777 rectum

281 1812 383 1863 καὶ
414 1814 462 1864 οἱ
498 1812 596 1864 σὺν
639 1811 793 1882 αύτῷ
826 1810 1186 1873 ἀκούσαντες,
1219 1810 1374 1880 φόϐῳ
1413 1809 1639 1881 μεγάλῳ
1675 1826 1873 1877 συσχε-

270 1903 495 1967 θέντες,
532 1904 670 1975 πρὸς
708 1903 978 1973 ἀλλήλους
1012 1902 1200 1971 ἔλεγον
1224 1918 1237 1933 ·
1282 1922 1300 1954 ι
1340 1904 1560 1967 Δίκαιος
1586 1903 1631 1932 ³¹
1657 1896 1727 1966 εἷ,
1758 1901 1875 1955 ’Κύ-

276 2012 397 2065 ριε,
428 1996 524 2048 καὶ
558 1995 735 2059 εύθείς
771 1998 827 2050 al.
866 1996 1082 2066 κρίσεις
1126 2012 1245 2050 σου.
1286 2016 1303 2048 ι
1337 1997 1574 2060 Δικαίως
1599 1993 1694 2050 οὖν
1718 1996 1814 2048 καὶ
1843 1998 1871 2048 ὁ

286 2090 627 2150 Ἀποστολος
661 2089 814 2157 ἔλεγε
851 2089 897 2119 ³³
919 2104 935 2120 ·
971 2107 989 2139 ‹
1020 2089 1257 2155 Φεύγετε
1287 2088 1388 2160 τὴν
1435 2090 1728 2158 πορνείανο
1762 2089 1872 2141 πᾶν

279 2179 602 2248 ἁμάρτημα
637 2178 664 2231 ὃ
694 2180 791 2231 ἐὰν
839 2180 1046 2249 ποιήσῃ
1079 2178 1390 2251 ἄνθρωπος,
1420 2178 1579 2241 ἐκτὸς
1624 2176 1719 2230 τοῦ
1759 2179 1870 2231 σώ-

284 2269 460 2337 ματος
516 2271 693 2319 ἐστιν’
746 2270 774 2320 ὁ
834 2268 892 2320 δὲ
944 2267 1227 2339 πορνεύων
1280 2270 1359 2331 είς
1416 2269 1478 2321 τὸ
1521 2268 1649 2321 ίδ.ον
1709 2267 1871 2337 σῶμα

281 2361 614 2429 ἁμαρτάνει.
646 2379 663 2411 ι
702 2362 809 2412 Καὶ
848 2361 960 2431 γὰρ
986 2362 1015 2412 ὁ
1045 2360 1179 2423 Θεὸς
1212 2362 1270 2413 ὲν
1295 2361 1375 2431 τῷ
1399 2362 1550 2432 νόμῳ
1578 2361 1873 2431 παρεγγυᾷ

283 2453 594 2521 φάσκων·³ι
613 2454 866 2507 «Γίνεσθε
890 2454 1063 2521 ἅγιοι,
1086 2455 1167 2507 ὅτι
1188 2455 1299 2523 ἐγὼ
1320 2455 1659 2526 ἆγιόςείμιοι
1683 2454 1797 2507 καί·
1822 2452 1869 2484 ³⁸

288 2548 397 2601 1οὑ
417 2546 806 2620 πορνεύσῃς,ού
836 2548 1293 2620 μοιχεύσῃςοικαί
1311 2549 1379 2579 ’³⁸
1398 2567 1420 2599 ι
1433 2548 1547 2601 Οὐκ
1569 2550 1719 2601 ἔσται
1742 2565 1872 2618 πορ-

282 2658 343 2693 νε
357 2639 410 2692 ία
434 2640 540 2693 ἀπὸ
562 2640 882 2710 θυγατέρων
917 2641 1159 2711 Ἰσραὴλ,
1180 2642 1273 2695 καὶ
1292 2641 1390 2693 ούκ
1407 2641 1562 2694 ἔσται
1584 2640 1868 2712 πορνεία³’

281 2731 398 2785 ἀπὸ
437 2732 569 2784 υἱῶν
616 2732 860 2803 Ἰσραήλ.
902 2750 920 2783 ι
957 2761 1027 2772 -
1055 2732 1167 2785 Ποῦ
1210 2731 1306 2785 νῦν
1342 2734 1479 2785 εἰσιν
1507 2733 1560 2785 οἱ
1590 2733 1867 2800 λέγοντες,

281 2826 370 2878 ὅτι
396 2824 520 2876 Κᾶν
548 2826 855 2894 πορνεύσω,
873 2824 1015 2877 ποιῶ
1049 2823 1445 2896 ἐλεημοσύνην,
1474 2827 1568 2876 καὶ
1596 2823 1867 2893 σώζομαις

299 2918 364 2971 Ὀ
421 2924 530 2990 γάρ
581 2920 752 2984 ὅντως
810 2921 1064 2991 ἐλεήμων
1138 2920 1333 2972 ἑαυτὸν
1389 2919 1595 2989 ὀφείλει
1650 2918 1869 2990 πρῶτον

283 3011 508 3077 ἐλεῆσαι
534 3028 547 3041 ·
600 3016 919 3083 γέγραπται
957 3012 1002 3057 ³⁸
1037 3012 1147 3083 γάρ
1168 3029 1181 3042 ·
1233 3033 1249 3063 ι
1283 3010 1527 3064 Διῶκετε
1579 3011 1679 3083 τὴν
1712 3010 1870 3080 ἐλεη-

1980 1814 2252 1882 judicium
2281 1824 2455 1868 tuum.
2494 1833 2513 1864 ›
2554 1814 2746 1868 Merito
2781 1816 2948 1883 igitur
2981 1815 3200 1867 dicebat
3224 1814 3520 1882 Apostolus
3555 1830 3569 1865 :

1991 1922 2009 1956 ι
2043 1905 2243 1975 Fugite
2302 1906 2727 1959 fornicationem
2766 1926 2779 1962 :
2817 1920 2980 1959 omne
3033 1917 3338 1974 peccatum,
3393 1905 3572 1973 quod-

1983 2012 2201 2067 cunque
2236 1999 2425 2051 fecerit
2473 1998 2660 2062 bomo,
2692 2009 2845 2052 extra
2876 2014 3078 2067 corpus
3113 2007 3233 2057 est;
3266 1996 3359 2067 qui
3387 2006 3570 2050 autem

1984 2088 2307 2153 fornicatur,
2342 2090 2396 2143 in
2422 2104 2621 2158 corpus
2648 2105 2808 2143 suum
2855 2100 3070 2158 peccat.
3108 2108 3125 2139 ι
3174 2090 3383 2143 Etenim
3433 2088 3573 2142 Deus

1981 2178 2035 2233 in
2076 2180 2193 2248 lege
2225 2180 2469 2249 praecipit
2506 2179 2689 2234 dicens
2719 2196 2732 2232 :
2771 2198 2789 2230 ‹
2822 2178 3007 2232 Sancti
3044 2188 3243 2245 estote,
3288 2182 3418 2247 quia
3467 2192 3568 2247 ego

1979 2281 2208 2326 sanctus
2252 2287 2411 2336 sum;
2449 2291 2466 2322 ι
2501 2281 2592 2327 et:
2634 2290 2651 2323 ‹
2681 2271 2799 2325 Non
2847 2271 3246 2336 fornicaberis;
3282 2285 3389 2324 non
3430 2286 3569 2324 mm~

1979 2366 2267 2431 chaberis;
2314 2383 2333 2416 ι
2382 2375 2435 2419 ει
2480 2382 2544 2419 ς(
2576 2364 2692 2420 Νοιι
2738 2366 2912 2420 aberit
2974 2365 3264 2419 foruicatio
3294 2379 3324 2417 a
3357 2364 3571 2418 filiabus

1982 2456 2182 2521 Israel,
2244 2472 2345 2512 nec
2396 2457 2686 2512 fornicatio
2749 2473 2777 2510 a
2822 2458 2947 2510 filiis
2995 2457 3181 2510 Israel.
3218 2475 3236 2505 ι
3281 2453 3381 2508 Ubi
3423 2472 3571 2509 nunc

1979 2549 2221 2604 dicentes
2253 2564 2265 2600 :
2296 2549 2562 2615 Quamvis
2599 2548 2901 2602 fornicatur
2935 2548 3061 2612 sim,
3092 2546 3233 2601 facio
3267 2548 3570 2616 eleemusy-

1982 2659 2132 2707 nam,
2172 2642 2401 2712 proinde
2432 2642 2615 2695 salvus
2640 2642 2777 2694 ero?
2804 2642 2907 2709 Qui
2942 2641 3087 2695 enim
3110 2655 3235 2693 vere
3256 2642 3570 2695 misericors

1980 2745 2081 2798 est,
2117 2735 2202 2788 sui
2228 2734 2402 2802 ipsius
2433 2735 2670 2803 primum
2696 2734 2857 2788 debet
2883 2736 3167 2799 misereri;
3199 2736 3461 2803 scriptum
3486 2744 3569 2790 est

1979 2827 2122 2879 enim
2157 2841 2172 2878 :
2213 2843 2233 2876 ‹
2266 2825 2569 2895 Sequimini
2600 2827 3002 2898 eleemosynam
3028 2837 3081 2882 et
3112 2828 3566 2891 sanctimoniam,

1979 2919 2097 2972 sine
2127 2917 2326 2988 quibus
2355 2934 2518 2974 nemo
2548 2920 2753 2974 videbit
2778 2919 2972 2974 Deum.
3013 2939 3033 2971 ι
3072 2919 3217 2973 Nihil
3250 2920 3412 2988 igitur
3438 2934 3565 2988 pro-

1979 3008 2117 3063 derit
2148 3010 2378 3079 pecunia
2406 3010 2531 3064 data
2568 3010 2635 3063 ab
2688 3010 2988 3064 immundis
3020 3009 3275 3064 manibus
3300 3017 3353 3063 et
3385 3009 3566 3061 anima

287 3103 535 3175 μοσύνην
565 3107 662 3159 καὶ
692 3082 785 3159 τὸν
826 3082 1126 3175 ἀγιασμδν,
1170 3098 1245 3158 ὧν
1279 3104 1450 3174 χωρὶς
1474 3082 1650 3167 οὐδεὶς
1676 3104 1867 3174 ὄψεται

1979 3116 2086 3155 non
2136 3104 2439 3171 poenitente
2484 3102 2823 3172 itnpurisque
2883 3104 3144 3172 operibus
3196 3104 3475 3171 inquinata
3510 3110 3564 3152 et

280 3198 381 3250 τὸν
416 3198 642 3268 Κύριον.
686 3220 704 3253 ι
753 3198 968 3255 Οὐκοῦν
1000 3199 1155 3251 οὐδὲν
1188 3198 1464 3269 ὠφελήσει
1503 3196 1566 3251 τὸ
1603 3196 1867 3268 ἀργύριον

1976 3209 2253 3269 corrupta.

280 3295 565 3365 διδόμενον
602 3298 666 3350 ἐκ
714 3296 918 3369 χειρῶν
979 3294 1243 3367 ῥυπαρῶν
1289 3296 1385 3349 καὶ
1448 3293 1629 3367 ψυχῆς
1698 3295 2076 3367 ἀμετανοήτου
2125 3296 2305 3367 (164⁸)
2376 3296 2470 3349 καὶ
2522 3296 2947 3367 μεμολυσμένης
3015 3295 3111 3347 καὶ
3152 3293 3562 3364 διεφθαρμένης

280 3390 394 3445 ὑπὸ
421 3390 529 3443 τῶν
554 3392 886 3462 ἀκαθάρτων
920 3392 1120 3462 ἔργων.

712 3509 878 3565 SNB’.
908 3510 1047 3579 Περὶ
1098 3511 1326 3580 δεσμοῦ
1371 3512 1437 3566 ³⁹.

385 3629 406 3660 °
457 3626 708 3696 Ἐγένετο
764 3627 820 3679 δὲ
874 3627 968 3680 καὶ
1017 3628 1077 3679 ὲν
1120 3628 1187 3697 τῇ
1245 3626 1462 3698 μεγάλῃ
1506 3625 1691 3698 Ῥώμῃ
1727 3644 1868 3681 κατα

281 3721 494 3787 ταύτας
527 3720 624 3783 τάς
657 3718 871 3790 ἡμέρας
901 3735 956 3770 τι
997 3717 1244 3773 τοιοῦτον
1265 3735 1279 3749 ⁸
1309 3720 1561 3790 Μοναχός
1589 3738 1675 3785 τις
1712 3722 1866 3791 ἀφω-

280 3815 551 3889 ρισμένος
575 3813 616 3845 δι
642 3813 749 3865 ὑπὸ
779 3812 1087 3885 Γρηγορίυυ
1116 3812 1212 3865 τοῦ
1235 3814 1398 3869 πάπα
1422 3813 1586 3886 642
1613 3814 1690 3879 ὡς
1714 3813 1865 3886 παρὰ

278 3906 513 3977 γνώμην
547 3905 639 3957 τοῦ
680 3905 993 3975 ἡγουμένου
1035 3904 1203 3959 αὑτοῦ
1237 3905 1335 3958 καὶ
1368 3908 1524 3977 παρὰ
1545 3905 1637 3959 τὸν
1662 3904 1868 3976 θεσμὸν

278 3998 379 4051 τοῦ
427 3998 801 4068 μοναστηρίου
849 3994 946 4049 τοῦ
991 3994 1158 4048 αὑτοῦ
1190 3995 1498 4067 Γρηγορίου
1528 3998 1763 4066 ποιήσας
1797 3998 1864 4050 ".

280 4090 424 4144 Μετ’
456 4089 645 4156 ὀλίγας
695 4086 787 4143 οὖν
835 4087 1055 4158 ἡμέρας
1088 4085 1443 4157 ἐτελεύτησεν
1477 4088 1506 4138 ὁ
1544 4086 1862 4157 ἁφορισθεὶς

280 4184 524 4254 μοναχός
545 4198 558 4212 ·
592 4184 728 4252 ὅπερ
764 4180 1006 4243 ἀκούσας
1040 4184 1068 4232 ὁ
1098 4179 1287 4241 πάπας
1316 4178 1571 4249 μεγάλως
1594 4177 1862 4247 ἐλυπήθη,

276 4281 367 4331 ὅτι
404 4276 615 4347 ἀπῆλθε
652 4276 975 4346 δεδεμένος*
1012 4275 1106 4329 καὶ
1146 4272 1364 4344 γράψας
1405 4273 1463 4323 ἐν
1490 4271 1668 4343 χάρτῃ
1700 4270 1867 4341 εὐχὴν

278 4373 523 4423 λύουσαν
565 4369 727 4422 αὑτὸν
761 4367 856 4420 τοῦ
888 4366 1115 4437 δεσμοῦ,
1141 4365 1312 4418 ἔδωκέ
1336 4380 1443 4417 τινι
1466 4363 1576 4416 τῶν
1604 4364 1867 4416 διακόνων

2491 3511 2689 3567 CCLII.
2724 3512 2800 3565 De
2822 3512 3045 3564 vinculo.

2078 3645 2110 3683 n
2140 3629 2331 3683 utebus
2367 3627 2474 3683 illis
2507 3627 2561 3681 in
2592 3641 2784 3695 magna
2830 3626 3003 3678 Roma
3042 3625 3143 3679 hoc
3193 3625 3393 3680 evenit.
3432 3624 3561 3680 Erat

1975 3722 2199 3793 quidam
2242 3719 2546 3774 monachus
2576 3734 2606 3773 a
2637 3716 2904 3789 Gregorio
2942 3731 3077 3785 papa
3113 3717 3560 3771 excommunica~

1974 3824 2082 3883 tus,
2133 3815 2263 3886 quia
2321 3813 2610 3883 begumeni
2655 3811 2830 3882 jussis
2872 3819 2928 3865 et
2979 3808 3180 3878 regulae
3243 3808 3560 3863 monasterii

1965 3909 2214 3978 ejusdem
2246 3905 2495 3977 Gregorii
2524 3919 2632 3959 non
2665 3904 3155 3971 obtemperaverat.
3196 3898 3325 3953 Post
3356 3914 3561 3966 paucos

1969 4002 2085 4056 dies
2109 3999 2246 4055 obiit
2269 3996 2778 4054 excommunicatus
2800 3996 3102 4048 monachus
3125 4006 3139 4057 ;
3163 3990 3308 4061 quod
3332 3991 3561 4045 audiens

1971 4106 2110 4161 papa
2151 4090 2387 4159 graviter
2440 4088 2615 4143 doluit
2671 4084 2815 4156 quod
2871 4084 3094 4137 abiisset
3144 4082 3357 4136 vinctus
3389 4098 3405 4135 :
3438 4081 3560 4137 ideo

1971 4181 2221 4234 scribens
2265 4183 2511 4234 chartam
2545 4178 2695 4229 illum
2729 4191 2757 4228 a
2794 4174 3015 4227 vinculo
3060 4173 3385 4235 solventem.
3435 4188 3556 4228 eam

1973 4269 2121 4324 dedit
2167 4269 2385 4323 cuidam
2429 4269 2663 4321 diacono
2694 4265 2880 4320 dicens
2910 4281 2924 4318 :
2965 4282 2983 4316 ι
3016 4265 3056 4329 I,
3088 4274 3141 4319 et
3194 4265 3309 4335 lege
3344 4279 3465 4320 eam
3503 4265 3556 4318 in

1977 4360 2228 4430 sepulcro
2273 4358 2519 4414 defuncti
2565 4356 2770 4412 fratris.
2813 4376 2831 4408 ι
2866 4355 2988 4422 Quo
3020 4354 3184 4423 facto,
3218 4356 3557 4427 begumeuus

281 4463 496 4517 εἰπών·
532 4481 549 4514 ι
582 4461 846 4528 ’Δπελθε,
896 4460 994 4513 καὶ
1055 4457 1330 4527 ἀνάγνωθι
1386 4456 1559 4525 αὐτὴν
1612 4456 1657 4488 ⁸³
1684 4456 1742 4508 ὲν
1788 4455 1868 4526 τῷ

1979 4454 2119 4506 videt
2150 4451 2205 4505 in
2234 4450 2446 4506 somnis
2499 4448 2748 4513 fratrem,
2783 4449 2943 4518 eique
2987 4448 3121 4503 dicit
3151 4465 3165 4502 :
3207 4466 3224 4500 ι
3253 4447 3430 4503 Maesti
3461 4465 3555 4503 su-

279 4557 450 4625 τάφῳ
474 4555 567 4607 τοῦ
604 4554 900 4616 τεθνεῶτος
931 4550 1186 4621 ἀδελφοῦ.
1226 4569 1244 4602 ι
1277 4549 1388 4602 Καὶ
1413 4547 1609 4601 τούτου
1640 4547 1868 4617 γενομέ-

280 4666 380 4702 νου
418 4648 614 4717 θεωρεῖ
643 4649 671 4699 ὁ
702 4644 1007 4715 ἡγούμενος
1047 4641 1167 4696 κατ’
1188 4640 1322 4712 ὄναρ
1355 4639 1447 4692 τὸν
1480 4638 1739 4708 ἀδελφὸν,
1773 4637 1870 4691 καὶ

279 4741 439 4809 λέγει
468 4738 621 4811 αύτῴ
659 4754 672 4767 ·
708 4757 726 4790 ι
751 4736 944 4806 Λύπην
984 4734 1181 4805 ἔχομεν
1217 4734 1345 4804 περὶ
1378 4730 1494 4795 σοῦ,
1534 4731 1752 4800 ἁδελφὲ,
1786 4731 1869 4783 ὅτι

279 4834 576 4902 δεδεμένος
618 4829 979 4899 ὲτελεύτησας
1004 4843 1016 4857 ·
1055 4827 1178 4879 εἰπὲ
1227 4825 1320 4879 οὖν
1354 4826 1490 4897 ἡμῖν
1535 4823 1652 4887 πῶς
1685 4823 1865 4893 ὑπάρ-

282 4941 427 4995 χεις.
472 4944 490 4974 ι
535 4924 594 4975 '0
640 4923 698 4976 δὲ
743 4919 1073 4990 ἀποκριθεὶς
1112 4914 1270 4971 εἶπεν
1296 4932 1309 4945 ·
1348 4936 1365 4967 ι
1406 4918 1638 4981 Ὄντως,
1665 4914 1866 4986 πάτερ,

283 5024 365 5083 εἰς
402 5018 446 5048 ⁸⁵
479 5017 729 5088 φυλακὴν
767 5017 919 5088 ήμην
950 5014 1055 5078 ἕως
1104 5012 1205 5082 τῆς
1240 5004 1397 5081 χθέςο
1428 5013 1671 5081 σήμερον
1697 5010 1754 5062 δὲ
1778 5009 1866 5062 διὰ

1975 4560 2098 4599 mus
2130 4542 2198 4597 de
2228 4551 2300 4607 te,
2331 4542 2522 4609 frater,
2558 4556 2624 4597 eo
2654 4541 2798 4611 quod
2831 4544 3044 4595 vinctus
3070 4540 3308 4606 obieris;
3338 4541 3425 4595 die
3456 4541 3555 4609 igi-

1978 4645 2065 4691 tur
2089 4636 2247 4689 nobis
2270 4640 2544 4703 quomodo
2570 4643 2621 4688 te
2646 4634 2868 4689 habeas.
2904 4652 2923 4686 ›
2964 4632 3055 4687 Ille
3087 4633 3423 4701 respondens
3444 4631 3553 4686 ait:

1979 4746 1998 4781 ι
2044 4727 2199 4794 Vere,
2256 4727 2435 4795 Pater,
2493 4728 2548 4782 in
2600 4742 2820 4783 carcere
2852 4726 2929 4781 fui
2984 4741 3159 4796 usque
3199 4726 3351 4790 beri;
3394 4725 3557 4780 hodie

1976 4838 2104 4877 vero
2127 4836 2154 4874 ο
2187 4820 2407 4876 Christo
2452 4822 2668 4877 solutus
2708 4836 2855 4875 sum.
2888 4839 2906 4873 ι
2948 4821 3003 4875 Id
3034 4821 3372 4890 hegutnenus
3404 4833 3558 4888 papae

1972 4914 2235 4979 narravit,
2266 4915 2607 4983 innotuitque
2646 4913 2926 4977 omnibus,
2978 4927 3085 4981 qua
3120 4911 3251 4965 hora
3285 4911 3555 4965 diaconus

1974 5008 2277 5063 orationem
2303 5007 2506 5076 legerat
2544 5007 2595 5059 in
2634 5005 2865 5069 tumulo,
2896 5012 3027 5058 tunc
3058 4999 3277 5056 vinculo
3312 5000 3551 5055 solutum

1488 5152 1683 5214 Variae
1726 5150 2031 5212 lectiones
2062 5156 2123 5211 et
2168 5157 2356 5212 notas.

359 5310 401 5340 ³¹
425 5308 623 5377 ἔτυχεῖ

280 5380 439 5445 7,26,
482 5372 791 5450 aggestis
823 5376 916 5450 ‘vel
961 5376 1008 5450 ὲΣ
1058 5374 1112 5427 ἁ.
1174 5372 1258 5450 νει
1407 5388 1497 5442 μοι
1554 5372 1605 5450 ἁ;

724 5304 766 5335 ³³
815 5302 1023 5366 δίκαιος
1084 5331 1151 5341 --
1206 5318 1300 5353 σου
1358 5316 1582 5360 cxutn,
1644 5296 1743 5349 157
1804 5310 1915 5347 om.
1971 5294 2118 5349 Slav.

1689 5368 1732 5398 ³⁵
1764 5366 1861 5417 Ex.
1916 5380 2007 5429 xx,
2052 5366 2153 5430 15;
2216 5365 2371 5420 Deut.
2413 5385 2462 5431 ν,
2518 5366 2601 5421 I8.

2224 5297 2267 5326 ³³
2311 5297 2328 5349 I
2375 5296 2501 5350 Cur.
2565 5310 2639 5359 vt,
2695 5296 2781 5349 I8.
2890 5294 2935 5324 ⁸³
2982 5293 3107 5346 Lev.
3173 5306 3245 5352 χι,
3298 5291 3402 5354 M;
3458 5306 3548 5353 ιε,

2681 5366 2725 5396 ³⁸
2756 5366 2908 5419 Deut.
2974 5376 3159 5425 χιι-ιιι,
3211 5361 3270 5414 I7
3338 5364 3548 5429 πόρνην

277 5427 597 5533 ᾗδήὲξίτ
634 5444 918 5519 πορνεύων
1190 5443 1235 5473 η
1268 5427 1432 5513 γέγρξ
1485 5469 1551 5481 ρ-
1580 5437 1855 5506 άγιασμὸν
1889 5427 2001 5533 oni.
2035 5427 2184 5489 διον.
2209 5433 2215 5437 ’
2240 5427 2466 5505 εἰρήνην
2506 5437 2560 5533 δἶ
2591 5438 2730 5506 μετὰ
2771 5436 2992 5533 πάντων
3034 5432 3132 5533 καὶ
3156 5432 3354 5533 τὸν-ἀ.
3398 5427 3547 5533 όῦ-Χο

281 5527 430 5601 ΙΙεΙ).⁷
462 5561 555 5607 vn,
594 5544 679 5597 II.
755 5543 800 5572 ³⁹
838 5557 897 5594 π.
930 5542 1025 5592 τοῦ
1052 5527 1397 5607 -άφορισμοῦ
1443 5535 1537 5607 τού
1590 5535 1748 5607 πάπα

2014 5547 2167 5607 πτῄτ..
2214 5532 2449 5607 μοναχοῦ
2482 5531 2572 5607 τού
2620 5530 3013 5607 ἀφορισθέντος
3041 5528 3181 5607 ..ὑπο
3244 5527 3549 5607 Γρηγορίου

1188 5612 1231 5639 δθ
1271 5610 1421 5678 Glyc.

280 5620 447 5670 πάπα
498 5615 721 5683 Ῥώμης
776 5612 897 5665 Par.
958 5612 1111 5683 Ποῦ.

274 5690 477 5745 αὐτὸν.
510 5681 861 5754 τὺνχάρτην,
906 5682 998 5737 scd
1035 5686 1103 5735 cl.
1141 5689 1153 5731 l
1223 5681 1302 5733 l2.

1498 5606 1697 5666 525,19
1735 5602 1952 5663 Siin‘.

1382 5677 1555 5739 “3w;
1616 5680 1711 5745 τήν
1769 5676 1889 5729 rod.

2060 5600 2098 5630 “
2134 5598 2242 5671 ﬁv?
2348 5598 2390 5633 δ’
2445 5598 2767 5672 ποιήσαντος
2812 5600 2934 5654 cod.
3040 5600 3083 5630 ⁵³
3112 5601 3229 5651 αὐτ.
3264 5601 3387 5654 cod.
3444 5598 3544 5653 scl.
