4032 6226
344 357 453 418 949
1541 366 1796 429 CHRON
1809 366 1936 428 [C01

1989 413 1998 430 .
2039 391 2110 404 ·-
2147 371 2292 430 LIB.
2338 372 2436 434 Ν.
3471 377 3581 440 950

345 464 614 520 Θεοτόκον
643 465 864 537 Μαρίαν
895 465 1322 538 ἐπικαλουμένου
1355 469 1448 523 καὶ
1496 474 1632 526 πᾶσι
1666 491 1912 544 παρακε-

2016 487 2221 546 mante,
2258 489 2330 534 et
2357 489 2619 546 astantes,
2655 485 2797 553 quod
2837 494 3085 556 oporteat
3115 503 3234 543 eam
3267 488 3484 559 proprie
3525 499 3583 548 nt

343 557 642 629 λευομένου
674 558 768 610 καὶ
805 555 1226 625 ὼγματίζοντος
1259 562 1332 624 ὡς
1365 562 1470 635 χρὴ
1509 565 1774 632 τιμᾶσθαι
1820 567 1914 619 καὶ

2017 569 2298 640 Deiparam
2353 581 2638 644 etsemper
2667 573 2940 645 Virginem
2983 580 3270 646 honorare,
3323 559 3573 638 mone-nte

344 648 773 717 προσκυνεῖσθαι
796 648 871 712 ὡς
895 650 1098 721 κυρίως
1114 652 1374 708 Θεοτόκον
1393 656 1488 724 τὴν
1507 654 1913 726 Ἀειπαρθένον,

1731 658 1913 725 ιθένον,
2019 664 2250 734 turpiter
2274 675 2329 720 et
2352 680 2493 735 :egre
2519 666 2773 722 miseram
2803 667 3038 722 animum
3073 671 3323 726 reddidit.

341 739 540 802 δεινῶς
566 739 662 792 καὶ
685 740 939 810 χαλεπῶς
968 742 1066 813 τὴν
1093 743 1283 797 ἀθλίαν
1332 746 1499 800 αὑτοῦ
1526 748 1707 819 ψυχὴν
1743 750 1916 820 ἀπέρ-

345 834 496 902 emt.

414 921 530 994 (49)
566 923 703 994 Περὶ⁸
736 917 798 978 οὗ
837 925 932 978 καὶ
967 927 996 979 ὁ
1047 927 1188 990 θεῖος
1221 928 1534 999 Νικηφόρος
1569 933 1915 1004 πατριάρχης

2089 943 2165 998 De
2199 938 2308 1012 quo
2332 953 2386 999 et
2407 943 2625 1000 divinus
2648 944 2986 1014 Nicephorus
3013 944 3318 1016 patriarcha
3348 947 3583 1017 Cpnlita-

348 1018 976 1082 κωνσταντινουπόλεως
1005 1021 1184 1074 τοιάδε
1218 1023 1382 1092 φησίν
1408 1025 1482 1093 (a)
1502 1041 1515 1054 °
1553 1043 1571 1076 ι
1617 1026 1834 1097 Ἐπειδὴ
1860 1027 1916 1080 δέ

2016 1049 2122 1089 nus
2145 1037 2215 1089 ita
2240 1034 2512 1104 loquitur:
2547 1054 2566 1087 ι
2597 1035 2862 1102 Quoniam
2887 1052 3014 1092 vero
3031 1037 3099 1091 ab
3120 1037 3354 1093 inimicis
3380 1037 3581 1094 Christi

346 1125 472 1163 τινα
503 1109 653 1178 παρά
699 1111 814 1173 τοῖς
846 1112 1253 1183 Χριστομάχοις
1285 1117 1722 1188 περιθρυλλεῖται
1771 1119 1917 1190 ἅπερ

2017 1125 2276 1180 nonnulla
2311 1125 2589 1195 iactantur
2626 1141 2693 1181 ex
2752 1127 3018 1182 mendacii
3081 1129 3321 1197 parentis
3370 1129 3576 1193 afﬂatu.

347 1201 530 1264 αὐτοῖς
558 1200 588 1253 ό
616 1199 710 1254 τοῦ
748 1200 977 1268 ψεύδους
1022 1204 1202 1274 πατὴρ
1236 1208 1559 1276 ἐμπνεύσειε
1581 1249 1597 1275 ,
1641 1213 1771 1280 φέρε
1823 1215 1918 1266 καὶ

2018 1232 2116 1286 age
2154 1230 2283 1270 vero
2303 1216 2412 1285 jam
2442 1217 2746 1286 cuiusmodi
2769 1217 2879 1272 sint
2903 1233 2966 1273 ea
2995 1218 3423 1276 consideremus.
3449 1219 3582 1276 Nam

349 1291 522 1346 ταῦτα
574 1291 1020 1363 διασκεψώμεθα.
1052 1296 1497 1366 Καταψεύδονται
1531 1304 1639 1374 γὰρ
1684 1304 1774 1358 διά
1821 1306 1917 1375 τὴν

2017 1306 2084 1360 ad
2111 1306 2316 1360 Christi
2346 1306 2561 1361 Domini
2605 1305 2968 1376 Ecclesiarque
3009 1307 3392 1362 contumeliam
3430 1324 3585 1362 men-

348 1387 427 1446 οξς
455 1384 690 1454 Χριστὸν
733 1385 826 1438 καὶ
869 1386 968 1454 τὴν
1010 1387 1336 1458 Ἐκκλησίαν
1371 1392 1535 1446 αὑτοῦ
1586 1395 1742 1466 ὕϐριν
1793 1399 1920 1468 χρό-

2021 1397 2106 1452 tiri
2145 1398 2245 1452 ista
2286 1397 2485 1464 solent,
2517 1399 2788 1453 diuturnae
2819 1398 2940 1454 vitae
2965 1399 3140 1468 spatia
3169 1414 3293 1454 cum
3336 1399 3587 1455 maximis

349 1491 474 1536 νους
510 1475 811 1546 μηκίστους
859 1479 954 1532 καὶ
1000 1483 1461 1552 παρατεταμένην
1495 1484 1638 1557 ζωὴν
1683 1489 1778 1542 καὶ
1804 1490 1918 1560 βίον

2019 1489 2390 1559 voluptatibus
2430 1489 2669 1558 pessimo
2701 1489 2829 1544 huic
2857 1488 3181 1543 Mammonae
3211 1505 3331 1545 esse
3362 1505 3588 1546 conces-

348 1567 558 1636 εὖπαθῆ
613 1568 985 1639 μεμετρῆσθαι
1015 1570 1091 1640 τῷ
1119 1571 1392 1643 Μαμωνᾷ,
1419 1576 1509 1628 καὶ
1545 1577 1844 1648 εὐημερίας
1872 1580 1916 1614 ³⁸

2019 1597 2101 1648 sa,
2126 1581 2485 1652 cnmdemque
2512 1580 2787 1636 felicitatis
2813 1596 3026 1636 summa
3057 1582 3370 1653 contigisse.
3399 1582 3504 1639 Sed
3534 1595 3588 1638 et

348 1661 429 1722 εἰς
456 1658 626 1729 ἀκρον
655 1658 868 1726 ἐλάσαι,
896 1659 1048 1725 νίκας
1079 1679 1138 1716 τε
1162 1664 1304 1718 κατά
1329 1665 1627 1736 ϐαρϐάρων
1649 1669 1800 1741 αὐτῷ
1828 1672 1920 1726 καὶ

2019 1675 2260 1744 insignes
2303 1672 2372 1728 de
2421 1672 2675 1728 Barbaris
2729 1673 3006 1739 victorias,
3063 1685 3117 1730 et
3144 1677 3357 1747 egregia
3420 1677 3585 1732 multa

348 1750 820 1821 ἀνδραγαθήματα
865 1753 942 1816 ὼς
988 1753 1218 1810 πλεῖστα
1276 1759 1695 1830 ὲπιγρβφονται,
1734 1763 1770 1816 ἃ.
1805 1766 1919 1827 τοῖς

2021 1766 2262 1820 facinora
2305 1763 2569 1829 tribuunt,
2607 1781 2726 1834 quae
2779 1779 2848 1820 ne
2886 1765 3072 1820 auditu
3126 1768 3345 1836 quidem
3379 1782 3477 1835 par
3509 1778 3589 1821 εει

351 1819 627 1909 σώφροσιν
652 1819 776 1895 οὐδὲ
820 1845 900 1907 εἰς
947 1845 1213 1914 ἀκρόασιν
1258 1819 1511 1918 ἔρχεσθαι
1561 1819 1790 1908 δίκαιον.
1831 1819 1918 1918 Ὠς

2021 1857 2326 1913 admittere.
2374 1854 2480 1910 Sed
2507 1871 2574 1910 ne
2611 1856 3037 1925 imperitioribus
3067 1856 3400 1926 minimeque
3433 1857 3589 1910 malis

346 1933 393 1986 δ’
424 1933 492 1988 ἂν
533 1933 641 1987 τῶν
689 1934 1075 2008 ἁπλουστέρων
1104 1939 1138 2009 ἢ
1183 1941 1575 2014 ἀμαθεστέρων
1627 1946 1778 2009 τινὰς
1807 1951 1918 2011 τοῖς

2021 1951 2337 2005 hominibus
2353 1964 2415 2003 ea
2443 1949 2720 2003 mendacia
2746 1949 2921 2003 fraudi
2958 1950 3087 2014 sint,
3120 1949 3482 2018 redarguendi
3513 1949 3587 2002 illi

348 2028 413 2080 ix
443 2027 542 2098 τῆς
564 2028 781 2096 ἀπάτης
810 2029 1194 2100 ἀναπλασμοῖς
1225 2033 1324 2104 μὴ.
1349 2035 1659 2105 βλάπτοιεν,
1697 2037 1918 2104 τούτους

2021 2036 2178 2091 nobis
2206 2045 2387 2101 erunt,
2421 2045 2480 2090 ut
2505 2048 2838 2106 quantopere
2869 2053 2927 2092 se
2957 2036 3058 2107 ipsi
3082 2038 3336 2093 inanibus
3366 2039 3448 2093 his
3475 2054 3589 2091 ser-

348 2117 744 2183 ἁπευθύνοντες
776 2119 1008 2176 ἕκαστον
1049 2123 1246 2189 δεινοῖς
1274 2126 1456 2194 λόγοις
1486 2129 1715 2193 ἑαυτοὺς
1748 2147 1917 2199 φενα-

2021 2128 2278 2182 monibus
2311 2126 3011 2195 ludificcnturintelligant.
3039 2125 3201 2197 Igitur
3228 2129 3408 2182 omnia
3446 2129 3587 2183 illius

350 2209 600 2275 κίζοντας
632 2211 1024 2283 ἀποφαίνωμεν
1051 2217 1166 2279 τοῖς
1201 2218 1615 2288 ματαιόφροσιν.
1649 2221 1770 2273 Ὅτι
1818 2220 1918 2290 μὲν

2019 2233 2184 2289 quam
2243 2218 2558 2287 turpissima
2587 2217 2776 2284 fuisse,
2831 2234 3065 2288 cumque
3105 2217 3237 2282 Deo,
3279 2221 3482 2290 angelis
3529 2236 3591 2275 ac

350 2305 458 2373 γὰρ
489 2300 582 2359 οὖν
633 2305 846 2358 ἐκείνου
888 2306 997 2360 πᾶν
1026 2308 1250 2378 αἰσχρὸν
1293 2308 1505 2378 γέγονε,
1541 2310 1828 2380 βδελυκτός
1859 2330 1916 2365 τε

2023 2311 2290 2382 religiosis
2310 2309 2624 2365 hominibus
2643 2309 3033 2365 exsecrabilem
3060 2305 3353 2372 exstitisse.
3389 2325 3591 2380 nequa-

348 2395 469 2466 θεῷ
522 2397 618 2450 καὶ
669 2397 925 2464 ἀγγέλοις
979 2399 1073 2451 καὶ
1123 2399 1433 2470 ἀνθρώποις
1486 2403 1600 2466 τοῖς
1636 2404 1917 2457 εὐσεεέσιν

2019 2419 2184 2475 quam
2209 2414 2289 2458 est
2315 2403 2627 2458 obscurum.
2655 2401 2789 2456 Nam
2811 2419 2934 2457 cum
2955 2402 3100 2456 omni
3123 2419 3180 2458 se
3223 2404 3274 2456 in
3305 2403 3589 2458 libidinum

349 2487 612 2559 ὑπῆρχεν,
634 2488 734 2541 οὐκ
762 2488 1103 2558 ἀσυμφανές.
1132 2491 1239 2542 Καὶ
1262 2492 1370 2562 γὰρ
1395 2493 1475 2556 εἰς
1501 2493 1568 2547 τά
1594 2494 1690 2564 τῆς
1716 2497 1916 2565 σαρκὸς

2020 2511 2216 2566 genere
2254 2496 2542 2558 volutarct,
2591 2495 2767 2564 iisque
2793 2510 2992 2564 corpus
3028 2510 3188 2548 suum
3241 2504 3296 2549 et
3347 2496 3587 2550 animmn

348 2581 497 2650 πάθη
523 2583 986 2654 κατασυρόμενος,
1012 2583 1104 2636 καὶ
1135 2586 1248 2647 τοῖς
1275 2585 1753 2655 ἁπηγορευμένοις
1777 2587 1917 2658 ὄαρ-

2019 2596 2410 2658 conspurcaret
2460 2602 2582 2655 quae
2622 2595 2729 2640 tam
2764 2584 3024 2638 Barbaris
3078 2600 3241 2654 quam
3297 2585 3588 2655 gentilibus

348 2671 538 2742 ὀάροις
573 2673 668 2726 καὶ
703 2674 926 2745 Ἕλλησι
963 2675 1123 2743 σῶμα
1157 2675 1248 2727 καὶ
1290 2676 1467 2745 ψυχὴν
1499 2677 1525 2728 ό
1558 2676 1788 2742 δείλαιος
1817 2681 1916 2749 ἐμ-

2019 2688 2145 2735 sunt
2182 2677 2366 2740 vetita,
2399 2677 2558 2745 longe
2588 2678 2818 2746 pecudes
2849 2675 2994 2744 ipsas
3025 2674 3266 2730 foeditate
3289 2674 3585 2744 superavit.

350 2763 749 2833 μολυνὸμενος,
807 2766 906 2836 τὴν
967 2766 1076 2818 τῶν
1146 2766 1357 2834 ἀλόγων
1415 2766 1568 2831 ζώων
1631 2771 1916 2840 παρήλασε

2018 2770 2193 2838 Atque
2226 2768 2338 2821 haec
2375 2783 2480 2820 non
2506 2765 2660 2834 pauci
2686 2765 2776 2834 qui
2809 2780 2932 2819 cum
2961 2779 3024 2819 co
3055 2765 3377 2819 vixeruntet
3398 2766 3588 2822 hodie-

348 2855 670 2924 κτηνωδίαν.
699 2858 806 2909 Καὶ
828 2857 1001 2911 ταῦτα
1033 2857 1131 2910 οὐκ
1163 2857 1332 2925 ὀλίγοι
1363 2857 1470 2911 τῶν
1497 2863 1916 2931 παραιτησαμέ-

2021 2877 2126 2931 quc
2160 2870 2452 2928 supersunt
2474 2857 2749 2912 testiﬁcari
2773 2865 3181 2926 poterunt;nec
3223 2874 3330 2912 non
3363 2865 3415 2913 et
3437 2859 3586 2913 varia

346 2965 452 3000 νων
477 2948 522 2979 ³¹
546 2947 694 3017 αὐτῷ
727 2949 889 3016 μέχρι
913 2949 1074 3019 δεῦρο
1099 2951 1379 3020 περιόντες
1408 2952 1913 3022 ὲπαγγελλέτωσαν.

2022 2951 2265 3020 corporis
2311 2950 2652 3003 incommoda
2698 2949 2918 3018 quidem
2961 2947 3100 3002 idem
3154 2947 3256 3001 fuit
3296 2947 3588 3002 obnoxius.

347 3037 484 3092 Μεθ’
504 3032 580 3092 ὧν
616 3039 710 3093 καὶ
743 3039 915 3093 τᾶλλα
944 3039 1011 3092 δι’
1040 3038 1075 3091 ἃ
1102 3041 1229 3112 περὶ
1257 3041 1318 3094 τὸ
1354 3043 1510 3112 σῶμα
1543 3043 1689 3114 αὐτῴ
1719 3046 1917 3116 κατήν-

2024 3043 2308 3100 Dolorihns
2330 3042 2473 3095 enim
2504 3056 2565 3096 ac
2598 3039 2950 3104 cruciatibus,
2987 3038 3079 3109 qni
3112 3037 3370 3107 explicari
3403 3038 3587 3092 dicen-

345 3144 535 3200 τησαν.
563 3129 753 3192 Πόνοις
781 3129 890 3202 γὰρ
912 3131 1005 3184 καὶ
1031 3131 1319 3202 ἀλγηδόσιν
1352 3135 1633 3206 ἀρρήτοις,
1666 3132 1752 3189 οἷα
1774 3137 1918 3201 εἰκὸς

2023 3137 2093 3192 do
2149 3143 2444 3204 nequeunt,
2496 3131 2938 3194 excarniﬁcatus,
2999 3129 3306 3199 rujusmodi
3344 3129 3588 3184 ulcerosa

345 3221 473 3284 τοὺς
543 3221 895 3293 ήλκωμένους
947 3224 1214 3294 πάσχειν,
1273 3225 1601 3297 βαλλόμενος
1663 3232 1916 3301 πονήρως

2023 3242 2249 3297 corpora
2277 3225 2481 3296 perpeti
2514 3229 2939 3279 consentaneum
2967 3229 3068 3288 cst,
3115 3222 3351 3291 pessime
3385 3235 3448 3275 ac
3470 3221 3589 3275 sine

347 3311 486 3380 ἄγαν
515 3314 610 3367 καὶ
657 3312 976 3384 ἀνηκέστως
1024 3315 1276 3379 διέκειτο,
1307 3319 1400 3370 καί
1439 3335 1562 3373 τινα
1598 3321 1781 3390 (l67b)
1811 3321 1918 3375 τῶν

2023 3317 2388 3375 ulloremedio
2419 3328 2533 3370 erat
2566 3313 2808 3370 allectus.
2836 3313 3016 3378 Quare
3055 3311 3315 3365 nonnulla
3347 3308 3589 3364 membra

349 3403 531 3472 μελῶν
559 3403 663 3457 ὑπὸ
693 3407 788 3474 τῆς
825 3405 1111 3470 ἐλκώσεως
1142 3407 1235 3459 καὶ
1264 3406 1610 3478 διαϐρώσεως
1633 3412 1918 3484 ἁπερρυη-

2024 3409 2296 3463 nlccribus
2330 3406 2492 3461 adesa
2534 3421 2598 3460 ac
2621 3411 2943 3472 consumpta
2986 3417 3109 3456 cum
3138 3399 3466 3454 intolerabili
3491 3400 3590 3453 dn-

350 3497 526 3551 κὸτων
561 3496 704 3568 αὑτῷ
756 3497 1004 3562 ἐλεεινῶς
1036 3497 1440 3570 κατετρῦχετοβ
1469 3503 1833 3572 συνεχέστατα
1862 3505 1918 3558 δὲ

2020 3504 2135 3557 lore
2168 3499 2499 3564 difﬂuebant,
2538 3496 2632 3552 sed
2664 3505 2715 3550 et
2750 3503 3008 3565 perpetuo
3052 3491 3387 3562 intemperiis
3417 3490 3608 3559 agitao-

351 3585 459 3640 ὑπὸ
501 3587 608 3640 τῶν
646 3588 936 3660 Ἐριννύων
972 3590 1463 3661 ὲκδειματούμενος
1485 3593 1696 3662 πικρῶς
1723 3611 1784 3646 τε
1825 3596 1920 3648 καὶ

2023 3605 2108 3648 tus
2165 3594 2484 3663 plerumque
2520 3597 2708 3643 noctes
2737 3587 3017 3641 insomnes
3058 3600 3122 3639 ac
3177 3583 3592 3639 molestissimas

350 3679 572 3741 ἁῢπνως
613 3681 876 3744 πολλάκις
926 3679 1017 3733 τὸν
1063 3682 1380 3752 νυκτερινδν
1432 3685 1624 3756 καιρὸν
1676 3685 1916 3756 διήνυσε.

2022 3685 2272 3742 ducebat.
2309 3681 2513 3736 Omitto
2553 3681 2727 3734 victus
2775 3677 3125 3732 acerbitatem
3182 3691 3246 3729 ac
3305 3674 3593 3743 turpitudi-

350 3770 638 3843 Παρείσθω
668 3772 735 3824 τὰ
764 3771 859 3825 νῦν
883 3772 1064 3840 λέγειν
1098 3772 1158 3824 τὸ
1190 3773 1286 3842 τῆς
1316 3774 1523 3846 διαίτης
1558 3776 1718 3846 ἀηδές
1743 3793 1799 3828 τε
1826 3777 1920 3830 καὶ

2024 3791 2143 3832 nem
2177 3794 2191 3829 :
2224 3772 2488 3844 quidquid
2515 3770 2658 3824 enim
2683 3771 2736 3822 in
2762 3767 2990 3838 prandio
3013 3765 3116 3820 cibi
3143 3779 3236 3835 per
3263 3762 3448 3817 fauces
3479 3772 3589 3815 tra-

348 3865 663 3935 αἴσχιστονο
705 3865 842 3936 ὅπερ
872 3864 981 3935 γὰρ
1017 3863 1083 3918 ἂν
1113 3865 1248 3938 πρὸς
1292 3867 1516 3938 ἄριστον
1551 3868 1808 3939 βρώσεως
1850 3870 1917 3938 ³³,

2019 3870 2242 3941 jecerat,
2265 3865 2317 3920 id
2349 3861 2578 3918 subinde
2601 3860 2896 3915 vomitibus
2913 3855 3258 3912 cxcernebat.
3284 3850 3418 3906 Nam
3447 3850 3591 3903 illam

346 3959 409 4011 οὐ
459 3957 660 4021 τελέως
717 3958 1026 4012 καταποθὲν
1075 3960 1228 4031 παρὰ
1273 3962 1396 4025 τοὺς
1453 3963 1683 4032 ὲμετοὺς
1721 3964 1920 4033 ἔφθανε

2025 3963 2078 4017 in
2117 3957 2350 4014 famulos
2371 3954 2737 4023 arrogantiam
2782 3966 2847 4006 ac
2877 3948 3148 4003 feritatem
3181 3955 3343 4014 atque
3392 3943 3444 3996 in
3473 3943 3592 3995 exi-

349 4048 693 4119 κρινόμενον.
918 4049 990 4103 Τὸ
1020 4051 1078 4104 δὲ
1113 4052 1242 4120 περὶ
1273 4052 1400 4115 τοὺς
1445 4054 1922 4126 ὑπηρετουμένους

2025 4053 2214 4125 gendis
2245 4048 2524 4118 obsequiis
2551 4044 2926 4100 morositatem
2961 4039 3086 4111 quis
3117 4034 3598 4126 asscquidicendo

354 4143 550 4211 ἰταμὸν
580 4144 672 4197 καὶ
712 4143 977 4215 θηριῶδες
1002 4144 1092 4197 τοῦ
1132 4145 1335 4214 τρόπου
1373 4145 1466 4198 καὶ
1493 4147 1591 4215 τῆς
1617 4124 1921 4216 ὑπηρεσίας

2025 4124 2230 4217 possit?
2267 4143 2627 4197 Caede-bantur
2658 4135 2901 4206 quotidie
2933 4133 3099 4204 virgis
3139 4128 3388 4200 pluribus
3421 4124 3595 4196 pluti-

347 4234 413 4286 τὸ
435 4233 868 4302 δυσαχθέστατον
901 4233 1018 4297 πῶς
1051 4234 1117 4288 ἄν
1139 4251 1223 4296 τις
1251 4232 1395 4287 εἴποι
1424 4234 1515 4305 [τὰ
1544 4235 1782 4303 φέροντα
1816 4233 1921 4285 σώ-

2025 4251 2238 4291 mornm
2290 4246 2542 4300 corpora.
2594 4228 2649 4280 ιιι
2695 4241 2835 4295 quos
2897 4223 2988 4276 ille
3036 4221 3228 4292 pugnis
3269 4230 3322 4274 et
3357 4217 3597 4272 calcibus

351 4321 560 4395 ματα1;
595 4324 829 4390 Μάστιξι
855 4324 965 4396 γὰρ
998 4324 1233 4394 ἑκάστης
1271 4325 1483 4394 ἡμέρας
1518 4324 1740 4387 πολλαῖς
1787 4323 1917 4376 πολ-

2026 4326 2270 4383 insiliens
2302 4321 2474 4376 nihilo
2508 4334 2566 4376 se
2598 4315 2900 4372 carnivoris
2927 4313 3114 4370 bestiis
3139 4312 3409 4367 mitiorem
3461 4325 3597 4380 pra:-

349 4416 461 4471 λῶν
511 4416 892 4482 κατεξαίνοντο
929 4417 1193 4487 σώματαο
1243 4416 1337 4469 καὶ
1392 4415 1490 4480 τὰς
1542 4415 1694 4483 ὄψεις
1744 4415 1920 4470 παίων

2027 4422 2220 4478 stabat.
2251 4415 2381 4483 Jam‘,
2403 4414 2772 4469 membrorum
2813 4410 3210 4478 oculorumque
3231 4405 3597 4461 mutilationes

351 4512 600 4579 πυγμαῖς
631 4511 727 4564 καὶ
759 4508 858 4576 λὰξ
885 4509 1240 4577 ἐναλλόμενος
1265 4507 1415 4561 οὐδὲν
1440 4507 1546 4561 τῶν
1571 4507 1922 4578 σσρκοϐόρων

2028 4529 2092 4568 ac
2151 4512 2356 4580 reliqua
2404 4507 2456 4562 id
2505 4520 2675 4575 genus
2705 4503 2900 4558 acerba
2950 4501 3237 4572 supplicia.
3272 4508 3387 4554 tum
3434 4499 3593 4552 inno-

353 4601 560 4672 θηρίων
585 4600 1094 4673 φιλανθρωπότερον
1122 4599 1408 4670 ἔπραττεν.
1450 4599 1547 4654 Ἐκ
1577 4600 1842 4670 στόματος
1864 4600 1919 4652 δὲ

2029 4611 2212 4660 centes
2237 4599 2486 4654 homines
2525 4597 2668 4652 ferro
2699 4596 2930 4650 flammis
2961 4595 3337 4658 interemptos.
3370 4605 3599 4657 prmscr-

355 4695 535 4764 μελῶν
588 4695 684 4748 καὶ
714 4694 1008 4766 ὀφθαλμῶν
1059 4695 1359 4763 πηρώσεις,
1394 4694 1488 4746 καὶ
1534 4693 1603 4745 τὰ
1634 4693 1770 4745 ἄλλα
1819 4692 1919 4744 ὅσα

2030 4699 2122 4751 tim
2157 4693 2517 4755 nrtbodoxos,
2545 4689 2673 4760 quid
2697 4689 2888 4744 attinet
2911 4686 3130 4741 dicere?
3156 4684 3365 4739 Etenim
3398 4681 3599 4736 furoris

353 4787 501 4840 δεινὰ
522 4788 876 4859 κολαστήρια,
898 4788 989 4840 καὶ
1009 4787 1222 4856 σφαγὰς
1241 4785 1459 4849 ἀδίκους
1479 4785 1688 4856 ἀνδρῶν
1700 4782 1915 4848 ἀθώων,

2027 4787 2175 4843 illius
2214 4783 2475 4840 satellites
2535 4797 2597 4837 ac
2660 4780 2894 4835 ministri
2951 4793 3111 4833 nasns
3160 4773 3594 4846 quamplurimas

353 4877 448 4931 καὶ
476 4879 605 4942 τοὺς
628 4879 717 4934 διά
746 4861 919 4949 πυρὸξ⁵
957 4877 1321 4949 πικροτάτους
1358 4875 1643 4940 θανάτους,
1682 4875 1918 4946 μάλιστα

2032 4878 2234 4934 sanctis
2289 4875 2422 4930 viris
2473 4874 2748 4930 abscissos
2790 4873 2841 4927 in
2905 4871 3080 4934 disco,
3133 4878 3192 4923 ut
3220 4868 3348 4922 olim
3398 4865 3595 4920 Herodi

352 4972 411 5027 δὲ
438 4972 582 5028 κατά
613 4973 724 5026 τῶν
746 4972 1173 5044 ὀρθοδοξούντων
1203 4969 1706 5039 ἐπιδεικνυμένους,
1739 4968 1791 5020 τί
1820 4967 1925 5038 χρὴ

2023 4969 2387 5026 Przecursoris
2415 4976 2599 5038 caput,
2636 4966 2715 5021 sic
2741 4979 2882 5019 novo
2917 4961 3115 5016 Herodi
3145 4959 3451 5015 suavissimi
3478 4958 3597 5011 loco

355 5063 450 5118 καὶ
511 5062 731 5132 λέγειν;
779 5064 843 5116 Ol.
881 5063 990 5135 γὰρ
1043 5063 1139 5134 τῆς
1191 5063 1388 5129 μανίας
1425 5059 1590 5114 αὑτοῦ
1642 5059 1927 5129 δυσμενεῖς

2024 5064 2268 5119 numeris
2297 5061 2620 5117 offerebant.
2657 5057 2738 5112 Ad
2763 5059 2877 5112 haec
2909 5054 3104 5110 effossa
3137 5053 3409 5122 plerisque
3437 5050 3590 5102 Iunii.

355 5155 700 5209 ὑπασπισταὶ
731 5155 828 5210 καὶ
874 5154 1160 5227 δορυφόροι
1213 5155 1368 5225 ῥῖνας
1411 5152 1509 5223 μὲν
1556 5151 1632 5213 ὡς
1670 5150 1930 5213 πλείστας

2030 5170 2100 5208 na
2135 5155 2530 5220 ambustasque
2572 5163 2761 5218 genas,
2813 5155 2866 5200 et
2923 5145 3246 5199 exhaustum
3277 5139 3596 5206 sanguinem

352 5245 661 5319 ἀνθρώπων
686 5248 849 5302 ὁσίων
884 5247 1269 5318 ἀποτεμόντες,
1306 5245 1493 5316 ὥσπερ
1532 5245 1628 5316 τὴν
1655 5243 1749 5297 τοῦ
1784 5244 1928 5314 Προ-

2031 5250 2303 5298 testantur
2335 5239 2370 5294 ii
2398 5238 2489 5308 qui
2515 5239 2569 5291 in
2610 5236 2936 5291 hodiernum
2967 5233 3108 5287 diem
3137 5246 3323 5288 earnm
3357 5227 3595 5282 cladium

353 5318 559 5411 δρόμου
600 5340 770 5397 πάλαι
825 5339 1067 5411 κεφαλὴν
1103 5338 1336 5409 Ἡρώδῃ.
1386 5337 1530 5391 οὕτω
1570 5339 1662 5389 καὶ
1713 5335 1791 5408 τῷ
1845 5335 1931 5404 ἐφ’

2030 5333 2258 5402 vestigia
2297 5327 2710 5385 circumferunt.
2764 5323 3022 5380 Inusitata
3070 5339 3204 5391 porr.
3274 5318 3594 5374 "thorrenda

1569 5474 1762 5534 Varia)
1806 5471 2115 5534 lectiones
2157 5474 2217 5529 et
2256 5458 2452 5528 notae.

430 5625 472 5659 "
502 5623 757 5696 εὐμιρίον
798 5623 977 5692 vulgo.
1055 5622 1097 5652 ³’
1125 5616 1656 5689 συνδιαιτησαμένων
1691 5616 1966 5672 Petavius.

1055 5622 1097 5652 3’
1125 5616 1656 5689 συνδιαιτησαμένων
1691 5616 1966 5672 Petavius.
2045 5617 2089 5648 ³³
2119 5613 2450 5686 προσάραιτο
2471 5611 2600 5682 βρ.ῒ

421 5763 494 5826 (ιι)
522 5761 574 5812 in
603 5760 935 5812 Aetlrrhetico
957 5773 1009 5809 ιιι
1036 5756 1143 5807 adv.
1171 5755 1543 5808 Ccnstantinum
1568 5752 1946 5816 Cttprouymttm,
1975 5747 2275 5815 Putrologiw
2312 5756 2346 5800 t.
2372 5747 2422 5808 (ἶ,
2449 5748 2544 5800 col.
2570 5745 2682 5810 503,
2707 5750 2760 5797 et
2786 5743 2986 5810 plenius
3013 5743 3108 5794 col.
3148 5741 3253 5793 989.
3279 5741 3415 5793 Eon.
3441 5740 3593 5790 Pun.
