4046 6210
299 349 405 410 997

1477 341 1940 406 CIIRONICON.
1983 365 2053 376 --
2095 341 2239 399 LIB.
2282 341 2382 400 IV.

3475 335 3582 400 993

296 460 711 531 ταλαμϐάνεται
743 458 1033 528 θεοστυγές
1069 458 1268 529 δόγμα,
1296 459 1439 521 οὐδὲ,
1473 459 1602 510 ὅσον
1630 459 1710 521 εἰς
1744 457 1884 526 μνή-

2000 475 2302 544 1uicuuque
2357 470 2632 526 memoriae
2684 480 3040 535 succurrunt,
3075 471 3344 541 pessimos
3411 473 3586 526 scele-

299 568 409 619 αην
443 550 668 619 ἀφῖχθαι
702 549 812 602 τῶν
848 548 1106 619 πονηρῶν
1130 553 1225 603 καὶ
1259 547 1524 619 μυσαρῶν
1563 547 1886 616 συνταγμά-

293 663 429 712 των,
484 643 665 713 ἀλλ’ἢ
730 643 891 714 μόνον
927 645 1070 698 κατὰ
1112 643 1213 713 τὴν
1276 643 1474 712 δούλην
1525 641 1734 712 ταύτην
1791 641 1888 692 καὶ

297 735 812 810 ἠνδραποδισμένην
838 738 933 789 καὶ
966 735 1034 788 τὰ
1063 735 1190 788 θεῖα
1214 735 1337 788 κατ’
1366 733 1618 799 ἐξουσίαν
1650 731 1883 795 παίζου-

296 847 420 893 σαν,
458 830 514 880 ἐν
556 823 679 899 ᾖτδ
706 827 956 896 ἐμπαθὲς
983 829 1078 879 καὶ
1117 826 1392 897 πρόσυλον
1427 827 1485 879 τὸ
1514 827 1559 856 ⁷⁸
1608 824 1741 892 περὶ
1779 823 1884 891 γῆν

297 921 670 992 στρεφόμενον
697 922 788 973 καὶ
824 919 1204 988 ἰλυσπώμενον
1229 921 1416 988 γήϊνον
1435 919 1531 971 καὶ
1554 916 1886 981 ἀλαζονικὸν

295 1014 391 1067 καὶ
414 1012 770 1081 ὑπερήφανον
823 1011 1158 1080 πρυτανεύει
1184 1013 1464 1082 φρόνημα,
1502 1010 1633 1064 ἔνθα
1668 1010 1730 1062 τὸ
1760 1009 1889 1078 φίλ-

299 1124 488 1171 αυτον,
515 1107 576 1159 τὸ
602 1105 867 1178 φίλαρχον
888 1107 953 1173 ⁷⁸,
983 1107 1045 1159 τὸ
1068 1106 1372 1175 φιλήδονον,
1431 1106 1492 1158 τὸ
1525 1100 1802 1172 φιλόδοξον
1819 1103 1885 1166 ⁷⁸,

299 1203 587 1273 ηπάντων
651 1200 994 1270 καταθύμιος
1043 1200 1090 1231 ⁷⁵
1155 1198 1488 1263 ἀπόλαυσις,
1547 1197 1608 1250 τὸ
1666 1196 1888 1250 πάντων

305 1295 508 1348 ἐθέλειν
536 1293 729 1363 ἄρχειν
759 1294 856 1347 καὶ
894 1293 1034 1364 μηδέ
1067 1293 1206 1363 πρδς
1233 1290 1405 1346 αὐτοῦ
1435 1291 1574 1344 θεοῦ
1609 1290 1885 1361 ἄρχεσθαι

304 1390 396 1441 καὶ
431 1389 583 1458 ἠτῆς
615 1386 968 1458 ἀνθρωπίνης
999 1386 1155 1456 δόξης
1183 1387 1230 1418 ⁷⁸
1261 1385 1294 1456 ἢ
1343 1385 1544 1455 μᾶλλον
1593 1386 1773 1437 εἰπεῖν
1803 1386 1890 1436 αἰ·

303 1481 506 1551 σχύνης
539 1483 732 1550 κτῆσις
761 1481 856 1534 καὶ
880 1480 1235 1552 περιποίησις
1263 1496 1276 1510 ·
1310 1479 1525 1533 ἐνθεν⁷⁷
1557 1480 1590 1550 ἡ
1618 1479 1765 1532 κατὰ
1793 1477 1888 1531 τοῦ

301 1572 436 1624 Θεοῦ
468 1573 563 1625 καὶ
601 1571 711 1624 τῶν
742 1572 916 1638 ἁγίων
985 1571 1142 1643 ὖϐρις
1212 1574 1306 1625 καὶ
1354 1574 1455 1644 τῆς
1503 1573 1836 1643 Ἑκκλησίας
1864 1573 1891 1624 ό

300 1661 538 1731 διωγμός
564 1679 579 1693 ·
614 1663 869 1715 ἐντεῦθεν
904 1664 1442 1734 κατακυριευόμενον
1500 1665 1533 1734 ἢ
1586 1662 1892 1734 τυραννού-

306 1770 467 1822 μενον
497 1755 560 1808 τδ
589 1755 854 1825 ὑπήκοον,
888 1759 1002 1818 τοῖς
1027 1757 1256 1809 ἐκείνων
1301 1757 1348 1788 ⁷⁸
1392 1756 1627 1825 δόγμασι
1669 1758 1764 1809 καὶ
1804 1755 1894 1810 θε-

303 1845 513 1917 λήμασι
549 1849 888 1902 ὐποκύπτειν
921 1848 1262 1914 ἐκϐιάζεται,
1295 1841 1371 1901 ὧν
1401 1849 1590 1902 ἕνεκεν
1619 1850 1682 1901 τὸ
1719 1848 1896 1919 ἐμψυ-

303 1957 397 2009 χον
426 1942 792 2012 κεχάλκευται
825 1943 920 1994 καὶ
960 1941 1312 2010 ἐσχεδίασται
1341 1943 1385 1976 ’θ
1413 1941 1600 2007 ὅπλον,
1637 1943 1883 2013 σχήματι

307 2033 410 2100 μὲν
437 2033 532 2086 τοῦ
563 2033 1086 2102 σωματοφυλακτεῖν
1119 2033 1166 2064 ⁸⁰
1196 2033 1581 2104 ἠθροισμένον,
1617 2037 1737 2097 ταῖς
1771 2035 1825 2087 δὲ
1847 2036 1890 2066 ⁸⁸

299 2125 594 2195 ἀληθείαις
627 2123 722 2178 τοῦ
755 2128 1049 2196 ἐκπορθεῖν
1075 2125 1172 2194 τὴν
1233 2127 1568 2196 Ἐκκλησίαν
1603 2125 1892 2198 [Χριστοῦ]

303 2219 402 2269 καὶ
437 2216 648 2287 ληῖζειν
705 2219 1151 2288 ἐπινενοημένον,
1205 2219 1482 2288 προφάσει
1534 2218 1630 2271 τοῦ
1673 2235 1893 2286 συμπε-

305 2311 680 2381 ριγράφεσθαι
742 2311 843 2384 τὴν
906 2311 1148 2381 Χριστοῦ
1199 2310 1433 2380 θεότητα
1471 2314 1529 2364 ἐν
1591 2311 1656 2380 τῇ
1717 2309 1892 2362 εἰκόνι

304 2403 794 2474 παραληροῦντες·
844 2405 1012 2476 693
1053 2405 1130 2468 ὡς
1163 2407 1217 2458 ετ
1262 2422 1346 2468 τις
1407 2405 1500 2458 καὶ
1541 2403 1604 2458 τὸ
1663 2403 1893 2474 ἡλιακὸν

303 2497 465 2550 τοῦτο
495 2497 560 2568 δὴ
615 2499 712 2550 καί
745 2499 793 2530 ⁸³
839 2498 1138 2562 δισκοειδές
1185 2499 1347 2569 σῶμα
1396 2498 1794 2570 γεγραμμένον
1833 2497 1892 2551 ἐν

304 2606 412 2641 τινι
439 2590 612 2660 τόπῳ,
646 2589 830 2654 καθὼς
858 2590 916 2643 ἐν
951 2608 1096 2644 τισιν
1125 2593 1321 2661 ὁρᾶται
1375 2592 1723 2661 γιγνόμενον,
1759 2590 1896 2644 ὑπο-

303 2680 528 2746 δείξειεν
555 2682 622 2747 ⁸³,
650 2682 1012 2753 ἐδογμάτισεν
1039 2683 1105 2736 ἂν
1131 2684 1227 2736 καὶ
1248 2683 1348 2752 τὴν
1378 2683 1471 2737 τοῦ
1503 2683 1682 2751 φωτὸς
1703 2683 1896 2736 οὐσίαν

306 2775 402 2827 καὶ
435 2774 613 2844 αὐγὴν
655 2775 1076 2845 συγγράφεσθαι
1128 2777 1225 2829 καὶ
1285 2775 1735 2846 περιγράφεσθαι
1765 2776 1812 2808 ⁸⁸
1855 2774 1890 2843 ἢ

307 2867 528 2932 πάντως
559 2868 624 2922 ἐκ
657 2866 753 2921 τοῦ
781 2868 936 2938 ἡλίου
955 2867 1019 2922 τδ
1042 2869 1158 2936 φῶς
1185 2868 1594 2938 ἀποτέμνεσθαι
1619 2883 1633 2898 ο
1667 2868 1699 2937 ἢ
1732 2867 1897 2920 πάλιν

308 2962 508 3014 ἀκτῖνα
546 2961 700 3031 ἡλίου
734 2962 780 2994 ⁸⁸
824 2962 962 3032 πρὸς
1007 2961 1224 3032 δένδρον
1268 2960 1720 3031 προσϐάλλουσαν
1773 2958 1895 3024 ίδοι,

305 3055 358 3106 εί
406 3053 712 3124 ἐκτμηθείη
753 3055 814 3106 τὸ
869 3054 1090 3126 δένδρον
1133 3053 1202 3120 ⁸⁸,
1245 3053 1762 3123 συνεκκοπήσεσθαι
1801 3051 1898 3104 καὶ

1997 565 2385 635 ειὶεεὶιηοεηιιρ
2445 565 2698 636 populos,
2754 566 2858 619 nisi
2908 575 3123 619 tantum
3172 566 3315 635 apud
3369 577 3582 636 gentem

1996 657 2138 712 hanc
2172 657 2445 718 servilem,
2486 657 2774 724 dejectatn,
2815 670 2877 710 ac
2936 656 3045 709 Deo
3091 665 3359 722 quantum
3412 668 3588 725 potest

1997 747 2334 811 irridentem,
2363 747 2454 802 uhi
2489 745 2879 816 cupiditatibus
2932 744 3244 814 indulgens,
3275 747 3587 802 materialia

1996 850 2321 910 terrenaque
2352 851 2633 910 appetens,
2664 839 2814 893 humi
2846 847 3089 908 reptans,
3115 839 3497 908 superbosque
3534 850 3588 892 ct

1996 948 2261 1002 arrogans
2315 942 2506 1001 regnat
2569 933 2815 1000 spiritus,
2867 931 2961 984 ubi
3017 942 3192 984 amor‘
3235 931 3318 984 sui
3387 931 3585 1001 ipsius,

1992 1039 2146 1078 amor
2205 1022 2603 1077 dominationis
2660 1024 3111 1090 voluptatumque
3161 1028 3215 1073 et
3268 1022 3584 1085 honorum,

1994 1116 2087 1172 ubi
2137 1114 2394 1170 omnibus
2437 1114 2726 1185 indulgent
2782 1111 3128 1180 libidinibus,
3174 1113 3434 1168 omnibus
3491 1129 3587 1166 vo-

1993 1210 2113 1263 lunt
2149 1209 2421 1278 imperare
2446 1222 2545 1262 nec
2578 1209 2680 1276 ipsi
2715 1207 2826 1261 Deo
2859 1207 3170 1276 snhjacere,
3201 1212 3255 1258 et
3283 1206 3583 1259 humanam

1994 1301 2245 1369 gloriam,
2270 1316 2363 1354 seu
2393 1300 2576 1370 potius
2595 1299 2975 1368 ignominiam,
2999 1297 3284 1366 acquirere
3309 1297 3582 1350 nituntur.

1995 1396 2126 1450 lude
2155 1395 2421 1450 adversus
2446 1393 2610 1449 Deum
2636 1404 2687 1447 et
2709 1402 2896 1449 sancta
2919 1391 3286 1457 contumelia;
3312 1399 3364 1444 et
3395 1388 3586 1444 Eccle-

1995 1489 2089 1542 sia:
2140 1487 2490 1557 persecutio;
2521 1486 2644 1540 inde
2672 1486 2812 1540 victa
2857 1484 3274 1554 perdomitaque
3309 1483 3585 1548 voluntas,

1997 1582 2215 1636 illorum
2257 1579 2543 1648 suhjacere
2570 1579 2786 1648 cogitur
2815 1578 3166 1647 dogmatibus
3195 1592 3260 1631 ac
3291 1576 3590 1630 voluntati-

1996 1671 2120 1735 bus,
2154 1679 2374 1738 propter
2405 1684 2528 1737 quae
2555 1669 2820 1722 terribilia
2857 1668 3264 1722 fabricaverunt
3297 1678 3353 1721 et
3391 1682 3591 1736 appro-

1923 1815 1970 1874 Β
1998 1772 2328 1834 paraverunt
2377 1776 2548 1826 arma,
2599 1762 2654 1816 in
2694 1761 2877 1830 specie
2924 1760 3146 1830 quidem
3178 1776 3278 1830 pro
3337 1764 3589 1818 custodia

2654 1868 2838 1874 μμ---
3145 1864 3450 1874 --Δημώ
3518 1854 3579 1874 ,ι

1999 1869 2290 1924 corporum
2343 1857 2590 1919 collecta,
2654 1868 2844 1908 revera
2906 1862 3088 1908 autem
3141 1864 3458 1922 comparata
3516 1854 3584 1907 ad

1995 1949 2319 2003 vastandam
2368 1947 2819 2018 spoliandamque
2890 1945 3204 2008 ecclesiam,
3251 1946 3416 2000 stulte
3449 1961 3590 2014 prae-

1997 2051 2246 2097 texentes
2264 2040 2464 2096 Christi
2488 2040 2825 2094 divinitatem
2847 2040 2900 2092 in
2920 2040 3158 2108 imagine
3181 2039 3587 2114 circumscribi.

1995 2133 2230 2189 Perinde
2248 2147 2310 2186 ac
2326 2132 2372 2186 si
2393 2132 2516 2201 quis
2543 2132 2721 2186 solare
2745 2132 2849 2186 hoc
2869 2141 2924 2186 et
2950 2134 3104 2187 disco
3122 2132 3300 2185 simile
3317 2147 3516 2202 corpus
3539 2134 3592 2186 in

1997 2226 2183 2294 aliquo
2206 2226 2328 2278 loco
2348 2223 2708 2293 descriptum,
2733 2224 2876 2277 sicut
2907 2224 2962 2278 in
2999 2223 3330 2292 quibusdam
3357 2224 3591 2291 videtur,

1997 2317 2357 2380 ostendendo,
2393 2315 2749 2372 contenderet
2766 2315 2903 2370 lucis
2924 2316 3222 2371 essentiam
3244 2331 3309 2370 ac
3331 2315 3594 2386 splendo-

1996 2428 2108 2467 rem
2136 2410 2414 2467 conscribi
2438 2418 2492 2464 et
2519 2409 2928 2476 circumscribi,
2963 2402 3116 2463 aut'a
3140 2408 3472 2464 sole-lumen
3498 2408 3596 2463 ab-

1987 2503 2174 2568 ‘scidi;
2227 2502 2500 2558 veladium
2531 2501 2666 2556 solis
2700 2501 2768 2554 ad
2803 2501 3055 2555 arborem
3084 2515 3471 2570 repercussum
3515 2502 3599 2556 vi-

1997 2594 2152 2661 dens,
2177 2596 2388 2649 succisa
2407 2593 2602 2648 arbore
2622 2590 2786 2646 simul
2802 2601 2858 2646 et
2876 2591 3090 2645 radium
3113 2591 3356 2644 conscidi
3371 2590 3593 2645 demen-

2001 2695 2081 2742 ter
2103 2687 2488 2742 arbitraretur.
2521 2683 2586 2737 Et
2615 2683 2696 2738 sic
2724 2693 2902 2736 tamen
2931 2681 2998 2737 de
3023 2681 3146 2750 igne
3172 2695 3236 2736 ac
3264 2682 3332 2736 de
3363 2682 3598 2752 quibus--

2001 2781 2125 2835 dam
2150 2779 2274 2833 aliis
2289 2777 2687 2848 opinabuntur,
2706 2785 2767 2830 ut
2792 2775 2988 2829 merito
3005 2791 3033 2828 a
3053 2773 3241 2844 pueris
3264 2774 3600 2845 nugantibus

2001 2873 2304 2928 illudantur
2357 2881 2614 2940 tanquam
2673 2867 3103 2937 imprudentiora
3157 2867 3482 2922 sentientes.
3536 2865 3597 2922 Si

2001 2965 2147 3022 enim
2170 2965 2244 3019 ita
2273 2964 2341 3020 de
2371 2961 2612 3034 praefatis
2633 2975 2733 3015 nec
2759 2959 2896 3023 lieri,
2929 2974 3031 3014 nec
3059 2957 3261 3024 videri,
3301 2974 3403 3015 nec
3432 2959 3598 3013 etiam

2003 3059 2111 3116 dici
2165 3066 2361 3130 potest,
2402 3067 2611 3126 quanto
2651 3053 2825 3122 magis
2874 3051 2943 3107 de
2986 3051 3246 3106 ineﬂ'abili
3297 3051 3599 3121 divinaque

303 3146 410 3218 τὴν
436 3146 629 3200 ἀκτῖνα
661 3147 1034 3218 παραφρόνως
1079 3146 1361 3217 ἐνομίσθη.
1402 3146 1512 3200 Καὶ
1566 3144 1749 3215 μέντοι
1798 3143 1894 3197 καὶ

2007 3163 2203 3208 natura
2235 3160 2327 3205 aut
2373 3152 2440 3205 de
2470 3147 2824 3202 inenarrabili
2859 3144 3344 3215 inexplicabilique
3392 3144 3598 3199 Christi

307 3238 407 3290 ἐπὶ
437 3237 610 3308 πυρὸς
640 3239 735 3291 καὶ
767 3239 944 3292 ἄλλων
978 3238 1141 3292 τινῶν
1181 3237 1654 3309 διανοηθήσονται,
1693 3236 1782 3289 ἴνα
1812 3237 1898 3288 ἐν·

303 3330 474 3393 δίκιυς
504 3334 653 3402 παρά
683 3332 894 3385 παίδων
931 3331 1242 3396 παιζόντων
1294 3331 1721 3402 παιχθήσωνται
1764 3346 1896 3399 φρο-

307 3423 530 3487 νοῦντες
564 3424 971 3496 ἀσυνετώτερα.
1005 3425 1067 3478 Εἰ
1125 3424 1234 3495 γὰρ
1275 3425 1370 3476 ἐπὶ
1421 3425 1533 3477 τῶν
1582 3423 1898 3494 εἰρημένων

304 3513 438 3566 οὔτε
474 3514 719 3582 γίνεσθαι
753 3514 879 3568 οὔτε
909 3515 1140 3586 ὁρᾶσθαι
1167 3515 1415 3581 πέφυκεν
1445 3513 1568 3566 οὔτε
1605 3513 1710 3584 μὴν
1738 3513 1897 3582 λέγε-

308 3609 438 3663 σθαι
470 3612 654 3679 χώραν
685 3609 795 3674 ἔξει
820 3609 888 3674 ⁸⁷,
923 3611 1075 3679 πόσῳ
1102 3609 1304 3679 μᾶλλον
1330 3608 1422 3660 ἐπὶ
1447 3608 1547 3678 τῆς
1579 3608 1896 3678 ἀπορρήτου

309 3706 410 3754 καὶ
444 3703 596 3765 θείας
636 3702 855 3771 φύσεως
890 3702 920 3772 ἢ
957 3704 1050 3755 ἐπὶ
1082 3702 1183 3772 τῆς
1208 3701 1495 3772 ἀφράστου
1521 3701 1617 3754 καὶ
1650 3701 1902 3770 ἀνερμη-

312 3796 506 3849 νεύτου
539 3795 778 3866 Χριστοῦ
817 3796 1138 3864 οἰκονομίας
1176 3795 1352 3848 ταῦτα
1412 3795 1657 3867 λέγεινῆ
1691 3793 1899 3848 ἐννοεῖν

311 3889 552 3942 ἀδύνατα
590 3890 684 3942 καὶ
715 3890 1148 3959 ἀνεπιχείρητα·
1212 3887 1333 3942 οὐδὲ
1360 3888 1407 3921 ⁸⁸
1449 3887 1826 3956 σαρκούμενος
1866 3886 1898 3956 ἢ

317 3985 541 4052 πάσχων
574 3983 715 4054 ὑπὲρ
746 3983 927 4053 ἡμῶν,
954 3981 1033 4052 τῷ
1060 3982 1274 4052 σώματι
1309 3981 1485 4052 τούτῳ
1523 3982 1568 4014 ⁸³
1608 3980 1852 4034 πέπονθε
1884 3993 1898 4008 ⁸

312 4076 436 4126 ἐπεὶ
471 4074 616 4128 οὕτω
655 4091 718 4143 γε
749 4076 842 4127 καὶ
872 4075 923 4126 εἰ
951 4073 1241 4144 ἄνθρωπος
1265 4072 1326 4127 τὸ
1349 4075 1396 4106 θο
1425 4073 1549 4126 καθ’
1573 4076 1725 4145 ἡμᾶς
1754 4075 1903 4126 εἰκοσ-

313 4165 454 4228 νίζοι
488 4166 530 4196 ’³
567 4165 644 4236 τῷ
672 4166 908 4235 σώματι,
939 4165 1156 4235 ἀνάγκη
1182 4166 1278 4218 κα)⁸
1311 4165 1411 4234 τὴν
1441 4165 1620 4235 ψυχὴν
1651 4182 1902 4218 συνεικυ-

313 4255 561 4322 νίζεσθαι
597 4257 628 4326 ἦ
668 4256 892 4320 πάντως
922 4255 1282 4326 τεθνήξεσθαι
1313 4256 1698 4328 χωριζομένην
1729 4259 1775 4290 ⁸⁸
1802 4273 1815 4288 ο
1849 4259 1902 4311 τί

313 4352 425 4419 γὰρ
461 4347 650 4420 ἕτερον
683 4350 916 4413 θάνατος
964 4348 998 4421 ἢ
1032 4349 1314 4420 χωρισμὸς
1345 4348 1529 4419 ψυχῆς
1562 4351 1671 4403 ἀπὸ
1707 4349 1902 4419 σώμα-

314 4457 447 4507 τος;
495 4442 659 4496 Ὅθεν
697 4445 756 4497 ἐν
803 4441 1020 4506 τούτοις
1060 4440 1344 4511 φαίνονται
1397 4442 1684 4512 προδήλως
1745 4443 1904 4498 οὐδὲν

2004 3246 2312 3303 tuconomia
2349 3244 2474 3298 talia
2507 3243 2690 3295 dicere
2720 3248 2814 3294 aut
2855 3239 3096 3309 cogitare
3123 3238 3348 3292 omnino
3385 3238 3598 3307 impos-

2005 3340 2166 3394 sibile
2227 3345 2332 3392 est.
2383 3335 2572 3405 Neque
2619 3349 2789 3399 enim,
2833 3332 3154 3386 incarnatus
3197 3340 3250 3385 et
3297 3346 3394 3400 pro
3439 3331 3601 3387 nobis

2005 3433 2242 3503 patiens,
2275 3443 2505 3499 corpore
2529 3427 2631 3481 hoc
2671 3425 2864 3480 lictitio
2895 3439 3089 3492 passus
3121 3433 3238 3490 est;
3275 3423 3519 3494 alioquin
3552 3422 3601 3477 si

2004 3525 2132 3595 quis
2166 3539 2267 3579 nos
2308 3534 2540 3591 corpore
2571 3526 3016 3588 rcpraescntarct,
3067 3517 3234 3572 simul
3259 3525 3315 3571 et
3349 3517 3595 3571 animam

2008 3614 2387 3688 reprmsentari
2409 3623 2704 3683 Oporteret,
2733 3613 2837 3677 vel,
2863 3612 3042 3665 anima
3066 3621 3335 3681 separata,
3353 3627 3604 3666 essemus

2008 3709 2269 3765 mortui:
2312 3706 2444 3775 quid
2499 3707 2645 3758 enim
2697 3705 2844 3758 aliud
2898 3718 3046 3757 mors
3092 3718 3257 3771 quam
3321 3703 3601 3770 separatio

2009 3803 2203 3856 animae
2227 3815 2256 3853 a
2282 3798 2554 3863 corpore?
2575 3797 2728 3852 Unde
2753 3797 2806 3850 in
2837 3797 2939 3850 hoc
2971 3793 3264 3848 manifeste
3288 3802 3472 3861 patent
3501 3795 3602 3845 itii-

2007 3896 2082 3965 pii
2107 3893 2313 3964 pariter
2343 3901 2397 3946 ct
2421 3891 2594 3961 ignari
2626 3891 2862 3960 :qnippe
2896 3888 2988 3958 qtti
3024 3885 3280 3940 nesciunt
3331 3894 3602 3953 quantum

2006 3985 2340 4056 descriptum
2366 3998 2397 4037 a
2426 3983 2846 4051 circumscripto
2879 3990 2927 4034 et
2952 3977 3270 4032 describere
3303 3989 3334 4028 a
3362 3975 3604 4029 circum-

2008 4079 2297 4136 scribendo
2328 4077 2494 4132 distet
2523 4091 2589 4130 ac
2617 4077 2912 4141 discrepet,
2943 4073 3179 4139 ideoque
3216 4067 3430 4136 decepti
3456 4080 3598 4121 vana

2009 4172 2284 4227 eﬂ‘utiunt.
2329 4170 2504 4223 Porro
2553 4169 2644 4222 ubi
2690 4179 2931 4235 unquam
2975 4164 3228 4216 auditum
3285 4171 3370 4214 est
3394 4175 3597 4228 corpus

2010 4264 2248 4320 describi
2281 4272 2337 4317 et
2378 4260 2760 4316 circumscribi
2796 4273 2904 4312 non
2941 4255 3153 4327 posse?
3187 4264 3282 4309 aut
3318 4255 3600 4324 quomodo

2011 4356 2261 4426 corporis
2307 4362 2504 4409 natura
2549 4365 2603 4407 et
2661 4351 2800 4405 ratio
2831 4349 3148 4407 servabitur
3197 4352 3242 4404 si
3287 4349 3603 4418 hujusmodi

2015 4463 2125 4504 non
2182 4448 2417 4519 gaudeat
2470 4442 2935 4517 proprietatibus?
2981 4442 3084 4510 Qui
3117 4442 3283 4513 igitur
3317 4442 3601 4498 Christum

316 4531 483 4606 ἦττον
511 4535 846 4600 ἀσεϐοῦντες
900 4536 933 4607 ἢ
973 4536 1404 4608 ἀμαθαίνοντεςο
1458 4536 1522 4590 οὐ
1555 4537 1664 4607 γὰρ
1721 4538 1899 4590 ίσασιν

2011 4556 2244 4610 corpore
2293 4540 2529 4594 describi
2567 4544 2662 4592 aut
2717 4535 3098 4591 circumscribi
3129 4544 3309 4604 negat,
3346 4535 3427 4588 vel
3475 4535 3607 4602 quid

317 4629 442 4681 ὅσον
465 4629 716 4698 γραπτοῦ
750 4631 848 4683 καὶ
879 4631 1272 4702 περιγραπτοῦ
1297 4629 1394 4684 τοῦ
1426 4647 1486 4683 τε
1517 4631 1758 4701 γράφειν
1808 4631 1906 4684 καὶ

321 4724 693 4792 περιγράφειν
727 4722 788 4774 τὸ
821 4723 1028 4787 ἰδιάζον
1080 4725 1176 4776 καί
1206 4723 1632 4794 διηλλαγμένον,
1691 4727 1788 4777 καὶ
1819 4724 1910 4780 διὰ

319 4815 482 4868 τοῦτο
513 4815 935 4888 φενακιζόμενοι
990 4819 1470 4888 ματαιολογοῦσιν.
1507 4818 1618 4871 Ποῦ
1653 4818 1711 4871 δὲ
1767 4819 1910 4882 ὅλως

323 4909 483 4980 σῶμα
506 4910 757 4981 ἄγραφον
790 4911 822 4982 ἢ
858 4911 1244 4983 ἀπερίγραφον
1270 4915 1336 4968 ἐκ
1357 4915 1451 4966 τοῦ
1489 4913 1691 4977 παντὸς
1713 4914 1910 4977 αἰῶνος

322 5002 625 5070 timuerat;
661 5004 694 5074 ἢ
732 5003 848 5068 πῶς
873 5007 902 5057 ό
927 5005 1021 5057 τοῦ
1042 5003 1295 5076 σώματος
1322 5008 1448 5077 ὅρος
1475 5009 1571 5061 καὶ
1602 5008 1762 5076 λόγος
1793 5026 1902 5061 σω-

323 5093 580 5165 θήσεται,
624 5100 674 5152 εί
717 5096 792 5169 μὴ
819 5099 995 5151 ταῦτα
1029 5099 1184 5168 exat;
1229 5099 1288 5152 '0
1315 5101 1496 5154 τοίνυν
1536 5103 1611 5173 μὴ
1663 5101 1910 5166 δοξάζων

324 5191 634 5259 γράφεσθαι
665 5191 697 5262 ἢ
732 5191 1172 5262 περιγράφεσθαι
1201 5195 1292 5246 τὸν
1322 5194 1557 5263 Χριστὸν
1590 5196 1826 5264 σώματι,
1857 5193 1890 5263 ἣ

2015 4633 2088 4688 sit
2121 4646 2323 4701 corpus
2374 4631 2608 4700 ignorat,
2655 4626 2994 4696 proindeque
3042 4634 3249 4681 rectam
3296 4639 3406 4678 non
3441 4624 3605 4678 habet

2016 4724 2370 4794 opinionem;
2403 4722 2487 4777 vel
2521 4737 2721 4791 corpus
2755 4733 3094 4790 cognoscens
3121 4718 3318 4772 anima:
3350 4726 3607 4771 naturam

2016 4834 2126 4873 non
2156 4825 2341 4873 servat
2387 4816 2671 4888 integram.
2715 4814 2818 4880 Qui
2846 4827 2976 4884 ergo
3011 4812 3299 4867 confitetur
3322 4809 3606 4865 Christum

2018 4912 2388 4983 assumpsisse
2414 4925 2617 4980 corpus
2650 4908 2867 4978 corpori
2899 4915 3091 4961 nostro
3120 4904 3321 4969 simile,
3349 4918 3472 4956 cum
3502 4901 3606 4954 hoc

2013 5017 2264 5062 nostrum
2292 5004 2529 5060 describi
2550 5011 2602 5057 et
2620 4997 2997 5056 circumscribi
3018 5007 3204 5068 queat,
3223 4997 3538 5051 necessario
3553 5003 3608 5046 et

2020 5099 2223 5154 Christi
2245 5111 2446 5167 corpus
2475 5094 2710 5150 describi
2731 5102 2786 5147 et
2803 5090 3178 5145 circumscribi
3201 5103 3359 5158 posse
3379 5084 3608 5141 conﬁtc-

2007 5195 2152 5248 bitur
2186 5211 2199 5247 :
2232 5192 2279 5246 si
2330 5205 2437 5245 non
2488 5189 2786 5260 posterius,
2836 5200 2967 5255 ergo
3006 5197 3105 5239 nec
3143 5183 3295 5252 prius
3325 5179 3606 5243 concedet,

1493 5293 1691 5354 νει-ἰῶ
1718 5293 2032 5356 lectiones
2063 5300 2124 5354 et
2173 5297 2368 5354 notua.

391 5393 436 5467 _"
469 5409 568 5467 πρ.
602 5393 722 5467 τῶν,
750 5412 810 5449 π.
837 5395 943 5463 γῆν
971 5395 1356 5467 στρεφομένων
1385 5394 1908 5467 καὶίλυσπωμένων
1942 5398 2028 5467 ed.

321 5464 472 5536 δοξον
508 5466 633 5536 add.
687 5465 749 5536 (2.
806 5467 932 5520 510.
985 5464 1414 5536 ⁷⁵⁷καταθυμίων
1444 5466 1531 5536 ed.
1594 5469 1639 5497 ⁷⁸
1664 5464 1787 5520 δ.ά.
1823 5485 1881 5536 μ.

2000 5465 2118 5521 Sed.
2143 5464 2269 5519 510.

2131 5396 2182 5426 ⁷³
2223 5393 2282 5446 τὸ
2317 5391 2602 5462 φίλαρχον,
2635 5389 2696 5440 τὸ
2737 5387 2997 5462 φίλαυτον
3023 5383 3082 5462 C_.
3116 5380 3361 5462 5l_0._.”
3391 5379 3608 5462 i'Lxsgdn-

2365 5464 2406 5494 ⁷⁷
2440 5449 2692 5513 ἐντεῦθεν
2748 5449 2822 5512 ld.
2913 5457 2958 5487 "‘
2990 5458 3104 5515 τοῖς
3163 5452 3371 5505 ἐκεῖθεν
3411 5451 3460 5502 δ.
3525 5449 3601 5500 lil.

323 5534 368 5606 '_”
387 5519 714 5606 ἐσχεδίαστο
737 5519 826 5589 ld.
867 5519 1426 5606 ⁸⁰σχηματοφυλ.ἀκὴν
1450 5535 1508 5588 l’.
1537 5538 1657 5592 cod.
1686 5519 1899 5606 etpraeci

2000 5519 2071 5590 nti
2099 5553 2268 5605 σχημ.
2326 5535 2368 5606 δέ
2393 5531 2450 5586 δέ
2482 5548 2594 5606 om.
2630 5531 2798 5606 ϐριει.
2839 5527 2961 5606 διο.
3027 5524 3330 5606 ξῂδῃτειις
3357 5519 3605 5606 conio-6:1?

319 5604 409 5657 διὰ
447 5600 496 5659 τ.
523 5608 686 5660 Coisl.
725 5607 849 5661 3l0.
927 5600 1328 5672 δῖῦποδείξαςῖ
1381 5600 1455 5636 “⁸⁵
1489 5611 1584 5660 καὶ
1616 5625 1674 5661 π.
1699 5600 1808 5661 oni.
1838 5608 1899 5661 Ct

2000 5645 2008 5659 .
2043 5600 2284 5659 5H)?"
2323 5605 2404 5659 sic
2432 5602 2555 5656 Cod.
2591 5611 2644 5654 et
2675 5600 2734 5653 ι’.

319 5676 368 5750 ἐ.
397 5677 627 5750 ὄέ-ροιίη
663 5678 778 5750 ᾔδει
811 5680 860 5730 εἱ
902 5681 1018 5734 ἐκτ.
1057 5680 1117 5730 τὸ
1138 5677 1185 5750 δ.
1222 5697 1281 5750 σ.
1307 5678 1370 5730 Ρ.
1412 5677 1535 5750 ἴδοι,
1567 5681 1675 5731 ἐντ.
1709 5677 1768 5750 δὲ
1799 5677 1860 5729 τὸ
1886 5677 1937 5732 0.
1964 5693 2187 5750 συνεγκ.
2220 5678 2307 5730 ed.

1142 5749 1189 5780 ’θ
1218 5748 1324 5800 τῶν
1359 5765 1414 5800 κ.
1440 5749 1495 5818 ἦ.
1546 5747 1804 5810 εἰκονίζοι
1833 5767 1886 5801 τ.
1921 5767 1972 5802 σ.
2001 5748 2086 5802 ed.
2123 5749 2182 5801 τὸ
2214 5765 2266 5802 κ.

322 5815 565 5886 ζομένων
598 5821 662 5874 cd
721 5822 986 5891 χωριζόμ.
1045 5823 1165 5876 cod.
1219 5815 1589 5888 χωριζόμενον
1642 5821 1810 5875 (ἶοὶει.
1868 5821 1995 5874 510.

668 5731 679 5750 θ

320 5745 366 5777 ⁸⁵
390 5747 551 5799 τοῦτο
576 5750 639 5803 Ρ.
669 5745 886 5802 τούτων
907 5767 959 5802 τι
989 5751 1050 5806 (ἓ.

2767 5601 2818 5669 ἡ.
2846 5598 3002 5651 εἵπου
3031 5591 3236 5669 δένδρῳ
3266 5593 3351 5669 ecl.
3405 5593 3478 5669 _'f‘
3502 5591 3606 5669 ἤδη

2405 5674 2448 5705 ⁸⁷
2483 5672 2613 5739 ἐξῆν
2646 5663 2799 5737 οοιί.,’
2823 5669 2965 5739 ἕξειν
2995 5670 3058 5720 Ρ.
3209 5663 3324 5739 ξγάρ
3353 5663 3477 5739 add.
3512 5664 3602 5715 ed.

2298 5749 2354 5819 ἡ.
2382 5747 2431 5812 ἐ,
2468 5735 2618 5797 cal”.
2720 5735 2904 5794 "six.
2937 5738 3104 5795 Colsl.
3132 5736 3260 5793 5l0.
3299 5735 3304 5736 ⁷
3364 5735 3409 5767 ⁹²
3437 5748 3607 5805 χωρισ-
