4022 6234
287 263 425 328 ίὲίἹ

1490 261 1953 324 CHRONICON.
1994 282 2059 299 τ’
2102 261 2247 321 LIB.
2293 260 2393 324 VI.

3420 259 3559 325 1218

286 397 449 447 πούς,
485 380 577 433 καὶ
610 378 875 447 ἐγίνωσκε
900 378 1082 431 πάντα
1109 378 1206 430 καί⁵
1234 378 1535 448 ἐστερέωσι
1569 377 1660 429 τὸν
1689 376 1870 444 λογισ-

1980 373 2267 442 scebatque
2290 372 2473 427 omnia
2498 382 2552 426 et
2580 388 2681 427 sua
2712 374 2964 429 ﬁrmabat
3003 374 3254 429 consilia.
3283 373 3352 430 Ut
3369 387 3556 433 autem

290 480 389 542 μὸν
421 472 607 528 αὑτοῦ.
634 472 742 525 Καὶ
766 469 854 523 ἴνα
889 467 1042 542 δείξῃ
1068 468 1321 539 ποταπὴν
1355 468 1609 539 ἀνδρείαν
1636 469 1732 523 καὶ
1754 469 1876 521 τόλ-

289 585 396 636 μαν
424 567 636 636 ἔχουσιν
658 566 706 617 οί
744 561 1030 633 Ῥωμαῖοι,
1048 562 1204 616 οὐδὲν
1221 561 1506 631 ἐπέμεινεν
1531 561 1619 614 ἶνα
1642 561 1876 616 ἔλθωσιν

285 660 482 711 ἐκεῖνοι
520 657 609 708 ἐπ’
648 655 835 720 αὐτὸν,
875 654 991 709 ἀλλ’
1037 653 1162 706 οὐδὲ
1193 653 1493 706 ἐδειλίασεν
1537 652 1607 705 va
1656 656 1873 723 στραφῇ

283 748 479 810 ὀπίσω,
504 746 627 799 οὐδὲ
655 746 848 815 ἠγάπα
868 744 936 796 νὰ
966 743 1318 797 ἀποκλείεται
1348 742 1454 795 ἔσω
1479 743 1560 805 είς
1583 741 1644 795 τὸ
1674 741 1877 794 παλάτι

287 839 381 891 καὶ
407 838 475 891 va
499 836 810 908 κρύπτεται
856 834 1047 905 ὥσπερ
1097 832 1372 905 τρυφερὸν
1410 831 1667 902 κοράσιον
1692 846 1706 859 ·
1740 830 1876 883 ἀλλὰ

283 931 383 991 τὰς
410 929 605 998 τρίχας
630 927 732 997 τῆς
766 925 1007 997 κεφαλῆς
1051 925 1217 979 αὐτοῦ
1249 926 1347 988 τάς
1373 941 1503 978 ποτε
1534 922 1876 997 μυρισμὲνας

284 1018 495 1088 ἔϐαψαν
520 1018 563 1049 ³⁷
588 1016 759 1079 αὐτὰς
785 1017 840 1069 αἱ
862 1016 1067 1085 πάχναι
1094 1014 1190 1066 καὶ
1210 1012 1421 1083 δροσίαι
1438 1014 1540 1083 τῆς
1561 1014 1762 1083 αὐγῆς,
1782 1011 1878 1064 καὶ

284 1110 320 1178 ἡ
336 1107 481 1178 σὰρξ
500 1106 668 1160 αὐτοῦ
687 1106 797 1161 ἀπὸ
826 1106 920 1159 τὸν
952 1104 1234 1177 κονιορτὸν
1254 1105 1351 1159 καὶ
1377 1105 1485 1159 ἀπὸ
1504 1106 1613 1159 τῶν
1639 1106 1879 1176 ἱδρώτων

287 1196 565 1269 ἐκδάρθη⁶
600 1197 695 1251 καὶ
738 1197 799 1249 τὸ
844 1196 1147 1266 πρόσωπον
1200 1197 1366 1250 αὐτοῦ
1411 1196 1743 1268 ἠμαύρωσεν
1772 1197 1880 1249 ἀπὸ

283 1289 384 1357 τὴν
407 1288 584 1360 πυρὰν
610 1288 704 1342 τοῦ
728 1289 900 1358 ἡλίου.
944 1287 1259 1342 Ἀπέστειλε
1298 1289 1355 1342 δὲ
1386 1289 1480 1343 δύο
1512 1290 1877 1359 στρατηγοὺς,

284 1379 514 1433 ἕκαστον
556 1380 725 1450 87o
767 1379 906 1448 μετὰ
950 1380 1307 1449 καϐαλαρίων
1343 1381 1643 1446 ἐκλεκτῶν,
1668 1381 1879 1434 δώδεκα

288 1470 552 1540 χιλιάδας,
598 1472 782 1534 καθὼς
816 1472 1177 1543 όρθώσουσιν,
1212 1472 1301 1527 ἶνα
1325 1472 1530 1543 εὕρωσι
1576 1460 1879 1543 μοιοπθςια

286 1563 392 1615 ἀπὸ
414 1564 612 1626 τόπους
632 1563 937 1628 δυσϐάτους
963 1567 1060 1619 καὶ
1088 1565 1153 1618 vi
1179 1566 1386 1637 σύρωσι
1404 1567 1474 1619 τὰ
1503 1566 1672 1635 ἄλογα
1698 1566 1879 1620 αὐτῶν

287 1656 378 1709 καὶ
406 1657 471 1708 νὰ
502 1655 779 1711 ἀναϐῶσιν
829 1657 910 1720 εἰς
936 1656 998 1708 τὸ
1037 1656 1163 1727 ὅρος
1197 1657 1381 1721 πεζοὶ,
1422 1657 1551 1710 ἔνθα
1590 1658 1692 1711 οὐκ
1724 1657 1871 1726 εἴκεις

286 1761 370 1798 σιν
407 1747 455 1799 οί
478 1745 762 1817 ,βάρϐαροι
802 1746 1080 1818 προσοχὴν
1108 1748 1142 1817 ἢ
1174 1747 1458 1819 λογισμὸν,
1486 1749 1580 1802 καὶ
1603 1750 1668 1802 va
1700 1766 1868 1802 κατα-

286 1838 454 1887 ϐῶσιν
478 1838 585 1889 ἀπὸ
610 1838 807 1899 τόπους
837 1836 932 1900 οὓς
959 1837 1176 1889 θέλουσι
1205 1839 1372 1910 σύρον
1399 1840 1600 1901 αὐτοὺς
1628 1842 1677 1891 οί
1739 1842 1873 1908 πρό-

285 1929 450 1982 ϐοδοι.
498 1928 557 1981 ὐ
598 1928 654 1981 δὲ
706 1928 895 1999 ἔτερος
948 1930 1257 2000 στρατηγὸς
1308 1932 1508 2001 ὁμοίως
1561 1931 1764 2001 ἐτάχθη
1809 1934 1874 1985 να

284 2021 471 2095 ὑπάγῃ
502 2022 596 2073 καὶ
620 2015 784 2084 αὐτὸς
815 2020 889 2073 δι’
918 2021 1093 2091 ἄλλης
1139 2021 1261 2075 ι’.δοῦ
1293 2023 1359 2074 va
1394 2024 1541 2094 πέσῃ
1576 2025 1761 2077 ἐπάνω
1792 2028 1872 2086 εἰς

286 2112 383 2184 τὴν
418 2114 672 2183 φύλαξιν,
706 2115 841 2167 ὅπου
877 2114 1108 2185 ἐκράτει
1150 2115 1242 2167 τὸν
1285 2116 1475 2183 πόρον,
1508 2118 1601 2168 καὶ
1635 2118 1702 2169 va
1749 2118 1872 2178 τοὺς

282 2205 488 2258 δὼσουν
511 2204 684 2263 οὕτως
707 2205 975 2272 ἐπιδέξια,
1014 2207 1148 2259 ὅπου
1181 2206 1303 2258 οὐδὲ
1339 2206 1445 2260 κᾶν
1476 2201 1556 2268 εἷς
1594 2207 1651 2271 ἐξ
1690 2207 1873 2259 αὐτῶν

281 2302 460 2354 εἰπεῖν
495 2301 561 2352 va
595 2300 763 2370 μηδὲν
796 2301 1056 2371 γλητώσῃ
1093 2301 1159 2353 va
1191 2302 1375 2372 ὑπάγῃ
1426 2302 1719 2368 μαντὰτον.
1762 2302 1873 2354 Ka‘t

283 2396 312 2444 ὁ
367 2393 464 2463 μὲν
511 2393 726 2460 πρῶτος
766 2394 939 2463 ἐπῆρε
971 2393 1031 2445 τὸ
1078 2393 1204 2464 ὅρος
1245 2396 1339 2447 καὶ
1378 2395 1469 2446 ἐπ’
1521 2394 1654 2446 αύτό
1699 2394 1869 2465 ἀνέϐη

286 2489 424 2555 μετὰ
465 2489 717 2558 χιλιάδων
751 2487 817 2556 ιβ’
844 2502 858 2516 ⁸
886 2491 977 2539 καὶ
1003 2487 1222 2554 ἐγένετο
1256 2488 1470 2558 μεγάλη
1500 2487 1590 2559 βία
1619 2488 1761 2541 ὥστε
1803 2490 1869 2541 va

281 2580 543 2635 διαϐὦσιν
574 2581 707 2633 αὐτὸ
730 2581 833 2644 ἓως
856 2580 1072 2652 ἡμέρας
1104 2585 1252 2651 τρεῖς
1274 2598 1288 2612 σ
1331 2582 1429 2634 καὶ
1458 2584 1870 2650 ἐνυκτοπάτησε

288 2675 380 2724 καί
412 2671 618 2743 κατέϐη
655 2674 737 2734 εἰς
766 2672 866 2742 τὴν
897 2673 1066 2742 ἄλλην
1101 2672 1333 2739 μεραίαν
1388 2675 1482 2725 καὶ
1518 2674 1869 2741 ἐγκρνμάτο-

290 2780 380 2815 σεν
410 2766 488 2826 είς
513 2764 679 2817 τόπον
710 2765 1028 2834 σύνδενδρον
1056 2766 1152 2817 καὶ
1179 2766 1443 2835 κρυπτόν.
1489 2766 1595 2816 Καὶ
1624 2766 1672 2816 οί
1707 2764 1871 2815 Βούλ-

285 2872 445 2927 γαροι
491 2854 633 2928 ἦσαν
663 2856 913 2926 πλησίον,
948 2856 1063 2910 ἀλλ’
1100 2858 1202 2909 οὐκ
1251 2858 1464 2926 είχασιν
1504 2857 1715 2927 εἶδησίν
1748 2874 1870 2910 τινα

285 2954 416 3020 περὶ
432 2952 660 3005 τούτων..
696 2951 754 3002 Ὀ
775 2950 833 3002 δέ
860 2949 1019 3013 ἄλλος
1049 2942 1177 3018 εὗρε
1206 2951 1300 3002 καὶ
1328 2950 1491 3011 αὐτὸς
1523 2949 1723 3012 τόπους
1749 2948 1869 3002 λίαν

284 3043 581 3107 δυσκόλους
620 3042 718 3097 καὶ
763 3042 1094 3105 δυσϐάτους·
1134 3043 1287 3111 ὅμως
1325 3044 1463 3111 μετὰ
1504 3041 1708 3096 σκοποῦ
1738 3041 1871 3095 πολ·
1900 3064 1943 3127 C

284 3137 379 3191 λοῦ
409 3138 590 3208 ἐδιὲϐη
618 3138 817 3201 αὺτούς
851 3138 945 3190 καὶ
994 3137 1212 3204 ἀπῆγεν
1258 3136 1367 3189 ἀπὸ
1396 3136 1490 3188 τοῦ
1515 3136 1719 3189 ἔσωθεν
1765 3137 1863 3206 μέο

286 3248 435 3302 ρους,
459 3231 590 3286 ἔνθα
616 3228 685 3302 ἦν
717 3233 751 3302 ὴ
789 3230 1051 3301 φύλαξιςο
1081 3232 1176 3283 καὶ
1208 3230 1345 3300 πρὸς
1375 3229 1526 3300 ὥραν
1559 3231 1656 3298 τῆς
1690 3230 1865 3299 αύγῆς

284 3322 495 3375 ἔδωκαν
521 3323 588 3375 τὰ
639 3323 845 3392 ὄργανα
881 3324 977 3375 καὶ
1015 3322 1085 3373 τὰ
1147 3320 1431 3389 παιγνίδια
1480 3319 1573 3372 τοῦ
1608 3320 1864 3389 πολέμου.

286 3416 398 3469 Καὶ
427 3416 776 3485 ἐφοϐήθησαν
819 3416 867 3467 οί
922 3413 1227 3484 Βούλγαροι
1263 3413 1433 3481 φόϐον
1469 3414 1647 3484 μέγαν
1679 3415 1757 3475 είς
1808 3413 1870 3466 τὸ

284 3509 617 3562 ἀνέλπιστον
659 3509 860 3561 κακόν·
920 3508 1201 3577 ἐπήδησαν
1253 3506 1384 3573 γοῦν
1421 3508 1469 3559 οί
1515 3506 1771 3578 Ῥωμαῖοι
1820 3510 1869 3561 οί

286 3601 476 3655 ἐπάνω
504 3600 683 3654 αὐτῶν
712 3601 806 3652 καὶ
833 3598 1151 3652 ἐκύκλωσαν
1181 3600 1400 3663 αὐτοὺς,
1429 3601 1525 3653 καὶ
1549 3600 1744 3663 ἄλλους
1773 3599 1871 3669 μὲν

287 3695 554 3765 ἔσφαξαν,
580 3694 773 3757 ἄλλους
802 3694 857 3748 δὲ
886 3693 1147 3746 ἐπίασαν·
1173 3695 1267 3746 καὶ
1306 3693 1427 3746 οὐδὲ
1462 3688 1541 3758 εἷς
1565 3694 1872 3763 ἐγλήτωσεν

290 3789 400 3841 ἀπὸ
451 3788 549 3850 τὰς
604 3790 793 3856 χεῖρας
846 3786 1048 3839 αὐτῶν.
1110 3787 1221 3840 Καὶ
1274 3785 1448 3849 οὕτως
1496 3784 1769 3855 ἐχάλασαν
1814 3784 1874 3836 τὸ

290 3884 431 3952 δέμα
451 3898 464 3912 ο
495 3880 591 3933 καὶ
614 3881 642 3931 ὁ
677 3879 931 3950 βασιλεὺς
953 3876 1028 3929 ὢν
1058 3879 1279 3947 ἕτοιμος
1316 3878 1454 3947 μετὰ
1500 3876 1596 3930 τοῦ
1632 3880 1870 3945 φοσάτου

291 3974 510 4045 εἰσῆλθε
535 3974 630 4026 καὶ
672 3973 885 4041 ἀπῆγεν
919 3969 1060 4040 μετὰ
1103 3969 1415 4040 προθυμίας
1463 3970 1605 4023 κατὰ
1632 3969 1726 4022 τοῦ
1773 3986 1870 4038 με-

294 4070 457 4137 γάλου
488 4067 697 4120 ἐκείνου
736 4066 975 4133 φοσὰτου
1004 4063 1097 4115 καὶ
1133 4063 1307 4126 οὕτως
1342 4064 1717 4131 ἀπερχόμενος
1752 4063 1871 4115 καθ’

292 4162 410 4213 ὁδὸν
436 4162 711 4231 ὑπήντησε
758 4158 885 4220 τοὺς
934 4153 1305 4221 καϐαλαρίους
1344 4154 1476 4205 ὅπου
1509 4154 1736 4222 ἡρχοντο
1789 4154 1876 4205 δια

296 4253 507 4320 βίγλαν,
552 4254 645 4304 καὶ
677 4249 903 4303 ἐπίασεν
931 4248 1212 4309 ἅπαντας
1258 4247 1355 4299 καὶ
1394 4262 1461 4314 με
1475 4245 1511 4297 τ’
1556 4246 1739 4311 ὀλίγον
1768 4247 1875 4297 πα-

294 4347 378 4396 λιν
416 4346 726 4414 ὑπήντησεν
768 4340 962 4403 ἄλλους
1020 4338 1242 4403 ἑκατὸν,
1296 4336 1487 4407 βίγλας
1531 4338 1624 4388 καὶ
1677 4338 1875 4399 αὐτοὺς

1980 465 2295 520 ostenderet
2320 472 2583 535 quautam
2632 464 3017 523 fortitudinem
3050 477 3107 521 et
3141 466 3429 525 audaciam
3460 472 3556 527 hac

1979 559 2142 613 beant
2182 556 2437 624 Romani,
2499 572 2609 611 non
2636 559 2973 629 exspectavit
3022 559 3199 615 donec
3228 562 3282 616 in
3316 563 3556 633 seipsum

1980 649 2165 704 hostes
2200 650 2492 713 irruerent,
2524 664 2626 703 nec
2657 650 2837 703 timuit
2884 666 2952 705 ne
2988 660 3419 721 retroageretur,
3459 670 3558 709 nec

1982 739 2152 792 voluit
2201 738 2402 793 includi
2458 739 2511 793 in
2570 739 2774 809 palatio
2804 747 2858 793 et
2906 742 3169 797 occultari
3218 755 3275 798 ut
3321 745 3557 800 delicata

1980 830 2201 900 puella;
2239 830 2332 885 sed
2361 845 2576 885 comam
2613 831 2807 900 capitis
2841 832 2924 887 sni
2958 834 3087 888 olim
3136 839 3427 906 unguentis
3460 839 3561 895 de-

1981 923 2208 976 libutam
2253 938 2399 977 nunc
2455 923 2648 993 pruina
2706 932 2760 978 et
2809 939 2933 979 rore
2972 928 3241 982 matutino
3273 929 3558 1001 irrigabat,

1980 1029 2111 1069 caro
2140 1014 2261 1083 ejus
2293 1014 2518 1083 pulvere
2564 1031 2633 1069 ac
2678 1016 2976 1071 sudoribus
3019 1019 3351 1089 rugabatttr;
3380 1024 3561 1079 vultus

1980 1107 2165 1161 calore
2229 1107 2360 1162 solis
2418 1108 2691 1163 obscurus
2745 1108 2929 1162 ﬁebat.
2984 1108 3128 1165 Misit
3180 1123 3362 1168 autem
3420 1117 3561 1173 duos

1980 1198 2169 1262 duces,
2203 1210 2499 1269 utrumque
2547 1216 2673 1254 cum
2709 1200 3000 1255 duodecim
3051 1204 3297 1272 equitum
3330 1207 3560 1264 delecto-

1982 1306 2102 1344 rum
2142 1291 2411 1355 millibus,
2452 1300 2512 1345 ut
2551 1300 2702 1346 recta
2732 1301 3038 1362 pergerent
3085 1293 3150 1347 ad
3200 1294 3564 1353 iuveniendos

1984 1382 2230 1435 tramites
2271 1384 2340 1435 ob
2406 1383 2650 1436 locorum
2697 1384 3071 1439 difficultatem
3120 1389 3562 1456 angustissimos,

1983 1485 2149 1545 utque
2199 1477 2483 1530 traherent
2530 1492 2702 1545 equos
2750 1493 2901 1546 suos,
2944 1488 2999 1531 et
3040 1489 3279 1535 montem
3330 1484 3564 1551 pedibus

1981 1569 2361 1632 ascenderent,
2396 1569 2483 1621 ubi
2521 1570 2737 1623 barbari
2772 1586 2881 1623 non
2919 1573 3377 1641 praestolabantur
3402 1587 3456 1630 et
3493 1592 3561 1632 ne

1984 1660 2414 1729 suspicabantur
2429 1660 2674 1731 quidem,
2700 1677 2761 1716 ac
2777 1663 3174 1718 descenderent
3197 1664 3265 1719 de
3286 1667 3418 1722 locis
3440 1684 3563 1738 quae

1982 1768 2252 1825 occupare
2275 1753 2432 1807 vellet
2455 1756 2713 1824 praevium
2751 1755 2990 1809 hostium
3011 1770 3224 1825 agmen.
3254 1760 3405 1811 Alter
3434 1776 3562 1816 vero

1983 1846 2090 1899 dux
2119 1846 2322 1913 pariter
2347 1846 2538 1916 jussus
2560 1855 2641 1901 est
2672 1848 2967 1903 succedere
2997 1850 3103 1903 aiia
3122 1850 3230 1913 via,
3255 1850 3322 1904 ad
3359 1852 3563 1907 irrum-

1984 1938 2217 2005 pentlum
2256 1936 2309 1990 in
2338 1940 2596 1992 custodrs
2631 1938 2721 2006 qui
2768 1939 3059 1993 transitum
3111 1944 3472 2010 occupabant,
3509 1956 3565 1999 et

1983 2028 2049 2081 ad
2090 2042 2185 2084 eos
2214 2029 2557 2084 dextrorsum
2607 2031 2688 2083 sic
2721 2030 3168 2099 aggrediendum,
3212 2042 3274 2086 ut
3326 2049 3392 2087 ne
3420 2036 3564 2090 ullus

1982 2117 2201 2186 quidem
2257 2135 2320 2171 ex
2368 2121 2450 2172 eis
2485 2121 2803 2173 mandatum
2838 2121 2991 2175 daret
3043 2131 3102 2176 ut
3156 2124 3451 2192 quisquam
3503 2143 3564 2182 se

1984 2205 2110 2277 fuga
2162 2209 2513 2264 subduceret.
2542 2210 2701 2264 l’rior
2729 2210 2951 2280 quidem
2995 2221 3282 2283 occupavit
3321 2229 3559 2273 montem

1980 2300 2034 2353 in
2084 2316 2321 2369 eumque
2373 2304 2622 2356 ascendit
2677 2319 2806 2357 cum
2854 2303 3146 2361 duodecim
3194 2308 3454 2375 millibus,
3509 2320 3565 2366 et

1982 2409 2174 2464 magna
2229 2396 2279 2446 vi
2328 2394 2470 2449 enisi
2515 2403 2664 2457 sunt,
2716 2396 2789 2448 ita
2838 2404 2896 2448 ut
2938 2396 3080 2449 intra
3112 2408 3223 2451 ttes
3265 2399 3384 2454 dies
3418 2402 3563 2455 hunc

1983 2486 2309 2555 transgressi
2356 2487 2466 2539 sint
2502 2502 2516 2549 ;
2550 2497 2604 2539 et
2640 2495 2805 2538 noctu
2839 2488 3109 2554 processit
3170 2490 3564 2560 descenditque

1984 2577 2036 2629 in
2079 2576 2308 2630 alteram
2360 2586 2595 2646 partem,
2627 2585 2681 2630 et
2728 2590 2861 2630 suos
2900 2577 3188 2631 abscondit
3216 2580 3268 2631 in
3315 2581 3433 2633 loco
3465 2583 3561 2636 ab-

1979 2667 2093 2721 dito
2127 2678 2179 2722 et
2234 2668 2519 2722 arboribus
2559 2668 2791 2723 consito.
2832 2668 3050 2737 Bnlgari
3096 2680 3251 2722 erant
3302 2674 3558 2739 proximi,

1980 2760 2073 2813 sed
2138 2760 2343 2813 nullam
2398 2760 2673 2815 habebant
2725 2760 2943 2814 illorum
2982 2763 3253 2816 notitiam.
3283 2764 3561 2819 l’osterier

1981 2863 2109 2903 vero
2140 2850 2346 2904 invenit
2367 2859 2421 2904 et
2444 2853 2556 2920 ipse
2573 2851 2690 2905 loca
2713 2851 3032 2907 difﬁcillima
3056 2863 3109 2907 et
3132 2860 3418 2923 perardua,
3438 2874 3562 2929 qua:

1980 2950 2163 2996 tamen
2187 2958 2385 3012 magna
2407 2952 2531 2997 cum
2554 2946 2864 2998 constantia
2885 2945 3127 3011 transiit,
3163 2957 3217 3000 et
3247 2949 3471 3003 recessit
3493 2950 3562 3003 ab

1981 3032 2229 3086 interiori
2257 3046 2410 3102 parte
2444 3033 2533 3086 ubi
2568 3044 2686 3088 erat
2713 3036 2960 3087 custodia
2994 3052 3008 3101 ;
3040 3052 3102 3089 ac
3122 3037 3251 3089 diIut
3273 3038 3361 3092 nlo
3385 3038 3563 3106 primo

1973 3125 2289 3180 cecinerunt
2320 3126 2543 3193 organis
2581 3126 2860 3196 tibiisque.
2894 3124 3110 3195 Bulgari
3145 3140 3324 3183 autem
3361 3145 3562 3200 magno

1972 3217 2209 3285 perculsi
2261 3226 2389 3271 sunt
2442 3226 2659 3271 terrore
2704 3217 2774 3271 ob
2819 3217 3154 3285 inopinatam
3210 3222 3559 3288 perniciem:

1973 3308 2159 3378 itaque
2211 3310 2491 3363 irrtterttnt
2537 3309 2590 3362 in
2651 3324 2748 3364 eos
2780 3308 3035 3373 Romani,
3070 3326 3278 3379 eosque
3317 3313 3557 3369 circurn-

1974 3410 2262 3465 vencrunt,
2293 3409 2350 3453 et
2397 3401 2535 3455 alios
2601 3400 3030 3467 trucidaverunt,
3079 3402 3217 3456 alios
3274 3416 3560 3472 ceperunt,

1975 3510 2074 3549 nec
2106 3494 2253 3550 ullus
2282 3511 2347 3549 ex
2385 3497 2600 3550 illorum
2639 3496 3124 3565 manibusen‘ugit.
3159 3497 3250 3552 Sic
3283 3499 3558 3554 vinculum

1973 3602 2083 3656 quo
2137 3587 2567 3657 impediebantur
2634 3588 2939 3641 solverunt.
3013 3588 3320 3657 Imperator
3373 3600 3557 3647 autem

1976 3687 2200 3746 paratus
2221 3692 2346 3731 cum
2378 3678 2495 3732 suis
2522 3678 2694 3747 copiis
2717 3676 3021 3746 penetravit
3046 3686 3097 3728 et
3136 3681 3401 3743 processit
3420 3696 3559 3735 con-

1979 3772 2204 3825 ﬁdenter
2230 3780 2422 3823 contra
2458 3770 2611 3823 illum
2660 3769 2939 3838 ingentem
2994 3769 3320 3834 exercitum,
3370 3770 3561 3840 sicque

1981 3862 2261 3933 profectus
2294 3862 2487 3916 obvios
2528 3862 2719 3915 habuit
2776 3861 2989 3930 equites
3034 3860 3128 3929 qui
3184 3861 3560 3927 praecedebant

1976 3956 2215 4026 primunt
2266 3971 2486 4024 agmen,
2560 3968 2766 4023 eosque
2815 3968 3011 4006 omnes
3084 3953 3210 4005 iecit
3267 3952 3559 4019 captivos;

1979 4050 2141 4119 paulo
2172 4057 2294 4116 post
2342 4062 2535 4101 rursus
2568 4046 2810 4101 occurrit
2866 4045 2988 4099 aliis
3042 4057 3289 4109 Centum,
3351 4044 3416 4098 ad
3450 4044 3562 4113 pri-

1982 4156 2128 4191 mum
2180 4155 2372 4207 agmen
2429 4147 2484 4190 et
2533 4137 2664 4204 ipsis
2714 4136 3131 4202 pertinentibus,
3175 4150 3314 4204 quos
3354 4137 3560 4204 pariter

1979 4231 2145 4298 cepit.
2195 4229 2412 4298 Bulgari
2473 4229 2704 4291 interea,
2733 4227 3069 4281 conﬁdentes
3123 4229 3224 4281 sibi
3275 4244 3562 4297 superesse

1983 4326 2216 4391 primum
2253 4335 2472 4389 agmen,
2508 4328 2663 4373 erant
2695 4319 2897 4380 securi,
2930 4330 2984 4373 et
3012 4321 3278 4374 sedebant
3306 4322 3422 4375 sine
3450 4323 3559 4379 ulla

291 4436 474 4497 ὄντας,
507 4436 601 4487 καὶ
654 4434 849 4487 ἐπίασε
902 4433 998 4484 καὶ
1052 4430 1271 4491 αύτούς.
1313 4430 1376 4480 Οί
1424 4428 1725 4496 Βούλγαροι
1783 4427 1872 4479 οὖν

1982 4411 2290 4466 formidine.
2345 4411 2644 4480 imperator
2694 4412 2894 4466 iterum
2932 4421 3092 4465 noctu
3141 4413 3398 4481 perrexit,
3447 4415 3558 4482 pri-

295 4527 626 4599 θαρροῦντες
656 4527 738 4579 ὅτι
768 4527 955 4595 ἐχουσι
998 4522 1212 4592 βίγλας,
1249 4518 1390 4592 ἦσαν
1425 4522 1747 4590 ἀμέριμνοι,
1784 4522 1878 4571 καὶ

295 4620 620 4683 ἐκαθέζοντο
654 4619 783 4686 δίχα
819 4617 987 4686 φόϐον
1022 4617 1166 4669 τινά.
1211 4615 1320 4668 Καὶ
1353 4616 1381 4667 ὁ
1422 4612 1681 4683 βασιλεὺς
1718 4611 1878 4662 πάλιν

294 4714 707 4782 ἐνυκτοπόιτησε
765 4711 859 4763 καὶ
909 4708 1046 4779 πρὸς
1086 4707 1237 4778 ὥραν
1301 4707 1398 4776 τῆς
1448 4706 1624 4773 αὐγῆς
1679 4706 1879 4757 ἔδωκεν

296 4804 481 4855 ἐπάνω
519 4804 598 4864 είς
630 4801 830 4863 αὐτοὺς
858 4800 1015 4868 ἄφνω
1062 4800 1158 4851 καὶ
1193 4798 1304 4851 ἀπὸ
1330 4796 1425 4849 τοῦ
1475 4797 1663 4866 ἐτέρου
1714 4797 1877 4866 μέρος

292 4902 320 4949 ὁ
348 4893 851 4968 ἐγκρυματωμένος
886 4892 1191 4963 στρατηγὸς
1231 4892 1467 4962 ὁμοίως*
1506 4893 1601 4943 καὶ
1645 4888 1873 4960 εὑρέθη-

296 5004 398 5040 σαν
419 4986 469 5039 οί
500 4985 801 5055 Βούλγαροι
829 4983 1223 5054 ἁναρμάτωτοι
1253 4982 1349 5035 καὶ
1383 4980 1750 5052 βεϐαρημένοι
1776 4979 1872 5033 τοῦ

297 5079 469 5133 ὕπνου
517 5078 609 5131 καὶ
661 5076 933 5149 ὥρμησαν
990 5075 1056 5127 va
1107 5076 1378 5142 φεύγουν*
1435 5072 1531 5126 καὶ
1579 5072 1797 5141 ἐγένετο
1840 5073 1874 5141 ἠ

297 5167 562 5239 σνντριϐὴ
614 5169 708 5220 καὶ
757 5168 787 5236 ἡ
829 5166 1044 5234 ἀνάγκη
1085 5164 1266 5217 αἱ·τῶν
1298 5164 1391 5215 καὶ
1435 5164 1463 5215 ὁ
1491 5162 1655 5231 φόϐος
1705 5162 1879 5214 πολλὰ

300 5262 475 5332 μέγας
501 5275 516 5289 ⁸
574 5261 671 5314 καὶ
720 5260 823 5313 ούκ
872 5258 1178 5325 ἐγίνωσκαν
1238 5255 1342 5309 ποῦ
1421 5254 1726 5322 ύπόιγωσιν,
1787 5254 1883 5307 καὶ

299 5350 541 5402 επιπταν
570 5350 648 5411 εἰς
684 5349 811 5410 τοὺς
832 5348 1109 5417 ποταμοὺς
1133 5347 1226 5399 καὶ
1259 5344 1546 5413 ἐπνίγοντο
1577 5361 1590 5375 ο
1625 5344 1721 5397 καὶ
1744 5360 1875 5395 κατ-

298 5444 531 5512 έσφαξεν
555 5441 718 5513 871
752 5436 834 5503 εἷς
869 5442 956 5494 τὴν
1001 5438 1160 5492 ἄλλον
1186 5456 1200 5470 ο
1238 5439 1331 5491 καὶ
1360 5439 1409 5490 οί
1448 5437 1709 5506 Ῥωμαῖοι
1743 5453 1870 5490 κατ-

1981 4518 2182 4572 moque
2231 4503 2473 4557 diluculo
2523 4502 2709 4555 subito
2765 4501 2820 4555 in
2870 4501 2993 4557 illos
3046 4501 3208 4556 irruit
3252 4503 3562 4571 pariterque

1979 4597 2146 4652 simul
2184 4610 2249 4650 ex
2290 4595 2505 4650 insidiis
2537 4609 2834 4663 erumpens
2864 4594 2998 4649 dux.
3028 4590 3245 4663 Reperti
3277 4607 3403 4646 sunt
3433 4592 3561 4647 Bul-

1979 4691 2095 4763 gari
2158 4688 2397 4743 inermes
2449 4698 2502 4742 et
2558 4701 2756 4740 somno
2814 4686 3043 4757 gravati,
3095 4696 3562 4755 capesseruntque

1981 4780 2186 4851 fugam,
2239 4789 2291 4833 et
2356 4778 2555 4832 invasit
2610 4792 2705 4832 eos
2744 4776 3118 4831 consternatio
3170 4775 3460 4846 inopiaque
3508 4784 3562 4830 et

1985 4880 2162 4925 terror
2209 4870 2482 4923 maximus
2511 4885 2527 4923 :
2575 4868 2890 4924 nesciebant
2917 4867 3059 4922 enim
3089 4880 3198 4936 quo
3226 4869 3561 4930 recederent,

1975 4965 2355 5033 cadebantque
2404 4961 2459 5015 in
2518 4961 2711 5016 ﬂuvius
2753 4971 2809 5016 et
2848 4961 3260 5030 mergebantur,
3303 4968 3358 5013 et
3420 4960 3562 5014 alius

1977 5058 2144 5111 alium
2189 5055 2519 5125 jugulabat;
2567 5064 2620 5108 et
2670 5052 2902 5107 Romani
2969 5052 3330 5123 proﬂigabant
3376 5065 3470 5107 eos
3507 5061 3563 5106 et

1978 5147 2489 5205 itnmiserieorditer
2544 5147 2927 5211 trucidabant;
2984 5157 3038 5200 et
3095 5146 3421 5201 ceciderunt
3468 5144 3560 5199 illa

1980 5244 2066 5297 die
2113 5243 2360 5295 Romano
2404 5239 2585 5311 gladio
2622 5249 2839 5293 centum
2875 5247 2930 5292 et
2984 5237 3263 5308 sexaginta
3302 5238 3563 5293 barbaro-

1986 5353 2107 5389 rum
2138 5334 2330 5400 millia,
2357 5333 2429 5389 ita
2458 5340 2521 5388 ut
2547 5330 2768 5387 ﬂumina
2794 5346 2891 5401 pro
2920 5330 3079 5402 aquis
3108 5331 3425 5399 sanguinem
3444 5328 3562 5386 vol-

1988 5440 2196 5486 verem.
2224 5426 2387 5499 Fugit
2414 5428 2629 5483 illorum
2645 5430 2773 5492 dux,
2794 5435 3161 5495 ceperuntque
3189 5422 3416 5479 Romani
3438 5434 3559 5479 ten-

1500 5574 1698 5636 Varite
1722 5570 2031 5635 lectiones
2062 5577 2122 5631 et
2162 5576 2349 5629 noue.

1191 5700 1200 5711 ο
1253 5702 1279 5713 σι

359 5708 417 5799 ξ’
450 5709 687 5783 πειράνῖ
