4022 6234
341 325 482 392 1253

1509 321 1976 392 CHRONiCON.
2010 345 2082 359 υ*
2123 321 2272 383 LIB.
2316 322 2420 382 VI.

3465 327 3600 392 125i

335 444 430 506 τὰς
486 445 566 504 εἰς
621 441 682 494 τὸ
715 439 974 510 δημόσιον
1031 439 1290 495 ἀπάντων
1341 438 1538 503 κοινῶς
1584 439 1631 470 ³⁸
1688 437 1905 508 ὀφειλὰς

2018 435 2136 488 uias
2195 435 2390 489 aerario
2445 434 2662 504 publico
2732 434 2943 492 debitas
3001 437 3216 493 cunctis
3283 440 3599 510 remittens,

333 533 584 602 bet-sy.th
639 531 1108 603 ἀπροσδιορίστως
1132 568 1149 596 ,
1192 531 1289 584 καὶ
1329 530 1677 601 χρεωκοπίαν
1707 529 1913 584 τούτων

334 624 615 692 θέσπισμά
644 642 696 676 τι
736 623 1176 694 μεγαλοπρεπῶς
1211 624 1610 692 ἐργασάμενος.

405 716 480 787 t7)
517 717 560 747 ³’⁰
602 717 724 770 Ἔτι
773 717 828 769 δὲ
882 716 959 786 τῷ
994 716 1267 786 Βρυεννίῳ
1319 715 1460 768 κατά
1521 716 1619 785 τὴν
1675 715 1912 786 ἑσπέραν

329 805 573 876 ἐχομένῳ
594 807 692 876 τῆς
713 808 1030 877 τυραννίδος
1056 806 1290 878 [στέλλει
1316 809 1442 869 τοὺς
1463 807 1910 873 ἀπαγγέλλοντας

327 898 427 968 τὴν
479 899 574 951 τού
634 899 913 970 Καίσαρος
963 900 1125 966 ἀξίαν
1156 899 1306 970 αύτῴ
1335 900 1557 963 διδόναι,
1594 900 1642 951 εἰ
1678 899 1777 968 τῆς
1813 915 1909 950 τυ-

334 989 604 1062 ραννίδος]
655 991 972 1060 ἀπόσχοιτο,
1011 993 1106 1044 καὶ
1140 993 1252 1054 τοῖς
1305 989 1454 1058 αὐτῷ
1513 988 1911 1061 συναραμένοις

327 1082 426 1144 τὰς
453 1082 614 1149 τιμὰς
648 1081 1043 1135 ὲπιὸεϐαιῶσαι
1065 1122 1079 1147 ,
1113 1077 1200 1144 αἷς
1232 1082 1430 1141 αὐτοὺς
1467 1081 1674 1142 ἐκεῖνος
1718 1079 1912 1148 ἐτίμη-

334 1189 446 1225 σεν.
465 1172 522 1225 ’0
543 1173 600 1226 δὲ
626 1173 830 1243 σφόδρα
854 1175 948 1243 τῆς
977 1173 1254 1244 βασιλείας
1282 1173 1489 1240 ἐφίετο,
1515 1173 1611 1224 καὶ
1635 1170 1910 1232 ἀνένδοτος

326 1258 414 1332 ἦν.
438 1265 606 1317 Πάλιν
638 1260 732 1316 οὖν
768 1265 930 1334 ἑτέρα
957 1265 1224 1335 πρεσϐεία
1246 1280 1258 1295 ·
1286 1266 1380 1318 καὶ
1410 1265 1502 1316 ἐπὶ
1525 1262 1696 1332 ταύτῃ
1726 1260 1908 1332 τρίτη.

343 1352 399 1408 ’0
420 1354 466 1406 δ’
497 1355 978 1426 ύπερηφανεύετο,
1017 1360 1110 1410 καὶ
1149 1358 1270 1410 οὐδὲ
1320 1357 1459 1409 κατὰ
1489 1355 1606 1428 ἱτὰ]
1636 1356 1744 1408 τῶν
1776 1354 1913 1425 πρέ-

330 1445 505 1497 σὸεων
554 1447 763 1516 νόμιμα
794 1448 920 1510 τοὺς
971 1447 1231 1518 πρέσϐεις
1279 1448 1513 1517 ἐδέχετο,
1549 1447 1666 1500 ἀλλ’
1699 1448 1910 1517 ἀτίμως

327 1536 525 1598 αὐτοὺς
577 1536 964 1602 ἀπεπέμπετο.
1018 1537 1057 1568 ⁸¹
1122 1535 1211 1600 Ὠς
1263 1538 1415 1592 οὐδὲν
1470 1535 1564 1591 οὖν
1617 1539 1913 1609 εἰρηνικῶς

328 1628 511 1680 ἀνύειν
547 1625 688 1695 ἔγνω
718 1631 744 1681 ὁ
773 1628 1059 1698 βασιλεὺς,
1085 1632 1179 1682 καὶ
1205 1631 1354 1684 ἄκων
1381 1631 1516 1700 πρὸς
1552 1633 1732 1702 μάχην
1771 1633 1910 1684 ἁπέ-

325 1737 547 1787 τ-τυσεν,
606 1722 701 1773 καὶ
776 1721 866 1774 τὸν
944 1723 1232 1792 Κομνηνὸν
1299 1721 1536 1787 Ἀλέξιον
1597 1722 1909 1794 τετιμηκὼς

2017 542 2318 596 earumque
2347 527 2730 582 remissionem
2759 528 2978 583 decreto
3003 531 3291 600 magnifice
3325 537 3600 592 sanciens.

2093 710 2297 765 Deinde
2323 710 2598 779 Bryennio
2637 711 2704 765 ad
2738 727 3018 781 vesperam
3055 715 3358 784 tyrannidis
3406 733 3464 771 se
3503 717 3605 771 ba-

2016 801 2162 856 benti
2193 801 2339 855 misit
2384 803 2608 858 nuntius
2651 803 2744 872 qui
2777 805 3185 872 pollicerentur,
3218 809 3380 863 modo
3414 818 3605 880 tyran-

2017 893 2130 947 nidi
2195 894 2556 958 reuunliaret,
2589 894 2820 951 Carsaris
2861 897 3178 966 dignitatem
3218 904 3266 954 ei
3316 902 3604 955 conferen-

2013 985 2138 1040 dam
2172 999 2314 1049 esse,
2339 997 2392 1040 et
2424 987 2606 1042 socios
2627 987 2747 1054 ejus
2774 989 3177 1044 conﬁrmandos
3199 992 3252 1046 in
3279 993 3600 1056 honoribus.

2015 1078 2216 1145 quibus
2258 1091 2354 1132 eos
2399 1080 2513 1147 ipse
2562 1079 2910 1134 lionorassct.
2954 1082 3020 1135 At
3063 1083 3149 1137 ille
3184 1085 3472 1153 imperium
3509 1101 3603 1141 ve-

2016 1165 2296 1221 hementer
2342 1168 2595 1237 cupiebat
2623 1179 2679 1223 et
2722 1170 2853 1224 nihil
2903 1173 3201 1226 concedere
3235 1177 3464 1230 volebat.
3505 1176 3603 1231 Se-

2016 1257 2195 1312 cunda
2244 1257 2406 1327 igitur
2457 1261 2746 1330 delegatio,
2787 1271 2841 1316 et
2897 1275 3020 1333 pOst
3068 1265 3206 1319 hanc
3252 1269 3411 1320 tertia
3463 1287 3474 1322 :
3513 1269 3602 1324 ille

2016 1362 2143 1403 vero
2172 1349 2435 1415 insolens,
2473 1367 2572 1406 nec
2603 1355 2907 1408 secundum
2952 1356 3077 1423 jura
3122 1361 3334 1411 sancita
3365 1360 3602 1428 excipie-

2015 1437 2106 1492 bat
2153 1438 2379 1508 legatos,
2447 1439 2557 1495 imo
2629 1443 2893 1510 probrose
2943 1445 3273 1501 dimittebat.
3311 1449 3377 1503 Ut
3431 1450 3596 1519 igitur

2015 1530 2237 1600 aguoxit
2270 1531 2567 1601 imperator
2595 1550 2655 1588 se
2705 1536 2842 1588 nihil
2876 1537 3097 1605 pacifica
3133 1539 3359 1606 lucrari,
3393 1541 3601 1599 invitus

2016 1621 2154 1675 bello
2191 1637 2321 1676 usus
2355 1632 2457 1681 est.
2489 1633 2543 1678 et
2571 1625 2763 1679 Alexio
2809 1626 3086 1682 Comncno
3141 1631 3404 1698 dignitate
3445 1634 3602 1689 nobi-

2018 1711 2212 1764 lissimi
2260 1717 2552 1784 magnique
2607 1716 3189 1774 Domesticihmtorato
3235 1731 3287 1775 et
3339 1724 3602 1780 Romanis

330 1814 690 1884 νωὸελίσιμον
720 1814 814 1867 κα)⁵
848 1813 1344 1885 προχειρισάμενος
1373 1816 1545 1884 μέγαν
1593 1815 1905 1884 δομέστικοι

2021 1803 2312 1870 ργαιροείιο
2391 1805 2587 1873 cepiis,
2657 1807 3064 1875 expeditionem
3137 1808 3264 1864 fecit
3336 1813 3600 1867 adversus

330 1905 426 1958 καὶ
489 1906 818 1975 Ῥωμαϊκῶν
879 1906 1042 1961 αὑτὸν
1091 1906 1376 1976 δυνάμεων
1433 1906 1907 1978 προστησάμενος,

330 1997 470 2050 κατὰ
495 1998 587 2051 τού
635 1998 920 2068 Βρυεννίου
951 1999 1340 2070 ὲξέπραττεν³¹
1365 2016 1378 2030 ο
1407 1999 1465 2061 ὃς
1497 1999 1671 2069 τούτῳ
1700 1999 1911 2070 συμϐα-

329 2089 436 2141 λὼν
464 2091 607 2144 κατά
638 2107 690 2143 τι
721 2090 920 2160 χωρίον
975 2088 1312 2160 Καλαὸρύην
1355 2091 1674 2158 λεγόμενον,
1725 2092 1813 2144 διὰ
1850 2093 1909 2145 τὸ

331 2186 673 2256 κατάρῥυτον
691 2180 830 2238 εἶναι
854 2186 942 2239 τὸν
962 2185 1128 2238 τόπον
1147 2186 1372 2256 βρύσεσι
1395 2186 1606 2240 ὑδάτων
1625 2187 1844 2250 πολλαῖς
1865 2188 1908 2218 ⁸³

329 2295 388 2329 τε
437 2277 528 2330 καὶ
569 2277 834 2345 ἀγαθαῖς,
888 2277 1089 2348 ῥᾳδίως
1146 2281 1244 2348 τῆς
1298 2278 1507 2332 ἐκείνου
1557 2278 1906 2346 περιεγένετο

330 2369 588 2434 στρατιᾶς
607 2385 620 2396 ·
650 2372 742 2421 καὶ
776 2368 882 2420 τῶν
915 2369 1014 2437 μὲν
1037 2369 1332 2434 πεσόντων,
1358 2370 1467 2422 τῶν
1506 2369 1563 2422 δὲ
1600 2369 1902 2438 φυγόντων,

325 2457 434 2512 εἷλε
474 2461 712 2529 μονωθέν
741 2461 906 2530 897
942 2477 1009 2514 τοι
1058 2460 1151 2511 τὸν
1196 2461 1647 2530 τυραννήσανταο
1685 2459 1777 2512 καὶ
1809 2459 1903 2514 τού

326 2553 500 2619 φωτος
519 2551 608 2602 τὸν
633 2550 866 2602 δείλαιον
886 2549 1285 2618 ἀπεστέρησεν,
1307 2551 1403 2603 καὶ
1424 2551 1686 2618 εἰσήγαγε
1705 2548 1906 2618 τυφλὸν

325 2646 405 2706 είς
435 2644 533 2712 τὴν
569 2640 996 2712 βασιλεύουσαν
1035 2640 1130 2693 καὶ
1159 2643 1192 2708 ἠ
1245 2641 1343 2708 μὲν
1369 2640 1462 2696 τοῦ
1493 2640 1783 2710 Βρυεννίου
1826 2641 1904 2703 εἰς

324 2737 485 2789 τοῦτο
513 2736 668 2796 τέλος
695 2735 739 2767 ³⁵
772 2734 1114 2803 κατήντησεν
1142 2731 1514 2795 ἐπανάστασις
1542 2733 1608 2788 ³³,

396 2828 470 2898 (8)
496 2827 539 2859 ³⁵
583 2825 994 2893 Ἐπανέστησαν
1023 2823 1079 2876 δὲ
1114 2825 1208 2876 καὶ
1241 2824 1290 2876 οί
1318 2822 1592 2894 Βάραγγοι
1634 2823 1779 2878 κατὰ
1807 2824 1903 2878 τοῦ

329 2919 592 2988 βασιλέως
620 2916 831 2969 ἀνελεῖν
857 2914 1020 2967 αὑτὸν
1065 2915 1466 2986 μελετήσαντες
1487 2932 1502 2947 °
1543 2917 1907 2987 ἀντιταξαμέ-

324 3027 420 3079 νης
451 3010 494 3061 δ’
525 3010 707 3070 αὐτοῖς
752 3007 937 3077 χειρὸς
982 3008 1174 3078 ἐτέρας
1208 3007 1548 3078 Ῥωμαῖκῆς,
1581 3010 1660 3072 εἰς
1693 3009 1903 3064 ἱκεσίαν

325 3101 626 3169 ἐτράποντο
657 3097 754 3150 καὶ
783 3095 1113 3167 συγγνώμης
1145 3097 1429 3168 ἐπέτυχον.

395 3193 470 3262 (9)
497 3194 541 3228 ³⁸
575 3193 665 3262 Τῷ
685 3191 740 3244 δὲ
767 3190 986 3261 βασιλεῖ,
1014 3190 1190 3262 τούτῳ
1215 3191 1257 3223 ³⁷
1285 3191 1384 3262 τῆς
1409 3191 1683 3263 ὁμοζύγου
1715 3192 1902 3246 τελευο

322 3285 588 3354 τησὰσης,
623 3283 813 3337 πολλαὶ
856 3284 954 3353 μὲν
1005 3284 1405 3354 ἐμνηστεύοντο
1453 3285 1760 3356 παρθένοι,
1813 3286 1906 3340 καὶ

325 3379 429 3449 πρὸ
461 3379 567 3431 τῶν
610 3377 784 3430 ἄλλων
810 3377 844 3446 ἡ
892 3376 982 3430 τοῦ
1023 3377 1289 3446 βασιλέως
1321 3377 1417 3430 τοῦ
1449 3379 1628 3433 Δούκα
1655 3378 1904 3450 θυγάτηρ

324 3472 443 3539 Ζωή
471 3487 484 3502 ³
528 3472 555 3522 ὁ
583 3469 637 3522 δὲ
784 3469 883 3539 τὴν
922 3466 1169 3537 βασιλίδα
1224 3467 1484 3524 Εύδοκίαν
1527 3469 1720 3538 ἤθελεν
1766 3471 1903 3537 ἀγα·

326 3561 521 3629 γέσθαι
581 3562 611 3631 ἥ
669 3561 768 3626 τὴν
823 3558 881 3624 ἐξ
937 3560 1175 3614 ’Λλανῶν
1226 3561 1474 3632 Μαρίαν,
1531 3562 1631 3633 τὴν
1675 3562 1756 3632 τῷ
1799 3563 1906 3632 πρὸ

322 3648 486 3700 αὐτοῦ
513 3650 910 3720 συνοικήσασαν
930 3650 994 3704 ⁸⁸.
1035 3651 1249 3703 Στέλλει
1306 3651 1439 3719 γοῦν
1492 3651 1592 3722 τὴν
1639 3652 1902 3705 Εύδοκίαν

326 3739 797 3808 μετακαλούμενος
825 3758 838 3772 ο
873 3744 905 3811 ή
962 3742 1042 3805 δὲ,
1079 3743 1153 3805 ὡς
1191 3743 1380 3811 λόγος,
1411 3743 1511 3797 οὐκ
1561 3744 1902 3815 ἀπηνήνατο,

324 3829 571 3899 ἐκωλύθη
594 3831 648 3882 δὲ
679 3832 813 3901 πρὸς
837 3832 994 3886 τοῦτο
1026 3835 1053 3885 ὁ
1085 3833 1340 3902 βασιλεὺς
1373 3835 1525 3904 παρά
1550 3852 1714 3888 τινων
1733 3853 1903 3905 μονα-

324 3921 466 3991 χῶν
495 3923 589 3975 καὶ
626 3923 821 3990 ἄγεται
849 3926 948 3994 τὴν
978 3923 1228 3994 βασιλίδα
1259 3926 1481 3997 Μαρίαν
1504 3943 1518 3956 ο
1553 3927 1706 3980 οὐδὲν
1739 3923 1901 4000 ἦττον

325 4016 721 4085 παρανομήσας
755 4016 786 4085 ἢ
821 4018 868 4069 εί
913 4017 1010 4084 τὴν
1055 4017 1317 4070 Εὐδοκίαν
1374 4018 1645 4086 ὴγάγετο’
1686 4018 1900 4089 μοιχεία

324 4111 432 4176 γὰρ
462 4102 528 4176 ἦν
557 4106 1049 4177 ἀπηρυθρισσμένη
1080 4107 1141 4160 τὸ
1172 4107 1442 4177 τολμηθέν
1466 4122 1480 4137 ⁸
1517 4108 1598 4160 διδ
1628 4110 1722 4162 καὶ
1750 4111 1777 4161 ὁ
1801 4109 1900 4178 τὴν

326 4197 622 4267 ίερολογίαν
681 4196 979 4261 τετελεκὼς
1038 4198 1128 4249 ἐπ’
1191 4197 1398 4264 αὐτοῖς,
1452 4198 1550 4265 τῆς
1603 4198 1899 4270 ἱερωσύνης

324 4291 703 4345 ἐκπέπτωκεν.
1601 4330 1603 4332 ·

391 4382 571 4452 (Ιθ)³⁹
614 4382 670 4436 '0
731 4384 911 4453 μέντοι
965 4381 1478 4455 προϐεϐασιλευκὼς
1529 4384 1778 4456 Μιχαὴλ,
1823 4382 1900 4448 ὡς

2016 1889 2374 1960 Brjennium.
2405 1895 2648 1958 Alexius,
2699 1899 2967 1953 consertis
3010 1916 3134 1954 cttm
3173 1903 3276 1957 hoc
3318 1906 3595 1971 manibus,

2014 1984 2067 2037 in
2131 2000 2326 2054 campo
2378 1985 2640 2059 (.alabrya
2694 1989 2862 2056 dicto,
2911 1995 3039 2062 quia
3091 1994 3330 2064 irriguus
3371 2006 3451 2052 est
3512 1998 3600 2053 hic

2013 2073 2168 2130 locus
2225 2075 2470 2133 fontibus
2523 2095 2788 2149 aquarum
2843 2084 3034 2139 multis
3097 2093 3150 2139 ct.
3208 2085 3385 2151 bonis,
3439 2085 3599 2140 facile

2013 2164 2162 2219 illius
2200 2167 2371 2221 cinxit
2412 2172 2759 2237 exercitum;
2811 2182 2868 2227 et
2926 2176 3249 2231 cadentibus
3296 2179 3438 2241 aliis,
3473 2179 3599 2232 aliis

2011 2255 2366 2325 fugientibus,
2411 2262 2590 2315 solum
2646 2264 2889 2317 relictum
2945 2269 3246 2337 principem
3317 2271 3480 2338 cepit,
3543 2279 3600 2325 et

2009 2348 2215 2405 lumine
2263 2353 2548 2407 oculorum
2605 2356 2806 2411 elTosso
2840 2372 3042 2412 crecum
3091 2361 3146 2414 in
3199 2362 3385 2416 urbem
3430 2364 3599 2433 impe—

2008 2441 2198 2497 rialem
2267 2444 2457 2510 duxit,
2523 2446 2580 2498 in
2642 2447 2786 2501 hunc
2863 2450 3083 2516 quidem
3150 2452 3359 2505 exitum
3436 2454 3598 2510 desiit

2008 2530 2262 2602 Bryenuii
2294 2535 2539 2590 rebellio.

2072 2807 2492 2865 lusurrexeruut
2549 2821 2603 2866 et
2672 2810 2910 2884 Varangi
2952 2823 3142 2870 contra
3205 2816 3592 2886 imperatorem

2007 2900 2259 2970 regicidac
2287 2917 2301 2965 ;
2335 2901 2430 2956 sed
2462 2903 2710 2972 opposita
2743 2907 2823 2959 eis
2861 2905 2964 2958 alia
2999 2907 3221 2962 cohorte
3245 2923 3491 2976 romana,
3526 2911 3592 2964 ad

2006 3008 2197 3064 preces
2230 2995 2505 3062 conversi,
2541 2998 2753 3052 veniam
2790 2997 3170 3068 impetrarunt.

2081 3177 2256 3250 llujus
2279 3179 2623 3250 imperatoris
2652 3193 2862 3238 mortua
2887 3183 3134 3257 conjuge,
3162 3188 3345 3242 multa:
3374 3191 3425 3242 in
3459 3205 3592 3244 cono

2012 3275 2240 3328 nubium
2301 3276 2671 3344 poscebantur
2721 3280 2980 3348 virgines,
3019 3290 3071 3335 et
3115 3281 3385 3351 imprimis
3431 3285 3590 3342 Duce:

2008 3365 2352 3436 imperatoris
2383 3370 2491 3422 lilia
2529 3369 2678 3425 Zoc:
2717 3371 2807 3424 ille
2835 3388 2962 3426 vero
3012 3375 3213 3430 ducere
3262 3379 3477 3432 volebat
3507 3382 3588 3434 rel

2008 3457 2302 3514 Eudociam
2363 3461 2786 3531 intperatricem,
2844 3464 2927 3518 vel
2977 3466 3260 3521 oriundam
3314 3483 3375 3522 ex
3401 3471 3586 3524 Alanis

2007 3548 2253 3616 Mariam,
2291 3554 2707 3620 praedecessor-is
2739 3555 2823 3608 sui
2865 3571 3114 3611 uxorem.
3144 3559 3288 3613 Misit
3320 3560 3484 3630 igitur
3515 3561 3582 3616 ad

2007 3639 2302 3700 Eudociam
2347 3643 2729 3698 inritandam:
2766 3646 2881 3699 liter:
2914 3663 3062 3711 vero,
3105 3659 3162 3705 ut
3199 3650 3394 3715 fertur,
3439 3655 3582 3707 haud

2006 3732 2204 3793 renuit,
2252 3734 2344 3787 scd
2381 3733 2435 3786 in
2480 3733 2582 3787 hoc
2615 3735 2894 3789 dissuasus
2937 3747 3021 3790 est
3057 3737 3352 3806 imperator
3401 3755 3429 3794 a
3462 3743 3585 3809 qui-

2004 3819 2230 3874 busdam
2283 3822 2588 3876 monachis.
2625 3821 2779 3877 Tunc
2823 3825 2978 3878 duxit
3029 3826 3430 3894 impera'riccm
3467 3828 3584 3882 Ma-

2004 3913 2164 3978 riam,
2204 3914 2340 3967 nihil
2385 3913 2568 3969 minus
2597 3915 2769 3985 legent
2803 3925 3175 3986 transgressus
3205 3933 3367 3986 quam
3402 3920 3448 3972 si
3479 3920 3584 3973 Eu-

2002 4008 2216 4064 dociatn
2259 4008 2508 4064 duxisset
2543 4026 2558 4064 :
2597 4012 2924 4066 adulterium
2959 4012 3104 4066 enim
3144 4013 3430 4082 impudens
3463 4023 3584 4068 erat

2003 4100 2106 4155 hoc
2139 4099 2354 4155 facinus
2391 4119 2404 4154 :
2458 4103 2580 4157 ideo
2614 4103 2706 4171 qui
2751 4118 2962 4157 sacram
2997 4105 3158 4158 istam
3195 4106 3402 4175 peregit
3429 4106 3582 4160 litur-

1999 4194 2140 4263 giam
2173 4209 2204 4250 ο
2239 4196 2546 4250 sacerdozio
2569 4199 2823 4251 detrusus
2856 4206 2961 4252 est.

2076 4377 2297 4432 Interim
2346 4377 2495 4448 prior
2531 4379 2825 4450 imperator
2862 4381 3119 4449 Michael,
3172 4395 3478 4458 postquam,
3522 4400 3582 4446 ut

323 4476 574 4547 εἴρηται,
633 4477 732 4548 τὴν
788 4477 950 4548 τρίχα
995 4479 1211 4549 καρεὶς,
1261 4477 1354 4530 καὶ
1412 4477 1579 4548 ψήφῳ
1643 4477 1890 4548 συνοδικῇ

2015 4470 2204 4527 lictum
2239 4483 2341 4534 est,
2379 4487 2535 4528 corna
2581 4481 2763 4540 tonsa,
2804 4476 3052 4546 synodali
3092 4479 3346 4548 suil‘ragio
3382 4481 3578 4551 Ephesi

326 4567 733 4638 μητροπολίτης
817 4567 1051 4636 Ἐφέσου
1110 4567 1555 4639 κεχειροτόνητο·
1612 4568 1708 4620 καὶ
1755 4567 1903 4634 ἅπαξ

325 4659 591 4724 φοιτήσας
648 4657 803 4718 ἐκεῖ,
857 4657 1156 4726 ἐπανῆλθε,
1190 4658 1284 4709 καὶ
1330 4659 1386 4709 ὲν
1416 4660 1482 4727 τῇ
1514 4657 1607 4710 τού
1645 4657 1902 4728 Μανουὴλ

326 4749 458 4817 μονῇ
489 4751 723 4800 ἐποιεῖτο
749 4747 844 4818 τὴν
873 4748 1106 4802 δίαιταν.
1143 4751 1297 4803 Μετὰ
1339 4749 1392 4802 δὲ
1418 4748 1478 4802 τὸ
1510 4749 1597 4801 τὸν
1644 4749 1902 4803 Βοτανιά-

320 4854 421 4906 την
449 4839 546 4907 τῆς
595 4839 874 4908 βασιλείας
907 4840 1325 4896 ἐκπεπτωκέναι
1347 4881 1361 4904 ,
1397 4841 1647 4912 θνήσκων
1693 4834 1845 4903 οὗτος
1874 4843 1902 4894 ὁ

321 4931 567 4999 Μιχαὴλ,
631 4931 803 4983 πολλὰ
859 4932 1146 5003 δεηθείσης
1201 4934 1366 4987 αὑτοῦ
1420 4935 1516 5003 τῆς
1577 4933 1900 5004 βασιλίσσης

321 5022 566 5092 Μαρίας,
601 5023 702 5093 ἤδη
740 5023 1000 5094 κάκείνης
1030 5023 1271 5096 μοναχῆς
1301 5025 1608 5094 γεγονυίας,
1649 5023 1896 5094 συγγνώο

324 5130 433 5182 μην
486 5113 670 5186 ἔνειμε
725 5117 921 5190 ταύτῃ,
954 5121 1048 5173 καὶ
1098 5118 1450 5191 συγχώρησιν
1495 5117 1770 5188 ἐπηύξατο
1829 5117 1895 5169 ὲκ

319 5201 476 5257 Θεοῦ.
1366 5278 1373 5285 _

390 5294 570 5367 Ui)“o
611 5297 672 5351 Ὀ
722 5298 778 5352 δὲ
829 5300 1280 5370 πρωτοπρὸεδρος
1315 5299 1627 5370 Νικηφόρος
1662 5302 1688 5353 ό
1733 5299 1893 5354 Βασιο

2001 4563 2286 4618 ordinatus
2315 4572 2398 4618 est
2430 4566 2901 4637 archiepisc0pus,
2935 4581 2990 4624 et
3033 4573 3170 4624 hanc
3194 4574 3382 4627 urbem
3413 4577 3581 4630 semel

2003 4654 2214 4719 invisit,
2250 4671 2506 4711 reversus
2537 4669 2620 4711 est
2646 4667 2697 4712 et
2733 4658 2786 4712 in
2824 4660 3085 4716 Manuelis
3119 4667 3452 4719 monasterio
3482 4667 3581 4720 de—

2001 4747 2076 4817 git
2106 4747 2267 4801 vitam
2293 4765 2307 4814 ;
2346 4759 2465 4818 post
2497 4748 2831 4805 Botaniatem
2869 4769 2995 4807 vero
3024 4755 3095 4809 de
3125 4771 3294 4824 regno
3325 4757 3576 4827 ejectum,

2001 4837 2262 4903 moriens,
2315 4838 2564 4905 Michael,
2598 4843 2866 4896 instanter
2902 4844 3230 4914 clﬂngitante
3262 4847 3426 4901 Maria
3463 4848 3576 4918 jam

2001 4941 2054 4986 et
2083 4932 2195 5001 ipsa
2232 4933 2457 4986 moniali
2501 4933 2666 4999 facta,
2695 4934 2912 4988 veniam
2950 4937 3078 4992 huic
3113 4939 3259 4992 dedit
3298 4947 3352 4992 et
3397 4941 3576 4994 indul-

2003 5025 2237 5092 gentiam
2269 5040 2299 5077 a
2334 5023 2443 5080 Deo
2476 5027 2686 5092 petivit.

2076 5300 2288 5357 Primus
2311 5303 2575 5371 proetlrus
2607 5304 2946 5374 Niccpltorus
2980 5306 3293 5374 llasilacius,
3327 5311 3575 5382 [hyvnnii

1515 5417 1716 5477 Varia;
1744 5417 2057 5480 lectiones
2085 5429 2144 5479 et
2185 5427 2370 5482 notae.

391 5553 434 5585 ²⁹
463 5551 650 5613 κοινάς
681 5552 804 5604 Par.
882 5549 926 5581 ³⁸
961 5549 1081 5603 Par.
1113 5549 1247 5602 I708
1268 5567 1339 5598 2:
1367 5546 1501 5600 Zon.
1521 5547 1626 5600 923)
1662 5549 1720 5603 Β.

322 5623 544 5746 gf??th
562 5621 709 5745 1213;;
787 5621 884 5742 "71
889 5618 1239 5742 5103:2916)».
1260 5635 1274 5682 ;

443 5709 522 5746 ar.
608 5709 621 5742 ι
730 5721 796 5731 -
851 5716 882 5742 .n
909 5709 962 5743 ιι.
1170 5728 1182 5741 .

1302 5689 1344 5720 ³⁷
1373 5686 1579 5740 τούτων
1640 5689 1762 5744 Par.
1807 5708 1854 5745 ν.

321 5766 616 5826 συνοικήσα
631 5780 722 5816 σαν
749 5761 880 5815 Zon.

1797 5551 1840 5582 ⁸⁸
1873 5546 1969 5604 οὖν
2015 5551 2171 5603 οὐδέν
2203 5550 2339 5605 Ζειιι.

1343 5616 1463 5671 Par.
1513 5618 1644 5671 1708
1679 5639 1749 5668 =
1781 5619 1918 5677 Zon.
1945 5622 2048 5675 2:29
2103 5621 2160 5675 Β.
2220 5623 2283 5676 C.

1899 5707 1996 5761 pro
2034 5709 2047 5742 ι
2080 5698 2296 5744 suhsrr.
2339 5692 2409 5746 cf.
2445 5691 2580 5747 Zon.
2628 5691 2738 5749 229
2773 5699 2832 5751 Ι).

959 5761 1002 5791 ³⁹
1030 5760 1151 5813 l’at‘.
1199 5757 1329 5813 I703
1357 5781 1420 5795 ν
1456 5755 1590 5810 Zon.
1625 5759 1729 5814 “229
1772 5761 1829 5816 Ι).
1866 5755 1925 5817 Ε.

2420 5552 2806 5626 ³²Δὲξέπεμψεν
2847 5557 2983 5614 Ζοη.
3062 5561 3108 5594 ³³
3143 5561 3357 5615 πολλῶν
3389 5581 3444 5616 τε
3479 5570 3574 5622 καὶ

2375 5623 2419 5656 ³⁵
2457 5623 2891 5695 ἀντιταξάμενος
2939 5630 2986 5684 δ’
3025 5631 3182 5697 αὖθις
3238 5634 3360 5688 Par.
3410 5637 3568 5690 I708.

2375 5692 2409 5745 l'.
2445 5691 2580 5747 Zon.
2628 5698 2735 5749 229
2773 5699 2832 5751 Ι).
2946 5704 2988 5732 ³³
3026 5704 3126 5758 τὴν
3153 5704 3232 5757 τῶ
3268 5706 3374 5758 πρὸ
3403 5709 3568 5758 αὑτοῦ

2034 5721 2047 5742 ι
2080 5721 2296 5766 multari.
2339 5721 2409 5746 ut.
2445 5721 2580 5747 bu".
2631 5721 2735 5749 ΖΖυ
2773 5721 2832 5751 υ.
2946 5721 2988 5732 ’”’
3026 5721 3126 5776 την
3153 5721 3232 5776 τῳ
3268 5721 3374 5775 προ
3403 5725 3568 5760 αυτου

2006 5763 2050 5792 ⁵ο
2091 5762 2220 5815 1703
2249 5793 2303 5802 -—
2347 5761 2481 5818 Zon.
2537 5765 2640 5820 229
2685 5766 2745 5832 Ε,
2779 5769 2885 5826 ⁸250
2931 5774 2996 5831 Λ.
3439 5785 3451 5792 ’
