4022 6234
345 359 479 429 1261

1505 361 1968 425 CHRONICON.
2003 385 2076 399 ·-·
2113 362 2264 427 LIB.
2305 363 2442 428 VII.

3442 365 3580 434 1262

1640 679 2084 767 BIBAION
2157 675 2286 764 Z’.

532 861 638 918 ΕΙΣ
675 860 1155 919 ΚΟΣΜΟΠΟΙῘᾹΝ
1191 858 1474 917 ΣΥΜΕΩΝ
1513 859 1924 915 ΛΟΓΟΘΕΤΟΥ
1956 860 2055 916 EK
2095 856 2431 913 ΔΙΑΦΟΡΩΝ
2468 857 2831 912 ΧΡΟΝΙΚΩΝ
2872 856 2990 911 ΚΑΙ
3035 857 3383 914 ιΣΤΟΡιΩΝ.

1431 1149 1787 1239 LIBER
1862 1148 2489 1238 SEPTIMUS.

442 1347 512 1404 1N
546 1345 765 1405 MUNDI
790 1342 1264 1412 CREATIONEM,
1298 1341 1344 1397 A
1383 1340 1684 1400 SIMEONE
1719 1336 2158 1407 LOGOTHETA,
2186 1333 2280 1392 EX
2318 1333 2551 1391 VABIIS
2581 1331 2950 1395 CHRONICIS
2989 1337 3078 1395 ET
3111 1339 3477 1398 HISTORHS.

758 1612 840 1684 [A'
869 1612 939 1670 ⁸⁷.
968 1609 1112 1679 Περὶ
1133 1611 1240 1665 τοῦ
1265 1608 1508 1680 φωτός]

409 1729 540 1793 Θεδς
567 1728 611 1760 ⁸⁸
644 1727 874 1798 ἄχρονος
910 1726 953 1758 ⁸³
984 1720 1133 1779 τόνδέ
1165 1725 1256 1778 τὸν
1300 1725 1506 1794 κόσμον
1541 1723 1616 1794 μὴ
1649 1723 1913 1794 πρότερον

344 1819 628 1890 ὑφεστῶτα
662 1818 720 1870 ὲν
769 1814 948 1886 χρόνῳ
999 1815 1267 1885 παράγων
1317 1812 1616 1880 «ἐποίησεν
1668 1815 1725 1867 ἐν
1768 1814 1912 1884 ἀρχῇ

341 1909 569 1979 οὐρανὸν
615 1905 710 1959 καὶ
739 1906 844 1976 γῆν
887 1906 933 1937 ’⁸
969 1923 987 1956 ι
1034 1917 1048 1933 ·
1087 1903 1398 1973 συνυπέστη
1445 1902 1501 1955 δὲ
1531 1905 1596 1973 τῇ
1631 1905 1700 1974 γῇ
1749 1903 1808 1956 τό
1854 1919 1913 1955 τε

344 1999 487 2072 ὕδωρ
517 1998 610 2053 καὶ
639 2000 749 2068 πῦρ
779 2015 794 2030 ·
825 1999 921 2052 καὶ
945 1997 1141 2051 τούτου
1175 1997 1477 2067 τεκμήριον
1505 1996 1731 2066 ἐναργὲς
1760 1995 1821 2048 τὸ
1850 1997 1915 2048 ἐκ

341 2091 491 2144 λίθου
528 2091 627 2161 μὲν
665 2092 760 2145 καὶ
799 2091 1042 2162 σιδήρου,
1079 2089 1247 2142 ὅντων
1274 2090 1338 2141 ἐκ
1363 2087 1484 2157 γῆς,
1519 2087 1630 2159 πῦρ
1680 2087 1913 2156 ἄφθονον

341 2183 657 2248 ἐξάλλεσθαι
719 2184 804 2255 (ἐκ
833 2183 875 2215 ⁷⁸
940 2181 1133 2252 πηγῶν
1190 2180 1247 2234 δὲ
1297 2181 1392 2234 καὶ
1442 2180 1697 2250 φρεάτων
1768 2179 1910 2251 ὕδωρ

341 2275 598 2330 πλούσιον
649 2274 1016 2343 ἀναδίδοσθαι)
1063 2288 1079 2303 ο
1138 2271 1344 2343 ταύτης
1372 2270 1480 2342 γὰρ
1520 2271 1586 2324 ἐκ
1631 2269 1706 2341 μὴ
1741 2269 1911 2325 ὄντων

341 2369 674 2439 ὑποστάσης,
699 2367 945 2437 δηλονότι⁹
977 2364 1072 2418 καὶ
1093 2367 1136 2397 ⁷³
1174 2364 1242 2418 τὰ
1271 2366 1329 2417 ἐν
1365 2365 1524 2434 αὐτῇ.
1577 2363 1763 2416 Πάντα
1816 2360 1910 2416 οῦν

338 2460 527 2528 γέγονε
559 2459 694 2512 κατὰ
715 2458 812 2528 τὴν
835 2457 928 2510 τοῦ
950 2455 1086 2509 Θεοῦ
1109 2455 1304 2526 βουλήν
1333 2456 1399 2510 ⁷³.
1431 2453 1649 2523 Ἐπειδὴ
1677 2453 1734 2506 δὲ
1754 2453 1910 2524 δίκην

340 2551 551 2622 σκηνῆς
587 2550 615 2602 δ
662 2547 892 2618 οὐρανὸς
951 2546 1270 2615 περιταθεὶς
1314 2547 1407 2599 τὸν
1452 2543 1910 2613 ὲναπολειφθέντα

336 2644 500 2696 τόπον
526 2642 828 2701 ὲσκότισεν,
871 2637 1028 2692 εἶπεν
1060 2641 1088 2692 ὁ
1113 2639 1244 2700 Θεός
1277 2653 1288 2668 ·
1325 2655 1346 2689 ι
1382 2637 1674 2708 Γενηθήτω
1699 2636 1814 2704 φῶς
1848 2653 1866 2687 ι
1893 2650 1906 2665 ·

339 2735 435 2787 καὶ
461 2734 623 2797 εὐθὺς
648 2734 693 2766 ⁷⁸
709 2733 787 2804 τῷ
821 2732 964 2803 λόγῳ
989 2734 1022 2802 ἡ
1050 2731 1212 2799 φύσις
1241 2727 1337 2782 τοῦ
1368 2728 1547 2797 φωτὸς
1569 2731 1602 2800 ὴ
1627 2730 1910 2797 πάγκαλος

339 2825 478 2896 αῦτη
514 2824 774 2895 παρήχθη
801 2839 815 2853 ·
845 2821 943 2876 καὶ
995 2823 1055 2874 τὸ
1114 2820 1306 2883 σκότος
1344 2821 1392 2852 ⁷⁸
1436 2819 1496 2887 ἐξ
1534 2820 1911 2890 ἀντιφράξεως

337 2918 431 2970 τοῦ
471 2917 723 2985 οὐρανίου
785 2914 1038 2984 σώματος
1075 2912 1388 2984 ὲπισυμόὰν
1449 2913 1766 2967 διεσκέδασε
1816 2912 1908 2965 καὶ

337 3007 432 3062 τὸν
450 3007 678 3077 ἀλαμπῆ
710 3008 774 3061 ὲκ
806 3006 906 3075 τῆς
935 3005 1194 3077 τοιαύτης
1242 3005 1422 3068 αἰτίας
1472 3005 1610 3075 ἀέρα
1640 3001 1911 3074 λαμπρῶν

339 3117 500 3156 τατον
528 3099 683 3168 ἄφνω
723 3098 1013 3164 ἀνέδειξεν.
1041 3100 1164 3152 Ὅτι
1197 3099 1253 3152 δὲ
1287 3100 1396 3152 πᾶν
1433 3099 1464 3151 δ
1488 3115 1540 3152 τι
1571 3093 1639 3168 ἦν
1683 3099 1788 3167 πρὸ
1813 3097 1912 3165 τῆς

339 3186 434 3240 τοῦ
467 3188 673 3258 κόσμου
717 3186 871 3241 τοῦδε
908 3189 1245 3255 συστάσεως,
1290 3189 1349 3241 ὲν
1393 3188 1533 3257 φωτὶ
1573 3184 1663 3259 ἦν,
1709 3187 1868 3260 δῆλον
1893 3202 1908 3216 ⁸

339 3279 463 3333 οὔτε
496 3282 604 3354 γὰρ
657 3283 716 3338 αι
758 3282 867 3338 τῶν
908 3283 1160 3351 ἀγγέλων
1194 3285 1428 3354 χορεῖαι,
1478 3281 1603 3336 οὔτε
1639 3285 1814 3337 πᾶσαι
1853 3282 1910 3336 αἱ

342 3375 661 3446 ὲπουράνιαι
713 3377 965 3447 στρατιαὶ
1000 3378 1060 3428 ὲν
1124 3376 1301 3446 σκότῳ
1343 3377 1390 3408 ⁷⁸
1441 3374 1648 3445 διῆγον,
1690 3375 1806 3429 ἀλλ’
1855 3377 1911 3430 ὲν

347 3468 485 3532 φωτὶ
513 3467 604 3519 καὶ
632 3467 784 3539 πάσῃ
822 3467 1132 3538 εὐφροσύνῃ
1154 3469 1495 3538 πνευματικῇ
1532 3464 1632 3536 τὴν
1671 3466 1914 3535 πρέπου-

345 3571 442 3609 σαν
477 3558 689 3620 ἑαυτοῖς
712 3557 1056 3629 λειτουργίαν
1089 3557 1480 3628 ἐκπληροῦσιν,
1513 3557 1597 3626 ἐφ’
1620 3559 1664 3591 ⁷⁷
1707 3557 1768 3610 οὗ
1820 3559 1912 3612 καὶ

339 3640 484 3699 οὗτοι
510 3648 574 3700 ὲκ
604 3648 677 3720 μὴ
702 3648 869 3702 ὄντων
903 3653 983 3712 εἰς
1013 3649 1072 3703 τὸ
1109 3645 1248 3704 εἶναι
1281 3650 1670 3722 παρήχθησαν.
1705 3651 1908 3704 Τούτου

339 3738 519 3789 τοίνυν
549 3737 642 3790 τοῦ
685 3740 863 3808 φωτὸς
905 3742 968 3794 ὲκ
1008 3740 1108 3811 τῆς
1152 3741 1450 3812 εἰρημένης
1498 3742 1680 3805 αἰτίας
1718 3743 1914 3795 ἐναπο-

344 3830 690 3894 κλεισθὲντος
716 3833 848 3898 ἄνω,
879 3830 1036 3897 αὖθις
1057 3835 1497 3906 ἐδημιούργησεν
1515 3838 1542 3890 ὁ
1567 3836 1697 3900 Θεὸς
1725 3837 1786 3889 τὸ
1817 3836 1912 3890 νῦν

342 3924 701 3994 καταλάμπον
736 3926 830 3978 καὶ
855 3926 1148 3996 φαιδρύνον
1173 3928 1266 3980 τὸν
1298 3928 1504 3997 μεταξὺ
1544 3928 1777 3997 ούρανοῦ
1821 3929 1915 3981 καὶ

338 4015 442 4085 γῆς
471 4015 657 4068 τόπον.
691 4017 875 4069 Ταῦτα
905 4018 1194 4086 γεγένηται
1229 4021 1287 4070 ὲν
1330 4020 1395 4088 τῇ
1449 4019 1638 4087 πρώτῃ
1687 4020 1784 4087 τῆς
1823 4036 1916 4071 κο-

340 4107 632 4175 ίσμοποιιας
657 4107 761 4176 ημέ
773 4123 858 4177 ρᾳ.
878 4108 966 4159 Ἐν
987 4108 1156 4177 ταύτῃ
1175 4104 1268 4160 οὖν
1293 4111 1358 4176 τῇ
1382 4110 1562 4178 ἡμέρα
1581 4109 1730 4175 λέγει
1748 4112 1914 4162 Μωῦ-

345 4199 442 4268 σῆς
467 4199 524 4251 ὲν
545 4201 611 4270 τῇ
640 4199 811 4269 λεπτῇ
843 4196 1060 4250 Γενέσει
1090 4197 1337 4250 ὲκτίσθαι
1368 4197 1464 4259 τὰς
1497 4197 1786 4266 οὐρανίους
1819 4198 1914 4250 δυ-

342 4304 555 4358 ναμεις.

602 4396 763 4472 903
793 4396 896 4474 [B‘]
929 4401 1066 4470 Περὶ
1093 4401 1196 4455 τοῦ
1222 4399 1645 4470 στερεώματος.

418 4514 582 4569 Πάλιν
609 4515 656 4548 ⁷⁸
683 4515 727 4588 β’
763 4517 948 4587 ἡμέρα
972 4515 1072 4586 τῆς
1102 4513 1341 4568 ἀϐύσσου
1375 4513 1594 4578 ἄπλεως
1625 4514 1722 4568 καὶ
1755 4514 1918 4568 ἀπεί-

349 4626 456 4679 ρως
480 4609 616 4678 ’στῇ
648 4611 717 4680 γῇ
762 4607 1228 4678 περικεχυμένης,
1269 4607 1567 4678 προσέταξε
1615 4627 1632 4658 ι
1678 4607 1917 4678 στερέωο

350 4717 424 4768 μα
449 4700 495 4731 ⁸⁸
530 4719 547 4752 ι
585 4699 839 4769 γενέσθαι
876 4703 938 4754 ὲκ
961 4701 1068 4752 τῶν
1103 4701 1313 4754 ὑδάτων
1345 4719 1362 4751 ι
1390 4702 1446 4752 ὲν
1481 4700 1634 4770 μέσῳ
1657 4719 1674 4751 ι
1713 4699 1915 4766 αὑτῶν,

345 4790 372 4843 ὃ
406 4793 500 4844 καὶ
539 4792 677 4861 μετᾶ
699 4791 874 4845 ταῦτα
907 4811 924 4844 ι
957 4793 1184 4862 οὐρανὸν
1210 4810 1229 4842 ›
1270 4790 1677 4862 προσηγόρευσε
1702 4791 1743 4822 ⁸¹
1780 4806 1794 4821 ⁸
1821 4792 1912 4843 καὶ

349 4885 444 4939 σὺν
474 4884 550 4956 τῷ
586 4886 917 4956 κελεύσματι
949 4886 1008 4939 τὺ
1037 4885 1196 4958 ἔργον
1231 4884 1568 4956 ἀπετελέσθη
1607 4901 1619 4914 ·
1665 4885 1758 4938 καὶ
1794 4901 1915 4937 στε-

236 4994 248 5005 ·
347 4979 534 5050 ρέωμα
567 4980 769 5050 ἐκλήθη
801 4981 859 5033 τὸ
889 4980 1280 5051 δημιούργημα
1332 4979 1418 5033 διὰ
1473 4979 1572 5046 τὴν
1614 4978 1775 5046 φύσιν
1806 4977 1914 5030 τῶν

347 5071 761 5141 ὑπερκειμένων
825 5072 856 5143 ἢ
922 5074 1012 5125 καὶ
1085 5072 1462 5142 ὑποκειμένων
1529 5071 1757 5139 ὑδάτων,
1825 5070 1915 5123 λε-

2641 1598 2685 1654 1.
2721 1599 2797 1654 De
2812 1600 2950 1654 luce.

2089 1710 2230 1766 Deus
2283 1718 2520 1765 aeternus
2582 1708 2728 1765 hunc
2790 1711 3054 1766 mundum
3121 1721 3280 1771 antea
3336 1733 3444 1772 non
3493 1736 3588 1776 ex-

2017 1805 2314 1862 sistentem
2363 1802 2417 1857 in
2483 1810 2724 1872 tempore
2781 1804 3110 1872 producens,
3188 1826 3206 1859 ‹
3255 1808 3310 1862 in
3387 1811 3590 1880 princi-

2016 1897 2106 1967 pio
2138 1894 2560 1950 creavitcwlum
2592 1901 2645 1947 et
2675 1900 2897 1948 terram.
2938 1913 2957 1947 ι
3021 1895 3155 1952 Cum
3217 1897 3359 1955 terra
3404 1910 3584 1959 autem

2018 1987 2179 2042 simul
2213 1986 2454 2042 substitit
2482 2000 2623 2056 aqua
2657 1995 2711 2040 et
2743 1986 2883 2056 ignis
2911 2007 2923 2042 :
2955 1990 3101 2059 quod
3152 1993 3430 2050 evidenter
3463 1997 3589 2052 inde

2015 2085 2164 2146 patet
2212 2077 2358 2146 quod
2414 2091 2478 2130 ex
2531 2077 2709 2146 lapide
2760 2086 2811 2132 et
2842 2078 3004 2146 ferro,
3040 2097 3160 2150 qua:
3199 2091 3410 2142 terrena
3438 2098 3587 2155 sunt.

2015 2167 2298 2222 abundans
2320 2167 2531 2221 exsiliat
2583 2167 2744 2237 ignis,
2797 2183 2862 2224 ex
2897 2169 3136 2228 fontibus
3177 2191 3304 2230 vero
3331 2187 3385 2233 et
3413 2181 3589 2248 puteis

2010 2258 2233 2331 copiosa
2259 2258 2521 2313 scaturiat
2566 2273 2728 2328 aqua.
2770 2259 2905 2314 Cum
2954 2263 3099 2317 enim
3153 2275 3294 2322 terra
3328 2285 3358 2324 e
3413 2272 3587 2329 nihilo

2011 2350 2275 2420 producta
2309 2350 2490 2414 fuerit,
2551 2350 2830 2406 evidenter
2872 2362 2926 2408 et
2955 2369 3075 2424 quae
3099 2357 3198 2425 ipsi
3222 2369 3358 2415 sunt
3392 2361 3590 2418 intrin-

2013 2456 2158 2497 seca.
2195 2442 2388 2495 Omnia
2430 2441 2596 2509 igitur
2630 2441 2772 2495 facta
2809 2452 2938 2497 sunt
3004 2449 3304 2503 secundum
3347 2451 3588 2507 divinam

2013 2530 2372 2585 voluntatem.
2443 2529 2548 2584 Sed
2591 2530 2718 2598 quia
2787 2531 2984 2586 coelum
3014 2538 3232 2590 tentorii
3271 2539 3445 2595 instar
3472 2545 3588 2598 cir-

2012 2621 2366 2676 eumductum
2390 2619 2648 2675 inferiora
2678 2621 3050 2680 obtcn'ebravit
3077 2627 3218 2694 loca,
3241 2631 3376 2684 dixit
3403 2632 3546 2690 Deus
3571 2654 3586 2690 :

2018 2731 2038 2766 ι
2067 2711 2186 2768 Fiat
2207 2713 2298 2768 lux
2327 2730 2342 2779 ;
2379 2733 2398 2765 ι
2430 2723 2483 2769 et
2510 2715 2672 2769 simul
2721 2731 2845 2770 cum
2882 2719 3050 2774 verbo
3073 2721 3439 2790 pulcherrima
3471 2728 3588 2786 haec

2012 2804 2152 2859 lucis
2192 2804 2498 2859 substantia
2525 2806 2789 2874 producta
2822 2817 2905 2863 est
2930 2825 2945 2864 :
2973 2812 3228 2869 tenebras
3257 2831 3385 2872 vero
3421 2835 3454 2873 ο
3478 2835 3590 2876 σωκ

2013 2895 2162 2952 lestis
2220 2895 2468 2966 corporis
2523 2896 2814 2968 interiectu
2863 2902 3244 2972 contingentes
3302 2909 3590 2980 dissipavit

2015 2993 2073 3040 et
2099 2985 2392 3041 obscurum
2424 2987 2563 3042 hanc
2590 2988 2662 3042 ob
2697 3003 2924 3046 causam
2974 3007 3154 3048 aerem
3211 2998 3588 3066 splendidissi-

2015 3091 2164 3131 mum
2187 3077 2475 3133 confestim
2497 3079 2750 3134 ostendit.
2781 3080 2934 3145 Quod
2965 3088 3144 3138 autem
3170 3087 3431 3158 quidquid
3468 3103 3588 3147 erat

2016 3175 2145 3222 ante
2197 3167 2359 3237 hujus
2407 3168 2593 3222 mundi
2628 3171 3096 3238 constitutionem,
3133 3177 3188 3230 in
3235 3177 3354 3234 luce
3404 3181 3587 3248 fuerit,

2016 3266 2163 3324 patet
2193 3275 2206 3310 :
2234 3273 2409 3327 neque
2440 3259 2584 3314 enim
2625 3261 2938 3330 angelorum
2967 3264 3145 3330 chori,
3175 3283 3348 3338 neque
3399 3287 3589 3328 omnes

2011 3349 2267 3406 caelestes
2323 3351 2598 3407 exercitus
2633 3352 2686 3408 in
2747 3354 2986 3409 tenebris
3041 3358 3350 3426 manebant,
3408 3365 3499 3419 sed
3534 3366 3588 3418 in

2014 3438 2221 3493 lumine
2254 3452 2308 3493 et
2341 3440 2397 3493 in
2431 3441 2582 3494 omni
2604 3441 2801 3512 gaudio
2861 3445 3090 3514 spiritali
3145 3463 3446 3520 congruum
3485 3455 3588 3510 sibi

2014 3530 2380 3586 ministerium
2432 3531 2748 3602 adimplent,
2796 3550 2862 3588 cx
2912 3551 3022 3604 quo
3075 3538 3178 3604 ipsi
3217 3556 3246 3595 e
3295 3544 3469 3600 nihilo
3519 3549 3589 3601 ad

2013 3621 2385 3676 exsistentiam
2409 3623 2626 3677 deducti
2681 3635 2830 3679 sunt.
2896 3627 2988 3679 illa
3021 3627 3090 3696 igi
3122 3644 3188 3681 ur
3226 3631 3346 3685 luce
3383 3638 3585 3702 praedi-

2012 3719 2154 3765 ctam
2201 3712 2274 3768 ob
2303 3727 2524 3768 causam
2561 3730 2780 3770 sursum
2833 3715 3064 3782 inclusa,
3114 3717 3340 3789 insuper
3383 3727 3588 3780 creavit

2016 3799 2159 3856 Deus
2186 3803 2326 3857 hanc
2369 3803 2566 3872 lucem,
2609 3820 2731 3874 qua:
2773 3821 2917 3862 nunc
2951 3807 3222 3865 illuminat
3268 3819 3324 3866 et
3346 3812 3588 3870 illustrat

2017 3890 2252 3944 [inedium
2285 3891 2428 3947 inter
2479 3892 2676 3948 cmlum
2720 3904 2775 3948 et
2803 3905 3000 3951 terram
3043 3897 3408 3955 intervallum.
3461 3900 3588 3959 Hac

2017 3977 2156 4034 laeta
2183 3988 2310 4034 sunt
2336 3981 2512 4050 primo
2539 3983 2837 4039 creationis
2891 3984 2998 4039 die.
3026 3984 3141 4041 Hoc
3164 3986 3328 4057 igitur
3348 3987 3436 4044 die
3456 3987 3590 4045 dicit

2016 4069 2230 4140 Moyses
2254 4071 2305 4124 in
2331 4071 2480 4127 brevi
2509 4071 2703 4128 Genesi
2752 4084 2966 4131 creatas
2998 4091 3121 4133 esse
3173 4078 3424 4135 caelestes
3481 4079 3588 4136 vir-

2019 4167 2176 4214 tutes.

2519 4345 2584 4400 ll.
2625 4346 2702 4402 De
2736 4348 3092 4417 ﬁrmamento.

2095 4435 2346 4490 Secundo
2375 4435 2464 4491 die
2516 4452 2638 4492 cum
2697 4439 2962 4494 immensa
3017 4441 3338 4513 inﬁnitaque
3387 4452 3597 4507 terram,

2019 4524 2253 4580 ambiret
2287 4527 2540 4596 abyssus,
2560 4527 2725 4596 jussit
2754 4528 2896 4583 Deus
2928 4548 2946 4582 ι
2977 4529 3093 4585 ﬁeri
3129 4533 3536 4590 ﬁrmamentum
3565 4556 3587 4587 ι

2020 4631 2085 4670 ex
2122 4616 2279 4684 aquis
2330 4633 2348 4666 ι
2409 4615 2464 4669 in
2520 4617 2697 4672 medio
2729 4637 2747 4670 ι
2805 4634 2994 4673 earum
3034 4638 3048 4674 :
3083 4622 3138 4676 id
3196 4623 3342 4692 quod
3406 4633 3594 4694 postea

2020 4707 2233 4784 vocavit
2263 4724 2280 4756 (
2314 4707 2535 4761 coelum.
2576 4727 2593 4760 ι
2624 4708 2689 4762 Ει
2725 4708 2887 4763 simul
2938 4727 3061 4766 cum
3113 4713 3273 4783 jussu
3304 4729 3440 4784 opus
3465 4730 3590 4784 per-

2022 4783 2221 4851 fectum
2252 4807 2371 4854 est:
2413 4799 2575 4868 idque
2620 4815 2757 4870 opus
2787 4801 2990 4858 dictum
3046 4813 3131 4858 est
3185 4783 3588 4863 ﬁrmamentum

2021 4890 2091 4944 ob
2115 4891 2460 4959 superiorum
2497 4892 2579 4946 vel
2607 4893 2769 4947 etiam
2811 4893 3128 4959 inferiorum
3166 4913 3432 4966 aquarum
3491 4916 3590 4956 na-

2024 4987 2202 5033 turam
2242 4980 2492 5034 subtilem
2529 4990 2581 5036 et
2612 4996 2828 5048 raram;
2861 4982 3060 5036 caelum
3094 4997 3222 5038 vero
3245 4985 3373 5054 quia
3413 4985 3591 5043 simile

2023 5072 2238 5128 videtur
2258 5073 2383 5143 pelli
2415 5087 2579 5152 supra
2600 5081 2762 5141 caput
2782 5073 3082 5143 explicate.

346 5163 486 5235 πτην
521 5153 686 5218 οὖσαν
727 5164 819 5218 καὶ
848 5164 1046 5234 ἀραιὰν
1073 5161 1139 5231 θ’,
1174 5163 1403 5235 οὐρανὸς
1438 5162 1493 5216 δὲ
1543 5163 1630 5216 διὰ
1680 5161 1742 5214 τὸ
1795 5161 2134 5232 καθορᾶσθαι
2173 5165 2373 5234 τρόπον
2418 5165 2660 5234 δέῤῥεως
2697 5163 2839 5234 ὑπὲρ
2879 5165 3120 5235 κεφαλῆς
3146 5167 3474 5240 ήπλωμένον
3517 5171 3583 5222 *³.

1541 5281 1741 5344 Varim
1782 5280 2087 5344 lectiones
2127 5289 2188 5344 et
2222 5292 2413 5346 notae.

421 5409 465 5441 "
490 5408 592 5481 Th.
621 5409 824 5481 €117};
855 5409 1133 5481 fevécsm;
1170 5411 1264 5462 καὶ
1305 5409 1362 5474 ἐξ
1391 5409 1566 5481 ἄλλων
1602 5407 1891 5481 ἱστορικῶν
1923 5408 2132 5481 *ἑφεξῆς
2165 5411 2455 5478 συναγωγὴ
2487 5410 2549 5481 ἐκ
2587 5412 2634 5464 δ.
2674 5429 2726 5481 χ.
2767 5409 3047 5481 Θεοδοσίου
3061 5427 3094 5481 νς,
3131 5409 3191 5464 Ρ.
3234 5409 3454 5462 Ἰουλίου
3486 5409 3592 5466 Uo-

345 5480 636 5542 λυδεύκους
694 5479 902 5548 ἱστορία
929 5479 1131 5549 φυσικὴ
1188 5481 1266 5541 εἰς
1298 5481 1394 5543 τὴν
1440 5498 1492 5532 κ.
1539 5480 1604 5530 ἐκ
1633 5479 1732 5545 τῆς
1759 5494 1813 5544 γ.
1851 5495 1912 5532 κα

2015 5481 2224 5549 poi/tva
2261 5481 2349 5547 ἐφ.
2380 5481 2487 5548 (ed.
2516 5479 2776 5535 Bianconi
2807 5481 2940 5534 Bon.
2973 5480 3125 5542 l776,
3164 5481 3370 5534 vonder
3399 5481 3589 5540 lim-dt.

347 5553 491 5606 Mou.
520 5550 702 5620 1792.)
727 5577 795 5590 —
820 5549 1049 5620 llubriga
1083 5549 1134 5600 in
1157 5551 1342 5620 codice
1385 5550 1553 5614 (205’)
1586 5552 1825 5620 evanuit.

348 5695 394 5723 ⁷⁵
427 5692 488 5744 τό
517 5689 616 5744 Th.
645 5688 704 5744 P.
785 5691 832 5720 ”
863 5689 1042 5742 σκότει
1073 5687 1172 5741 Th.
1213 5687 1269 5740 P.

350 5779 386 5828 ι,
409 5763 461 5818 6.
541 5761 580 5793 θ’
616 5761 654 5814 Ι.
678 5759 728 5814 8.
807 5761 850 5791 δ’
882 5758 1260 5829 ἀρυρυῖανῩΡ.

1348 5689 1392 5720 ⁷⁷
1418 5690 1507 5754 ἀφ’
1537 5690 1654 5743 cod.

1337 5759 1381 5789 ’³³
1414 5760 1748 5830 ἀπὶωμένον.
1773 5759 1832 5814 Ρ.

1910 5550 1953 5580 ⁸⁸
1976 5537 2024 5603 ’δ’
2039 5547 2094 5602 Ρ.
2124 5549 2226 5603 Th.

349 5637 388 5683 ι,
420 5623 468 5675 l.
501 5660 512 5671 .
548 5621 588 5652 ⁷⁸
615 5618 691 5672 ἐκ
711 5621 796 5673 ἀν.
820 5633 930 5674 om.
973 5618 1074 5671 Th.
1151 5620 1193 5650 ⁷²
1224 5618 1317 5672 καὶ
1372 5620 1480 5671 τῶν
1522 5621 1579 5672 ἐν
1627 5619 1762 5686 αὐτῇ
1814 5621 1912 5674 πάν

2015 5638 2032 5671 ι
2076 5620 2196 5674 cod.

2304 5551 2346 5581 σο
2379 5549 2570 5618 χρόνον
2602 5551 2661 5604 Ρ.
2697 5552 2819 5606 cod.
2857 5552 2972 5603 Val.
3016 5551 3118 5604 165

2279 5619 2322 5649 ⁷³
2353 5619 2607 5688 βούλησιν
2636 5620 2740 5673 Th.
2763 5651 2834 5664 --
2866 5622 2932 5676 15
2972 5621 3010 5674 1.
3043 5621 3096 5674 5.

3161 5565 3214 5618 ρ.
3256 5551 3305 5604 1.
3384 5551 3429 5582 ⁷ο
3451 5550 3587 5608 Gen.

3173 5621 3215 5652 ‘"
3247 5618 3343 5672 σύν
3395 5619 3496 5675 Th.
3525 5621 3587 5677 P.

1734 5691 1778 5719 ⁷⁸
1811 5693 1864 5741 ἐν
1887 5708 1910 5741 τ

2022 5730 2033 5744 .
2068 5689 2168 5743 Th.
2248 5693 2292 5721 7“
2324 5692 2566 5758 ἁπεῖρως
2637 5692 2729 5743 καὶ
2774 5691 3022 5754 ἀπλὲτως
3080 5690 3136 5746 Ρ.
3188 5690 3288 5744 Th.
3376 5689 3423 5724 '°
3451 5692 3588 5749 Gen.

1797 5763 1811 5786 ὶ
