4022 6234
341 305 475 372 1265

401 419 561 492 905
583 419 700 492 [ς’]
734 420 865 488 Περί
901 419 1017 473 τῶν
1048 418 1286 488 κτηνῶν
1318 421 1414 474 καὶ
1447 419 1564 473 τῶν
1586 418 1828 486 θηρίων.

404 535 448 567 ⁸³
471 533 634 597 Αὖθις
654 535 710 587 δὲ
742 535 799 588 ὲν
829 536 895 604 τῇ
935 533 989 598 ς’
1021 535 1206 606 ἡμέρᾳ
1237 534 1520 605 ἐπετράπη
1553 551 1572 584 t
1607 533 1900 600 ὶξαγαγεῖν

333 627 364 694 ἡ
393 626 460 692 γῆ
481 622 655 693 ψυχὴν
677 622 860 688 ζῶσαν
892 625 1033 678 κατὰ
1057 626 1231 695 γένος,
1251 625 1560 696 τετράποδα
1579 623 1671 677 καὶ
1691 622 1898 695 ἑρπετὰ

332 716 422 767 καὶ
448 713 612 792 θηρία
634 735 646 746 ·
695 733 715 766 ι
769 715 860 767 καὶ
887 715 1049 778 εὐθὺς
1094 717 1376 788 προήγαγε
1417 715 1486 769 τά
1513 731 1570 768 τε
1603 713 1771 784 ἄγρια
1803 714 1899 766 καί⁸

327 805 508 874 ἥμερα
537 805 674 869 ζῶα.
721 807 910 877 Ψυχὴν
953 807 1009 860 δὲ
1044 806 1225 871 ζῶσαν
1259 809 1549 876 ἐξαγαγεῖν
1584 805 1894 870 ἐκέλευσεν,

328 893 417 948 ἴνα
445 895 510 947 ἐκ
542 895 732 948 τούτου
781 894 1119 967 γινώσκηται
1159 897 1260 966 τῆς
1303 913 1360 949 τε
1402 896 1602 964 ἀλόγου
1647 894 1825 965 ψυχῆς
1865 894 1896 963 ἡ

326 985 563 1056 διαφορὰ
607 988 699 1040 καὶ
731 986 831 1056 τῆς
862 987 1211 1058 ἀνθρωπίνης
1244 989 1292 1020 ⁸⁸
1319 1004 1333 1021 ⁸
1375 989 1440 1040 ὲκ
1487 987 1596 1058 γάρ
1623 987 1723 1056 γῆς
1756 985 1896 1054 ἐφύη

325 1078 435 1130 τῶν
459 1079 733 1148 ἀλόγωνή
782 1079 950 1149 ψυχὴ,
1001 1081 1034 1150 ἡ
1084 1079 1141 1132 δὲ
1194 1079 1305 1132 τῶν
1343 1077 1648 1148 ἀνθρώπων
1700 1077 1763 1130 ἐκ
1801 1075 1896 1130 τοῦ

327 1168 470 1222 θείου
499 1170 893 1240 ἑμφυσήματος
925 1171 1258 1241 συνέστηκεν
1283 1171 1330 1202 ’⁸
1362 1185 1376 1200 ⁸
1416 1169 1513 1222 καὶ
1540 1169 1622 1222 ὅτι
1663 1168 1839 1238 γεηρὰ
1865 1169 1895 1236 ἡ

324 1259 433 1310 τῶν
461 1259 673 1327 ἀλόγων
704 1260 872 1330 ψυχὴ,
913 1261 972 1324 ἐξ
1007 1261 1179 1330 αὐτῆς
1208 1261 1323 1314 ἐστι
1363 1261 1566 1328 γνῶναι
1605 1260 1769 1313 πάλιν
1797 1260 1896 1326 τῆς

325 1350 548 1420 Γραφῆς
576 1365 595 1383 ’
635 1349 850 1419 εἴρηται
879 1351 992 1421 γάρ
1026 1368 1041 1384 ο
1079 1371 1098 1404 ι
1135 1351 1296 1422 Ψυχὴ
1329 1351 1526 1414 παντὸς
1567 1350 1798 1420 κτήνους
1839 1349 1897 1402 τὸ

325 1439 464 1511 αἷμα
491 1440 653 1494 αὑτοῦ
681 1444 830 1497 ἐστιν
861 1459 876 1473 ⁶
912 1461 930 1495 ο
959 1439 1098 1513 αἷμα
1130 1443 1188 1497 δὲ
1228 1444 1578 1515 πηγνύμενον
1613 1445 1693 1505 εἰς
1721 1442 1897 1513 σάρκα

326 1531 720 1600 μεταϐάλλεται
754 1547 768 1561 ·
801 1531 939 1603 σάρξ
981 1533 1036 1586 δὲ
1069 1532 1450 1606 φθει[ρομένη]
1495 1535 1576 1597 εἰς
1617 1532 1724 1602 γῆν
1762 1533 1895 1586 ἁνα-

322 1622 531 1678 λύεται.
563 1624 806 1689 Εἰκότως
833 1621 930 1678 οὖν
958 1626 1166 1698 γεώδης
1193 1629 1226 1697 ἡ
1263 1627 1410 1698 ψυχὴ
1437 1626 1532 1679 τοῦ
1566 1626 1788 1694 ἀλόγου.

439 1735 540 1810 [Z']
582 1738 719 1808 Περί
758 1737 866 1807 τῆς
895 1737 1278 1809 κατασκευῆς
1303 1740 1410 1795 τοῦ
1449 1740 1787 1809 ἀνθρώπου.

405 1851 626 1924 Ἐπειδὴ
658 1851 759 1926 [δὲ]
789 1853 974 1908 λοιπὸν
999 1854 1100 1927 [τῷ
1117 1855 1469 1928 καταλλ]ήλῳ
1501 1856 1692 1912 κάλλει
1717 1857 1897 1912 πάντα

319 1945 686 2014 διεκοσμεῖτο,
743 1946 772 1999 6
812 1947 1043 2015 οὐρανὸς
1094 1947 1196 2018 μὲν
1255 1951 1376 2012 ταῖς
1414 1948 1524 2002 τῶν
1565 1949 1896 2022 φωστήρων,

323 2034 566 2107 [αὐγαῖς,
594 2036 935 2110 θάλασσα]...
983 2041 1042 2094 δὲ
1091 2041 1186 2095 καὶ
1215 2041 1322 2110 ἀὴρ
1367 2042 1481 2103 τοῖς
1533 2043 1751 2111 νηκτοῖς
1803 2042 1898 2094 καὶ

321 2131 530 2201 ἀερίοις
557 2133 664 2185 τῶν
688 2131 865 2198 ζώων,
905 2134 976 2202 γῆ
1003 2133 1060 2186 δὲ
1084 2135 1204 2197 ταῖς
1236 2132 1545 2204 [παντοίαις
1585 2131 1895 2203 διαφοραῖς]

321 2222 432 2276 τῶν
454 2224 634 2292 φυτῶν
657 2243 715 2279 τε
746 2225 840 2280 καί⁵
870 2226 1255 2297 βοσκημάτων,
1293 2225 1486 2295 ὥσπερ
1511 2225 1635 2278 τινὰ
1668 2225 1896 2295 βασιλέα

319 2315 375 2382 [ό
403 2313 495 2367 τοῦ
551 2316 752 2380 παντὸς
802 2318 1035 2388 ποιητὴς
1084 2316 1320 2390 εἰσάγ]ει
1365 2317 1459 2370 τὸν
1505 2316 1792 2387 ἄνθρωπον
1837 2318 1896 2370 ὲν

319 2403 534 2476 κόσμῳ,
578 2406 675 2477 οὐχ
720 2407 796 2469 ὡς
833 2407 1143 2478 ἀπόϐλητον
1181 2407 1408 2479 ἔσχατον
1448 2407 1627 2478 (206°)
1679 2408 1893 2472 κτίσας,

317 2497 438 2550 ἀλλ’
485 2498 561 2560 ὡς
608 2497 726 2567 ἅμα
772 2501 838 2570 τῇ
870 2499 1084 2567 γενέσει
1131 2499 1436 2569 βασιλεύειν
1482 2499 1790 2568 ὀφείλοντα.
1830 2499 1896 2552 Τί

316 2589 428 2661 γάρ
460 2606 624 2661 φησιν
655 2590 687 2659 ἡ
735 2590 965 2658 Γραφή;
1009 2609 1027 2642 ι
1065 2591 1177 2644 Kal.
1222 2587 1375 2643 εἷπεν
1405 2593 1434 2644 6
1473 2589 1606 2654 Θεός
1633 2605 1646 2618 ·
1682 2592 1727 2624 ⁸⁸
1769 2592 1897 2644 ﬂat--

315 2681 541 2752 ήσωμεν
570 2681 856 2749 ἄνθρωπον
905 2684 1028 2735 κατ’
1076 2681 1263 2736 εἰκόνα
1311 2681 1585 2751 ἡμετέραν
1640 2683 1735 2735 καὶ
1775 2680 1900 2736 καθ’

242 2782 244 2784 ’
314 2773 602 2844 ὁμοίωσιν,
646 2775 740 2827 καὶ
778 2774 1100 2844 ἀρχέτωσαν
1149 2774 1258 2827 τῶν
1307 2773 1505 2843 ἰχθύων
1545 2773 1646 2842 τῆς
1695 2773 1895 2828 θαλάσο

316 2883 424 2936 σης
462 2867 556 2917 καὶ
589 2866 696 2918 τῶν
727 2865 991 2919 πετεινῶν
1027 2863 1122 2918 τοῦ
1167 2864 1398 2935 οὐρανοῦ
1438 2866 1664 2922 καὶτῶν
1691 2865 1896 2937 θηρίων

312 2955 413 3009 καὶ
446 2955 626 3026 πάσης
656 2955 757 3025 τῆς
794 2957 918 3025 γῆς.
958 2975 977 3008 ι
1017 2957 1128 3010 Καὶ
1163 2955 1231 3010 τά
1263 2957 1365 3027 μὲν
1398 2956 1745 3012 ἀλλαπάντα
1783 2959 1895 3011 κτί-

317 3065 506 3118 σματα
533 3049 742 3120 ῥήματι
769 3049 916 3121 μόνῳ
942 3050 1201 3124 παρήχθη
1226 3067 1240 3084 ⁸
1270 3053 1298 3104 6
1325 3051 1382 3104 δὲ
1421 3051 1707 3122 ἄνθρωπος
1739 3051 1896 3122 ἔσχεν

311 3138 599 3209 ἐξαίρετόν
628 3141 852 3210 τινκατά
883 3142 980 3211 τὴν
1020 3141 1238 3211 ποίησιν
1270 3141 1423 3214 παρά
1461 3142 1655 3197 ταῦτα.
1688 3143 1894 3214 Βουλῆς

309 3231 425 3302 γὰρ
453 3233 920 3303 προηγησαμένης
948 3233 1194 3305 ἐκτίσθη,
1237 3235 1320 3289 ἵνα
1367 3237 1432 3290 ἐκ
1466 3238 1654 3291 τούτου
1684 3237 1890 3308 δειχθῇ.

308 3327 394 3379 ὅτι
439 3341 545 3394 περ
571 3325 750 3394 τίμιόν
779 3342 832 3378 τι
873 3326 1060 3396 χρῆμα
1091 3326 1328 3398 ὑπάρχει
1372 3345 1384 3358 ·
1423 3327 1484 3382 τὸ
1536 3329 1677 3400 γάρ’
1713 3347 1731 3379 ι
1769 3328 1894 3380 Ποι-

309 3418 542 3487 ήσωμεν
577 3417 867 3487 ἄνθρωπον
917 3416 1040 3470 κατ’
1068 3417 1258 3471 εἰκόνα
1299 3419 1575 3489 ἡμετέραν
1621 3419 1718 3473 καὶ⁵
1769 3418 1892 3473 καθ’

307 3507 632 3577 όμοίωσιν,›
665 3507 817 3561 οὐδὲν
852 3508 1038 3579 ἕτερον
1075 3507 1348 3562 δείκνυσιν
1391 3510 1422 3580 ἢ
1464 3509 1546 3563 ὅτι
1598 3507 1890 3580 συμϐούλῳ

307 3601 590 3670 ἐχρήσατο
619 3601 647 3652 6
674 3599 864 3670 Πατὴρ
892 3599 971 3670 τῷ
1014 3603 1296 3670 μονογενεῖ
1319 3599 1499 3661 ,αὑτοῦ
1533 3601 1645 3670 Υίῷ
1677 3599 1772 3652 ἐπὶ
1822 3602 1888 3669 τῇ

305 3691 514 3745 τούτου
538 3696 852 3764 κατασκευῇ
886 3710 904 3744 ι
939 3694 1017 3762 τῷ
1049 3695 1214 3766 906
1245 3695 1643 3764 άπαυγάσματι
1681 3693 1781 3764 τῆς
1801 3693 1896 3745 ,δό-

307 3783 433 3852 ξης,
470 3800 492 3832 ι
545 3782 687 3835 κατὰ
711 3785 803 3836 τὸν
844 3783 1188 3849 Ἀπόστολον,
1234 3802 1252 3834 ι
1295 3785 1390 3839 καὶ
1436 3783 1745 3854 χαρακτῆρι
1796 3783 1893 3852 τῆς

309 3871 672 3935 ὑποστάσεως
701 3873 887 3928 αὑτοῦ.
927 3894 946 3926 ι
993 3873 1131 3931 Οὔτε
1157 3875 1268 3946 γὰρ
1293 3876 1423 3944 ὲνῆν
1452 3875 1597 3944 ἄλλῳ
1628 3875 1736 3927 τινὶ
1762 3890 1900 3941 συμ-

305 3967 497 4037 ϐούλῳ
543 3967 650 4018 τινὶ
695 3967 999 4037 κεχρῆσθαι
1028 3969 1059 4038 ἢ
1094 3968 1172 4038 τῷ
1211 3969 1386 4033 ζῶντι
1421 3968 1515 4022 καὶ
1548 3967 1899 4036 ὲνυποστάτῳ

302 4059 486 4114 αὑτοῦ
520 4059 680 4127 Λόγῳ
708 4057 784 4126 τῷ
828 4059 1236 4130 ἀπαραλλάκτῳ
1266 4061 1389 4114 κατ’
1431 4062 1613 4114 εἰκόνα
1649 4061 1740 4112 καὶ
1769 4058 1898 4127 ὁμο-

298 4153 477 4222 ουσίῳ
514 4149 605 4203 καὶ
639 4149 964 4220 ἰσοδυνὰμῳ.
1007 4147 1201 4220 (Κβηδ
1227 4149 1384 4219 ἔργα,
1417 4151 1491 4210 ὡς
1537 4150 1690 4216 λέγει
1727 4149 1894 4201 Mwiie

1469 305 1928 367 CIIRONICON.
1973 329 2041 343 --
2082 304 2230 367 LIB.
2273 309 2402 370 VII.

1925 1767 1972 1824 B

3442 315 3578 376 1266

2391 419 2474 474 VI.
2517 421 2588 474 De
2627 423 2882 490 jumentis
2913 430 2962 477 et
2985 423 3186 478 bestiis.

2081 530 2245 585 Sexto
2280 532 2366 585 die
2392 531 2546 601 jussa
2597 545 2679 588 est
2715 553 2732 586 ι
2797 537 3099 600 producere
3149 545 3290 590 terra
3340 540 3573 593 annnam

2008 623 2276 678 viventem
2339 625 2392 678 in
2426 639 2624 694 genere
2650 641 2774 690 suo,
2825 627 3224 695 quadrupedes,
3276 629 3486 697 reptilia
3523 646 3578 685 et

2011 715 2230 771 bestias.
2263 736 2280 767 ι
2308 718 2371 772 Ει
2398 718 2580 773 statim
2603 717 2856 787 produxit
2885 720 2992 774 fera
3017 729 3067 772 et
3091 721 3276 775 eicura
3300 723 3576 776 animalia.

2009 807 2177 860 Porro
2203 808 2357 874 jussa
2406 821 2488 864 est
2542 809 2631 864 illa
2670 810 2968 878 producere
3000 811 3236 865 animam
3281 811 3576 871 viventem.

2006 905 2066 952 ut
2087 898 2281 954 exinde
2307 911 2633 970 agnoscatur
2659 903 2990 958 irrationalis
3022 903 3217 958 animae
3243 905 3310 958 ab
3334 905 3571 958 humana

2004 987 2332 1045 discrimen:
2371 1006 2436 1046 ex
2489 1001 2629 1046 terra
2686 993 2830 1048 enim
2863 1004 3117 1064 generata
3171 1006 3257 1052 est
3288 996 3573 1051 brutorum

2005 1085 2208 1148 anima,
2276 1087 2556 1142 hominum
2610 1103 2737 1143 vero
2787 1090 2970 1144 anima
3021 1089 3205 1145 divino
3270 1092 3446 1146 amata
3492 1094 3577 1145 est

2005 1177 2218 1245 spiritu.
2253 1177 2327 1230 Ac
2356 1188 2623 1232 terrenam
2654 1196 2776 1234 esse
2800 1182 3082 1234 brutorum
3110 1183 3344 1235 animant
3372 1193 3434 1236 ex
3459 1184 3575 1251 ipsa

2004 1269 2199 1323 iterum
2241 1280 2384 1339 patet
2438 1270 2724 1340 Scriptura
2781 1273 2998 1327 dicente
3029 1291 3040 1326 :
3074 1291 3091 1322 ι
3157 1273 3350 1325 Anima
3396 1273 3576 1327 omnis

2007 1362 2191 1415 bestiae
2251 1361 2304 1414 in
2374 1362 2638 1431 sanguine
2698 1363 2816 1432 ejus
2863 1372 2962 1417 est.
3005 1382 3024 1415 ι
3085 1365 3320 1433 Sanguis
3392 1371 3573 1417 autem

2004 1453 2322 1522 coagulatus
2372 1452 2423 1506 iu
2456 1467 2670 1507 carnem
2699 1454 3056 1519 convertitur,
3083 1463 3137 1508 et
3169 1470 3294 1509 caro
3321 1464 3573 1523 corrupta

2006 1545 2058 1597 in
2089 1553 2289 1598 terram
2338 1543 2647 1600 resolvitur.
2695 1543 2830 1599 Vere
2873 1545 3038 1615 igitur
3073 1556 3284 1603 terrena
3323 1555 3407 1603 est
3426 1545 3572 1603 bruti

2005 1652 2206 1692 anima.

2359 1747 2464 1806 VII.
2513 1753 2583 1808 De
2621 1754 2847 1810 hominis
2901 1757 3235 1826 formatione.

2068 1864 2202 1919 Cum
2254 1866 2364 1934 jam
2439 1867 2620 1921 omnia
2681 1883 2921 1938 congruo
2978 1868 3080 1922 sibi
3155 1871 3350 1923 decore
3382 1875 3571 1923 ornata

1997 1965 2200 2021 essent,
2221 1958 2416 2012 caelum
2445 1959 2643 2030 quippe
2662 1969 2934 2017 astrorum
2972 1962 3379 2033 splendoribus,
3420 1977 3573 2017 mare

1999 2059 2128 2099 vero
2174 2055 2226 2099 et
2259 2061 2353 2100 aer
2395 2047 2635 2114 piscibus
2691 2059 2744 2104 et
2800 2050 2964 2105 aeriis
3003 2052 3370 2115 animalibus,
3409 2064 3573 2122 atquo

1999 2144 2138 2190 terra
2181 2135 2736 2206 dirersisplantarum
2788 2149 2842 2192 et
2876 2141 3176 2196 bestiarum
3241 2143 3572 2211 speciebus:

1999 2228 2145 2283 velut
2170 2243 2352 2297 regem
2385 2229 2438 2283 in
2469 2229 2733 2284 mundum
2768 2232 2972 2286 Artifex
3000 2233 3246 2287 omnium
3274 2234 3575 2289 introducit

1999 2319 2297 2385 hominem,
2332 2335 2492 2391 quem
2564 2321 2819 2376 ultimum
2879 2324 3085 2378 creavit
3142 2338 3249 2378 non
3316 2334 3574 2394 tanquam

1997 2409 2290 2479 abiectum,
2349 2411 2442 2466 sed
2485 2420 2545 2464 ut
2594 2412 2776 2466 statim
2838 2414 2905 2466 ab
2939 2421 3060 2467 ortu
3110 2424 3376 2483 regnaret.
3430 2413 3573 2479 Quid

1998 2501 2145 2554 enim
2176 2499 2308 2554 dicit
2349 2501 2674 2568 Scriptura?
2709 2519 2726 2550 ι
2763 2500 2824 2554 Ει
2869 2500 3000 2554 dixit
3051 2501 3232 2554 Deus:
3286 2501 3574 2558 Faciamus

2001 2591 2274 2646 hominem
2313 2591 2380 2644 ad
2427 2590 2718 2659 imaginem
2769 2600 2822 2646 et
2854 2591 3261 2646 similitudinem
3290 2602 3609 2658 nostram;_.

1997 2691 2051 2737 et
2101 2681 2285 2752 prmsit
2341 2683 2583 2752 piscibus
2628 2684 2820 2746 maris,
2867 2693 2915 2738 ct
2975 2682 3292 2738 volatilibus
3337 2684 3483 2747 etnli,
3520 2693 3575 2737 ει

1999 2773 2206 2838 bestiis,
2271 2773 2644 2845 universmque
2699 2783 2920 2831 terrae.»
2987 2773 3052 2827 Et
3085 2785 3291 2829 caetera:
3350 2775 3572 2844 quidem

1999 2871 2270 2918 creatura:
2311 2873 2452 2920 'uno
2486 2865 2654 2920 verbo
2712 2866 2988 2935 producta:
3044 2875 3212 2932 sunt;
3245 2865 3408 2919 homo
3445 2880 3573 2920 vero

2000 2951 2052 3005 in
2087 2967 2184 3007 sua
2248 2951 2578 3009 formatione
2633 2953 2885 3008 nonnihil
2919 2953 2986 3006 ab
3057 2952 3168 3007 illis
3217 2953 3565 3021 discrepuit:

2003 3044 2234 3100 consilio
2284 3045 2431 3099 enim
2489 3045 2789 3115 praihabito
2849 3053 3066 3100 creatus
3103 3055 3206 3108 est,
3254 3052 3314 3098 ut
3370 3042 3569 3098 exinde

2002 3135 2379 3190 ostenderetur
2409 3150 2532 3191 eum
2567 3151 2688 3193 csse
2717 3136 2920 3206 aliquid
2951 3136 3201 3210 pretiosi.
3224 3134 3356 3188 Illud
3376 3135 3519 3187 enim
3543 3148 3569 3186 ε

2007 3246 2024 3278 ι
2055 3225 2342 3284 Faciamus
2371 3228 2646 3284 hominem
2675 3229 2742 3282 ad
2801 3228 3094 3298 imaginem
3151 3235 3206 3281 et
3257 3224 3571 3281 similitudi-

2001 3331 2144 3370 nem-7
2175 3327 2486 3383 nostram”.
2511 3318 2820 3374 nihilvaliud
2851 3317 3124 3389 signiﬁcat
3155 3326 3318 3388 quam
3353 3315 3574 3373 Patrem

1998 3412 2064 3468 de
2092 3413 2329 3470 hominis
2350 3413 2676 3469 formatione
2699 3412 3014 3469 consiliario
3041 3427 3198 3466 usum
3230 3410 3404 3465 fuisse
3432 3405 3570 3461 Fttio

1998 3519 2097 3559 suo
2127 3505 2538 3575 unigenito,qui
2560 3512 2665 3571 est,
2693 3505 2849 3573 juxta
2879 3502 3226 3573 Apostolum,
3261 3519 3280 3552 ι
3311 3497 3571 3569 splendor

2000 3580 2202 3666 gloriaz,
2232 3605 2284 3650 et
2324 3597 2492 3666 ﬁgura
2512 3595 2828 3650 substantia:
2863 3595 3003 3663 ejus.
3044 3612 3061 3644 ι
3104 3592 3262 3645 ΝιιΙΙο
3283 3591 3427 3644 enim
3466 3589 3573 3642 alio

2001 3686 2317 3741 consiliario
2345 3687 2418 3740 uti
2473 3695 2684 3755 poterat
2737 3699 2901 3753 quam
2954 3685 3168 3738 vivente
3201 3692 3253 3736 et
3301 3681 3574 3749 personati

2003 3790 2104 3833 suo
2141 3774 2347 3840 Verbo,
2381 3775 2528 3844 quod
2559 3782 2641 3829 est
2665 3774 2846 3844 imago
2882 3773 3003 3844 ejus
3042 3771 3402 3826 immutabilis
3439 3787 3572 3825 con-

1997 3867 2482 3938 substantialisque
2519 3875 2573 3922 et
2604 3864 2912 3932 coaaqualis.
2946 3865 3062 3919 Duo
3095 3871 3149 3917 et
3177 3861 3365 3934 viginti
3385 3875 3571 3929 opera,

1999 3969 2055 4016 ut
2083 3958 2214 4015 dicit
2251 3957 2450 4024 Moses,
2475 3958 2604 4014 fecit
2631 3956 2772 4013 Deus
2795 3957 2934 4011 intra
2960 3969 3053 4010 sex
3083 3954 3200 4009 dies
3222 3970 3236 4006 :
3259 3954 3440 4023 itaque
3464 3950 3574 4005 duo

1994 4063 2049 4108 et
2070 4052 2258 4122 viginti
2280 4051 2489 4118 litterae,
2511 4050 2844 4118 totidemque
2860 4048 2981 4102 libri
3011 4045 3292 4116 suntapud
3311 4043 3570 4107 IIebrcos,

1995 4155 2050 4197 et
2071 4142 2262 4212 viginti
2295 4143 2402 4196 duo
2435 4140 2816 4208 generationes
2845 4139 2913 4192 ab
2948 4138 3137 4192 Ada‘m.
3174 4136 3240 4189 ad
3270 4135 3462 4189 Jacob.

299 4245 428 4312 σῆς,
459 4240 691 4294 ἔκτισεν
719 4242 748 4294 6
789 4239 924 4304 Θεὸς
955 4241 1011 4292 ὲν
1048 4241 1166 4302 ταῖς
1192 4240 1246 4304 ς’
1279 4242 1514 4312 ἡμέραις
1535 4257 1548 4270 ο
1613 4239 1691 4292 διὸ
1723 4239 1816 4291 καὶ
1878 4233 1965 4304 κβ¹
1998 4233 2302 4304 γράμματα
2343 4232 2440 4285 καὶ
2486 4229 2667 4301 βιδλία
2698 4228 2944 4284 τοσαῦτα
2985 4231 3117 4301 παρ’
3153 4229 3429 4300 Ἑϐραίοις
3481 4226 3574 4281 καὶ

299 4332 388 4404 κβ⁹
432 4331 764 4401 γενεάρχίαι
789 4327 1099 4396 ἀπδἊδὰμ
1122 4328 1286 4398 μέχρι
1318 4327 1566 4397 Ἰακώϐ.)

675 4448 783 4521 [H']
814 4449 917 4514 Εἰς
943 4448 1031 4512 τὸ,
1076 4446 1246 4501 «Κατ’
1273 4447 1530 4501 εἰκόνα.)

392 4562 622 4634 Ἐπειδὴ
650 4561 850 4627 τοίνυν,
875 4561 951 4624 ὡς
999 4559 1235 4632 εἴρηται,
1268 4557 1522 4628 βασιλεὺς
1551 4557 1739 4626 ὥσπερ
1772 4561 1886 4612 εἰσ-

303 4662 452 4734 ἤχθη
497 4661 579 4712 ἐν’
614 4656 805 4726 κόσμῳ
841 4655 870 4707 ὁ
911 4652 1220 4724 ἄνθρωπος,
1252 4651 1478 4716 εἰκότως
1511 4651 1606 4705 οὖν
1645 4652 1736 4704 καὶ
1765 4653 1886 4705 κατ’

304 4754 509 4806 εἰκόνα
529 4745 668 4802 Θεοῦ
696 4745 988 4816 γεγένηται
1012 4760 1026 4774 ’
1057 4743 1165 4797 ἔδει
1208 4743 1316 4814 γάρ
1345 4744 1437 4797 τὸν
1480 4744 1745 4811 μέλλοντα
1790 4743 1888 4813 ἄρ-

300 4861 428 4914 χειν
461 4841 576 4894 τῶν
607 4836 803 4900 ἄλλων,
855 4834 1046 4905 ὥσπερ
1083 4832 1204 4886 τινὰ
1239 4832 1424 4886 εἰκόνα
1467 4828 1606 4888 εῖναι
1647 4832 1888 4903 ἔμψυχον

301 4935 405 5002 τῆς
442 4928 543 4984 τοῦ
591 4925 858 4997 βασιλέως
884 4925 1222 4994 ὁμοιότητος,
1255 4923 1353 4976 οὐκ
1379 4925 1438 4976 ὲν
1471 4924 1764 4994 πορφυρίδι
1797 4925 1890 4976 καὶ

303 5025 587 5094 σκήπτρῳ
612 5017 708 5071 καὶ
733 5015 1025 5084 διαδήματι
1047 5011 1146 5084 τὴν
1175 5011 1333 5078 ἀξίαν
1365 5012 1718 5080 ἐμφαίνοντα,
1750 5013 1894 5064 ἐπει-

301 5117 368 5185 δὴ
399 5113 546 5185 μηδὲ
580 5109 641 5163 τὸ
684 5107 993 5178 ἀρχέτυπον
1027 5106 1085 5158 ὲν
1122 5102 1335 5166 τούτοις
1374 5103 1542 5166 ἐστὶν,
1572 5103 1685 5155 ἀλλ’
1725 5105 1784 5157 ὲν
1814 5103 1892 5172 τῷ

307 5203 648 5278 κοσμεῖσθαι
693 5203 762 5271 τῇ
796 5197 1078 5269 ἀφθαρσίᾳ
1113 5197 1209 5250 καὶ
1255 5193 1526 5266 ἀθανασίᾳ
1557 5195 1651 5248 καὶ
1683 5197 1889 5264 ἀρετῇ·

305 5301 530 5362 τούτοις
580 5295 690 5367 γὰρ
740 5292 992 5362 τιμηθεὶς
1027 5292 1057 5343 6
1097 5287 1383 5360 ἄνθρωπος
1420 5290 1519 5360 τὴν
1553 5289 1687 5357 πρὸς
1717 5289 1762 5321 ³⁸
1794 5290 1893 5357 τὴν

1927 4430 1975 4488 D

2287 4438 2418 4496 VIII.
2460 4438 2528 4495 In
2556 4441 2713 4494 illud:
2754 4459 2770 4490 ι
2798 4441 2878 4496 Ad
2915 4441 3233 4512 imaginem.
3264 4459 3282 4492 ι

2069 4554 2360 4622 Quoniam,
2416 4563 2474 4608 ut
2507 4553 2718 4610 dictum
2748 4564 2850 4623 εει,
2885 4555 3034 4610 velut
3069 4571 3161 4610 rex
3213 4555 3267 4609 in
3300 4555 3570 4610 mundum

1998 4649 2342 4705 introductus
2374 4658 2457 4705 est
2484 4648 2668 4713 homo,
2693 4649 3080 4704 convenienter
3119 4648 3287 4719 igitur
3335 4648 3404 4704 ad
3437 4649 3573 4703 ima--

1998 4740 2176 4810 ginem
2211 4739 2306 4794 Dei
2348 4739 2532 4794 iactus
2589 4748 2695 4795 est.
2724 4737 2966 4796 Necesse
3014 4740 3159 4796 enim
3192 4749 3312 4795 erat
3335 4750 3418 4805 ut,
3449 4739 3571 4796 aliis

1999 4831 2353 4903 prmfuturus,
2384 4833 2507 4892 viva
2550 4841 2700 4888 esset
2746 4833 2890 4904 regis
2917 4833 3098 4902 imago
3159 4841 3214 4889 et
3244 4833 3568 4898 similitudo,

1996 4941 2104 4980 non
2131 4940 2370 4996 purpura
2405 4935 2738 4995 sceptroque
2781 4940 2847 4979 ac
2903 4925 3209 4981 diademate
3252 4942 3406 4981 suam
3457 4941 3561 4980 ma-

1998 5017 2265 5072 nifestans
2299 5017 2643 5087 dignitatem,
2681 5031 2803 5072 cum
2827 5017 2942 5088 ipse
2976 5017 3306 5088 archetypus
3335 5019 3419 5073 his
3457 5034 3565 5073 non

1997 5108 2284 5178 refulgent,
2313 5109 2410 5164 sed
2441 5124 2507 5165 eo
2534 5107 2682 5178 quod
2705 5115 2933 5163 ornetur
2985 5108 3424 5176 incorruptione,
3469 5110 3568 5162 im-

2000 5201 2330 5256 mortalitate
2361 5217 2444 5257 ae.
2476 5201 2698 5254 virtute.
2736 5199 2833 5255 llis
2858 5200 3004 5254 enim
3048 5200 3372 5255 nobilitatus
3404 5201 3566 5257 homo

1998 5301 2178 5345 sorvat
2221 5294 2547 5362 exetnplaris
2579 5292 2870 5362 imaginem
2920 5302 2971 5345 et
3001 5292 3434 5348 similittulincm.
3478 5291 3562 5346 Li.-

1490 5452 1684 5513 Varia:
1713 5453 2015 5517 lectiones
2058 5464 2121 5518 et
2156 5466 2344 5520 ιιοιεο.

383 5625 436 5700 εξ
467 5623 610 5678 Gen.
643 5639 689 5700 ι,
707 5624 817 5700 21:-
873 5621 930 5700 ’,ξ’
950 5617 1044 5671 τοῦ
1066 5633 1207 5700 ,ανου
1319 5616 1451 5700 Th.“
1495 5615 1796 5700 ".guvéf‘m

2000 5646 2025 5700 ξ.
2065 5623 2113 5677 9.
2155 5623 2282 5679 I.C\'.
2313 5641 2439 5693 xm,
2471 5625 2732 5696 11,14.ψ.
2765 5626 2941 5700 πάσης
2972 5630 3190 5700 σαρκός.
3269 5625 3476 5684 ⁵⁸126..·
3508 5657 3563 5670 σ-ο

305 5691 355 5728 ⁸⁷
389 5695 529 5752 IIeh.
568 5710 607 5764 ι,
643 5686 698 5750 ’5.
773 5693 817 5725 ⁶⁹
849 5686 930 5762 κβ⁹
957 5717 1025 5728 --
1066 5686 1255 5741 Ίακώΰ
1286 5686 1468 5741 οιιι.Ρ.
1547 5688 1590 5718 ’θ
1626 5687 1758 5756 πρδς
1792 5687 1878 5740 τόν

2000 5693 2025 5748 l.
2173 5703 2182 5719 ‘
