4022 6234
485 287 619 348 1267
1683 289 2001 350 GEORGII
2044 288 2497 349 I-IAMARTOLI
3588 271 3736 337 1263

486 402 671 452 herum
719 412 936 467 quoque
988 398 1273 452 arbitrium
1325 400 1806 454 naturznhumanae
1846 399 2046 470 regiam

2173 399 2510 470 τρωτότυπον
2551 396 2734 450 εἰκόνα
2764 392 3057 464 ὁμοιότητα
3099 387 3358 451 διασώζει
3385 403 3399 417 ·
3427 386 3507 438 ἔτι
3547 386 3607 439 δε
3639 388 3742 438 καὶ

482 492 798 561 dignitatem
835 491 1333 560 sublimitatemque
1365 501 1418 547 et
1449 508 1571 547 cum
1601 491 1782 546 divina
1819 493 2051 562 imagine

2173 489 2641 562 Ἷαῧτεξουσιότης
2686 486 2748 538 τὸ
2800 482 3076 555 βασιλικὸν
3116 481 3212 535 καί
3267 479 3583 552 ἐπῃρμένον
3630 479 3740 546 τῆς

480 581 918 637 conformitatem
977 581 1282 638 clarissime
1335 584 1694 638 demonstrat.
1718 582 1785 638 Et
1815 583 1954 637 hanc
1981 584 2051 637 ob

2173 581 2368 649 ρὺσεως
2411 578 2506 632 τοῦ
2550 577 2842 648 ἀνθρώπου
2889 576 2983 628 καὶ
3026 573 3163 643 πρὸς
3205 571 3303 640 τὴν
3332 569 3480 623 θείαν
3530 569 3730 622 εἰκόνα

479 684 702 724 causam
754 668 844 723 Dei
878 671 1133 725 manibus
1173 670 1439 727 formatus
1491 683 1574 728 est
1610 673 1776 727 homo
1831 681 2053 741 propter

2173 671 2388 742 ,μφερές
2425 669 2814 740 ἐμφανέστατα
2841 667 2857 698 ⁸
2888 665 3182 720 δείκνυσιν.
3227 662 3336 716 Καὶ
3367 662 3501 716 κατά
3529 659 3740 713 τοῦτον

480 760 762 829 plasmatis
790 758 1106 829 dignitatem
1150 779 1161 814 :
1201 770 1344 816 totus
1372 761 1517 816 enim
1551 761 1782 816 consilio
1803 760 2052 814 elabora-

482 863 570 906 tus
591 860 694 908 est.
724 851 925 906 Deinde
958 861 1077 917 post
1107 853 1272 921 hujus
1322 854 1702 908 formationem
1734 852 1863 922 quid
1915 850 2049 904 dicit

487 944 824 1013 Scriptura?
860 962 877 994 ι
920 942 1331 1014 Complevitque
1402 945 1544 1000 Deus
1576 945 1664 998 die
1712 953 1866 999 sexto
1910 955 2050 1012 opus

481 1051 640 1090 suum
672 1037 817 1106 quod
848 1034 1073 1100 fecerat,
1104 1046 1159 1091 et
1185 1037 1454 1107 requievit
1484 1037 1572 1091 die
1617 1037 1946 1104 septimo,...
1997 1042 2052 1090 et

482 1127 848 1182 sanetiticavit
877 1129 1051 1192 illum,
1085 1131 1213 1198 quia
1246 1130 1300 1182 in
1338 1129 1456 1197 ipso
1484 1127 1880 1183 cessaveratab
1898 1124 2051 1181 omni

483 1234 647 1292 opere
673 1235 774 1276 suo
812 1222 956 1290 quod
986 1222 1189 1275 creavit
1218 1221 1360 1275 Deus
1403 1231 1457 1274 ut
1483 1221 1705 1274 faceret.
1747 1239 1766 1271 ι

2149 764 2241 817 τὸν
2265 763 2423 830 λόγον
2456 763 2552 814 καὶ
2593 761 2792 831 χειρῶν
2831 757 2965 812 Θεοῦ
2999 758 3160 824 ἔργον
3181 754 3210 807 6
3236 753 3510 822 ἄνθρωπος
3538 753 3634 805 διὰ
3666 750 3740 802 τὸ

2153 857 2334 926 τίμιον
2359 855 2460 924 τῆς
2483 853 2829 919 κατασκευῆς
2848 869 2864 884 ι
2897 849 3095 920 βουλῆς
3118 849 3226 916 γάρ
3242 846 3491 914 ἐνέργεια
3507 847 3564 897 τὸ
3587 846 3736 898 πᾶν.

2155 944 2286 1000 Εἶτα
2317 945 2454 1016 μετὰ
2492 944 2589 1013 τὴν
2618 943 2808 996 τούτου
2836 940 3129 994 διάπλασιν
3159 937 3210 988 τί
3236 951 3400 1005 φησιν
3427 936 3461 1004 ἡ
3497 934 3695 1003 Γραφὴ
3720 949 3736 994 ;

2151 1040 2171 1070 ⁸
2217 1057 2236 1090 ι
2268 1039 2380 1091 Καὶ
2427 1036 2776 1090 συνετέλεσεν
2822 1033 2850 1085 6
2899 1032 3030 1094 Θεὸς
3069 1032 3132 1100 τῇ
3185 1028 3506 1098 ἡμέρα³τῇ
3554 1032 3610 1088 ς’
3669 1025 3737 1076 τὰ

2150 1128 2287 1200 ἔργα
2311 1127 2476 1183 αὐτοῦ
2518 1129 2553 1181 ἃ
2593 1127 2836 1196 ἐποίησε,
2865 1123 2961 1178 καὶ
2991 1121 3340 1174 κατέπαυσεν
3364 1121 3423 1170 ἐν
3451 1121 3516 1186 τῇ
3545 1117 3735 1185 ἡμέρα

2151 1221 2215 1289 τῇ
2253 1217 2297 1281 ζ’
2322 1218 2430 1270 ἀπὸ
2478 1217 2694 1270 πάντων
2723 1214 2834 1268 τῶν
2875 1212 3052 1283 ἔργων
3075 1208 3260 1273 αὐτοῦ,
3297 1209 3393 1261 καὶ
3437 1206 3735 1275 εὐλόγησεν

482 1317 582 1386 τὴν
616 1317 828 1387 ἡμέραν
859 1318 957 1388 τὴν
991 1316 1034 1380 ζ’
1068 1347 1137 1356 —
1165 1320 1258 1370 καὶ
1303 1318 1529 1386 ἡγίασεν
1577 1315 1764 1387 αὐτὴν,
1805 1317 1888 1368 ὅτι
1924 1319 1981 1368 ἐν
2015 1314 2150 1384 αὐτῇ
2201 1315 2544 1366 κατέπαυσεν
2586 1311 2692 1366 ἀπὸ
2743 1309 2848 1363 τῶν
2889 1309 3066 1379 ἔργων
3115 1302 3280 1357 αὐτοῦ
3328 1294 3406 1355 ὧν
3458 1300 3653 1370 ἤρξατο
3704 1301 3734 1349 6

485 1411 617 1476 Θεὸς
649 1414 894 1482 ποιῆσαι.
931 1433 949 1463 ›

1028 1529 1116 1583 IX.
1165 1529 1235 1582 De
1276 1529 1528 1584 Sabbato.

559 1642 737 1710 Quare
770 1643 914 1700 Deus
949 1646 1050 1700 soli
1081 1647 1324 1715 septima:
1371 1646 1476 1700 diei
1513 1644 1808 1709 benedixit,
1857 1654 1911 1699 et
1947 1659 2054 1699 non
2091 1679 2134 1737 Β

489 1735 785 1792 omnibus?
822 1736 958 1803 Quia
1007 1748 1324 1794 exterarum
1384 1753 1613 1807 quaeque
1665 1753 1727 1791 ex
1784 1751 1945 1807 Opere
2002 1738 2054 1790 in

491 1826 721 1897 singulis
788 1827 934 1884 facto
1005 1831 1216 1898 accepit
1278 1829 1752 1895 benedictionem;
1831 1825 2060 1894 septima

495 1931 642 1984 vero,
678 1918 827 1974 nullo
862 1919 915 1975 in
949 1921 1065 1990 ipsa
1095 1935 1257 1989 opere
1286 1928 1524 1990 patrato,
1574 1921 1702 1974 ideo
1734 1928 1790 1974 et
1817 1919 1930 1988 ipsa
1966 1917 2061 1972 be-

496 2005 712 2062 nedicta
743 2018 825 2064 est
858 2022 886 2061 a
925 2009 1055 2064 Deo.

1029 2218 1094 2272 Χ.
1137 2220 1213 2273 De
1251 2222 1522 2288 paradiso.

568 2329 767 2385 Iterum
797 2329 930 2387 dicit
958 2332 1240 2403 Scriptura»
1282 2353 1294 2388 :
1332 2355 1349 2388 ι
1377 2333 1714 2390 Plantaverat
1742 2344 1922 2390 autem
1959 2332 2066 2388 Do-

499 2423 682 2480 minus
738 2423 882 2481 Deus
930 2428 1244 2496 paradisum
1314 2429 1366 2482 in
1440 2429 1586 2483 Eden
1645 2428 1712 2484 ad
1779 2428 2065 2492 orientem,

499 2515 552 2569 in
597 2529 704 2582 quo
753 2517 937 2588 posuit
992 2517 1263 2572 hominem
1305 2533 1466 2587 quem
1523 2517 1872 2571 formaverat.
1934 2513 2068 2568 Pro-

501 2606 772 2677 duxitqne
816 2607 1078 2664 Dominus
1127 2609 1269 2664 Deus
1321 2609 1388 2664 de
1445 2611 1612 2663 humo
1657 2624 1816 2662 omne
1862 2607 2068 2675 lignum

501 2698 789 2765 pulchrum
849 2699 972 2755 visu
1017 2709 1070 2754 et
1117 2701 1183 2756 ad
1235 2701 1562 2756 vescendum
1610 2715 1823 2756 suave:
1862 2699 2068 2768 lignum

501 2789 665 2844 etiam
698 2789 823 2845 vitae
854 2791 909 2844 in
949 2791 1128 2846 medio
1162 2792 1422 2863 paradisi,
1474 2793 1790 2862 lignumque
1829 2789 2072 2844 scientiae

501 2879 630 2935 boni
679 2888 734 2936 et
778 2881 961 2937 mali.»
1009 2883 1379 2939 Substantiam
1434 2882 1750 2937 rationalem
1799 2881 2074 2935 honorare

505 2970 608 3028 sibi
645 2986 950 3042 proponens
977 2971 1122 3028 Deus
1164 2973 1534 3028 habitaculum
1571 2980 1842 3043 praeparat
1885 2969 2070 3040 splen-

506 3061 696 3117 didum
729 3072 782 3117 et
814 3064 992 3119 omnis
1024 3067 1242 3134 plenum
1282 3065 1599 3134 voluptatis,
1649 3063 1832 3132 ibique
1881 3062 2074 3116 statuit

503 3152 796 3209 Adamum-.
837 3154 1015 3223 Atque
1051 3156 1155 3210 hoc
1181 3157 1400 3226 quidem
1436 3157 1557 3210 loco
1588 3155 1834 3208 miranda
1864 3163 1945 3207 est
1992 3151 2074 3205 in-

506 3244 736 3302 eﬂabilis
762 3246 858 3302 Dei
885 3247 1212 3320 benignitas,
1244 3250 1336 3320 qui
1364 3263 1635 3304 summam
1663 3245 1868 3301 habens
1900 3245 2076 3299 domi—

514 3337 790 3392 nationem
831 3345 1198 3409 aeternamque
1226 3341 1523 3408 potentiam
1561 3341 1613 3392 in
1641 3340 1955 3392 universum
1987 3351 2077 3388 or-

511 3428 657 3490 hem,
688 3428 979 3497 agricolam
1013 3433 1248 3500 seipsnm
1283 3432 1413 3486 fecit
1460 3432 1698 3485 hominis
1731 3430 1925 3500 gratia.
1973 3427 2075 3492 Qui

510 3518 659 3572 enim
693 3526 899 3580 tantam
930 3520 1052 3575 coeli
1078 3531 1342 3592 terraeque
1371 3533 1423 3577 et
1455 3523 1622 3576 maris
1649 3519 2074 3589 magnitudinem

510 3611 676 3668 verbo
699 3613 925 3678 creavit,
951 3613 1124 3670 multo
1144 3614 1316 3684 magis
1341 3622 1552 3682 poterat
1575 3612 1888 3682 paradisum
1914 3609 2078 3664 verbo

509 3704 756 3774 plantare
785 3713 840 3759 et
868 3704 1034 3759 unica.
1065 3719 1198 3761 voce
1231 3719 1456 3775 campos
1498 3703 1844 3772 felicissimos
1880 3715 2078 3756 conse-

511 3810 635 3850 rere
670 3796 980 3866 radicibus;
1021 3797 1138 3863 sed,
1177 3806 1233 3852 ut
1262 3798 1467 3852 dictum
1502 3806 1606 3860 est,
1639 3803 1859 3866 propter
1898 3791 2078 3847 homi-

508 3886 598 3943 nis
632 3885 917 3953 honorem,
963 3887 1287 3954 hortulanus
1313 3888 1541 3957 mystico
1569 3889 1627 3941 lit
1655 3893 1884 3956 quodam
1918 3888 2081 3938 modo

511 3977 602 4033 ille
653 3978 744 4048 qui
804 3979 921 4034 sine
971 3978 1159 4034 labore
1215 3981 1359 4034 hunc
1413 3978 1676 4032 mundum
1723 3994 1753 4032 e
1796 3977 1964 4031 nihilo
2012 3977 2077 4028 ad

513 4071 886 4126 exsistentiam
924 4072 1040 4126 sola
1071 4073 1348 4127 voluntate
1375 4072 1657 4128 eduxerat.

793 4274 887 4330 XI.
921 4275 1005 4329 De
1036 4275 1392 4329 animantium
1428 4273 1795 4344 appeliatione;

2551 1521 2656 1595 [ϐ’]
2697 1519 2833 1590 Περί
2877 1517 2981 1572 τοῦ
3018 1512 3345 1569 Σαεϐἁτου.

2233 1642 2390 1703 Τίνος
2418 1640 2578 1709 χάριν
2608 1639 2708 1708 τὴν
2738 1635 2781 1701 ζ’
2816 1634 3030 1706 ἡμέραν
3070 1631 3369 1698 εὐλόγησεν
3402 1629 3429 1680 6
3475 1626 3601 1687 Θεὸς
3633 1623 3730 1693 p.6-

2164 1750 2281 1803 νην,
2314 1732 2408 1785 καὶ
2425 1730 2546 1800 οὐχὶ
2571 1729 2668 1792 τὰς
2694 1728 2910 1792 πάσας;
2946 1725 3069 1778 Ὀτι
3103 1722 3310 1788 ἑκάστη
3326 1718 3436 1770 τῶν
3465 1718 3634 1770 ἄλλων
3666 1718 3730 1767 ἐκ

2163 1827 2262 1890 τῆς
2287 1826 2344 1875 ἐν
2370 1821 2508 1890 αὑτῆ
2549 1821 2849 1888 γενομένης
2884 1814 3246 1888 δημιουργίας
3289 1811 3416 1881 ἔσχε
3456 1811 3554 1880 τὴν
3585 1808 3736 1859 εὔλο-

2165 1911 2290 1981 γίαν
2315 1925 2330 1940 '
2355 1912 2376 1942 "
2405 1911 2498 1964 ἐπὶ
2519 1910 2616 1979 τῆς
2642 1907 2708 1974 ζ’,
2725 1909 2982 1977 οὐδεμιᾶς
3009 1907 3066 1958 ἐν
3087 1905 3226 1973 αὐτῇ
3250 1901 3552 1970 γενομένης
3571 1895 3735 1967 907

2164 2002 2547 2075 δημιουργίας,
2585 2001 2777 2054 τούτου
2819 2001 2980 2068 χάριν
3015 1993 3304 2062 εὐλογίσθη
3343 1992 3440 2044 καὶ
3466 1990 3602 2058 αὐτὴ
3631 1988 3740 2040 ὑπὸ

2166 2095 2260 2148 τοῦ
2285 2094 2443 2148 Θεοῦ.

2535 2207 2622 2280 μ’]
2648 2207 2787 2275 Περί
2825 2205 2930 2259 τοῦ
2960 2203 3352 2272 παραδείσου.

2239 2322 2408 2376 Πάλιν
2467 2316 2559 2374 οὖν
2619 2336 2786 2390 φησιν
2820 2319 2854 2388 ἡ
2907 2317 3098 2386 Γραφή
3127 2331 3140 2344 ο
3183 2333 3202 2365 ι
3242 2317 3262 2346 ⁵
3310 2313 3420 2367 Καὶ
3470 2311 3739 2379 ὲᾳὲτενσε

2169 2413 2376 2483 Κύριος
2414 2414 2440 2465 6
2470 2411 2602 2472 Θεὸς
2623 2410 2948 2482 παράδεισον
2975 2411 3031 2461 ἐν
3069 2406 3233 2473 Ἐδὲμ
3269 2405 3404 2457 κατὰ
3441 2401 3736 2460 ἀνατολὰς,

2171 2505 2266 2559 καὶ
2290 2503 2442 2557 ἔθετο
2476 2503 2595 2557 ἐκεῖ
2624 2503 2716 2556 τὸν
2745 2500 3029 2572 ἄνθρωπον
3061 2499 3121 2552 ὃν
3155 2497 3392 2550 ἔπλασεν.
3423 2494 3532 2545 Καὶ
3563 2492 3726 2555 ἐξινο

2171 2595 2372 2651 ἐτειλεν
2403 2595 2431 2646 6
2476 2593 2608 2657 Θεὸς
2637 2593 2719 2646 ἔτι
2752 2594 2816 2645 ἐκ
2836 2594 2933 2661 τῆς
2960 2592 3063 2660 γῆς
3093 2590 3201 2641 πᾶν
3247 2586 3392 2654 ξύλον
3425 2584 3622 2652 ὡραῖον
3654 2582 3733 2641 εἰς

2171 2691 2361 2761 ὅρασιν
2386 2688 2481 2740 καὶ
2509 2686 2672 2740 καλὸν
2701 2685 2781 2746 εἰς
2829 2683 3032 2754 βρῶσιν
3063 2683 3156 2734 καὶ
3178 2680 3236 2732 τὸ
3269 2678 3424 2745 ξύλον
3459 2677 3556 2744 τῆς
3594 2671 3742 2742 ζωῆς

2174 2783 2232 2835 ἐν
2262 2781 2416 2852 μέσῳ
2439 2779 2532 2833 τοῦ
2582 2777 2938 2849 παραδείσου,
2972 2775 3068 2828 καὶ
3105 2773 3164 2826 τὸ
3215 2771 3372 2835 ξύλον
3415 2769 3503 2821 τοῦ
3537 2767 3736 2818 εἰδέναι

2172 2871 2415 2938 γνωστὸν
2471 2867 2637 2923 καλοῦ
2683 2868 2777 2920 καὶ
2829 2863 3093 2936 πονηροῦ.
3126 2881 3146 2914 ›
3190 2863 3303 2932 Τὴν
3349 2858 3568 2928 λογικὴν
3610 2857 3742 2908 61:6-

2176 2979 2365 3019 στασιν
2395 2961 2627 3032 τιμῆσαι
2655 2957 2991 3030 προθέμενος
3018 2957 3044 3008 6
3066 2955 3194 3016 Θεὸς
3220 2951 3625 3013 κατασκευάζει
3652 2946 3744 3001 καὶ

2173 3058 2424 3131 λαμπρὸν
2452 3056 2767 3127 οἰκητήριον
2799 3055 2895 3107 καὶ
2932 3053 3110 3119 πάσης
3136 3049 3308 3119 γέμον
3331 3045 3622 3116 θυμηδίας,
3653 3041 3750 3094 καὶ.

2177 3151 2502 3218 καθίστησιν
2535 3149 2654 3201 ἐκεῖ
2691 3146 2784 3200 τὸν
2827 3144 3020 3215 Ἀδάμ.
3059 3144 3214 3196 Ἔστι
3242 3141 3260 3170 ⁵
3290 3139 3348 3191 δὲ
3386 3135 3618 3189 ἐνταῦθα
3659 3148 3751 3198 γε·

2176 3243 2392 3312 νόμενοι
2431 3241 2526 3295 τοῦ
2559 3241 2745 3311 λόγου,
2789 3237 3068 3308 Θαυμάσαι
3097 3234 3190 3288 τοῦ
3228 3231 3364 3285 Θεοῦ
3398 3230 3499 3298 τὴν
3547 3228 3751 3294 ᾶφατον

2178 3331 2609 3403 φιλανθρωπίαν,
2642 3332 2833 3400 ὅτιπερ
2864 3327 3240 3398 πανταρχικὴν
3271 3325 3414 3392 ἔχων
3445 3322 3538 3374 καί
3581 3318 3748 3370 ἀΐδιον

2177 3423 2425 3487 ἐξουσίαν
2453 3423 2533 3485 εἰς
2559 3422 2619 3475 τὸ
2653 3422 2782 3484 πᾶν,
2815 3421 2909 3474 καὶ
2946 3419 3212 3490 γεωργεῖν
3249 3416 3446 3469 ἑαυτὸν
3477 3411 3748 3466 ἐπέδωκεν

2177 3513 2264 3568 διὰ
2289 3513 2380 3565 τὸν
2413 3511 2724 3583 ἄνθρωπον.
2769 3509 2826 3565 Ὀ
2849 3510 2958 3579 γὰρ
2985 3508 3239 3562 τοσοῦτον
3263 3504 3492 3576 μέγεθος
3517 3497 3749 3568 οὐρανοῦ

2179 3604 2275 3658 καὶ
2307 3603 2408 3674 γῆς
2442 3602 2539 3656 καὶ⁷
2569 3603 2844 3674 θαλάσσης
2890 3601 3032 3670 λόγῳ
3057 3594 3527 3664 ὑποστησάμενος,
3571 3587 3750 3657 πολλῷ

2183 3697 2385 3770 μᾶλλον
2431 3697 2613 3759 ἱκανὸς
2643 3692 2712 3766 ἧν
2742 3691 3149 3762 καταφυτεῦσαι
3182 3687 3503 3756 παράδεισον
3527 3683 3743 3748 ῥήματι

2181 3768 2278 3842 ita).
2322 3787 2464 3856 λόγῳ
2519 3787 2751 3856 ῥιζῶσαι
2785 3785 2846 3838 τδ
2896 3782 3188 3837 πανόλϐιον
3224 3779 3449 3849 χωρεόνο
3665 3768 3745 3831 ὡς

2181 3877 2418 3948 εἴρηται,
2461 3877 2641 3947 (ἓοϐδ)
2680 3877 2772 3930 διὰ
2806 3875 2903 3946 τὴν
2951 3874 3088 3943 πρὸς
3135 3872 3218 3924 τὸν
3254 3865 3531 3934 ἄνθρωπον
3564 3859 3740 3926 τιμὴν

2182 3969 2277 4022 καὶ
2306 3967 2610 4036 φυτουργὸς
2639 3967 2850 4035 γίνεται
2881 3961 3131 4035 μυστικῷ
3165 3976 3264 4013 τινι
3291 3957 3434 4022 λόγῳ
3462 3953 3489 4003 6
3513 3947 3739 4018 ἀκαμάο

2181 4080 2288 4126 τως
2319 4063 2466 4115 τόνδε
2501 4062 2591 4116 τὸν
2621 4062 2824 4131 κόσμον
2873 4063 2936 4113 ἐκ
2965 4057 3059 4114 τοῦ
3103 4056 3179 4127 μὴ
3226 4055 3374 4112 ὄντος
3400 4050 3479 4110 εἰς
3504 4047 3566 4101 τὸ
3608 4041 3749 4097 εἶναι

2186 4152 2402 4224 θελήσει
2432 4153 2568 4224 μόνῃ
2602 4149 2966 4224 παραγαγών.

2398 4265 2525 4338 [Μ’]
2557 4266 2692 4334 Περί
2725 4265 2836 4333 τῆς
2861 4263 2980 4317 τῶν
3004 4261 3160 4322 ζώων
3189 4259 3542 4326 ὀνομασίας.

582 4367 748 4423 Addit
776 4366 1055 4438 Scriptura
1088 4383 1104 4422 :
1147 4385 1167 4422 ι
1191 4365 1258 4420 Et
1282 4365 1509 4423 adduxit
1537 4365 1679 4421 Deus
1722 4375 1918 4420 cuncta
1963 4365 2073 4416 ani-

2256 4355 2388 4411 Εἰτα
2418 4355 2572 4420 αὖθις
2598 4359 2632 4428 ή
2657 4358 2847 4427 Γραφή
2869 4372 2882 4385 °
2921 4373 2939 4404 ι
2975 4355 3079 4406 Καὶ
3120 4354 3329 4423 ἢγαγεν
3357 4350 3384 4402 6
3415 4348 3547 4407 Θεὸς
3579 4345 3756 4396 πάντα

512 4459 718 4515 mantia
749 4477 794 4526 ι,
826 4468 880 4515 et
900 4460 1172 4530 jumenta,
1205 4468 1259 4514 et
1287 4457 1497 4528 reptilia
1536 4475 1556 4508 ι
1585 4457 1650 4512 ad
1683 4457 1876 4521 Adam,
1906 4468 1963 4510 ut
1998 4456 2083 4510 vi-

513 4555 672 4608 deret
697 4552 826 4624 quid
853 4559 1074 4609 vocaret
1097 4567 1162 4608 ea
1199 4569 1212 4606 :
1245 4565 1406 4606 omne
1444 4551 1590 4606 enim
1641 4551 1786 4619 quod
1816 4550 2029 4604 vocavit
2060 4568 2078 4602 ι

515 4659 580 4699 ea
615 4663 635 4698 ι
662 4644 859 4709 Adam,
884 4645 1063 4714 ipsum
1094 4652 1176 4700 est
1208 4658 1404 4698 nomen
1433 4645 1573 4713 ejus.
1606 4661 1625 4694 ι
1670 4639 1913 4695 Miranda
1944 4655 2083 4711 quo~

513 4751 624 4807 que
674 4735 765 4792 hic
801 4745 922 4805 post
952 4736 1068 4790 haec
1102 4736 1339 4805 dignitas
1385 4733 1648 4801 hominis,
1683 4749 1846 4803 quam
1894 4734 2084 4788 habuit

513 4827 700 4884 statim
728 4828 796 4883 ab
818 4827 934 4897 ipsa
969 4825 1270 4882 nativitate.
1315 4824 1468 4881 Sient
1510 4825 1655 4880 enim
1713 4832 1901 4895 pastor
1931 4825 2085 4879 sedet

512 4919 778 4984 Adamus,
827 4926 993 4988 atque
1039 4917 1185 4973 Deus
1234 4917 1457 4973 adducit
1501 4917 1567 4972 ad
1618 4933 1741 4972 eum
1795 4917 2080 4970 innumera

516 5012 840 5076 bestiarum,
865 5012 1349 5082 jumentorumque
1379 5019 1432 5066 et
1465 5010 1746 5066 volucrum
1777 5023 1997 5079 genera,
2023 5017 2082 5061 ut

513 5120 698 5176 regem
734 5107 879 5161 hunc
913 5104 1183 5169 instituat,
1215 5118 1377 5174 quem
1411 5103 1477 5157 ad
1508 5100 1783 5171 propriam
1826 5099 2083 5153 formavit

515 5199 830 5268 imaginem.
868 5197 965 5254 llic
995 5207 1196 5262 autem,
1230 5196 1412 5252 divino
1444 5203 1498 5249 et
1531 5191 1850 5264 prophetico
1875 5191 2086 5247 adlatus

2179 4453 2249 4509 τὰ
2275 4453 2440 4524 θηρία
2466 4452 2645 4506 καὶτὰ
2666 4452 2837 4522 κτήνη
2864 4449 2956 4503 καὶ
2973 4449 3038 4500 τὰ
3064 4445 3270 4517 ἑρπετὰ
3293 4447 3426 4513 πρὸς
3446 4442 3536 4493 τὸν
3561 4437 3755 4505 Ἀδὰμ,

2184 4546 2314 4599 ἰδεῖν
2343 4545 2394 4598 τί
2441 4541 2660 4597 καλέσει
2719 4543 2896 4596 αὑτά·
2934 4540 3029 4593 καὶ
3077 4540 3187 4591 πᾶν
3233 4537 3262 4588 ὃ
3313 4533 3574 4587 ἐκάλεσεν
3619 4529 3758 4582 αὐτὰ

2193 4636 2364 4705 Ἀδὰμ
2391 4636 2435 4701 ⁸,
2469 4634 2629 4688 τοῦτο
2667 4635 2838 4702 δνομα
2882 4633 3054 4701 αὐτῷ.
3098 4649 3116 4681 ι
3169 4628 3338 4698 Ὁρᾷ-ι
3373 4621 3466 4678 οὖν
3500 4623 3616 4675 ἐστι
3662 4622 3758 4673 καὶ

2181 4727 2431 4782 ἐντεῦθεν
2459 4727 2560 4796 τὴν
2601 4725 2766 4796 τιμὴν
2807 4724 2946 4794 μετὰ
2986 4721 3162 4775 ταῦτα
3204 4719 3300 4772 τοῦ
3343 4715 3655 4787 ἀνθρώπου,
3688 4713 3758 4781 ῆν

2181 4820 2338 4890 ἔσχεν
2377 4818 2437 4883 ἐξ
2489 4818 2659 4887 αὑτῆς
2706 4817 2804 4886 τῆς
2835 4816 3164 4884 γεννήσεως.
3203 4812 3414 4878 Ὠσπερ
3464 4807 3572 4874 γὰρ
3623 4807 3760 4870 ἁγε-

2191 4913 2399 4982 λάρχης
2423 4927 2508 4974 τις
2541 4909 2884 4981 προκάθηται
2925 4906 3096 4976 Ἀδάμ
3119 4921 3133 4934 ⁸
3168 4904 3262 4957 καὶ
3281 4897 3315 4953 ’ὁ
3344 4901 3477 4962 Θεὸς
3496 4894 3601 4968 ἦγε
3628 4895 3760 4963 πρὸς

2192 5005 2356 5058 αὑτὸν
2388 5002 2457 5056 τὰ
2503 5001 2670 5072 μυρία
2711 5000 2819 5052 τῶν
2852 4998 3058 5068 θηρίων
3092 4998 3186 5050 καὶ
3223 4994 3337 5047 τῶν
3368 4991 3585 5063 κτηνῶν
3624 4990 3644 5019 ⁹
3671 4986 3761 5039 καὶ

2191 5096 2300 5149 τῶν
2327 5097 2587 5149 πετεινῶν
2610 5093 2767 5164 γένη,
2799 5092 2884 5144 ἴνα
2903 5091 3148 5162 ἡγεμόνα
3171 5088 3360 5142 τοῦτον
3381 5083 3758 5154 χειροτονήσῃ.

2191 5189 2251 5242 ὃν
2292 5187 2410 5240 κατ’
2459 5186 2642 5240 εἰκόνα
2695 5185 2830 5238 ἰδίαν
2882 5181 3202 5254 πεποίηκεν.
3249 5180 3360 5233 Καὶ
3404 5178 3616 5235 ἐκεῖνος
3663 5173 3760 5240 μὲν

1695 5333 1894 5394 νοτία)
1927 5331 2230 5393 lectiones
2260 5336 2532 5393 etnotae.

588 5488 878 5560 expectaui).
1053 5489 1074 5518 ‘
1102 5487 1237 5542 Gen.
1279 5501 1339 5546 tl.
1370 5484 1484 5550 2,5.
1559 5481 1798 5560 ξημέρα
1826 5481 1863 5534 1.
1940 5477 2170 5560 δ-ὲπειδῂ
2199 5477 2255 5560 δέ
2286 5474 2513 5560 Ξμελλεν
2562 5469 2698 5560 αῦτη
2733 5474 2916 5560 μένειν
2969 5474 3286 5560 ἀέλργαστος,
3323 5467 3437 5560 οὐδ.
3464 5465 3591 5560 1Tb.

517 5545 887 5627 yﬁnu.'oni.
929 5559 989 5612 P.
1029 5565 1254 5626 uterque
1285 5545 2101 5627 exemendationeanacolutln
2131 5545 2167 5599 ?’
2225 5546 2415 5627 “fieri.
2470 5561 2540 5627 ιι,
2593 5545 2718 5627 .8,9;

2813 5544 2832 5574 ⁶
2860 5542 2943 5596 έτι
2991 5536 3049 5594 δέ
3080 5536 3164 5595 Ἰ).
3193 5571 3264 5582 --
3293 5538 3584 5607 γινομένου
3639 5536 3757 5607 cod.

518 5621 580 5675 P.
609 5603 1254 5697 τ’ίεῗρῖἴγέηἶοιῖὲἷιὸὲξῗ
1288 5603 1758 5691 Τόέῇἶῖἶξῖὸῗ
1779 5603 2003 5690 (iam
2030 5619 2073 5682 ξι

2173 5633 2212 5671 ιν
2259 5616 2392 5672 Gen.
2470 5617 2491 5647 ’
2524 5603 2616 5669 καὶ
2645 5603 2753 5668 τῶν
2807 5613 3022 5684 κτηνῶν
3079 5611 3200 5667 eod.
3255 5603 3452 5666 iterum
3515 5608 3611 5660 καὶ
3661 5603 3761 5658 τῶν

520 5694 766 5762 νηκτῶνΐ
