3968 6254
279 315 418 385 1269

1402 328 1864 392 CIIRONICON.
1905 353 1968 362 —
2017 329 2166 392 LIB.
2206 330 2342 393 Vll.

3385 331 3518 396 1270

272 436 443 509 908
474 439 604 512 θείῳ
628 442 1058 506 καταπνευσθεὶς
1077 443 1170 496 καὶ
1207 444 1530 514 προφητικῷ
1555 445 1843 515 πνεύματι,

1959 442 2178 513 spiritu,
2251 445 2470 514 propria
2537 443 2765 514 singulis
2827 445 3199 500 animantibus
3259 447 3518 516 imposuit

274 531 518 602 ὀνόματα
551 533 714 603 κύρια
746 536 961 606 ἑκάστῳ
991 538 1100 591 τῶν
1141 537 1350 606 ἀλόγων
1396 539 1636 608 ἐπέθηκε
1657 559 1668 570 ο
1702 540 1768 592 τά
1795 540 1845 593 δὲ

1952 536 2173 590 nomina
2215 553 2228 589 :
2262 535 2521 589 animalia
2553 550 2707 600 vero,
2742 545 3001 605 tanquam
3034 553 3286 606 maguum
3322 555 3387 591 ex
3426 556 3521 608 ap-

276 621 393 685 ζῶα
435 622 622 692 ῶσπερ
647 625 811 696 τιμὴν
858 627 1100 697 μεγάλην
1133 629 1194 681 ἐκ
1233 629 1333 695 τῆς
1369 628 1709 697 ἐπικλήσεως
1751 633 1846 686 λα-

278 711 463 777 ϐόντα,
494 712 674 777 οὕτως
706 717 761 770 έν
796 718 1026 789 συζυγίᾳ
1052 718 1390 790 ὑπεχώρουν.

435 850 562 923 [ιδ’]
598 856 736 923 Περὶ
776 856 879 924 τῆς
913 857 1216 924 ποιήσεως
1258 859 1368 927 τῆς
1397 864 1694 930 γυναικός.

360 981 577 1053 Ἐπειδὴ
606 984 662 1037 δὲ
696 983 754 1050 ἐξ
785 987 1041 1044 ἁπάντων
1091 989 1298 1045 τούτων
1353 992 1462 1046 τῶν
1492 996 1666 1062 γενῶν
1697 996 1849 1050 οὐδὲν

273 1068 342 1144 ἦν
382 1075 564 1143 ὅμοιον
587 1077 668 1148 τῷ
716 1079 904 1150 Ἀδάμ,
932 1076 1053 1134 εἷπε
1087 1083 1248 1136 πάλιν
1281 1085 1306 1136 ὁ
1329 1085 1482 1149 Θεὸς,
1513 1086 1653 1140 καθά
1687 1105 1850 1157 φησιν

275 1168 309 1235 ἡ
351 1166 541 1237 Γραφή
565 1184 579 1198 ο
629 1187 647 1219 ι
681 1168 724 1201 ¹⁰
751 1171 824 1222 Οὐ
852 1172 1014 1226 καλὸν
1045 1170 1184 1228 εἶναι
1207 1177 1297 1228 τὸν
1329 1177 1616 1249 ἄνθρωπον
1645 1181 1807 1250 μόνον
1831 1200 1844 1214 ⁸

278 1258 598 1328 ποιήσωμεν
630 1259 780 1331 αὐτῷ
803 1262 1000 1331 βοηθὸν
1031 1266 1152 1318 κατ’
1180 1267 1364 1328 αὐτὸν,
1405 1289 1421 1320 ι
1450 1269 1645 1341 βοηθὸν
1675 1271 1850 1342 λέγων

273 1348 334 1399 τὸ
365 1347 499 1416 θῆλυ
549 1349 637 1402 διὰ
685 1352 776 1405 τὸν
804 1353 902 1422 τῆς
939 1355 1286 1422 παιδογονίας
1338 1360 1518 1428 λόγον,
1569 1367 1850 1434 συνεργεῖν

277 1439 471 1508 μέλλον
499 1441 579 1512 τῷ
610 1441 764 1514 ἀνδρὶ⁵
793 1445 928 1514 πρὸς
951 1447 1052 1517 τὴν
1077 1449 1170 1502 τοῦ
1199 1450 1390 1517 γένους
1413 1451 1641 1523 αὔξησίν
1666 1472 1723 1508 τε
1757 1458 1851 1511 καὶ

271 1528 562 1602 διαμονήν.
612 1530 780 1596 Αὖθις
819 1536 874 1589 δὲ
922 1538 1165 1606 ἐπιλέγει
1201 1539 1276 1572 ¹¹ο
1318 1560 1336 1592 r
1375 1543 1484 1594 Καὶ
1533 1543 1798 1597 ἐπέϐαλεν
1824 1549 1852 1598 ὁ

273 1623 408 1685 Θεὸς
432 1623 691 1677 ἔκστασιν
720 1628 813 1680 ἐπὶ
834 1627 924 1682 τὸν
967 1631 1156 1700 Ἀδὰμ,
1183 1635 1275 1686 καὶ
1305 1633 1542 1698 ὕπνωσε,
1569 1637 1662 1690 καὶ
1692 1637 1850 1692 ἔλαϐε

279 1715 410 1782 μίαν
463 1715 573 1768 τῶν
609 1717 860 1789 πλευρῶν
893 1721 1083 1786 αὑτοῦ,
1129 1723 1224 1777 καὶ
1268 1725 1622 1796 ἀνεπλήρωσε
1674 1729 1850 1799 σάρκα

275 1807 392 1860 ἀντ’
425 1807 618 1878 αὐτῆς,
650 1811 745 1862 καὶ
782 1812 1101 1883 ᾠκοδόμησε
1137 1815 1234 1884 τὴν
1267 1816 1526 1888 πλευράν,
1561 1821 1625 1891 ἦν
1661 1821 1850 1876 ἔλαϐεν

275 1894 383 1947 ἀπὸ
410 1894 505 1948 τοῦ
551 1896 743 1968 Ἀδάμ,
775 1902 855 1963 είς
882 1904 1117 1967 γυναῖκα
1151 1904 1214 1955 ⁸³.
1253 1924 1268 1955 ι
1307 1905 1464 1958 Ἐστι
1492 1907 1547 1959 δὲ
1573 1911 1598 1960 ὁ
1621 1909 1847 1980 εἰρημέ-

275 2002 364 2049 νος
401 1991 502 2055 τῆς
528 1989 752 2061 Γραφῆς
787 1994 987 2058 σκοπὸς
1015 1988 1171 2058 οὗτος
1207 1996 1249 2028 ¹³
1270 2013 1282 2026 ·
1315 1998 1519 2068 Κρίνας
1551 2002 1578 2053 ὁ
1605 2002 1660 2052 ὲν
1692 2004 1851 2075 σοφίᾳ

274 2078 340 2131 τὰ
365 2083 545 2134 πάντα
575 2083 810 2153 ποιήσας
836 2085 970 2148 Θεὸς
1001 2086 1184 2140 δοῦναι
1207 2088 1283 2156 τῷ
1320 2089 1490 2158 Ἀδὰμ
1515 2090 1708 2160 βοηθὸν
1729 2096 1847 2147 κατ’

275 2171 457 2234 αὐτὸν,
487 2173 562 2236 ὼς
585 2176 970 2244 ἐπηγγείλατο,
1003 2180 1101 2232 ούκ
1129 2181 1190 2232 ἐκ
1228 2185 1329 2251 γῆς
1355 2182 1576 2238 πλάττει
1603 2187 1662 2238 τὸ
1689 2186 1844 2257 θῆλυ,

275 2263 527 2334 καθάπερ
553 2269 647 2321 καὶ
673 2267 764 2321 τὸν
804 2269 995 2341 ἄνδρα,
1034 2272 1150 2326 ἀλλ’
1180 2277 1261 2338 εἰς
1302 2274 1470 2328 ὕπνον
1499 2278 1690 2347 τρέπει
1722 2280 1846 2333 τοῦ-

273 2372 364 2408 τον
396 2361 686 2430 καταφορᾷ
717 2362 1032 2433 πνεύματος
1067 2366 1158 2419 τὸν
1187 2367 1316 2420 νοῦν
1347 2369 1510 2422 αὑτοῦ
1542 2374 1847 2440 φαντασιώ-

276 2461 372 2507 σας
402 2447 494 2498 καὶ
529 2449 621 2500 τὸν
652 2451 751 2519 τῆς
783 2451 961 2522 ψυχῆς
993 2455 1273 2524 ὀφθαλμὸν
1300 2460 1382 2521 εἰς
1416 2460 1691 2531 ἄπληστον
1724 2463 1845 2533 ὄψιν

270 2535 606 2600 ἐκκαλεῖται,
653 2541 736 2592 ἵνα
775 2546 839 2612 τῇ
888 2547 1158 2617 φαντασίᾳ
1189 2549 1282 2601 τοῦ
1325 2552 1568 2605 τοιούτου
1619 2553 1846 2618 κάλλους

270 2627 659 2698 κατεχόμενος,
695 2631 768 2700 μὴ
809 2634 920 2702 γνῷ
948 2635 1008 2687 τὸ
1055 2638 1340 2707 γινόμενον
1365 2656 1378 2671 ⁸
1409 2639 1529 2697 εἶτα
1578 2646 1846 2714 λαμϐάνει

273 2719 405 2786 μίαν
438 2720 546 2772 τῶν
577 2720 827 2792 πλευρῶν
852 2724 1018 2776 αὐτοῦ
1036 2727 1359 2797 ἀκαμάτοις,
1390 2732 1645 2804 αἴσθησιν
1674 2736 1846 2808 ἀλγη-

269 2809 412 2875 δόνος
447 2812 595 2884 αύτῷ
627 2814 702 2884 μὴ
733 2815 1098 2885 ἐπαναγαγὼν
1120 2836 1133 2850 ·
1169 2822 1264 2874 καὶ
1297 2822 1460 2887 εὐθὺς
1494 2824 1570 2888 ὡς
1595 2829 1847 2899 τεχνίτης

272 2901 366 2955 καὶ
404 2904 586 2974 ἰατρὸς
618 2907 907 2978 σύντομος,
929 2910 991 2963 τὸ
1033 2911 1221 2965 λεῖπον
1246 2913 1336 2967 διὰ
1374 2917 1576 2988 σαρκὸς
1605 2920 1846 2992 ἀνεπλή-

277 3008 468 3061 ρωσεν.
517 2996 604 3049 Ἐν
633 2998 744 3065 ὅσῳ
773 2999 882 3070 γὰρ
915 3001 957 3031 ¹⁸
979 3002 1078 3072 τὴν
1109 3003 1286 3075 ψυχὴν
1315 3007 1382 3076 τῇ
1435 3007 1718 3082 ἀκορέστῳ
1747 3015 1847 3082 τῆς

1889 1785 1926 1837 Ii

1954 628 2242 699 pellatione
2265 628 2442 698 adepti
2477 628 2761 694 honorem,
2793 629 2986 684 deinde
3017 629 3141 683 bina
3174 629 3518 686 recedebant.

2303 852 2419 910 ΧΠ.
2448 853 2523 908 De
2558 855 2874 922 formatione
2908 855 3164 910 mulieris.

2020 989 2156 1042 Cum
2213 1003 2278 1042 ex
2325 987 2581 1042 omnibus
2645 989 2727 1044 his
2789 990 3080 1058 generibus
3127 991 3332 1044 nullum
3378 1003 3522 1046 esset

1951 1080 2128 1135 simile
2151 1080 2376 1144 Adamo,
2405 1079 2540 1135 dixit
2569 1079 2768 1135 iterum
2798 1081 2960 1148 Deus,
2989 1090 3048 1135 ut
3077 1081 3177 1136 fert
3197 1083 3474 1152 Scriptura
3506 1101 3519 1136 :

1958 1192 1976 1224 ι
2006 1172 2124 1227 Νοιι
2155 1181 2240 1228 est
2281 1171 2484 1227 bonum
2516 1187 2637 1228 esse
2666 1173 2940 1228 hominem
2993 1173 3206 1239 solum;
3256 1174 3519 1229 faciamus

1951 1265 2001 1318 ei
2041 1262 2370 1333 adiutorium
2429 1264 2607 1318 simile
2650 1263 2807 1330 ipsi:
2862 1282 2880 1314 ι
2938 1263 3274 1332 adiutorium
3331 1264 3519 1319 dicens

1953 1355 2234 1418 feminam,
2289 1355 2414 1424 quia
2446 1370 2543 1424 per
2582 1355 2873 1410 liberorum
2929 1355 3330 1425 generationem
3363 1354 3521 1423 adiu-

1955 1455 2076 1500 tura
2109 1452 2228 1498 erat
2257 1445 2432 1498 virum
2462 1444 2528 1498 ad
2561 1444 2777 1514 generis
2826 1445 3270 1515 propagationem
3307 1453 3360 1498 et
3391 1459 3521 1498 eon-

1953 1535 2339 1591 servationem.
2383 1535 2592 1591 Rursus
2615 1536 2832 1590 additur
2880 1552 2893 1590 :
2944 1554 2960 1586 ι
2993 1534 3219 1590 Immisit
3252 1551 3380 1606 ergo
3414 1535 3519 1588 Do-

1952 1628 2136 1683 minus
2184 1642 2435 1699 soporem
2489 1629 2540 1681 in
2593 1628 2795 1694 Adam;
2848 1644 3081 1699 cumque
3133 1629 3516 1692 obdormisset.

1955 1719 2080 1774 tulit
2111 1735 2274 1774 unam
2309 1720 2376 1774 de
2405 1719 2574 1774 costis
2607 1718 2746 1789 eius,
2790 1729 2841 1774 et
2894 1719 3124 1788 replevit
3171 1734 3390 1774 carnem
3422 1735 3519 1789 pro

1957 1828 2055 1876 ea;
2109 1821 2164 1866 et
2207 1811 2496 1866 :edificavit
2531 1820 2762 1875 costam,
2797 1827 2959 1881 quam
2996 1812 3193 1866 tulerat
3227 1813 3292 1867 de
3326 1812 3525 1876 Adam,

1953 1905 2006 1958 in
2062 1905 2363 1959 mulierem.
2402 1923 2418 1955 ι
2479 1902 2573 1958 Est
2619 1914 2797 1958 autem
2855 1903 3150 1973 Scriptura:
3203 1906 3324 1958 finis
3380 1905 3516 1966 hic;

1951 1996 2053 2063 Qui
2110 1996 2292 2050 omnia
2343 1997 2395 2050 iu
2446 1997 2712 2066 sapientia
2758 1995 2905 2061 fecit,
2959 1997 3046 2050 ille
3102 2006 3348 2051 sta'uens
3392 1997 3519 2050 dare

1951 2089 2157 2142 Adamo
2207 2089 2524 2159 adiutricem
2578 2089 2806 2142 similem
2863 2089 3006 2158 ipsi,
3058 2099 3117 2143 ut
3170 2090 3518 2157 premiscrat.

1952 2198 2056 2236 non
2096 2182 2163 2236 de
2197 2183 2360 2236 humo
2393 2181 2592 2236 format
2622 2181 2877 2236 feminam
2912 2184 3054 2237 sicut
3089 2192 3143 2236 et
3174 2182 3373 2245 \‘il‘lllll,
3423 2184 3517 2235 sed

1949 2275 2092 2328 hunc
2129 2275 2180 2328 in
2232 2289 2481 2328 somnum
2535 2274 2749 2345 mergit,
2787 2275 3006 2344 sopiens
3059 2274 3306 2342 spiritum
3362 2287 3515 2324 men-

1950 2375 2169 2435 temque
2217 2367 2430 2435 repleus
2465 2367 2823 2436 imaginibus,
2871 2376 2928 2420 et
2975 2365 3171 2418 animae
3227 2363 3415 2415 oculos
3449 2361 3514 2412 ad

1947 2474 2221 2514 ammnam
2253 2459 2490 2511 invitans
2519 2457 2802 2517 visionem,
2835 2465 2892 2509 ut
2923 2456 2995 2506 im
3017 2453 3157 2522 Igiue
3201 2461 3364 2505 tanta:
3399 2450 3515 2519 pulo

1948 2547 2284 2605 claritudinis
2335 2556 2556 2616 captus,
2604 2545 2818 2600 nesciat
2866 2543 2996 2614 quid
3051 2545 3154 2598 sibi
3208 2542 3516 2610 contingat;

1948 2639 2146 2695 deinde
2191 2639 2362 2694 sumit
2399 2653 2560 2692 unam
2591 2652 2620 2692 e
2653 2636 2820 2693 costis
2849 2636 2969 2703 eius
2996 2634 3115 2688 sine
3148 2633 3354 2692 labore,
3388 2645 3519 2683 scu-

1947 2749 2069 2789 sum
2105 2731 2310 2788 doloris
2346 2732 2394 2784 ei
2429 2730 2796 2794 subtrahens;
2840 2739 2891 2781 et
2931 2725 3114 2781 statim
3155 2733 3210 2776 ut
3243 2720 3436 2774 artifex
3466 2729 3519 2773 et

1949 2825 2194 2879 medicus
2231 2823 2426 2887 solers,
2477 2823 2620 2891 quod
2653 2821 2894 2874 ablatum
2945 2828 3028 2872 est
3071 2829 3236 2870 carne
3281 2811 3516 2880 supplet.

1953 2917 2085 2972 Dum
2119 2930 2247 2969 vero
2277 2914 2512 2969 animam
2563 2913 2708 2968 illius
2761 2910 3140 2966 insatiabiliter
3189 2907 3372 2960 divina
3421 2904 3516 2957 de-

1951 3009 2113 3064 lectat
2154 3009 2450 3077 voluptate,
2505 3015 2734 3068 costam,
2786 3019 2947 3074 quam
3003 3002 3144 3062 tul't,
3198 2999 3427 3053 aedificat
3459 2997 3513 3049 in

272 3083 439 3178 θείας
475 3087 668 3158 ἡδονῆς
707 3093 1004 3161 περιέσπα,
1056 3095 1156 3165 τὴν
1204 3097 1464 3168 πλευρὰν,
1518 3103 1584 3172 ἢν
1631 3102 1843 3167 ἔλαϐεν,

1952 3099 2261 3164 mulierem,
2313 3100 2367 3153 in
2401 3098 2603 3153 animal
2647 3095 2911 3151 rationale
2947 3091 3267 3147 mirabiliter
3315 3089 3512 3158 figura-

269 3173 624 3248 ῲκοδόμησεν
653 3184 734 3244 είς
772 3187 1027 3250 γυναῖκα,
1062 3188 1343 3256 μυστικῶς
1383 3191 1708 3257 ἐκτυπὼσας
1749 3195 1845 3248 αύ-

267 3266 368 3337 τὴν
400 3270 478 3333 είς
512 3268 653 3335 ζῶον
685 3274 922 3342 λογικὸν,
954 3277 1140 3332 κάλλει
1174 3281 1442 3352 ἀμηχάνῳ
1473 3283 1567 3337 καὶ
1603 3285 1844 3356 σχήματι

271 3359 704 3434 εύπρεπεστάτῳ
734 3370 1177 3440 κεκοσμημένην,
1217 3373 1312 3424 καὶ
1359 3374 1482 3442 ἄγει
1528 3375 1683 3429 τοῦτο
1706 3378 1844 3447 πρὸς

269 3452 360 3505 τὸν
407 3452 598 3526 Ἀδάμ.
629 3455 762 3512 Εἶτα
795 3461 1021 3524 ἐκεῖνος,
1053 3463 1145 3516 ἆτε
1181 3463 1329 3518 θείου
1363 3466 1674 3537 πνεύματος
1717 3469 1842 3538 μέτ-

269 3562 390 3613 οχος
431 3545 528 3610 ῶν,
587 3548 866 3616 ἐγνωκὼς,
900 3554 980 3606 ὅτι
1013 3555 1072 3621 ἐξ
1099 3556 1266 3609 αὐτοῦ
1298 3553 1385 3629 ἦν,
1413 3559 1584 3630 φησί’
1617 3579 1638 3612 ‹
1676 3560 1845 3614 Τοῦτο

270 3634 364 3687 νῦν
396 3638 590 3692 ὀστοῦν
621 3643 683 3694 ὲκ
709 3642 819 3695 τῶν
845 3646 1019 3700 ὀστῶν
1049 3665 1175 3717 μου,
1200 3649 1295 3702 καὶ
1328 3650 1464 3724 σὰρξ
1496 3652 1562 3704 ὲκ
1585 3652 1682 3720 τῆς
1713 3669 1844 3724 σαρ·

267 3730 365 3793 κός
391 3749 529 3801 μουο
569 3735 708 3806 αὕτη
743 3737 1074 3811 κληθήσεται
1110 3742 1268 3812 γυνὴ,
1300 3744 1382 3797 ὅτι
1411 3747 1475 3798 ὲκ
1511 3744 1605 3800 τοῦ
1653 3746 1844 3817 ἀνδρὸς

270 3821 439 3894 αὐτῆς
465 3825 675 3899 ἐλήφθη
713 3830 754 3862 ⁸⁵
793 3849 812 3882 ι
846 3830 1012 3904 αὕτη.
1056 3834 1232 3905 Ὁρῶν
1253 3831 1346 3890 οὖν
1372 3837 1401 3889 ὁ
1444 3836 1614 3907 Ἀδὰμ
1633 3838 1734 3909 τὴν
1755 3855 1846 3907 γυο

267 3914 453 3981 ναῖκα,
489 3917 587 3988 οὐχ
633 3919 802 3992 909
833 3923 908 3987 ὡς
951 3929 1188 3994 γυναῖκα
1251 3926 1526 3999 θεώμενος
1579 3929 1837 4000 ἔπασχεν,

268 4005 384 4057 ἀλλ’
413 4007 491 4070 ὡς
535 4009 726 4063 ἑαυτὸν
771 4016 933 4082 ὀρῶν,
971 4020 1359 4086 πνευματικῶς
1409 4021 1742 4090 ηὐφραίνετο
1775 4023 1839 4086 ⁸⁸,

268 4095 367 4181 τὴν
395 4095 589 4166 ὁμοίαν
617 4100 832 4167 βλέπων
859 4104 952 4157 καὶ
978 4107 1184 4176 ταύτην
1212 4110 1444 4176 ἔχουσαν
1472 4114 1839 4181 κατασκευήν.

279 4179 556 4252 Ὡσαύτως
587 4189 644 4242 δὲ
676 4191 769 4243 καὶ
799 4189 1043 4264 η’γυνὴ,
1079 4196 1362 4265 θεωροῦσα
1391 4199 1483 4251 τὸν
1523 4199 1714 4270 ἄνδρα,
1749 4179 1844 4271 με·

270 4277 452 4343 γάλως
486 4281 775 4350 ἠγάλλετο,
807 4286 928 4338 κατ’
958 4287 1119 4340 αὐτὸν
1140 4287 1305 4342 οὖσαν
1333 4291 1534 4360 ἑαυτὴν
1560 4291 1838 4346 ἐννοοῦσα.

273 4372 484 4427 Ὄντων
524 4372 618 4428 οὖν
650 4374 832 4429 αὐτῶν
881 4378 940 4432 ἐν
981 4378 1061 4448 τῷ
1110 4380 1425 4452 παραδείσῳ
1459 4383 1560 4451 τῆς
1608 4384 1840 4455 τρυφῆς,

1953 3204 2082 3256 tam,
2117 3199 2171 3246 et
2196 3189 2560 3246 intestimabili
2591 3189 2788 3243 decore
2823 3186 3107 3253 formaque
3146 3177 3514 3249 pulcherrima

1948 3293 2236 3348 ornatam;
2269 3288 2436 3350 atque
2467 3281 2616 3335 ducit
2649 3279 2795 3334 illam
2833 3279 2900 3332 ad
2931 3277 3197 3328 Adamum
3235 3285 3250 3324 :
3283 3269 3397 3340 qui,
3431 3276 3516 3321 ut-

1949 3384 2074 3446 pote
2105 3375 2278 3428 divini
2309 3373 2535 3443 spiritus
2558 3373 2850 3442 particeps,
2879 3369 3058 3423 sciens
3087 3380 3206 3420 eam
3240 3363 3307 3416 de
3334 3360 3514 3428 seipse

1946 3475 2246 3521 extractam
2293 3478 2438 3528 esse,
2484 3466 2560 3518 ait
2603 3481 2616 3516 :
2663 3480 2681 3514 ι
2711 3461 2824 3516 Hoc
2871 3475 3017 3516 nunc
3067 3474 3128 3513 os
3177 3472 3238 3511 ex
3293 3454 3512 3508 ossibus

1950 3558 2108 3620 meis,
2141 3566 2195 3613 et
2220 3571 2348 3612 caro
2369 3557 2434 3611 de
2458 3570 2621 3610 carne
2649 3569 2805 3619 mea;
2835 3553 2948 3606 haec
2979 3549 3264 3605 vocabitur
3299 3545 3508 3611 virago,

1948 3651 2206 3718 quoniam
2238 3649 2306 3702 de
2336 3648 2451 3702 viro
2480 3657 2697 3714 sumpta
2731 3653 2831 3698 est.
2867 3663 2884 3693 ›
2939 3641 3141 3696 Videtis
3171 3640 3334 3708 igitur
3363 3637 3512 3690 Adae

1949 3756 2074 3796 mus
2107 3739 2417 3804 mulierem,
2468 3753 2576 3792 non
2625 3735 2852 3792 affectus
2900 3745 2984 3790 est
3027 3743 3282 3801 tanquam
3323 3732 3512 3785 videns

1949 3835 2258 3897 mulierem,
2308 3831 2402 3887 sed
2451 3839 2705 3900 tanquam
2742 3830 2930 3884 videns
2982 3827 3244 3895 seipsnm,
3293 3823 3515 3892 spirita-

1948 3929 2073 3983 liter
2104 3924 2398 3996 gaudebat,
2453 3924 2593 3978 banc
2640 3922 2833 3977 videns
2885 3919 3058 3974 forma
3105 3917 3208 3973 sibi
3258 3915 3516 3970 similem.

1949 4017 2162 4073 Pariter
2212 4027 2266 4072 et
2323 4015 2553 4080 mulier,
2609 4014 2962 4068 considerans
3017 4011 3234 4072 virum,
3287 4007 3516 4061 multum

1947 4111 2274 4173 exsultabat,
2316 4124 2376 4163 se
2407 4108 2481 4161 illi
2509 4105 2741 4162 similem
2765 4119 2888 4158 esse
2918 4103 3184 4171 cogitans.
3231 4101 3327 4155 llis
3357 4101 3518 4167 igitur

1950 4202 2003 4255 in
2033 4200 2289 4269 paradiso
2319 4197 2612 4266 voluptatis
2648 4194 3022 4249 habitantibus
3056 4194 3224 4261 legem
3255 4193 3345 4244 dat
3376 4190 3517 4245 Deus

1952 4292 2110 4346 titulo
2135 4289 2404 4353 beneﬁcii,
2449 4296 2512 4342 ut
2540 4287 2849 4342 ostenderet
2893 4301 3084 4340 eorum
3121 4294 3367 4338 naturam
3397 4298 3518 4336 esse

1949 4385 2176 4440 liberam
2209 4381 2524 4452 propriique
2577 4378 2806 4443 arbitrii,
2860 4379 3133 4447 simulque
3183 4382 3516 4429 monstraret

269 4465 434 4534 νόμον
465 4465 683 4520 δίδωσιν
711 4468 898 4533 αὐτοῖς
925 4472 954 4523 ὁ
987 4470 1119 4535 Θεὸς
1157 4471 1245 4525 ἐπ’
1277 4473 1592 4546 εὐεργεσίᾳ,
1620 4452 1714 4529 τοῦ
1739 4452 1845 4529 δεῖ·

1952 4476 2173 4533 eosdem
2223 4475 2447 4530 domino
2494 4488 2558 4528 ac
2590 4472 2757 4526 tutori
2788 4472 3089 4539 subiacere,
3125 4470 3204 4523 sic
3237 4470 3464 4536 loquens
3502 4487 3513 4520 ;

272 4558 360 4624 ξαι
401 4561 503 4630 μὲν
531 4562 825 4634 ἐλευθέραν
856 4566 956 4638 τὴν
984 4566 1148 4636 φύσιν
1187 4569 1248 4621 ὲν
1285 4573 1351 4641 τῇ
1383 4570 1848 4641 αὑτεξουσιάτητι,

270 4655 551 4722 ὑποδεῖξαι
583 4656 642 4710 δὲ
696 4657 772 4721 ὼς
805 4658 910 4712 ὑπὸ
940 4659 1210 4730 δεσπότην
1249 4662 1346 4714 καὶ
1395 4662 1670 4733 κηδεμόνα
1718 4664 1850 4731 εἰσὶ,

267 4747 442 4816 λέγων
469 4749 645 4812 οὕτως
666 4764 680 4778 ·
721 4767 740 4802 t
781 4751 822 4782 "
869 4751 1000 4805 Ἀπὸ
1034 4751 1235 4817 παντὸς
1264 4751 1423 4820 ξύλου
1447 4752 1540 4806 τοῦ
1565 4755 1623 4807 ἐν
1641 4755 1720 4824 τῷ
1740 4771 1850 4808 πα-

1956 4570 2063 4624 tEx
2095 4570 2244 4623 omni
2275 4569 2421 4638 ligno
2455 4566 2692 4634 paradisi
2723 4563 3029 4627 comedite;
3057 4562 3124 4616 de
3160 4562 3304 4631 ligno
3332 4567 3516 4614 autem

1951 4660 2192 4717 scientiae
2230 4658 2357 4713 boni
2383 4666 2439 4712 et
2468 4655 2596 4711 mali
2624 4670 2691 4710 ne
2723 4653 3022 4708 comedatis
3056 4669 3070 4705 :
3105 4651 3154 4705 in
3190 4665 3516 4720 quocunque

1948 4753 2093 4807 enim
2140 4751 2229 4805 die
2270 4747 2568 4804 comedetis
2612 4761 2676 4801 ex
2708 4761 2794 4811 eo,
2842 4753 3018 4800 morte
3050 4743 3412 4804 moriemini,»
3463 4742 3513 4795 id

268 4839 504 4912 ραδείσῳ
525 4842 727 4912 βρώσει
743 4846 915 4916 φαγῇ,
939 4845 1050 4898 ἀπὸ
1065 4845 1121 4898 δὲ
1138 4845 1232 4900 τοῦ
1265 4846 1426 4914 ξύλου
1442 4846 1538 4900 τοῦ
1559 4845 1845 4916 γινώσκειν

1952 4852 2053 4910 est,
2104 4841 2360 4898 mortales
2390 4839 2563 4896 eritis.
2608 4838 2700 4893 Sic
2745 4838 2889 4893 enim
2940 4835 3302 4905 Symmachus
3346 4833 3514 4886 inter-

266 4934 435 4988 καλὸν
467 4935 560 4989 καὶ
598 4937 856 5007 πονηρὸν,
891 4937 954 4990 οὐ
989 4936 1230 5007 φάγεσθε
1273 4938 1370 4992 ἀπ’
1399 4936 1564 4992 αὐτοῦ
1593 4951 1608 4966 ⁶
1644 4930 1746 5009 ᾖδ’
1775 4937 1841 4990 ἂν

1952 4943 2192 5006 pretatus
2220 4943 2304 4988 est
2335 4951 2348 4987 :
2389 4949 2410 4983 α
2441 4931 2496 4985 In
2527 4943 2872 5000 quacumque
2914 4937 3094 4982 autem
3129 4927 3217 4982 die
3261 4924 3530 4980 eomedcs-

267 5029 456 5102 ἡμέρᾳ
489 5032 700 5102 φάγητε
735 5033 778 5065 ¹⁸
807 5033 901 5086 ἀπ’
934 5032 1123 5094 αὑτοῦ,
1153 5031 1370 5101 θανάτῳ
1401 5029 1785 5094 ἀποθανεῖσθε,
1819 5047 1836 5080 ι

1948 5027 2015 5082 de
2045 5027 2213 5094 ligno,
2246 5023 2496 5080 mortalis
2519 5021 2648 5078 eris.
2677 5039 2696 5071 ι

265 5125 583 5194 τουτέστιν,
636 5127 820 5198 θνητοὶ
896 5126 1104 5182 ἔσεσθε.
1137 5125 1294 5180 Οὕτω
1357 5125 1465 5196 γὰρ
1496 5125 1592 5179 καὶ
1635 5125 1662 5177 ὁ
1726 5123 2021 5194 Σύμμαχος
2081 5121 2426 5191 ἡρμήνευσεο
2470 5136 2489 5169 t
2529 5111 2608 5188 ᾟ
2638 5117 2682 5169 δ’
2742 5115 2807 5170 ἂν
2862 5113 3045 5185 ἡμέρᾳ
3084 5114 3234 5182 φάγῃ
3280 5109 3387 5164 ἀπδ
3421 5108 3514 5162 τοῦ

269 5211 455 5284 ξύλου,
491 5215 687 5289 θνητὸς
719 5219 840 5290 ἔσῃ.
876 5237 895 5269 ι

1460 5405 1647 5466 Variaa
1710 5405 2016 5467 lectiones
2052 5408 2113 5464 et
2159 5406 2347 5463 noue.

346 5579 387 5612 ‘°
422 5582 556 5636 Gen.
587 5596 645 5644 ll,
677 5580 762 5633 l8.
843 5579 879 5610 ¹¹
925 5579 1070 5646 λέγει
1110 5576 1170 5634 P.
1201 5577 1301 5631 Th.
1335 5605 1403 5616 --
1436 5595 1472 5646 μ

1479 5577 1645 5631 έλλων
1675 5576 1794 5630 cod.

1952 5576 2075 5630 Gen.
2117 5590 2156 5634 t.
2212 5571 2396 5637 ‘Zlﬂﬁ.
2481 5569 2519 5601 ¹³
2548 5571 2717 5635 οὕτως
2771 5570 2891 5624 cod.
2952 5567 3011 5606 ιν*
3042 5566 3148 5637 γάρ
3183 5564 3302 5637 cod.
3345 5582 3378 5637 ει
3427 5580 3510 5637 se-

268 5633 452 5706 cunda
473 5633 660 5708 manu.
696 5649 752 5702 δέ
797 5649 852 5704 P.
884 5633 1006 5702 Th.'
1067 5650 1108 5680 “’
1143 5649 1276 5703 Gen.
1301 5663 1358 5710 tt,
1383 5633 1473 5701 Si.
1552 5647 1594 5677 “
1618 5647 1749 5716 ηὑφ.
1783 5674 1845 5684 -

1952 5662 1998 5697 τ.
2025 5633 2218 5716 υιιιζΤ.
2256 5633 2323 5683 -έ-
2362 5640 2563 5712 ταὺτήν
2589 5640 2647 5696 Ρ.
2700 5633 2769 5672 V"
2799 5639 2930 5696 ch.
2972 5633 3256 5704 ιι,“16,17.
3341 5633 3381 5665 "
3409 5633 3512 5703 φάο

268 5739 356 5788 γει
393 5721 516 5778 eod.
550 5749 617 5760 -
648 5720 784 5777 Nota
828 5739 842 5777 :
882 5719 1106 5785 pluralis
1139 5746 1207 5760 —-
1232 5731 1391 5785 quem
1447 5724 1501 5774 et
1546 5716 1781 5784 Symeon
1817 5715 2106 5783 expressit.
