4022 6234
518 337 651 406 1271

726 453 868 509 XIII.
906 453 982 508 De
1021 452 1161 525 ligno
1202 452 1434 506 scientia:
1474 450 1600 506 boni
1631 461 1678 506 et
1722 452 1872 506 mali.

587 639 691 696 Sed
746 653 813 694 ne
860 637 982 708 quis
1029 638 1326 692 arbitretur
1382 637 1484 692 hoc
1545 635 1752 708 lignum
1817 637 2086 707 ejusmodi

515 731 683 786 fuisse
710 739 771 784 ut
796 729 1080 784 scientiam
1120 730 1274 783 daret
1300 728 1427 782 boni
1460 736 1513 782 et
1544 728 1706 793 mali;
1765 728 1899 782 nihil
1943 729 2085 783 enim

515 827 634 874 erat
662 819 919 875 nocivum
951 820 1002 873 in
1037 820 1326 889 paradiso;
1361 819 1453 874 sed
1477 821 1542 873 ad
1575 819 1717 874 hunc
1744 819 1902 874 linem
1925 820 2089 874 arbor

507 911 610 966 ﬁlia
673 912 964 967 constituta
1017 923 1139 967 erat
1193 922 1251 966 ut
1304 921 1652 966 exerceretur
1716 911 1960 966 libertas.
2022 911 2090 964 Et

515 1005 722 1075 lignum
754 1005 898 1058 haud
934 1003 1103 1058 fuisse
1128 1004 1339 1057 Adamo
1379 1018 1600 1056 causam
1630 1001 1872 1056 scientiae
1901 1010 2088 1070 patet:

517 1113 638 1152 nam
684 1106 1008 1167 prmceptum
1041 1096 1222 1151 datum
1252 1106 1333 1150 est
1374 1105 1630 1165 tauquam
1665 1095 1962 1150 scientibus
1992 1096 2091 1149 bo-

515 1205 645 1243 num
676 1200 731 1243 et
765 1193 986 1253 malum,
1039 1187 1401 1242 obedientiam
1432 1197 1483 1241 et
1519 1187 1966 1252 inobedientiam,
2016 1187 2090 1240 ita

517 1291 576 1335 ut
629 1281 856 1336 scientia
907 1282 1220 1336 mandatum
1281 1281 1621 1351 praecesserit
1676 1300 1688 1334 :
1752 1281 1855 1334 hoc
1907 1290 2088 1335 autem

515 1372 698 1427 datum
733 1382 837 1436 est,
861 1374 1004 1427 sicut
1031 1374 1293 1441 diximus,
1344 1383 1423 1437 ut,
1456 1374 1582 1442 quia
1622 1372 1791 1426 libera
1820 1374 2092 1428 voluntate

517 1475 699 1520 motus
729 1465 896 1520 homo
923 1482 1115 1521 secure
1143 1467 1361 1534 quidem
1398 1467 1464 1520 de
1495 1467 1750 1520 omnibus
1778 1465 1900 1520 aliis
1929 1465 2093 1519 arbo-

517 1557 668 1612 ribus
692 1567 902 1626 poterat
922 1574 1158 1621 sumere,
1183 1559 1250 1611 ab
1275 1573 1377 1611 Una
1403 1567 1578 1611 autem
1601 1573 1694 1626 per
1718 1559 1884 1626 legem
1904 1556 2091 1626 prohi-

515 1646 631 1701 bita
662 1648 939 1703 abstinere
970 1650 1224 1711 debebat,
1254 1659 1613 1718 cognosceret
1647 1664 1704 1701 se
1735 1646 2092 1702 dominationi

517 1740 745 1797 subesse
791 1742 937 1796 illius
970 1743 1060 1811 qui
1115 1752 1438 1811 praeceptum
1487 1741 1728 1796 dederat.
1787 1741 1953 1793 Erant
2004 1739 2096 1807 igi-

518 1842 608 1886 tur
641 1832 694 1887 in
735 1835 1031 1903 purissimo
1061 1834 1163 1890 hoc
1209 1835 1329 1890 loco
1375 1834 1618 1888 Adamus
1651 1843 1705 1887 ct
1741 1833 1850 1886 Eva
1895 1832 2094 1900 degen-

518 1937 600 1979 tes
655 1926 1157 1997 immortaliumque
1211 1927 1401 1980 ﬂorum
1453 1927 1712 1980 varietate
1757 1924 2098 1979 abundanter

518 2016 784 2073 tiu-nentes.

855 2227 996 2282 XIV.
1039 2227 1115 2282 De
1153 2226 1365 2282 diabolo
1402 2239 1450 2282 et
1493 2237 1752 2296 serpente.

592 2339 662 2392 At
731 2344 938 2394 naturae
1005 2347 1210 2394 nostra:
1275 2338 1568 2406 inimicus,
1647 2345 1810 2392 tantae
1864 2337 2100 2393 hominis

525 2431 774 2502 dignitati
809 2431 1080 2498 invidens,
1123 2441 1314 2486 contra
1347 2447 1471 2486 eum
1505 2432 1706 2486 bellum
1750 2433 2014 2500 suscepit,
2047 2443 2101 2486 et

524 2533 830 2594 serpentem
855 2524 1137 2594 ingressus
1161 2524 1335 2579 astitit
1361 2524 1597 2588 mulieri,
1622 2524 1845 2579 absente
1867 2523 2098 2590 Adamn,

527 2628 591 2668 ac
622 2614 811 2670 dolose
843 2614 984 2669 hanc
1013 2615 1236 2670 deﬂexit
1266 2631 1294 2668 a
1343 2615 1512 2679 bono,
1559 2616 1943 2684 Adamumque
1976 2630 2099 2669 cum

523 2722 588 2762 ea
621 2705 833 2770 fefellit,
883 2716 936 2761 ct
979 2709 1170 2764 ambos
1203 2709 1332 2764 fecit
1385 2709 1520 2779 legis
1565 2708 1761 2763 divinae
1799 2719 2101 2778 transgres-

525 2813 702 2853 sores.
786 2797 861 2852 De
938 2799 1034 2854 illo
1097 2801 1242 2854 enim
1313 2800 1595 2870 Scriptura
1660 2800 1741 2855 sic
1800 2799 2098 2869 loquitur:

532 2909 558 2940 ο
586 2888 825 2959 Serpens
853 2900 971 2945 erat
1002 2890 1250 2946 callidior
1281 2890 1494 2947 cunctis
1520 2889 1895 2946 animantibus
1921 2899 2099 2956 terrae,

526 2997 648 3052 qua:
683 2982 887 3038 fecerat
913 2982 1182 3039 Dominus
1215 2982 1382 3040 Deus.
1413 3003 1437 3036 ›
1475 2983 1718 3038 Callidus
1753 2994 1981 3038 vocatus
2018 2990 2103 3038 est

529 3089 775 3143 serpens,
809 3074 936 3143 quia
967 3075 1270 3142 hominem,
1305 3075 1511 3130 animal
1541 3076 1827 3141 rationale,
1870 3075 2104 3144 aliisque

529 3165 880 3234 intelligentia
914 3175 1286 3234 praestantem,
1341 3167 1669 3237 decepturus
1718 3177 1854 3224 erat.
1898 3166 2105 3223 Deinde

530 3256 684 3310 addit
714 3273 730 3312 :
769 3273 787 3308 ι
822 3255 886 3311 Ει
915 3257 1055 3311 dixit
1085 3273 1314 3328 serpens
1348 3257 1414 3313 ad
1440 3257 1724 3314 mulierem
1772 3275 1786 3312 :
1826 3256 1938 3312 Cur
1967 3272 2106 3326 prae-

531 3347 675 3416 cepit
708 3347 865 3401 vobis
897 3347 1039 3404 Deus
1069 3357 1130 3404 ut
1155 3363 1262 3403 non
1295 3349 1655 3404 comederctis
1683 3349 1752 3402 de
1779 3349 1926 3402 omni
1961 3349 2106 3419 ligno

530 3436 819 3505 paradisi?
854 3439 952 3490 Cui
1002 3439 1282 3507 respondit
1329 3440 1524 3493 mulier
1573 3457 1587 3493 :
1646 3441 1722 3494 De
1761 3439 1911 3494 omni
1959 3440 2106 3508 ligno

534 3527 773 3596 paradisi
802 3529 1170 3593 comedimus;
1212 3530 1279 3585 de
1306 3528 1481 3586 fructu
1523 3545 1655 3584 vero
1686 3531 1817 3600 ligni
1845 3530 1988 3600 quod
2024 3541 2110 3586 est

534 3618 591 3673 in
623 3619 804 3674 medio
849 3621 1109 3690 paradisi,
1163 3623 1417 3692 praecepit
1447 3623 1606 3678 nobis
1639 3623 1782 3679 Deus
1813 3639 1881 3679 ne
1927 3639 2110 3679 come-

534 3711 790 3768 deremus
833 3723 887 3768 et
923 3729 990 3768 ne
1024 3722 1373 3786 tangeremus
1405 3715 1567 3780 illud,
1617 3731 1686 3770 ne
1730 3715 1872 3771 forte
1903 3715 2108 3770 moria-

536 3821 683 3861 mur.
716 3824 736 3858 ι
779 3807 860 3861 Αη
923 3821 1150 3876 serpens
1206 3808 1390 3863 verbis
1437 3823 1572 3863 usus
1623 3817 1707 3862 est
1763 3809 2112 3863 articulatis?

535 3897 930 3970 Nequaquam;
983 3900 1077 3956 sed
1131 3899 1290 3970 primi
1345 3909 1599 3968 parentes
1649 3901 1830 3953 omnis
1888 3899 2110 3954 malitia:

535 3992 830 4056 immunes,
856 4007 1052 4047 sensus
1086 3992 1356 4046 habebant
1378 3990 1726 4045 acutissimus
1748 4000 1802 4044 et
1832 3991 1989 4060 longe
2014 4006 2112 4045 no-

536 4083 669 4138 stris
700 4084 1127 4153 przestantiores,
1161 4083 1233 4138 ita
1265 4092 1324 4137 ut
1347 4097 1534 4137 eorum
1565 4081 1786 4136 auditus
1813 4083 2113 4152 quamlibet

535 4189 726 4230 vocem
757 4174 1034 4244 percipere
1081 4183 1289 4244 posset.
1329 4173 1602 4227 Animalia
1657 4189 1872 4243 quoque
1922 4183 1976 4228 et
2020 4175 2111 4244 ju-

536 4274 720 4318 menta
753 4264 1011 4319 dicuntur
1038 4264 1167 4318 olim
1193 4264 1321 4318 labii
1352 4263 1514 4317 unius
1557 4263 1756 4329 fuisse;
1809 4279 1932 4319 cum
1981 4279 2110 4318 vero

533 4357 782 4411 Adamus
822 4357 925 4411 fuit
959 4358 1375 4420 condemnatus,
1436 4366 1565 4410 tunc
1617 4373 1679 4410 ea
1729 4357 2105 4421 obmutuisse;

533 4465 600 4505 ac
651 4459 956 4520 serpentem
992 4458 1304 4504 truncatum
1334 4463 1457 4504 esse
1487 4448 1714 4516 pedibus
1763 4459 1818 4503 et
1863 4460 2108 4520 reptasse

535 4544 706 4606 humi,
733 4557 1112 4612 venenumque
1145 4557 1308 4610 super
1328 4542 1448 4610 ejus
1467 4541 1648 4609 lingua
1683 4557 1804 4595 esse
1846 4543 2106 4611 positum.

535 4635 741 4690 Deinde
789 4637 1076 4706 Scriptura
1129 4634 1363 4689 subdit:
1405 4652 1424 4685 ιη
1457 4633 1599 4687 Dixit
1654 4646 1832 4690 autem
1886 4650 2110 4704 serpens

532 4729 600 4783 ad
637 4727 916 4782 mulierem
955 4746 968 4781 :
1005 4726 1370 4797 Nequaquam
1420 4734 1595 4780 u‘iortc
1634 4727 1962 4792 moriemini,
2007 4728 2112 4782 scit

529 4824 674 4877 enim
712 4821 854 4877 Deus
888 4821 1032 4890 quod
1062 4820 1116 4874 in
1154 4835 1484 4889 quocunque
1533 4819 1621 4873 dic
1667 4820 2013 4874 comederitis
2043 4835 2108 4872 ex

528 4930 616 4979 eo,
671 4914 989 4984 aperientur
1038 4913 1183 4968 oculi
1235 4914 1431 4977 vestri,
1491 4922 1547 4967 et
1608 4913 1764 4967 eritis
1817 4913 1960 4967 sicut
2012 4913 2108 4977 dii,

529 5011 770 5065 scientes
794 5007 994 5062 bonum
1018 5019 1073 5060 et
1102 5007 1329 5061 malum.
1376 5005 1520 5060 Vidit
1549 5006 1712 5076 igitur
1739 5007 1935 5060 mulier
1963 5005 2108 5074 quod

530 5098 742 5152 bonum
770 5105 917 5152 esset
963 5096 1172 5167 lignum
1209 5097 1277 5150 ad
1311 5096 1668 5159 vescendum,
1715 5105 1769 5147 et
1818 5096 2103 5164 pulchrum

531 5190 744 5255 oculis,
801 5199 1136 5260 aspectuque
1195 5188 1514 5244 delectabile
1572 5206 1584 5241 :
1645 5197 1699 5242 et
1750 5191 1986 5256 sumpsit
2040 5189 2108 5242 de

530 5280 716 5336 fructu
769 5281 935 5346 illius,
985 5289 1040 5336 et
1089 5279 1346 5345 comedit,
1403 5277 1661 5348 deditque
1713 5279 1830 5332 viro
1883 5294 2004 5345 suo,
2056 5287 2109 5332 et

1707 334 2029 396 GEORGII
2070 333 2527 396 HAMARTOLI

3638 333 3775 396 1272

2189 453 2365 524 (207a)
2401 451 2524 524 [IF']
2558 449 2696 521 Περὶ
2726 450 2832 504 τοῦ
2867 453 3060 524 ξύλου
3097 453 3414 520 γινώσκειν
3439 451 3641 505 καλὸν
3673 454 3773 508 καὶ

2831 522 3116 589 πονηρόν.

2272 637 2431 692 Ἀλλὰ
2468 639 2542 708 μή
2577 653 2660 699 τις
2691 635 2974 699 ὑπολάϐοι,
3015 636 3098 688 ὅτι
3139 635 3199 687 τὸ
3226 634 3375 700 ξύλον
3400 634 3672 706 τοιαύτης
3704 633 3776 707 ἦν

2190 728 2426 796 φύσεως,
2459 728 2534 790 ώς
2563 727 2767 795 γνῶσιν
2799 729 3062 798 παρέχειν
3103 728 3271 780 καλοῦ
3297 745 3352 780 τε
3377 730 3464 781 καὶ
3487 730 3673 782 κακοῦ
3699 760 3779 770 -

2188 822 2248 874 ού
2279 822 2387 890 γὰρ
2418 822 2482 892 δὴ
2513 821 2774 892 βλαϐερόν
2806 839 2857 874 τι
2890 817 2958 892 ἦν
2993 821 3051 874 ὲν
3079 820 3159 890 τῷ
3195 821 3503 890 παραδείσῳ
3533 852 3601 860 ——
3634 823 3780 891 ὅρος

2189 912 2244 965 δὲ
2274 913 2431 983 ἐτέθη
2477 913 2568 966 ἐπὶ
2593 911 2669 983 τῷ
2701 912 2854 982 φυτῷ
2904 911 3039 981 πρὸς
3069 911 3379 982 γυμνασίαν
3424 913 3520 981 τῆς
3551 914 3780 965 ἐλευθε-

2193 1003 2464 1072 ριότητος.
2501 1004 2609 1056 Καὶ
2635 1004 2716 1054 ὅτι
2739 1003 2797 1054 ού
2826 1001 2888 1054 τὸ
2929 1001 3084 1066 ξύλον
3121 1001 3293 1055 αἴτιον
3329 1001 3407 1071 τῷ
3429 1003 3610 1071 Ἀδάμ
3632 1003 3778 1068 γνώ-

2193 1113 2330 1158 σεως
2362 1096 2575 1162 γέγονε,
2601 1095 2790 1164 δῆλον·
2823 1095 2856 1162 ἡ
2883 1094 2991 1164 γὰρ
3025 1093 3215 1164 ἐντολὴ
3251 1093 3326 1156 ὡς
3358 1095 3401 1125 ¹⁹
3434 1095 3568 1164 πρὸς
3601 1095 3774 1147 εξῶτε

2192 1190 2358 1258 ἄμφω
2406 1188 2581 1258 ἐδόθη,
2628 1189 2688 1240 τό
2730 1205 2788 1240 τε
2826 1189 2990 1242 καλὸν
3023 1190 3119 1242 καὶ
3152 1189 3212 1241 τὸ
3257 1188 3520 1258 πονηρὸν,
3566 1190 3669 1258 τήν
3715 1206 3774 1241 τε

2193 1280 2438 1349 ὑπακοὴν
2470 1281 2562 1332 καὶ
2581 1280 2678 1350 τὴν
2709 1279 3015 1350 παρακοὴν,
3045 1279 3184 1332 ὥστε
3211 1281 3241 1350 ἡ
3267 1280 3466 1348 γνῶσις
3498 1280 3772 1348 προῦλαϐε

2193 1375 2289 1442 τὴν
2347 1373 2587 1443 ἐντολήν.
2631 1372 2854 1425 Δέδοται
2904 1372 2960 1424 δὲ
2992 1372 3131 1443 αὐτὴ
3181 1374 3268 1426 διὰ
3297 1373 3381 1436 τὸ,
3413 1373 3490 1435 ὡς
3536 1373 3771 1443 εἴρηται,

2193 1465 2526 1538 αὖτεξουσίῳ
2587 1466 2896 1538 βουλήματι
2940 1467 3264 1537 κινούμενον
3317 1467 3412 1520 τὸν
3461 1467 3768 1534 ἄνθρωπον,

2194 1560 2282 1612 ἐπ’
2318 1559 2502 1623 ἀδείας
2536 1577 2596 1612 τε
2643 1560 2836 1630 ἔχοντα
2886 1560 2994 1613 ἀπὸ
3047 1560 3266 1613 πάντων
3333 1559 3767 1629 μεταλαμϐάνεεν

2194 1653 2301 1705 τῶν
2327 1651 2503 1705 ἄλλων
2528 1652 2782 1723 δένδρων,
2813 1653 2930 1716 ἑνὸς
2963 1653 3020 1706 δὲ
3062 1652 3226 1721 μόνου
3250 1653 3403 1722 νόμῳ
3441 1671 3774 1722 «ponatu-

2203 1745 2366 1815 psum)
2420 1745 2720 1814 ἀπέχεσθαι
2753 1746 2822 1811 ὀ,
2863 1745 3156 1812 γινώσκειν
3215 1744 3290 1808 ὼς
3349 1745 3457 1797 ὑπὸ
3511 1747 3775 1813 δεσπότην

2201 1838 2319 1889 ἐστὶ
2348 1839 2390 1868 ²¹
2421 1838 2516 1891 καὶ
2546 1836 2645 1908 τὴν
2689 1837 2908 1907 ἐντολὴν
2936 1837 3225 1890 δεδωκότα.
3271 1833 3457 1891 ἿῙσαν
3484 1833 3576 1890 οὖν
3621 1839 3677 1890 ὲν
3704 1838 3780 1906 τῷ

2200 1926 2573 1997 καθαρωτάτῳ
2607 1927 2783 1996 τούτῳ
2808 1927 2961 1996 τόπῳ
2989 1927 3017 1979 ὅ
3047 1943 3107 1978 τε
3153 1926 3326 1996 Ἀδάμ
3347 1928 3443 1980 καὶ
3468 1929 3500 1996 ἡ
3532 1927 3646 1980 Εὔα
3679 1928 3786 1982 διά-

2200 2035 2390 2084 γοντες
2417 2017 2512 2070 καὶ
2543 2020 2608 2088 τῇ
2644 2017 2890 2086 ποικιλίᾳ
2928 2017 3038 2068 τῶν
3068 2016 3355 2070 ἀθανάτων
3383 2017 3592 2070 ἀνθέων
3624 2016 3786 2087 δαψι-

2201 2109 2307 2173 λῶς
2334 2109 2719 2173 ἀπολαύοντες.

2234 2224 2399 2293 910
2448 2221 2570 2296 [Μ’]
2603 2221 2742 2293 Περὶ
2771 2222 2876 2277 τοῦ
2914 2223 3201 2279 διαϐόλου
3239 2224 3341 2278 καὶ
3370 2223 3478 2279 τοῦ
3505 2226 3718 2294 ὄφεως.

2287 2335 2428 2388 Ἀλλ’
2467 2336 2494 2388 ὁ
2545 2335 2740 2407 ἐχθρὸς
2769 2335 2870 2404 τῆς
2907 2336 3191 2407 ἡμετέρας
3240 2336 3453 2406 φύσεως
3502 2337 3784 2406 sane”;

2201 2428 2294 2480 ἐπὶ
2317 2429 2382 2497 τῇ
2423 2427 2592 2497 πολλῇ
2626 2429 2759 2498 τιμῇ
2798 2427 2893 2480 τοῦ
2921 2428 3216 2498 ἀνθρώπου
3244 2430 3332 2482 καὶ
3371 2429 3566 2496 φθόνον
3593 2432 3783 2496 ἐγκισ-

2205 2517 2376 2588 σήσας
2403 2517 2470 2582 ’⁸,
2504 2517 2597 2569 τὸν
2647 2518 2785 2586 πρὸς
2819 2517 2984 2570 αὐτὸν
3018 2517 3194 2587 ῇρατο
3236 2518 3481 2588 πόλεμον,
3533 2520 3630 2570 καὶ
3674 2521 3774 2570 τὸν

2201 2609 2325 2679 ὅφιν
2357 2609 2509 2673 ἐνδὺς
2547 2609 2751 2678 ἐπέστη
2790 2612 2855 2679 τῇ
2903 2610 3146 2678 γυναικὶ,
3179 2609 3398 2673 ἀπόντος
3441 2611 3537 2663 τοῦ
3577 2612 3784 2680 Ἀδάμ,

2205 2702 2299 2754 καὶ
2343 2701 2670 2772 πανούργως
2711 2701 2882 2771 αὐτὴν
2932 2700 3022 2753 τοῦ
3080 2702 3454 2772 συμφέροντος
3502 2719 3786 2774 παρατρε-

2202 2795 2443 2866 ψάμενος
2471 2794 2561 2848 διὰ
2601 2793 2834 2862 ψεύδους
2877 2797 2973 2850 καὶ
3009 2797 3102 2848 τδν
3131 2796 3306 2866 Ἀδὰμ
3356 2797 3529 2870 ταύτῃ
3563 2799 3786 2862 συνεξα-

2205 2889 2479 2960 πατήσας,
2518 2887 2845 2959 παραϐάτας
2886 2887 2981 2941 τοῦ
3013 2887 3156 2941 θείου
3191 2889 3577 2960 παρεσκεύασε
3617 2891 3784 2952 νόμου

2207 2981 2560 3052 γεγενῆσθαι.
2610 2981 2777 3050 Λέγει
2811 2980 2920 3050 γὰρ
2949 2981 2982 3050 ή
3034 2981 3229 3051 Γραφὴ
3258 2983 3390 3052 περὶ
3416 2983 3615 3036 τούτου
3653 2979 3787 3037 ὦδεο

2213 3093 2232 3126 ι
2281 3075 2339 3127 Ὀ
2373 3073 2429 3126 δὲ
2453 3073 2578 3142 ὄφις
2606 3068 2674 3145 ἦν
2701 3071 3116 3143 φρονιμώτατος
3143 3073 3298 3141 παρά
3327 3073 3505 3126 πάντα
3528 3075 3598 3127 τὰ
3632 3074 3795 3144 Θηρέα

2209 3165 2309 3235 τῆς
2337 3164 2464 3233 γῆς,
2496 3163 2532 3218 ἃ
2571 3163 2794 3234 ἐποίησε
2820 3162 3026 3233 Κύριος
3052 3164 3080 3215 δ
3107 3163 3239 3225 Θεός
3272 3164 3342 3218 ⁸³.
3385 3183 3403 3215 ι
3442 3163 3711 3235 Φρόνιμος
3741 3166 3795 3218 δὲ

2210 3255 2415 3327 ἐκλήθη
2466 3258 2495 3308 ὁ
2518 3255 2662 3324 ὄφις,
2699 3255 2784 3307 ὄτι
2839 3253 2900 3306 τὺ
2946 3253 3164 3320 λογικὸν
3199 3253 3342 3318 ζῶον
3385 3253 3482 3306 τὸν
3509 3254 3800 3326 ἄνθρωπον

2210 3351 2306 3403 καὶ
2328 3348 2438 3401 τῶν
2469 3347 2644 3402 ἄλλων
2671 3345 2920 3417 ἀγχινοίᾳ
2965 3345 3294 3416 διαφέροντα
3334 3347 3615 3416 ἑξαπατᾷν
3636 3345 3797 3416 ἔμελ-

2210 3443 2322 3496 λεν.
2352 3436 2486 3494 Εἶτα
2513 3440 2756 3508 ἐπιλέγει
2781 3441 2847 3472 ’⁵ο
2883 3442 3025 3492 «Καὶ
3053 3436 3207 3492 εἶπεν
3233 3442 3260 3492 ὁ
3289 3441 3416 3508 ὄφις
3443 3442 3508 3510 τῇ
3540 3440 3794 3508 γυναικί·

2211 3533 2253 3587 Τ
2262 3532 2277 3583 ἱ
2334 3533 2422 3586 ὅτι
2483 3529 2635 3586 εἶπεν
2673 3532 2701 3584 6
2739 3531 2873 3594 Θεός
2896 3546 2910 3561 ·
2948 3533 3022 3584 Οὐ
3057 3531 3132 3602 μὴ
3169 3533 3386 3602 φάγητε
3441 3531 3548 3584 ἀπὸ
3597 3532 3797 3593 παντὸς

2215 3627 2371 3692 ξύλου
2407 3626 2500 3680 τοῦ
2535 3629 2592 3680 ἐν
2617 3625 2695 3696 τῷ
2739 3626 3056 3696 παραδείσῳ
3081 3644 3096 3690 ;
3125 3627 3235 3678 Καὶ
3274 3623 3432 3679 εἶπεν
3471 3630 3498 3696 ἡ
3537 3627 3678 3695 γυνὴ
3719 3626 3797 3695 τῷ

2213 3722 2334 3789 ὄφει
2353 3738 2368 3752 ⁸
2399 3721 2530 3774 Ἀπὸ
2560 3721 2759 3782 παντὸς
2781 3717 2940 3784 ξύλου
2958 3717 3051 3770 τοῦ
3072 3720 3130 3770 ὲν
3159 3719 3235 3789 τῷ
3258 3719 3562 3787 παραδεέσῳ
3581 3718 3792 3785 φαγού-

2217 3814 2386 3883 μεθα·
2417 3812 2524 3865 ἀπὸ
2545 3811 2600 3864 δὲ
2629 3811 2725 3864 τοῦ
2753 3809 2962 3880 καρποῦ
2989 3808 3083 3864 τοῦ
3119 3810 3286 3875 ξύλου,
3318 3812 3345 3861 ὅ
3370 3812 3514 3860 ἐστιν
3537 3811 3600 3860 ἐν
3633 3810 3790 3880 μέσῳ

2212 3903 2306 3956 τοῦ
2331 3903 2686 3972 παραδείσου,
2713 3897 2866 3954 εἶπεν
2889 3903 2918 3953 ὁ
2947 3901 3082 3964 Θεὸς
3104 3920 3117 3933 ·
3147 3903 3213 3953 υύ
3239 3901 3309 3969 μὴ
3323 3899 3529 3968 φάγητε
3555 3898 3653 3950 ἀπ’
3682 3899 3785 3950 αύ-

2210 3995 2326 4060 τοῦ,
2349 3995 2456 4048 οὐδ’
2475 3995 2536 4047 οὐ
2557 3994 2632 4064 μὴ
2656 3994 2867 4064 ἀψησθε
2892 3993 3080 4059 αὑτοῦ,
3111 3995 3196 4046 ἴνα
3220 3996 3291 4062 μὴ
3317 3991 3644 4059 ἀποθάνητε.
3668 3999 3698 4042 ι’
3721 4021 3788 4031 —-

2214 4083 2359 4157 τΑριι
2397 4086 2453 4139 δὲ
2491 4087 2588 4139 καὶ
2625 4088 2653 4138 ὀ
2682 4086 2805 4154 ὄφις
2846 4085 2924 4155 τῷ
2961 4085 3106 4139 κατά
3147 4084 3424 4153 προςορὲιν
3452 4083 3600 4152 λόγῳ
3629 4085 3792 4151 ἐχρή-

2215 4191 2378 4239 σατο;
2414 4175 2488 4227 Οὐ
2515 4175 2756 4239 πάντως,
2788 4174 2904 4226 ἀλλ’
2932 4176 2979 4226 οἱ
3005 4175 3445 4244 πρωτόπλαστοι,
3473 4173 3568 4225 ars
3597 4173 3796 4236 κακίας

2211 4266 2364 4329 ὄντες
2413 4267 2664 4335 ἀμιγεῖς,
2721 4265 3126 4335 ἀκριϐεστάτοις
3165 4261 3313 4333 εἶχον
3368 4267 3463 4327 τὰς
3513 4263 3795 4333 αἰσθήσεις

2212 4359 2306 4410 καὶ
2335 4358 2470 4412 πολὺ
2503 4360 2612 4411 τῶν
2647 4359 2934 4429 ἡμετέρων
2954 4358 3379 4421 διαλλαττούσας
3406 4359 3473 4421 ³⁵,
3505 4357 3649 4410 ὥστε
3697 4360 3794 4426 τὴν

2215 4448 2386 4519 ἀκοὴν
2435 4449 2618 4502 αὐτῶν
2655 4451 2835 4518 πάσης
2875 4450 3143 4519 ὑπάρχειν
3189 4453 3375 4517 φωνῆς
3422 4451 3794 4518 ἁκουστικήν·

2214 4540 2415 4594 καὶτὰ
2463 4540 2627 4612 θηρία
2685 4541 2780 4592 καὶ
2831 4539 2901 4592 τά
2950 4543 3121 4608 κτήνη
3170 4540 3352 4592 λαλεῖν
3411 4540 3559 4605 λέγει
3591 4539 3637 4568 ³⁸
3701 4539 3796 4608 μιᾷ

2207 4633 2426 4705 γλώσσῃ
2461 4635 2617 4696 ποτὲ,
2650 4634 2738 4685 ὅτε
2770 4631 2828 4684 δὲ
2874 4631 3046 4701 Ἀδάμ
3105 4631 3497 4702 κατεδικάσθη,
3542 4633 3664 4683 τότε
3705 4633 3796 4684 καὶ

2208 4727 2348 4779 αὑτά
2381 4725 2759 4796 πεφιμῶσθαι,
2789 4727 2881 4778 τὸν
2914 4724 2972 4777 δὲ
2997 4725 3124 4792 ὄφιν
3155 4724 3251 4777 καὶ
3283 4726 3408 4786 τοὺς
3433 4725 3600 4786 πόδας
3628 4726 3795 4792 ἀφαι-

2211 4819 2438 4890 ρεθῆναι
2465 4821 2558 4871 καὶ
2601 4819 2790 4888 ἕρπειν
2825 4819 2918 4871 ἐπὶ
2953 4817 3052 4885 τὴν
3081 4817 3205 4886 γῆν,
3256 4818 3348 4869 καὶ
3377 4818 3454 4868 ἱὸν
3500 4817 3650 4885 αὐτῷ
3703 4820 3794 4870 ἐπὶ

2208 4912 2307 4981 τὴν
2337 4912 2591 4980 γλῶσσαν
2614 4911 2918 4979 ἐντεθῆναι.
2947 4906 3082 4962 Εἶτα
3110 4911 3309 4978 ἐπάγει
3331 4926 3345 4939 ·
3379 4929 3396 4961 ι
3432 4911 3475 4941 ’⁷
3503 4911 3613 4962 Καὶ
3643 4907 3794 4962 εἶπεν

2218 5004 2247 5054 ὁ
2279 5003 2400 5072 ὄφις
2435 5007 2501 5073 τῇ
2539 5003 2798 5072 γυναικί·
2830 5003 2904 5055 Οὐ
2957 5002 3177 5072 θανάτῳ
3235 5002 3624 5067 ἀποθανεῖσθε,
3683 5005 3794 5073 ᾔδει

2215 5095 2324 5165 γὰρ
2357 5097 2384 5147 ὁ
2417 5095 2570 5158 Θεὸς,
2619 5095 2699 5147 ὅτι
2799 5092 2845 5124 ³⁸
2881 5092 2948 5146 ἂν
2993 5095 3180 5163 ἡμέρα
3219 5094 3433 5163 φάγητε
3479 5094 3578 5145 ἀπ’
3607 5093 3791 5157 αὑτοῦ,

2215 5190 2688 5260 διανοιχθὴσονται
2721 5187 2874 5258 ὑμῶν
2919 5188 2968 5240 οἱ
3015 5187 3308 5256 ὀφθαλμοὶ,
3351 5189 3446 5239 καὶ
3489 5188 3682 5240 ἔσεσθε
3724 5188 3793 5249 ὡς

2219 5283 2352 5350 θεοὶ,
2387 5283 2749 5353 γινώσκοντες
2787 5281 2951 5336 καλὸν
2992 5285 3086 5335 καὶ
3129 5281 3386 5351 πονηρόν.
3426 5282 3537 5334 Καὶ
3590 5277 3730 5334 εἶδεν
3765 5284 3791 5351 ἡ

1733 5443 1930 5505 γει-ἰὼ
1954 5442 2264 5506 lectiones
2305 5448 2366 5505 et
2405 5451 2597 5505 notae.

602 5596 644 5629 ¹⁹
674 5597 751 5660 ὡς
784 5595 1055 5666 προειδότ.
1089 5597 1214 5651 cod.
1238 5595 1313 5660 ὡς
1339 5594 1474 5666 πρὸς
1531 5594 1708 5648 εἰδότα
1762 5593 1826 5648 Ρ.
1851 5591 1914 5648 Τ.

533 5677 742 5734 matiu._
791 5667 841 5697 ³⁸
865 5667 1000 5734 Gen.
1035 5680 1118 5728 ιιι,
1153 5666 1266 5720 1-5.
1344 5666 1680 5734 υὲπιλλέγει
1707 5667 1824 5722 cod.

534 5747 616 5801 ut,
646 5731 765 5786 4-7.
843 5734 887 5765 "
918 5733 961 5785 δ’
993 5735 1114 5788 cod.

1908 5665 1950 5697 ³⁵
1980 5661 2266 5733 διαλλαγού
2278 5679 2373 5726 σας
2414 5661 2478 5716 Τ.

1992 5594 2036 5624 ὀ
2068 5591 2163 5644 καί
2189 5591 2311 5646 cod.
2357 5587 2538 5644 ὦστεῖ
2612 5589 2654 5658 ξι
2685 5589 2814 5643 τὸνῖ
2889 5591 2934 5620 ²²
2964 5588 3310 5658 ἐγκοπείσας
3333 5585 3460 5641 cod.
3492 5600 3524 5640 a
3559 5583 3791 5658 secunda

3585 5657 3627 5687 "
3664 5654 3790 5710 (lett.

2579 5657 2626 5690 "
2657 5660 2756 5716 scl.
2814 5660 2849 5730 ἡ
2875 5657 3102 5732 γραφήὲἳ
3147 5659 3228 5714 vel
3259 5657 3501 5726 λέγεται.
