4022 6234
345 337 484 405 1273

343 550 449 602 τοῖς
489 546 784 615 ὀφθαλμοῖς
832 547 958 599 ίδείν
987 546 1081 601 καὶ
1111 546 1314 616 ὡραῖόν
1345 548 1462 599 ἐστι
1505 546 1598 598 τοῦ
1652 546 1918 614 κατανοῆ-

1509 342 1965 404 Cl-IRONlCON.
2008 369 2077 381 —
2115 344 2261 402 LIB.
2307 341 2437 402 VII.

341 457 500 528 γυνὴ,
531 457 611 509 ὅτι
643 457 802 509 καλὸν
831 455 891 509 τὸ
923 457 1080 523 ξύλον
1113 459 1191 518 εἰς
1217 457 1422 527 βρῶσιν
1463 456 1555 510 καὶ
1579 458 1659 510 ὅτι
1691 456 1918 527 ἀρεστόν

2024 455 2375 508 comederunt
2397 495 2412 518 ,

3467 340 3601 404 1274

2487 463 2541 505 ct
2595 452 2764 520 aperti
2814 462 2944 506 sunt
2990 453 3133 507 oculi
3189 452 3499 517 amborum,
3546 463 3600 507 et

2025 554 2397 616 cognoverunt
2430 561 2486 599 se
2521 559 2643 599 esse
2677 545 2871 599 nudos.
2905 565 2923 597 ι

345 653 470 690 σαι·
496 639 590 690 καὶ
626 637 868 690 λαϐοῦσα
891 637 986 690 τοῦ
1008 638 1224 708 καρποῦ
1262 637 1427 691 αὑτοῦ
1458 637 1630 706 ἔφαγε
1667 637 1763 691 καὶ
1790 639 1958 692 ἔδωκε
1991 640 2086 692 καὶ
2111 639 2188 709 τῷ
2222 638 2376 708 ἀνδρὶ
2415 638 2606 707 αὐτῆς,
2642 636 2737 690 καὶ
2760 635 2983 703 ἔφαγον,
3017 636 3110 688 καὶ
3135 635 3520 705 διηνοίχθησαν
3555 643 3603 687 οι

339 730 609 799 ὀρθαλειοὶ
638 732 745 782 τῶν
773 732 886 796 δύο,
923 734 1016 785 καὶ
1042 731 1284 800 ἔγνωσαν
1316 733 1399 785 ὅτι
1431 732 1632 801 γυμνοὶ
1693 727 1852 799 ἦσαν.
1895 751 1912 784 ι

339 843 499 912 911
538 842 665 915 [ιε’]
717 847 813 911 Εἰς
859 845 947 909 τὸ,
995 846 1492 915 ινΔιηνοίχθησαν
1536 845 1589 897 οι
1623 844 1918 913 ὀφθαλμοὶ

977 914 1092 968 τῶν
1123 916 1252 969 δύο.
1281 935 1301 966 ι

416 1026 548 1096 057..
582 1025 656 1087 ὡς
691 1027 808 1080 τότε
857 1029 1276 1099 ἀναϐλεψάντων
1308 1031 1416 1082 τῶν
1456 1028 1918 1099 πρωτοπλάττων,

344 1120 560 1188 εἴρηται
596 1120 676 1184 τὸ,
713 1139 730 1170 ι
760 1122 1151 1193 Διηνοίχθησαν
1197 1123 1246 1176 οἱ
1283 1122 1553 1192 ὀφθαλμοὶ
1597 1125 1704 1174 τῶν
1744 1121 1860 1174 δύοο
1898 1141 1917 1174 ι

345 1209 660 1263 δείκνυνται
713 1212 821 1279 γὰρ
861 1214 958 1266 καὶ
1005 1215 1111 1284 πρὸ
1155 1216 1253 1284 τῆς
1285 1215 1542 1286 βρώσεως
1588 1214 1822 1284 ὁρῶντες
1856 1217 1918 1266 ἐκ

342 1301 436 1352 τοῦ
471 1301 724 1368 λέγεσθαι
747 1319 758 1334 ο
793 1322 810 1354 ι
852 1305 960 1358 Καὶ
989 1301 1128 1359 εἶδεν
1165 1309 1198 1377 ἡ
1223 1309 1379 1375 γυνὴ,
1417 1307 1499 1360 ὄτι
1538 1306 1700 1360 καλὸν
1732 1307 1790 1358 τὸ
1824 1305 1918 1370 ξύ-

345 1388 436 1440 λον
463 1391 540 1452 είς
576 1389 780 1461 βρῶσιν
815 1393 909 1446 καὶ
941 1393 1023 1448 ὅτι
1056 1396 1286 1465 ἀρεστόν
1332 1395 1444 1447 ἐστι
1474 1397 1587 1458 τοῖς
1625 1395 1925 1464 ὀφθαλμοῖς

349 1483 500 1550 ἰδεῖν,
541 1503 560 1537 ι
596 1485 713 1538 ἀλλ’
745 1485 820 1548 ὠς
847 1487 907 1540 τὸ
930 1489 1300 1558 ἀπειρόκακον
1332 1488 1690 1557 ἀποθεμένων
1713 1488 1802 1541 διὰ
1827 1488 1926 1558 τῆς

347 1577 739 1645 παραϐάσεως,
769 1579 952 1646 (ἓθϐδ)
983 1579 1010 1631 ὃ
1043 1581 1139 1632 καὶ
1168 1581 1268 1650 τὴν
1308 1580 1594 1650 γύμνωσιν
1626 1581 1924 1650 ἀδιάφορον

345 1668 621 1740 παρέσχεν
645 1685 658 1699 ·
693 1669 896 1739 ὲρῤέθη
923 1670 978 1722 δὲ
1008 1671 1090 1724 ὅτι
1122 1690 1140 1723 ι
1168 1672 1552 1742 διηνοίχθησαν
1579 1673 1628 1724 οἱ
1652 1671 1926 1740 ὀφθαλμοὶ

2075 845 2192 900 XV.
2237 843 2303 897 In
2346 845 2481 897 illud
2515 861 2533 898 .'
2572 863 2589 895 ι
2623 844 2810 913 Aperti
2840 852 2966 898 sunt
2997 842 3141 897 oculi
3174 843 3480 896 ambormn.
3509 859 3526 891 ι

2096 1033 2211 1088 Non
2259 1032 2404 1102 quod
2445 1032 2604 1102 primi
2654 1041 2908 1101 parentes
2951 1042 3078 1086 tunc
3106 1032 3289 1084 videre
3315 1029 3598 1100 coeperint,

2022 1126 2233 1181 dictum
2261 1134 2344 1179 est
2377 1143 2390 1178 :
2430 1145 2446 1176 ι
2471 1125 2653 1193 Aperti
2681 1135 2807 1178 sunt
2838 1124 2982 1178 oculi
3015 1124 3296 1176 amborum
3323 1139 3338 1186 ;
3379 1141 3395 1172 ι
3443 1121 3600 1174 exhi-

2027 1218 2226 1270 bentur
2258 1215 2404 1270 enim
2437 1223 2728 1284 antequam
2768 1214 3104 1268 comederint
3139 1213 3405 1275 videntes,
3437 1211 3604 1280 siqui-

2029 1309 2149 1362 dem
2188 1307 2389 1361 dicitur
2427 1324 2440 1360 :
2481 1325 2497 1357 ι
2529 1305 2593 1358 Et
2640 1307 2776 1360 vidit
2808 1306 2999 1358 mulier
3045 1303 3189 1373 quod
3226 1305 3426 1357 bonum
3458 1309 3602 1355 esset

2027 1403 2229 1471 lignum
2274 1401 2342 1455 ad
2388 1399 2722 1454 vescendum
2757 1408 2811 1452 et
2863 1398 3152 1468 pulchrum
3181 1396 3356 1450 oculis
3407 1396 3472 1448 ad
3523 1395 3605 1447 vi-

2024 1492 2259 1548 dendum
2294 1512 2309 1545 :
2351 1511 2370 1544 ι
2429 1491 2523 1545 sed
2583 1490 2730 1559 quod
2805 1504 2900 1558 per
2956 1497 3235 1556 peceatum
3292 1486 3604 1540 amisissent

2025 1585 2152 1638 mali
2204 1584 2626 1646 iminnnitalem,
2679 1597 2798 1650 qua:
2831 1579 3182 1632 nudationem
3226 1577 3482 1631 reddebat
3517 1577 3604 1629 in-

2027 1674 2393 1729 diﬂerentem.
2435 1674 2650 1728 Dictum
2680 1681 2762 1726 est
2787 1681 2967 1725 autem
3007 1687 3020 1723 :
3061 1669 3283 1737 (Aperti
3316 1669 3602 1722 suntoculi

345 1762 526 1814 αὐτῶν
561 1765 627 1813 ”.
656 1783 674 1814 ι
719 1762 935 1831 Πέφυκε
966 1761 1074 1834 γάρ
1105 1765 1132 1814 ὁ
1183 1763 1460 1833 ὀφθαλμὸς
1509 1763 1656 1827 ἆπας
1699 1764 1804 1816 ὑπὸ
1826 1763 1919 1816 τοῦ

2027 1765 2311 1818 amborum
2349 1782 2362 1816 :
2409 1783 2428 1816 ι
2470 1764 2609 1818 solet
2637 1762 2780 1815 enim
2815 1759 3006 1815 oculus
3031 1759 3210 1813 omnis
3242 1758 3450 1811 ratione
3483 1773 3604 1810 ωο-

347 1851 611 1922 λογισμοῦ
643 1852 1011 1922 διεγείρεσθαι
1048 1854 1183 1924 πρὸς
1227 1853 1262 1908 ἃ
1294 1855 1481 1924 βλέπει
1503 1871 1516 1884 ⁵
1570 1854 1784 1907 σύνεσιν
1817 1857 1928 1923 γὰρ

349 1945 508 2006 αὐτὸς
557 1945 680 1997 καθ’
726 1946 920 1998 ἑαυτὸν
969 1947 1068 1998 οὐκ
1116 1949 1252 2018 ἔχει,
1285 1947 1425 2001 ὥστε
1473 1946 1754 2012 πολλάκις,
1789 1949 1925 2018 πρὸς

347 2037 512 2107 ἔτερα
528 2037 624 2107 τῆς
647 2038 887 2102 διανοίας
907 2039 1335 2112 ἀσχολουμένης,
1355 2040 1555 2110 τυφλοῦ
1579 2041 1732 2111 δίκην
1755 2042 1923 2094 ἐνίοτε

346 2129 738 2199 παρερχόμεθα
790 2131 885 2185 καὶ
934 2133 994 2184 τὸ
1028 2133 1167 2186 πάνυ
1218 2132 1653 2202 γνώριμον·κα“ι
1701 2131 1923 2185 ἐπειδὰν

345 2219 702 2292 ἑγκληθῶμεν
729 2225 792 2294 τῇ
825 2225 1048 2295 ἀσχολίᾳ.
1079 2224 1172 2278 τοῦ
1201 2223 1485 2294 λογισμοῦ,
1514 2223 1574 2276 τὸ
1599 2223 1769 2276 αἴτιον
1795 2224 1925 2276 ἀναο

344 2312 585 2376 mosius;
643 2313 1084 2385 ἀπολογούμεθα.
1132 2316 1319 2378 Οὕτως
1373 2311 1466 2368 οῦν
1509 2313 1681 2380 Ἀδὰμ
1739 2312 1833 2365 καὶ
1885 2314 1917 2381 ἡ

345 2402 457 2456 libat
482 2406 546 2474 τῇ
579 2405 830 2474 αἰσθήσει
858 2405 950 2458 τοῦ
974 2406 1066 2459 νοῦ
1089 2408 1226 2477 πρὶς
1255 2407 1352 2476 τὴν
1375 2406 1496 2474 ὄψιν
1521 2403 1880 2475 διεγέρθησαν
1904 2418 1918 2432 ’

341 2495 402 2547 τὸ
431 2495 561 2564 γάρ,
596 2513 614 2546 ι
642 2496 924 2562 Ἐγνωσαν
966 2497 1047 2549 ὅτι
1101 2499 1300 2565 γυμνοὶ
1347 2491 1541 2567 ﬁnxi,»
1577 2494 1920 2564 ἀποκάλυψιν

344 2584 598 2655 σημαίνει
632 2584 730 2656 τὴν
751 2586 1117 2656 ἐγγενομένην
1145 2587 1224 2655 τῷ
1255 2587 1552 2656 στολισμῷ,
1577 2587 1677 2639 οὐκ
1693 2585 1920 2638 άνάϐλε·

339 2675 431 2744 φιν
453 2675 772 2746 ὀφθαλμῶν.
792 2676 1131 2747 Λεχθήσεται
1163 2677 1220 2729 δὲ
1247 2677 1487 2742 κάκεῖνο,
1518 2677 1599 2730 ὃτι
1622 2676 1725 2747 πρὸ
1752 2676 1796 2707 ³⁰
1820 2675 1920 2744 τῆς

343 2765 630 2830 ἀπαθείας,
648 2766 838 2837 ἐπειδὴ
868 2768 1058 2838 καιρὸν
1078 2769 1178 2820 οὐκ
1202 2763 1315 2839 εἶχε
1335 2769 1402 2822 τὰ
1425 2769 1526 2839 τῆς
1547 2769 1916 2832 παιδοποιίας,

341 2859 440 2912 οὐκ
465 2858 672 2911 ἐδέδοτο
700 2859 742 2890 ³⁸
774 2859 920 2929 παρὰ
943 2859 1077 2912 θεοῦ
1101 2861 1133 2931 ή
1166 2861 1551 2931 παρατήρησις
1583 2861 1682 2930 τῆς
1701 2861 1921 2929 γυμνὼ-

345 2967 500 3015 σεως,
527 2950 662 3004 ἀλλὰ
706 2951 893 3020 διῆγον
938 2952 1014 3016 ὡς
1045 2952 1298 3023 ἄσαρκος,
1328 2953 1596 3023 σαρκικῆς
1629 2953 1919 3018 διαθέσεως

343 3041 494 3095 οὔπω
528 3043 721 3113 καιρὸν
748 3043 960 3114 ἔχοντες
983 3062 996 3076 ο
1034 3045 1222 3115 ἐπειδὴ
1247 3045 1302 3098 δὲ
1326 3047 1356 3117 ή
1396 3045 1651 3100 ἀπείθεια
1680 3047 1920 3116 ἐπισυμ-

2029 1855 2139 1910 veri
2173 1854 2241 1909 ad
2273 1870 2333 1908 ea
2367 1869 2487 1922 qua:
2525 1853 2742 1922 aspicit,
2796 1866 2920 1904 nam
2963 1866 3028 1904 ex
3060 1850 3239 1918 scipsu
3268 1848 3601 1901 intellectum

2029 1962 2136 2001 non
2171 1946 2366 2010 habet;
2397 1945 2468 1998 ita
2497 1956 2556 1998 ut
2583 1960 2746 2012 suepc,
2783 1941 3141 2011 intelligentia
3185 1941 3236 1994 in
3269 1940 3392 1993 aliis
3437 1940 3603 1993 rebus

2027 2047 2312 2107 occupata,
2368 2039 2498 2090 czcci
2550 2037 2725 2090 instar
2775 2035 3289 2104 prmtergrediamnr
3340 2030 3602 2086 neunulla

2028 2134 2246 2201 cognitu
2297 2132 2558 2185 facillima
2592 2149 2607 2186 :
2645 2139 2699 2184 ct
2731 2130 2950 2198 quando
3001 2143 3349 2187 accusantur.
3403 2124 3600 2178 mentis

2025 2224 2433 2278 distractionem
2465 2236 2782 2276 causamur.
2840 2218 2930 2273 Sic
2959 2217 3206 2272 Adamus
3239 2227 3290 2270 et
3316 2215 3425 2269 Eva
3473 2231 3602 2270 sen-

2025 2315 2235 2370 satione
2291 2313 2600 2366 intellectus
2640 2312 2706 2366 ad
2756 2311 2930 2364 risum
2985 2307 3204 2362 excitati
3237 2285 3426 2372 'sunt,
3473 2319 3600 2359 nam

2024 2405 2186 2460 verba
2232 2422 2248 2459 :
2294 2423 2311 2456 ι
2342 2404 2728 2474 Cognoverunt
2763 2418 2820 2456 se
2866 2415 2985 2456 esse
3014 2398 3213 2462 nudos,
3243 2418 3261 2450 ι
3317 2398 3603 2466 designant

2025 2497 2416 2551 revelationcm
2449 2495 2502 2549 in
2539 2503 2720 2547 mente
2754 2491 2977 2556 factam,
3015 2507 3122 2546 non
3157 2499 3434 2558 asliectum
3470 2505 3600 2542 ocu-

2026 2588 2225 2644 lorum.
2287 2585 2511 2641 Accedit
2561 2585 2694 2638 illud
2743 2583 2929 2652 quod,
2982 2591 3106 2636 ante
3149 2579 3599 2642 inobedientiam,

2024 2694 2147 2732 cum
2223 2678 2401 2731 locum
2476 2691 2585 2730 non
2643 2675 2868 2730 haberet
2917 2675 3214 2728 liberarunt
3271 2671 3597 2743 procreatio,

2023 2785 2132 2824 non
2168 2769 2292 2824 data
2325 2775 2482 2823 erant
2513 2785 2544 2822 a
2580 2767 2686 2823 Deo
2719 2766 2984 2821 nuditatis
3021 2765 3282 2836 tegmina,
3316 2765 3407 2819 sed
3447 2764 3595 2816 vive-

2023 2860 2154 2915 bant
2185 2860 2328 2914 velut
2356 2860 2473 2915 sine
2501 2875 2688 2921 carne,
2720 2860 2786 2913 ad
2820 2859 3068 2913 carnales
3099 2857 3326 2911 allectus
3355 2855 3596 2910 nondum

2022 2953 2280 3017 excitati;
2312 2963 2599 3022 postquam
2632 2968 2760 3004 vero
2792 2949 3166 3004 inobedienlia
3203 2948 3416 3002 induxit
3450 2962 3597 3000 moro

2025 3043 2307 3109 talitalem,
2338 3044 2533 3097 merito
2562 3042 2822 3112 deinceps
2871 3042 2977 3096 illis
3012 3040 3213 3094 inditus
3241 3049 3324 3094 est
3368 3054 3493 3108 erga
3539 3053 3599 3092 se

343 3133 485 3187 ϐᾶσα
507 3135 566 3188 τὸ
580 3136 771 3206 θνητὸν
788 3138 1067 3208 ἐπήγαγεν
1085 3139 1148 3204 ³²,
1171 3137 1398 3201 εἰκότως
1417 3137 1477 3189 τὸ
1497 3137 1681 3191 λοιπὸν
1698 3137 1917 3208 ἐνεδόθη

2024 3136 2252 3190 invicem
2312 3137 2506 3206 pudor,
2563 3150 2627 3189 ae
2675 3136 2910 3203 denique
2951 3133 3456 3187 animadverterunt
3520 3147 3599 3185 se-

337 3227 550 3291 τούτοις
571 3229 603 3297 ἡ
622 3227 756 3298 πρὸς
773 3228 1034 3298 ἀλλήλους
1057 3228 1216 3292 αίδώς
1235 3245 1253 3264 ο
1275 3229 1368 3282 καὶ
1389 3230 1674 3300 νενοήκασι
1694 3228 1818 3282 ὕστε
1827 3247 1920 3300 ρον

340 3316 450 3369 τῶν
483 3320 780 3388 σχημάτων
823 3320 923 3390 τὴν
952 3320 1216 3390 διαφοράν
1251 3320 1732 3392 προθεωρηθεῖσαν
1767 3323 1813 3354 ³³
1839 3321 1920 3392 τῷ

339 3410 606 3462 π’άσαντι
642 3412 776 3481 πρὸς
805 3413 866 3464 τὸ
883 3414 1179 3481 ἀναγκαῖον
1197 3413 1292 3482 τῆς
1315 3413 1566 3484 διαδοχῆς
1589 3413 1681 3466 τοῦ
1705 3415 1915 3482 γένους.

569 3544 713 3618 [ις’]
744 3547 880 3615 Περὶ
909 3547 1026 3601 τῶν
1048 3549 1298 3617 φύλλων
1323 3548 1433 3617 τῆς
1456 3549 1679 3620 συκῆς.

412 3682 458 3712 ⁸⁵
489 3681 733 3752 Γυμνοὺς
773 3679 866 3736 οῦν
905 3682 1063 3748 ὅντας
1108 3684 1334 3748 ἑαυτοὺς
1371 3684 1686 3753 αίσθόμενοι
1716 3685 1760 3716 ³⁵
1793 3685 1820 3738 ὅ
1858 3701 1918 3736 τε

353 3771 523 3843 Ἀδὰμ
560 3774 653 3826 καὶ
692 3776 725 3846 η
770 3774 881 3842 Εὕα
915 3776 1055 3844 μετὰ
1086 3775 1186 3840 τὴν
1219 3777 1558 3846 παράϐασιν,
1597 3778 1662 3829 ὲκ
1705 3775 1919 3844 φύλλων

343 3865 514 3932 συκῆς
552 3883 570 3916 ι
603 3865 868 3936 ἐποίησαν
896 3866 1111 3930 ἑαυτοῖς
1137 3867 1520 3938 περιζώματα,
1556 3887 1573 3920 ι
1613 3868 1922 3938 αἰνιττόμε-

339 3971 422 4006 νοι
449 3955 537 4008 διὰ
561 3955 656 4008 τοῦ
688 3956 847 4022 ξύλου
892 3959 985 4010 τον
1013 3961 1215 4029 τρόπον
1257 3961 1356 4028 τῆς
1389 3962 1794 4031 κακοπραγίας.
1830 3961 1918 4023 Ὠς

341 4046 450 4115 γὰρ
480 4046 606 4114 ἡδὺς
629 4048 658 4099 ὁ
687 4047 898 4116 καρπὸς
930 4049 1028 4118 τῆς
1067 4050 1263 4113 συκῆς,
1294 4053 1466 4119 τραχὺ
1502 4052 1558 4102 δὲ
1588 4053 1682 4104 καὶ
1709 4049 1920 4116 πικρῶ-

337 4154 501 4190 τατον
529 4137 590 4189 τὸ
615 4137 780 4208 912
814 4138 1032 4206 φύλλον,
1069 4139 1240 4200 οὕτως
1286 4141 1436 4193 πᾶσα
1477 4140 1724 4209 ἁμαρτία
1765 4143 1822 4191 ὲν
1850 4142 1916 4208 τῇ

340 4229 538 4300 πράξει
569 4229 846 4284 δείκνυται
890 4231 1068 4299 ἡδεῖα,
1112 4229 1250 4300 μετὰ
1279 4230 1336 4283 δὲ
1365 4231 1462 4298 τὴν
1492 4229 1691 4300 πρᾶξιν
1723 4229 1918 4299 ὀδύνην

342 4323 576 4390 παρέχει
619 4321 698 4390 τῷ
751 4322 1078 4391 πεπραχότι.
1125 4322 1190 4374 Τί
1239 4315 1334 4374 οὖν
1385 4320 1550 4374 πάλιν
1600 4322 1632 4389 ἡ
1689 4320 1916 4389 Γραφή;

2023 3244 2190 3282 xuum
2224 3227 2515 3282 discrimen
2562 3242 2593 3281 a
2629 3225 2739 3280 Deo
2771 3226 3049 3294 provisum
3097 3225 3167 3279 ob
3212 3223 3594 3279 necessitatem

2022 3319 2386 3375 successionis
2415 3318 2850 3389 generatiouum.

2500 3545 2543 3597 Χ
2557 3543 2639 3599 Vl.
2678 3544 2751 3598 De
2774 3543 2917 3613 [aliis
2949 3543 3100 3612 ﬁcus.

2095 3679 2166 3733 Se
2203 3678 2368 3748 igitur
2403 3678 2580 3732 nudos
2612 3692 2736 3731 esse
2766 3676 3131 3746 percipientvs
3187 3675 3355 3728 Adam
3378 3682 3430 3726 it
3489 3671 3600 3724 [ira

2022 3782 2145 3843 post
2173 3782 2480 3843 peccatum,
2517 3769 2585 3826 de
2618 3770 2764 3824 foliis
2794 3769 2930 3823 ﬁcus
2967 3785 2984 3817 ι
3012 3767 3258 3822 fecerunt
3291 3765 3392 3819 sibi
3431 3765 3597 3818 vestio

2025 3875 2226 3928 menta,
2271 3886 2288 3917 ι
2322 3865 2424 3918 hac
2481 3863 2679 3918 arbore
2718 3863 3014 3916 innuentes
3061 3867 3312 3912 naturam
3367 3853 3596 3925 peccati.

2023 3956 2177 4014 Sicut
2214 3957 2358 4012 enim
2393 3957 2532 4012 ﬁcus
2550 3955 2729 4011 dulcis
2766 3964 2849 4008 est
2889 3953 3126 4014 fructus,
3165 3963 3423 4018 asperum
3451 3960 3598 3999 ama-

2024 4052 2414 4120 rissimumque
2445 4048 2636 4103 folium
2665 4065 2680 4113 ;
2741 4047 2821 4101 sic
2850 4060 3011 4099 omne
3042 4055 3324 4112 peccatum
3370 4041 3422 4093 in
3471 4046 3598 4092 actu

2021 4144 2235 4196 videtur
2265 4143 2446 4206 dulce,
2483 4151 2604 4206 post
2633 4148 2817 4193 actum
2875 4153 3000 4192 vero
3045 4137 3291 4191 dolorem
3344 4133 3501 4187 aﬂ‘ert
3549 4133 3600 4187 ei

2021 4235 2112 4303 qui
2149 4234 2299 4287 fecit.
2352 4233 2495 4298 Quid
2527 4232 2691 4300 igitur
2721 4231 2918 4285 iterum
2949 4229 3080 4284 dicit
3115 4227 3450 4298 Scriptura?
3481 4247 3499 4278 ι
3533 4225 3598 4280 Et

2027 4327 2324 4381 audierunt
2364 4339 2551 4378 vocem
2584 4323 2798 4377 Domini
2835 4322 3242 4376 deambulanlis
3270 4322 3321 4373 in
3345 4319 3602 4389 paradiso

347 4428 367 4461 ι
398 4411 443 4441 ³⁸
477 4413 585 4464 Καὶ
611 4413 850 4482 ἥκουσαν
879 4413 975 4483 τῆς
1007 4413 1188 4484 φωνῆς
1223 4413 1432 4484 Κυρίου
1474 4411 1567 4464 τοῦ
1591 4411 1726 4464 Θεοῦ
1759 4428 1915 4483 περι-

2027 4429 2148 4489 post
2185 4418 2495 4482 meridiem,
2545 4426 2600 4471 et
2629 4415 3033 4470 absconderunt
3067 4431 3124 4470 se
3158 4413 3331 4468 Adam
3363 4422 3418 4465 et
3464 4424 3596 4464 uxor

343 4503 639 4567 πατοῦντος
688 4505 746 4557 ἐν
783 4504 860 4572 τῷ
890 4505 1206 4576 παραδείσῳ
1250 4507 1308 4558 τὸ
1339 4505 1587 4572 δειλινὸν,
1637 4506 1727 4558 καὶ
1755 4506 1917 4575 ἐκρύ-

345 4595 537 4664 ϐησαν,
563 4595 591 4647 ὃ
619 4612 679 4647 τε
719 4597 891 4666 Ἀδὰμ
919 4597 1014 4649 καὶ
1042 4598 1074 4668 ἡ
1106 4599 1243 4668 γυνὴ
1275 4598 1440 4650 αὑτοῦ
1472 4631 1537 4640 -
1565 4598 1623 4651 ἐν
1661 4599 1810 4668 μέσῳ
1827 4597 1919 4650 τοῦ

343 4687 500 4752 ξύλου
535 4689 627 4742 τοῦ
667 4690 1020 4760 παραδείσου,
1066 4708 1084 4740 ι
1127 4692 1266 4761 μετὰ
1292 4689 1353 4742 τὸ
1393 4689 1652 4760 τόλμημα
1686 4693 1765 4753 εἰς
1797 4707 1924 4745 συν-

341 4779 594 4848 αίσθησιν
641 4782 887 4845 ἐλθόντες
945 4782 1038 4836 τοῦ
1117 4785 1497 4852 πταίσματος,
1551 4784 1628 4856 τῷ
1687 4785 1918 4856 κριτικιῖ

342 4872 672 4942 κρατοῦνται
719 4875 869 4946 φόϐῳ
923 4878 1020 4930 καὶ
1061 4877 1402 4948 κρύπτεσθαι
1428 4877 1470 4908 ³⁷
1518 4876 1610 4931 τὸν
1655 4877 1924 4945 άλάθητον

347 4965 621 5034 ὀφθαλμὸν
657 4969 752 5020 καὶ
799 4969 1187 5036 παραιτοῦνται
1216 4969 1315 5038 τὴν
1351 4969 1574 5038 πρόοδον
1601 4967 1695 5020 καὶ
1722 4967 1918 5020 ἀναδύ-

343 5075 491 5110 ονται
520 5059 620 5128 τὴν
653 5061 1018 5131 παράστασιν.
1065 5059 1221 5112 Οῦτω
1254 5061 1309 5112 δὲ
1341 5062 1540 5123 αὐτοὺς
1583 5059 1921 5129 κεκλονημέ-

344 5167 466 5214 νους
499 5152 604 5206 ὑπὸ
641 5153 735 5207 τοῦ
770 5154 921 5216 δέους
963 5153 1299 5223 θεασάμενος
1327 5155 1680 5207 ἀνακαλεῖται
1703 5153 1778 5214 ὡς
1828 5169 1929 5204 πα-

2019 4511 2140 4579 ejus
2170 4510 2222 4562 in
2258 4509 2437 4563 medio
2475 4507 2604 4577 ligni
2646 4505 2906 4576 paradisi.
2945 4525 2962 4556 ι
2991 4505 3114 4559 Post
3150 4505 3362 4558 facinus
3383 4501 3598 4570 culpam

2021 4601 2318 4657 sentientes
2370 4598 2612 4668 jndiccm
2664 4599 2983 4659 formidant,
3057 4610 3223 4664 seque
3268 4590 3598 4646 abscondere

2021 4699 2276 4762 quaerunt
2314 4692 2383 4744 ab
2417 4691 2577 4746 oculo
2628 4689 2915 4756 ontniscio,
2973 4697 3028 4742 et
3079 4687 3197 4756 ejus
3247 4693 3598 4752 conspectum

2022 4788 2384 4855 deprecantur
2412 4795 2464 4838 et
2498 4785 2714 4855 fugiunt
2735 4783 3105 4855 praesentiam.
3131 4780 3281 4846 Quos
3303 4787 3452 4832 tanto
3477 4789 3600 4844 per-

2023 4882 2205 4936 culsos
2241 4883 2435 4934 timore
2467 4880 2657 4933 videns
2706 4877 2847 4932 Deus
2883 4884 3040 4929 vocat
3082 4882 3140 4927 ut
3195 4881 3345 4940 pater
3385 4868 3598 4922 miseri--

2019 4986 2161 5034 cors,
2197 4979 2250 5024 et
2280 4971 2414 5024 dicit
2451 4987 2465 5024 :
2506 4988 2523 5020 ι
2562 4968 2756 5032 Adam,
2795 4967 2991 5030 Adam,
3035 4965 3125 5018 ubi
3167 4963 3267 5018 es?
3296 4982 3312 5014 ι
3350 4960 3453 5026 Qui
3489 4959 3594 5012 ait:

2028 5081 2045 5113 ι
2086 5061 2284 5117 Vocem
2349 5071 2497 5115 tuam
2551 5060 2728 5114 audivi
2779 5057 3180 5114 deambulantis
3237 5056 3288 5108 in
3325 5051 3600 5124 paradiso,

2026 5164 2081 5209 et
2121 5154 2273 5207 timui
2306 5169 2372 5207 eo
2396 5151 2542 5222 quod
2582 5152 2761 5207 nudus
2790 5166 2992 5217 essem,
3034 5159 3088 5205 et
3110 5146 3365 5202 abscondi
3390 5158 3497 5198 me.
3537 5159 3558 5192 ι

340 5249 446 5318 τὴρ
477 5249 828 5322 φιλόστοργος
854 5253 883 5304 ὀ
914 5253 1046 5313 Θεὸς
1077 5251 1168 5304 καί
1201 5268 1370 5320 φησι·
1413 5270 1430 5304 ι
1488 5253 1681 5324 Ἄδαμ,
1734 5253 1923 5321 Ἀδὰμ,
1970 5253 2072 5306 ποῦ
2104 5247 2155 5305 εἴ
2189 5252 2232 5282 ³⁸
2263 5268 2278 5316 ;
2315 5270 2332 5301 ι
2394 5251 2507 5305 Καὶ
2560 5245 2715 5303 εἷπεν
2765 5249 2951 5318 αὐτῷ·
2997 5267 3015 5300 ι
3089 5247 3200 5316 Τῆς
3257 5244 3442 5315 φωνῆς
3499 5257 3596 5293 σου

343 5339 553 5411 ηκουσα
581 5344 1010 5414 περιπατοῦντος
1038 5347 1096 5398 ὲν
1124 5347 1202 5414 τῷ
1231 5345 1564 5416 παραδείσῳ,
1600 5347 1696 5400 καὶ
1719 5345 2017 5416 ἐφοϐήθην,
2057 5347 2141 5400 ὃτι
2179 5344 2386 5414 γυμνός
2417 5346 2554 5414 εἰμι,
2587 5343 2679 5397 καὶ
2709 5340 2978 5414 ὲκρύϐην.
3016 5358 3038 5393 ι

1538 5513 1730 5574 Varia:
1766 5512 2076 5576 lectiones
2127 5517 2188 5572 et
2246 5518 2430 5573 notw.

416 5673 459 5703 ”
491 5671 670 5724 αὐτῶν
695 5671 744 5722 τί
774 5670 819 5722 ό.
849 5669 900 5722 ἁ.
939 5670 1058 5721 cod.

347 5741 640 5795 θεωθεῖσαν
669 5745 787 5795 cod.
869 5742 1073 5794 1“lien.
1111 5757 1188 5807 ιιι,
1233 5742 1282 5794 7.
1383 5742 1674 5810 ³⁸,αίτθοεμ
1719 5743 1839 5797 cod.

1136 5671 1179 5701 ³⁸
1203 5669 1394 5740 πρῴην
1425 5669 1480 5723 l'.
1527 5671 1628 5723 Th.
1656 5701 1724 5713 —--
1749 5673 2016 5734 ἀπαθείας
2049 5671 2172 5727 cod.
2249 5671 2289 5702 "

1136 5757 1188 5796 ιι.
1233 5742 1282 5794 7.
1383 5742 1674 5796 ³⁸,αξτθοέμ
1719 5743 1839 5796 cod.
1917 5743 1959 5775 ιε
1994 5744 2130 5796 Gen.
2166 5758 2248 5796 nt.
2278 5742 2310 5796 8

1870 5796 1884 5812 _
1917 5758 1959 5775 σε
1994 5758 2130 5802 non.
2166 5758 2248 5810 ni,
2278 5758 2329 5798 δ.

2249 5671 2289 5702 ³¹
2319 5670 2447 5724 ἐδιδ.
2488 5667 2613 5724 cod.

2691 5669 3077 5740 ".émiYiYsro
3102 5667 3157 5722 ι.
3191 5667 3303 5740 Tn.
3326 5735 3342 5740 Α
3371 5668 3416 5701 ³³
3446 5682 3582 5740 προ.

2410 5743 2450 5773 ³⁷
2479 5739 2681 5794 οἴονται
2723 5737 2782 5794 Ρ.

2863 5740 2906 5772 ³⁸
2941 5740 3073 5796 Gen.
3108 5754 3189 5807 ιιι,
3236 5735 3371 5805 ηιῡ.
