2030 3152
100 259 1737 290 W

535 422 1058 502 PROLEGOM
1071 422 1291 502 ENA.

772 664 896 694 CAPUT
918 664 1082 696 PRIMUM.

93 758 137 793 De
157 760 300 800 Georgio
335 759 486 790 monacho
509 758 593 790 dicto
616 759 805 790 Hamartolo
833 764 860 789 et
884 758 920 788 de
955 758 1232 790 continuatort‘bus
1256 758 1390 797 ejusdem
1413 763 1441 788 et
1472 760 1740 800 exscriptoribus.

131 842 227 880 [IvV‘]
247 842 261 878 θ
280 842 306 869 I.
331 842 530 870 Constantinus
542 842 599 876 jam
617 841 894 877 Porphyrogennetus
917 842 988 869 hanc
1005 839 1115 876 Georgii
1140 841 1267 868 monachi
1291 841 1549 877 Chronograpliiam
1567 845 1699 879 excerpsit
1716 845 1742 871 iu

99 888 193 916 codice
208 886 343 914 Vaticano
359 885 393 913 N.
412 886 494 918 IIIS,
513 894 542 920 p.
559 885 631 918 I75;
650 886 730 920 cujus
756 885 838 912 verba
860 884 894 912 de
915 884 1037 912 Chosroe
1053 893 1079 919 p.
1095 885 1148 912 565
1166 885 1298 913 editionis
1334 891 1437 914 nostrae
1453 888 1632 914 inveniuntur
1648 888 1744 916 conie-

95 933 183 959 rcnda
213 938 274 958 cum
304 931 360 957 illis
397 937 457 966 qua;
486 937 514 965 p.
549 929 635 956 XXIII
665 929 729 964 (col.
763 928 810 962 26)
845 928 891 955 illo
918 935 933 955 e
974 929 1068 956 codice
1096 929 1302 964 exscripsimus.
1335 930 1459 958 Alterum
1503 931 1688 966 fragmentum
1723 941 1738 959 a

100 975 360 1010 Porphyrogenneto
381 981 397 1002 e
422 974 483 1001 Vita
507 973 609 1000 Leonis
630 973 718 1000 Isauri
737 972 764 999 in
782 972 878 999 codice
892 971 1027 1000 Vaticano
1044 972 1114 1001 1246
1129 973 1149 1000 I‘.
1166 973 1201 1000 40
1224 974 1365 1002 laudatum
1386 975 1448 1003 vide
1479 983 1508 1011 p.
1528 975 1580 1003 629
1612 976 1742 1004 editionis

100 1019 185 1053 hujus
198 1019 224 1046 in
240 1026 294 1053 qua
309 1017 399 1045 solum
418 1017 584 1052 adjectivum
605 1016 799 1052 Ἀτραμιτινδν
813 1016 998 1043 desideratur.

135 1063 240 1096 Georgii
258 1063 313 1089 loci
331 1070 345 1088 a
365 1061 447 1097 Glyca
473 1061 577 1088 laudati
602 1061 630 1088 in
656 1065 752 1087 nostro
772 1061 842 1087 libro
865 1060 955 1095 primo
978 1065 1005 1088 et
1032 1061 1060 1088 in
1086 1062 1209 1089 secundo
1229 1069 1254 1090 c.
1273 1061 1307 1089 14
1325 1062 1428 1090 diserte
1442 1063 1588 1098 leguntur;
1608 1072 1662 1092 non
1678 1072 1744 1092 vero

96 1107 205 1142 Georgii
222 1106 345 1142 Syncelli
361 1111 435 1137 sunt,
451 1106 498 1141 qui
514 1105 598 1132 Kaini
614 1112 726 1131 uxorem
741 1112 768 1139 p.
789 1105 824 1131 II
838 1104 953 1131 Assuam
970 1109 1061 1137 vocat,
1083 1112 1138 1132 non
1159 1106 1279 1132 Azuram
1304 1110 1333 1132 ut
1353 1105 1453 1142 Glycas
1468 1106 1616 1142 Georgium
1633 1112 1743 1136 secutus

94 1159 120 1186 ρ.
138 1151 204 1183 221;
220 1151 292 1178 idem
308 1158 337 1185 p.
353 1150 407 1177 ⁸225
420 1149 486 1176 dicit
504 1158 511 1176 :
536 1149 567 1175 '0
581 1149 609 1176 δὲ
626 1148 764 1184 Γεώργιος
772 1148 875 1184 οἰκτρῷ
890 1149 895 1173 l

942 1149 1000 1184 άτῳ
1014 1150 1177 1184 τελευτῆσαι
1191 1150 1237 1176 τὸν
1251 1150 1322 1177 Κάῖν
1336 1150 1430 1185 φησίν,
1447 1150 1589 1186 Syncellus
1602 1159 1668 1179 vero
1686 1152 1719 1180 I9
1734 1162 1740 1179 :

95 1195 165 1222 Κάῖν
181 1195 320 1222 ἀπέθανεν
339 1194 511 1229 ὲμπεσὸντος
533 1193 577 1219 ἐπ’
600 1192 683 1219 αὑτὸν
701 1193 779 1219 οἴκου
792 1195 800 1207 ⁸
822 1193 870 1220 sed
886 1192 896 1219 (

939 1194 1019 1229 «rgias
1045 1197 1138 1220 uoster
1165 1202 1193 1229 p.
1217 1192 1234 1220 5
1259 1199 1286 1221 et
1304 1194 1374 1221 hanc
1394 1199 1421 1221 et
1439 1195 1601 1222 deteriorem
1626 1200 1740 1224 mortem

95 1238 193 1271 refert,
212 1239 261 1266 scl.
278 1239 312 1265 ab
331 1238 392 1273 ipso
408 1238 464 1265 tilio
481 1237 561 1264 Kaini
589 1237 704 1264 illatam.
725 1236 824 1272 Clyeas
846 1244 873 1271 p.
896 1237 949 1264 294
979 1237 1113 1272 jejunium
1139 1244 1155 1264 e
1179 1237 1299 1271 Georgio
1321 1243 1457 1266 memorat
1480 1239 1579 1274 Moysis
1605 1240 1743 1274 octoginta

95 1284 205 1311 dierum
221 1285 431 1314 continuorum,
449 1282 522 1316 quod
537 1281 767 1316 clironographus
784 1282 960 1309 manaincus
975 1282 1081 1316 primus
1097 1282 1282 1309 calculaverat
1301 1289 1328 1316 p.
1345 1282 1390 1315 85,
1411 1289 1473 1309 cum
1489 1282 1634 1318 Syncellus
1650 1291 1676 1318 p.
1688 1283 1743 1310 ιὶῦἱὸ

95 1327 168 1354 duas
183 1332 289 1354 tantum
304 1326 543 1361 quadragesimas,
561 1326 608 1352 sed
624 1324 694 1352 inter
712 1331 742 1351 se
756 1325 901 1352 distinctas
922 1325 1031 1354 habeat.

134 1371 213 1408 [VI]
235 1371 292 1407 ἐξ.
312 1371 437 1404 Scriptor
458 1370 515 1404 ipse
541 1377 571 1396 se
591 1369 749 1395 monac/ium
765 1370 869 1404 pluries
892 1369 1029 1405 signiﬁcat
1054 1370 1107 1404 (cc.
1133 1370 1252 1403 CXVIII,
1276 1369 1371 1403 CXIX,
1398 1370 1529 1405 CLXXV,
1552 1371 1684 1404 CLXXX,
1712 1373 1741 1403 3.

98 1415 189 1447 CXCI,
212 1417 240 1446 ὅ,
262 1416 308 1448 IO,
331 1413 449 1444 CXCIV.
468 1414 495 1445 5,
512 1412 618 1446 CXCV,
635 1413 662 1444 5,
680 1412 822 1445 CXCVIII,
839 1413 865 1445 7,
885 1414 899 1440 9

938 1414 974 1446 10,
996 1413 1050 1446 CC,
1063 1415 1090 1447 5,
1110 1415 1137 1447 4,
1156 1415 1200 1446 I9,
1217 1415 1294 1447 t‘CV,
1308 1415 1387 1448 9-I"2,
1402 1415 1516 1448 CCVIII,
1532 1416 1592 1447 4-7,
1611 1415 1739 1448 CCXXV,

100 1459 285 1491 6,CCXXVI,
312 1463 387 1491 nota,
420 1457 576 1489 CCXXXII,
600 1457 625 1489 9,
650 1456 816 1489 CCXXXIII,
838 1458 866 1488 2,
892 1457 1101 1492 CCLI-CCLIII,
1132 1459 1178 1491 52,
1198 1458 1311 1493 CCLIV,
1328 1459 1355 1491 I,
1380 1458 1493 1492 CCLVI,
1516 1459 1540 1493 I,
1556 1459 1670 1492 CCLIX,
1696 1460 1741 1494 II,

101 1501 263 1534 CCLXVIII,
285 1503 318 1533 5,
334 1507 362 1529 et
375 1502 484 1537 quidem
500 1501 597 1528 deserti
614 1500 739 1528 Ritritici
753 1501 879 1536 (CXCIV,
895 1502 934 1536 5).

139 1546 197 1582 μ.
213 1547 416 1574 Alexandrinus
434 1545 486 1573 fuit
504 1545 639 1581 Georgius
664 1546 817 1573 monachus
842 1551 889 1573 aut
912 1546 1129 1573 Alexandrinum
1152 1547 1315 1582 scriptorem
1337 1552 1401 1575 ante
1424 1555 1522 1575 omnes
1539 1548 1690 1581 consuluit,
1718 1549 1742 1576 si

106 1591 265 1618 mentionem
287 1591 372 1625 hujus
390 1590 465 1617 urbis
485 1595 512 1618 et
535 1589 649 1625 [Egypti
674 1590 775 1624 saepius
799 1591 906 1617 caeteris
928 1590 1057 1617 omnibus
1082 1589 1182 1617 iactam
1200 1591 1359 1619 consideras
1380 1592 1436 1627 (ex.
1453 1599 1495 1626 gr.
1512 1599 1554 1619 cc.
1568 1592 1598 1624 C,
1612 1591 1740 1624 CLXXV,

100 1632 266 1666 CLXXXIII,
288 1633 429 1666 CXCVIII,
446 1633 500 1666 CC,
517 1633 595 1665 CCV,
620 1634 664 1666 I2,
687 1633 826 1666 CCXXIII,
843 1634 887 1667 II,
903 1634 1032 1668 CCXXV,
1048 1634 1188 1668 CCXXV],
1206 1635 1233 1666 5,
1249 1634 1392 1670 CCXXX).
1410 1636 1490 1663 Certe
1504 1635 1739 1671 Constantinopo-

98 1678 206 1705 litanus
227 1686 283 1705 non
304 1678 362 1711 fuit,
389 1685 451 1705 cum
473 1683 570 1705 contra
594 1678 965 1712 Conslantinopolitauorum
989 1677 1288 1713 Caesareo-papismum
1309 1683 1337 1705 ct
1359 1678 1555 1706 iconoclasiam
1572 1685 1738 1707 consensum

98 1722 178 1749 orbis
196 1721 342 1749 Christiani
356 1722 384 1749 in
401 1722 589 1749 testimonium
608 1721 705 1748 afferat
719 1729 744 1749 c.
760 1721 886 1754 CCLXII,
905 1722 951 1754 26,
969 1722 1096 1757 quamvis
1112 1723 1207 1750 urbem
1225 1723 1328 1758 regiam
1347 1722 1381 1750 ad
1397 1722 1534 1750 idolorum
1548 1729 1575 1750 et
1588 1724 1740 1752 monacho-

98 1775 158 1794 rum
176 1767 281 1794 cultutn
297 1767 317 1777 "
333 1774 472 1794 reversam
492 1774 516 1793 c.
534 1765 671 1799 CCLXIII,
687 1766 704 1793 5
720 1765 875 1801 Theupolin
888 1766 1024 1793 nominet.

135 1810 196 1846 ει.
213 1811 244 1838 In
266 1810 441 1845 Prwfatione,
469 1810 550 1845 cujus
582 1810 699 1838 formula
736 1810 932 1837 introductoria

940 1830 944 1842 ,
971 1811 1002 1836 0t
1031 1809 1084 1843 ἔξω
1110 1810 1170 1837 κτλ.
1203 1817 1247 1845 pp.
1276 1809 1318 1843 76,
1348 1810 1400 1838 546
1432 1815 1459 1838 et
1484 1811 1545 1844 469,
1564 1811 1597 1838 de
1624 1811 1741 1844 scripto-

97 1856 176 1883 ribus
191 1855 374 1882 saecularibus
389 1862 404 1881 a
422 1847 634 1889 clirouographo
649 1853 809 1881 Christiano
825 1854 969 1887 repetitur,
986 1855 1139 1881 monachus
1152 1859 1244 1881 noster
1261 1854 1313 1886 vel,
1333 1859 1362 1881 ut
1380 1855 1438 1889 ipse
1452 1863 1467 1882 c
1481 1863 1557 1882 more
1574 1855 1646 1882 inter
1661 1855 1736 1882 viros

99 1900 304 1928 ecclesiasticos
321 1899 424 1927 usitato
438 1907 467 1926 se
487 1904 629 1934 nuncupat
645 1899 684 1934 (4,
698 1900 737 1933 8),
752 1900 766 1925 ὁ
789 1898 978 1933 Ἀμαρτωὶὺς,
992 1898 1125 1932 promittit
1137 1906 1167 1925 se
1177 1906 1247 1934 opus
1266 1906 1346 1925 suum
1366 1905 1486 1934 quatuor
1500 1899 1578 1926 libris
1590 1900 1734 1927 absolutu-

99 1953 172 1976 rum,
190 1952 311 1979 quorum
336 1945 451 1971 ultimus
467 1945 649 1979 imperatores
663 1943 838 1970 Christianos
861 1942 988 1969 exhibeat
1011 1942 1073 1969 inde
1093 1949 1108 1969 a
1133 1943 1224 1976 primo
1248 1942 1430 1971 Constantino
1454 1951 1535 1978 usque
1555 1943 1589 1971 ad
1611 1943 1738 1971 ultimum

101 1988 286 2023 (τελευταίου,
304 1988 341 2016 cl".
353 1997 382 2023 p.
399 1988 474 2023 225),
493 1995 576 2023 quem
591 1987 710 2022 scriptor
725 1991 840 2015 noverat
862 1985 1021 2013 Michaelem
1040 1985 1086 2018 III,
1101 1986 1143 2013 vel
1162 1986 1253 2020 potius
1269 1994 1358 2022 usque
1379 1987 1413 2014 ad
1430 1988 1582 2015 restitutum
1598 1987 1742 2014 monac/io-

103 2041 158 2060 rum
177 2035 300 2061 ordinem
322 2033 360 2069 (p.
378 2033 418 2067 Ξ),
438 2039 461 2060 et
477 2033 625 2068 imaginum
640 2032 740 2059 cultum
755 2040 769 2059 a
785 2031 902 2059 concilio
918 2031 983 2057 anni
1006 2029 1059 2057 842
1075 2031 1170 2057 iterum
1186 2031 1344 2058 stabilitum.

134 2077 184 2105 Hic
202 2078 375 2105 orthodoxiae
387 2082 550 2105 reslauratm
565 2085 656 2104 annus
672 2077 806 2104 terminus
830 2083 886 2103 non
901 2075 1001 2108 soium.
1018 2076 1064 2102 sed
1082 2076 1164 2102 etiam
1181 2076 1242 2103 Iiuis
1267 2075 1474 2104 conscribendas
1486 2075 1608 2105 historia:
1620 2077 1739 2115 Georgio

104 2124 245 2150 monacho
259 2122 321 2154 fuit,
338 2123 412 2149 sicut
424 2125 537 2156 apparet
553 2129 567 2148 c
582 2121 721 2155 capitibus
731 2119 856 2152 CCXL",
874 2119 918 2151 I5.
937 2119 1095 2152 CCXLVIII,
1112 2120 1209 2151 10--15,
1228 2120 1271 2151 I5,
1285 2119 1413 2152 CCLXII,
1428 2120 1473 2148 I8.

139 2165 155 2201 ᾗ
170 2166 197 2193 5.
212 2165 270 2200 Ipse
285 2173 352 2193 vero
369 2166 440 2192 haud
460 2165 505 2192 diu
522 2170 581 2200 post
598 2165 652 2192 haec
672 2170 791 2199 tempora
813 2164 930 2199 scripsit,
953 2167 1026 2200 quod
1042 2164 1170 2199 colligere
1186 2164 1250 2192 licet
1264 2164 1291 2190 I°
1306 2172 1339 2191 ex
1356 2172 1389 2191 eo
1409 2165 1481 2198 quod
1498 2165 1615 2200 scriptor
1627 2165 1740 2193 Cracus

98 2209 249 2238 Romanam
265 2210 415 2237 Ecclesium
428 2218 484 2244 pra:
499 2208 631 2237 Orientali
656 2209 690 2237 al)
715 2209 897 2236 Icouoclastis
920 2214 1078 2243 corruptam
1098 2209 1204 2240 extulit,
1217 2212 1245 2235 et
1261 2208 1372 2242 quidem
1397 2208 1479 2235 talem
1501 2208 1528 2235 in
1554 2209 1665 2236 modum
1691 2211 1738 2246 qui

99 2258 225 2290 tempore
242 2254 382 2282 Photiano
409 2253 481 2287 (inde
498 2255 532 2281 ab
547 2262 574 2281 a.
591 2253 658 2288 854)
683 2254 737 2285 vel,
763 2253 883 2280 Ecclesia
909 2251 1039 2279 Orientali
1065 2259 1126 2279 cum
1150 2251 1273 2279 Romana
1296 2251 1454 2284 dimicante,
1482 2253 1596 2287 cogitari
1622 2254 1740 2288 amplius

98 2300 205 2335 nequit.
225 2298 328 2326 Confer
357 2298 439 2325 etiam
465 2306 493 2333 p.
523 2298 576 2326 276
607 2297 769 2325 traditiones
798 2297 936 2324 Romanas
957 2304 972 2324 a
993 2296 1096 2324 Crazcis
1110 2295 1245 2328 diversas,
1263 2296 1309 2323 sed
1327 2296 1388 2324 ideo
1405 2296 1520 2324 minime
1536 2296 1620 2334 [VII]
1637 2298 1739 2332 impro-

102 2344 181 2371 Iiatas
195 2351 203 2376 ;
219 2343 249 2370 2ο
264 2343 336 2377 quod
358 2350 386 2378 p.
404 2342 455 2370 654
474 2343 629 2369 litterarum
648 2343 766 2369 studium
786 2341 834 2368 sub
853 2341 982 2368 Micltaele
999 2345 1022 2368 et
1047 2340 1185 2368 Theodoro
1211 2345 1366 2367 renovatum
1390 2348 1452 2368 esse
1473 2341 1585 2374 dicitur,
1602 2350 1663 2376 qua:
1680 2343 1739 2370 laus

99 2387 154 2420 jam
169 2386 300 2414 Michaeli
317 2387 380 2413 inde
395 2386 430 2413 ab
446 2394 473 2413 a.
495 2386 547 2413 856
571 2387 632 2413 siue
656 2391 742 2413 matre
763 2386 889 2421 regnanti
909 2386 1027 2421 amplius
1052 2393 1106 2412 non
1131 2384 1324 2412 conveniebat.
1352 2385 1380 2412 5·
1398 2384 1618 2413 Vindobonensis
1634 2391 1738 2413 tantum

99 2430 237 2466 praefatio,
261 2437 275 2456 a
295 2437 379 2456 manu
395 2430 498 2457 recenti
519 2434 682 2463 restaurata,
700 2437 762 2457 cum
775 2429 900 2456 versioni'

937 2437 949 2456 s
971 2428 1123 2456 Slavouicis
1144 2428 1359 2463 τελευτήσαντος
1381 2435 1432 2463 pro
1455 2427 1612 2455 τελευταίου
1638 2429 1737 2461 habet;

100 2475 174 2500 unde
184 2473 292 2501 Badius
305 2474 343 2509 (in
361 2473 523 2508 praefatione
534 2474 567 2501 ad
586 2473 709 2501 Malelam
728 2481 755 2509 p.
772 2472 869 2500 LXXV
878 2473 922 2500 ed.
935 2473 1099 2507 Bonnensis)
1117 2472 1218 2508 aliique
1232 2472 1419 2508 coniecerunt,
1431 2479 1501 2506 opus
1515 2473 1588 2508 quod
1604 2473 1631 2500 in
1643 2480 1670 2500 a.
1685 2472 1741 2500 849

100 2517 220 2550 desierit,
248 2525 304 2545 non
332 2525 394 2545 esse
419 2518 542 2552 ejusdem
569 2518 714 2553 scriptoris
741 2517 788 2553 qui
817 2525 906 2553 usque
928 2517 960 2544 ad
977 2516 1116 2544 Michaelis
1136 2522 1264 2548 mortem.
1283 2517 1333 2544 scl.
1349 2524 1436 2552 usque
1450 2517 1483 2544 ad
1502 2524 1527 2544 a.
1546 2516 1599 2544 868
1612 2515 1737 2551 progredi

103 2561 241 2588 voiuisset.
257 2562 326 2595 Quae
341 2561 503 2596 conjectura
516 2569 578 2589 cum
593 2563 669 2589 nullo
685 2562 739 2589 alio
753 2569 835 2597 quam
861 2561 986 2589 lectionis
1003 2560 1223 2589 Vindoboneusis
1235 2565 1264 2588 et
1278 2560 1428 2589 Slavonicte
1443 2560 1621 2588 fundamento
1635 2561 1738 2587 nitatur

100 2609 200 2632 contra
217 2606 390 2640 optimorum
417 2605 545 2633 codicum
565 2606 725 2639 lectionem,
749 2608 778 2633 ιι
798 2606 880 2633 etiam
904 2607 1031 2634 clausula
1056 2605 1255 2641 antiquissimae
1275 2605 1453 2633 Coisliuianaa
1465 2605 1550 2640 (154),
1566 2603 1697 2631 Palatinae
1711 2607 1739 2629 et

97 2646 259 2683 llosquensi
285 2652 434 2683 repugnat,
452 2657 515 2684 qua
537 2655 600 2684 post
619 2650 733 2678 relatam
754 2650 889 2686 synodum

936 2651 968 2678 ini
984 2650 1037 2678 84‘2
1048 2651 1161 2678 adnotat
1176 2658 1182 2677 :
1197 2650 1270 2681 Ἔως
1286 2647 1337 2676 ᾆδε
1351 2649 1398 2676 τοῦ
1419 2647 1570 2683 Γεωργίου,
1588 2647 1643 2674 ἀπὸ
1660 2647 1737 2675 τοῦδε

95 2692 146 2719 τοῦ
161 2692 314 2727 amoma
348 2693 387 2728 (p.
407 2693 480 2728 72I).
510 2693 588 2726 Quod
609 2694 631 2721 si
665 2702 728 2722 vero
762 2695 788 2721 in
814 2694 867 2722 Iino
890 2693 896 2720 1

936 2693 951 2720 .'i
974 2693 1061 2729 quinti
1080 2694 1119 2728 (p.
1141 2693 1206 2726 851)
1223 2693 1332 2727 legitur,
1361 2691 1524 2719 Τετέλεσται
1556 2692 1603 2718 καὶ
1631 2691 1666 2718 τὰ
1690 2689 1737 2718 τοῦ

94 2736 266 2771 Annos-rw,
292 2736 358 2764 inde
376 2738 505 2772 sequitur
522 2738 595 2765 hunc
610 2738 701 2765 solum
718 2738 831 2772 librum,
845 2745 900 2765 non
919 2746 984 2765 vero
1000 2736 1034 2765 IV
1050 2737 1157 2773 priores
1173 2737 1329 2772 LogOtheta
1347 2742 1417 2769 esse,
1434 2734 1514 2771 cujus
1534 2735 1630 2764 relatio
1643 2735 1739 2764 eodem

125 2845 393 2882 '_Paginancditionis
407 2847 598 2882 Petropolitame
609 2849 649 2873 hic
666 2849 779 2882 numeris
791 2849 906 2882 Romanis
923 2849 1034 2878 inclusis,
1049 2850 1073 2872 at
1088 2847 1111 2873 in
1136 2850 1206 2882 textu
1224 2846 1308 2882 Graeco
1327 2845 1438 2882 Arabicis
1458 2846 1631 2882 grandioribus
1649 2850 1741 2877 τερπν-

91 2880 232 2909 natantur
259 2878 330 2903 Sciat
351 2883 435 2904 autem
453 2878 554 2907 Lector.
574 2881 653 2905 lineas
669 2886 717 2904 non
731 2879 761 2904 :b
774 2879 846 2904 initio
857 2880 979 2905 columnae
991 2884 1093 2909 nostra,
1106 2880 1149 2903 sed
1161 2879 1218 2903 inde
1234 2885 1252 2909 ar
1264 2878 1467 2909 citl‘ragraudiori
1486 2879 1662 2908 computandas
1675 2884 1740 2901 esse.

127 2908 148 2918 "
172 2908 250 2933 Verba
268 2910 313 2934 vin
331 2910 398 2934 docti
415 2913 442 2934 et
455 2911 488 2934 de
506 2911 575 2936 nobis
593 2911 658 2935 bene
676 2911 758 2935 meriti
775 2918 824 2936 nou
842 2915 974 2941 mutamus,
991 2913 1033 2935 sed
1049 2916 1130 2935 nustrti
1148 2916 1196 2934 non
1208 2908 1319 2934 facimus.
1332 2908 1399 2933 Eutr.
1418 2909 1491 2934 Pun.

263 2954 402 2984 Parnm.
427 2955 474 2985 GR
508 2957 558 2987 CX
567 2979 574 2984 .
1537 2952 1550 2982 1
