2030 3152
280 134 307 166 ii
948 142 1240 175 PROLEGOMENA.
1877 155 1906 186 l!

283 192 363 218 modo
381 191 460 218 tinem
481 192 579 219 habere
592 191 701 224 dicitur,
719 200 773 228 quo
790 193 898 229 Georgii
922 196 983 222 linis
1002 195 1147 225 indicatur.
1173 199 1199 226 5"
1215 200 1420 235 Antii/uiuimus
1436 204 1552 230 vinnium
1574 205 1704 238 codicum,
1719 207 1901 236 Coislinianus

278 235 340 268 3l0,
358 236 450 264 seculi
467 243 493 267 ι,
512 235 583 262 sicut
598 241 624 262 et
637 236 807 264 l’arisienscs
823 237 891 265 1705
907 245 932 266 ct
949 239 1028 273 i706,
1046 245 1144 275 praeter
1158 247 1277 277 quatuor
1289 244 1376 271 libros
1389 245 1415 271 in
1431 253 1457 272 a.
1474 246 1527 273 842
1540 235 1703 278 desinentes
1711 235 1778 279 nihil
1793 235 1905 279 omnino

277 282 390 313 habent,
406 286 487 314 atque
503 280 579 307 solus
599 282 644 316 qui
665 289 752 316 usque
767 281 909 310 Michaelis
925 282 958 309 111
979 284 1010 311 ad
1026 290 1139 312 mortem
1154 288 1266 321 produci
1283 289 1384 317 dicitur
1401 289 1577 326 Oxoniensis,
1597 295 1814 324 continuatOrem
1843 305 1903 325 cum

277 325 383 352 caneris
401 325 543 352 codicibus
558 326 680 353 exhibet.
697 341 732 346 —
750 326 777 354 6°
791 326 944 354 Notandum
965 333 1007 355 est
1023 329 1049 355 in
1072 332 1231 358 enarrandis
1247 333 1323 359 rebus
1344 342 1360 360 a
1379 333 1463 361 Leone
1481 334 1596 363 Armeno
1610 337 1766 374 (813-820),
1782 340 1906 368 Hic/tacte

276 368 296 393 ll
312 367 455 402 (820-829)
474 373 498 395 et
516 368 656 403 Theophila
674 369 817 404 (829-842)
837 372 916 405 gestis
933 372 1076 406 scriptore!

1110 376 1226 402 maxime
1242 376 1370 410 di/fusum
1383 386 1465 411 esse;
1482 379 1509 405 in
1534 379 1603 407 Vitis
1616 382 1811 417 imperatorum
1836 393 1903 419 pra-

273 412 440 442 cedentium,
458 420 575 446 quorum
593 414 705 448 a-qualis
720 422 774 442 non
798 414 858 446 fuit.
881 415 967 442 multo
986 417 1150 444 breviorem.
1181 418 1224 445 Cl.
1243 420 1353 454 quidem
1383 419 1491 456 longam
1518 423 1551 449 de
1575 412 1720 459 originibus
1749 412 1904 455 manas-licia

272 456 468 490 digressionem
510 457 548 492 (p.
566 456 630 490 212,
656 457 732 493 268),
758 463 880 493 tempore
905 460 1149 488 lconomachorum
1182 467 1208 488 et
1231 463 1339 496 quidem
1366 468 1427 498 post
1458 456 1671 496 Constantinum
1698 469 1899 506 Copronymum

271 499 413 533 scriptam,
432 499 479 534 qui
496 501 648 528 monachos
667 507 758 536 utpote
772 503 921 538 imaginum
940 505 1091 531 acerrimos
1119 503 1276 532 defensores
1297 506 1367 533 hand
1389 507 1481 535 minus
1501 509 1679 545 impngnasse
1701 499 1900 548 dicitur'quam

270 543 344 577 ipsas
362 543 510 578 imagines;
527 544 587 578 ejus
603 552 667 571 vero
684 546 795 573 ultimos
811 547 838 573 in
855 554 948 575 annos
961 547 1101 582 (765-775)
1119 549 1194 582 plura
1210 549 1313 577 cadunt
1323 558 1442 585 quorum
1453 543 1634 582 traditionem
1650 561 1793 590 paternam
1811 543 1901 592 potius

269 593 352 621 quam
379 587 422 614 sui
442 587 528 621 ipsius
551 589 741 615 testimonium
765 590 884 624 scriptor
906 590 985 617 affert
1009 591 1045 625 (c.
1061 591 1199 623 CCXLI”,
1216 593 1320 627 54-40).
1346 595 1373 620 7°
1391 594 1526 630 Theophili
1549 587 1792 634 autern—mqualem
1811 587 1901 630 luisse

270 630 359 665 colligi
374 631 472 664 poterit
498 638 513 657 e
539 638 563 658 c.
589 631 730 664 CCXXIV,
758 632 803 658 16.
823 646 858 651 -
882 633 909 660 8°
925 633 1061 677 idolorum
1089 635 1231 669 gentilium
1250 637 1368 670 cultum,
1396 646 1476 673 quem
1501 630 1698 677 hellenismum'
1723 649 1810 677 vocat,
1838 654 1898 673 cum

269 674 369 708 sacpius
383 673 530 701 refutasset
547 673 683 709 Georgius
701 675 753 709 (cc.
772 674 892 709 lV—Vi'll,
910 676 1002 708 CXCI,
1020 676 1070 709 CC.

1098 678 1241 723 Ltzitxvn,
1259 680 1303 723 te,
1319 680 1473 714 ccxxxv,
1493 683 1536 716 ιδ,
1553 684 1596 717 I4,
1615 672 1779 719 cc’XLVIn,
1795 672 1899 723 to,;'.'o'

267 717 358 744 acrius
382 715 479 753 [vni]
504 719 656 753 imaginum
682 718 902 746 Christianarum
924 720 1027 764 cultum
1044 720 1165 748 defendit
1186 723 1221 755 (c.
1243 722 1325 755 cxv,
1342 724 1432 757 CXCI,
1445 715 1594 758 ccxxvn
1607 715 1900 764 cchvnnccctn,

266 759 402 794 CCLXII).
431 760 508 788 Unde
534 762 651 789 elIicitur
676 769 738 789 curn
768 763 825 790 haec
846 763 991 798 scripsisse
1016 764 1061 798 qui
1079 765 1122 790 vix
1140 765 1333 800 triumphantes
1351 768 1479 803 imagines
1499 770 1593 798 viderit
1609 759 1767 808 earumque
1784 759 1899 803 alterani

265 804 436 832 eversionem
452 803 581 832 omnibus
598 805 688 833 modis
702 806 902 840 prohibendam
919 806 970 833 sibi
988 808 1173 841 proposuerit.

302 872 354 907 §6.
372 872 432 907 Ipse
448 868 638 908 seﬂractatunt
652 873 684 899 de
705 872 871 900 Paulicianis
896 873 1040 918 scripsisse
1066 873 1208 908 proﬁtetur
1227 878 1262 909 (c.
1284 876 1472 913 CCXXXVIII,
1492 881 1536 912 i4,
1556 881 1611 916 48),
1631 891 1646 910 e
1665 891 1719 918 quo
1733 884 1897 912 relationem

265 915 362 943 iisdem
389 916 423 943 de
445 916 571 944 sectariis
599 915 664 944 Vita:
682 917 811 951 Pogonati
830 917 957 944 inseruit.
975 917 1038 944 Haec
1057 923 1147 945 autem
1169 922 1195 944 et
1217 927 1279 953 qua:
1302 922 1335 946 de
1361 921 1468 949 Manete
1486 925 1580 952 retulit
1593 915 1727 960 Georgius
1742 928 1773 956 C.
1789 928 1896 960 CLXII,

264 959 361 988 Petrus
376 959 497 994 Siculus,
512 961 558 996 qui
575 961 608 988 de
621 960 787 989 Paulicianis
799 961 873 989 circa
890 968 915 987 a.
933 960 985 987 870
1000 961 1121 997 scripsit,
1139 962 1284 997 rcpetiisse
1301 963 1409 991 videtur
1423 966 1571 1000 πῶϋ-66,
1585 959 1705 996 164861
1721 969 1755 997 50
1769 971 1899 1000 editionis

264 1003 425 1032 Itaderianae
441 1004 602 1041 lngolstudii
620 1004 698 1032 1604.

299 1061 312 1096 ᾗ
332 1061 358 1088 7.
375 1060 476 1089 Prteter
493 1061 574 1088 libros
595 1069 611 1088 a
628 1061 740 1097 Georgio
757 1066 903 1096 excerptas,
918 1061 1006 1090 editos
1021 1067 1048 1090 et
1068 1063 1199 1096 ineditos,
1216 1072 1286 1100 quos
1302 1070 1445 1093 auctorum
1464 1067 1555 1094 tabula
1576 1070 1740 1102 rcccnscbit,
1758 1072 1805 1099 se-l
1828 1080 1898 1107 quo-

262 1112 322 1132 rum
338 1105 431 1133 nullus
446 1103 632 1140 Nicephorum
650 1105 680 1141 (ir
691 1105 755 1141 829)
770 1107 889 1138 excedit,
906 1106 1133 1142 chronographus
1148 1113 1243 1136 noster
1265 1117 1332 1137 usus
1351 1117 1410 1137 esse
1426 1111 1532 1138 \idetur
1548 1114 1656 1147 scriptis
1673 1115 1707 1141 ab
1720 1115 1780 1148 ipso
1794 1103 1896 1144 diserte

263 1156 317 1176 non
339 1149 468 1181 laudatis,
485 1156 530 1176 ex.
545 1157 586 1184 gr.
602 1157 627 1176 c.
643 1149 736 1183 XCIV,
750 1150 776 1181 5,
793 1150 840 1177 ubi
855 1150 932 1178 testis
947 1151 1074 1179 oculatus
1087 1153 1152 1180 anni
1174 1154 1227 1181 570
1248 1154 1383 1190 loquitur,
1402 1163 1426 1182 c.
1442 1155 1574 1184 CXXVIII
1592 1159 1636 1184 ubi
1653 1159 1817 1195 quingentos
1834 1166 1893 1188 tan-

262 1196 319 1220 tum
339 1200 426 1220 annos
443 1192 506 1220 inde
525 1193 559 1220 al)
572 1192 695 1220 Adriano
712 1193 873 1228 imperatore
894 1194 1003 1229 elapsos
1021 1202 1165 1225 enumerat
1180 1199 1252 1226 alius
1269 1199 1399 1234 scriptor.

297 1249 350 1286 58.
367 1249 444 1282 Quod
464 1256 529 1277 vero
549 1250 688 1284 scriptoris
705 1249 820 1277 indolem
845 1251 954 1283 attinet,
975 1252 1001 1278 in
1027 1253 1071 1286 iis,
1090 1260 1151 1288 quae
1169 1253 1266 1288 quinto
1291 1253 1362 1281 libro
1383 1259 1409 1281 et
1433 1257 1612 1290 sequentibus
1631 1258 1760 1292 leguntur
1776 1261 1802 1288 1·
1817 1261 1894 1290 nulla

258 1295 317 1322 loca
332 1295 485 1327 bibliorum,
515 1293 627 1321 Patrum
653 1294 901 1323 ecclesiasticarum
926 1297 1099 1332 aliorumque
1119 1305 1201 1330 usque
1219 1298 1253 1324 ad
1270 1298 1449 1331 Nicephorum
1476 1299 1506 1334 (λι-
1518 1300 1580 1336 829)
1603 1303 1760 1337 scriptorum
1782 1306 1894 1334 laudata

258 1339 435 1366 inveniuntur
455 1345 516 1374 quae
532 1339 633 1374 ubique
648 1339 683 1366 IV
698 1339 793 1373 primis
809 1340 836 1366 in
852 1340 929 1368 libris
945 1340 1024 1367 obvia
1047 1346 1120 1372 sunt,
1141 1341 1213 1368 sicut
1225 1342 1281 1376 jam
1300 1347 1444 1370 auctorum
1463 1344 1544 1371 index
1563 1347 1709 1380 ostendet;
1726 1356 1811 1384 neque
1831 1356 1893 1385 post

258 1390 284 1409 a.
300 1382 353 1410 843
371 1383 550 1410 inveniuntur
562 1391 711 1417 paramese;
730 1383 783 1410 illae
797 1384 970 1418 dogmaticte,
987 1385 1128 1417 polemicte
1141 1390 1168 1412 et
1183 1387 1314 1419 morales,
1333 1395 1403 1422 quas
1421 1388 1480 1422 ipse
1497 1388 1630 1424 Georgius
1648 1382 1892 1429 nominatdig‘res-

257 1426 350 1453 siones
370 1427 408 1461 (p.
423 1426 466 1458 5|,
485 1427 546 1458 151,
564 1427 628 1457 150.
642 1427 707 1458 206,
721 1427 784 1459 255,
797 1428 860 1461 285,
876 1429 938 1461 527,
955 1429 1018 1472 529,
1032 1429 1093 1461 552,
1113 1430 1177 1462 556,
1192 1431 1256 1463 557,
1273 1431 1338 1464 562,
1352 1432 1416 1464 569,
1429 1432 1492 1465 415,
1509 1434 1572 1466 420,
1588 1436 1651 1468 150,
1667 1436 1729 1468 456,
1744 1426 1890 1472 482⁵485,

257 1470 319 1502 511,
337 1469 399 1502 518,
416 1470 477 1501 572,
495 1470 557 1502 581,
575 1470 637 1502 591,
649 1471 711 1503 597,
724 1471 788 1503 598,
806 1471 869 1503 604,
883 1471 945 1504 640,
961 1471 1022 1505 645,
1039 1473 1054 1500 6

1088 1475 1101 1505 η,
1115 1474 1177 1506 686,
1190 1474 1253 1507 689,
1269 1475 1332 1508 692,
1344 1475 1407 1508 694,
1420 1476 1483 1510 703,
1500 1477 1574 1513 πιο).
1589 1478 1669 1507 Deest
1687 1481 1749 1508 inde
1760 1489 1775 1508 a
1789 1469 1889 1516 quinto

255 1513 326 1540 libro
350 1514 395 1540 illa
417 1515 592 1541 enumerandi
616 1515 754 1541 methodus
778 1515 804 1541 in
827 1516 1045 1550 argumentando
1066 1525 1081 1544 a
1101 1517 1217 1552 Georgio
1243 1519 1344 1553 saepius
1366 1520 1490 1547 adhibita
1507 1521 1546 1556 (p.
1563 1522 1590 1553 6,
1610 1513 1887 1558 82,12ι1,157,252,

255 1557 319 1590 501,
336 1557 399 1590 562,
413 1558 475 1590 527,
496 1557 568 1593 607).
590 1557 661 1585 Sunt
678 1558 733 1585 alia
756 1558 836 1593 plura
852 1567 912 1593 quae
932 1559 1056 1594 scriptore

1106 1563 1225 1589 omnium
1247 1567 1364 1597 quatuor
1388 1565 1508 1598 priorum
1530 1565 1660 1593 librorum
1681 1570 1801 1594 eumdem
1823 1576 1887 1597 esse

255 1602 399 1634 erincant;
415 1609 440 1629 ν.
457 1610 482 1629 c.
501 1602 594 1628 eadem
618 1603 651 1628 de
676 1603 852 1629 barbarorum
871 1603 1012 1630 virtutibus
1034 1609 1059 1631 et
1081 1606 1198 1632 moribus
1221 1607 1378 1634 referuntur
1399 1610 1438 1643 (p.
1454 1608 1489 1635 26
1507 1614 1532 1636 et
1548 1609 1633 1643 264);
1651 1619 1724 1646 reges
1740 1611 1887 1640 Christiani

255 1654 313 1673 cum
326 1645 451 1673 Juduicis
467 1647 507 1673 vel
521 1654 617 1674 eorum
634 1646 754 1674 inimicis
773 1646 848 1682 [IX]
864 1655 909 1675 ex.
927 1655 968 1682 gr.
984 1648 1180 1677 Senaeherimo
1195 1650 1296 1685 saepius
1311 1652 1486 1686 conferuntur
1501 1653 1538 1688 (p.
1556 1653 1619 1686 680,
1631 1653 1694 1687 684,
1707 1655 1781 1691 695);
1795 1658 1884 1684 eadem

256 1689 404 1724 Scriptura:
419 1697 504 1717 sacrae
520 1690 578 1716 loca
609 1690 754 1717 laudantur
769 1691 807 1725 (p.
825 1690 888 1722 558,
915 1691 978 1723 575,
997 1691 1057 1723 589,

1085 1692 1146 1725 698,
1170 1693 1233 1726 720,
1250 1694 1314 1726 522,
1330 1695 1393 1727 680,
1411 1694 1472 1727 695,
1492 1696 1564 1730 769);
1583 1697 1655 1724 idem
1684 1689 1802 1733 denique
1829 1709 1885 1727 mos

253 1742 300 1760 uer
309 1734 403 1768 jurgia
418 1733 456 1760 vel
469 1734 540 1761 lusus
552 1734 687 1761 perhorruit
705 1735 910 1770 argumentandi
921 1735 958 1770 (p.
973 1736 1000 1767 2,
1016 1736 1054 1763 50l

1097 1735 1159 1769 595,
1180 1737 1241 1769 611,
1259 1738 1321 1770 644,
1340 1738 1402 1771 G49,
1419 1738 1481 1771 654,
1501 1739 1564 1772 662,
1580 1739 1642 1773 685,
1658 1740 1721 1774 685,
1740 1742 1802 1776 686,
1819 1744 1885 1778 689,

253 1777 316 1810 699,
332 1777 393 1810 702,
411 1777 474 1811 707,
490 1777 564 1813 708).
581 1778 655 1805 -εὶο
671 1778 765 1805 Altera
780 1786 811 1806 ex
829 1783 907 1813 parte
925 1784 995 1806 non
1010 1779 1054 1806 chr

1084 1781 1201 1815 tologicte
1221 1781 1359 1816 Symt’anis
1380 1782 1454 1817 (747,
1470 1783 1533 1816 761,
1552 1783 1616 1817 788,
1633 1785 1698 1820 etc.)
1714 1791 1739 1813 et
1753 1777 1885 1822 etymolo;

252 1823 318 1858 gica
337 1826 455 1857 quatuor
468 1823 566 1857 primis
582 1824 607 1849 in
623 1823 700 1851 libris
717 1831 831 1857 prorsus
844 1823 1045 1851 desiderantur.
1061 1824 1159 1851 Omnia
1171 1832 1231 1859 qua:
1245 1826 1354 1860 Georgii
1371 1827 1462 1854 vocari
1476 1829 1585 1862 possint
1600 1829 1805 1866 chronologica,
1818 1837 1885 1860 sunt

252 1873 284 1894 ea
303 1873 365 1901 qua:
389 1874 436 1901 pp.
454 1866 517 1899 229,
540 1866 603 1899 510,
623 1867 685 1899 611,
704 1867 767 1900 657,
782 1868 845 1900 658,
863 1867 925 1899 659,
941 1868 1004 1899 661,
1018 1867 1052 1894 67

1097 1867 1159 1899 671,
1179 1868 1241 1901 680,
1261 1869 1308 1896 701
1329 1870 1526 1904 inveniuntur;
1549 1873 1615 1906 quin
1631 1873 1686 1901 imo
1706 1883 1749 1903 res
1769 1878 1802 1902 ah
1823 1876 1883 1911 ipso

252 1910 344 1938 relatae
355 1910 455 1945 sepius
469 1916 561 1937 contra
577 1918 679 1938 omnem
695 1916 844 1945 temporum
857 1912 977 1938 ordinent
992 1911 1128 1946 disposite
1145 1917 1209 1940 sunt
1230 1913 1268 1948 (p.
1282 1914 1344 1945 612,
1363 1914 1427 1947 674,
1446 1915 1522 1950 678).
1539 1915 1605 1949 Quae
1622 1924 1686 1945 vero
1703 1918 1730 1945 in
1747 1919 1791 1947 cd.
1807 1910 1885 1948 Pari~

251 1955 336 1983 stensi
348 1955 410 1983 inde
425 1955 459 1982 ab
474 1962 500 1982 a.
512 1955 564 1982 813
582 1955 710 1991 leguntur
724 1953 796 1983 nota:
811 1956 1022 1990 cltronologicaz,
1037 1963 1101 1983 cum
1117 1963 1169 1983 nec
1191 1957 1218 1983 in
1244 1956 1423 1985 Coislinianis
1442 1959 1582 1987 codicibus
1605 1968 1654 1988 nec
1675 1961 1701 1988 in
1725 1962 1883 1998 Mosquensi

252 1998 436 2032 inveniantur,
453 2006 468 2026 e
482 1998 577 2026 codice
592 1999 677 2034 Regio
695 1999 847 2027 recentiore
862 1998 1006 2033 adjunctus,
1024 1998 1141 2035 Georgio
1156 2008 1209 2028 non
1230 2005 1295 2028 sunt
1311 2002 1503 2030 attribuenda.
1520 2003 1654 2032 Prtelerea
1669 2010 1740 2033 totus
1754 2009 1883 2034 sermonis

253 2048 328 2070 tenor
341 2044 404 2071 inde
419 2052 434 2071 a
449 2045 545 2079 quinto
560 2043 630 2071 libro
646 2043 717 2072 alius
732 2048 784 2076 est,
801 2043 907 2072 Scilicet
923 2044 1012 2079 magis
1026 2044 1206 2072 barbarizans
1226 2050 1254 2072 et
1266 2045 1426 2079 latinizans,
1450 2047 1523 2081 quod
1540 2048 1707 2082 glossariurn
1721 2050 1748 2078 in
1766 2051 1817 2079 line
1832 2052 1882 2080 ad-

248 2087 372 2122 iunctum
387 2087 540 2116 luculenter
554 2088 690 2116 ostendet.
709 2087 780 2115 Sunt
796 2093 823 2116 et
838 2089 864 2114 in
877 2089 953 2115 rebus
969 2088 1138 2120 diserimina,
1157 2096 1201 2116 ex.
1220 2096 1261 2124 gr.
1280 2088 1431 2124 Logotheta
1460 2097 1487 2124 p.
1505 2091 1557 2118 724
1575 2091 1734 2121 Michaelem
1750 2095 1771 2121 11
1789 2096 1880 2122 nomi-

250 2136 297 2159 nat
313 2131 472 2167 Rangaben,
500 2139 554 2160 non
575 2132 770 2168 Curopalaten,
794 2137 824 2160 ut
844 2131 946 2160 fecerat
959 2132 1110 2167 Georgius;
1127 2131 1162 2159 ad
1175 2140 1201 2159 a.
1215 2132 1268 2159 815
1286 2132 1404 2168 Symeon
1423 2133 1488 2161 facit
1504 2133 1661 2163 Crummum
1676 2137 1702 2164 in
1723 2137 1878 2173 Bulgariam

249 2180 443 2209 revertentem,
458 2183 512 2204 non
526 2183 591 2203 vero
605 2177 723 2204 tentoria
737 2184 786 2203 sua
802 2181 865 2204 ante
880 2177 972 2204 urbem
988 2177 1125 2210 ﬁgentem,
1145 2180 1174 2204 ut
1188 2176 1323 2213 Georgius
1338 2177 1371 2205 de
1385 2177 1488 2206 Crumo
1506 2179 1604 2214 refert;
1623 2180 1773 2217 Logotheta
1793 2185 1882 2218 capti-

248 2226 298 2247 vos
319 2217 480 2247 Macedones
494 2224 569 2247 trans
589 2220 755 2253 Danubium,
772 2225 799 2248 et
812 2227 867 2248 non
884 2220 1000 2248 Danubii
1020 2221 1047 2248 in
1071 2221 1150 2256 ripis,
1167 2222 1285 2249 collocat
1301 2221 1373 2250 sicut
1387 2221 1562 2252 Hamartolus
1579 2233 1586 2251 :
1603 2225 1637 2253 de
1652 2225 1770 2254 Cordule
1792 2217 1879 2256 niulta

248 2262 357 2298 attingit
371 2261 415 2290 ille
432 2270 493 2298 quae
516 2270 643 2291 narrasse
665 2264 790 2299 perhibet
806 2265 833 2292 in
849 2264 909 2291 Vita
924 2264 1081 2299 Theophili,
1102 2265 1137 2293 de
1152 2265 1253 2300 quibus
1271 2265 1298 2293 in
1324 2265 1444 2302 Georgio
1459 2275 1536 2302 teque
1550 2275 1583 2295 ac
1600 2268 1627 2295 in
1645 2268 1781 2304 Symeone
1802 2271 1879 2299 edito

249 2305 398 2340 (breviario
423 2306 484 2342 ejus
507 2307 580 2341 quod
604 2307 662 2342 ipse
685 2306 836 2342 Logolheta
861 2308 1011 2342 scripserat
1029 2308 1164 2343 chronici)
1179 2309 1265 2336 altum
1281 2313 1323 2337 est
1341 2310 1499 2343 silentium;
1516 2311 1564 2338 sed
1579 2311 1758 2341 inveniuntur
1774 2315 1832 2342 haec
1849 2317 1878 2343 in

247 2349 448 2378 Continuatore
467 2349 503 2385 (c.
518 2350 590 2385 5-9),
611 2350 657 2385 qui
678 2351 772 2378 eodem
789 2358 805 2378 e
827 2351 963 2386 Symeone
980 2360 1029 2379 sua
1050 2352 1156 2380 videtur
1178 2353 1311 2381 hausisse.
1334 2353 1466 2382 Similiter
1487 2356 1520 2383 de
1538 2354 1702 2391 Baldimere,
1726 2363 1801 2392 patre
1824 2360 1878 2394 Sy-

248 2394 354 2421 meonis
372 2393 481 2429 Bulgari
496 2399 523 2421 et
538 2394 656 2426 ceteris,
671 2401 732 2429 qua:
756 2395 883 2422 monachi
900 2403 954 2422 non
972 2395 1132 2428 intererant,
1151 2396 1199 2424 sed
1209 2398 1268 2431 ejus
1284 2397 1331 2432 qui
1349 2397 1482 2433 dynastize
1498 2398 1683 2428 Macedonicae
1696 2403 1811 2436 aequalis
1827 2393 1879 2430 fuit

245 2441 274 2464 et
288 2437 451 2464 muneribus
463 2436 583 2469 functus,
607 2442 635 2464 ut
655 2437 814 2472 Legothcta,
839 2437 909 2472 apud
932 2438 1008 2465 illum
1029 2439 1103 2466 nulla
1118 2445 1160 2467 est
1177 2441 1290 2468 mentio.
1310 2441 1432 2477 Denique
1445 2442 1507 2470 inde
1522 2451 1537 2470 a
1551 2443 1647 2478 quinto
1669 2444 1749 2476 libro,
1774 2446 1844 2473 sicut
1862 2454 1877 2474 e

247 2481 386 2517 farragine
402 2481 540 2508 variarum
552 2481 701 2509 lectionum
720 2482 834 2517 patebit,
851 2483 993 2509 discrimen
1007 2483 1127 2510 codicum
1153 2485 1229 2520 longe
1247 2484 1333 2519 majus
1357 2491 1394 2512 est
1413 2493 1496 2520 quam
1513 2487 1540 2513 in
1558 2487 1653 2521 primis
1673 2487 1733 2525 [Χ]
1760 2496 1876 2525 quatuor

245 2526 324 2556 libris
338 2526 385 2562 qui
401 2527 525 2562 ejusdem
537 2532 601 2554 sunt
616 2527 770 2562 scriptoris,
787 2533 931 2563 sequentes
948 2536 1012 2556 vero
1027 2528 1111 2555 varia:
1126 2528 1281 2563 Logothetze
1295 2531 1432 2564 epitomaz.

279 2585 334 2621 59.
350 2585 482 2613 Codicum
505 2583 589 2616 XXV,
613 2584 659 2618 qui
684 2585 826 2619 hucusque
857 2584 1036 2613 innotuerunt
1061 2584 1143 2620 hujus
1167 2585 1384 2620 chronographi,
1406 2586 1488 2613 uarice
1509 2586 1634 2615 lectiones
1652 2595 1703 2616 nec
1715 2589 1807 2624 plures
1824 2597 1877 2617 nec

245 2630 383 2664 gravioms
397 2634 464 2657 sunt
474 2636 524 2656 nec
541 2628 611 2655 inter
626 2635 690 2655 sese
706 2627 792 2662 magis
810 2627 970 2663 discrepant
989 2636 1069 2663 quam
1088 2629 1195 2656 caeteris
1213 2629 1241 2656 in
1261 2629 1447 2664 scriptoribus
1473 2630 1574 2665 saepius
1596 2631 1743 2668 descriptis
1764 2634 1875 2661 evenire

245 2672 326 2706 solet,
343 2673 386 2700 vel
400 2673 574 2701 librariorum
590 2672 694 2700 incuria
715 2672 756 2699 vel
774 2672 934 2699 em'umdcm
951 2672 1064 2706 augendi
1078 2677 1103 2699 et
1120 2673 1278 2700 emendandi
1295 2674 1397 2705 studio,
1421 2673 1469 2708 qui
1493 2682 1568 2702 nunc
1592 2675 1679 2704 lineas
1702 2676 1822 2712 integras
1840 2685 1875 2705 cx

249 2716 461 2744 homoioteleuto
485 2718 615 2744 omittunt
639 2716 722 2751 (quod
747 2715 816 2742 etin
835 2716 1020 2751 typographiis
1036 2716 1157 2751 quotidie
1180 2717 1305 2744 accidere
1330 2716 1422 2752 solet),
1440 2725 1513 2746 nunc
1530 2718 1639 2754 glossas
1665 2721 1829 2755 marginales
1846 2722 1874 2749 in

246 2763 350 2786 textum
368 2760 510 2794 recipiunt.
535 2760 590 2788 iloc
613 2768 677 2788 vero
702 2766 727 2787 et
748 2760 774 2787 in
805 2759 895 2786 Leone
920 2759 1105 2787 Gramtnatico
1120 2765 1146 2787 et
1163 2760 1298 2792 tiedreno,
1315 2759 1424 2794 Georgii
1441 2761 1660 2796 descriptoribus
1676 2765 1718 2791 vel
1735 2766 1871 2798 epitoma-

244 2803 351 2830 turibus
375 2809 403 2830 et
426 2803 510 2832 Coisl.
529 2803 580 2831 505
596 2804 696 2831 factum
712 2804 812 2839 smpius
827 2803 1008 2836 inveniemus,
1029 2804 1137 2832 collatis
1151 2812 1194 2832 ex.
1211 2812 1252 2840 gr.
1272 2812 1316 2839 pp.
1336 2804 1399 2838 46l,
1416 2805 1478 2839 598,
1496 2806 1547 2834 499
1563 2807 1689 2835 editionis
1707 2813 1817 2837 nostrae.

283 2859 415 2887 Codicum
431 2862 520 2886 autem
535 2857 760 2886 Coislinianurum
776 2858 827 2886 510
846 2863 872 2886 ct
887 2858 940 2886 505
957 2858 1087 2887 lectiones
1104 2859 1186 2887 variae
1204 2859 1236 2886 ad
1256 2866 1343 2887 annos
1362 2859 1482 2888 815-8-12
1501 2866 1609 2897 notatae,
1630 2863 1738 2892 illorum
1757 2865 1803 2901 qui
1826 2866 1877 2893 Los
