2030 3152
96 173 127 207 13
774 168 896 200 PROLE

934 166 1066 198 )MENA.
1705 164 1735 196 Μ

95 231 205 260 codices
222 229 429 265 descripserunt
444 228 593 256 exornandi
615 228 744 260 studium,
763 235 817 255 non
836 235 901 254 vero
917 226 1002 254 alium
1016 224 1256 260 chronographum
1273 230 1356 259 quam
1368 223 1415 259 qui
1429 224 1536 252 caeteris
1552 225 1578 251 in
1595 224 1736 253 codicibus

98 274 249 307 invenitur,
268 278 399 308 arguunt.

132 319 212 353 Quod
227 319 251 346 si
267 319 295 345 in
307 318 369 345 vitis
386 318 468 345 trium
481 317 630 352 primorum
647 316 840 351 imperatorum
855 314 1070 344 Christianorum
1091 313 1255 341 enarrandis
1274 313 1407 349 majorem
1425 313 1452 340 in
1472 313 1584 341 modum
1602 321 1687 348 quam
1709 316 1737 342 in

97 364 204 392 caeteris
218 363 377 397 discrepant
393 361 466 389 inter
481 368 511 388 sc
531 361 643 388 codices
665 359 850 395 Mosqnensis.
867 359 1096 387 Vindohonenscs
1109 358 1175 391 duo,
1194 357 1368 386 Monacensis
1385 361 1501 392 uterque
1516 362 1543 385 et
1558 357 1738 390 Venetianus.

98 416 187 442 neque
200 408 226 434 id
243 407 328 434 alium
345 407 507 441 scriptorem
523 405 611 432 fuisse
626 405 810 435 demonstrat,
834 403 882 431 sed
901 405 993 440 potius
1009 403 1131 431 eumdem
1149 403 1218 436 htcc,
1235 410 1296 438 quae
1310 402 1336 431 ei
1353 402 1466 430 maximi
1492 403 1624 430 momenti
1646 410 1738 435 erant,

99 451 265 479 Christianae
280 450 383 484 politiae
399 450 477 476 initia
495 449 582 483 (2,25)
600 449 698 482 saepius
716 453 886 475 retractasse.

136 494 307 521 Venetianus
321 493 442 528 denique
458 497 544 520 totam
561 492 643 527 primi
661 496 688 519 et
702 492 819 519 scaundi
835 491 897 518 libri
914 491 1058 518 materiam
1076 491 1185 526 paginis
1202 498 1248 518 sex
1265 492 1421 519 coarctavit.

134 538 306 565 Ceterarum
324 542 461 572 quotquot
477 537 537 564 loca
554 536 692 570 exscripta
715 535 818 562 habere
836 536 978 570 potuimus
1000 535 1127 563 codicum
1145 535 1226 562 lectio
1244 542 1307 562 cum
1329 535 1485 570 Mosqucnsi
1506 536 1574 563 adeo
1593 537 1740 567 consentit,

98 587 130 609 ut
147 582 275 617 quamvis
292 582 410 608 diversis
426 581 601 608 ascribantur
616 580 787 612 auctoribus,
806 579 925 614 ejusdem
946 585 1036 607 tamen
1054 579 1162 614 Georgii
1185 579 1269 613 fuisse
1284 579 1466 614 colligendum
1483 580 1529 607 sit.
1544 579 1623 613 Quod
1638 588 1671 607 ea:
1682 581 1742 616 ipsa

98 626 222 652 lectionis
252 626 381 651 uarietate
410 625 566 659 apparebit,
583 624 689 651 scilicet
706 624 731 650 I°
748 623 935 658 antiquissimi
960 624 1064 650 codicis
1087 623 1250 650 Coisliniani
1268 623 1321 651 510
1341 624 1368 650 in
1388 623 1456 651 \‘itis
1471 623 1636 659 Copronymi
1654 630 1681 652 et
1698 632 1742 652 sc-

98 670 244 704 quentium
265 669 466 703 imperatorum
481 675 570 703 usque
586 668 620 695 ad
635 668 713 694 initia
732 667 873 695 Michaelis
893 667 945 701 Ill;
968 667 996 694 2°
1012 667 1174 694 Coisliniani
1191 665 1245 693 505
1262 668 1287 694 in
1306 666 1374 695 Vitis
1391 666 1505 700 Tiberii,
1532 667 1672 703 Caligulae,
1689 668 1743 695 Nc-

102 715 178 741 ronis
195 717 223 740 et
239 713 418 741 Constantini
436 713 524 747 Magni
540 717 623 747 atque
641 713 668 739 in
684 712 752 739 locis
767 720 801 739 ex
818 711 948 739 omnibus
962 716 1080 746 quatuor
1096 711 1173 738 libris
1197 718 1212 737 a
1236 710 1441 738 Montlauconio
1457 712 1586 744 laudatis,
1612 720 1663 740 nec
1686 721 1743 740 non

103 765 148 792 pp.
166 757 310 789 527-432;
329 757 358 784 3°
375 757 539 784 Coisliniani
563 756 615 784 151
635 761 662 783 et
685 756 816 784 editionis
840 763 854 782 a
872 755 1038 783 Combetisio
1060 754 1266 782 Parisiensibus
1289 762 1304 782 e
1327 755 1470 783 codicibus
1495 754 1570 791 [XI]
1586 760 1687 791 parata:
1714 757 1743 783 in

105 801 196 829 Leone
211 801 246 827 Ill
263 806 291 828 et
305 808 385 836 seqq.
403 801 435 827 ad
455 808 539 835 quam
554 799 654 828 I'Iasius
671 800 805 827 lectiones
820 799 904 833 hujus
920 799 1023 826 codicis
1038 799 1201 826 (Ioisliniani
1219 806 1306 833 usque
1321 799 1354 826 ad
1373 807 1400 834 p.
1418 799 1471 826 720
1496 800 1625 827 editionis
1642 806 1745 828 nostra

101 845 277 873 excurrentis
311 845 469 877 adnotavit;
498 845 526 871 4°
553 844 728 872 Ambrosiani
754 851 780 879 p.
815 843 879 876 1-1;
897 843 959 876 575,
989 843 1060 875 599;
1097 842 1230 870 176-106.
1253 842 1280 869 5°
1309 842 1430 869 Vaticani
1471 843 1522 870 151
1559 852 1585 878 p.
1603 844 1630 876 1,
1650 844 1744 876 19-27,

102 890 134 923 6;
153 890 182 917 6°
199 889 260 917 Vat.
275 889 326 916 155
346 897 372 917 a.
388 889 522 922 842-948;
539 889 566 916 7°
581 893 608 917 et
622 889 650 916 8°
666 888 862 916 Parisieusium
880 887 950 915 1705
965 892 993 914 et
1007 886 1093 920 I706;
1109 888 1137 915 9°
1152 891 1178 914 et
1191 886 1237 913 l0°
1254 886 1413 914 Barocciani
1431 888 1594 923 utriusque;
1613 889 1657 915 ll°
1668 889 1742 917 0x0-

105 935 211 962 niensis
228 943 254 970 p.
273 935 301 966 7,
320 934 403 966 6—65,
419 934 451 967 2;
469 934 514 960 12°
529 938 557 961 et
575 934 617 960 15⁸
634 933 808 960 Monacensis
829 933 985 966 utriusque,
1000 935 1028 958 et
1044 931 1089 959 14⁸
1111 935 1138 958 ct
1159 931 1205 958 15°
1222 929 1446 959 Vindnbonensis
1469 932 1613 967 utriusque
1629 933 1654 960 in
1675 932 1744 960 Vitis

105 978 279 1006 Constantini
297 977 346 1010 Μ..
361 978 533 1010 Constantis,
548 976 664 1009 Juliani,
681 978 708 1004 in
725 977 852 1004 Ileraclio
867 981 895 1004 et
910 975 1089 1007 IIeracIeona,
1107 974 1251 1003 Stauracio
1262 980 1289 1003 et
1299 975 1429 1003 Michaelc
1440 975 1627 1004 III.I’ra-lerea
1642 978 1744 1012 ιγ’-ητα-

105 1023 204 1050 tionem
233 1021 395 1049 Vaticanam
411 1027 438 1050 et
451 1022 648 1049 Coisliuianam
666 1022 720 1049 505
732 1029 793 1049 cum
812 1020 1005 1053 AmbrOsiana,
1022 1020 1192 1053 Monacensi,
1207 1021 1380 1055 Augustalis,
1398 1020 1605 1049 VindobonenSi
1627 1027 1745 1058 utraque

105 1071 133 1093 et
149 1066 300 1101 Lipsiensi,
319 1074 380 1101 quae
393 1073 453 1093 eam
473 1071 598 1094 truncam
615 1065 709 1093 eodem
727 1073 758 1092 ex
775 1065 925 1100 exemplari
949 1065 1129 1099 repeticrunt,
1153 1072 1203 1092 nec
1227 1072 1280 1092 non
1305 1073 1367 1092 cum
1392 1065 1528 1100 Lipsiensi
1548 1067 1660 1101 paginas
1676 1067 1743 1094 561-

107 1110 158 1138 587
176 1111 306 1137 conferre
331 1111 483 1144 potuimus.
511 1109 637 1144 Denique
653 1117 684 1136 ea
700 1117 762 1144 qum
780 1109 879 1145 Glycas
892 1116 907 1136 e
922 1109 1039 1143 Georgio
1065 1113 1093 1136 et
1117 1116 1177 1143 quae
1195 1109 1326 1135 versione:
1349 1109 1497 1136 Sluvoniue
1523 1111 1606 1138 variis
1631 1111 1658 1138 in
1677 1111 1747 1139 locis

108 1155 225 1181 laudatae
240 1153 371 1185 aﬂ‘erunt,
386 1158 413 1180 et
429 1154 485 1180 haec
501 1153 527 1190 in
543 1152 703 1187 Mosquensi
722 1153 817 1180 codice
836 1154 892 1180 fere
910 1153 1003 1180 omnia
1021 1153 1209 1188 reperiuntur.

138 1197 153 1233 ς
171 1197 214 1224 l0.
230 1198 310 1231 Quod
326 1198 348 1224 si
367 1197 482 1224 rubrica:
505 1198 533 1224 in
552 1198 648 1224 codice
669 1197 824 1232 Mosqucnsi
846 1197 918 1224 haud
943 1205 1039 1224 omnes
1062 1197 1239 1224 inveniuntur
1255 1204 1315 1232 quae
1329 1197 1356 1224 in
1374 1196 1465 1224 tabula
1484 1198 1571 1225 codici
1590 1198 1746 1226 Ilonaccnsi

107 1242 232 1269 secundo
248 1241 392 1276 praemissa
410 1241 559 1273 habentur,
582 1241 635 1268 ltoc
650 1247 665 1267 e
683 1240 791 1267 defectu
806 1241 965 1276 neutiquam
983 1241 1075 1276 colligi
1098 1245 1189 1276 potest
1203 1241 1366 1276 scriptorem
1383 1242 1466 1269 alium
1489 1242 1523 1270 ab
1538 1243 1589 1270 hoc
1603 1243 1697 1271 codice
1719 1250 1746 1271 et

106 1287 192 1312 alium
212 1286 248 1312 ab
261 1286 308 1312 illo
323 1285 532 1320 repraesentari;
558 1285 606 1312 sed
632 1285 684 1311 hoc
709 1286 900 1312 tantttmmodo
920 1285 983 1312 inde
1000 1286 1078 1319 sequi
1097 1285 1214 1318 videtur,
1231 1285 1356 1312 rubricas
1372 1285 1422 1312 has
1446 1293 1507 1320 quae
1527 1287 1637 1314 diversa:
1662 1288 1744 1315 etiam

105 1328 311 1356 Pnrisicnsibus
336 1329 365 1356 in
388 1329 532 1356 codicibus
548 1332 574 1355 ct
597 1328 624 1355 in
641 1327 900 1356 Vindoboncnsibus
923 1337 975 1357 nec
997 1337 1049 1357 non
1068 1330 1096 1356 in
1118 1329 1256 1356 Vaticanis
1273 1330 1459 1365 reperiuntur,
1485 1337 1538 1357 non
1557 1331 1592 1357 ab
1607 1331 1666 1365 ipso
1680 1333 1748 1359 scri-

108 1377 200 1408 ptore,
217 1381 310 1400 verum
330 1380 344 1399 a
370 1373 589 1407 descriptoribus
610 1373 652 1399 vel
671 1372 793 1400 librariis
810 1374 852 1407 (ut
867 1372 987 1401 Medicco
1003 1379 1029 1401 et
1046 1373 1215 1409 Mosquensi)
1232 1374 1259 1401 in
1279 1374 1402 1409 margine
1417 1374 1553 1409 ascriptas
1568 1379 1594 1402 et
1611 1376 1747 1403 recentio-

108 1417 187 1445 ribus
207 1418 236 1444 in
253 1417 398 1444 codicibus
418 1416 518 1444 tabula:
538 1417 566 1444 in
584 1416 700 1444 formam
718 1417 890 1452 conscriptas
905 1425 976 1445 esse.

145 1471 160 1507 ᾗ
177 1471 222 1498 11.
243 1470 359 1504 Quintus
376 1478 442 1499 vero
459 1471 537 1504 liber,
555 1471 602 1506 qui
616 1471 651 1497 ab
665 1478 738 1499 anno
752 1471 804 1499 842
818 1471 851 1498 ad
867 1479 893 1498 a.
911 1471 964 1499 915
977 1471 1145 1505 extenditur,
1161 1472 1207 1499 sed
1224 1471 1258 1499 ab
1272 1476 1385 1500 auctore
1401 1472 1520 1507 scriptus
1534 1473 1581 1509 qui
1597 1473 1722 1503 Romano
1737 1476 1747 1503 I

111 1516 255 1552 (917-913)
272 1521 429 1543 comtaneus
447 1515 498 1543 fuit
517 1515 564 1548 (cf.
579 1523 606 1550 p.
623 1515 675 1542 857
691 1521 718 1543 et
733 1515 796 1548 847,
815 1516 853 1548 ὼς
873 1516 912 1542 oi‘

948 1524 957 1542 υ
974 1517 1073 1551 σοφοὶ),
1094 1521 1122 1544 et
1142 1521 1216 1544 certe
1236 1524 1262 1544 a.
1282 1517 1334 1544 959
1350 1517 1440 1544 adhuc
1457 1518 1573 1550 vivebat,
1597 1527 1658 1546 cum
1683 1519 1749 1547 Por-

111 1561 311 1596 phyrogenneti
343 1567 432 1587 annos
456 1564 609 1592 ennmcret,
625 1560 730 1587 scilicet
747 1567 761 1586 a
778 1559 914 1595 Symeone
930 1559 1080 1595 Logothcta
1094 1560 1157 1588 inde
1171 1561 1206 1588 ab
1226 1568 1297 1588 anno
1310 1561 1362 1588 901
1378 1565 1443 1588 noto
1461 1563 1497 1596 (p.
1513 1562 1596 1595 735);
1613 1567 1639 1590 ct
1656 1569 1747 1591 sextus

113 1603 161 1636 qui
176 1602 412 1629 continuationem
429 1602 586 1629 ulteriorem
605 1602 638 1630 ad
656 1610 682 1629 a.
702 1602 767 1629 1071
790 1602 913 1637 ejusdem
937 1603 1095 1638 Logothetae
1122 1605 1198 1640 operi
1217 1605 1373 1639 adjunctam
1400 1605 1522 1636 exhibet.
1543 1614 1642 1642 magna
1660 1609 1750 1635 varic-

111 1651 165 1673 tate
183 1647 210 1673 in
226 1646 346 1673 diversis
363 1654 433 1681 quos
451 1646 586 1674 habemus
601 1646 757 1679 codicibus,
775 1646 846 1673 inter
861 1655 891 1674 se
906 1647 1080 1681 discrepant;
1096 1647 1225 1674 videntur
1247 1648 1330 1682 igitur
1355 1649 1436 1675 varia
1459 1649 1531 1675 illius
1556 1650 1749 1686 chronograle

108 1691 234 1724 qﬁtumce
252 1697 268 1715 a
290 1690 413 1724 pluribus
429 1689 507 1717 factae
522 1690 633 1716 diversis
653 1689 761 1724 Georgii
780 1690 914 1717 codicibus
927 1691 1064 1725 adjunctte
1075 1698 1154 1723 esse;
1181 1699 1244 1718 nam
1261 1691 1385 1719 nonnulli
1408 1699 1442 1719 ex
1462 1693 1505 1720 his
1518 1700 1579 1720 cum
1604 1694 1674 1721 libro
1699 1697 1747 1730 qui

110 1742 183 1761 nunc
201 1734 349 1769 Symeonis
365 1733 523 1768 Logotheue
541 1734 593 1761 sub
610 1735 722 1761 nomine
739 1733 837 1766 fertur,
854 1739 880 1761 et
895 1735 943 1770 qui
960 1736 1017 1770 ipse
1033 1736 1224 1763 tantummodo
1242 1736 1379 1771 cpitomen
1398 1737 1478 1772 hujus
1499 1739 1641 1772 scriptoris
1660 1738 1746 1776 [XII]

110 1778 223 1810 praebet,
240 1777 341 1811 sat-pius
356 1778 524 1804 concordant
556 1785 637 1812 quam
654 1778 699 1805 alii
717 1777 825 1812 Georgii
846 1779 964 1806 codices.
973 1777 1023 1805 Ex.
1039 1786 1079 1814 gr.
1094 1778 1242 1806 Vaticanus
1257 1779 1308 1806 155
1328 1787 1390 1806 etim
1406 1780 1579 1809 versionibus
1594 1781 1750 1811 Slavonicis

109 1826 205 1848 contra
224 1821 348 1855 reliquos
367 1821 478 1848 codices
501 1820 612 1848 Grarcos
635 1821 783 1848 consentit.
805 1821 906 1848 Confer
927 1822 1017 1849 varias
1033 1822 1164 1850 lectiones
1183 1823 1208 1849 in
1225 1823 1314 1858 capite
1330 1823 1420 1858 primo
1435 1822 1501 1852 Vitae
1518 1824 1658 1854 Michaelis
1673 1827 1706 1855 111
1721 1834 1749 1854 et

110 1873 134 1899 p.
152 1864 219 1895 819.
237 1865 283 1892 ubi
298 1865 357 1898 ipse
373 1864 492 1899 scriptor
512 1863 647 1899 ampliora
662 1865 807 1898 pr0mittit,
823 1873 883 1900 quae
899 1865 925 1892 in
941 1866 998 1893 solo
1016 1865 1216 1894 Continuatore
1240 1874 1265 1894 c.
1283 1867 1300 1894 1
1317 1867 1383 1895 \‘itte
1399 1867 1573 1896 Constantini
1589 1871 1744 1907 Porphyro~

111 1909 219 1944 genneti
236 1909 425 1944 reperiuntur.
445 1907 584 1935 Interdum
605 1915 671 1936 vero
687 1909 863 1936 continuator
882 1908 990 1944 Georgii
1007 1911 1107 1943 editus,
1126 1911 1173 1946 qui
1198 1915 1225 1938 ct
1249 1911 1276 1939 in
1301 1912 1396 1939 codice
1413 1911 1572 1948 Mosquensi
1599 1914 1747 1946 invenitur.

111 1959 173 1980 cum
186 1951 327 1987 Symeone
340 1957 437 1979 contra
453 1951 618 1979 Vaticanum
631 1953 778 1980 consentit.
795 1953 837 1981 Ci.
851 1953 878 1980 in
891 1953 952 1981 Vita
962 1954 1056 1982 Basilii
1069 1963 1094 1983 c.
1108 1955 1142 1989 2;
1160 1956 1187 1983 in
1202 1955 1295 1983 Leone
1309 1956 1369 1991 ejus
1386 1956 1442 1984 tilio
1458 1964 1483 1985 c.
1497 1957 1532 1985 35
1546 1957 1626 1985 τοῦτο
1646 1959 1749 1987 codicis

114 1997 289 2032 Mosqucnsis
305 2005 333 2032 p.
353 1997 406 2024 788
431 2004 445 2024 a
470 1997 605 2033 Symeone
632 1998 706 2024 edito
731 1997 884 2032 explicatur
903 2007 915 2025 τ

945 2007 953 2024 ι
972 2000 1175 2035 τετραγαμεαν,
1202 2007 1217 2027 a
1239 2000 1334 2027 codice
1353 1999 1486 2028 Vaticano
1512 2001 1563 2036 ⁴τὴν
1585 2002 1746 2039 ιερωσύνην.

116 2041 168 2068 Sed
182 2041 288 2076 ubique
305 2041 373 2067 idem
389 2049 477 2068 rerum
496 2041 561 2068 ordo
577 2041 750 2074 observatur,
770 2042 865 2070 eadem
882 2043 967 2069 series
981 2043 1186 2078 chronologica,
1212 2051 1273 2071 cum
1295 2044 1472 2078 amplitudine
1494 2049 1600 2073 tantum
1621 2052 1748 2082 excerpta

113 2084 184 2112 inter
201 2092 231 2112 se
250 2085 391 2119 differant,
409 2090 435 2111 et
450 2085 568 2120 Symeon
591 2085 681 2112 editus
692 2085 853 2120 plerumque
876 2085 985 2114 brevior
1006 2087 1042 2114 sit
1067 2087 1167 2119 verbis,
1193 2087 1239 2115 scd
1263 2088 1335 2116 notis
1355 2089 1559 2124 chronologicis
1576 2090 1748 2118 instructior.

115 2128 235 2164 Symcon
253 2129 344 2156 editus
358 2129 384 2155 in
399 2128 582 2155 Constantino
596 2128 627 2155 P.
646 2136 671 2156 c.
686 2129 703 2156 8
720 2133 836 2156 matrem
853 2130 912 2164 ejus
925 2129 998 2158 ZOen
1013 2137 1146 2158 memorat
1162 2131 1197 2158 ab
1212 2132 1368 2159 Alexandro
1386 2140 1402 2159 e
1426 2133 1528 2167 palatio
1548 2133 1674 2167 ejectam,
1693 2141 1747 2168 qua

112 2174 146 2202 de
171 2174 243 2202 rein
259 2173 320 2200 Vita
334 2173 483 2201 Alexandri
501 2174 575 2201 edita
596 2173 663 2201 nihil
689 2174 799 2208 legitur.
816 2173 949 2202 Similiter
964 2175 1083 2210 Symeon
1101 2175 1192 2202 editus
1218 2175 1333 2203 Romani
1350 2175 1360 2202 Ι
1380 2177 1406 2203 in
1424 2175 1485 2203 Vita
1507 2183 1534 2203 c.
1550 2176 1585 2204 50
1605 2177 1638 2204 de
1655 2184 1750 2205 menso

116 2219 210 2253 aliquo
227 2218 354 2253 loquitur
381 2223 511 2252 tanquam
524 2218 581 2253 jatn
599 2219 760 2252 nominato;
776 2219 821 2245 sed
838 2227 863 2245 c.
876 2218 911 2246 19
925 2219 958 2246 de
975 2218 1122 2246 Deccmbre
1136 2225 1227 2245 sermo
1242 2217 1342 2251 fuerat.
1358 2227 1411 2246 non
1428 2219 1461 2247 de
1471 2220 1664 2256 Augusto.qui
1677 2222 1747 2255 apud

116 2268 229 2291 caeteros
247 2263 399 2298 scriptores
414 2263 442 2289 h.
459 2262 477 2289 1.
491 2262 648 2296 invenitur;
665 2263 743 2290 unde
755 2263 883 2298 sequitur
897 2263 924 2289 in
940 2263 1075 2298 Symeone
1091 2262 1165 2289 edito
1180 2261 1258 2297 plura
1275 2262 1378 2290 omissa
1393 2270 1465 2292 esse.
1480 2263 1508 2291 In
1523 2271 1549 2292 c.
1565 2263 1599 2292 58
1614 2265 1749 2300 epitonia-

117 2314 158 2334 tor
172 2307 314 2343 Symeouis
332 2313 398 2341 (non
417 2315 481 2334 vero
495 2307 674 2335 continuator
689 2307 813 2343 ejusdem
831 2307 893 2335 inde
904 2308 939 2335 ab
954 2314 979 2334 a.
997 2306 1050 2335 915
1063 2306 1105 2333 vel
1120 2306 1183 2340 910)
1199 2306 1320 2334 ostendit
1335 2314 1364 2334 se
1380 2307 1464 2335 multo
1480 2309 1650 2336 recentiorem
1666 2311 1749 2338 rebus

117 2359 140 2379 a.
153 2352 208 2380 911
224 2353 346 2379 narratis
357 2351 406 2387 (ὡς
419 2351 444 2378 ot
459 2350 507 2378 νῦν
526 2352 628 2386 σοφοὶ),
645 2352 692 2379 sed
709 2352 853 2379 historiam
873 2359 950 2379 suam
964 2352 1034 2380 sicut
1052 2350 1106 2379 Leo
1123 2350 1325 2379 Grammaticus
1342 2353 1389 2388 qui
1405 2361 1432 2379 a.
1453 2353 1522 2381 l0l3
1537 2354 1657 2389 scripsit.
1675 2354 1748 2383 haud

117 2396 236 2430 amplius
264 2403 347 2431 quam
365 2403 451 2430 usque
469 2395 503 2423 ad
520 2396 677 2431 dynastiam
716 2395 967 2433 Porphyrogcnneti
992 2400 1054 2430 post
1074 2395 1209 2431 Lecapeni
1234 2396 1351 2432 ejusque
1371 2397 1490 2425 liliorum
1516 2397 1661 2426 decessum
1675 2398 1749 2434 (918)

117 2439 207 2467 denuo
221 2439 338 2466 ﬁrmiter
352 2439 501 2466 stabilitam
520 2440 672 2474 perducere
688 2439 824 2472 voluerat,
849 2447 911 2467 cum
935 2440 1109 2467 continuator
1128 2439 1303 2475 Theophanis
1323 2448 1409 2476 usque
1424 2441 1458 2468 ad
1474 2449 1501 2469 a.
1519 2441 1573 2469 953
1586 2447 1613 2470 et
1631 2441 1749 2480 Symeou

118 2486 296 2512 continuatus
313 2490 401 2519 neque
419 2484 452 2511 ad
467 2491 494 2512 a.
508 2484 562 2512 962
578 2489 734 2512 excurrant.
750 2483 896 2520 Symeonis
909 2489 975 2512 aetas
989 2484 1046 2519 jam
1063 2483 1126 2511 inde
1143 2484 1280 2518 colligitur
1293 2484 1366 2519 quod
1387 2492 1414 2519 p.
1432 2483 1483 2513 717
1497 2490 1523 2513 et
1539 2485 1591 2514 750
1608 2486 1643 2514 ad
1663 2493 1751 2514 annos

118 2529 172 2557 866
184 2535 209 2557 et
223 2529 276 2556 867
291 2528 386 2564 plures
402 2528 453 2555 viri
467 2536 482 2555 a
499 2528 563 2556 ﬁliis
575 2536 683 2561 eorum.
701 2532 825 2564 tempore
848 2528 990 2564 scriptoris
1009 2526 1044 2563 (ς.
1074 2535 1100 2555 a.
1133 2527 1197 2562 900)
1214 2528 1285 2556 notis
1305 2527 1494 2563 designantur,
1511 2534 1539 2557 et
1562 2530 1634 2565 quod
1653 2536 1680 2565 p.
1700 2528 1753 2556 755

121 2572 344 2609 Theophyiactus
368 2572 533 2600 Abastactus
559 2576 689 2608 tanquam
711 2576 788 2608 pater
815 2572 930 2601 Romani
955 2571 1127 2606 imperatoris
1152 2571 1225 2607 (inde
1252 2572 1285 2599 ab
1313 2580 1338 2599 a.
1363 2571 1426 2609 92(1)
1445 2578 1622 2601 memoratur.
1639 2572 1680 2599 Cl“.
1698 2572 1751 2599 765

119 2625 182 2645 cum
198 2618 249 2646 770
263 2617 298 2645 de
312 2616 494 2644 Constantino
510 2620 539 2644 et
556 2615 612 2645 Zoe
625 2616 706 2645 simul
723 2616 902 2652 regnantibus
917 2615 1068 2652 (913-920).

154 2671 169 2708 §
187 2672 230 2700 I2.
246 2671 344 2700 Sextus
358 2670 425 2697 liber
442 2666 503 2697 inde
516 2677 532 2698 a
548 2677 575 2706 p.
592 2669 644 2698 858
665 2670 899 2699 continuationem
916 2671 1036 2705 exhibet,
1047 2679 1109 2708 qua
1127 2671 1153 2700 in
1170 2673 1311 2701 codicibus
1325 2671 1474 2700 Parisiensi
1491 2669 1561 2700 1708
1572 2675 1600 2699 et
1613 2669 1752 2700 Marciano

121 2716 173 2744 608
185 2717 307 2752 legitur;
328 2716 356 2743 in
374 2714 426 2742 hoc
442 2713 539 2751 [XIII]
556 2714 666 2750 quidem
683 2715 718 2742 ab
735 2722 762 2742 ι.
779 2714 832 2743 915
846 2715 879 2743 ad
893 2722 919 2742 a.
935 2715 1005 2743 1078
1027 2721 1132 2745 tantum
1149 2721 1176 2744 ct
1188 2717 1298 2753 quidem
1318 2716 1381 2744 inde
1395 2716 1429 2743 ab
1440 2723 1466 2743 a.
1480 2715 1534 2744 905
1546 2715 1750 2747 brevissimam.

122 2760 198 2789 Vitas
212 2760 435 2796 patriarcharum
451 2758 543 2794 potius
556 2758 761 2787 describentem
777 2766 860 2794 quam
877 2759 1085 2794 imperatorum.
1101 2760 1188 2794 Quam
1202 2763 1238 2788 ob
1251 2767 1308 2788 rem
1320 2767 1393 2793 eam,
1408 2760 1535 2795 quamvis
1549 2760 1689 2796 antiquior
1704 2762 1751 2791 sit.

121 2805 245 2840 ampliori
261 2803 462 2832 continuationi
477 2803 581 2831 codicis
597 2802 772 2837 Parisiensis,
789 2810 846 2831 tum
862 2811 877 2831 e
894 2803 1000 2831 Zonara
1018 2805 1116 2839 pt‘tiL'r,
1138 2809 1193 2832 tum
1211 2803 1357 2832 recentiorl
1384 2803 1515 2832 idiomate
1539 2805 1649 2841 scriptae
1664 2805 1751 2841 subj“:-

122 2849 245 2876 cicndam
259 2856 323 2876 esse
336 2848 479 2876 duximus.

161 2893 176 2930 ς
194 2894 237 2922 15.
253 2892 392 2929 Septimus
408 2892 477 2920 liber
495 2891 528 2920 de
546 2892 683 2920 creatione
703 2900 718 2920 e
739 2891 873 2928 Symeone
888 2898 914 2922 ct
930 2899 1037 2921 Octavus
1056 2893 1122 2921 liber
1146 2892 1178 2921 ad
1205 2900 1306 2921 annum
1328 2893 1396 2922 “43
1411 2894 1585 2923 continuatus
1610 2895 1637 2922 in
1660 2899 1753 2923 nostro
