2030 3152
264 176 297 209 15
942 174 1237 207 PllOLEGOdIENA.
1871 185 1903 218 I5

261 236 354 264 codice
370 233 550 261 inveniuntur
567 233 643 265 solo;
667 233 714 260 sed
729 233 866 269 interpres
882 233 1049 280 blavonictts
1063 239 1168 270 partem
1185 235 1274 263 octavi
1290 234 1351 263 libri
1375 237 1473 270 nostri,
1497 246 1556 273 qua:
1571 238 1604 266 ad
1624 248 1650 268 a.
1668 241 1720 268 819.
1733 243 1901 280 extenditur,

260 280 356 308 eodem
374 278 456 305 modo
475 278 551 312 operi
569 286 620 305 suo
637 283 769 312 tanquam
786 277 963 312 appendicem
981 278 1117 312 adjunxit.

297 324 372 361 §14.
392 323 546 368 Cerdrenus,
565 324 611 357 qui
626 323 769 368 usquead
788 330 812 368 a.
833 322 901 350 1057
919 324 1041 368 scripsit,
1067 329 1094 351 et
1115 324 1170 351 Leo
1186 324 1399 358 Grammaticus,
1423 327 1470 362 qui
1495 335 1523 355 a.
1550 329 1618 357 1015
1648 330 1900 368 chronographiam

261 376 340 397 suam
356 367 476 395 absolvit
489 374 578 402 usque
590 369 622 394 ad
640 375 665 394 a.
679 367 732 394 948
748 367 917 401 perductam,
937 367 1102 402 plerumque
1121 370 1257 404 epitomcn
1282 374 1388 397 tantum
1407 370 1517 406 Georgii
1541 377 1568 400 ct
1591 367 1816 404 continuatmum
1840 378 1902 413 ejus

261 413 403 442 exhibent.
421 411 499 445 Quod
517 420 582 440 vero
595 412 629 439 de
642 411 733 439 Leone
745 412 849 439 dictum
863 417 916 443 est,
934 412 1004 439 idem
1020 413 1090 440 etde
1104 412 1177 440 Julio
1199 413 1353 450 Polydeuce
1375 420 1402 442 et
1420 414 1578 444 Theodosio
1592 417 1714 446 Melitino
1739 421 1822 448 valet.
1848 411 1900 452 ἐκ.

262 465 304 493 gr.
323 457 414 484 fabula
428 457 460 484 de
474 457 620 484 vulnerato
638 460 663 484 et
682 464 788 488 musca,
804 464 887 492 quam
905 455 1039 492 Georgius
1055 456 1148 490 CXIV,
1164 457 1193 488 ‘2.
1205 464 1327 491 enarrat,
1349 458 1383 485 ah
1409 459 1452 486 his
1476 461 1659 494 scriptoribus
1683 464 1790 491 nonnisi
1807 468 1902 500 paucis

261 501 353 528 verbis
374 501 506 534 tangitur.
524 500 659 527 Similiter
676 500 759 527 iidem
781 504 867 527 totum
884 504 1031 527 tractatum
1052 501 1085 528 de
1100 502 1181 529 rebus
1196 507 1256 536 post
1275 507 1389 529 mortem
1405 505 1546 531 eventuris
1568 505 1629 532 vita:
1644 506 1828 542 Constantini,
1845 509 1901 537 He-

260 545 340 572 raclii
357 546 416 578 lllii,
434 553 448 572 a
462 549 557 572 nostro
575 552 600 573 c.
615 544 759 572 CCXXXII
779 545 911 572 insertum
929 545 1071 576 omittunt,
1084 553 1134 573 nec
1149 553 1203 573 non
1217 546 1290 581 quod
1310 546 1354 572 ille
1363 547 1396 573 de
1414 547 1491 574 clade
1505 548 1628 582 ejusdem
1644 551 1802 579 (.‘onstantis
1819 553 1903 581 refert

261 589 429 623 CCXXXIII,
445 590 473 622 1,
493 594 519 617 et
535 590 614 625 plura
629 589 663 617 de
676 589 824 616 Palteslina
840 588 1005 620 CCXXXVI,
1022 589 1049 621 6,
1064 589 1090 616 9.
1109 589 1160 616 Sed
1173 591 1238 617 alibi
1253 591 1395 617 Ccdrenus
1411 592 1529 625 amplior
1544 599 1679 628 estquam
1696 594 1842 631 Georgius,
1855 606 1900 626 ex.

262 642 302 669 gr.
319 641 344 661 c.
358 633 440 665 CXV,
455 634 483 666 2,
506 634 532 660 iit
550 634 666 668 epistola
680 633 782 661 Christi
802 633 834 660 ad
854 633 1004 676 Abgarttm,
1025 633 1166 660 CLXXVII
1182 638 1208 661 et
1224 633 1356 661 CLXXIX
1380 635 1406 661 in
1429 637 1505 663 Actis
1527 636 1556 664 S.
1576 637 1714 671 Silvestri,
1731 640 1899 676 CCXXXIV,

261 677 328 705 6-10
344 678 371 704 in
389 681 478 704 morte
493 676 655 703 Constantis
673 676 691 703 1⁵.
710 676 838 709 IIeraclii,
854 675 995 703 CCXXXV
1010 677 1036 703 in
1053 677 1108 703 vita
1126 676 1335 708 Mohammedis,
1352 677 1397 704 ubi
1415 682 1504 704 tamen
1521 678 1535 713 §
1551 679 1583 705 1?
1598 681 1666 706 duas
1679 681 1797 716 integras
1813 683 1901 710 lineas

260 721 401 749 Cedrenus
416 729 448 748 ex
467 721 681 748 homoioteleuto
702 721 830 748 omisisse
845 721 1079 755 deprehenditur;
1107 721 1215 755 propria
1243 721 1330 747 eidem
1355 727 1419 748 sunt
1445 728 1576 756 praeterea
1595 732 1656 759 quae
1672 725 1705 751 ad
1720 726 1898 761 CCXXXVII,

260 768 288 799 5,
304 767 338 794 de
354 766 489 793 fratribus
504 765 638 801 Pogonali
654 766 852 800 apposuimus;
869 765 1037 797 CCXXXIX,
1056 766 1081 798 1,
1099 766 1132 792 de
1149 765 1299 800 imaginum
1317 766 1409 799 cultu;
1424 766 1452 796 2.
1467 768 1500 794 dc
1517 771 1722 802 oppugnatione
1737 771 1803 805 CP.;
1817 772 1843 802 8,
1865 773 1900 800 dc

260 811 442 846 Bngarorutn
460 811 640 844 incursione;
660 810 750 838 CCXI.
763 811 796 837 de
812 810 964 842 Illardaitis,
981 809 1096 837 CCXLII
1111 810 1144 836 de
1170 808 1316 835 Justiniani
1331 809 1351 835 II
1368 809 1456 836 reditu
1473 818 1561 845 usque
1578 813 1611 838 ad
1627 814 1791 841 Artemium.
1806 815 1872 843 Inde
1884 824 1898 844 a

259 855 393 883 Michaele
408 855 416 882 Ι
430 855 545 882 nimium
562 855 650 881 variat
666 855 807 882 Cedrenus
828 863 842 881 a
864 854 980 889 Georgio
1004 862 1086 888 quarti
1109 859 1138 881 ut
1159 861 1221 880 cum
1239 860 1271 880 eo
1285 855 1402 888 amplius
1416 855 1535 882 conferri
1551 858 1653 891 possit;
1669 867 1755 892 quare
1773 860 1898 887 varietati

261 901 336 928 illius
350 901 402 927 sub
416 904 492 926 textu
507 899 671 926 adnotanda:
688 899 787 926 exinde
802 899 879 926 locus
891 906 946 926 non
959 905 1028 931 erat,
1045 899 1090 925 tibi
1107 898 1176 925 alios
1188 900 1338 932 scriptores
1355 904 1454 932 praeter
1474 899 1621 933 Georgium
1638 907 1761 929 nostrum
1786 909 1898 931 secutus

260 953 321 973 esse
335 945 456 972 videlul‘.
478 943 533 970 Leo
547 942 753 971 Grammaticos
771 951 846 974 vero,
871 943 1051 978 ejusdemque
1072 942 1169 970 farinae
1186 943 1335 977 scriptorcs
1359 942 1448 970 Julius
1466 943 1637 979 Polydeuces
1661 946 1714 982 (P.)
1731 952 1756 974 et
1772 947 1899 976 Theodo—

261 990 318 1017 sius
334 988 411 1024 (Th.)
430 989 490 1023 pari
505 993 533 1016 et
545 988 603 1023 puti
623 988 809 1022 exscriptores
825 987 934 1022 Georgii
950 986 1048 1023 [XIV]
1065 994 1127 1015 esse
1141 987 1278 1020 videntur,
1292 995 1355 1014 Cllm
1372 988 1475 1022 proprii
1494 989 1561 1015 nihil
1583 990 1712 1022 habeant,
1730 992 1777 1019 sed
1794 992 1901 1020 brevio-

262 1035 338 1062 ribus
352 1038 459 1061 tantnm
476 1034 609 1061 verbis-et
623 1033 820 1060 communibus
833 1037 958 1063 utantur,
973 1031 1018 1058 ubi
1034 1031 1262 1066 chronographus
1275 1035 1369 1058 noster
1384 1031 1493 1066 longior
1506 1032 1547 1059 vel
1562 1032 1689 1060 dilfusior
1702 1035 1744 1062 rel
1756 1036 1901 1063 obscurior

262 1080 358 1107 iisdem
374 1078 525 1106 videretur.
545 1077 637 1111 Quare
654 1077 816 1104 varietatem
832 1077 930 1104 harum
941 1077 1125 1112 epitomarum
1141 1075 1237 1111 paucis
1252 1076 1279 1103 in
1296 1076 1375 1108 locis,
1393 1076 1440 1111 qui
1453 1077 1575 1112 corrupti
1591 1078 1708 1106 habendi
1724 1085 1796 1110 sunt,
1812 1081 1900 1108 adno~

261 1124 392 1152 lavimus.
410 1121 466 1150 Leo
480 1121 662 1154 corrigendos
676 1125 718 1148 est
737 1120 893 1155 chorgio,
911 1127 974 1147 eum
991 1120 1153 1154 compendia
1168 1120 1313 1155 scriptura:
1337 1119 1372 1147 ab
1392 1121 1497 1148 editore
1514 1121 1614 1150 Leonis
1630 1123 1732 1158 sacpius
1756 1132 1899 1160 perperam

261 1170 382 1197 resoluta
398 1169 463 1196 sint.
482 1167 525 1195 Cf.
541 1167 569 1194 in
584 1165 647 1193 Vita
662 1165 781 1193 Romani
799 1164 808 1191 I
822 1164 835 1201 ᾗ
849 1166 894 1198 57,
910 1173 937 1200 p.
954 1164 1017 1198 816,
1035 1169 1062 1192 et

955 1164 1017 1198 816,
1035 1169 1063 1192 et
1077 1165 1105 1192 in
1127 1165 1148 1191 1'.
1163 1164 1228 1197 851,
1246 1163 1415 1199 προτελευτᾷ
1438 1172 1487 1199 pro
1506 1165 1756 1202 Πρώ(τῃ)τελευτᾶ.

297 1226 312 1262 §
332 1226 375 1253 15.
393 1223 515 1253 Itacismi
530 1232 633 1251 errores
657 1223 684 1250 in
711 1223 805 1251 codice
826 1227 922 1250 nostro
942 1223 1039 1250 obvios
1056 1223 1138 1250 tacite
1159 1222 1380 1253 entendavimus,
1398 1228 1426 1249 et
1447 1229 1509 1254 qua:
1522 1230 1635 1250 sensum
1653 1223 1811 1258 turbabant,
1824 1233 1851 1253 ν.
1873 1234 1899 1254 c.

262 1281 289 1308 p.
303 1272 365 1304 112,
383 1271 445 1300 131.
464 1268 525 1301 160,
539 1267 705 1303 coniecturis
720 1267 748 1294 in
765 1272 869 1295 textum
886 1267 1005 1302 receptis
1019 1274 1069 1302 pro
1084 1266 1188 1294 viribus
1205 1273 1306 1292 sanare
1322 1266 1491 1297 studuimus.
1511 1267 1615 1295 codicis
1631 1272 1722 1294 tamen
1740 1268 1857 1297 lectione
1871 1270 1899 1297 in

262 1316 387 1351 margine
401 1313 531 1342 inferiore
547 1317 696 1345 annotata;
712 1317 810 1339 caetera
825 1312 859 1339 iis
875 1312 922 1346 qui
940 1311 1058 1338 aliorum
1081 1311 1207 1338 codicum
1234 1317 1286 1345 0pc
1309 1310 1363 1337 frui
1382 1314 1524 1346 poterunt,
1540 1312 1712 1339 emendanda
1727 1313 1898 1348 reliquimus.

262 1362 338 1389 Alias
360 1359 534 1394 conjecturas
552 1365 614 1392 quae
631 1357 664 1383 ad
682 1363 794 1383 sensum
810 1356 976 1383 eliciendum
1002 1357 1093 1383 minus
1118 1357 1282 1383 necessaria:
1305 1355 1481 1388 videbantur,
1509 1357 1534 1383 in
1560 1356 1726 1392 farraginem
1750 1359 1897 1386 lectionum

263 1404 466 1439 relegavimus;
483 1401 666 1435 similiterque
679 1399 856 1432 solmcismis,
869 1400 971 1434 quibus
988 1400 1138 1434 scriptores
1153 1399 1295 1435 Byzantini
1313 1399 1394 1434 hujus
1409 1400 1496 1428 aetatis
1511 1399 1603 1428 referti
1620 1406 1694 1433 sunt,
1707 1404 1896 1435 emendandis.

263 1449 371 1477 scilicet
384 1447 532 1482 participio
547 1445 661 1472 relativo
674 1444 700 1471 in
714 1444 870 1476 absolutum
886 1444 1018 1471 mutando
1031 1447 1064 1477 (α

1095 1452 1113 1471 ).
1129 1444 1156 1474 8.
1168 1443 1214 1475 25,
1230 1444 1274 1476 15,
1291 1443 1429 1476 117,118,
1447 1444 1509 1475 121),
1523 1445 1661 1478 151,154,
1675 1445 1738 1477 “tl,
1754 1446 1816 1479 478,
1832 1447 1896 1479 489,

263 1491 326 1525 502,
343 1491 406 1523 507,
421 1490 483 1522 518,
497 1489 560 1521 511,
576 1488 641 1521 551,
657 1487 720 1519 556,
736 1488 798 1520 562,
813 1488 876 1520 571,
893 1488 956 1520 589,
973 1493 1048 1520 nota,

1095 1487 1128 1521 i0,
1143 1487 1285 1520 500,615,
1300 1488 1364 1520 635,
1379 1488 1442 1520 oss,
1463 1483 1526 1521 eis,
1546 1489 1608 1521 697,
1630 1488 1691 1521 7:9,
1707 1491 1830 1525 apparet)
1851 1498 1896 1517 su-

263 1535 453 1572 persedimus;
468 1541 531 1561 nam
544 1533 632 1560 :etatis
643 1533 698 1568 jam
712 1537 776 1559 sunt
789 1532 855 1559 vitia
871 1537 898 1559 et
912 1533 1065 1567 seriptoris,
1081 1540 1135 1559 non
1148 1534 1327 1567 descriptoris
1342 1539 1390 1561 aut
1403 1534 1518 1566 codicis,
1534 1539 1562 1561 ut
1576 1539 1603 1561 et
1619 1533 1713 1562 formae
1729 1535 1895 1570 Θυγατέραν,

262 1581 340 1612 Δίαν,
356 1585 423 1612 etc.,
449 1578 476 1605 in
501 1577 685 1612 scriptoribus
709 1584 819 1611 quoque
841 1576 1039 1604 ecclesiasticis
1055 1577 1152 1603 obviae.
1178 1576 1280 1604 Confer
1303 1578 1386 1604 etiam
1413 1577 1483 1613 πλὴν
1511 1578 1707 1606 adverbialiter
1730 1584 1894 1614 usurpatqu

262 1634 290 1661 p.
304 1624 355 1652 109
371 1628 399 1651 et
413 1622 475 1655 118,
492 1620 690 1656 app05itionem
707 1620 763 1647 alio
777 1627 843 1648 casu
858 1621 976 1655 positam
993 1620 1057 1653 474,

761 1627 843 1648 νεαδιι
858 1621 976 1655 positam
993 1620 1057 1653 474,
1070 1620 1134 1654 622,
1155 1621 1218 1654 653,
1233 1622 1398 1650 anacolutha
1413 1622 1476 1653 676.
1499 1614 1562 1650 ϋὲθ.

299 1681 315 1716 §
331 1680 376 1708 16.
391 1680 457 1713 Quae
469 1679 543 1706 uncis
559 1678 569 1714 [
588 1677 599 1714 ]
620 1678 724 1704 inclusa
741 1681 816 1710 sunt,
830 1677 858 1704 in
874 1678 968 1706 codice
984 1683 1089 1711 nosuo,
1103 1678 1240 1706 excidisse
1250 1678 1377 1706 videntur
1389 1678 1495 1706 librarii
1507 1679 1627 1713 incuria,
1640 1684 1722 1716 atque
1733 1686 1748 1708 e
1762 1678 1897 1712 Cedreuo.

262 1725 354 1753 Leone
366 1724 408 1750 vel
423 1723 484 1750 aliis
496 1730 510 1749 e
523 1721 665 1748 codicibus
678 1721 787 1756 Georgii
802 1720 927 1756 suppleta
939 1725 1014 1753 sunt,
1032 1725 1168 1756 quotquot
1184 1722 1264 1749 nobis
1278 1727 1378 1756 prwsto
1394 1727 1483 1750 erant.

297 1767 365 1800 Quae
376 1766 458 1801 signis
473 1765 671 1800 parettlltest'um
686 1764 694 1799 (
714 1765 724 1799 )
742 1764 930 1798 continentur,
943 1772 958 1791 a
973 1765 1100 1793 Ccdreno
1111 1766 1215 1793 omissa
1232 1769 1309 1794 sunt.

354 1821 387 1847 Α.
403 1828 440 1846 =
458 1819 543 1846 codex
559 1817 768 1845 Ambrosianus.

351 1854 423 1919 ἓν]
435 1854 547 1894 [Al/1.”:
559 1853 736 1881 Athanasius.

378 1911 383 1917 .
400 1899 437 1915 :
450 1889 566 1916 llasrltus
587 1887 711 1919 Magnus.

378 1911 383 1917 .
400 1887 437 1915 .4.-
450 1889 566 1916 llasilius
587 1887 711 1922 Magnus.

354 1926 418 1953 Bar.
434 1925 460 1955 1.
477 1924 495 1951 (Ξ.
511 1933 542 1948 =
556 1923 664 1951 codices
681 1922 838 1950 Barocciaui

351 1961 383 1989 ϐ.
399 1959 628 1987 :Coisliniantts
643 1958 727 1985 codex
745 1958 804 1985 1M.

351 1996 415 2024 Cerl.
432 2004 470 2021 ε·-
483 1994 637 2021 Cedrenus.

352 2031 417 2058 Chr.
432 2039 469 2055 =
482 2029 708 2064 Ghrysostomus.

352 2065 435 2094 Coisl.
453 2064 505 2092 510
519 2063 546 2090 et.
561 2064 613 2090 505
632 2072 664 2088 =
680 2063 839 2091 Coisliniani
855 2064 966 2093 codices
983 2065 1035 2092 510
1050 2070 1076 2093 et
1093 2065 1154 2093 505.

351 2101 419 2129 Cod.
434 2109 470 2125 ,τ-
483 2099 568 2126 codex
584 2099 767 2133 Mosquensis.

351 2137 442 2164 Const.
459 2134 676 2163 ConStitutiones
691 2135 888 2164 apostolorum.

351 2171 430 2200 Cont.
445 2179 482 2196 =
495 2169 677 2197 Continuator
695 2169 880 2198 Theoohauis.

350 2206 412 2242 Cyr.
431 2204 604 2242 :Cyrillus.
620 2241 623 2242 ν
666 2205 669 2207 ’

351 2240 385 2269 οἱ
401 2250 438 2266 =
453 2240 598 2274 Dionysius
613 2240 786 2275 Areopagita.

351 2276 402 2310 Ep.
419 2285 455 2300 τ-
470 2274 649 2309 Epiphanius.

350 2309 398 2339 Cr.
413 2320 449 2336 =
463 2309 621 2343 Gregorius.

351 2346 433 2373 Hom.
449 2354 486 2370 :::
502 2344 625 2372 Humilia:
641 2344 916 2375 Pseudo-Clctnentis
932 2346 1058 2375 Romani.

349 2380 408 2408 Joc.
423 2390 459 2406 r:
472 2379 608 2414 Iosephus
622 2380 742 2408 Flavius.

351 2416 388 2445 Is.
406 2425 443 2442 =
459 2415 593 2443 Isidorus.

350 2453 382 2480 ι.
396 2461 434 2478 =
453 2451 507 2478 Leo
521 2449 734 2480 Grammaticus.

351 2487 422 2523 Lips.
435 2487 573 2523 =Vcodex
588 2486 757 2523 Lipsiensis-

349 2522 388 2550 ML
409 2532 444 2548 =
459 2522 595 2550 Maximus
609 2522 770 2551 Confessor.

352 2559 388 2587 κ.
407 2559 432 2591 1,
448 2560 466 2585 2
482 2559 522 2585 vel
544 2557 618 2584 Man.
635 2558 662 2590 1,
673 2558 700 2586 2.
712 2568 748 2583 =
762 2559 872 2586 codices
895 2558 1071 2586 Monacenses
1090 2558 1103 2585 1
1120 2563 1148 2586 et
1162 2558 1190 2588 2.

347 2595 373 2623 θ
386 2603 423 2620 :=
440 2594 525 2622 codex
540 2593 713 2622 Oxotiiensis.

348 2629 382 2657 P.
396 2630 433 2655 Ξ
446 2629 532 2657 editio
545 2627 718 2662 Parisiensis,
734 2629 831 2662 invito,
849 2634 878 2656 ut
894 2628 993 2656 [Iasius
1009 2633 1135 2662 testatur,
1150 2629 1244 2657 codice
1258 2628 1321 2657 Par.
1342 2630 1421 2658 1705.

348 2663 410 2693 Pal.
431 2675 463 2690 =
476 2664 562 2695 codex
581 2662 730 2692 Palatinus.

351 2699 417 2736 far.
431 2709 467 2736 :.
479 2698 590 2736 codices
602 2698 771 2727 Parisienses
787 2699 902 2736 17011—
920 2698 1000 2731 1708,
1017 2699 1153 2736 praecipue
1170 2698 1270 2736 Regius
1287 2700 1366 2729 1705.

349 2734 383 2770 Ρ.
396 2739 423 2762 et
437 2735 498 2761 Pol.
511 2742 548 2759 =
567 2733 745 2770 Polydeuces,
767 2736 828 2763 cdd.
844 2735 974 2763 Bianconi
993 2733 1024 2762 et
1037 2733 1177 2763 llardtius.

346 2769 383 2796 11.
400 2778 438 2796 :::
453 2771 556 2804 Regum
572 2769 644 2798 libri.

351 2805 398 2843 Th.
414 2813 454 2843 :=_
467 2804 805 2843 TheodosiusMelitinus,
822 2806 901 2842 cujus
916 2805 1048 2834 lectiones
1065 2806 1202 2835 variantes
1215 2807 1362 2843 exscripsit
1374 2806 1552 2837 doctissimus
1579 2808 1620 2836 vir
1640 2807 1673 2836 G.
1690 2806 1719 2835 L.
1737 2807 1784 2836 Fr.
1801 2808 1890 2838 Tafel.

354 2839 384 2866 V.
395 2848 432 2864 =
447 2840 470 2869 1,
485 2841 502 2864 δὲ
517 2840 624 2867 codices
639 2839 864 2869 Vindobouenses
880 2843 890 2869 1
909 2848 934 2868 et
949 2843 976 2868 2.

356 2874 415 2914 Kal.
431 2884 467 2900 :
479 2875 722 2914 cod‘ices_‘v\’aticatti
737 2878 787 2905 1571
803 2884 828 2905 et
845 2878 904 2911 155,
920 2877 1056 2914 prtecipue
1076 2878 1160 2913 prior.

357 2909 419 2939 Ven.
433 2919 470 2936 =
483 2910 568 2938 codex
587 2909 716 2940 Venetus.
