2030 3152
277 208 312 239 23
953 208 1248 238 PROLEGOMENA.
1876 209 1912 241 24

276 269 304 292 et
330 267 451 298 exegeta:
476 265 652 292 Alexandrini
681 265 743 297 569,
776 266 828 297 19;
855 265 891 292 cf.
925 265 975 292 551
1006 265 1039 293 de
1073 263 1157 301 [XXI]
1185 264 1296 293 Iustino
1328 265 1362 298 Il,
1403 266 1510 293 caeteris
1542 266 1568 293 in
1590 265 1670 294 codd.
1699 265 1911 301 desiderantur;

273 308 306 335 3°
324 314 339 335 e
355 307 509 343 Logathela,
532 308 580 335 τοῦ
605 308 755 342 Λογοϐἐτου
783 316 809 343 p.
837 308 884 340 80,
907 308 941 336 18
954 309 1040 343 (14⁸),
1060 309 1074 336 7

1116 308 1165 341 ,4,
1183 309 1272 344 (182-)
1285 315 1312 337 et
1327 309 1391 341 851,
1411 309 1443 336 ει
1464 309 1567 345 (205a).
1582 309 1650 342 Quae
1664 310 1759 337 ultima
1775 317 1838 338 cum
1855 311 1911 339 sint

275 351 393 387 Georgio
406 352 570 385 recentiora,
589 360 603 380 a
621 352 815 380 continuatore
842 352 966 388 ejusdem
990 354 1037 387 qui
1059 352 1237 387 Logothetam
1262 353 1409 386 excerpsit,
1432 352 1562 387 adjuncta
1583 358 1658 384 sunt,
1676 361 1722 381 ex.
1746 362 1789 390 gr.
1808 355 1835 381 in
1847 353 1913 383 Vita

275 393 447 431 Theophilig
468 396 549 424 19—29
577 404 638 431 qua:
658 395 836 424 Cnisliuianis
865 397 893 424 in
911 397 1053 424 codicibus
1075 397 1187 430 desunt,
1211 397 1259 425 sed
1276 397 1338 424 aliis
1368 397 1395 424 in
1418 397 1561 424 codicibus
1582 397 1718 431 ampliora
1734 397 1912 427 inveniuntur

276 447 359 474 quam
379 440 406 466 in
419 440 554 467 breviario
570 440 716 477 Symeonls
729 440 814 468 edito.
828 441 894 469 Post
907 446 988 469 notas
1001 441 1167 477 marginales
1183 441 1210 468 in
1228 445 1331 468 textum
1352 440 1482 472 insertas,
1494 440 1604 475 Georgii
1619 441 1705 476 ipsius
1723 445 1814 469 textus
1831 449 1911 470 resu-

275 485 360 511 mitur
373 484 493 512 formula
505 485 658 520 Γεωργίου,
674 490 704 512 ιιι
717 485 777 518 11a,
792 486 911 520 adjecta.
926 485 1019 518 Quare
1030 490 1102 512 nota:
1119 485 1171 512 illae
1191 484 1253 512 aliis
1269 492 1284 512 e
1308 484 1387 511 libris
1400 484 1501 519 quibus
1518 485 1638 519 scriptor
1654 492 1723 512 usus
1740 491 1792 517 est.
1807 485 1915 515 codicis

274 527 394 561 margini
413 529 540 563 ascriptae
555 530 714 564 neutiquam
736 534 899 563 argumento
917 529 1049 557 inservire
1071 532 1189 564 possunt
1209 527 1298 562 ipsum
1315 531 1420 555 textum
1434 527 1544 562 Georgii
1561 536 1615 554 non
1631 535 1704 560 esse,
1720 528 1792 556 sicut
1809 529 1914 557 Undol-

275 571 350 598 scius
364 571 450 598 voluit
467 580 493 606 p.
511 572 544 600 10
560 577 587 600 et
603 574 638 601 33
657 574 860 601 dissertationis
884 581 941 601 suae
960 574 994 601 de
1011 573 1173 600 Hamartolo
1190 573 1309 607 scripta',
1327 573 1373 599 sed
1395 572 1486 607 potius
1508 573 1626 606 probant
1645 572 1755 608 Georgii
1776 574 1859 602 verba
1877 574 1914 603 ab

276 615 310 642 iis
326 614 426 642 diserte
438 615 569 650 distingui
590 625 651 651 quae
670 618 733 645 aliis
748 624 763 644 e
784 616 907 644 fontibus
925 617 990 644 huic
1011 617 1100 644 codici
1118 624 1132 643 a
1149 616 1261 643 librario
1277 616 1380 643 inserta
1403 620 1478 642 sunt.
1501 615 1590 643 Simili
1608 617 1692 644 modo
1702 617 1789 645 codici
1807 618 1912 646 inserta

275 666 337 686 csse
356 658 484 685 videntur
498 664 524 686 et
537 660 654 695 reliqua,
676 669 737 696 quae
751 660 918 696 Hosquemis
937 662 1010 688 solus
1027 660 1118 694 habet,
1136 668 1180 686 ex.
1201 667 1244 694 gr.
1265 667 1290 686 c.
1304 659 1372 690 CXI,
1388 659 1487 691 20722,
1510 660 1543 686 de
1561 664 1682 694 quatuor
1702 659 1819 688 llerodis
1836 661 1912 695 ﬁliis,

275 703 321 730 ubi
339 702 478 730 Cedrenus
492 708 520 730 et
546 704 683 739 interpres
705 705 866 733 Slavonicus
883 705 896 741 §
915 705 947 732 21
968 709 1073 732 tantum
1099 707 1252 735 noverunt;
1270 701 1376 735 CXXV,
1397 703 1425 735 ὅ,
1440 707 1466 729 et
1486 702 1616 734 CXXVII,
1638 703 1665 734 1.
1684 703 1717 730 de
1735 702 1914 738 Vespasiano,

275 755 338 774 cum
352 746 491 775 Cedrenus
508 749 659 777 secundum
669 749 772 781 locum,
789 757 843 776 non
859 757 923 777 vero
940 754 1087 784 utrumque
1103 747 1213 779 referat,
1233 747 1397 775 Slavonicus
1411 748 1548 782 primum;
1562 755 1588 774 c.
1605 746 1751 778 CXXXVI,
1765 747 1795 781 5,
1812 749 1913 776 mentio

274 790 406 819 Cerdonis
420 792 446 818 in
465 792 576 820 Adriani
591 793 650 820 Vita
663 793 733 821 facta
749 794 820 828 apud
830 793 940 821 eosdem
955 794 1042 825 deest,
1056 797 1082 819 et
1098 792 1133 819 ab
1146 791 1327 827 ipsoGeorgio
1343 791 1370 818 in
1383 791 1444 819 Vita
1457 791 1586 818 Antonini
1601 791 1744 822 CXXXVI,
1758 791 1774 818 6
1785 811 1791 823 ,
1809 793 1914 827 reperi-

274 839 331 868 tur,
343 835 387 862 ubi
401 835 425 871 (§
438 836 455 863 4
470 841 498 864 et
515 836 542 869 5)
558 837 728 865 Bardesanes
749 838 790 865 bis
811 843 990 870 memoratur,
1005 837 1128 864 Cedreno
1144 840 1171 863 et
1185 835 1274 863 Leone
1290 843 1351 862 cum
1372 834 1385 870 ᾗ
1407 835 1424 861 5
1439 835 1686 863 consentientibus.
1710 834 1792 862 Iidem
1816 835 1912 863 Irones

275 879 384 907 occisos
400 887 460 906 cum
475 880 591 915 Georgio
610 881 700 916 (CXL,
716 881 744 917 8)
765 881 926 914 Commodo,
943 889 996 909 non
1012 881 1102 908 Marco
1115 880 1279 910 attribuunt,
1296 884 1325 906 ut
1341 878 1509 911 CXXXVIII,
1529 879 1546 906 6
1564 880 1676 914 legitur;
1691 887 1716 906 c.
1735 879 1863 912 CXLVII,
1885 881 1914 907 1,

275 924 434 950 nominatur
452 924 600 958 Maximus,
618 926 665 960 qui
678 925 705 961 (§
719 926 746 961 3)
759 933 821 953 cum
834 926 959 953 Cedreno
986 930 1013 953 et
1031 925 1120 952 Leone
1137 929 1251 951 vocatur
1266 923 1450 955 Maximinus;
1465 922 1508 950 CL
1525 922 1761 958 Balbinusjunior
1773 931 1836 951 cum
1852 924 1906 952 Ce-

276 967 361 994 dreno
373 971 434 1002 post
452 967 588 1002 Papinum
605 974 782 1003 memoratur,
805 969 852 996 sed
868 968 934 1002 CLI,
952 968 981 1001 2,
1001 973 1064 1003 post
1077 968 1267 1001 Gordianuui;
1291 967 1344 995 Leo
1367 968 1439 994 hunc
1460 964 1656 1002 imperatorem
1675 968 1784 1001 penitus
1801 969 1913 1001 omisit;

275 1009 366 1043 CLIV,
384 1011 408 1041 1.
421 1012 448 1044 2,
462 1011 625 1040 Valerianus
641 1013 866 1046 bisuominatur;
880 1013 1021 1040 Cedrenus
1037 1013 1186 1040 secundum
1201 1017 1305 1039 tantum
1322 1012 1412 1039 locum
1426 1012 1546 1046 repetiit;
1562 1011 1728 1043 CLXXXVI,
1740 1012 1757 1038 2
1771 1018 1796 1039 et
1808 1013 1835 1044 5,
1854 1013 1917 1040 Dio-

275 1055 387 1082 cletiani
405 1055 621 1091 Maximianique
637 1057 700 1085 linis
712 1057 766 1090 bis,
781 1065 796 1084 a
807 1057 931 1085 Cedreno
943 1057 1092 1085 secundum
1105 1057 1118 1093 ᾗ
1131 1058 1149 1084 2
1162 1061 1341 1084 memoratur.
1357 1056 1400 1084 Cf.
1414 1056 1567 1087 CLXXVII,
1585 1056 1612 1089 7,
1631 1057 1674 1087 12,
1693 1055 1836 1089 CLXXXI,
1855 1056 1870 1083 7
1889 1062 1917 1084 ct

275 1097 429 1130 CLXXXII,
447 1099 590 1132 CLXXXI,
618 1100 661 1127 1-8
678 1106 704 1127 et
730 1100 895 1133 CLXXXIII,
921 1102 948 1134 7,
975 1100 1140 1129 CLXXXVII
1163 1105 1191 1128 et
1212 1099 1403 1130 CLXXXVIII,
1426 1101 1451 1132 1,
1477 1099 1606 1132 CLXXX,
1627 1100 1644 1126 3
1663 1104 1690 1126 et
1704 1099 1870 1131 CLXXXIII,
1886 1102 1916 1134 2,

275 1141 439 1174 CLXXXIII,
456 1143 471 1170 6
490 1147 517 1170 et
528 1143 696 1177 CLXXXVI,
713 1145 739 1176 7,
754 1144 807 1176 CC,
826 1145 850 1176 1,
862 1145 889 1177 3,
902 1144 1029 1176 CCXVII,
1040 1146 1090 1172 Set
1101 1143 1243 1176 CCXXIX,
1255 1142 1457 1175 8.CCXXXIII,
1479 1144 1489 1170 1
1506 1149 1532 1170 et
1545 1143 1724 1175 CCXXXVII,
1742 1145 1768 1175 1,
1782 1145 1918 1179 praecipue

276 1193 342 1213 vero
350 1186 529 1219 CLXXXVII,
545 1188 572 1220 3,
587 1196 648 1223 qua:
658 1188 708 1215 sub
720 1192 793 1216 textu
805 1188 877 1216 edita
891 1193 965 1221 sunt,
980 1189 1043 1223 quia
1060 1188 1135 1216 nullo
1149 1188 1203 1215 alio
1215 1188 1241 1214 in
1256 1188 1350 1215 codice
1360 1188 1547 1219 inveniuntur,
1560 1186 1673 1219 CCLIII,
1684 1188 1698 1214 7
1712 1188 1847 1215 Anastasii
1867 1195 1916 1223 pa-

276 1230 405 1258 triarchae
421 1231 504 1258 verba
519 1236 546 1258 et
561 1236 676 1263 sortem,
694 1240 756 1267 qum
769 1232 804 1259 27
819 1233 853 1260 de
870 1233 1053 1260 Constantino
1067 1237 1239 1266 repetuntur,
1255 1232 1289 1259 55
1305 1236 1331 1258 et
1344 1231 1380 1258 40
1400 1232 1602 1266 expeditionem
1622 1232 1649 1259 in
1669 1231 1801 1266 Bnlgaros
1817 1231 1914 1260 iisdem

276 1274 368 1302 verbis
391 1276 516 1307 relatam,
539 1275 680 1308 CCXXVI,
694 1277 721 1307 6,
736 1277 762 1303 in
786 1276 838 1303 line
852 1277 985 1304 visionem
1006 1278 1198 1308 monasticam,
1212 1275 1352 1308 CCXXVI,
1369 1275 1395 1308 6,
1414 1275 1441 1307 7,
1454 1275 1500 1307 22,
1514 1274 1651 1307 CCLVIII,
1672 1275 1699 1307 2,
1716 1276 1743 1308 3,
1754 1277 1781 1309 4,
1792 1275 1915 1309 CCLXII,

276 1317 304 1350 1,
323 1320 350 1348 2.
364 1318 380 1345 6
403 1324 430 1346 et
443 1319 494 1345 alia
505 1319 566 1353 plus
582 1319 673 1347 minus
693 1321 859 1355 apocrypha,
873 1328 918 1348 ex.
930 1329 972 1356 gr.
984 1320 1156 1353 c.CCLXllI,
1173 1320 1215 1354 10,
1230 1320 1273 1352 11,
1286 1327 1347 1354 quae
1368 1320 1394 1346 in
1412 1319 1425 1356 §
1445 1320 1461 1347 3
1477 1319 1600 1355 ejusdem
1619 1320 1717 1355 capitis
1732 1323 1759 1347 et
1777 1319 1919 1353 CCLXIV,

276 1362 304 1395 3,
319 1367 490 1396 repetuntur.

311 1405 340 1432 In
367 1407 486 1441 margine
514 1414 577 1434 vero
601 1407 704 1435 codicis
721 1408 762 1434 vel
790 1407 908 1440 laterali,
924 1409 965 1436 vel
991 1410 1137 1443 superiori,
1153 1410 1194 1436 vel
1216 1409 1341 1436 inferiori
1364 1410 1534 1436 mreninntur
1549 1418 1564 1436 a
1582 1409 1669 1442 prima
1691 1416 1772 1436 manu
1790 1409 1911 1443 ascripta

276 1458 336 1485 qua?
349 1449 460 1477 Cedreni
472 1457 495 1477 et
509 1450 603 1478 Leonis
622 1452 648 1478 in
663 1456 763 1478 textum
776 1452 952 1479 transierunt.
966 1452 1057 1480 Prima
1073 1463 1077 1479 ‹

1110 1454 1207 1480 ismodi
1226 1458 1290 1480 nota
1304 1453 1401 1488 legitur
1411 1453 1470 1480 ΗΒ)
1487 1451 1696 1487 προσκυνοῦμεν
1709 1453 1755 1478 καὶ
1769 1452 1908 1487 κηρύττο-

280 1503 330 1529 μεν
357 1493 453 1520 τοῦτον
469 1495 549 1529 μόνον
567 1492 637 1521 εἶναι
660 1496 728 1521 θεὸν
755 1495 882 1530 ἀληθινὸν
902 1497 948 1522 καὶ
970 1496 1062 1531 πάσης

1111 1496 1202 1526 εἰσεως
1225 1496 1362 1530 (editionis
1384 1500 1484 1523 nostrae
1507 1504 1534 1531 p.
1563 1496 1618 1531 419),
1643 1495 1761 1523 secunda
1794 1503 1803 1523 :
1830 1495 1859 1521 4·
1878 1496 1912 1522 ad

278 1547 304 1573 p.
326 1537 375 1572 53;
403 1538 597 1565 Ἐνεοσκοπίαν
620 1538 731 1573 λέγεται
756 1538 936 1575 ἐξευρηκέναι
962 1540 1079 1575 Τιλεγόνι

1131 1541 1209 1568 tertia
1243 1541 1276 1568 ad
1298 1541 1332 1568 55
1354 1549 1360 1568 :
1383 1540 1534 1572 Ποσιδῶνος
1549 1540 1732 1574 σύγγραμμα,
1750 1544 1847 1574 quarta
1871 1540 1905 1566 a1

277 1583 312 1610 53
339 1592 347 1610 :
377 1583 463 1610 Τοῦτο
490 1583 645 1618 συνέγραψε
672 1584 856 1619 Ξενοκράτης,
877 1584 971 1619 quinta
996 1585 1028 1612 ad
1052 1585 1078 1611 52

1109 1606 1116 1612 .
1137 1584 1224 1611 Τοῦτο
1244 1585 1399 1621 συνέγραψε
1417 1585 1513 1618 Πόλις;
1530 1586 1561 1612 Sb
1587 1585 1644 1611 Kal.
1671 1585 1826 1618 Ἥφαιστος
1840 1583 1908 1618 παρ’

276 1627 439 1660 Αἰγυπτίοις
460 1627 650 1655 ἐδυνάστευεν.
665 1637 702 1652 =
718 1627 784 1654 Ced.
796 1628 840 1660 35,
856 1627 906 1659 12;
924 1628 975 1655 471)
997 1630 1010 1654 ὁ
1028 1629 1077 1655 σικ⁴

1113 1638 1120 1660 ;
1135 1629 1166 1656 τὸ
1180 1630 1310 1664 τέταρτον
1328 1630 1378 1665 τῆς
1397 1629 1513 1663 οὑγγίας
1527 1629 1649 1664 (υηείιιι).
1665 1628 1766 1655 Confer
1783 1627 1914 1655 editionis

277 1675 379 1699 nostra:
398 1678 426 1705 p.
444 1670 479 1698 85
494 1679 556 1699 cum
574 1671 673 1698 Leonis
688 1677 715 1699 ct
730 1670 820 1706 Glycxe
837 1672 904 1699 loris
918 1672 1018 1699 ibidem
1039 1673 1171 1706 laudatis,
1190 1681 1216 1708 p.
1234 1673 1284 1700 117
1308 1681 1370 1701 cum
1390 1673 1535 1705 Cedreno;
1561 1677 1625 1699 nota
1645 1681 1671 1706 p.
1693 1671 1744 1698 129
1769 1671 1796 1699 in
1817 1676 1916 1699 neutro

278 1716 431 1748 invenitur;
457 1719 528 1742 notae
545 1715 710 1748 marginales
726 1723 752 1750 p.
771 1715 835 1743 158.
853 1715 995 1748 “6,528”
1013 1724 1028 1743 a
1043 1716 1167 1744 Cedreno
1185 1722 1301 1751 recepta:
1326 1722 1402 1749 sinit,
1426 1716 1500 1744 698"
1518 1721 1545 1743 et
1569 1716 1642 1749 699‘,
1655 1725 1679 1743 c.
1697 1715 1836 1750 CCLXIIL,
1855 1715 1882 1749 7,
1899 1716 1917 1743 9

280 1769 294 1787 a
309 1759 371 1787 Par.
400 1759 485 1791 1705;
504 1759 589 1787 1.981:
614 1759 640 1786 in
669 1760 791 1791 margine
818 1760 915 1795 legitur
940 1760 1036 1788 notitia
1061 1760 1095 1788 de
1122 1761 1233 1795 pulvere
1257 1769 1342 1788 aureo
1367 1760 1508 1787 Aureliani
1528 1764 1653 1794 tempore
1670 1759 1703 1786 de
1718 1760 1788 1786 coelo
1804 1760 1916 1794 delapso

281 1805 319 1840 (ρ.
346 1803 455 1838 361'“),
485 1811 565 1838 quam
597 1803 654 1838 ipse
671 1803 789 1837 scriptor
807 1812 834 1839 p.
849 1804 900 1832 369
928 1811 958 1831 se
973 1804 1032 1839 eius
1055 1805 1228 1839 imperatoris
1244 1805 1271 1832 in
1293 1804 1348 1831 vita
1368 1803 1497 1831 retulisse
1516 1803 1652 1834 aIIirmat;
1671 1803 1799 1830 similiter
1816 1811 1843 1837 p.
1863 1803 1912 1830 371

279 1854 306 1876 et
317 1848 370 1876 372
385 1849 467 1876 iidem
489 1853 624 1883 martyres
653 1847 681 1875 in
706 1847 830 1882 margine
847 1852 1047 1876 enumerantur
1060 1849 1106 1883 qui
1124 1857 1151 1884 p.
1176 1848 1229 1876 372
1251 1849 1278 1875 in
1306 1852 1380 1875 textu
1400 1853 1482 1878 sunt;
1502 1847 1550 1874 sed
1563 1854 1589 1880 p.
1610 1846 1662 1873 590
1677 1851 1739 1872 nota
1756 1847 1917 1880 marginalis

283 1892 501 1920 Vindohoneusis
516 1899 529 1918 a
550 1892 707 1927 Mosquensi
721 1893 748 1918 in
767 1897 872 1919 textum
891 1897 998 1928 recepta
1014 1898 1066 1925 cst,
1083 1906 1084 1915 ι

1113 1913 1119 1919 .
1136 1897 1215 1920 notas
1229 1900 1274 1927 pp.
1289 1892 1354 1923 279,
1369 1891 1433 1922 592,
1452 1891 1515 1922 339,
1534 1891 1596 1922 401,
1611 1891 1675 1923 402,
1690 1890 1754 1923 409,
1769 1891 1832 1921 415,
1850 1890 1913 1922 4H,

279 1938 344 1970 .115,
363 1937 415 1964 126
431 1937 504 1972 (cum
522 1941 597 1964 textu
614 1937 689 1970 437),
705 1937 769 1968 428,
784 1936 846 1967 561,
864 1936 926 1964 671.
947 1937 1043 1964 Plures
1068 1941 1140 1963 notae
1158 1936 1326 1971 marginales
1346 1943 1432 1962 erasa:
1456 1942 1518 1962 esse
1536 1934 1676 1965 videntur,
1690 1941 1734 1961 ex.
1756 1942 1796 1968 gr.
1815 1931 1916 1969 [XXII]

281 1983 314 2009 de
332 1981 447 2016 Origene
465 1981 526 2012 911’,
540 1980 602 2012 99b,
622 1980 701 2011 109';
717 1979 776 2007 alia:
792 1987 854 2006 cum
869 1980 991 2014 margine
1007 1982 1148 2014 perierunt
1166 1980 1222 2015 (96,
1244 1979 1304 2012 101-,
1330 1979 1391 2010 107,
1409 1979 1471 2010 108,
1491 1978 1553 2010 110,
1576 1978 1626 2005 123
1641 1993 1675 1998 —
1690 1978 1752 2008 1‘25,
1771 1978 1833 2011 1⁸51,
1850 1977 1917 2010 152,

282 2026 346 2057 158,
362 2025 423 2056 171,
438 2024 498 2057 180,
515 2024 575 2051 182.
592 2024 660 2051 Cum
687 2024 757 2052 notis
774 2024 874 2050 ibidem
901 2024 996 2050 deletae
1021 2029 1085 2051 sunt
1110 2023 1191 2051 etiam
1216 2024 1340 2054 rubricw,
1355 2030 1416 2058 quae
1436 2028 1492 2050 tum
1511 2022 1641 2054 minores,
1663 2026 1722 2048 tum
1740 2022 1833 2056 plures
1849 2024 1915 2048 sunt

282 2075 400 2096 numero
420 2075 503 2102 quam
519 2067 546 2094 in
563 2067 643 2095 codd.
662 2067 749 2095 Paris.
765 2067 834 2094 1706
848 2072 875 2094 et
886 2067 1055 2094 Monacensi.
1073 2066 1199 2102 Scriptus
1216 2073 1257 2094 est
1272 2067 1316 2094 hic
1333 2067 1417 2093 codex
1441 2067 1466 2093 1°
1479 2070 1634 2093 atramento
1648 2065 1822 2097 ﬂavescente,
1840 2064 1913 2099 quod

282 2112 384 2147 saepius
404 2111 525 2142 evanuit,
542 2111 679 2147 praecipue
695 2112 721 2139 in
745 2112 818 2139 notis
851 2111 1049 2147 marginalihus
1078 2116 1105 2139 ct.
1134 2113 1161 2139 in
1185 2112 1284 2139 litteris
1304 2112 1456 2138 initialibus
1475 2119 1535 2146 qua:
1552 2111 1578 2137 in
1591 2111 1740 2144 marginem
1758 2110 1915 2137 interiorem

282 2158 353 2185 inter
368 2157 437 2184 duas
456 2156 543 2184 lineas
560 2156 630 2191 stylo
648 2161 774 2184 exaratas
795 2156 916 2191 positum
933 2157 1072 2190 productae
1087 2161 1168 2190 sunt;
1184 2157 1229 2184 illa
1246 2156 1406 2192 marginalia
1431 2164 1495 2183 vero
1512 2156 1583 2183 inter
1600 2155 1749 2182 secundam
1763 2159 1792 2182 ct
1807 2154 1916 2182 tertiam

282 2201 326 2229 vel
346 2206 496 2229 extremam
520 2205 584 2228 sunt
603 2205 706 2232 notata,
725 2200 862 2228 interdum
893 2209 958 2229 vero
977 2201 1017 2228 vel
1038 2202 1108 2229 intra
1132 2202 1232 2229 lineam
1257 2200 1428 2236 superiorem
1456 2199 1667 2228 trausversalem
1686 2199 1728 2226 vel
1745 2206 1827 2233 Supra
1844 2198 1918 2226 duas

282 2246 371 2274 lineas
392 2246 536 2273 interiores
553 2249 618 2273 sunt
634 2250 759 2273 exarata.
778 2246 903 2280 Nigriore
921 2251 1078 2274 atramento
1090 2251 1117 2274 et
1130 2254 1143 2273 a
1160 2245 1281 2274 secunda
1300 2253 1395 2277 manu,
1411 2245 1528 2272 multum
1547 2244 1711 2274 recentiore,
1729 2243 1839 2276 scriptae
1852 2247 1919 2271 sunt

283 2289 488 2317 emendationcs
504 2291 640 2318 nonnulla:
655 2291 696 2317 vel
711 2292 912 2323 annotationes,
934 2292 992 2318 suis
1006 2291 1072 2318 locis
1090 2299 1105 2317 a
1119 2291 1199 2317 nobis
1211 2291 1302 2317 relatze
1319 2298 1362 2316 ex.
1385 2297 1410 2317 c.
1431 2289 1464 2324 ἢν
1496 2293 1558 2315 ante
1579 2288 1691 2323 ἡμέραν
1705 2294 1730 2321 p.
1746 2287 1809 2319 279;
1826 2286 1856 2313 2°
1872 2288 1921 2314 Iit-

284 2334 351 2362 teris
379 2334 555 2365 minusculis;
571 2335 599 2362 5⁸
622 2334 764 2368 spiritibus
790 2334 928 2364 rotundis,
946 2335 1127 2368 apostrophes
1157 2335 1242 2369 signis
1268 2334 1367 2365 nullis;
1385 2333 1414 2360 4°
1428 2343 1436 2359 ι
1455 2340 1504 2359 nec
1534 2333 1691 2367 subscripto
1713 2339 1763 2359 nec
1778 2331 1916 2366 ascripto;

283 2380 315 2407 5°
332 2380 441 2415 punctis
457 2379 606 2414 ctvirgulis
632 2379 780 2409 distinctis,
796 2379 841 2406 sed
861 2379 888 2405 ti“
906 2378 988 2405 trullis
1003 2378 1225 2414 interrogationis
1239 2377 1345 2411 signis;
1362 2377 1414 2404 loci
1432 2376 1551 2403 aliorum
1569 2377 1734 2411 scriptorum
1752 2376 1778 2403 in
1794 2377 1919 2410 margine

284 2428 336 2452 hoc
354 2425 433 2460 signo
450 2423 478 2459 >
492 2424 662 2454 indicantur;
685 2422 711 2448 7°
737 2427 836 2456 puncta
863 2429 944 2456 super
975 2431 983 2448 t
1010 2426 1070 2449 ctu
1094 2429 1154 2448 rara
1177 2428 1223 2448 ex.
1240 2429 1283 2455 gr.
1306 2420 1463 2454 ἐκλῖπαρᾱιν
1488 2429 1514 2455 p.
1544 2420 1612 2453 282;
1629 2422 1658 2447 δ’
1680 2420 1842 2455 compendia
1859 2419 1920 2455 pln-

282 2470 362 2503 rima,
376 2469 404 2496 in
421 2476 475 2496 una
488 2468 584 2503 pagina
597 2466 661 2494 208'
678 2466 732 2493 fere
749 2465 780 2498 L,
800 2473 850 2493 nec
865 2466 924 2492 sine
935 2465 1057 2500 periculo
1071 2465 1173 2492 erroris
1195 2464 1357 2491 resolvenda
1370 2472 1376 2496 ;
1391 2464 1419 2492 9°
1434 2473 1448 2490 ν
1459 2464 1664 2499 ephclcysticon
1687 2470 1751 2491 ante
1780 2471 1920 2491 consonas

282 2520 392 2550 quoque
406 2513 526 2547 ponitur.
545 2511 588 2537 10°
600 2510 718 2538 Itacismi
734 2518 842 2538 errores
857 2509 1073 2545 frequentissimi

1113 2517 1139 2537 κ.
1157 2517 1198 2543 gr.
1215 2508 1333 2543 p.278,7
1350 2509 1660 2544 ἀντιχρήστου,οὔάλις.
1672 2509 1745 2536 sicut
1760 2509 1844 2536 et11°
1859 2508 1914 2535 alia

283 2559 436 2592 sphalmata
450 2565 458 2588 ;
478 2556 514 2583 c1.
532 2563 558 2590 p.
574 2554 671 2586 277,2,
687 2554 814 2580 ἐτελείτω
829 2553 981 2588 προσευχ”,
997 2553 1014 2579 ὅ
1027 2554 1084 2579 ὲκτε

1119 2554 1153 2587 ξς,
1172 2553 1205 2580 14
1219 2554 1275 2584 τοῖς
1296 2568 1329 2572 -
1344 2553 1528 2585 Ναυατινοὺς,
1545 2553 1642 2584 286,11
1661 2553 1887 2584 καταπατοῦντας
1903 2561 1920 2580 a

282 2603 369 2637 prima
389 2608 471 2628 manu
489 2603 654 2629 correctum,
673 2599 893 2632 superscriptns,
913 2597 1014 2629 301,11
1029 2598 1042 2623 ὁ
1064 2597 1078 2623 θ

1117 2607 1125 2624 ι
1140 2598 1214 2632 δῐκη,
1229 2598 1331 2628 505,15
1346 2598 1400 2624 τινι
1415 2613 1450 2619 -
1465 2597 1620 2632 μετιόολήν
1640 2597 1685 2624 12"
1697 2597 1779 2624 Multa
1795 2597 1822 2624 in
1843 2604 1918 2623 mar-

283 2649 345 2680 gine
360 2645 535 2674 inveniuntur
550 2643 661 2677 aprima
680 2650 761 2670 manu
783 2646 875 2669 notata
889 2649 932 2669 ex.
956 2650 997 2676 gr.
1014 2642 1050 2677 Σή
1062 2642 1266 2677 ΞΣημείωπαι
1281 2643 1313 2669 ad
1332 2650 1357 2677 p.
1379 2642 1481 2670 277.21
1497 2641 1616 2671 et277,2
1631 2661 1640 2673 ,
1655 2646 1682 2668 et
1697 2641 1848 2674 saepissime
1867 2641 1919 2675 ὄρει

283 2692 378 2723 281,1,
399 2696 449 2718 etc.
465 2689 516 2724 ὅρα
534 2687 564 2714 τὸ
581 2687 699 2714 ἐλεεινὸν
713 2688 744 2714 τὺ
763 2687 833 2721 μέγα
850 2686 929 2713 τοῦτο
942 2686 1038 2718 288,6,
1050 2687 1101 2722 ὅρα
1114 2687 1162 2713 καὶ
1176 2686 1313 2720 φυλάττου
1330 2685 1385 2712 ἀπὸ
1401 2685 1455 2712 τῶν
1471 2685 1601 2712 τοιούτων
1612 2685 1724 2718 331,25,
1736 2685 1788 2720 ὅρα
1802 2685 1919 2720 φοϐερὸν

284 2734 396 2768 528,16,
409 2733 519 2761 nomina
537 2733 733 2768 prophetarum
752 2732 777 2758 in
797 2735 872 2758 textu
890 2730 1064 2758 laudatorum
1082 2735 1085 2757 τ

762 2739 777 2758 ιι
797 2735 872 2758 textu
890 2730 1064 2758 laudatorum
1082 2731 1146 2763 295,
1165 2732 1198 2758 ἐκ
1216 2731 1264 2757 σοῦ
1286 2738 1334 2766 pro
1349 2729 1378 2762 ἐξ
1392 2727 1424 2758 οὗ
1438 2730 1500 2762 301,
1517 2730 1562 2758 20.

988 2788 1125 2816 S/ECL'LI
1142 2787 1210 2816 XIII.

321 2851 346 2878 7.
365 2849 431 2877 Cod.
452 2849 609 2876 Parisienst's
629 2849 696 2878 1701
713 2858 721 2874 ε
743 2849 979 2880 mcmhrauaccus,
997 2855 1051 2883 quo
1070 2848 1226 2874 continetur
1244 2846 1348 2883 Georgii
1366 2847 1488 2874 monac/ii
1506 2846 1655 2875 chronicon
1669 2846 1704 2873 ab
1721 2845 1788 2873 orbe
1803 2845 1917 2873 condito

286 2894 318 2920 ad
335 2899 456 2929 tempora
479 2902 563 2928 usque
584 2893 710 2920 Maxentii
724 2893 789 2928 imp.
813 2894 850 2920 Ad
880 2894 981 2920 calcem
999 2892 1121 2920 occurrit
1149 2891 1297 2928 Nicephori
1326 2892 1482 2928 philosophi
1501 2895 1592 2927 caput,
1610 2891 1655 2918 ubi
1673 2889 1706 2917 de
1728 2890 1790 2918 liliis
1806 2889 1863 2919 Dei,
1882 2889 1915 2916 de

287 2939 441 2973 gigantibus
476 2939 508 2966 dc
529 2937 642 2965 diluvio.
667 2937 689 2964 1s
716 2938 800 2965 codex
814 2936 874 2964 Xlll
894 2937 923 2964 5"
953 2941 1082 2966 exoratus
1098 2938 1212 2965 videtur.
1235 2947 1242 2963 1
1263 2936 1419 2972 (Catalogus
1437 2936 1515 2965 cod].
1537 2943 1590 2963 ms.
1608 2935 1674 2962 bibl.
1693 2934 1760 2970 Reg.
1781 2934 1801 2961 II
1827 2934 1916 2961 I‘a:is.
