2030 3152
161 182 198 213 69
766 180 950 212 CHRONICC

1020 195 1054 201 ·-
1074 185 1148 216 LIB.
1171 187 1194 217 Ι.
1752 195 1789 226 70

162 232 495 273 περικεκαλλωπισμίνην
507 237 541 264 ⁸⁸.
559 236 615 272 ια
629 235 699 272 Περὶ
712 236 742 263 εδ
755 237 790 264 τὰ
812 236 950 272 κράσπεδα

1005 238 1121 274 Insuper
1132 241 1187 268 alia
1201 241 1315 270 indutu
1322 247 1386 271 erat
1399 244 1490 272 tunica
1498 253 1514 273 e
1524 246 1618 282 bysso,
1629 247 1791 284 hyacintho.

163 283 291 319 ροτσκους
309 280 386 317 εἶχεν
405 283 613 319 thimiame,
631 282 680 310 καὶ
694 283 852 318 ἀναμείξαξῦ
863 283 952 310 αὐτῶν

160 328 281 364 χρυσοῦς
294 328 426 361 κώδωνας
439 330 473 356 ἐκ
486 329 611 365 χρυσίου,
629 329 678 356 καὶ
692 329 717 346 ⁸·
734 329 855 364 καθαροῦ
867 337 875 345 ·
889 329 953 356 ἐπέ-

161 374 246 409 οηιεν
256 374 357 406 αὐτοὺς
372 375 508 410 άναμίσον
517 375 573 402 τῶν
585 375 701 410 ροἲσκων
715 375 761 402 ἐπὶ
775 375 806 402 τὸ
814 375 894 410 λῶμα
904 375 952 402 τοῦ

160 419 295 446 ὕποδιὶτου
305 420 340 436 ⁸⁹·
360 420 463 456 κύκλῳ.
483 419 644 447 Ἐπενδύετο
658 421 682 437 ⁹⁶
699 420 728 446 δὲ
747 420 795 447 καὶ
813 420 894 447 ἀλλον
911 429 953 456 χι-

159 465 245 498 τῶνα,
267 467 300 492 ἐκ
326 465 426 501 βύσσου
450 466 498 493 καὶ
517 465 647 493 ὑακίνθου
670 466 717 492 καὶ
739 465 882 501 πορφύρας
904 467 951 492 καὶ

159 511 289 538 κοκκίνου
309 511 356 538 καὶ
379 511 482 546 χρυσοῦ
505 511 553 538 καὶ
574 510 710 538 παντοίων
731 512 885 547 χρωμάτων
903 520 952 538 πε-

160 555 364 591 ριωραῖσμένον
372 556 419 582 καὶ
431 555 652 591 καθυφασμένον,
660 555 743 591 μέχρι
753 556 807 582 τῶν
821 556 916 591 μηρῶν
927 557 948 572 ⁹¹

159 600 363 636 κατερχόμενον
372 600 417 627 καὶ
433 599 522 635 ζώνην
534 599 630 635 ὁμοίαν
644 602 677 636 τῇ
690 601 787 637 πρώτῃ
798 609 951 635 κατασφιγ-

158 644 288 678 γόμενον,
304 644 378 679 ἥπερ
395 644 418 660 ⁹¹
432 645 540 679 ἐπωμὶς
554 645 600 671 καὶ
611 645 694 678 ἐφοῡδ
704 646 949 681 προσαγορεύεται.

159 689 206 715 Διὸ
221 690 269 715 καὶ
289 689 404 720 ’Δκύλας
426 689 562 724 ἐπένδυμα
580 689 646 716 αὐτὸ
663 689 808 725 κέκληκεν,
823 690 852 716 ἐν
867 687 889 724 ᾧ
902 691 950 718 καὶ

159 736 336 770 ἐπεπόρπουν
352 735 375 750 ’³
387 734 550 770 σαρδόνυχες
561 734 622 762 καθ’
636 735 775 771 ἑκατέρων
789 735 844 763 τῶν
856 735 950 771 ὤμων,

160 781 266 816 χρυσίῳ
284 780 390 816 δοκίμῳ
399 781 587 816 περιεχόμενοι
602 781 650 808 καὶ
664 781 739 808 ἄλλοι
758 781 791 816 ιβ’
803 781 883 814 λίθοι,
900 791 950 817 με·

160 826 239 860 γέθει
254 826 302 853 καὶ
317 826 411 853 κάλλει
423 826 600 862 διαφέροντες
615 826 664 854 καὶ
682 826 835 863 ἀνθρώποις
850 828 951 855 δυσπό-

162 879 260 905 ριστοι,
274 871 373 902 οἵτινες
388 871 434 897 ἐπὶ
450 871 550 906 στίχων
565 871 589 886 ⁸⁵
602 871 624 897 δ’
636 871 807 907 ἑκατέρωθεν
820 871 949 907 προσκεί-

161 924 239 950 μενοι
250 916 297 942 καὶ
305 915 436 947 ὡσαύτως
450 914 542 951 χρυσῷ
554 915 845 951 διακρατούμενοι,καὶ
854 916 950 951 τριάδα
966 909 987 937 Β

159 962 244 989 λίθων
259 963 322 994 τοὺς
338 962 447 998 στίχους
467 962 590 998 ἔχοντας,
608 963 759 998 θαυμάσιόν
774 972 801 990 τι
819 964 914 999 χρῆμα
926 964 949 981 ’³

158 1010 216 1041 τοῖς
229 1009 332 1044 δρῶσιν
347 1009 530 1044 ἐξεφαίνοντο.
552 1008 581 1035 '0
599 1009 649 1044 μὲν
663 1009 718 1045 γὰρ
735 1009 842 1045 πρῶτος
859 1010 948 1045 στίχος

159 1052 218 1090 εἶχε
232 1055 369 1091 σάρδινον,
383 1055 514 1087 τοπάζιον
533 1055 556 1071 ³⁸
571 1055 618 1082 καὶ
645 1055 802 1091 σμάραγδον
814 1064 821 1071 ·
844 1056 860 1082 δ
882 1056 911 1082 δὲ
927 1057 949 1091 β’

159 1101 297 1135 ἄνθρακα,
320 1099 424 1132 ίασπιν,
450 1100 599 1134 σάπφειρον
609 1107 617 1115 θ
632 1100 646 1126 ὁ
662 1099 691 1126 δὲ
707 1099 730 1134 γ’
745 1100 865 1136 λίγυρον,
881 1101 950 1136 ἀμέ-

161 1146 271 1177 θυστον,
294 1146 402 1181 ἀχάτην
419 1146 440 1162 "
451 1154 459 1162 ·
474 1146 489 1172 6
511 1145 540 1172 δὲ
560 1145 581 1172 δ’
597 1146 767 1181 χρυσόλιθον,
780 1147 887 1182 ὀνύχιον
904 1149 950 1175 καὶ

161 1191 326 1227 βηρύλλιον·
347 1192 395 1218 καὶ
419 1192 449 1219 ἐν
470 1192 538 1218 πᾶσι
565 1191 672 1223 τούτοις
696 1192 750 1219 τῶν
773 1194 950 1229 πατριαρχῶν

159 1237 332 1264 ἑκεκόλαπτο
358 1237 393 1264 τὰ
417 1236 548 1271 ὀνόματα,
575 1236 691 1263 ἑκάστου
717 1236 765 1263 τοῦ
788 1237 862 1264 λίθου
885 1237 950 1265 ίδιον

159 1281 270 1316 ἔχοντος
285 1282 371 1317 ὗνομα
386 1281 534 1317 φυλάρχου.
552 1282 639 1317 Συνῆν
654 1281 682 1308 δὲ
699 1282 730 1308 τὸ
742 1281 765 1298 ³⁸
782 1283 863 1318 ἐφοὺδ
876 1284 952 1319 περὶ·

159 1337 271 1363 τμημα,
284 1328 427 1364 σπιθαμῆς
442 1328 491 1363 μὲν
504 1328 535 1355 τὸ
552 1329 640 1364 μῆκος
654 1328 702 1356 καὶ
716 1329 796 1356 τόσον
811 1329 842 1356 τδ
858 1328 948 1366 εὖρος,

158 1375 333 1409 τετράγωνον
351 1374 416 1410 περὶ
434 1374 465 1401 τὺ
487 1374 596 1410 στῆθος,
612 1376 669 1406 τοῖς
688 1375 779 1408 αὐτοῖς
794 1376 823 1403 δέ
838 1377 949 1404 κάλλεσι

157 1420 358 1455 διηνθισμένον,
368 1419 462 1455 ὥσπερ
473 1420 506 1456 δὴ
516 1419 564 1447 καὶ
576 1420 642 1447 αὐτὸ
656 1420 796 1456 Ἐσραῖστὶ
809 1422 858 1456 μὲν
870 1423 950 1457 mea

158 1465 327 1501 ὠνομάζετο,
348 1465 501 1501 Ἑλληνιστὶ
516 1465 544 1492 δέ
555 1465 645 1501 λόγιον
654 1473 661 1480 ·
680 1468 727 1493 καὶ
739 1467 855 1502 δήλωσις
863 1476 950 1503 προσ-

159 1511 321 1546 ηγορεύετο,
344 1511 377 1537 δι’
393 1508 423 1537 οὗ
446 1511 460 1537 ὁ
482 1510 549 1541 Θεὸς
574 1511 700 1546 μέλλουσι
722 1512 850 1547 πολεμεῖν
871 1513 949 1547 νίκην

1003 293 1137 322 purpura,
1151 294 1245 321 cocco,
1262 296 1342 323 auro,
1356 296 1442 325 opere
1454 292 1595 326 polymito.
1612 297 1686 321 texto
1701 303 1791 331 usque

1003 331 1036 359 ad
1051 331 1155 360 femora
1166 333 1368 369 descendente;
1383 336 1446 363 item
1457 344 1552 364 zonam
1566 339 1690 372 portabat
1705 341 1787 374 primi

1003 378 1157 411 astrictam,
1175 387 1235 415 quae
1251 380 1394 408 humerale
1416 382 1455 408 vel
1471 383 1558 416 ephod
1575 388 1696 412 vocatur.
1713 384 1788 413 Hanc

1002 424 1037 451 ob
1052 432 1163 451 causam
1174 426 1270 460 Aquila
1284 428 1510 461 superbumerale
1523 429 1651 463 appellat,
1666 437 1699 457 ex
1711 434 1787 458 utro-

1002 477 1056 504 que
1072 470 1187 498 humero
1204 471 1339 506 lapi'libus
1361 473 1506 509 onychinis
1528 478 1607 509 atque
1623 475 1700 504 lauro
1721 483 1789 510 puro

1002 514 1172 548 distinctum,
1189 520 1216 543 et
1231 517 1292 544 aliis
1306 526 1414 554 quoque
1425 519 1568 547 duodecim
1580 520 1716 555 lapidibus
1728 522 1788 548 exi-

1002 561 1064 587 mite
1085 562 1281 596 magnitudinis
1308 571 1340 591 ac
1365 564 1587 598 pulchritudinis,
1610 566 1636 593 in
1665 567 1787 595 ordinem

1002 607 1247 642 quadrangularem
1265 609 1419 644 dispositis.
1431 610 1541 639 Primus
1562 620 1659 640 versus
1673 613 1788 641 habebat

1002 653 1135 685 sardium,
1151 654 1287 688 topnzium
1307 659 1331 682 et
1346 656 1532 691 smaragdum.
1551 657 1579 684 ln
1595 659 1714 686 secundo
1730 665 1789 686 erat

1002 699 1200 733 carbunculus,
1213 700 1299 734 jaspis
1313 706 1339 728 ct
1351 702 1507 736 sapphirus;
1523 703 1551 729 in
1563 703 1646 730 tertio
1661 703 1788 738 ligurius,

1002 745 1170 780 amethystus
1184 750 1210 772 et
1225 746 1350 779 achates;
1367 747 1393 774 in
1406 751 1503 782 quarto
1513 749 1706 784 chrysolithus.
1721 757 1790 785 ony-

1002 790 1102 818 chinus
1121 795 1148 818 et
1163 790 1292 827 beryllus.
1306 791 1335 818 ln
1354 792 1482 820 omnibus
1505 797 1596 820 autem
1614 794 1786 828 patriarcha-

1002 843 1064 862 rum
1092 836 1204 863 nomina
1231 836 1368 872 insculpta
1395 842 1483 870 erant,
1508 846 1673 873 unoquoque
1701 839 1790 874 lapide

1001 880 1140 915 phylarchi
1153 881 1269 916 alicujus
1278 889 1376 910 nomen
1389 883 1544 911 exhibente.
1561 883 1683 911 Habebat
1695 889 1786 912 autem

1002 934 1033 953 ea
1046 927 1131 955 vestis
1147 927 1268 962 palmum
1283 928 1311 955 in
1328 928 1437 964 longum
1453 929 1604 964 latumque,
1625 935 1651 957 et
1670 930 1791 964 pulchri-

1002 973 1096 1000 tudine
1115 973 1281 1006 excellebat;
1296 974 1384 1009 ephod
1396 974 1538 1008 llebraice,
1549 974 1642 1003 Graece
1656 976 1789 1004 rationale

1001 1018 1153 1053 appellata;
1178 1026 1226 1053 per
1245 1027 1327 1054 quam
1352 1020 1422 1049 Deus
1445 1021 1670 1057 belligerantibus
1698 1023 1784 1050 victo-

1001 1065 1070 1093 riam
1085 1066 1274 1094 annuntiabat.
1299 1066 1402 1096 Tantus
1424 1070 1522 1096 etenim
1540 1070 1670 1105 splendor
1686 1078 1701 1098 e
1718 1070 1788 1105 lapi-

1002 1111 1083 1138 dibus
1100 1115 1127 1138 ιιι
1144 1113 1293 1145 praesertim
1310 1120 1342 1139 ex
1356 1114 1500 1141 adamante
1512 1114 1614 1142 etiulsit
1635 1120 1663 1142 ut
1679 1115 1786 1142 exerci-

1002 1161 1046 1184 tus
1069 1157 1198 1185 incedens
1222 1156 1308 1185 Deum
1330 1158 1489 1187 auxiliareut
1512 1160 1604 1188 videre
1630 1166 1731 1195 posset.
1758 1162 1788 1188 In

1002 1201 1092 1229 medio
1112 1206 1222 1236 pectore
1245 1202 1317 1229 sicut
1339 1208 1442 1231 astrum
1472 1212 1584 1232 aureum
1613 1206 1738 1240 portabat
1761 1210 1788 1233 ct

1002 1247 1131 1282 utrinque
1143 1249 1305 1284 smaragdos
1323 1256 1382 1281 sex,
1402 1250 1545 1278 duodecim
1564 1251 1681 1278 tribuum
1705 1252 1788 1280 lsracl

1002 1293 1111 1321 nomina
1127 1293 1322 1328 significantes;
1337 1295 1363 1321 in
1379 1296 1470 1323 medio
1486 1300 1576 1323 autem
1593 1297 1708 1331 lapidem
1724 1298 1788 1324 ada-

1002 1340 1165 1367 mantinum.
1184 1339 1297 1372 Quando
1313 1340 1395 1374 igitur
1417 1340 1539 1375 pontifex
1555 1343 1742 1370 sanctuarium
1760 1343 1787 1370 in

1000 1389 1148 1419 conspectu
1178 1383 1285 1412 Domini
1303 1384 1516 1419 ingrediebatur,
1533 1386 1665 1414 humerali
1687 1388 1783 1422 cinge-

1002 1429 1082 1456 batur
1101 1429 1129 1456 in
1145 1429 1237 1457 medio
1260 1434 1382 1465 pectore,
1397 1435 1423 1458 et
1442 1431 1588 1460 submissis
1611 1433 1736 1461 manibus
1760 1434 1787 1461 in

1000 1476 1106 1510 pyxidis
1124 1475 1238 1503 formam
1255 1476 1445 1510 componebat.
1463 1477 1531 1505 Hinc
1543 1486 1652 1514 quoque
1668 1479 1731 1507 Saul
1747 1487 1790 1507 res

1002 1521 1098 1548 lociter
1112 1528 1231 1556 pugnam
1251 1521 1430 1550 inchoaturus
1443 1523 1511 1550 dixit
1531 1524 1650 1558 pontifici
1665 1534 1671 1552 -.
1684 1534 1694 1551 ι
1709 1525 1789 1552 Com-

160 1557 295 1592 προόηλον
311 1556 452 1592 προέλεγε.
473 1556 600 1592 Τοσαύτη
617 1557 672 1592 γὰρ
686 1557 718 1584 ἐκ
736 1557 792 1585 τῶν
805 1559 896 1586 αὐτῶν
910 1559 948 1585 λί-

1002 1567 1088 1601 pactis
1102 1566 1229 1594 manibus
1247 1567 1312 1594 tolle
1326 1567 1425 1602 ephod.
1441 1577 1450 1594 ι
1465 1568 1496 1596 Et
1509 1556 1550 1597 sic
1560 1570 1647 1598 oculis
1661 1571 1687 1597 in
1700 1571 1788 1605 ephod

159 1602 216 1627 οων
231 1601 396 1628 άπέστιλὸεν
411 1602 493 1636 αὐγὴ,
515 1602 564 1634 ὡς,
587 1602 677 1629 εἴποτε
691 1602 742 1637 τῆς
762 1605 891 1638 στρατιᾶς
905 1613 950 1631 κε-

160 1647 330 1683 κινημένης,
359 1648 408 1674 καὶ
438 1647 555 1682 μάλιστα
585 1647 631 1674 τοῦ
663 1648 845 1683 ἀδαμαντίνου
874 1650 947 1677 λίθου

161 1692 302 1727 σῃμασίαν
315 1691 466 1725 ποιοῦντος,
481 1693 518 1728 τῷ
537 1692 634 1728 πλήθει
654 1692 701 1719 τοῦ
719 1692 784 1720 λαοῦ
803 1694 949 1729 τυγχάνειν

160 1737 312 1772 γνώριμον,
326 1737 358 1763 τὸ
374 1739 502 1772 παρεῖναι
520 1737 566 1764 τὸν
585 1738 652 1765 θεὸν
668 1739 708 1770 εἰς
725 1740 885 1775 ἐπικουρίαν
899 1742 950 1768 αὒ-

160 1783 226 1810 τῶν.
252 1784 296 1810 ἐν
320 1784 396 1818 μέσῳ
412 1784 467 1819 γὰρ
479 1783 551 1819 εἶχεν
565 1784 659 1820 ὥσπερ
673 1786 776 1821 ἀστέρα
791 1787 947 1823 ὁλόχρυσον,

161 1830 210 1855 καὶ
227 1829 401 1864 ἑκατέρωθεν
424 1829 507 1856 αὐτοῦ
525 1829 698 1865 σμαράγδους
722 1831 832 1866 ἔχοντας
847 1834 898 1860 άνὰ
919 1834 949 1866 ἐξ

158 1875 359 1911 γεγραμμένας
381 1875 431 1907 τὰς
447 1876 479 1910 ιβ’
501 1875 588 1911 φυλὰς
608 1876 656 1903 τοῦ
677 1877 785 1914 Ἰσραήλ
802 1885 810 1894 ·
821 1880 850 1905 ὲν
866 1880 894 1906 δὲ
910 1881 948 1915 τῷ

160 1921 266 1956 μεταξὺ
293 1921 347 1948 τῶν
364 1921 400 1955 ιβ’
422 1922 588 1957 σμαράγδων
612 1922 686 1949 λίθον
710 1923 888 1959 ἀδαμάντινον
914 1927 947 1953 ’⁸.

173 1968 265 1995 Ηνίκα
284 1965 332 1994 οὖν
353 1967 467 2002 ἔμελλεν
489 1969 503 1995 ὁ
523 1969 613 2003 ἱερεὺς
635 1969 777 2005 ἐπερωτᾷν
799 1970 845 1997 τὸν
869 1971 946 2003 Θεὸν,

157 2014 270 2049 δέσμει
290 2015 298 2030 ¹
320 2014 401 2041 αὑτὸν
426 2015 456 2040 ἐν
481 2015 514 2049 τῇ
543 2014 660 2050 ἐπωμίδι
690 2016 762 2042 κατὰ
788 2016 871 2051 μέσον
893 2018 948 2045 τῶν

159 2061 215 2095 20
228 2060 349 2096 στέρνων
367 2060 415 2087 καὶ
429 2060 566 2087 ὑποτιθῶν
581 2061 632 2092 τὰς
653 2062 749 2097 χεῖρας
771 2063 947 2091 ὑποκάτωθεν

158 2106 304 2141 εὑρίσκετο
319 2105 512 2141 ἐξηπλωμένον
528 2107 588 2138 ταῖς
608 2106 748 2142 παλάμαις
769 2108 862 2141 αὐτοῦ,
879 2110 947 2137 καί)-

159 2153 232 2188 ἁπερ
249 2151 356 2184 πυξίον.
376 2152 458 2178 ὀθεν
480 2153 562 2187 φησὶν
579 2153 593 2179 6
607 2153 694 2180 Σαοὺλ
710 2154 778 2189 πρὸς
796 2155 841 2182 τὸν
861 2155 946 2191 ιερέα,

161 2198 326 2234 βουλόμενος
340 2197 439 2225 θᾶττον
454 2198 495 2231 είς
508 2198 555 2225 τὸν
576 2198 695 2234 πόλεμον
716 2201 926 2235 παρατάξασθαι
937 2210 945 2218 ·

162 2254 172 2270 ε
195 2243 340 2278 Συνάγαγε
352 2243 402 2276 τὰς
417 2244 512 2279 χεῖράς
526 2252 583 2276 σου,
597 2244 646 2271 καὶ
666 2242 734 2280 ἆρον
749 2245 795 2272 τὸν
812 2247 894 2281 ἐφούδ
907 2248 944 2275 ’.ι
963 2241 985 2268 D

161 2290 215 2316 Καὶ
229 2288 305 2316 οὕτω
322 2289 416 2316 λοιπὸν
438 2289 548 2325 ἀφορῶν
571 2290 612 2322 είς
632 2290 664 2317 τὸ
687 2291 769 2325 ἐφοὺδ
790 2292 884 2328 ἠρώτα
902 2293 948 2320 τὸν

159 2335 237 2368 Θεὸν,
253 2335 285 2362 τὸ
306 2334 441 2371 ἐρώτημα
457 2336 599 2372 προσέχων
609 2336 731 2372 ἀκριϐῶς
745 2345 775 2364 τε
788 2339 836 2365 καὶ
849 2338 950 2374 μᾶλλον

158 2381 204 2408 τδν
220 2381 365 2415 ἀδάμαντα
379 2380 464 2413 λίθον,
486 2381 523 2412 ὡς
539 2381 708 2409 ἐναλλάττων
729 2383 778 2418 τὴν
802 2384 896 2419 χροιὰν
918 2385 950 2412 ἐκ

159 2427 235 2458 θείας
260 2426 413 2462 μεταϐολῆς
433 2427 480 2454 καὶ
500 2427 670 2460 ἀλλοιώσεως
688 2428 781 2464 ἐδήλου
804 2430 950 2465 προφανῶς

160 2474 193 2500 τὰ
205 2473 245 2508 τῷ
254 2473 314 2508 λαῷ
329 2473 458 2508 ἐσόμενα.
474 2473 567 2506 Μέλας
581 2474 630 2509 μὲν
644 2475 698 2510 γὰρ
714 2476 859 2510 γενόμενος
869 2476 949 2504 θάνσ·

158 2528 214 2552 τον,
239 2519 360 2555 ἐρυθρὸς
382 2519 410 2546 δέ
438 2521 557 2554 σφαγὰς,
583 2520 679 2553 λευκὸς
698 2522 727 2548 δὲ
748 2522 896 2558 διαλλαγὴν
912 2523 951 2557 τῷ

157 2566 216 2601 Θεῷ
243 2566 444 2601 προεσήμαινε,
475 2566 554 2592 Καὶι
579 2567 647 2602 πρὸς
671 2567 776 2600 τούτοις
807 2567 878 2604 ἦσαν
905 2571 951 2597 καὶ

157 2613 313 2647 γράμματα
332 2613 366 2638 ἐκ
379 2611 483 2647 χαλκοῦ
497 2612 695 2648 καθαρωτάτου
713 2615 886 2651 πεποιημένα
903 2617 951 2644 καὶ

157 2657 375 2692 ἐκτετυπωμένα
383 2660 393 2674 ⁸
403 2658 518 2684 ἑκάστου
531 2659 665 2693 στοιχείου
678 2659 725 2686 τοῦ
736 2661 802 2696 παρ’
812 2662 950 2698 Ἑϐραίοις

155 2703 328 2739 ἁλφαδήτου,
342 2704 416 2738 ἅπερ
435 2703 467 2738 δὴ
488 2705 635 2739 προσάγων
652 2706 666 2732 ὸ
685 2705 775 2741 ἱερεὺς
794 2707 834 2742 τῷ
857 2708 952 2745 Κυρῖῳ

1001 1612 1131 1647 conjectis
1153 1612 1238 1639 Deum
1262 1613 1434 1646 consulebat,
1460 1618 1487 1640 et
1514 1613 1541 1641 in
1570 1615 1713 1642 adamante
1741 1614 1790 1642 Dei

1001 1658 1145 1693 praesentia
1167 1662 1272 1685 mutato
1290 1666 1333 1686 res
1347 1659 1446 1693 populo
1462 1658 1569 1687 futuras
1584 1660 1781 1695 augurabatur.

1000 1704 1101 1732 Factus
1115 1704 1187 1731 enim
1204 1703 1290 1739 niger,
1308 1709 1441 1737 mortem;
1458 1705 1551 1737 ruber,
1565 1706 1684 1739 caedem;
1698 1705 1787 1738 albus,

1000 1758 1094 1785 pacem
1111 1757 1173 1777 cum
1191 1749 1246 1777 Deo
1259 1750 1436 1784 prtenolabat.
1454 1749 1586 1778 Praeterea
1608 1752 1684 1787 signa
1701 1759 1716 1778 e
1736 1759 1789 1786 pu-

1000 1795 1110 1823 rissitno
1128 1794 1237 1822 metallo
1247 1794 1307 1822 fusa
1324 1795 1448 1829 singulos
1466 1795 1641 1824 Hebraeorum
1654 1797 1788 1832 ulphabeli

1001 1842 1175 1869 characteres
1196 1841 1222 1868 in
1241 1841 1330 1875 ephod
1346 1842 1449 1876 positos
1476 1842 1624 1870 indicantia
1651 1843 1696 1870 Dei
1720 1850 1788 1870 con-

1002 1886 1065 1913 sulti
1084 1886 1251 1913 voluntatem
1270 1893 1343 1912 nunc
1359 1886 1503 1921 positivam
1516 1906 1524 1917 ,
1541 1895 1613 1914 nunc
1637 1887 1789 1922 negativam

1001 1932 1188 1959 ttottiicabant.
1204 1930 1287 1958 Verbi
1305 1932 1408 1966 gratia,
1425 1933 1447 1959 si
1463 1933 1569 1967 rogatio
1578 1938 1606 1960 et
1618 1934 1787 1968 propositum

999 1985 1031 2005 ex
1056 1977 1187 2005 sententia
1204 1976 1251 2004 Dei
1277 1983 1381 2010 essent,
1404 1978 1454 2005 soli
1478 1978 1649 2006 characteres
1671 1978 1790 2007 afﬁrma-

1000 2024 1100 2050 tioncm
1123 2022 1308 2057 significantes
1326 2023 1511 2058 erigebantur,
1533 2028 1632 2052 contra
1652 2033 1717 2052 Vero
1738 2033 1788 2053 ne-

999 2070 1081 2105 gativi
1104 2075 1224 2103 tantum,
1250 2070 1273 2098 si
1298 2078 1342 2099 res
1363 2071 1462 2099 divinae
1480 2073 1613 2100 voluntati
1630 2073 1790 2100 adversare—

1000 2121 1063 2149 tur;
1081 2117 1175 2151 sicque
1200 2117 1228 2144 in
1255 2117 1383 2145 omnibus
1409 2118 1634 2153 responsimtibus
1660 2126 1719 2153 qua:
1741 2126 1789 2153 per

998 2162 1086 2197 ephod
1105 2162 1300 2196 reddebantur,
1322 2163 1489 2190 voluntatem
1509 2163 1557 2191 Dei
1583 2165 1725 2198 perspicue
1743 2171 1790 2191 co-

999 2209 1184 2243 gnoscebant,
1202 2209 1224 2236 si
1247 2209 1327 2236 modo
1355 2208 1471 2236 Domino
1497 2210 1645 2244 placerent.
1674 2210 1789 2243 Quando

999 2259 1109 2282 econtra
1139 2254 1173 2282 iis
1196 2254 1383 2288 succensebat,
1410 2255 1477 2282 nihil
1507 2255 1574 2290 ipsis
1602 2263 1652 2283 nec
1684 2257 1788 2285 revela-

1001 2300 1133 2331 tionibus,
1153 2308 1201 2328 nec
1211 2300 1361 2336 propltetiis
1373 2301 1604 2330 communicabat.
1619 2301 1696 2330 Unde
1708 2303 1787 2331 dicit:

1003 2345 1092 2374 «Vidit
1104 2346 1168 2374 Saul
1185 2351 1275 2374 castra
1290 2347 1502 2382 allophylorum,
1515 2352 1542 2375 et
1560 2348 1659 2381 timuit,
1680 2353 1708 2376 et
1732 2355 1790 2376 tur—
1824 2350 1826 2352 '

1001 2391 1081 2419 batus
1104 2396 1146 2419 est
1166 2391 1225 2425 ejus
1252 2391 1375 2424 animus;
1403 2397 1428 2419 et
1453 2392 1517 2419 adiit
1538 2392 1624 2420 Deum
1647 2394 1789 2422 consultu-

1001 2445 1066 2471 rus,
1099 2442 1126 2465 et
1155 2437 1286 2465 Dominus
1328 2437 1399 2464 nihil
1433 2437 1457 2465 ei
1483 2439 1634 2473 respondit.
1660 2439 1692 2467 Et
1720 2440 1790 2468 dixit

1003 2482 1067 2510 Saul
1095 2482 1158 2510 ﬁliis
1180 2483 1238 2510 suis
1261 2491 1269 2511 :
1297 2481 1416 2515 Quaerite
1439 2483 1507 2510 mihi
1528 2483 1658 2511 feminam
1686 2485 1788 2511 ventri-

1000 2528 1126 2563 lnquam.‘
1145 2536 1154 2553 ι
1186 2526 1265 2554 Tein
1289 2535 1399 2563 quoque
1430 2533 1511 2563 caput
1539 2529 1623 2556 cidari
1655 2527 1787 2563 pontifex,

999 2578 1027 2601 et
1047 2581 1129 2608 super
1148 2580 1220 2607 eam,
1253 2578 1348 2601 contra
1381 2572 1512 2606 frontem,
1541 2574 1634 2609 posuit
1660 2573 1787 2600 laminam

1000 2627 1124 2652 auream,
1143 2619 1170 2646 in
1184 2627 1237 2654 qua
1253 2627 1351 2647 nomen
1369 2619 1416 2646 Dei
1441 2619 1601 2654 inscriptum
1624 2626 1692 2651 erat,
1709 2620 1789 2653 quale

1001 2665 1053 2693 sibi
1071 2666 1121 2701 ipsi
1141 2666 1248 2697 indidit,
1261 2666 1355 2693 dicens
1378 2665 1463 2701 Moysi
1487 2673 1496 2693 :
1517 2673 1527 2690 ι
1544 2664 1609 2692 Sum
1623 2665 1669 2699 qui
1685 2672 1758 2694 sum.
1777 2675 1786 2692 ι

1007 2711 1144 2738 lned‘abile
1160 2716 1250 2738 autem
1267 2711 1337 2746 apud
1353 2710 1481 2738 Hebraaos
1494 2718 1592 2738 nomen
1607 2711 1729 2740 divinum
1742 2712 1791 2740 ha—

797 2753 897 2785 Varite
915 2755 1070 2788 lectiones
1089 2761 1119 2788 et
1138 2761 1231 2787 notze.

190 2801 214 2816 "
234 2802 282 2828 καὶ
300 2801 429 2829 ὔακίνθου
448 2801 496 2828 καὶ
508 2802 612 2838 χρυσοῦ
629 2805 827 2842 πεποικιλμένη
853 2807 900 2833 καὶ
921 2807 1236 2843 περικεκαλλωπισμένῃ
1253 2807 1315 2835 Par.

190 2845 228 2862 ιη.
251 2837 344 2869 Λείᾳ-τ
359 2837 417 2865 sed.
433 2837 469 2863 cf.
486 2836 535 2865 Et.
558 2846 672 2867 xxxvm.
689 2840 734 2867 50.
786 2841 809 2856 ὀ
820 2842 949 2869 ἐπένῆυτο
963 2843 1006 2869 Β¹.
1058 2843 1079 2859 ⁹¹
1104 2844 1198 2869 ιινοὼν
1217 2844 1258 2869 ις’.
1277 2843 1315 2859 ³¹²

836 2850 949 2869 πενουτο
963 2850 1006 2870 ﬁ'.

154 2836 228 2862 Non.
251 2837 344 2872 Aug.l
359 2837 417 2865 sed.
433 2837 469 2863 cf.
486 2836 535 2865 Et".
558 2846 672 2867 xxxvm.
689 2840 734 2867 50.

154 2872 178 2886 ³⁸
199 2871 316 2907 στοίχων
345 2871 388 2899 B’.
440 2872 465 2888 "
483 2873 595 2907 σχῆμαῖ
644 2874 668 2890 ⁹⁶
686 2875 781 2906 πάζιον
806 2875 847 2903 B'.

1365 2808 1387 2824 "
1403 2810 1451 2836 καί
1470 2817 1525 2837 om.
1543 2810 1587 2838 B‘.

1642 2810 1676 2827 ⁸³“
1692 2812 1788 2839 emas:

1308 2831 1458 2879 ἥνπερῖί.
1471 2831 1536 2862 ωτι
1544 2831 1787 2879 ἐτίτπόρτοιῖνηῐίἷῖ

1513 2846 1536 2862 ’³
1549 2846 1718 2881 ἐπεπόρτουν
1744 2847 1787 2874 Β“.

898 2878 1032 2915 ξ’ῗῖᾳσττιν
1062 2877 1109 2905 καῖ
1124 2877 1232 2915 νσαττφξ
1250 2877 1306 2915 ὸ.
1322 2877 1346 2911 γ’
1361 2877 1485 2915 λίγηρον,
1503 2877 1644 2915 ἀμέθυοον’
1668 2883 1714 2908 καὶ
1740 2883 1785 2914 ἁχ.

153 2907 177 2922 ⁵¹
192 2906 250 2940 τῷτί
290 2908 312 2922 ν’
329 2906 469 2942 ἀδάμαντα
489 2907 531 2934 B‘.
565 2909 572 2924 ‘
590 2909 665 2942 (θεὸν,
683 2910 813 2946 ἐδράγμει
829 2912 869 2938 B‘.
903 2913 931 2939 "l
947 2915 950 2938 Ξ

1001 2921 1019 2940 ι.
1043 2921 1097 2946 XIV,
1120 2914 1162 2946 18,
1183 2906 1224 2941 ὠ.
1261 2906 1334 2940 ’Καί
1352 2906 1506 2944 οιιί.”Ῥειί·.
1523 2906 1535 2930 λ
1549 2906 1729 2952 ἐκτυπώᾷενα
1742 2906 1784 2942 Βῖ.
