  <div class='ocr_page' id='page_1' title='image "/cluster/home/n/w/nwhite01/storage/ocr_20150623/110/njp.32101077772935/052.png"; bbox 0 0 2030 3152; ppageno 0'>
   <div class='ocr_carea' id='block_1_1' title="bbox 137 191 1764 232">
    <p class='ocr_par' dir='ltr' id='par_1_1' title="bbox 137 191 1764 232">
     <span class='ocr_line' id='line_1_1' title="bbox 137 191 1764 232; baseline 0.005 -11"><span class='ocrx_word' id='word_1_1' title='bbox 137 200 173 232; x_wconf 70' lang='lat'><strong>59</strong></span> <span class='ocrx_word' id='word_1_2' title='bbox 741 191 977 224; x_wconf 76' lang='lat' dir='ltr'><strong>CHRONICON.</strong></span> <span class='ocrx_word' id='word_1_3' title='bbox 995 205 1029 211; x_wconf 90' lang='lat'><strong>-</strong></span> <span class='ocrx_word' id='word_1_4' title='bbox 1049 194 1123 225; x_wconf 78' lang='lat' dir='ltr'><strong>LIB.</strong></span> <span class='ocrx_word' id='word_1_5' title='bbox 1146 196 1169 225; x_wconf 90' lang='lat' dir='ltr'><strong>l.</strong></span> <span class='ocrx_word' id='word_1_6' title='bbox 1727 198 1764 229; x_wconf 70' lang='lat'><strong>70</strong></span> 
     </span>
    </p>
   </div>
   <div class='ocr_carea' id='block_1_2' title="bbox 139 247 938 289">
    <p class='ocr_par' dir='ltr' id='par_1_2' title="bbox 139 247 931 289">
     <span class='ocr_line' id='line_1_2' title="bbox 139 247 931 289; baseline -0.009 -8"><span class='ocrx_word' id='word_1_7' title='bbox 139 248 471 289; x_wconf 68' lang='grc' dir='ltr'>περικεκαλλωπισμένην</span> <span class='ocrx_word' id='word_1_8' title='bbox 483 251 517 278; x_wconf 82' lang='grc'><strong>⁸⁵.</strong></span> <span class='ocrx_word' id='word_1_9' title='bbox 535 250 590 286; x_wconf 69' lang='grc' dir='ltr'><strong>ιο</strong></span> <span class='ocrx_word' id='word_1_10' title='bbox 603 248 674 285; x_wconf 69' lang='grc' dir='ltr'>Περὶ</span> <span class='ocrx_word' id='word_1_11' title='bbox 687 249 720 276; x_wconf 74' lang='grc' dir='ltr'><strong>δδ</strong></span> <span class='ocrx_word' id='word_1_12' title='bbox 731 249 766 276; x_wconf 75' lang='grc' dir='ltr'>τὰ</span> <span class='ocrx_word' id='word_1_13' title='bbox 787 247 931 284; x_wconf 66' lang='grc' dir='ltr'>κράσπεδα</span> 
     </span>
    </p>
   </div>
   <div class='ocr_carea' id='block_1_3' title="bbox 988 247 1766 289">
    <p class='ocr_par' dir='ltr' id='par_1_3' title="bbox 988 249 1766 288">
     <span class='ocr_line' id='line_1_3' title="bbox 988 249 1766 288; baseline 0.006 -13"><span class='ocrx_word' id='word_1_14' title='bbox 988 250 1096 283; x_wconf 72' lang='lat' dir='ltr'><strong>Insuper</strong></span> <span class='ocrx_word' id='word_1_15' title='bbox 1107 249 1163 277; x_wconf 76' lang='lat' dir='ltr'><strong>alia</strong></span> <span class='ocrx_word' id='word_1_16' title='bbox 1177 249 1291 278; x_wconf 75' lang='lat' dir='ltr'><strong>indutu</strong></span> <span class='ocrx_word' id='word_1_17' title='bbox 1298 253 1361 278; x_wconf 73' lang='lat' dir='ltr'><strong>erat</strong></span> <span class='ocrx_word' id='word_1_18' title='bbox 1374 250 1465 278; x_wconf 66' lang='lat' dir='ltr'><strong>Inie-</strong></span> <span class='ocrx_word' id='word_1_19' title='bbox 1474 258 1490 278; x_wconf 84' lang='lat' dir='ltr'><strong>e</strong></span> <span class='ocrx_word' id='word_1_20' title='bbox 1499 251 1594 287; x_wconf 69' lang='lat' dir='ltr'><strong>bysso,</strong></span> <span class='ocrx_word' id='word_1_21' title='bbox 1605 251 1766 288; x_wconf 72' lang='lat' dir='ltr'><strong>hyacintho.</strong></span> 
     </span>
    </p>
   </div>
   <div class='ocr_carea' id='block_1_4' title="bbox 140 294 928 336">
    <p class='ocr_par' dir='ltr' id='par_1_4' title="bbox 140 294 928 336">
     <span class='ocr_line' id='line_1_4' title="bbox 140 294 928 336; baseline -0.009 -9"><span class='ocrx_word' id='word_1_22' title='bbox 140 300 267 336; x_wconf 70' lang='grc' dir='ltr'>ῥοΐσκους</span> <span class='ocrx_word' id='word_1_23' title='bbox 285 296 362 334; x_wconf 78' lang='grc' dir='ltr'>εῐχσν</span> <span class='ocrx_word' id='word_1_24' title='bbox 381 297 590 335; x_wconf 65' lang='grc' dir='ltr'>ιρῥιμμέκυς,</span> <span class='ocrx_word' id='word_1_25' title='bbox 607 296 657 323; x_wconf 67' lang='grc' dir='ltr'>καὶ</span> <span class='ocrx_word' id='word_1_26' title='bbox 670 295 828 331; x_wconf 72' lang='grc' dir='ltr'>ἁναμιταξὺ</span> <span class='ocrx_word' id='word_1_27' title='bbox 839 294 928 321; x_wconf 81' lang='grc' dir='ltr'>αὐτῶν</span> 
     </span>
    </p>
   </div>
   <div class='ocr_carea' id='block_1_5' title="bbox 138 340 930 382">
    <p class='ocr_par' dir='ltr' id='par_1_5' title="bbox 138 340 930 382">
     <span class='ocr_line' id='line_1_5' title="bbox 138 340 930 382; baseline -0.01 -8"><span class='ocrx_word' id='word_1_28' title='bbox 138 344 258 382; x_wconf 59' lang='lat' dir='ltr'><strong>Mc</strong></span> <span class='ocrx_word' id='word_1_29' title='bbox 271 344 403 377; x_wconf 63' lang='grc' dir='ltr'>κώδωνας</span> <span class='ocrx_word' id='word_1_30' title='bbox 416 345 450 371; x_wconf 71' lang='lat' dir='ltr'><strong>lx</strong></span> <span class='ocrx_word' id='word_1_31' title='bbox 463 343 587 380; x_wconf 82' lang='grc' dir='ltr'><strong>χρυσίου,</strong></span> <span class='ocrx_word' id='word_1_32' title='bbox 605 342 654 370; x_wconf 76' lang='grc' dir='ltr'>καὶ</span> <span class='ocrx_word' id='word_1_33' title='bbox 669 342 693 359; x_wconf 83' lang='grc'><strong><em>³⁹</em></strong></span> <span class='ocrx_word' id='word_1_34' title='bbox 710 340 831 376; x_wconf 79' lang='grc' dir='ltr'><strong>καθαροῦ</strong></span> <span class='ocrx_word' id='word_1_35' title='bbox 843 349 851 357; x_wconf 89' lang='grc'>·</span> <span class='ocrx_word' id='word_1_36' title='bbox 865 340 930 367; x_wconf 67' lang='grc' dir='ltr'><strong>ἐπέ-</strong></span> 
     </span>
    </p>
   </div>
   <div class='ocr_carea' id='block_1_6' title="bbox 138 385 929 427">
    <p class='ocr_par' dir='ltr' id='par_1_6' title="bbox 138 385 929 427">
     <span class='ocr_line' id='line_1_6' title="bbox 138 385 929 427; baseline -0.009 -8"><span class='ocrx_word' id='word_1_37' title='bbox 138 392 224 427; x_wconf 69' lang='grc' dir='ltr'>σηιιν</span> <span class='ocrx_word' id='word_1_38' title='bbox 234 391 334 423; x_wconf 75' lang='grc' dir='ltr'>αὖτοὺς</span> <span class='ocrx_word' id='word_1_39' title='bbox 349 390 485 426; x_wconf 73' lang='grc' dir='ltr'>ἅναμίσον</span> <span class='ocrx_word' id='word_1_40' title='bbox 495 389 549 416; x_wconf 82' lang='grc' dir='ltr'><strong>τῶν</strong></span> <span class='ocrx_word' id='word_1_41' title='bbox 562 389 678 424; x_wconf 72' lang='grc' dir='ltr'>ροῒσκων</span> <span class='ocrx_word' id='word_1_42' title='bbox 692 387 738 415; x_wconf 65' lang='grc' dir='ltr'><strong>ἐπὶ</strong></span> <span class='ocrx_word' id='word_1_43' title='bbox 752 387 782 414; x_wconf 83' lang='grc' dir='ltr'><strong>τὺ</strong></span> <span class='ocrx_word' id='word_1_44' title='bbox 791 387 871 421; x_wconf 87' lang='grc' dir='ltr'>λῶμα</span> <span class='ocrx_word' id='word_1_45' title='bbox 880 385 929 413; x_wconf 83' lang='grc' dir='ltr'>τοῦ</span> 
     </span>
    </p>
   </div>
   <div class='ocr_carea' id='block_1_7' title="bbox 139 432 930 471">
    <p class='ocr_par' dir='ltr' id='par_1_7' title="bbox 139 432 930 471">
     <span class='ocr_line' id='line_1_7' title="bbox 139 432 930 471; baseline -0.009 -7"><span class='ocrx_word' id='word_1_46' title='bbox 139 436 273 464; x_wconf 82' lang='grc' dir='ltr'>ὑποδύτου</span> <span class='ocrx_word' id='word_1_47' title='bbox 283 436 318 453; x_wconf 73' lang='grc'><strong>³⁸*</strong></span> <span class='ocrx_word' id='word_1_48' title='bbox 338 436 440 471; x_wconf 84' lang='grc' dir='ltr'>κύκλῳ.</span> <span class='ocrx_word' id='word_1_49' title='bbox 461 434 621 461; x_wconf 77' lang='grc' dir='ltr'>Ἐπενδύετο</span> <span class='ocrx_word' id='word_1_50' title='bbox 635 434 659 450; x_wconf 81' lang='grc'><strong>⁹⁶</strong></span> <span class='ocrx_word' id='word_1_51' title='bbox 676 433 706 459; x_wconf 66' lang='grc' dir='ltr'>δὲ</span> <span class='ocrx_word' id='word_1_52' title='bbox 725 432 773 459; x_wconf 78' lang='grc' dir='ltr'>καὶ</span> <span class='ocrx_word' id='word_1_53' title='bbox 790 432 871 459; x_wconf 78' lang='grc' dir='ltr'>ἄλλον</span> <span class='ocrx_word' id='word_1_54' title='bbox 888 440 930 467; x_wconf 86' lang='grc' dir='ltr'>χι-</span> 
     </span>
    </p>
   </div>
   <div class='ocr_carea' id='block_1_8' title="bbox 138 477 928 517">
    <p class='ocr_par' dir='ltr' id='par_1_8' title="bbox 138 477 928 517">
     <span class='ocr_line' id='line_1_8' title="bbox 138 477 928 517; baseline -0.009 -7"><span class='ocrx_word' id='word_1_55' title='bbox 138 483 223 515; x_wconf 78' lang='grc' dir='ltr'>τῶνα,</span> <span class='ocrx_word' id='word_1_56' title='bbox 244 484 277 509; x_wconf 72' lang='lat' dir='ltr'><strong>ix</strong></span> <span class='ocrx_word' id='word_1_57' title='bbox 304 482 404 517; x_wconf 82' lang='grc' dir='ltr'><strong>βύσσου</strong></span> <span class='ocrx_word' id='word_1_58' title='bbox 428 481 476 508; x_wconf 77' lang='grc' dir='ltr'>καὶ</span> <span class='ocrx_word' id='word_1_59' title='bbox 496 479 624 507; x_wconf 78' lang='grc' dir='ltr'><strong>ὑακίνθου</strong></span> <span class='ocrx_word' id='word_1_60' title='bbox 647 479 695 506; x_wconf 84' lang='grc' dir='ltr'>καὶ</span> <span class='ocrx_word' id='word_1_61' title='bbox 717 477 860 513; x_wconf 76' lang='grc' dir='ltr'>πορφύρας</span> <span class='ocrx_word' id='word_1_62' title='bbox 882 477 928 503; x_wconf 73' lang='grc' dir='ltr'>καὶ</span> 
     </span>
    </p>
   </div>
   <div class='ocr_carea' id='block_1_9' title="bbox 138 523 930 562">
    <p class='ocr_par' dir='ltr' id='par_1_9' title="bbox 138 523 930 562">
     <span class='ocr_line' id='line_1_9' title="bbox 138 523 930 562; baseline -0.009 -7"><span class='ocrx_word' id='word_1_63' title='bbox 138 528 267 555; x_wconf 78' lang='grc' dir='ltr'>κοκκίνου</span> <span class='ocrx_word' id='word_1_64' title='bbox 287 528 334 554; x_wconf 82' lang='grc' dir='ltr'>καὶ</span> <span class='ocrx_word' id='word_1_65' title='bbox 357 526 460 562; x_wconf 81' lang='grc' dir='ltr'><strong>χρυσοῦ</strong></span> <span class='ocrx_word' id='word_1_66' title='bbox 483 526 532 553; x_wconf 81' lang='grc' dir='ltr'>καὶ</span> <span class='ocrx_word' id='word_1_67' title='bbox 553 523 688 552; x_wconf 80' lang='grc' dir='ltr'>παντοίων</span> <span class='ocrx_word' id='word_1_68' title='bbox 710 524 863 560; x_wconf 79' lang='grc' dir='ltr'><strong>χρωμάτων</strong></span> <span class='ocrx_word' id='word_1_69' title='bbox 881 531 930 549; x_wconf 77' lang='grc' dir='ltr'>πι-</span> 
     </span>
    </p>
   </div>
   <div class='ocr_carea' id='block_1_10' title="bbox 140 568 926 609">
    <p class='ocr_par' dir='ltr' id='par_1_10' title="bbox 140 568 926 609">
     <span class='ocr_line' id='line_1_10' title="bbox 140 568 926 609; baseline -0.009 -9"><span class='ocrx_word' id='word_1_70' title='bbox 140 572 342 609; x_wconf 81' lang='grc' dir='ltr'>ριωραῖσμένον</span> <span class='ocrx_word' id='word_1_71' title='bbox 351 572 397 598; x_wconf 75' lang='grc' dir='ltr'>καὶ</span> <span class='ocrx_word' id='word_1_72' title='bbox 410 569 630 605; x_wconf 75' lang='grc' dir='ltr'>καθυφασμένον,</span> <span class='ocrx_word' id='word_1_73' title='bbox 639 569 722 604; x_wconf 72' lang='grc' dir='ltr'>μέχρι</span> <span class='ocrx_word' id='word_1_74' title='bbox 731 569 786 594; x_wconf 82' lang='grc' dir='ltr'>τῶν</span> <span class='ocrx_word' id='word_1_75' title='bbox 800 568 894 602; x_wconf 84' lang='grc' dir='ltr'>μηρῶν</span> <span class='ocrx_word' id='word_1_76' title='bbox 905 568 926 583; x_wconf 86' lang='grc'><strong>⁹¹</strong></span> 
     </span>
    </p>
   </div>
   <div class='ocr_carea' id='block_1_11' title="bbox 139 613 930 653">
    <p class='ocr_par' dir='ltr' id='par_1_11' title="bbox 139 613 930 653">
     <span class='ocr_line' id='line_1_11' title="bbox 139 613 930 653; baseline -0.008 -9"><span class='ocrx_word' id='word_1_77' title='bbox 139 617 342 653; x_wconf 78' lang='grc' dir='ltr'>κατερχόμενον</span> <span class='ocrx_word' id='word_1_78' title='bbox 351 616 397 643; x_wconf 73' lang='grc' dir='ltr'>καὶ</span> <span class='ocrx_word' id='word_1_79' title='bbox 412 614 501 650; x_wconf 77' lang='grc' dir='ltr'>ζώνην</span> <span class='ocrx_word' id='word_1_80' title='bbox 513 613 609 650; x_wconf 79' lang='grc' dir='ltr'>ὁμοίαν</span> <span class='ocrx_word' id='word_1_81' title='bbox 623 615 656 649; x_wconf 87' lang='grc' dir='ltr'><strong>τῇ</strong></span> <span class='ocrx_word' id='word_1_82' title='bbox 669 614 766 648; x_wconf 79' lang='grc' dir='ltr'>πρώτῃ</span> <span class='ocrx_word' id='word_1_83' title='bbox 777 620 930 646; x_wconf 80' lang='grc' dir='ltr'>κατασφιγ-</span> 
     </span>
    </p>
   </div>
   <div class='ocr_carea' id='block_1_12' title="bbox 138 657 928 696">
    <p class='ocr_par' dir='ltr' id='par_1_12' title="bbox 138 657 928 696">
     <span class='ocr_line' id='line_1_12' title="bbox 138 657 928 696; baseline -0.005 -8"><span class='ocrx_word' id='word_1_84' title='bbox 138 662 268 696; x_wconf 75' lang='grc' dir='ltr'>γόμενον,</span> <span class='ocrx_word' id='word_1_85' title='bbox 283 661 358 696; x_wconf 73' lang='grc' dir='ltr'>ἤπερ</span> <span class='ocrx_word' id='word_1_86' title='bbox 375 660 397 676; x_wconf 84' lang='grc'><strong>¹⁹</strong></span> <span class='ocrx_word' id='word_1_87' title='bbox 412 660 519 693; x_wconf 72' lang='grc' dir='ltr'>ἑπωμὶς</span> <span class='ocrx_word' id='word_1_88' title='bbox 533 659 580 685; x_wconf 74' lang='grc' dir='ltr'><strong>καὶ</strong></span> <span class='ocrx_word' id='word_1_89' title='bbox 591 658 674 692; x_wconf 77' lang='grc' dir='ltr'>ὲφοὺδ</span> <span class='ocrx_word' id='word_1_90' title='bbox 684 657 928 693; x_wconf 75' lang='grc' dir='ltr'>προσαγορεύεται.</span> 
     </span>
    </p>
   </div>
   <div class='ocr_carea' id='block_1_13' title="bbox 140 698 930 739">
    <p class='ocr_par' dir='ltr' id='par_1_13' title="bbox 140 698 930 739">
     <span class='ocr_line' id='line_1_13' title="bbox 140 698 930 739; baseline -0.005 -8"><span class='ocrx_word' id='word_1_91' title='bbox 140 707 186 733; x_wconf 83' lang='grc' dir='ltr'>Διὺ</span> <span class='ocrx_word' id='word_1_92' title='bbox 201 707 249 733; x_wconf 79' lang='grc' dir='ltr'>καὶ</span> <span class='ocrx_word' id='word_1_93' title='bbox 269 705 384 736; x_wconf 71' lang='grc' dir='ltr'>Ἀκύλας</span> <span class='ocrx_word' id='word_1_94' title='bbox 406 704 542 739; x_wconf 82' lang='grc' dir='ltr'>ὲπένδυμα</span> <span class='ocrx_word' id='word_1_95' title='bbox 560 703 626 730; x_wconf 78' lang='grc' dir='ltr'>αὐτὸ</span> <span class='ocrx_word' id='word_1_96' title='bbox 643 702 788 737; x_wconf 72' lang='grc' dir='ltr'>κέκληκεν,</span> <span class='ocrx_word' id='word_1_97' title='bbox 802 702 831 728; x_wconf 78' lang='grc' dir='ltr'>ὲν</span> <span class='ocrx_word' id='word_1_98' title='bbox 846 698 869 735; x_wconf 81' lang='grc' dir='ltr'>ᾧ</span> <span class='ocrx_word' id='word_1_99' title='bbox 882 701 930 728; x_wconf 77' lang='grc' dir='ltr'>καὶ</span> 
     </span>
    </p>
   </div>
   <div class='ocr_carea' id='block_1_14' title="bbox 140 747 930 788">
    <p class='ocr_par' dir='ltr' id='par_1_14' title="bbox 140 747 930 788">
     <span class='ocr_line' id='line_1_14' title="bbox 140 747 930 788; baseline -0.008 -9"><span class='ocrx_word' id='word_1_100' title='bbox 140 753 316 788; x_wconf 66' lang='grc' dir='ltr'>ἔπεπόρπουν</span> <span class='ocrx_word' id='word_1_101' title='bbox 332 751 356 766; x_wconf 76' lang='grc'><strong>⁸⁷</strong></span> <span class='ocrx_word' id='word_1_102' title='bbox 367 750 530 786; x_wconf 86' lang='grc' dir='ltr'>σαρδόνυχες</span> <span class='ocrx_word' id='word_1_103' title='bbox 542 748 603 776; x_wconf 73' lang='grc' dir='ltr'>καθ’</span> <span class='ocrx_word' id='word_1_104' title='bbox 617 749 755 783; x_wconf 68' lang='grc' dir='ltr'>ἑκατέρων</span> <span class='ocrx_word' id='word_1_105' title='bbox 769 747 824 775; x_wconf 86' lang='grc' dir='ltr'><strong>τῶν</strong></span> <span class='ocrx_word' id='word_1_106' title='bbox 836 747 930 782; x_wconf 82' lang='grc' dir='ltr'>ὤμων,</span> 
     </span>
    </p>
   </div>
   <div class='ocr_carea' id='block_1_15' title="bbox 143 793 931 834">
    <p class='ocr_par' dir='ltr' id='par_1_15' title="bbox 143 793 931 834">
     <span class='ocr_line' id='line_1_15' title="bbox 143 793 931 834; baseline -0.006 -10"><span class='ocrx_word' id='word_1_107' title='bbox 143 798 247 834; x_wconf 85' lang='grc' dir='ltr'>χρυσίῳ</span> <span class='ocrx_word' id='word_1_108' title='bbox 265 796 372 832; x_wconf 81' lang='grc' dir='ltr'>δοκίμῳ</span> <span class='ocrx_word' id='word_1_109' title='bbox 380 795 568 831; x_wconf 76' lang='grc' dir='ltr'><strong>περιεχόμενοι</strong></span> <span class='ocrx_word' id='word_1_110' title='bbox 582 794 630 821; x_wconf 79' lang='grc' dir='ltr'>καὶ</span> <span class='ocrx_word' id='word_1_111' title='bbox 645 794 720 821; x_wconf 77' lang='grc' dir='ltr'>ἄλλοι</span> <span class='ocrx_word' id='word_1_112' title='bbox 739 793 772 829; x_wconf 78' lang='grc' dir='ltr'>ιβ’</span> <span class='ocrx_word' id='word_1_113' title='bbox 784 793 863 825; x_wconf 80' lang='grc' dir='ltr'>λίθοι,</span> <span class='ocrx_word' id='word_1_114' title='bbox 881 801 931 828; x_wconf 85' lang='grc' dir='ltr'><strong>μι-</strong></span> 
     </span>
    </p>
   </div>
   <div class='ocr_carea' id='block_1_16' title="bbox 142 839 932 878">
    <p class='ocr_par' dir='ltr' id='par_1_16' title="bbox 142 839 932 878">
     <span class='ocr_line' id='line_1_16' title="bbox 142 839 932 878; baseline -0.006 -8"><span class='ocrx_word' id='word_1_115' title='bbox 142 844 220 878; x_wconf 79' lang='grc' dir='ltr'>γέθει</span> <span class='ocrx_word' id='word_1_116' title='bbox 235 843 283 870; x_wconf 79' lang='grc' dir='ltr'>καὶ</span> <span class='ocrx_word' id='word_1_117' title='bbox 298 842 393 869; x_wconf 79' lang='grc' dir='ltr'>κάλλει</span> <span class='ocrx_word' id='word_1_118' title='bbox 405 841 581 877; x_wconf 81' lang='grc' dir='ltr'>διαφέροντες</span> <span class='ocrx_word' id='word_1_119' title='bbox 596 840 645 868; x_wconf 83' lang='grc' dir='ltr'>καὶ</span> <span class='ocrx_word' id='word_1_120' title='bbox 664 839 816 875; x_wconf 86' lang='grc' dir='ltr'>ἀνθρώποις</span> <span class='ocrx_word' id='word_1_121' title='bbox 831 839 932 866; x_wconf 85' lang='grc' dir='ltr'>δυσπό-</span> 
     </span>
    </p>
   </div>
   <div class='ocr_carea' id='block_1_17' title="bbox 145 882 931 923">
    <p class='ocr_par' dir='ltr' id='par_1_17' title="bbox 145 882 931 923">
     <span class='ocr_line' id='line_1_17' title="bbox 145 882 931 923; baseline -0.009 -8"><span class='ocrx_word' id='word_1_122' title='bbox 145 897 242 923; x_wconf 78' lang='grc' dir='ltr'>ριστοι,</span> <span class='ocrx_word' id='word_1_123' title='bbox 256 887 355 918; x_wconf 83' lang='grc' dir='ltr'>οίτινες</span> <span class='ocrx_word' id='word_1_124' title='bbox 370 886 415 913; x_wconf 70' lang='grc' dir='ltr'>ἐπὶ</span> <span class='ocrx_word' id='word_1_125' title='bbox 431 886 532 921; x_wconf 78' lang='grc' dir='ltr'>στίχων</span> <span class='ocrx_word' id='word_1_126' title='bbox 547 885 570 900; x_wconf 74' lang='grc'><strong>’⁸</strong></span> <span class='ocrx_word' id='word_1_127' title='bbox 584 884 605 911; x_wconf 84' lang='grc' dir='ltr'>δ’</span> <span class='ocrx_word' id='word_1_128' title='bbox 617 883 788 920; x_wconf 66' lang='grc' dir='ltr'>ἑκατέρωθεν</span> <span class='ocrx_word' id='word_1_129' title='bbox 802 882 931 918; x_wconf 82' lang='grc' dir='ltr'>προσκεί-</span> 
     </span>
    </p>
   </div>
   <div class='ocr_carea' id='block_1_18' title="bbox 145 919 969 968">
    <p class='ocr_par' dir='ltr' id='par_1_18' title="bbox 145 919 969 968">
     <span class='ocr_line' id='line_1_18' title="bbox 145 919 969 968; baseline -0.01 -8"><span class='ocrx_word' id='word_1_130' title='bbox 145 919 221 968; x_wconf 75' lang='grc' dir='ltr'>μενοι</span> <span class='ocrx_word' id='word_1_131' title='bbox 232 919 279 959; x_wconf 82' lang='grc' dir='ltr'>καὶ</span> <span class='ocrx_word' id='word_1_132' title='bbox 288 931 418 963; x_wconf 82' lang='grc' dir='ltr'>ὡσαύτως</span> <span class='ocrx_word' id='word_1_133' title='bbox 432 919 524 966; x_wconf 78' lang='grc' dir='ltr'>χρυσῷ</span> <span class='ocrx_word' id='word_1_134' title='bbox 535 927 827 964; x_wconf 78' lang='grc' dir='ltr'>διακρατούμενοι,καὶ</span> <span class='ocrx_word' id='word_1_135' title='bbox 836 927 932 962; x_wconf 88' lang='grc' dir='ltr'>τριάδα</span> <span class='ocrx_word' id='word_1_136' title='bbox 948 919 969 947; x_wconf 76' lang='grc' dir='ltr'><strong>Β</strong></span> 
     </span>
    </p>
   </div>
   <div class='ocr_carea' id='block_1_19' title="bbox 143 975 931 1014">
    <p class='ocr_par' dir='ltr' id='par_1_19' title="bbox 143 975 931 1014">
     <span class='ocr_line' id='line_1_19' title="bbox 143 975 931 1014; baseline -0.006 -8"><span class='ocrx_word' id='word_1_137' title='bbox 143 980 226 1006; x_wconf 78' lang='grc' dir='ltr'>λίθων</span> <span class='ocrx_word' id='word_1_138' title='bbox 241 980 305 1011; x_wconf 80' lang='grc' dir='ltr'>τοὺς</span> <span class='ocrx_word' id='word_1_139' title='bbox 321 978 430 1014; x_wconf 77' lang='grc' dir='ltr'>στίχους</span> <span class='ocrx_word' id='word_1_140' title='bbox 450 977 572 1013; x_wconf 73' lang='grc' dir='ltr'>ἔχοντας,</span> <span class='ocrx_word' id='word_1_141' title='bbox 590 976 742 1011; x_wconf 87' lang='grc' dir='ltr'>θαυμάσιόν</span> <span class='ocrx_word' id='word_1_142' title='bbox 757 984 783 1002; x_wconf 85' lang='grc' dir='ltr'><strong>τι</strong></span> <span class='ocrx_word' id='word_1_143' title='bbox 801 976 896 1011; x_wconf 86' lang='grc' dir='ltr'>χρῆμα</span> <span class='ocrx_word' id='word_1_144' title='bbox 909 975 931 992; x_wconf 82' lang='grc'><em>³³</em></span> 
     </span>
    </p>
   </div>
   <div class='ocr_carea' id='block_1_20' title="bbox 143 1022 931 1062">
    <p class='ocr_par' dir='ltr' id='par_1_20' title="bbox 143 1022 931 1062">
     <span class='ocr_line' id='line_1_20' title="bbox 143 1022 931 1062; baseline -0.008 -9"><span class='ocrx_word' id='word_1_145' title='bbox 143 1027 199 1058; x_wconf 75' lang='grc' dir='ltr'>τοῖς</span> <span class='ocrx_word' id='word_1_146' title='bbox 212 1027 315 1062; x_wconf 81' lang='grc' dir='ltr'>ὁρῶσιν</span> <span class='ocrx_word' id='word_1_147' title='bbox 330 1024 514 1059; x_wconf 74' lang='grc' dir='ltr'>ὲξεφαίνοντο.</span> <span class='ocrx_word' id='word_1_148' title='bbox 535 1022 564 1049; x_wconf 93' lang='lat'><strong>&#39;0</strong></span> <span class='ocrx_word' id='word_1_149' title='bbox 583 1023 632 1058; x_wconf 71' lang='grc' dir='ltr'>μὲν</span> <span class='ocrx_word' id='word_1_150' title='bbox 646 1022 701 1058; x_wconf 83' lang='grc' dir='ltr'>γὰρ</span> <span class='ocrx_word' id='word_1_151' title='bbox 718 1022 825 1058; x_wconf 78' lang='grc' dir='ltr'>πρῶτος</span> <span class='ocrx_word' id='word_1_152' title='bbox 842 1022 931 1056; x_wconf 82' lang='grc' dir='ltr'>στίχος</span> 
     </span>
    </p>
   </div>
   <div class='ocr_carea' id='block_1_21' title="bbox 144 1067 932 1108">
    <p class='ocr_par' dir='ltr' id='par_1_21' title="bbox 144 1067 932 1108">
     <span class='ocr_line' id='line_1_21' title="bbox 144 1067 932 1108; baseline -0.006 -10"><span class='ocrx_word' id='word_1_153' title='bbox 144 1070 202 1108; x_wconf 68' lang='grc' dir='ltr'>εἶχε</span> <span class='ocrx_word' id='word_1_154' title='bbox 216 1072 352 1107; x_wconf 79' lang='grc' dir='ltr'>σάρδινον,</span> <span class='ocrx_word' id='word_1_155' title='bbox 367 1070 497 1102; x_wconf 73' lang='grc' dir='ltr'>τοπάζιον</span> <span class='ocrx_word' id='word_1_156' title='bbox 516 1069 540 1085; x_wconf 74' lang='grc'><strong>’⁸</strong></span> <span class='ocrx_word' id='word_1_157' title='bbox 554 1069 602 1096; x_wconf 83' lang='grc' dir='ltr'>καὶ</span> <span class='ocrx_word' id='word_1_158' title='bbox 628 1067 785 1103; x_wconf 76' lang='grc' dir='ltr'>σμάραγδον</span> <span class='ocrx_word' id='word_1_159' title='bbox 797 1075 805 1083; x_wconf 66' lang='grc' dir='ltr'><strong>ο</strong></span> <span class='ocrx_word' id='word_1_160' title='bbox 828 1067 843 1094; x_wconf 85' lang='lat'><strong>6</strong></span> <span class='ocrx_word' id='word_1_161' title='bbox 866 1067 894 1094; x_wconf 74' lang='grc' dir='ltr'>δὲ</span> <span class='ocrx_word' id='word_1_162' title='bbox 911 1067 932 1102; x_wconf 86' lang='grc' dir='ltr'><strong>β’</strong></span> 
     </span>
    </p>
   </div>
   <div class='ocr_carea' id='block_1_22' title="bbox 145 1112 934 1152">
    <p class='ocr_par' dir='ltr' id='par_1_22' title="bbox 145 1112 934 1152">
     <span class='ocr_line' id='line_1_22' title="bbox 145 1112 934 1152; baseline -0.008 -8"><span class='ocrx_word' id='word_1_163' title='bbox 145 1118 281 1152; x_wconf 73' lang='grc' dir='ltr'>ἄνθρακα,</span> <span class='ocrx_word' id='word_1_164' title='bbox 304 1115 408 1147; x_wconf 79' lang='grc' dir='ltr'>ἴασπιν,</span> <span class='ocrx_word' id='word_1_165' title='bbox 433 1114 583 1149; x_wconf 78' lang='grc' dir='ltr'>σάπφειρον</span> <span class='ocrx_word' id='word_1_166' title='bbox 593 1121 601 1128; x_wconf 87' lang='grc'><strong>·</strong></span> <span class='ocrx_word' id='word_1_167' title='bbox 615 1113 630 1139; x_wconf 88' lang='lat'><strong>6</strong></span> <span class='ocrx_word' id='word_1_168' title='bbox 645 1113 674 1140; x_wconf 73' lang='grc' dir='ltr'>δὲ</span> <span class='ocrx_word' id='word_1_169' title='bbox 690 1112 714 1147; x_wconf 90' lang='grc' dir='ltr'>γ’</span> <span class='ocrx_word' id='word_1_170' title='bbox 728 1112 849 1148; x_wconf 89' lang='grc' dir='ltr'>λίγυρον,</span> <span class='ocrx_word' id='word_1_171' title='bbox 865 1112 934 1147; x_wconf 75' lang='grc' dir='ltr'><strong>ἁμέ-</strong></span> 
     </span>
    </p>
   </div>
   <div class='ocr_carea' id='block_1_23' title="bbox 146 1158 935 1198">
    <p class='ocr_par' dir='ltr' id='par_1_23' title="bbox 146 1158 935 1198">
     <span class='ocr_line' id='line_1_23' title="bbox 146 1158 935 1198; baseline -0.005 -9"><span class='ocrx_word' id='word_1_172' title='bbox 146 1163 255 1194; x_wconf 80' lang='grc' dir='ltr'>θυστον,</span> <span class='ocrx_word' id='word_1_173' title='bbox 278 1162 386 1198; x_wconf 80' lang='grc' dir='ltr'>ἁχάτην</span> <span class='ocrx_word' id='word_1_174' title='bbox 403 1161 425 1177; x_wconf 78' lang='grc'><strong>’⁷</strong></span> <span class='ocrx_word' id='word_1_175' title='bbox 436 1169 443 1177; x_wconf 90' lang='grc'>·</span> <span class='ocrx_word' id='word_1_176' title='bbox 459 1161 473 1187; x_wconf 86' lang='lat'><strong>6</strong></span> <span class='ocrx_word' id='word_1_177' title='bbox 495 1160 525 1187; x_wconf 76' lang='grc' dir='ltr'>δὲ</span> <span class='ocrx_word' id='word_1_178' title='bbox 544 1159 565 1186; x_wconf 89' lang='grc' dir='ltr'>δ’</span> <span class='ocrx_word' id='word_1_179' title='bbox 582 1159 751 1194; x_wconf 80' lang='grc' dir='ltr'>χρυσόλιθον,</span> <span class='ocrx_word' id='word_1_180' title='bbox 764 1158 871 1194; x_wconf 79' lang='grc' dir='ltr'>ὀνύχιον</span> <span class='ocrx_word' id='word_1_181' title='bbox 888 1159 935 1186; x_wconf 76' lang='grc' dir='ltr'><strong>καὶ</strong></span> 
     </span>
    </p>
   </div>
   <div class='ocr_carea' id='block_1_24' title="bbox 148 1205 935 1244">
    <p class='ocr_par' dir='ltr' id='par_1_24' title="bbox 148 1205 935 1244">
     <span class='ocr_line' id='line_1_24' title="bbox 148 1205 935 1244; baseline -0.005 -9"><span class='ocrx_word' id='word_1_182' title='bbox 148 1209 312 1244; x_wconf 74' lang='grc' dir='ltr'>βηρύλλιον·</span> <span class='ocrx_word' id='word_1_183' title='bbox 331 1207 380 1235; x_wconf 79' lang='grc' dir='ltr'>καὶ</span> <span class='ocrx_word' id='word_1_184' title='bbox 404 1207 433 1234; x_wconf 74' lang='grc' dir='ltr'>ἰν</span> <span class='ocrx_word' id='word_1_185' title='bbox 455 1207 523 1233; x_wconf 81' lang='grc' dir='ltr'>πᾶσι</span> <span class='ocrx_word' id='word_1_186' title='bbox 549 1205 656 1237; x_wconf 85' lang='grc' dir='ltr'>τούτοις</span> <span class='ocrx_word' id='word_1_187' title='bbox 681 1205 735 1231; x_wconf 81' lang='grc' dir='ltr'><strong>τῶν</strong></span> <span class='ocrx_word' id='word_1_188' title='bbox 757 1205 935 1240; x_wconf 86' lang='grc' dir='ltr'>πατριαρχῶν</span> 
     </span>
    </p>
   </div>
   <div class='ocr_carea' id='block_1_25' title="bbox 147 1249 935 1286">
    <p class='ocr_par' dir='ltr' id='par_1_25' title="bbox 147 1249 935 1286">
     <span class='ocr_line' id='line_1_25' title="bbox 147 1249 935 1286; baseline -0.008 -5"><span class='ocrx_word' id='word_1_189' title='bbox 147 1254 318 1281; x_wconf 77' lang='grc' dir='ltr'>ἰκεκόλαπτο</span> <span class='ocrx_word' id='word_1_190' title='bbox 343 1252 378 1280; x_wconf 81' lang='grc' dir='ltr'>τὰ</span> <span class='ocrx_word' id='word_1_191' title='bbox 402 1252 534 1286; x_wconf 80' lang='grc' dir='ltr'>ὀνόματα,</span> <span class='ocrx_word' id='word_1_192' title='bbox 560 1250 676 1277; x_wconf 72' lang='grc' dir='ltr'>ἑκάστου</span> <span class='ocrx_word' id='word_1_193' title='bbox 702 1249 750 1275; x_wconf 79' lang='grc' dir='ltr'>τοῦ</span> <span class='ocrx_word' id='word_1_194' title='bbox 773 1249 847 1276; x_wconf 88' lang='grc' dir='ltr'>λίθου</span> <span class='ocrx_word' id='word_1_195' title='bbox 870 1249 935 1276; x_wconf 79' lang='grc' dir='ltr'>ἴδιον</span> 
     </span>
    </p>
   </div>
   <div class='ocr_carea' id='block_1_26' title="bbox 147 1293 937 1333">
    <p class='ocr_par' dir='ltr' id='par_1_26' title="bbox 147 1293 937 1333">
     <span class='ocr_line' id='line_1_26' title="bbox 147 1293 937 1333; baseline -0.004 -9"><span class='ocrx_word' id='word_1_196' title='bbox 147 1300 256 1333; x_wconf 80' lang='grc' dir='ltr'>ῐχοντος</span> <span class='ocrx_word' id='word_1_197' title='bbox 270 1298 357 1333; x_wconf 79' lang='grc' dir='ltr'>όνομα</span> <span class='ocrx_word' id='word_1_198' title='bbox 372 1296 520 1332; x_wconf 85' lang='grc' dir='ltr'>φυλάρχου.</span> <span class='ocrx_word' id='word_1_199' title='bbox 538 1295 625 1330; x_wconf 80' lang='grc' dir='ltr'>Συνῆν</span> <span class='ocrx_word' id='word_1_200' title='bbox 640 1295 668 1321; x_wconf 68' lang='grc' dir='ltr'>δὲ</span> <span class='ocrx_word' id='word_1_201' title='bbox 685 1295 715 1321; x_wconf 85' lang='grc' dir='ltr'><strong>τδ</strong></span> <span class='ocrx_word' id='word_1_202' title='bbox 727 1293 751 1310; x_wconf 74' lang='grc'><strong>’⁸</strong></span> <span class='ocrx_word' id='word_1_203' title='bbox 767 1294 848 1329; x_wconf 76' lang='grc' dir='ltr'>ἐφοὺδ</span> <span class='ocrx_word' id='word_1_204' title='bbox 862 1294 937 1330; x_wconf 79' lang='grc' dir='ltr'>περὶ·</span> 
     </span>
    </p>
   </div>
   <div class='ocr_carea' id='block_1_27' title="bbox 147 1339 934 1380">
    <p class='ocr_par' dir='ltr' id='par_1_27' title="bbox 147 1339 934 1380">
     <span class='ocr_line' id='line_1_27' title="bbox 147 1339 934 1380; baseline -0.006 -8"><span class='ocrx_word' id='word_1_205' title='bbox 147 1354 258 1380; x_wconf 83' lang='grc' dir='ltr'>τμημα,</span> <span class='ocrx_word' id='word_1_206' title='bbox 270 1343 413 1380; x_wconf 81' lang='grc' dir='ltr'>σπιθαμῆς</span> <span class='ocrx_word' id='word_1_207' title='bbox 428 1343 477 1378; x_wconf 73' lang='grc' dir='ltr'>μὲν</span> <span class='ocrx_word' id='word_1_208' title='bbox 490 1343 521 1369; x_wconf 80' lang='grc' dir='ltr'>τὸ</span> <span class='ocrx_word' id='word_1_209' title='bbox 538 1343 626 1378; x_wconf 78' lang='grc' dir='ltr'>μῆκος</span> <span class='ocrx_word' id='word_1_210' title='bbox 640 1341 688 1369; x_wconf 75' lang='grc' dir='ltr'>καὶ</span> <span class='ocrx_word' id='word_1_211' title='bbox 702 1341 782 1368; x_wconf 81' lang='grc' dir='ltr'>τόσον</span> <span class='ocrx_word' id='word_1_212' title='bbox 797 1341 828 1368; x_wconf 84' lang='grc' dir='ltr'><strong>τὸ</strong></span> <span class='ocrx_word' id='word_1_213' title='bbox 844 1339 934 1377; x_wconf 83' lang='grc' dir='ltr'>εὖρος,</span> 
     </span>
    </p>
   </div>
   <div class='ocr_carea' id='block_1_28' title="bbox 147 1388 936 1426">
    <p class='ocr_par' dir='ltr' id='par_1_28' title="bbox 147 1388 936 1426">
     <span class='ocr_line' id='line_1_28' title="bbox 147 1388 936 1426; baseline -0.004 -9"><span class='ocrx_word' id='word_1_214' title='bbox 147 1391 320 1426; x_wconf 76' lang='grc' dir='ltr'>τετράγωνον</span> <span class='ocrx_word' id='word_1_215' title='bbox 337 1389 403 1425; x_wconf 73' lang='grc' dir='ltr'>περὶ</span> <span class='ocrx_word' id='word_1_216' title='bbox 420 1389 451 1416; x_wconf 81' lang='grc' dir='ltr'>τὸ</span> <span class='ocrx_word' id='word_1_217' title='bbox 474 1388 582 1424; x_wconf 74' lang='grc' dir='ltr'>στῆθος,</span> <span class='ocrx_word' id='word_1_218' title='bbox 599 1389 656 1419; x_wconf 81' lang='grc' dir='ltr'>τοῖς</span> <span class='ocrx_word' id='word_1_219' title='bbox 674 1388 765 1420; x_wconf 81' lang='grc' dir='ltr'>αὐτοῖς</span> <span class='ocrx_word' id='word_1_220' title='bbox 780 1388 809 1415; x_wconf 69' lang='grc' dir='ltr'>δι</span> <span class='ocrx_word' id='word_1_221' title='bbox 825 1388 936 1414; x_wconf 79' lang='grc' dir='ltr'>κάλλεσι</span> 
     </span>
    </p>
   </div>
   <div class='ocr_carea' id='block_1_29' title="bbox 147 1433 937 1473">
    <p class='ocr_par' dir='ltr' id='par_1_29' title="bbox 147 1433 937 1473">
     <span class='ocr_line' id='line_1_29' title="bbox 147 1433 937 1473; baseline -0.008 -8"><span class='ocrx_word' id='word_1_222' title='bbox 147 1437 346 1473; x_wconf 79' lang='grc' dir='ltr'>διηνθισμένον,</span> <span class='ocrx_word' id='word_1_223' title='bbox 355 1435 449 1470; x_wconf 84' lang='grc' dir='ltr'>ὥσπερ</span> <span class='ocrx_word' id='word_1_224' title='bbox 460 1435 493 1471; x_wconf 78' lang='grc' dir='ltr'>δὴ</span> <span class='ocrx_word' id='word_1_225' title='bbox 503 1434 551 1462; x_wconf 79' lang='grc' dir='ltr'>καὶ</span> <span class='ocrx_word' id='word_1_226' title='bbox 563 1433 629 1460; x_wconf 82' lang='grc' dir='ltr'>αὐτὸ</span> <span class='ocrx_word' id='word_1_227' title='bbox 643 1433 782 1469; x_wconf 77' lang='grc' dir='ltr'>Ἑὸραϊστὶ</span> <span class='ocrx_word' id='word_1_228' title='bbox 796 1433 845 1468; x_wconf 81' lang='grc' dir='ltr'>μὲν</span> <span class='ocrx_word' id='word_1_229' title='bbox 856 1433 937 1468; x_wconf 70' lang='grc' dir='ltr'>ὲφοὺδ</span> 
     </span>
    </p>
   </div>
   <div class='ocr_carea' id='block_1_30' title="bbox 148 1479 936 1519">
    <p class='ocr_par' dir='ltr' id='par_1_30' title="bbox 148 1479 936 1519">
     <span class='ocr_line' id='line_1_30' title="bbox 148 1479 936 1519; baseline -0.006 -9"><span class='ocrx_word' id='word_1_230' title='bbox 148 1483 316 1519; x_wconf 72' lang='grc' dir='ltr'>ὠνομάζετο,</span> <span class='ocrx_word' id='word_1_231' title='bbox 335 1481 488 1517; x_wconf 80' lang='grc' dir='ltr'>Ἑλληνιστὶ</span> <span class='ocrx_word' id='word_1_232' title='bbox 503 1480 531 1507; x_wconf 82' lang='grc' dir='ltr'>δὲ</span> <span class='ocrx_word' id='word_1_233' title='bbox 542 1479 632 1514; x_wconf 86' lang='grc' dir='ltr'>λόγιον</span> <span class='ocrx_word' id='word_1_234' title='bbox 641 1486 649 1494; x_wconf 82' lang='grc'><strong>’</strong></span> <span class='ocrx_word' id='word_1_235' title='bbox 667 1480 714 1506; x_wconf 77' lang='grc' dir='ltr'>καὶ</span> <span class='ocrx_word' id='word_1_236' title='bbox 726 1479 842 1515; x_wconf 77' lang='grc' dir='ltr'>δήλωσις</span> <span class='ocrx_word' id='word_1_237' title='bbox 850 1487 936 1514; x_wconf 73' lang='grc' dir='ltr'>προσο</span> 
     </span>
    </p>
   </div>
   <div class='ocr_carea' id='block_1_31' title="bbox 148 1524 937 1563">
    <p class='ocr_par' dir='ltr' id='par_1_31' title="bbox 148 1524 937 1563">
     <span class='ocr_line' id='line_1_31' title="bbox 148 1524 937 1563; baseline -0.006 -8"><span class='ocrx_word' id='word_1_238' title='bbox 148 1528 309 1563; x_wconf 77' lang='grc' dir='ltr'>ηγορεύετο,</span> <span class='ocrx_word' id='word_1_239' title='bbox 332 1527 365 1554; x_wconf 77' lang='grc' dir='ltr'>δι’</span> <span class='ocrx_word' id='word_1_240' title='bbox 381 1524 411 1553; x_wconf 80' lang='grc' dir='ltr'>οὓ</span> <span class='ocrx_word' id='word_1_241' title='bbox 434 1527 448 1553; x_wconf 98' lang='lat'><strong>6</strong></span> <span class='ocrx_word' id='word_1_242' title='bbox 470 1524 537 1555; x_wconf 84' lang='grc' dir='ltr'>Θεὸς</span> <span class='ocrx_word' id='word_1_243' title='bbox 562 1524 688 1560; x_wconf 73' lang='grc' dir='ltr'>μέλλουσι</span> <span class='ocrx_word' id='word_1_244' title='bbox 710 1524 838 1559; x_wconf 82' lang='grc' dir='ltr'>πολεμεῖν</span> <span class='ocrx_word' id='word_1_245' title='bbox 858 1524 937 1558; x_wconf 86' lang='grc' dir='ltr'>νίκην</span> 
     </span>
    </p>
   </div>
   <div class='ocr_carea' id='block_1_32' title="bbox 980 297 1767 333">
    <p class='ocr_par' dir='ltr' id='par_1_32' title="bbox 980 297 1767 333">
     <span class='ocr_line' id='line_1_32' title="bbox 980 297 1767 333; baseline 0.003 -10"><span class='ocrx_word' id='word_1_246' title='bbox 980 303 1113 331; x_wconf 83' lang='lat' dir='ltr'><strong>purpura,</strong></span> <span class='ocrx_word' id='word_1_247' title='bbox 1127 303 1221 329; x_wconf 87' lang='lat' dir='ltr'><strong>cocco.</strong></span> <span class='ocrx_word' id='word_1_248' title='bbox 1238 303 1318 330; x_wconf 87' lang='lat' dir='ltr'><strong>auro,</strong></span> <span class='ocrx_word' id='word_1_249' title='bbox 1332 303 1417 332; x_wconf 85' lang='lat' dir='ltr'><strong>opere</strong></span> <span class='ocrx_word' id='word_1_250' title='bbox 1430 297 1572 332; x_wconf 67' lang='lat' dir='ltr'><strong>polymita.</strong></span> <span class='ocrx_word' id='word_1_251' title='bbox 1587 301 1662 325; x_wconf 78' lang='lat' dir='ltr'><strong>texto</strong></span> <span class='ocrx_word' id='word_1_252' title='bbox 1677 306 1767 333; x_wconf 67' lang='lat' dir='ltr'><strong>usque</strong></span> 
     </span>
    </p>
   </div>
   <div class='ocr_carea' id='block_1_33' title="bbox 979 341 1764 378">
    <p class='ocr_par' dir='ltr' id='par_1_33' title="bbox 979 341 1764 378">
     <span class='ocr_line' id='line_1_33' title="bbox 979 341 1764 378; baseline 0.003 -9"><span class='ocrx_word' id='word_1_253' title='bbox 979 341 1013 369; x_wconf 83' lang='lat' dir='ltr'><strong>ad</strong></span> <span class='ocrx_word' id='word_1_254' title='bbox 1028 341 1131 370; x_wconf 85' lang='lat' dir='ltr'><strong>femora</strong></span> <span class='ocrx_word' id='word_1_255' title='bbox 1143 342 1345 375; x_wconf 70' lang='lat' dir='ltr'><strong>descendente;</strong></span> <span class='ocrx_word' id='word_1_256' title='bbox 1359 342 1422 370; x_wconf 90' lang='lat' dir='ltr'><strong>item</strong></span> <span class='ocrx_word' id='word_1_257' title='bbox 1433 350 1528 370; x_wconf 82' lang='lat' dir='ltr'><strong>zonam</strong></span> <span class='ocrx_word' id='word_1_258' title='bbox 1542 343 1667 376; x_wconf 83' lang='lat' dir='ltr'><strong>portabat</strong></span> <span class='ocrx_word' id='word_1_259' title='bbox 1682 344 1764 378; x_wconf 77' lang='lat' dir='ltr'><strong>prioti</strong></span> 
     </span>
    </p>
   </div>
   <div class='ocr_carea' id='block_1_34' title="bbox 980 387 1764 423">
    <p class='ocr_par' dir='ltr' id='par_1_34' title="bbox 980 387 1764 423">
     <span class='ocr_line' id='line_1_34' title="bbox 980 387 1764 423; baseline 0.001 -8"><span class='ocrx_word' id='word_1_260' title='bbox 980 387 1134 420; x_wconf 78' lang='lat' dir='ltr'><strong>astrictam,</strong></span> <span class='ocrx_word' id='word_1_261' title='bbox 1152 396 1212 423; x_wconf 78' lang='lat' dir='ltr'><strong>qua:</strong></span> <span class='ocrx_word' id='word_1_262' title='bbox 1228 388 1371 415; x_wconf 88' lang='lat' dir='ltr'><strong>humerale</strong></span> <span class='ocrx_word' id='word_1_263' title='bbox 1393 388 1432 414; x_wconf 78' lang='lat' dir='ltr'><strong>vel</strong></span> <span class='ocrx_word' id='word_1_264' title='bbox 1448 388 1535 422; x_wconf 91' lang='lat' dir='ltr'><strong>ephod</strong></span> <span class='ocrx_word' id='word_1_265' title='bbox 1552 392 1673 416; x_wconf 76' lang='lat' dir='ltr'><strong>vocatur.</strong></span> <span class='ocrx_word' id='word_1_266' title='bbox 1690 388 1764 416; x_wconf 81' lang='lat' dir='ltr'><strong>Hanc</strong></span> 
     </span>
    </p>
   </div>
   <div class='ocr_carea' id='block_1_35' title="bbox 979 433 1764 468">
    <p class='ocr_par' dir='ltr' id='par_1_35' title="bbox 979 433 1764 468">
     <span class='ocr_line' id='line_1_35' title="bbox 979 433 1764 468; baseline 0 -8"><span class='ocrx_word' id='word_1_267' title='bbox 979 434 1015 461; x_wconf 89' lang='lat' dir='ltr'><strong>ob</strong></span> <span class='ocrx_word' id='word_1_268' title='bbox 1029 441 1140 461; x_wconf 81' lang='lat' dir='ltr'><strong>causam</strong></span> <span class='ocrx_word' id='word_1_269' title='bbox 1152 434 1248 468; x_wconf 74' lang='lat' dir='ltr'><strong>Aquila</strong></span> <span class='ocrx_word' id='word_1_270' title='bbox 1261 434 1487 468; x_wconf 85' lang='lat' dir='ltr'><strong>superhumerale</strong></span> <span class='ocrx_word' id='word_1_271' title='bbox 1500 433 1629 468; x_wconf 83' lang='lat' dir='ltr'><strong>appellat,</strong></span> <span class='ocrx_word' id='word_1_272' title='bbox 1643 442 1676 461; x_wconf 86' lang='lat' dir='ltr'><strong>ex</strong></span> <span class='ocrx_word' id='word_1_273' title='bbox 1688 438 1764 461; x_wconf 87' lang='lat' dir='ltr'><strong>utro-</strong></span> 
     </span>
    </p>
   </div>
   <div class='ocr_carea' id='block_1_36' title="bbox 980 479 1766 515">
    <p class='ocr_par' dir='ltr' id='par_1_36' title="bbox 980 479 1766 515">
     <span class='ocr_line' id='line_1_36' title="bbox 980 479 1766 515; baseline 0 -10"><span class='ocrx_word' id='word_1_274' title='bbox 980 487 1034 514; x_wconf 89' lang='lat' dir='ltr'><strong>que</strong></span> <span class='ocrx_word' id='word_1_275' title='bbox 1050 479 1164 507; x_wconf 84' lang='lat' dir='ltr'><strong>humero</strong></span> <span class='ocrx_word' id='word_1_276' title='bbox 1182 480 1234 514; x_wconf 86' lang='lat' dir='ltr'><strong>lapi</strong></span> <span class='ocrx_word' id='word_1_277' title='bbox 1247 479 1317 506; x_wconf 84' lang='lat' dir='ltr'><strong>libus</strong></span> <span class='ocrx_word' id='word_1_278' title='bbox 1339 479 1484 515; x_wconf 82' lang='lat' dir='ltr'><strong>onychinis</strong></span> <span class='ocrx_word' id='word_1_279' title='bbox 1505 483 1585 514; x_wconf 86' lang='lat' dir='ltr'><strong>atque</strong></span> <span class='ocrx_word' id='word_1_280' title='bbox 1601 479 1678 508; x_wconf 79' lang='lat' dir='ltr'><strong>lauro</strong></span> <span class='ocrx_word' id='word_1_281' title='bbox 1698 486 1766 513; x_wconf 89' lang='lat' dir='ltr'><strong>puro</strong></span> 
     </span>
    </p>
   </div>
   <div class='ocr_carea' id='block_1_37' title="bbox 981 524 1766 560">
    <p class='ocr_par' dir='ltr' id='par_1_37' title="bbox 981 524 1766 560">
     <span class='ocr_line' id='line_1_37' title="bbox 981 524 1766 560; baseline -0.001 -8"><span class='ocrx_word' id='word_1_282' title='bbox 981 525 1150 556; x_wconf 85' lang='lat' dir='ltr'><strong>distinctum,</strong></span> <span class='ocrx_word' id='word_1_283' title='bbox 1167 527 1194 552; x_wconf 93' lang='lat' dir='ltr'><strong>et</strong></span> <span class='ocrx_word' id='word_1_284' title='bbox 1209 525 1270 552; x_wconf 90' lang='lat' dir='ltr'><strong>aliis</strong></span> <span class='ocrx_word' id='word_1_285' title='bbox 1284 533 1392 560; x_wconf 84' lang='lat' dir='ltr'><strong>quoque</strong></span> <span class='ocrx_word' id='word_1_286' title='bbox 1403 525 1546 552; x_wconf 87' lang='lat' dir='ltr'><strong>duodecim</strong></span> <span class='ocrx_word' id='word_1_287' title='bbox 1558 524 1694 559; x_wconf 92' lang='lat' dir='ltr'><strong>lapidibus</strong></span> <span class='ocrx_word' id='word_1_288' title='bbox 1706 525 1766 551; x_wconf 82' lang='lat' dir='ltr'><strong>exi-</strong></span> 
     </span>
    </p>
   </div>
   <div class='ocr_carea' id='block_1_38' title="bbox 981 570 1765 605">
    <p class='ocr_par' dir='ltr' id='par_1_38' title="bbox 981 570 1765 605">
     <span class='ocr_line' id='line_1_38' title="bbox 981 570 1765 605; baseline 0.001 -8"><span class='ocrx_word' id='word_1_289' title='bbox 981 571 1042 597; x_wconf 74' lang='lat' dir='ltr'><strong>mite</strong></span> <span class='ocrx_word' id='word_1_290' title='bbox 1064 570 1260 605; x_wconf 78' lang='lat' dir='ltr'><strong>magnitudinis</strong></span> <span class='ocrx_word' id='word_1_291' title='bbox 1287 578 1319 598; x_wconf 89' lang='lat' dir='ltr'><strong>ac</strong></span> <span class='ocrx_word' id='word_1_292' title='bbox 1344 570 1566 605; x_wconf 83' lang='lat' dir='ltr'><strong>pulchritudinis,</strong></span> <span class='ocrx_word' id='word_1_293' title='bbox 1589 571 1615 598; x_wconf 89' lang='lat' dir='ltr'><strong>in</strong></span> <span class='ocrx_word' id='word_1_294' title='bbox 1643 571 1765 598; x_wconf 77' lang='lat' dir='ltr'><strong>ordinem</strong></span> 
     </span>
    </p>
   </div>
   <div class='ocr_carea' id='block_1_39' title="bbox 981 616 1767 652">
    <p class='ocr_par' dir='ltr' id='par_1_39' title="bbox 981 616 1767 652">
     <span class='ocr_line' id='line_1_39' title="bbox 981 616 1767 652; baseline -0.001 -8"><span class='ocrx_word' id='word_1_295' title='bbox 981 616 1226 652; x_wconf 82' lang='lat' dir='ltr'><strong>quadrangularem</strong></span> <span class='ocrx_word' id='word_1_296' title='bbox 1244 616 1398 651; x_wconf 84' lang='lat' dir='ltr'><strong>dispositis.</strong></span> <span class='ocrx_word' id='word_1_297' title='bbox 1410 616 1520 644; x_wconf 86' lang='lat' dir='ltr'><strong>Primus</strong></span> <span class='ocrx_word' id='word_1_298' title='bbox 1541 624 1638 644; x_wconf 87' lang='lat' dir='ltr'><strong>versus</strong></span> <span class='ocrx_word' id='word_1_299' title='bbox 1652 616 1767 644; x_wconf 84' lang='lat' dir='ltr'><strong>habebat</strong></span> 
     </span>
    </p>
   </div>
   <div class='ocr_carea' id='block_1_40' title="bbox 982 662 1768 697">
    <p class='ocr_par' dir='ltr' id='par_1_40' title="bbox 982 662 1768 697">
     <span class='ocr_line' id='line_1_40' title="bbox 982 662 1768 697; baseline -0.003 -7"><span class='ocrx_word' id='word_1_300' title='bbox 982 663 1115 694; x_wconf 86' lang='lat' dir='ltr'><strong>sardium,</strong></span> <span class='ocrx_word' id='word_1_301' title='bbox 1131 663 1267 697; x_wconf 80' lang='lat' dir='ltr'><strong>lopazium</strong></span> <span class='ocrx_word' id='word_1_302' title='bbox 1286 666 1310 690; x_wconf 90' lang='lat' dir='ltr'><strong>et</strong></span> <span class='ocrx_word' id='word_1_303' title='bbox 1326 663 1512 697; x_wconf 77' lang='lat' dir='ltr'><strong>smaragdum.</strong></span> <span class='ocrx_word' id='word_1_304' title='bbox 1529 662 1558 689; x_wconf 92' lang='lat' dir='ltr'><strong>ln</strong></span> <span class='ocrx_word' id='word_1_305' title='bbox 1575 662 1694 690; x_wconf 86' lang='lat' dir='ltr'><strong>secundo</strong></span> <span class='ocrx_word' id='word_1_306' title='bbox 1709 668 1768 690; x_wconf 88' lang='lat' dir='ltr'><strong>erat</strong></span> 
     </span>
    </p>
   </div>
   <div class='ocr_carea' id='block_1_41' title="bbox 982 707 1767 743">
    <p class='ocr_par' dir='ltr' id='par_1_41' title="bbox 982 707 1767 743">
     <span class='ocr_line' id='line_1_41' title="bbox 982 707 1767 743; baseline -0.001 -8"><span class='ocrx_word' id='word_1_307' title='bbox 982 708 1180 741; x_wconf 79' lang='lat' dir='ltr'><strong>carbunculus,</strong></span> <span class='ocrx_word' id='word_1_308' title='bbox 1193 707 1279 742; x_wconf 81' lang='lat' dir='ltr'><strong>jaspis</strong></span> <span class='ocrx_word' id='word_1_309' title='bbox 1293 713 1320 735; x_wconf 89' lang='lat' dir='ltr'><strong>ct</strong></span> <span class='ocrx_word' id='word_1_310' title='bbox 1331 708 1487 743; x_wconf 82' lang='lat' dir='ltr'><strong>sapphirus;</strong></span> <span class='ocrx_word' id='word_1_311' title='bbox 1503 708 1531 734; x_wconf 91' lang='lat' dir='ltr'><strong>in</strong></span> <span class='ocrx_word' id='word_1_312' title='bbox 1543 708 1626 735; x_wconf 88' lang='lat' dir='ltr'><strong>tertio</strong></span> <span class='ocrx_word' id='word_1_313' title='bbox 1641 707 1767 742; x_wconf 83' lang='lat' dir='ltr'><strong>ligurius,</strong></span> 
     </span>
    </p>
   </div>
   <div class='ocr_carea' id='block_1_42' title="bbox 982 753 1770 789">
    <p class='ocr_par' dir='ltr' id='par_1_42' title="bbox 982 753 1770 789">
     <span class='ocr_line' id='line_1_42' title="bbox 982 753 1770 789; baseline -0.003 -8"><span class='ocrx_word' id='word_1_314' title='bbox 982 754 1150 789; x_wconf 76' lang='lat' dir='ltr'><strong>amethystus</strong></span> <span class='ocrx_word' id='word_1_315' title='bbox 1165 758 1190 780; x_wconf 90' lang='lat' dir='ltr'><strong>et</strong></span> <span class='ocrx_word' id='word_1_316' title='bbox 1205 753 1330 786; x_wconf 81' lang='lat' dir='ltr'><strong>achates;</strong></span> <span class='ocrx_word' id='word_1_317' title='bbox 1347 754 1373 780; x_wconf 89' lang='lat' dir='ltr'><strong>in</strong></span> <span class='ocrx_word' id='word_1_318' title='bbox 1386 758 1483 788; x_wconf 86' lang='lat' dir='ltr'><strong>quarto</strong></span> <span class='ocrx_word' id='word_1_319' title='bbox 1493 753 1686 788; x_wconf 78' lang='lat' dir='ltr'><strong>chrysolithos.</strong></span> <span class='ocrx_word' id='word_1_320' title='bbox 1701 761 1770 788; x_wconf 85' lang='lat' dir='ltr'><strong>ony-</strong></span> 
     </span>
    </p>
   </div>
   <div class='ocr_carea' id='block_1_43' title="bbox 982 798 1767 835">
    <p class='ocr_par' dir='ltr' id='par_1_43' title="bbox 982 798 1767 835">
     <span class='ocr_line' id='line_1_43' title="bbox 982 798 1767 835; baseline -0.004 -8"><span class='ocrx_word' id='word_1_321' title='bbox 982 800 1082 827; x_wconf 89' lang='lat' dir='ltr'><strong>chinus</strong></span> <span class='ocrx_word' id='word_1_322' title='bbox 1101 804 1128 826; x_wconf 88' lang='lat' dir='ltr'><strong>et</strong></span> <span class='ocrx_word' id='word_1_323' title='bbox 1144 799 1272 835; x_wconf 84' lang='lat' dir='ltr'><strong>beryllus.</strong></span> <span class='ocrx_word' id='word_1_324' title='bbox 1287 799 1316 826; x_wconf 87' lang='lat' dir='ltr'><strong>In</strong></span> <span class='ocrx_word' id='word_1_325' title='bbox 1334 799 1463 826; x_wconf 86' lang='lat' dir='ltr'><strong>omnibus</strong></span> <span class='ocrx_word' id='word_1_326' title='bbox 1486 802 1576 825; x_wconf 87' lang='lat' dir='ltr'><strong>autem</strong></span> <span class='ocrx_word' id='word_1_327' title='bbox 1594 798 1767 832; x_wconf 83' lang='lat' dir='ltr'><strong>patriarcha-</strong></span> 
     </span>
    </p>
   </div>
   <div class='ocr_carea' id='block_1_44' title="bbox 983 843 1771 879">
    <p class='ocr_par' dir='ltr' id='par_1_44' title="bbox 983 843 1771 879">
     <span class='ocr_line' id='line_1_44' title="bbox 983 843 1771 879; baseline -0.004 -7"><span class='ocrx_word' id='word_1_328' title='bbox 983 852 1045 872; x_wconf 87' lang='lat' dir='ltr'><strong>rum</strong></span> <span class='ocrx_word' id='word_1_329' title='bbox 1073 845 1185 872; x_wconf 90' lang='lat' dir='ltr'><strong>nomina</strong></span> <span class='ocrx_word' id='word_1_330' title='bbox 1212 844 1350 879; x_wconf 88' lang='lat' dir='ltr'><strong>insculpta</strong></span> <span class='ocrx_word' id='word_1_331' title='bbox 1376 848 1464 876; x_wconf 83' lang='lat' dir='ltr'><strong>erant,</strong></span> <span class='ocrx_word' id='word_1_332' title='bbox 1489 850 1654 878; x_wconf 84' lang='lat' dir='ltr'><strong>unoquoque</strong></span> <span class='ocrx_word' id='word_1_333' title='bbox 1682 843 1771 878; x_wconf 83' lang='lat' dir='ltr'><strong>lapide</strong></span> 
     </span>
    </p>
   </div>
   <div class='ocr_carea' id='block_1_45' title="bbox 983 887 1768 925">
    <p class='ocr_par' dir='ltr' id='par_1_45' title="bbox 983 887 1768 925">
     <span class='ocr_line' id='line_1_45' title="bbox 983 887 1768 925; baseline -0.004 -8"><span class='ocrx_word' id='word_1_334' title='bbox 983 889 1121 925; x_wconf 88' lang='lat' dir='ltr'><strong>phylarcbi</strong></span> <span class='ocrx_word' id='word_1_335' title='bbox 1135 889 1250 924; x_wconf 84' lang='lat' dir='ltr'><strong>alicujus</strong></span> <span class='ocrx_word' id='word_1_336' title='bbox 1259 897 1357 917; x_wconf 89' lang='lat' dir='ltr'><strong>nomen</strong></span> <span class='ocrx_word' id='word_1_337' title='bbox 1371 889 1525 916; x_wconf 79' lang='lat' dir='ltr'><strong>exhibente.</strong></span> <span class='ocrx_word' id='word_1_338' title='bbox 1543 887 1664 916; x_wconf 86' lang='lat' dir='ltr'><strong>Habebat</strong></span> <span class='ocrx_word' id='word_1_339' title='bbox 1676 892 1768 915; x_wconf 88' lang='lat' dir='ltr'><strong>autem</strong></span> 
     </span>
    </p>
   </div>
   <div class='ocr_carea' id='block_1_46' title="bbox 984 933 1773 971">
    <p class='ocr_par' dir='ltr' id='par_1_46' title="bbox 984 933 1773 971">
     <span class='ocr_line' id='line_1_46' title="bbox 984 933 1773 971; baseline -0.005 -7"><span class='ocrx_word' id='word_1_340' title='bbox 984 944 1016 964; x_wconf 90' lang='lat' dir='ltr'><strong>ea</strong></span> <span class='ocrx_word' id='word_1_341' title='bbox 1029 937 1113 963; x_wconf 69' lang='lat' dir='ltr'><strong>vestis</strong></span> <span class='ocrx_word' id='word_1_342' title='bbox 1129 936 1250 971; x_wconf 87' lang='lat' dir='ltr'><strong>palmum</strong></span> <span class='ocrx_word' id='word_1_343' title='bbox 1265 936 1293 962; x_wconf 93' lang='lat' dir='ltr'><strong>in</strong></span> <span class='ocrx_word' id='word_1_344' title='bbox 1311 935 1419 970; x_wconf 84' lang='lat' dir='ltr'><strong>longum</strong></span> <span class='ocrx_word' id='word_1_345' title='bbox 1435 935 1586 970; x_wconf 83' lang='lat' dir='ltr'><strong>latumque,</strong></span> <span class='ocrx_word' id='word_1_346' title='bbox 1607 940 1633 961; x_wconf 92' lang='lat' dir='ltr'><strong>et</strong></span> <span class='ocrx_word' id='word_1_347' title='bbox 1652 933 1773 968; x_wconf 87' lang='lat' dir='ltr'><strong>pulchri-</strong></span> 
     </span>
    </p>
   </div>
   <div class='ocr_carea' id='block_1_47' title="bbox 985 979 1771 1017">
    <p class='ocr_par' dir='ltr' id='par_1_47' title="bbox 985 979 1771 1017">
     <span class='ocr_line' id='line_1_47' title="bbox 985 979 1771 1017; baseline -0.004 -8"><span class='ocrx_word' id='word_1_348' title='bbox 985 983 1079 1010; x_wconf 86' lang='lat' dir='ltr'><strong>tudine</strong></span> <span class='ocrx_word' id='word_1_349' title='bbox 1097 981 1264 1014; x_wconf 83' lang='lat' dir='ltr'><strong>excellebat;</strong></span> <span class='ocrx_word' id='word_1_350' title='bbox 1278 981 1366 1017; x_wconf 89' lang='lat' dir='ltr'><strong>ephod</strong></span> <span class='ocrx_word' id='word_1_351' title='bbox 1379 980 1520 1013; x_wconf 87' lang='lat' dir='ltr'><strong>Ilebraice,</strong></span> <span class='ocrx_word' id='word_1_352' title='bbox 1532 980 1625 1008; x_wconf 69' lang='lat' dir='ltr'><strong>Grteee</strong></span> <span class='ocrx_word' id='word_1_353' title='bbox 1639 979 1771 1007; x_wconf 80' lang='lat' dir='ltr'><strong>rationale</strong></span> 
     </span>
    </p>
   </div>
   <div class='ocr_carea' id='block_1_48' title="bbox 985 1026 1766 1063">
    <p class='ocr_par' dir='ltr' id='par_1_48' title="bbox 985 1026 1766 1063">
     <span class='ocr_line' id='line_1_48' title="bbox 985 1026 1766 1063; baseline -0.001 -9"><span class='ocrx_word' id='word_1_354' title='bbox 985 1027 1136 1063; x_wconf 83' lang='lat' dir='ltr'><strong>appellata;</strong></span> <span class='ocrx_word' id='word_1_355' title='bbox 1161 1035 1210 1062; x_wconf 88' lang='lat' dir='ltr'><strong>per</strong></span> <span class='ocrx_word' id='word_1_356' title='bbox 1228 1034 1309 1062; x_wconf 87' lang='lat' dir='ltr'><strong>quam</strong></span> <span class='ocrx_word' id='word_1_357' title='bbox 1335 1026 1406 1055; x_wconf 84' lang='lat' dir='ltr'><strong>Deus</strong></span> <span class='ocrx_word' id='word_1_358' title='bbox 1428 1026 1653 1062; x_wconf 84' lang='lat' dir='ltr'><strong>belligerantibus</strong></span> <span class='ocrx_word' id='word_1_359' title='bbox 1681 1026 1766 1054; x_wconf 86' lang='lat' dir='ltr'><strong>victo-</strong></span> 
     </span>
    </p>
   </div>
   <div class='ocr_carea' id='block_1_49' title="bbox 985 1073 1771 1110">
    <p class='ocr_par' dir='ltr' id='par_1_49' title="bbox 985 1073 1771 1110">
     <span class='ocr_line' id='line_1_49' title="bbox 985 1073 1771 1110; baseline -0.001 -8"><span class='ocrx_word' id='word_1_360' title='bbox 985 1075 1054 1103; x_wconf 85' lang='lat' dir='ltr'><strong>riam</strong></span> <span class='ocrx_word' id='word_1_361' title='bbox 1069 1075 1258 1103; x_wconf 84' lang='lat' dir='ltr'><strong>annuntiabal.</strong></span> <span class='ocrx_word' id='word_1_362' title='bbox 1283 1074 1386 1102; x_wconf 85' lang='lat' dir='ltr'><strong>Tantus</strong></span> <span class='ocrx_word' id='word_1_363' title='bbox 1407 1075 1506 1102; x_wconf 89' lang='lat' dir='ltr'><strong>etenim</strong></span> <span class='ocrx_word' id='word_1_364' title='bbox 1523 1075 1653 1110; x_wconf 80' lang='lat' dir='ltr'><strong>splendor</strong></span> <span class='ocrx_word' id='word_1_365' title='bbox 1669 1082 1684 1101; x_wconf 88' lang='lat' dir='ltr'><strong>e</strong></span> <span class='ocrx_word' id='word_1_366' title='bbox 1701 1073 1771 1109; x_wconf 84' lang='lat' dir='ltr'><strong>lapi-</strong></span> 
     </span>
    </p>
   </div>
   <div class='ocr_carea' id='block_1_50' title="bbox 986 1119 1770 1154">
    <p class='ocr_par' dir='ltr' id='par_1_50' title="bbox 986 1119 1770 1154">
     <span class='ocr_line' id='line_1_50' title="bbox 986 1119 1770 1154; baseline -0.004 -6"><span class='ocrx_word' id='word_1_367' title='bbox 986 1121 1066 1148; x_wconf 80' lang='lat' dir='ltr'><strong>dibus</strong></span> <span class='ocrx_word' id='word_1_368' title='bbox 1084 1125 1110 1147; x_wconf 85' lang='lat' dir='ltr'><strong>et</strong></span> <span class='ocrx_word' id='word_1_369' title='bbox 1128 1120 1277 1154; x_wconf 61' lang='lat' dir='ltr'><strong>praesertim</strong></span> <span class='ocrx_word' id='word_1_370' title='bbox 1293 1127 1326 1147; x_wconf 84' lang='lat' dir='ltr'><strong>ex</strong></span> <span class='ocrx_word' id='word_1_371' title='bbox 1340 1120 1484 1147; x_wconf 88' lang='lat' dir='ltr'><strong>adamante</strong></span> <span class='ocrx_word' id='word_1_372' title='bbox 1496 1119 1598 1147; x_wconf 80' lang='lat' dir='ltr'><strong>edulsit</strong></span> <span class='ocrx_word' id='word_1_373' title='bbox 1618 1124 1647 1146; x_wconf 92' lang='lat' dir='ltr'><strong>ut</strong></span> <span class='ocrx_word' id='word_1_374' title='bbox 1662 1119 1770 1146; x_wconf 83' lang='lat' dir='ltr'><strong>exerci-</strong></span> 
     </span>
    </p>
   </div>
   <div class='ocr_carea' id='block_1_51' title="bbox 986 1164 1772 1199">
    <p class='ocr_par' dir='ltr' id='par_1_51' title="bbox 986 1164 1772 1199">
     <span class='ocr_line' id='line_1_51' title="bbox 986 1164 1772 1199; baseline -0.004 -5"><span class='ocrx_word' id='word_1_375' title='bbox 986 1171 1030 1194; x_wconf 89' lang='lat' dir='ltr'><strong>tus</strong></span> <span class='ocrx_word' id='word_1_376' title='bbox 1053 1165 1183 1194; x_wconf 82' lang='lat' dir='ltr'><strong>incedens</strong></span> <span class='ocrx_word' id='word_1_377' title='bbox 1206 1164 1292 1192; x_wconf 86' lang='lat' dir='ltr'><strong>Deum</strong></span> <span class='ocrx_word' id='word_1_378' title='bbox 1314 1165 1473 1192; x_wconf 82' lang='lat' dir='ltr'><strong>auxiliarem</strong></span> <span class='ocrx_word' id='word_1_379' title='bbox 1497 1165 1588 1192; x_wconf 84' lang='lat' dir='ltr'><strong>videre</strong></span> <span class='ocrx_word' id='word_1_380' title='bbox 1614 1169 1715 1199; x_wconf 80' lang='lat' dir='ltr'><strong>posset.</strong></span> <span class='ocrx_word' id='word_1_381' title='bbox 1742 1165 1772 1191; x_wconf 92' lang='lat' dir='ltr'><strong>In</strong></span> 
     </span>
    </p>
   </div>
   <div class='ocr_carea' id='block_1_52' title="bbox 987 1209 1773 1245">
    <p class='ocr_par' dir='ltr' id='par_1_52' title="bbox 987 1209 1773 1245">
     <span class='ocr_line' id='line_1_52' title="bbox 987 1209 1773 1245; baseline -0.004 -7"><span class='ocrx_word' id='word_1_382' title='bbox 987 1210 1077 1238; x_wconf 85' lang='lat' dir='ltr'><strong>medio</strong></span> <span class='ocrx_word' id='word_1_383' title='bbox 1096 1215 1206 1245; x_wconf 85' lang='lat' dir='ltr'><strong>pectore</strong></span> <span class='ocrx_word' id='word_1_384' title='bbox 1230 1209 1302 1237; x_wconf 81' lang='lat' dir='ltr'><strong>sicut</strong></span> <span class='ocrx_word' id='word_1_385' title='bbox 1324 1214 1427 1237; x_wconf 84' lang='lat' dir='ltr'><strong>astrum</strong></span> <span class='ocrx_word' id='word_1_386' title='bbox 1456 1217 1569 1238; x_wconf 89' lang='lat' dir='ltr'><strong>aureum</strong></span> <span class='ocrx_word' id='word_1_387' title='bbox 1598 1209 1723 1244; x_wconf 77' lang='lat' dir='ltr'><strong>portabat</strong></span> <span class='ocrx_word' id='word_1_388' title='bbox 1746 1213 1773 1236; x_wconf 85' lang='lat' dir='ltr'><strong>ct</strong></span> 
     </span>
    </p>
   </div>
   <div class='ocr_carea' id='block_1_53' title="bbox 987 1255 1773 1292">
    <p class='ocr_par' dir='ltr' id='par_1_53' title="bbox 987 1255 1773 1292">
     <span class='ocr_line' id='line_1_53' title="bbox 987 1255 1773 1292; baseline -0.004 -8"><span class='ocrx_word' id='word_1_389' title='bbox 987 1257 1116 1292; x_wconf 87' lang='lat' dir='ltr'><strong>utrinque</strong></span> <span class='ocrx_word' id='word_1_390' title='bbox 1128 1256 1290 1291; x_wconf 73' lang='lat' dir='ltr'><strong>smaragdos</strong></span> <span class='ocrx_word' id='word_1_391' title='bbox 1307 1263 1367 1288; x_wconf 86' lang='lat' dir='ltr'><strong>sex,</strong></span> <span class='ocrx_word' id='word_1_392' title='bbox 1387 1256 1530 1283; x_wconf 86' lang='lat' dir='ltr'><strong>duodecim</strong></span> <span class='ocrx_word' id='word_1_393' title='bbox 1549 1256 1667 1282; x_wconf 84' lang='lat' dir='ltr'><strong>tribuum</strong></span> <span class='ocrx_word' id='word_1_394' title='bbox 1689 1255 1773 1283; x_wconf 85' lang='lat' dir='ltr'><strong>Israel</strong></span> 
     </span>
    </p>
   </div>
   <div class='ocr_carea' id='block_1_54' title="bbox 987 1301 1774 1337">
    <p class='ocr_par' dir='ltr' id='par_1_54' title="bbox 987 1301 1774 1337">
     <span class='ocr_line' id='line_1_54' title="bbox 987 1301 1774 1337; baseline -0.004 -7"><span class='ocrx_word' id='word_1_395' title='bbox 987 1303 1097 1330; x_wconf 87' lang='lat' dir='ltr'><strong>nomina</strong></span> <span class='ocrx_word' id='word_1_396' title='bbox 1113 1302 1308 1337; x_wconf 76' lang='lat' dir='ltr'><strong>signiﬁcantes;</strong></span> <span class='ocrx_word' id='word_1_397' title='bbox 1322 1301 1349 1328; x_wconf 94' lang='lat' dir='ltr'><strong>in</strong></span> <span class='ocrx_word' id='word_1_398' title='bbox 1365 1302 1455 1329; x_wconf 91' lang='lat' dir='ltr'><strong>medio</strong></span> <span class='ocrx_word' id='word_1_399' title='bbox 1471 1305 1561 1328; x_wconf 86' lang='lat' dir='ltr'><strong>autem</strong></span> <span class='ocrx_word' id='word_1_400' title='bbox 1579 1301 1693 1335; x_wconf 83' lang='lat' dir='ltr'><strong>lapidem</strong></span> <span class='ocrx_word' id='word_1_401' title='bbox 1710 1301 1774 1328; x_wconf 88' lang='lat' dir='ltr'><strong>ada-</strong></span> 
     </span>
    </p>
   </div>
   <div class='ocr_carea' id='block_1_55' title="bbox 987 1346 1772 1382">
    <p class='ocr_par' dir='ltr' id='par_1_55' title="bbox 987 1346 1772 1382">
     <span class='ocr_line' id='line_1_55' title="bbox 987 1346 1772 1382; baseline -0.004 -7"><span class='ocrx_word' id='word_1_402' title='bbox 987 1349 1151 1376; x_wconf 87' lang='lat' dir='ltr'><strong>mantinum.</strong></span> <span class='ocrx_word' id='word_1_403' title='bbox 1169 1347 1283 1380; x_wconf 87' lang='lat' dir='ltr'><strong>Quando</strong></span> <span class='ocrx_word' id='word_1_404' title='bbox 1299 1347 1381 1382; x_wconf 78' lang='lat' dir='ltr'><strong>igitur</strong></span> <span class='ocrx_word' id='word_1_405' title='bbox 1404 1346 1525 1381; x_wconf 80' lang='lat' dir='ltr'><strong>pontifex</strong></span> <span class='ocrx_word' id='word_1_406' title='bbox 1541 1346 1727 1373; x_wconf 86' lang='lat' dir='ltr'><strong>sanctuarium</strong></span> <span class='ocrx_word' id='word_1_407' title='bbox 1746 1346 1772 1373; x_wconf 93' lang='lat' dir='ltr'><strong>in</strong></span> 
     </span>
    </p>
   </div>
   <div class='ocr_carea' id='block_1_56' title="bbox 987 1391 1769 1428">
    <p class='ocr_par' dir='ltr' id='par_1_56' title="bbox 987 1391 1769 1428">
     <span class='ocr_line' id='line_1_56' title="bbox 987 1391 1769 1428; baseline -0.004 -7"><span class='ocrx_word' id='word_1_408' title='bbox 987 1397 1134 1428; x_wconf 86' lang='lat' dir='ltr'><strong>conspectu</strong></span> <span class='ocrx_word' id='word_1_409' title='bbox 1165 1391 1272 1419; x_wconf 88' lang='lat' dir='ltr'><strong>Domini</strong></span> <span class='ocrx_word' id='word_1_410' title='bbox 1290 1391 1502 1426; x_wconf 76' lang='lat' dir='ltr'><strong>ingrediebatur,</strong></span> <span class='ocrx_word' id='word_1_411' title='bbox 1520 1391 1651 1419; x_wconf 82' lang='lat' dir='ltr'><strong>humerali</strong></span> <span class='ocrx_word' id='word_1_412' title='bbox 1673 1391 1769 1425; x_wconf 74' lang='lat' dir='ltr'><strong>cinge-</strong></span> 
     </span>
    </p>
   </div>
   <div class='ocr_carea' id='block_1_57' title="bbox 989 1437 1774 1472">
    <p class='ocr_par' dir='ltr' id='par_1_57' title="bbox 989 1437 1774 1472">
     <span class='ocr_line' id='line_1_57' title="bbox 989 1437 1774 1472; baseline -0.004 -6"><span class='ocrx_word' id='word_1_413' title='bbox 989 1439 1068 1466; x_wconf 85' lang='lat' dir='ltr'><strong>batur</strong></span> <span class='ocrx_word' id='word_1_414' title='bbox 1088 1439 1115 1465; x_wconf 92' lang='lat' dir='ltr'><strong>in</strong></span> <span class='ocrx_word' id='word_1_415' title='bbox 1132 1437 1223 1465; x_wconf 90' lang='lat' dir='ltr'><strong>medio</strong></span> <span class='ocrx_word' id='word_1_416' title='bbox 1247 1441 1368 1472; x_wconf 87' lang='lat' dir='ltr'><strong>pectore,</strong></span> <span class='ocrx_word' id='word_1_417' title='bbox 1383 1442 1410 1464; x_wconf 91' lang='lat' dir='ltr'><strong>et</strong></span> <span class='ocrx_word' id='word_1_418' title='bbox 1429 1437 1575 1465; x_wconf 82' lang='lat' dir='ltr'><strong>submissis</strong></span> <span class='ocrx_word' id='word_1_419' title='bbox 1597 1437 1724 1464; x_wconf 85' lang='lat' dir='ltr'><strong>manibus</strong></span> <span class='ocrx_word' id='word_1_420' title='bbox 1747 1437 1774 1464; x_wconf 89' lang='lat' dir='ltr'><strong>in</strong></span> 
     </span>
    </p>
   </div>
   <div class='ocr_carea' id='block_1_58' title="bbox 987 1482 1778 1520">
    <p class='ocr_par' dir='ltr' id='par_1_58' title="bbox 987 1482 1778 1520">
     <span class='ocr_line' id='line_1_58' title="bbox 987 1482 1778 1520; baseline -0.003 -8"><span class='ocrx_word' id='word_1_421' title='bbox 987 1485 1093 1520; x_wconf 76' lang='lat' dir='ltr'><strong>pyxidis</strong></span> <span class='ocrx_word' id='word_1_422' title='bbox 1111 1483 1226 1511; x_wconf 83' lang='lat' dir='ltr'><strong>formam</strong></span> <span class='ocrx_word' id='word_1_423' title='bbox 1242 1482 1432 1518; x_wconf 87' lang='lat' dir='ltr'><strong>componebat.</strong></span> <span class='ocrx_word' id='word_1_424' title='bbox 1450 1482 1518 1510; x_wconf 82' lang='lat' dir='ltr'><strong>Hinc</strong></span> <span class='ocrx_word' id='word_1_425' title='bbox 1531 1491 1639 1518; x_wconf 87' lang='lat' dir='ltr'><strong>quoque</strong></span> <span class='ocrx_word' id='word_1_426' title='bbox 1655 1482 1719 1510; x_wconf 83' lang='lat' dir='ltr'><strong>Saul</strong></span> <span class='ocrx_word' id='word_1_427' title='bbox 1734 1489 1778 1510; x_wconf 64' lang='grc' dir='ltr'>νει</span> 
     </span>
    </p>
   </div>
   <div class='ocr_carea' id='block_1_59' title="bbox 990 1528 1777 1564">
    <p class='ocr_par' dir='ltr' id='par_1_59' title="bbox 990 1528 1777 1564">
     <span class='ocr_line' id='line_1_59' title="bbox 990 1528 1777 1564; baseline -0.003 -7"><span class='ocrx_word' id='word_1_428' title='bbox 990 1530 1086 1557; x_wconf 88' lang='lat' dir='ltr'><strong>Iociter</strong></span> <span class='ocrx_word' id='word_1_429' title='bbox 1100 1536 1219 1564; x_wconf 79' lang='lat' dir='ltr'><strong>pugnam</strong></span> <span class='ocrx_word' id='word_1_430' title='bbox 1238 1529 1418 1557; x_wconf 86' lang='lat' dir='ltr'><strong>inchoaturus</strong></span> <span class='ocrx_word' id='word_1_431' title='bbox 1431 1528 1499 1556; x_wconf 83' lang='lat' dir='ltr'><strong>dixit</strong></span> <span class='ocrx_word' id='word_1_432' title='bbox 1519 1529 1638 1563; x_wconf 89' lang='lat' dir='ltr'><strong>pontiflci</strong></span> <span class='ocrx_word' id='word_1_433' title='bbox 1652 1538 1659 1555; x_wconf 74' lang='grc' dir='ltr'><strong>τ</strong></span> <span class='ocrx_word' id='word_1_434' title='bbox 1672 1537 1682 1554; x_wconf 88' lang='grc'><strong>‹</strong></span> <span class='ocrx_word' id='word_1_435' title='bbox 1696 1529 1777 1555; x_wconf 91' lang='lat' dir='ltr'><strong>Com-</strong></span> 
     </span>
    </p>
   </div>
   <div class='ocr_carea' id='block_1_60' title="bbox 149 1570 938 1617">
    <p class='ocr_par' dir='ltr' id='par_1_60' title="bbox 149 1570 936 1609">
     <span class='ocr_line' id='line_1_60' title="bbox 149 1570 936 1609; baseline -0.005 -9"><span class='ocrx_word' id='word_1_436' title='bbox 149 1574 283 1609; x_wconf 75' lang='grc' dir='ltr'>πρόδηλον</span> <span class='ocrx_word' id='word_1_437' title='bbox 299 1571 441 1608; x_wconf 73' lang='grc' dir='ltr'>προέλεγε.</span> <span class='ocrx_word' id='word_1_438' title='bbox 461 1570 588 1605; x_wconf 85' lang='grc' dir='ltr'>Τοσαύτη</span> <span class='ocrx_word' id='word_1_439' title='bbox 605 1570 660 1605; x_wconf 84' lang='grc' dir='ltr'><strong>γὰρ</strong></span> <span class='ocrx_word' id='word_1_440' title='bbox 674 1570 707 1597; x_wconf 76' lang='grc' dir='ltr'>ἐκ</span> <span class='ocrx_word' id='word_1_441' title='bbox 724 1570 780 1597; x_wconf 84' lang='grc' dir='ltr'>τῶν</span> <span class='ocrx_word' id='word_1_442' title='bbox 794 1570 884 1597; x_wconf 80' lang='grc' dir='ltr'>αὐτῶν</span> <span class='ocrx_word' id='word_1_443' title='bbox 898 1570 936 1596; x_wconf 88' lang='grc' dir='ltr'>λί-</span> 
     </span>
    </p>
   </div>
   <div class='ocr_carea' id='block_1_61' title="bbox 988 1570 1776 1617">
    <p class='ocr_par' dir='ltr' id='par_1_61' title="bbox 990 1574 1776 1610">
     <span class='ocr_line' id='line_1_61' title="bbox 990 1574 1776 1610; baseline -0.004 -7"><span class='ocrx_word' id='word_1_444' title='bbox 990 1576 1077 1610; x_wconf 76' lang='lat' dir='ltr'><strong>paclis</strong></span> <span class='ocrx_word' id='word_1_445' title='bbox 1090 1575 1217 1603; x_wconf 87' lang='lat' dir='ltr'><strong>manibus</strong></span> <span class='ocrx_word' id='word_1_446' title='bbox 1235 1575 1300 1602; x_wconf 89' lang='lat' dir='ltr'><strong>tolle</strong></span> <span class='ocrx_word' id='word_1_447' title='bbox 1314 1574 1413 1609; x_wconf 90' lang='lat' dir='ltr'><strong>ephod.</strong></span> <span class='ocrx_word' id='word_1_448' title='bbox 1429 1583 1438 1600; x_wconf 76' lang='grc' dir='ltr'><strong>ι</strong></span> <span class='ocrx_word' id='word_1_449' title='bbox 1453 1574 1485 1601; x_wconf 87' lang='lat' dir='ltr'><strong>Et</strong></span> <span class='ocrx_word' id='word_1_450' title='bbox 1497 1575 1538 1602; x_wconf 81' lang='lat' dir='ltr'><strong>sic</strong></span> <span class='ocrx_word' id='word_1_451' title='bbox 1548 1575 1636 1602; x_wconf 89' lang='lat' dir='ltr'><strong>oculis</strong></span> <span class='ocrx_word' id='word_1_452' title='bbox 1649 1574 1675 1601; x_wconf 93' lang='lat' dir='ltr'><strong>in</strong></span> <span class='ocrx_word' id='word_1_453' title='bbox 1688 1574 1776 1608; x_wconf 83' lang='lat' dir='ltr'><strong>ephod</strong></span> 
     </span>
    </p>
   </div>
   <div class='ocr_carea' id='block_1_62' title="bbox 149 1615 939 1651">
    <p class='ocr_par' dir='ltr' id='par_1_62' title="bbox 149 1615 939 1651">
     <span class='ocr_line' id='line_1_62' title="bbox 149 1615 939 1651; baseline -0.005 -6"><span class='ocrx_word' id='word_1_454' title='bbox 149 1620 205 1645; x_wconf 87' lang='grc' dir='ltr'><strong>θων</strong></span> <span class='ocrx_word' id='word_1_455' title='bbox 220 1617 384 1645; x_wconf 75' lang='grc' dir='ltr'>ἁπέστιλϐεν</span> <span class='ocrx_word' id='word_1_456' title='bbox 399 1617 482 1651; x_wconf 78' lang='grc' dir='ltr'>αὐγὴ,</span> <span class='ocrx_word' id='word_1_457' title='bbox 504 1617 552 1648; x_wconf 78' lang='grc' dir='ltr'><strong>ὡς,</strong></span> <span class='ocrx_word' id='word_1_458' title='bbox 575 1616 666 1642; x_wconf 83' lang='grc' dir='ltr'>είποτε</span> <span class='ocrx_word' id='word_1_459' title='bbox 680 1615 731 1650; x_wconf 85' lang='grc' dir='ltr'>τῆς</span> <span class='ocrx_word' id='word_1_460' title='bbox 750 1616 880 1650; x_wconf 76' lang='grc' dir='ltr'>στρατιᾶς</span> <span class='ocrx_word' id='word_1_461' title='bbox 893 1624 939 1642; x_wconf 88' lang='grc' dir='ltr'>κε-</span> 
     </span>
    </p>
   </div>
   <div class='ocr_carea' id='block_1_63' title="bbox 150 1661 936 1699">
    <p class='ocr_par' dir='ltr' id='par_1_63' title="bbox 150 1661 936 1699">
     <span class='ocr_line' id='line_1_63' title="bbox 150 1661 936 1699; baseline -0.004 -8"><span class='ocrx_word' id='word_1_462' title='bbox 150 1665 320 1699; x_wconf 79' lang='grc' dir='ltr'>κινημένης,</span> <span class='ocrx_word' id='word_1_463' title='bbox 348 1663 397 1690; x_wconf 75' lang='grc' dir='ltr'>καὶ</span> <span class='ocrx_word' id='word_1_464' title='bbox 427 1662 544 1698; x_wconf 82' lang='grc' dir='ltr'>μάλιστα</span> <span class='ocrx_word' id='word_1_465' title='bbox 574 1661 620 1688; x_wconf 85' lang='grc' dir='ltr'><strong>τοῦ</strong></span> <span class='ocrx_word' id='word_1_466' title='bbox 652 1661 835 1696; x_wconf 74' lang='grc' dir='ltr'>ἀδαμαντίνου</span> <span class='ocrx_word' id='word_1_467' title='bbox 863 1661 936 1688; x_wconf 84' lang='grc' dir='ltr'>λίθου</span> 
     </span>
    </p>
   </div>
   <div class='ocr_carea' id='block_1_64' title="bbox 152 1705 938 1744">
    <p class='ocr_par' dir='ltr' id='par_1_64' title="bbox 152 1705 938 1744">
     <span class='ocr_line' id='line_1_64' title="bbox 152 1705 938 1744; baseline -0.005 -9"><span class='ocrx_word' id='word_1_468' title='bbox 152 1709 291 1744; x_wconf 66' lang='grc' dir='ltr'>σῃμασίαν</span> <span class='ocrx_word' id='word_1_469' title='bbox 304 1707 455 1740; x_wconf 76' lang='grc' dir='ltr'>ποιοῦντος,</span> <span class='ocrx_word' id='word_1_470' title='bbox 470 1707 508 1742; x_wconf 83' lang='grc' dir='ltr'>τῷ</span> <span class='ocrx_word' id='word_1_471' title='bbox 526 1706 623 1741; x_wconf 81' lang='grc' dir='ltr'>πλήθει</span> <span class='ocrx_word' id='word_1_472' title='bbox 643 1705 690 1732; x_wconf 84' lang='grc' dir='ltr'><strong>τοῦ</strong></span> <span class='ocrx_word' id='word_1_473' title='bbox 708 1705 773 1731; x_wconf 85' lang='grc' dir='ltr'>λαοῦ</span> <span class='ocrx_word' id='word_1_474' title='bbox 793 1705 938 1740; x_wconf 83' lang='grc' dir='ltr'>τυγχάνειν</span> 
     </span>
    </p>
   </div>
   <div class='ocr_carea' id='block_1_65' title="bbox 151 1751 939 1789">
    <p class='ocr_par' dir='ltr' id='par_1_65' title="bbox 151 1751 939 1789">
     <span class='ocr_line' id='line_1_65' title="bbox 151 1751 939 1789; baseline -0.003 -9"><span class='ocrx_word' id='word_1_475' title='bbox 151 1755 302 1789; x_wconf 82' lang='grc' dir='ltr'>γνώριμον,</span> <span class='ocrx_word' id='word_1_476' title='bbox 316 1753 348 1779; x_wconf 76' lang='grc' dir='ltr'><strong>τὸ</strong></span> <span class='ocrx_word' id='word_1_477' title='bbox 364 1754 492 1788; x_wconf 79' lang='grc' dir='ltr'>παρεῖναι</span> <span class='ocrx_word' id='word_1_478' title='bbox 509 1751 555 1778; x_wconf 76' lang='grc' dir='ltr'><strong>τὸν</strong></span> <span class='ocrx_word' id='word_1_479' title='bbox 575 1751 641 1778; x_wconf 76' lang='grc' dir='ltr'>θεὸν</span> <span class='ocrx_word' id='word_1_480' title='bbox 658 1752 697 1783; x_wconf 87' lang='grc' dir='ltr'><strong>είς</strong></span> <span class='ocrx_word' id='word_1_481' title='bbox 715 1752 874 1786; x_wconf 69' lang='grc' dir='ltr'>ἐπικουρίαν</span> <span class='ocrx_word' id='word_1_482' title='bbox 889 1752 939 1778; x_wconf 80' lang='grc' dir='ltr'>αύ-</span> 
     </span>
    </p>
   </div>
   <div class='ocr_carea' id='block_1_66' title="bbox 150 1797 938 1834">
    <p class='ocr_par' dir='ltr' id='par_1_66' title="bbox 150 1797 938 1834">
     <span class='ocr_line' id='line_1_66' title="bbox 150 1797 938 1834; baseline -0.004 -6"><span class='ocrx_word' id='word_1_483' title='bbox 150 1800 216 1828; x_wconf 76' lang='grc' dir='ltr'>τῶν.</span> <span class='ocrx_word' id='word_1_484' title='bbox 242 1801 286 1827; x_wconf 82' lang='grc' dir='ltr'>Ἐν</span> <span class='ocrx_word' id='word_1_485' title='bbox 310 1800 386 1834; x_wconf 72' lang='grc' dir='ltr'>μέσῳ</span> <span class='ocrx_word' id='word_1_486' title='bbox 402 1799 457 1834; x_wconf 83' lang='grc' dir='ltr'>γὰρ</span> <span class='ocrx_word' id='word_1_487' title='bbox 469 1798 541 1834; x_wconf 82' lang='grc' dir='ltr'>εἶχεν</span> <span class='ocrx_word' id='word_1_488' title='bbox 555 1797 649 1833; x_wconf 81' lang='grc' dir='ltr'>ὥσπερ</span> <span class='ocrx_word' id='word_1_489' title='bbox 664 1799 766 1833; x_wconf 77' lang='grc' dir='ltr'>ἀστέρα</span> <span class='ocrx_word' id='word_1_490' title='bbox 781 1799 938 1834; x_wconf 79' lang='grc' dir='ltr'>ὁλόχρυσον,</span> 
     </span>
    </p>
   </div>
   <div class='ocr_carea' id='block_1_67' title="bbox 152 1843 939 1880">
    <p class='ocr_par' dir='ltr' id='par_1_67' title="bbox 152 1843 939 1880">
     <span class='ocr_line' id='line_1_67' title="bbox 152 1843 939 1880; baseline -0.004 -7"><span class='ocrx_word' id='word_1_491' title='bbox 152 1847 201 1873; x_wconf 79' lang='grc' dir='ltr'>καὶ</span> <span class='ocrx_word' id='word_1_492' title='bbox 218 1844 392 1880; x_wconf 74' lang='grc' dir='ltr'>ἑκατέρωθεν</span> <span class='ocrx_word' id='word_1_493' title='bbox 415 1844 497 1872; x_wconf 82' lang='grc' dir='ltr'>αὐτοῦ</span> <span class='ocrx_word' id='word_1_494' title='bbox 516 1843 688 1879; x_wconf 78' lang='grc' dir='ltr'>σμαράγδους</span> <span class='ocrx_word' id='word_1_495' title='bbox 712 1843 822 1879; x_wconf 81' lang='grc' dir='ltr'>ἔχοντας</span> <span class='ocrx_word' id='word_1_496' title='bbox 838 1845 889 1871; x_wconf 77' lang='grc' dir='ltr'>ἀνά</span> <span class='ocrx_word' id='word_1_497' title='bbox 910 1845 939 1877; x_wconf 78' lang='grc' dir='ltr'><strong>ἓξ</strong></span> 
     </span>
    </p>
   </div>
   <div class='ocr_carea' id='block_1_68' title="bbox 150 1889 939 1928">
    <p class='ocr_par' dir='ltr' id='par_1_68' title="bbox 150 1889 939 1928">
     <span class='ocr_line' id='line_1_68' title="bbox 150 1889 939 1928; baseline -0.004 -9"><span class='ocrx_word' id='word_1_498' title='bbox 150 1892 350 1928; x_wconf 69' lang='grc' dir='ltr'>γεγραμμένας</span> <span class='ocrx_word' id='word_1_499' title='bbox 372 1890 422 1923; x_wconf 83' lang='grc' dir='ltr'><strong>τὰς</strong></span> <span class='ocrx_word' id='word_1_500' title='bbox 438 1891 470 1926; x_wconf 85' lang='grc' dir='ltr'><strong>ιβ’</strong></span> <span class='ocrx_word' id='word_1_501' title='bbox 493 1890 579 1926; x_wconf 79' lang='grc' dir='ltr'>φυλὰς</span> <span class='ocrx_word' id='word_1_502' title='bbox 599 1889 647 1916; x_wconf 86' lang='grc' dir='ltr'>τοῦ</span> <span class='ocrx_word' id='word_1_503' title='bbox 668 1890 776 1925; x_wconf 78' lang='grc' dir='ltr'>Ἰσραήλ</span> <span class='ocrx_word' id='word_1_504' title='bbox 793 1897 801 1906; x_wconf 78' lang='grc'><em>³</em></span> <span class='ocrx_word' id='word_1_505' title='bbox 812 1891 841 1917; x_wconf 80' lang='grc' dir='ltr'>ὲν</span> <span class='ocrx_word' id='word_1_506' title='bbox 857 1891 885 1917; x_wconf 73' lang='grc' dir='ltr'>δὲ</span> <span class='ocrx_word' id='word_1_507' title='bbox 901 1891 939 1926; x_wconf 80' lang='grc' dir='ltr'>τῷ</span> 
     </span>
    </p>
   </div>
   <div class='ocr_carea' id='block_1_69' title="bbox 153 1935 938 1974">
    <p class='ocr_par' dir='ltr' id='par_1_69' title="bbox 153 1935 938 1974">
     <span class='ocr_line' id='line_1_69' title="bbox 153 1935 938 1974; baseline 0.001 -11"><span class='ocrx_word' id='word_1_508' title='bbox 153 1938 257 1974; x_wconf 77' lang='grc' dir='ltr'>μεταξὺ</span> <span class='ocrx_word' id='word_1_509' title='bbox 285 1938 339 1964; x_wconf 86' lang='grc' dir='ltr'><strong>τῶν</strong></span> <span class='ocrx_word' id='word_1_510' title='bbox 356 1937 391 1971; x_wconf 80' lang='grc' dir='ltr'><strong>ιβ’</strong></span> <span class='ocrx_word' id='word_1_511' title='bbox 414 1936 579 1972; x_wconf 78' lang='grc' dir='ltr'>σμαράγδων</span> <span class='ocrx_word' id='word_1_512' title='bbox 604 1936 677 1962; x_wconf 79' lang='grc' dir='ltr'>λίθον</span> <span class='ocrx_word' id='word_1_513' title='bbox 702 1935 879 1971; x_wconf 78' lang='grc' dir='ltr'>ἀδαμάντινον</span> <span class='ocrx_word' id='word_1_514' title='bbox 905 1937 938 1964; x_wconf 69' lang='grc' dir='ltr'><strong>ν’.</strong></span> 
     </span>
    </p>
   </div>
   <div class='ocr_carea' id='block_1_70' title="bbox 166 1981 938 2018">
    <p class='ocr_par' dir='ltr' id='par_1_70' title="bbox 166 1981 938 2018">
     <span class='ocr_line' id='line_1_70' title="bbox 166 1981 938 2018; baseline -0.005 -6"><span class='ocrx_word' id='word_1_515' title='bbox 166 1985 257 2012; x_wconf 78' lang='grc' dir='ltr'>Ηνίκα</span> <span class='ocrx_word' id='word_1_516' title='bbox 276 1981 324 2010; x_wconf 72' lang='grc' dir='ltr'>οὖν</span> <span class='ocrx_word' id='word_1_517' title='bbox 345 1983 458 2018; x_wconf 70' lang='grc' dir='ltr'>ἔμελλεν</span> <span class='ocrx_word' id='word_1_518' title='bbox 481 1984 495 2009; x_wconf 90' lang='lat'><strong>6</strong></span> <span class='ocrx_word' id='word_1_519' title='bbox 515 1982 604 2018; x_wconf 76' lang='grc' dir='ltr'>ἱερεὺς</span> <span class='ocrx_word' id='word_1_520' title='bbox 627 1982 769 2018; x_wconf 72' lang='grc' dir='ltr'>ἐπερωτᾷν</span> <span class='ocrx_word' id='word_1_521' title='bbox 791 1982 837 2009; x_wconf 82' lang='grc' dir='ltr'>τὸν</span> <span class='ocrx_word' id='word_1_522' title='bbox 861 1982 938 2014; x_wconf 75' lang='grc' dir='ltr'>Θεὸν,</span> 
     </span>
    </p>
   </div>
   <div class='ocr_carea' id='block_1_71' title="bbox 151 2028 940 2066">
    <p class='ocr_par' dir='ltr' id='par_1_71' title="bbox 151 2028 940 2066">
     <span class='ocr_line' id='line_1_71' title="bbox 151 2028 940 2066; baseline -0.005 -8"><span class='ocrx_word' id='word_1_523' title='bbox 151 2031 262 2066; x_wconf 69' lang='grc' dir='ltr'>Βέσμὲι</span> <span class='ocrx_word' id='word_1_524' title='bbox 282 2031 291 2046; x_wconf 85' lang='grc'>¹</span> <span class='ocrx_word' id='word_1_525' title='bbox 312 2030 394 2057; x_wconf 72' lang='grc' dir='ltr'>αὑτὸν</span> <span class='ocrx_word' id='word_1_526' title='bbox 418 2030 448 2055; x_wconf 75' lang='grc' dir='ltr'>ἐν</span> <span class='ocrx_word' id='word_1_527' title='bbox 473 2029 507 2064; x_wconf 79' lang='grc' dir='ltr'><strong>τῇ</strong></span> <span class='ocrx_word' id='word_1_528' title='bbox 535 2028 653 2063; x_wconf 68' lang='grc' dir='ltr'>ἐπωμίδι</span> <span class='ocrx_word' id='word_1_529' title='bbox 683 2028 754 2055; x_wconf 81' lang='grc' dir='ltr'>κατὰ</span> <span class='ocrx_word' id='word_1_530' title='bbox 780 2028 863 2063; x_wconf 71' lang='grc' dir='ltr'>μέσον</span> <span class='ocrx_word' id='word_1_531' title='bbox 886 2029 940 2055; x_wconf 84' lang='grc' dir='ltr'>τῶν</span> 
     </span>
    </p>
   </div>
   <div class='ocr_carea' id='block_1_72' title="bbox 153 2074 940 2113">
    <p class='ocr_par' dir='ltr' id='par_1_72' title="bbox 153 2074 940 2113">
     <span class='ocr_line' id='line_1_72' title="bbox 153 2074 940 2113; baseline -0.004 -9"><span class='ocrx_word' id='word_1_532' title='bbox 153 2078 208 2113; x_wconf 73' lang='grc' dir='ltr'><strong>2ο</strong></span> <span class='ocrx_word' id='word_1_533' title='bbox 221 2077 342 2113; x_wconf 83' lang='grc' dir='ltr'>στέρνων</span> <span class='ocrx_word' id='word_1_534' title='bbox 360 2075 408 2103; x_wconf 82' lang='grc' dir='ltr'>καὶ</span> <span class='ocrx_word' id='word_1_535' title='bbox 422 2074 558 2102; x_wconf 60' lang='lat' dir='ltr'><strong>omnem</strong></span> <span class='ocrx_word' id='word_1_536' title='bbox 575 2074 625 2106; x_wconf 80' lang='grc' dir='ltr'><strong>τὰς</strong></span> <span class='ocrx_word' id='word_1_537' title='bbox 646 2075 741 2110; x_wconf 83' lang='grc' dir='ltr'>χεῖρας</span> <span class='ocrx_word' id='word_1_538' title='bbox 764 2074 940 2102; x_wconf 83' lang='grc' dir='ltr'>ὑποκάτωθεν</span> 
     </span>
    </p>
   </div>
   <div class='ocr_carea' id='block_1_73' title="bbox 151 2120 940 2158">
    <p class='ocr_par' dir='ltr' id='par_1_73' title="bbox 151 2120 940 2158">
     <span class='ocr_line' id='line_1_73' title="bbox 151 2120 940 2158; baseline -0.003 -8"><span class='ocrx_word' id='word_1_539' title='bbox 151 2123 297 2158; x_wconf 75' lang='grc' dir='ltr'>εὑρίσκετο</span> <span class='ocrx_word' id='word_1_540' title='bbox 312 2121 506 2157; x_wconf 76' lang='grc' dir='ltr'>ὲξηπλωμένον</span> <span class='ocrx_word' id='word_1_541' title='bbox 521 2121 581 2152; x_wconf 86' lang='grc' dir='ltr'>ταῖς</span> <span class='ocrx_word' id='word_1_542' title='bbox 601 2120 741 2155; x_wconf 79' lang='grc' dir='ltr'>παλάμαις</span> <span class='ocrx_word' id='word_1_543' title='bbox 762 2120 855 2153; x_wconf 78' lang='grc' dir='ltr'>αὐτοῦ,</span> <span class='ocrx_word' id='word_1_544' title='bbox 872 2121 940 2148; x_wconf 79' lang='grc' dir='ltr'>καθ-</span> 
     </span>
    </p>
   </div>
   <div class='ocr_carea' id='block_1_74' title="bbox 153 2166 939 2205">
    <p class='ocr_par' dir='ltr' id='par_1_74' title="bbox 153 2166 939 2205">
     <span class='ocr_line' id='line_1_74' title="bbox 153 2166 939 2205; baseline -0.004 -8"><span class='ocrx_word' id='word_1_545' title='bbox 153 2171 226 2205; x_wconf 78' lang='grc' dir='ltr'>άπερ</span> <span class='ocrx_word' id='word_1_546' title='bbox 244 2168 351 2201; x_wconf 82' lang='grc' dir='ltr'>πυξίον.</span> <span class='ocrx_word' id='word_1_547' title='bbox 369 2167 452 2194; x_wconf 87' lang='grc' dir='ltr'>Ὅθεν</span> <span class='ocrx_word' id='word_1_548' title='bbox 474 2167 556 2202; x_wconf 81' lang='grc' dir='ltr'>φησὶν</span> <span class='ocrx_word' id='word_1_549' title='bbox 572 2167 587 2193; x_wconf 91' lang='lat'><strong>6</strong></span> <span class='ocrx_word' id='word_1_550' title='bbox 601 2166 688 2193; x_wconf 78' lang='grc' dir='ltr'>Σαοὺλ</span> <span class='ocrx_word' id='word_1_551' title='bbox 703 2166 772 2201; x_wconf 77' lang='grc' dir='ltr'>πρὸς</span> <span class='ocrx_word' id='word_1_552' title='bbox 789 2167 835 2194; x_wconf 75' lang='grc' dir='ltr'><strong>τὸν</strong></span> <span class='ocrx_word' id='word_1_553' title='bbox 855 2166 939 2202; x_wconf 76' lang='grc' dir='ltr'>ἱερέα,</span> 
     </span>
    </p>
   </div>
   <div class='ocr_carea' id='block_1_75' title="bbox 155 2212 938 2251">
    <p class='ocr_par' dir='ltr' id='par_1_75' title="bbox 155 2212 938 2251">
     <span class='ocr_line' id='line_1_75' title="bbox 155 2212 938 2251; baseline -0.004 -9"><span class='ocrx_word' id='word_1_554' title='bbox 155 2215 320 2251; x_wconf 76' lang='grc' dir='ltr'>βουλόμενος</span> <span class='ocrx_word' id='word_1_555' title='bbox 335 2214 433 2241; x_wconf 75' lang='grc' dir='ltr'>θᾶττον</span> <span class='ocrx_word' id='word_1_556' title='bbox 448 2213 489 2245; x_wconf 81' lang='grc' dir='ltr'><strong>εις</strong></span> <span class='ocrx_word' id='word_1_557' title='bbox 502 2213 549 2239; x_wconf 72' lang='grc' dir='ltr'><strong>τὸν</strong></span> <span class='ocrx_word' id='word_1_558' title='bbox 571 2212 690 2247; x_wconf 87' lang='grc' dir='ltr'>πόλεμον</span> <span class='ocrx_word' id='word_1_559' title='bbox 710 2212 938 2248; x_wconf 73' lang='grc' dir='ltr'>παρατάξασθαι·</span> 
     </span>
    </p>
   </div>
   <div class='ocr_carea' id='block_1_76' title="bbox 157 2252 979 2295">
    <p class='ocr_par' dir='ltr' id='par_1_76' title="bbox 157 2252 979 2295">
     <span class='ocr_line' id='line_1_76' title="bbox 157 2252 979 2295; baseline -0.005 -7"><span class='ocrx_word' id='word_1_560' title='bbox 157 2272 167 2288; x_wconf 76' lang='grc' dir='ltr'><strong>ι</strong></span> <span class='ocrx_word' id='word_1_561' title='bbox 191 2261 335 2295; x_wconf 78' lang='grc' dir='ltr'>Συνάγαγε</span> <span class='ocrx_word' id='word_1_562' title='bbox 347 2259 396 2291; x_wconf 74' lang='grc' dir='ltr'><strong>τὰς</strong></span> <span class='ocrx_word' id='word_1_563' title='bbox 412 2259 507 2294; x_wconf 80' lang='grc' dir='ltr'>χεῑράς</span> <span class='ocrx_word' id='word_1_564' title='bbox 520 2266 578 2290; x_wconf 80' lang='grc' dir='ltr'>σου,</span> <span class='ocrx_word' id='word_1_565' title='bbox 592 2258 640 2285; x_wconf 78' lang='grc' dir='ltr'>καὶ</span> <span class='ocrx_word' id='word_1_566' title='bbox 661 2256 728 2293; x_wconf 73' lang='grc' dir='ltr'>ἆρον</span> <span class='ocrx_word' id='word_1_567' title='bbox 743 2258 790 2284; x_wconf 80' lang='grc' dir='ltr'>τὸν</span> <span class='ocrx_word' id='word_1_568' title='bbox 807 2258 889 2292; x_wconf 76' lang='grc' dir='ltr'>ὲφούδ</span> <span class='ocrx_word' id='word_1_569' title='bbox 901 2259 938 2286; x_wconf 72' lang='grc' dir='ltr'><strong>’.ι</strong></span> <span class='ocrx_word' id='word_1_570' title='bbox 958 2252 979 2279; x_wconf 78' lang='lat' dir='ltr'><strong>D</strong></span> 
     </span>
    </p>
   </div>
   <div class='ocr_carea' id='block_1_77' title="bbox 156 2303 942 2340">
    <p class='ocr_par' dir='ltr' id='par_1_77' title="bbox 156 2303 942 2340">
     <span class='ocr_line' id='line_1_77' title="bbox 156 2303 942 2340; baseline -0.005 -6"><span class='ocrx_word' id='word_1_571' title='bbox 156 2307 211 2334; x_wconf 75' lang='grc' dir='ltr'><strong>Καὶ</strong></span> <span class='ocrx_word' id='word_1_572' title='bbox 225 2306 300 2332; x_wconf 81' lang='grc' dir='ltr'>οὕτω</span> <span class='ocrx_word' id='word_1_573' title='bbox 317 2304 411 2332; x_wconf 83' lang='grc' dir='ltr'>λοιπδν</span> <span class='ocrx_word' id='word_1_574' title='bbox 432 2303 543 2340; x_wconf 74' lang='grc' dir='ltr'>ἀφορῶν</span> <span class='ocrx_word' id='word_1_575' title='bbox 565 2305 607 2335; x_wconf 78' lang='grc' dir='ltr'>εις</span> <span class='ocrx_word' id='word_1_576' title='bbox 627 2303 659 2330; x_wconf 80' lang='grc' dir='ltr'><strong>τὺ</strong></span> <span class='ocrx_word' id='word_1_577' title='bbox 681 2303 764 2338; x_wconf 61' lang='lat' dir='ltr'><strong>team</strong></span> <span class='ocrx_word' id='word_1_578' title='bbox 785 2304 879 2339; x_wconf 72' lang='grc' dir='ltr'>ἠρώτα</span> <span class='ocrx_word' id='word_1_579' title='bbox 897 2304 942 2331; x_wconf 70' lang='grc' dir='ltr'><strong>τὸν</strong></span> 
     </span>
    </p>
   </div>
   <div class='ocr_carea' id='block_1_78' title="bbox 155 2349 945 2387">
    <p class='ocr_par' dir='ltr' id='par_1_78' title="bbox 155 2349 945 2387">
     <span class='ocr_line' id='line_1_78' title="bbox 155 2349 945 2387; baseline -0.004 -8"><span class='ocrx_word' id='word_1_580' title='bbox 155 2353 234 2385; x_wconf 75' lang='grc' dir='ltr'>Θεὸν,</span> <span class='ocrx_word' id='word_1_581' title='bbox 250 2351 281 2378; x_wconf 70' lang='grc' dir='ltr'>τὸ</span> <span class='ocrx_word' id='word_1_582' title='bbox 303 2350 436 2387; x_wconf 69' lang='grc' dir='ltr'>ἐρώτημα</span> <span class='ocrx_word' id='word_1_583' title='bbox 453 2350 594 2386; x_wconf 72' lang='grc' dir='ltr'>προσέχων</span> <span class='ocrx_word' id='word_1_584' title='bbox 604 2349 726 2386; x_wconf 70' lang='grc' dir='ltr'>ἀκριϐῶς</span> <span class='ocrx_word' id='word_1_585' title='bbox 741 2357 770 2376; x_wconf 82' lang='grc' dir='ltr'><strong>τε</strong></span> <span class='ocrx_word' id='word_1_586' title='bbox 783 2350 831 2377; x_wconf 76' lang='grc' dir='ltr'>καὶ</span> <span class='ocrx_word' id='word_1_587' title='bbox 845 2350 945 2385; x_wconf 82' lang='grc' dir='ltr'>μᾶλλον</span> 
     </span>
    </p>
   </div>
   <div class='ocr_carea' id='block_1_79' title="bbox 154 2395 946 2432">
    <p class='ocr_par' dir='ltr' id='par_1_79' title="bbox 154 2395 946 2432">
     <span class='ocr_line' id='line_1_79' title="bbox 154 2395 946 2432; baseline -0.004 -7"><span class='ocrx_word' id='word_1_588' title='bbox 154 2399 201 2425; x_wconf 68' lang='grc' dir='ltr'>τὸν</span> <span class='ocrx_word' id='word_1_589' title='bbox 217 2398 361 2432; x_wconf 78' lang='grc' dir='ltr'>ἀδάμαντα</span> <span class='ocrx_word' id='word_1_590' title='bbox 375 2396 460 2429; x_wconf 85' lang='grc' dir='ltr'>λίθον,</span> <span class='ocrx_word' id='word_1_591' title='bbox 481 2396 520 2427; x_wconf 82' lang='grc' dir='ltr'>ὡς</span> <span class='ocrx_word' id='word_1_592' title='bbox 534 2395 703 2423; x_wconf 74' lang='grc' dir='ltr'>ἐναλλάττων</span> <span class='ocrx_word' id='word_1_593' title='bbox 725 2395 774 2430; x_wconf 83' lang='grc' dir='ltr'>τὴν</span> <span class='ocrx_word' id='word_1_594' title='bbox 797 2395 891 2431; x_wconf 80' lang='grc' dir='ltr'>χροιὰν</span> <span class='ocrx_word' id='word_1_595' title='bbox 913 2397 946 2423; x_wconf 80' lang='grc' dir='ltr'>ὲκ</span> 
     </span>
    </p>
   </div>
   <div class='ocr_carea' id='block_1_80' title="bbox 156 2441 946 2478">
    <p class='ocr_par' dir='ltr' id='par_1_80' title="bbox 156 2441 946 2478">
     <span class='ocr_line' id='line_1_80' title="bbox 156 2441 946 2478; baseline -0.003 -8"><span class='ocrx_word' id='word_1_596' title='bbox 156 2444 232 2475; x_wconf 78' lang='grc' dir='ltr'>θείας</span> <span class='ocrx_word' id='word_1_597' title='bbox 258 2442 409 2478; x_wconf 74' lang='grc' dir='ltr'>μεταδολῆς</span> <span class='ocrx_word' id='word_1_598' title='bbox 429 2442 477 2469; x_wconf 77' lang='grc' dir='ltr'>καὶ</span> <span class='ocrx_word' id='word_1_599' title='bbox 496 2441 665 2473; x_wconf 82' lang='grc' dir='ltr'>ἀλλοιώσεως</span> <span class='ocrx_word' id='word_1_600' title='bbox 683 2441 777 2476; x_wconf 66' lang='grc' dir='ltr'>ἐδήλου</span> <span class='ocrx_word' id='word_1_601' title='bbox 800 2441 946 2476; x_wconf 80' lang='grc' dir='ltr'>προφανῶς</span> 
     </span>
    </p>
   </div>
   <div class='ocr_carea' id='block_1_81' title="bbox 158 2487 946 2525">
    <p class='ocr_par' dir='ltr' id='par_1_81' title="bbox 158 2487 946 2525">
     <span class='ocr_line' id='line_1_81' title="bbox 158 2487 946 2525; baseline -0.004 -8"><span class='ocrx_word' id='word_1_602' title='bbox 158 2491 191 2517; x_wconf 68' lang='grc' dir='ltr'><strong>τὰ</strong></span> <span class='ocrx_word' id='word_1_603' title='bbox 203 2490 243 2524; x_wconf 82' lang='grc' dir='ltr'><strong>τῷ</strong></span> <span class='ocrx_word' id='word_1_604' title='bbox 253 2489 312 2525; x_wconf 85' lang='grc' dir='ltr'>λαῷ</span> <span class='ocrx_word' id='word_1_605' title='bbox 327 2489 455 2524; x_wconf 67' lang='grc' dir='ltr'>ἐσόμενα.</span> <span class='ocrx_word' id='word_1_606' title='bbox 471 2488 564 2520; x_wconf 80' lang='grc' dir='ltr'>Μέλας</span> <span class='ocrx_word' id='word_1_607' title='bbox 577 2488 626 2523; x_wconf 80' lang='grc' dir='ltr'>μὲν</span> <span class='ocrx_word' id='word_1_608' title='bbox 640 2488 695 2523; x_wconf 87' lang='grc' dir='ltr'><strong>γὰρ</strong></span> <span class='ocrx_word' id='word_1_609' title='bbox 710 2487 856 2522; x_wconf 80' lang='grc' dir='ltr'>γενόμενος</span> <span class='ocrx_word' id='word_1_610' title='bbox 866 2487 946 2515; x_wconf 85' lang='grc' dir='ltr'>θάνα-</span> 
     </span>
    </p>
   </div>
   <div class='ocr_carea' id='block_1_82' title="bbox 156 2533 949 2571">
    <p class='ocr_par' dir='ltr' id='par_1_82' title="bbox 156 2533 949 2571">
     <span class='ocr_line' id='line_1_82' title="bbox 156 2533 949 2571; baseline -0.004 -7"><span class='ocrx_word' id='word_1_611' title='bbox 156 2546 213 2569; x_wconf 77' lang='grc' dir='ltr'>τον,</span> <span class='ocrx_word' id='word_1_612' title='bbox 238 2535 357 2571; x_wconf 68' lang='grc' dir='ltr'>ἐρυθρὸς</span> <span class='ocrx_word' id='word_1_613' title='bbox 379 2535 408 2562; x_wconf 69' lang='grc' dir='ltr'>δὲ</span> <span class='ocrx_word' id='word_1_614' title='bbox 435 2535 554 2569; x_wconf 76' lang='grc' dir='ltr'>σφαγὰς,</span> <span class='ocrx_word' id='word_1_615' title='bbox 580 2534 676 2566; x_wconf 75' lang='grc' dir='ltr'>λευκὸς</span> <span class='ocrx_word' id='word_1_616' title='bbox 695 2535 724 2561; x_wconf 75' lang='grc' dir='ltr'>δὲ</span> <span class='ocrx_word' id='word_1_617' title='bbox 746 2534 893 2569; x_wconf 79' lang='grc' dir='ltr'>διαλλαγὴν</span> <span class='ocrx_word' id='word_1_618' title='bbox 909 2533 949 2569; x_wconf 79' lang='grc' dir='ltr'><strong>τῷ</strong></span> 
     </span>
    </p>
   </div>
   <div class='ocr_carea' id='block_1_83' title="bbox 156 2579 950 2618">
    <p class='ocr_par' dir='ltr' id='par_1_83' title="bbox 156 2579 950 2618">
     <span class='ocr_line' id='line_1_83' title="bbox 156 2579 950 2618; baseline -0.003 -9"><span class='ocrx_word' id='word_1_619' title='bbox 156 2583 215 2618; x_wconf 84' lang='grc' dir='ltr'><strong>Θιῷ</strong></span> <span class='ocrx_word' id='word_1_620' title='bbox 242 2581 441 2618; x_wconf 77' lang='grc' dir='ltr'>προεσήμαινε.</span> <span class='ocrx_word' id='word_1_621' title='bbox 473 2581 551 2607; x_wconf 79' lang='grc' dir='ltr'><strong>Καὶ⁸</strong></span> <span class='ocrx_word' id='word_1_622' title='bbox 576 2581 643 2616; x_wconf 77' lang='grc' dir='ltr'>πρὸς</span> <span class='ocrx_word' id='word_1_623' title='bbox 668 2579 774 2612; x_wconf 89' lang='grc' dir='ltr'>τούτοις</span> <span class='ocrx_word' id='word_1_624' title='bbox 805 2579 875 2616; x_wconf 82' lang='grc' dir='ltr'>ἦσαν</span> <span class='ocrx_word' id='word_1_625' title='bbox 902 2581 950 2608; x_wconf 68' lang='grc' dir='ltr'><strong>καὶ</strong></span> 
     </span>
    </p>
   </div>
   <div class='ocr_carea' id='block_1_84' title="bbox 156 2626 949 2665">
    <p class='ocr_par' dir='ltr' id='par_1_84' title="bbox 156 2626 949 2665">
     <span class='ocr_line' id='line_1_84' title="bbox 156 2626 949 2665; baseline -0.001 -10"><span class='ocrx_word' id='word_1_626' title='bbox 156 2630 312 2665; x_wconf 80' lang='grc' dir='ltr'>γράμματα</span> <span class='ocrx_word' id='word_1_627' title='bbox 330 2629 364 2655; x_wconf 75' lang='grc' dir='ltr'>ὲκ</span> <span class='ocrx_word' id='word_1_628' title='bbox 377 2627 480 2663; x_wconf 85' lang='grc' dir='ltr'>χαλκοῦ</span> <span class='ocrx_word' id='word_1_629' title='bbox 494 2626 692 2662; x_wconf 79' lang='grc' dir='ltr'>καθαρωτάτου</span> <span class='ocrx_word' id='word_1_630' title='bbox 711 2627 884 2663; x_wconf 82' lang='grc' dir='ltr'>πεποιημένα</span> <span class='ocrx_word' id='word_1_631' title='bbox 901 2628 949 2654; x_wconf 76' lang='grc' dir='ltr'>καὶ</span> 
     </span>
    </p>
   </div>
   <div class='ocr_carea' id='block_1_85' title="bbox 157 2672 948 2709">
    <p class='ocr_par' dir='ltr' id='par_1_85' title="bbox 157 2672 948 2709">
     <span class='ocr_line' id='line_1_85' title="bbox 157 2672 948 2709; baseline -0.001 -8"><span class='ocrx_word' id='word_1_632' title='bbox 157 2673 373 2709; x_wconf 70' lang='grc' dir='ltr'>ἑκτετυπωμένα</span> <span class='ocrx_word' id='word_1_633' title='bbox 381 2676 392 2690; x_wconf 72' lang='grc'><strong>⁸</strong></span> <span class='ocrx_word' id='word_1_634' title='bbox 402 2673 517 2700; x_wconf 76' lang='grc' dir='ltr'>ἑκάστου</span> <span class='ocrx_word' id='word_1_635' title='bbox 530 2673 663 2707; x_wconf 84' lang='grc' dir='ltr'>στοιχείου</span> <span class='ocrx_word' id='word_1_636' title='bbox 676 2672 723 2699; x_wconf 85' lang='grc' dir='ltr'>τοῦ</span> <span class='ocrx_word' id='word_1_637' title='bbox 734 2673 800 2708; x_wconf 82' lang='grc' dir='ltr'>παρ’</span> <span class='ocrx_word' id='word_1_638' title='bbox 811 2673 948 2709; x_wconf 77' lang='grc' dir='ltr'>Ἐὗραίοις</span> 
     </span>
    </p>
   </div>
   <div class='ocr_carea' id='block_1_86' title="bbox 156 2718 951 2756">
    <p class='ocr_par' dir='ltr' id='par_1_86' title="bbox 156 2718 951 2756">
     <span class='ocr_line' id='line_1_86' title="bbox 156 2718 951 2756; baseline -0.001 -9"><span class='ocrx_word' id='word_1_639' title='bbox 156 2720 327 2755; x_wconf 71' lang='grc' dir='ltr'>ὰλςρασήτου,</span> <span class='ocrx_word' id='word_1_640' title='bbox 341 2720 414 2754; x_wconf 74' lang='grc' dir='ltr'>ἅπερ</span> <span class='ocrx_word' id='word_1_641' title='bbox 433 2719 466 2754; x_wconf 79' lang='grc' dir='ltr'>δὴ</span> <span class='ocrx_word' id='word_1_642' title='bbox 486 2719 634 2753; x_wconf 75' lang='grc' dir='ltr'>προσάγων</span> <span class='ocrx_word' id='word_1_643' title='bbox 650 2719 665 2745; x_wconf 93' lang='lat'><strong>6</strong></span> <span class='ocrx_word' id='word_1_644' title='bbox 684 2718 774 2754; x_wconf 80' lang='grc' dir='ltr'>ίερεὺς</span> <span class='ocrx_word' id='word_1_645' title='bbox 793 2719 833 2754; x_wconf 85' lang='grc' dir='ltr'>τῷ</span> <span class='ocrx_word' id='word_1_646' title='bbox 855 2720 951 2756; x_wconf 68' lang='grc' dir='ltr'>Κυρίῳ</span> 
     </span>
    </p>
   </div>
   <div class='ocr_carea' id='block_1_87' title="bbox 989 1617 1778 1656">
    <p class='ocr_par' dir='ltr' id='par_1_87' title="bbox 989 1617 1778 1656">
     <span class='ocr_line' id='line_1_87' title="bbox 989 1617 1778 1656; baseline -0.006 -6"><span class='ocrx_word' id='word_1_647' title='bbox 989 1621 1120 1656; x_wconf 81' lang='lat' dir='ltr'><strong>conjectis</strong></span> <span class='ocrx_word' id='word_1_648' title='bbox 1141 1621 1227 1648; x_wconf 86' lang='lat' dir='ltr'><strong>Deum</strong></span> <span class='ocrx_word' id='word_1_649' title='bbox 1250 1619 1422 1652; x_wconf 78' lang='lat' dir='ltr'><strong>consulebat,</strong></span> <span class='ocrx_word' id='word_1_650' title='bbox 1449 1624 1476 1646; x_wconf 92' lang='lat' dir='ltr'><strong>et</strong></span> <span class='ocrx_word' id='word_1_651' title='bbox 1502 1619 1530 1646; x_wconf 91' lang='lat' dir='ltr'><strong>in</strong></span> <span class='ocrx_word' id='word_1_652' title='bbox 1558 1619 1702 1646; x_wconf 87' lang='lat' dir='ltr'><strong>adamante</strong></span> <span class='ocrx_word' id='word_1_653' title='bbox 1729 1617 1778 1645; x_wconf 86' lang='lat' dir='ltr'><strong>Dei</strong></span> 
     </span>
    </p>
   </div>
   <div class='ocr_carea' id='block_1_88' title="bbox 989 1664 1770 1703">
    <p class='ocr_par' dir='ltr' id='par_1_88' title="bbox 989 1664 1770 1703">
     <span class='ocr_line' id='line_1_88' title="bbox 989 1664 1770 1703; baseline -0.006 -8"><span class='ocrx_word' id='word_1_654' title='bbox 989 1667 1134 1703; x_wconf 64' lang='lat' dir='ltr'><strong>prasentia</strong></span> <span class='ocrx_word' id='word_1_655' title='bbox 1156 1671 1261 1693; x_wconf 85' lang='lat' dir='ltr'><strong>mutato</strong></span> <span class='ocrx_word' id='word_1_656' title='bbox 1279 1673 1322 1693; x_wconf 88' lang='lat' dir='ltr'><strong>res</strong></span> <span class='ocrx_word' id='word_1_657' title='bbox 1336 1665 1435 1700; x_wconf 87' lang='lat' dir='ltr'><strong>populo</strong></span> <span class='ocrx_word' id='word_1_658' title='bbox 1451 1664 1558 1691; x_wconf 88' lang='lat' dir='ltr'><strong>futuras</strong></span> <span class='ocrx_word' id='word_1_659' title='bbox 1572 1664 1770 1700; x_wconf 76' lang='lat' dir='ltr'><strong>augurabatur.</strong></span> 
     </span>
    </p>
   </div>
   <div class='ocr_carea' id='block_1_89' title="bbox 990 1709 1777 1747">
    <p class='ocr_par' dir='ltr' id='par_1_89' title="bbox 990 1709 1777 1747">
     <span class='ocr_line' id='line_1_89' title="bbox 990 1709 1777 1747; baseline -0.009 -5"><span class='ocrx_word' id='word_1_660' title='bbox 990 1714 1091 1742; x_wconf 84' lang='lat' dir='ltr'><strong>Factus</strong></span> <span class='ocrx_word' id='word_1_661' title='bbox 1104 1712 1176 1740; x_wconf 83' lang='lat' dir='ltr'><strong>enim</strong></span> <span class='ocrx_word' id='word_1_662' title='bbox 1194 1711 1279 1747; x_wconf 81' lang='lat' dir='ltr'><strong>niger,</strong></span> <span class='ocrx_word' id='word_1_663' title='bbox 1298 1716 1430 1743; x_wconf 87' lang='lat' dir='ltr'><strong>mortem;</strong></span> <span class='ocrx_word' id='word_1_664' title='bbox 1447 1710 1540 1742; x_wconf 85' lang='lat' dir='ltr'><strong>ruber,</strong></span> <span class='ocrx_word' id='word_1_665' title='bbox 1555 1710 1673 1742; x_wconf 63' lang='lat' dir='ltr'><strong>caedem;</strong></span> <span class='ocrx_word' id='word_1_666' title='bbox 1687 1709 1777 1740; x_wconf 83' lang='lat' dir='ltr'><strong>albus,</strong></span> 
     </span>
    </p>
   </div>
   <div class='ocr_carea' id='block_1_90' title="bbox 990 1755 1779 1795">
    <p class='ocr_par' dir='ltr' id='par_1_90' title="bbox 990 1755 1779 1795">
     <span class='ocr_line' id='line_1_90' title="bbox 990 1755 1779 1795; baseline -0.006 -8"><span class='ocrx_word' id='word_1_667' title='bbox 990 1767 1084 1795; x_wconf 79' lang='lat' dir='ltr'><strong>pacem</strong></span> <span class='ocrx_word' id='word_1_668' title='bbox 1101 1766 1163 1786; x_wconf 87' lang='lat' dir='ltr'><strong>cum</strong></span> <span class='ocrx_word' id='word_1_669' title='bbox 1180 1757 1235 1785; x_wconf 88' lang='lat' dir='ltr'><strong>Dco</strong></span> <span class='ocrx_word' id='word_1_670' title='bbox 1249 1757 1426 1792; x_wconf 72' lang='lat' dir='ltr'><strong>praenotabat.</strong></span> <span class='ocrx_word' id='word_1_671' title='bbox 1444 1755 1576 1784; x_wconf 67' lang='lat' dir='ltr'><strong>Praeterea</strong></span> <span class='ocrx_word' id='word_1_672' title='bbox 1598 1755 1674 1791; x_wconf 81' lang='lat' dir='ltr'><strong>signa</strong></span> <span class='ocrx_word' id='word_1_673' title='bbox 1690 1763 1706 1782; x_wconf 81' lang='grc' dir='ltr'><strong>ο</strong></span> <span class='ocrx_word' id='word_1_674' title='bbox 1726 1763 1779 1790; x_wconf 89' lang='lat' dir='ltr'><strong>pu-</strong></span> 
     </span>
    </p>
   </div>
   <div class='ocr_carea' id='block_1_91' title="bbox 991 1800 1778 1836">
    <p class='ocr_par' dir='ltr' id='par_1_91' title="bbox 991 1800 1778 1836">
     <span class='ocr_line' id='line_1_91' title="bbox 991 1800 1778 1836; baseline -0.006 -4"><span class='ocrx_word' id='word_1_675' title='bbox 991 1805 1101 1832; x_wconf 90' lang='lat' dir='ltr'><strong>rissimo</strong></span> <span class='ocrx_word' id='word_1_676' title='bbox 1118 1803 1228 1831; x_wconf 86' lang='lat' dir='ltr'><strong>metallo</strong></span> <span class='ocrx_word' id='word_1_677' title='bbox 1237 1802 1298 1830; x_wconf 82' lang='lat' dir='ltr'><strong>fusa</strong></span> <span class='ocrx_word' id='word_1_678' title='bbox 1314 1802 1437 1836; x_wconf 84' lang='lat' dir='ltr'><strong>singulos</strong></span> <span class='ocrx_word' id='word_1_679' title='bbox 1457 1800 1632 1829; x_wconf 65' lang='lat' dir='ltr'><strong>Hebraeorum</strong></span> <span class='ocrx_word' id='word_1_680' title='bbox 1644 1801 1778 1836; x_wconf 86' lang='lat' dir='ltr'><strong>alphabeti</strong></span> 
     </span>
    </p>
   </div>
   <div class='ocr_carea' id='block_1_92' title="bbox 991 1847 1779 1883">
    <p class='ocr_par' dir='ltr' id='par_1_92' title="bbox 991 1847 1779 1883">
     <span class='ocr_line' id='line_1_92' title="bbox 991 1847 1779 1883; baseline -0.008 -5"><span class='ocrx_word' id='word_1_681' title='bbox 991 1851 1166 1879; x_wconf 83' lang='lat' dir='ltr'><strong>characteres</strong></span> <span class='ocrx_word' id='word_1_682' title='bbox 1186 1849 1213 1876; x_wconf 91' lang='lat' dir='ltr'><strong>in</strong></span> <span class='ocrx_word' id='word_1_683' title='bbox 1232 1848 1320 1883; x_wconf 85' lang='lat' dir='ltr'><strong>ephod</strong></span> <span class='ocrx_word' id='word_1_684' title='bbox 1337 1848 1440 1883; x_wconf 83' lang='lat' dir='ltr'><strong>positos</strong></span> <span class='ocrx_word' id='word_1_685' title='bbox 1466 1847 1615 1875; x_wconf 81' lang='lat' dir='ltr'><strong>indicantia</strong></span> <span class='ocrx_word' id='word_1_686' title='bbox 1642 1847 1687 1874; x_wconf 83' lang='lat' dir='ltr'><strong>Dei</strong></span> <span class='ocrx_word' id='word_1_687' title='bbox 1711 1853 1779 1873; x_wconf 90' lang='lat' dir='ltr'><strong>con-</strong></span> 
     </span>
    </p>
   </div>
   <div class='ocr_carea' id='block_1_93' title="bbox 993 1890 1780 1928">
    <p class='ocr_par' dir='ltr' id='par_1_93' title="bbox 993 1890 1780 1928">
     <span class='ocr_line' id='line_1_93' title="bbox 993 1890 1780 1928; baseline -0.008 -5"><span class='ocrx_word' id='word_1_688' title='bbox 993 1896 1056 1923; x_wconf 84' lang='lat' dir='ltr'><strong>sulti</strong></span> <span class='ocrx_word' id='word_1_689' title='bbox 1074 1895 1242 1922; x_wconf 82' lang='lat' dir='ltr'><strong>voluntatem</strong></span> <span class='ocrx_word' id='word_1_690' title='bbox 1261 1901 1334 1919; x_wconf 84' lang='lat' dir='ltr'><strong>nunc</strong></span> <span class='ocrx_word' id='word_1_691' title='bbox 1351 1892 1494 1928; x_wconf 86' lang='lat' dir='ltr'><strong>positivatn</strong></span> <span class='ocrx_word' id='word_1_692' title='bbox 1507 1911 1515 1922; x_wconf 82' lang='lat'><strong>.</strong></span> <span class='ocrx_word' id='word_1_693' title='bbox 1532 1899 1604 1918; x_wconf 88' lang='lat' dir='ltr'><strong>nunc</strong></span> <span class='ocrx_word' id='word_1_694' title='bbox 1629 1890 1780 1926; x_wconf 77' lang='lat' dir='ltr'><strong>negativam</strong></span> 
     </span>
    </p>
   </div>
   <div class='ocr_carea' id='block_1_94' title="bbox 993 1937 1779 1973">
    <p class='ocr_par' dir='ltr' id='par_1_94' title="bbox 993 1937 1779 1973">
     <span class='ocr_line' id='line_1_94' title="bbox 993 1937 1779 1973; baseline -0.008 -4"><span class='ocrx_word' id='word_1_695' title='bbox 993 1941 1180 1969; x_wconf 85' lang='lat' dir='ltr'><strong>notificabant.</strong></span> <span class='ocrx_word' id='word_1_696' title='bbox 1195 1938 1279 1966; x_wconf 83' lang='lat' dir='ltr'><strong>Verbi</strong></span> <span class='ocrx_word' id='word_1_697' title='bbox 1296 1939 1400 1973; x_wconf 84' lang='lat' dir='ltr'><strong>gratia,</strong></span> <span class='ocrx_word' id='word_1_698' title='bbox 1416 1938 1439 1965; x_wconf 90' lang='lat' dir='ltr'><strong>si</strong></span> <span class='ocrx_word' id='word_1_699' title='bbox 1455 1938 1561 1972; x_wconf 82' lang='lat' dir='ltr'><strong>rogatio</strong></span> <span class='ocrx_word' id='word_1_700' title='bbox 1570 1942 1598 1964; x_wconf 87' lang='lat' dir='ltr'><strong>et</strong></span> <span class='ocrx_word' id='word_1_701' title='bbox 1610 1937 1779 1973; x_wconf 82' lang='lat' dir='ltr'><strong>propositum</strong></span> 
     </span>
    </p>
   </div>
   <div class='ocr_carea' id='block_1_95' title="bbox 991 1982 1782 2016">
    <p class='ocr_par' dir='ltr' id='par_1_95' title="bbox 991 1982 1782 2016">
     <span class='ocr_line' id='line_1_95' title="bbox 991 1982 1782 2016; baseline -0.006 -1"><span class='ocrx_word' id='word_1_702' title='bbox 991 1996 1023 2015; x_wconf 85' lang='lat' dir='ltr'><strong>ex</strong></span> <span class='ocrx_word' id='word_1_703' title='bbox 1048 1985 1179 2014; x_wconf 85' lang='lat' dir='ltr'><strong>sententia</strong></span> <span class='ocrx_word' id='word_1_704' title='bbox 1196 1984 1242 2012; x_wconf 92' lang='lat' dir='ltr'><strong>Dei</strong></span> <span class='ocrx_word' id='word_1_705' title='bbox 1269 1989 1373 2016; x_wconf 87' lang='lat' dir='ltr'><strong>essent,</strong></span> <span class='ocrx_word' id='word_1_706' title='bbox 1396 1983 1445 2012; x_wconf 85' lang='lat' dir='ltr'><strong>soli</strong></span> <span class='ocrx_word' id='word_1_707' title='bbox 1470 1983 1641 2011; x_wconf 81' lang='lat' dir='ltr'><strong>characteres</strong></span> <span class='ocrx_word' id='word_1_708' title='bbox 1663 1982 1782 2010; x_wconf 80' lang='lat' dir='ltr'><strong>afllrma-</strong></span> 
     </span>
    </p>
   </div>
   <div class='ocr_carea' id='block_1_96' title="bbox 992 2029 1780 2066">
    <p class='ocr_par' dir='ltr' id='par_1_96' title="bbox 992 2029 1780 2066">
     <span class='ocr_line' id='line_1_96' title="bbox 992 2029 1780 2066; baseline -0.006 -6"><span class='ocrx_word' id='word_1_709' title='bbox 992 2034 1092 2060; x_wconf 85' lang='lat' dir='ltr'><strong>tioncm</strong></span> <span class='ocrx_word' id='word_1_710' title='bbox 1115 2030 1300 2066; x_wconf 80' lang='lat' dir='ltr'><strong>signiﬁcantes</strong></span> <span class='ocrx_word' id='word_1_711' title='bbox 1318 2029 1503 2065; x_wconf 84' lang='lat' dir='ltr'><strong>erigebantur,</strong></span> <span class='ocrx_word' id='word_1_712' title='bbox 1525 2033 1624 2057; x_wconf 88' lang='lat' dir='ltr'><strong>contra</strong></span> <span class='ocrx_word' id='word_1_713' title='bbox 1645 2037 1710 2056; x_wconf 81' lang='lat' dir='ltr'><strong>vero</strong></span> <span class='ocrx_word' id='word_1_714' title='bbox 1730 2037 1780 2056; x_wconf 89' lang='lat' dir='ltr'><strong>nc-</strong></span> 
     </span>
    </p>
   </div>
   <div class='ocr_carea' id='block_1_97' title="bbox 992 2077 1782 2115">
    <p class='ocr_par' dir='ltr' id='par_1_97' title="bbox 992 2077 1782 2115">
     <span class='ocr_line' id='line_1_97' title="bbox 992 2077 1782 2115; baseline -0.005 -8"><span class='ocrx_word' id='word_1_715' title='bbox 992 2079 1074 2115; x_wconf 86' lang='lat' dir='ltr'><strong>gativi</strong></span> <span class='ocrx_word' id='word_1_716' title='bbox 1097 2084 1217 2111; x_wconf 88' lang='lat' dir='ltr'><strong>tantum,</strong></span> <span class='ocrx_word' id='word_1_717' title='bbox 1243 2078 1266 2106; x_wconf 80' lang='lat' dir='ltr'><strong>si</strong></span> <span class='ocrx_word' id='word_1_718' title='bbox 1290 2085 1335 2105; x_wconf 87' lang='lat' dir='ltr'><strong>res</strong></span> <span class='ocrx_word' id='word_1_719' title='bbox 1356 2077 1455 2106; x_wconf 67' lang='lat' dir='ltr'><strong>divinae</strong></span> <span class='ocrx_word' id='word_1_720' title='bbox 1473 2078 1605 2105; x_wconf 83' lang='lat' dir='ltr'><strong>voluntati</strong></span> <span class='ocrx_word' id='word_1_721' title='bbox 1624 2077 1782 2104; x_wconf 85' lang='lat' dir='ltr'><strong>adversare-</strong></span> 
     </span>
    </p>
   </div>
   <div class='ocr_carea' id='block_1_98' title="bbox 993 2123 1783 2160">
    <p class='ocr_par' dir='ltr' id='par_1_98' title="bbox 993 2123 1783 2160">
     <span class='ocr_line' id='line_1_98' title="bbox 993 2123 1783 2160; baseline -0.006 -7"><span class='ocrx_word' id='word_1_722' title='bbox 993 2131 1056 2159; x_wconf 90' lang='lat' dir='ltr'><strong>tur;</strong></span> <span class='ocrx_word' id='word_1_723' title='bbox 1074 2125 1169 2160; x_wconf 85' lang='lat' dir='ltr'><strong>sicque</strong></span> <span class='ocrx_word' id='word_1_724' title='bbox 1193 2125 1222 2152; x_wconf 92' lang='lat' dir='ltr'><strong>in</strong></span> <span class='ocrx_word' id='word_1_725' title='bbox 1248 2123 1376 2151; x_wconf 86' lang='lat' dir='ltr'><strong>omnibus</strong></span> <span class='ocrx_word' id='word_1_726' title='bbox 1401 2123 1627 2159; x_wconf 86' lang='lat' dir='ltr'><strong>responsionibus</strong></span> <span class='ocrx_word' id='word_1_727' title='bbox 1653 2130 1712 2157; x_wconf 66' lang='lat' dir='ltr'><strong>quae</strong></span> <span class='ocrx_word' id='word_1_728' title='bbox 1734 2129 1783 2156; x_wconf 82' lang='lat' dir='ltr'><strong>per</strong></span> 
     </span>
    </p>
   </div>
   <div class='ocr_carea' id='block_1_99' title="bbox 991 2168 1784 2206">
    <p class='ocr_par' dir='ltr' id='par_1_99' title="bbox 991 2168 1784 2206">
     <span class='ocr_line' id='line_1_99' title="bbox 991 2168 1784 2206; baseline -0.006 -7"><span class='ocrx_word' id='word_1_729' title='bbox 991 2171 1079 2206; x_wconf 91' lang='lat' dir='ltr'><strong>ephod</strong></span> <span class='ocrx_word' id='word_1_730' title='bbox 1099 2170 1294 2203; x_wconf 87' lang='lat' dir='ltr'><strong>reddebantur,</strong></span> <span class='ocrx_word' id='word_1_731' title='bbox 1315 2170 1483 2197; x_wconf 86' lang='lat' dir='ltr'><strong>voluntatem</strong></span> <span class='ocrx_word' id='word_1_732' title='bbox 1503 2168 1551 2196; x_wconf 90' lang='lat' dir='ltr'><strong>Dei</strong></span> <span class='ocrx_word' id='word_1_733' title='bbox 1577 2169 1719 2203; x_wconf 81' lang='lat' dir='ltr'><strong>perspicue</strong></span> <span class='ocrx_word' id='word_1_734' title='bbox 1737 2174 1784 2194; x_wconf 89' lang='lat' dir='ltr'><strong>co-</strong></span> 
     </span>
    </p>
   </div>
   <div class='ocr_carea' id='block_1_100' title="bbox 993 2214 1784 2253">
    <p class='ocr_par' dir='ltr' id='par_1_100' title="bbox 993 2214 1784 2253">
     <span class='ocr_line' id='line_1_100' title="bbox 993 2214 1784 2253; baseline -0.006 -8"><span class='ocrx_word' id='word_1_735' title='bbox 993 2217 1179 2253; x_wconf 84' lang='lat' dir='ltr'><strong>gnoscebant,</strong></span> <span class='ocrx_word' id='word_1_736' title='bbox 1196 2217 1218 2244; x_wconf 89' lang='lat' dir='ltr'><strong>si</strong></span> <span class='ocrx_word' id='word_1_737' title='bbox 1241 2216 1321 2243; x_wconf 88' lang='lat' dir='ltr'><strong>modo</strong></span> <span class='ocrx_word' id='word_1_738' title='bbox 1349 2215 1465 2242; x_wconf 86' lang='lat' dir='ltr'><strong>Domino</strong></span> <span class='ocrx_word' id='word_1_739' title='bbox 1491 2215 1640 2249; x_wconf 87' lang='lat' dir='ltr'><strong>placerent.</strong></span> <span class='ocrx_word' id='word_1_740' title='bbox 1668 2214 1784 2246; x_wconf 82' lang='lat' dir='ltr'><strong>Quando</strong></span> 
     </span>
    </p>
   </div>
   <div class='ocr_carea' id='block_1_101' title="bbox 993 2260 1783 2295">
    <p class='ocr_par' dir='ltr' id='par_1_101' title="bbox 993 2260 1783 2295">
     <span class='ocr_line' id='line_1_101' title="bbox 993 2260 1783 2295; baseline -0.006 -4"><span class='ocrx_word' id='word_1_741' title='bbox 993 2268 1104 2292; x_wconf 84' lang='lat' dir='ltr'><strong>econtra</strong></span> <span class='ocrx_word' id='word_1_742' title='bbox 1133 2263 1167 2290; x_wconf 88' lang='lat' dir='ltr'><strong>iis</strong></span> <span class='ocrx_word' id='word_1_743' title='bbox 1191 2261 1378 2294; x_wconf 83' lang='lat' dir='ltr'><strong>succensebat,</strong></span> <span class='ocrx_word' id='word_1_744' title='bbox 1404 2260 1472 2288; x_wconf 90' lang='lat' dir='ltr'><strong>nihil</strong></span> <span class='ocrx_word' id='word_1_745' title='bbox 1502 2260 1569 2295; x_wconf 85' lang='lat' dir='ltr'><strong>ipsis</strong></span> <span class='ocrx_word' id='word_1_746' title='bbox 1597 2267 1646 2287; x_wconf 88' lang='lat' dir='ltr'><strong>nec</strong></span> <span class='ocrx_word' id='word_1_747' title='bbox 1679 2260 1783 2287; x_wconf 77' lang='lat' dir='ltr'><strong>revela-</strong></span> 
     </span>
    </p>
   </div>
   <div class='ocr_carea' id='block_1_102' title="bbox 996 2305 1782 2344">
    <p class='ocr_par' dir='ltr' id='par_1_102' title="bbox 996 2305 1782 2344">
     <span class='ocr_line' id='line_1_102' title="bbox 996 2305 1782 2344; baseline -0.005 -7"><span class='ocrx_word' id='word_1_748' title='bbox 996 2309 1128 2340; x_wconf 86' lang='lat' dir='ltr'><strong>tionibus,</strong></span> <span class='ocrx_word' id='word_1_749' title='bbox 1147 2317 1196 2337; x_wconf 87' lang='lat' dir='ltr'><strong>nec</strong></span> <span class='ocrx_word' id='word_1_750' title='bbox 1206 2308 1356 2344; x_wconf 81' lang='lat' dir='ltr'><strong>prophetiis</strong></span> <span class='ocrx_word' id='word_1_751' title='bbox 1368 2307 1599 2335; x_wconf 86' lang='lat' dir='ltr'><strong>communicabat.</strong></span> <span class='ocrx_word' id='word_1_752' title='bbox 1614 2305 1691 2334; x_wconf 86' lang='lat' dir='ltr'><strong>Unde</strong></span> <span class='ocrx_word' id='word_1_753' title='bbox 1703 2307 1782 2334; x_wconf 80' lang='lat' dir='ltr'><strong>dicit:</strong></span> 
     </span>
    </p>
   </div>
   <div class='ocr_carea' id='block_1_103' title="bbox 999 2353 1785 2389">
    <p class='ocr_par' dir='ltr' id='par_1_103' title="bbox 999 2353 1785 2389">
     <span class='ocr_line' id='line_1_103' title="bbox 999 2353 1785 2389; baseline -0.004 -7"><span class='ocrx_word' id='word_1_754' title='bbox 999 2355 1088 2384; x_wconf 69' lang='lat' dir='ltr'><strong>«Vidit</strong></span> <span class='ocrx_word' id='word_1_755' title='bbox 1100 2355 1164 2383; x_wconf 85' lang='lat' dir='ltr'><strong>Saul</strong></span> <span class='ocrx_word' id='word_1_756' title='bbox 1180 2360 1270 2383; x_wconf 85' lang='lat' dir='ltr'><strong>castra</strong></span> <span class='ocrx_word' id='word_1_757' title='bbox 1286 2353 1497 2389; x_wconf 80' lang='lat' dir='ltr'><strong>allaphylorutn,</strong></span> <span class='ocrx_word' id='word_1_758' title='bbox 1510 2357 1537 2380; x_wconf 90' lang='lat' dir='ltr'><strong>et</strong></span> <span class='ocrx_word' id='word_1_759' title='bbox 1555 2353 1655 2386; x_wconf 88' lang='lat' dir='ltr'><strong>timuit,</strong></span> <span class='ocrx_word' id='word_1_760' title='bbox 1675 2356 1703 2379; x_wconf 83' lang='lat' dir='ltr'><strong>et</strong></span> <span class='ocrx_word' id='word_1_761' title='bbox 1727 2358 1785 2379; x_wconf 91' lang='lat' dir='ltr'><strong>tur-</strong></span> 
     </span>
    </p>
   </div>
   <div class='ocr_carea' id='block_1_104' title="bbox 997 2397 1786 2434">
    <p class='ocr_par' dir='ltr' id='par_1_104' title="bbox 997 2397 1786 2434">
     <span class='ocr_line' id='line_1_104' title="bbox 997 2397 1786 2434; baseline -0.006 -5"><span class='ocrx_word' id='word_1_762' title='bbox 997 2401 1077 2429; x_wconf 85' lang='lat' dir='ltr'><strong>batus</strong></span> <span class='ocrx_word' id='word_1_763' title='bbox 1100 2405 1142 2428; x_wconf 77' lang='lat' dir='ltr'><strong>est</strong></span> <span class='ocrx_word' id='word_1_764' title='bbox 1162 2400 1221 2434; x_wconf 84' lang='lat' dir='ltr'><strong>ejus</strong></span> <span class='ocrx_word' id='word_1_765' title='bbox 1248 2399 1370 2431; x_wconf 81' lang='lat' dir='ltr'><strong>animus;</strong></span> <span class='ocrx_word' id='word_1_766' title='bbox 1398 2403 1424 2426; x_wconf 75' lang='lat' dir='ltr'><strong>et</strong></span> <span class='ocrx_word' id='word_1_767' title='bbox 1449 2398 1513 2426; x_wconf 86' lang='lat' dir='ltr'><strong>adiit</strong></span> <span class='ocrx_word' id='word_1_768' title='bbox 1534 2397 1620 2425; x_wconf 87' lang='lat' dir='ltr'><strong>Deum</strong></span> <span class='ocrx_word' id='word_1_769' title='bbox 1643 2398 1786 2426; x_wconf 91' lang='lat' dir='ltr'><strong>consultu-</strong></span> 
     </span>
    </p>
   </div>
   <div class='ocr_carea' id='block_1_105' title="bbox 998 2443 1786 2481">
    <p class='ocr_par' dir='ltr' id='par_1_105' title="bbox 998 2443 1786 2481">
     <span class='ocr_line' id='line_1_105' title="bbox 998 2443 1786 2481; baseline -0.006 -6"><span class='ocrx_word' id='word_1_770' title='bbox 998 2456 1062 2481; x_wconf 89' lang='lat' dir='ltr'><strong>rus,</strong></span> <span class='ocrx_word' id='word_1_771' title='bbox 1095 2451 1122 2475; x_wconf 85' lang='lat' dir='ltr'><strong>et</strong></span> <span class='ocrx_word' id='word_1_772' title='bbox 1152 2446 1282 2473; x_wconf 90' lang='lat' dir='ltr'><strong>Dominus</strong></span> <span class='ocrx_word' id='word_1_773' title='bbox 1325 2444 1395 2471; x_wconf 91' lang='lat' dir='ltr'><strong>nihil</strong></span> <span class='ocrx_word' id='word_1_774' title='bbox 1429 2444 1454 2470; x_wconf 90' lang='lat' dir='ltr'><strong>ei</strong></span> <span class='ocrx_word' id='word_1_775' title='bbox 1479 2444 1630 2478; x_wconf 82' lang='lat' dir='ltr'><strong>respondit.</strong></span> <span class='ocrx_word' id='word_1_776' title='bbox 1656 2443 1689 2471; x_wconf 83' lang='lat' dir='ltr'><strong>Et</strong></span> <span class='ocrx_word' id='word_1_777' title='bbox 1716 2444 1786 2471; x_wconf 83' lang='lat' dir='ltr'><strong>dixit</strong></span> 
     </span>
    </p>
   </div>
   <div class='ocr_carea' id='block_1_106' title="bbox 1000 2488 1785 2522">
    <p class='ocr_par' dir='ltr' id='par_1_106' title="bbox 1000 2488 1785 2522">
     <span class='ocr_line' id='line_1_106' title="bbox 1000 2488 1785 2522; baseline -0.008 -2"><span class='ocrx_word' id='word_1_778' title='bbox 1000 2492 1063 2520; x_wconf 84' lang='lat' dir='ltr'><strong>Saul</strong></span> <span class='ocrx_word' id='word_1_779' title='bbox 1092 2491 1155 2519; x_wconf 82' lang='lat' dir='ltr'><strong>ﬁliis</strong></span> <span class='ocrx_word' id='word_1_780' title='bbox 1177 2491 1234 2518; x_wconf 85' lang='lat' dir='ltr'><strong>suis</strong></span> <span class='ocrx_word' id='word_1_781' title='bbox 1258 2498 1265 2518; x_wconf 92' lang='lat'>:</span> <span class='ocrx_word' id='word_1_782' title='bbox 1294 2488 1412 2522; x_wconf 67' lang='lat' dir='ltr'><strong>Quaerite</strong></span> <span class='ocrx_word' id='word_1_783' title='bbox 1435 2488 1503 2516; x_wconf 91' lang='lat' dir='ltr'><strong>mihi</strong></span> <span class='ocrx_word' id='word_1_784' title='bbox 1525 2488 1655 2516; x_wconf 76' lang='lat' dir='ltr'><strong>feminam</strong></span> <span class='ocrx_word' id='word_1_785' title='bbox 1682 2488 1785 2515; x_wconf 87' lang='lat' dir='ltr'><strong>ventri-</strong></span> 
     </span>
    </p>
   </div>
   <div class='ocr_carea' id='block_1_107' title="bbox 998 2532 1785 2573">
    <p class='ocr_par' dir='ltr' id='par_1_107' title="bbox 998 2532 1785 2573">
     <span class='ocr_line' id='line_1_107' title="bbox 998 2532 1785 2573; baseline -0.009 -8"><span class='ocrx_word' id='word_1_786' title='bbox 998 2537 1122 2573; x_wconf 71' lang='lat' dir='ltr'><strong>luquam.‘</strong></span> <span class='ocrx_word' id='word_1_787' title='bbox 1142 2545 1151 2562; x_wconf 73' lang='grc' dir='ltr'><strong>ι</strong></span> <span class='ocrx_word' id='word_1_788' title='bbox 1183 2534 1263 2562; x_wconf 79' lang='lat' dir='ltr'><strong>Texit</strong></span> <span class='ocrx_word' id='word_1_789' title='bbox 1286 2542 1396 2570; x_wconf 86' lang='lat' dir='ltr'><strong>quoque</strong></span> <span class='ocrx_word' id='word_1_790' title='bbox 1427 2539 1508 2569; x_wconf 87' lang='lat' dir='ltr'><strong>caput</strong></span> <span class='ocrx_word' id='word_1_791' title='bbox 1536 2534 1620 2562; x_wconf 87' lang='lat' dir='ltr'><strong>cidari</strong></span> <span class='ocrx_word' id='word_1_792' title='bbox 1652 2532 1785 2567; x_wconf 81' lang='lat' dir='ltr'><strong>pontifex,</strong></span> 
     </span>
    </p>
   </div>
   <div class='ocr_carea' id='block_1_108' title="bbox 997 2577 1785 2618">
    <p class='ocr_par' dir='ltr' id='par_1_108' title="bbox 997 2577 1785 2618">
     <span class='ocr_line' id='line_1_108' title="bbox 997 2577 1785 2618; baseline -0.01 -7"><span class='ocrx_word' id='word_1_793' title='bbox 997 2587 1025 2611; x_wconf 90' lang='lat' dir='ltr'><strong>ct</strong></span> <span class='ocrx_word' id='word_1_794' title='bbox 1045 2590 1126 2618; x_wconf 84' lang='lat' dir='ltr'><strong>super</strong></span> <span class='ocrx_word' id='word_1_795' title='bbox 1146 2589 1217 2615; x_wconf 87' lang='lat' dir='ltr'><strong>eam,</strong></span> <span class='ocrx_word' id='word_1_796' title='bbox 1251 2585 1346 2609; x_wconf 89' lang='lat' dir='ltr'><strong>contra</strong></span> <span class='ocrx_word' id='word_1_797' title='bbox 1379 2579 1510 2612; x_wconf 87' lang='lat' dir='ltr'><strong>frontem,</strong></span> <span class='ocrx_word' id='word_1_798' title='bbox 1539 2579 1631 2614; x_wconf 87' lang='lat' dir='ltr'><strong>posuit</strong></span> <span class='ocrx_word' id='word_1_799' title='bbox 1657 2577 1785 2604; x_wconf 83' lang='lat' dir='ltr'><strong>laminam</strong></span> 
     </span>
    </p>
   </div>
   <div class='ocr_carea' id='block_1_109' title="bbox 998 2623 1787 2663">
    <p class='ocr_par' dir='ltr' id='par_1_109' title="bbox 998 2623 1787 2663">
     <span class='ocr_line' id='line_1_109' title="bbox 998 2623 1787 2663; baseline -0.009 -6"><span class='ocrx_word' id='word_1_800' title='bbox 998 2637 1122 2661; x_wconf 88' lang='lat' dir='ltr'><strong>auream,</strong></span> <span class='ocrx_word' id='word_1_801' title='bbox 1141 2628 1168 2655; x_wconf 93' lang='lat' dir='ltr'><strong>in</strong></span> <span class='ocrx_word' id='word_1_802' title='bbox 1182 2635 1235 2663; x_wconf 86' lang='lat' dir='ltr'><strong>qua</strong></span> <span class='ocrx_word' id='word_1_803' title='bbox 1251 2634 1349 2654; x_wconf 87' lang='lat' dir='ltr'><strong>nomen</strong></span> <span class='ocrx_word' id='word_1_804' title='bbox 1367 2626 1414 2653; x_wconf 82' lang='lat' dir='ltr'><strong>Dei</strong></span> <span class='ocrx_word' id='word_1_805' title='bbox 1439 2625 1599 2659; x_wconf 87' lang='lat' dir='ltr'><strong>inscriptum</strong></span> <span class='ocrx_word' id='word_1_806' title='bbox 1622 2630 1690 2655; x_wconf 87' lang='lat' dir='ltr'><strong>erat,</strong></span> <span class='ocrx_word' id='word_1_807' title='bbox 1706 2623 1787 2657; x_wconf 82' lang='lat' dir='ltr'><strong>quale</strong></span> 
     </span>
    </p>
   </div>
   <div class='ocr_carea' id='block_1_110' title="bbox 999 2669 1784 2710">
    <p class='ocr_par' dir='ltr' id='par_1_110' title="bbox 999 2669 1784 2710">
     <span class='ocr_line' id='line_1_110' title="bbox 999 2669 1784 2710; baseline -0.009 -8"><span class='ocrx_word' id='word_1_808' title='bbox 999 2675 1052 2703; x_wconf 78' lang='lat' dir='ltr'><strong>sibi</strong></span> <span class='ocrx_word' id='word_1_809' title='bbox 1069 2675 1120 2710; x_wconf 91' lang='lat' dir='ltr'><strong>ipsi</strong></span> <span class='ocrx_word' id='word_1_810' title='bbox 1139 2673 1246 2704; x_wconf 86' lang='lat' dir='ltr'><strong>indidit,</strong></span> <span class='ocrx_word' id='word_1_811' title='bbox 1260 2673 1354 2700; x_wconf 85' lang='lat' dir='ltr'><strong>dicens</strong></span> <span class='ocrx_word' id='word_1_812' title='bbox 1376 2671 1461 2707; x_wconf 77' lang='lat' dir='ltr'><strong>Moysi</strong></span> <span class='ocrx_word' id='word_1_813' title='bbox 1486 2679 1494 2698; x_wconf 91' lang='lat'>:</span> <span class='ocrx_word' id='word_1_814' title='bbox 1516 2678 1526 2695; x_wconf 82' lang='grc' dir='ltr'><strong>ι</strong></span> <span class='ocrx_word' id='word_1_815' title='bbox 1542 2669 1608 2697; x_wconf 85' lang='lat' dir='ltr'><strong>Sum</strong></span> <span class='ocrx_word' id='word_1_816' title='bbox 1621 2669 1667 2704; x_wconf 89' lang='lat' dir='ltr'><strong>qui</strong></span> <span class='ocrx_word' id='word_1_817' title='bbox 1684 2675 1756 2697; x_wconf 78' lang='lat' dir='ltr'><strong>sum.</strong></span> <span class='ocrx_word' id='word_1_818' title='bbox 1775 2678 1784 2695; x_wconf 78' lang='grc' dir='ltr'><strong>ι</strong></span> 
     </span>
    </p>
   </div>
   <div class='ocr_carea' id='block_1_111' title="bbox 1005 2715 1790 2753">
    <p class='ocr_par' dir='ltr' id='par_1_111' title="bbox 1005 2715 1790 2753">
     <span class='ocr_line' id='line_1_111' title="bbox 1005 2715 1790 2753; baseline -0.008 -5"><span class='ocrx_word' id='word_1_819' title='bbox 1005 2720 1143 2748; x_wconf 80' lang='lat' dir='ltr'><strong>lneﬂ‘abile</strong></span> <span class='ocrx_word' id='word_1_820' title='bbox 1159 2725 1249 2746; x_wconf 90' lang='lat' dir='ltr'><strong>autem</strong></span> <span class='ocrx_word' id='word_1_821' title='bbox 1266 2718 1336 2753; x_wconf 90' lang='lat' dir='ltr'><strong>apud</strong></span> <span class='ocrx_word' id='word_1_822' title='bbox 1351 2716 1480 2744; x_wconf 71' lang='lat' dir='ltr'><strong>Hebraeos</strong></span> <span class='ocrx_word' id='word_1_823' title='bbox 1493 2723 1591 2743; x_wconf 87' lang='lat' dir='ltr'><strong>nomen</strong></span> <span class='ocrx_word' id='word_1_824' title='bbox 1606 2715 1728 2743; x_wconf 85' lang='lat' dir='ltr'><strong>divinum</strong></span> <span class='ocrx_word' id='word_1_825' title='bbox 1740 2716 1790 2743; x_wconf 81' lang='lat' dir='ltr'><strong>ha—</strong></span> 
     </span>
    </p>
   </div>
   <div class='ocr_carea' id='block_1_112' title="bbox 796 2765 1230 2798">
    <p class='ocr_par' dir='ltr' id='par_1_112' title="bbox 796 2765 1230 2798">
     <span class='ocr_line' id='line_1_112' title="bbox 796 2765 1230 2798; baseline -0.005 -2"><span class='ocrx_word' id='word_1_826' title='bbox 796 2765 896 2797; x_wconf 73' lang='lat' dir='ltr'><strong>Varim</strong></span> <span class='ocrx_word' id='word_1_827' title='bbox 914 2765 1069 2798; x_wconf 87' lang='lat' dir='ltr'><strong>lectiones</strong></span> <span class='ocrx_word' id='word_1_828' title='bbox 1088 2770 1118 2797; x_wconf 85' lang='lat' dir='ltr'><strong>et</strong></span> <span class='ocrx_word' id='word_1_829' title='bbox 1138 2770 1230 2796; x_wconf 68' lang='lat' dir='ltr'><strong>noun.</strong></span> 
     </span>
    </p>
   </div>
   <div class='ocr_carea' id='block_1_113' title="bbox 191 2814 1315 2879">
    <p class='ocr_par' dir='ltr' id='par_1_113' title="bbox 191 2814 1315 2879">
     <span class='ocr_line' id='line_1_113' title="bbox 191 2814 1315 2857; baseline -0.004 -12"><span class='ocrx_word' id='word_1_830' title='bbox 191 2819 216 2833; x_wconf 82' lang='lat'><strong><em>“</em></strong></span> <span class='ocrx_word' id='word_1_831' title='bbox 234 2818 282 2845; x_wconf 82' lang='grc' dir='ltr'>καὶ</span> <span class='ocrx_word' id='word_1_832' title='bbox 300 2817 429 2845; x_wconf 69' lang='grc' dir='ltr'>ὑακίνθου</span> <span class='ocrx_word' id='word_1_833' title='bbox 448 2817 496 2844; x_wconf 81' lang='grc' dir='ltr'>καὶ</span> <span class='ocrx_word' id='word_1_834' title='bbox 507 2816 612 2852; x_wconf 83' lang='grc' dir='ltr'>χρυσοῦ</span> <span class='ocrx_word' id='word_1_835' title='bbox 629 2817 828 2854; x_wconf 69' lang='grc' dir='ltr'>πεποικιλμένη</span> <span class='ocrx_word' id='word_1_836' title='bbox 853 2819 899 2844; x_wconf 73' lang='grc' dir='ltr'><strong>καὶ</strong></span> <span class='ocrx_word' id='word_1_837' title='bbox 921 2816 1235 2857; x_wconf 74' lang='grc' dir='ltr'>περικεκαλλωπισμένῃ</span> <span class='ocrx_word' id='word_1_838' title='bbox 1253 2814 1315 2842; x_wconf 80' lang='lat' dir='ltr'><strong>Par.</strong></span> 
     </span>
     <span class='ocr_line' id='line_1_114' title="bbox 191 2851 1315 2879; baseline -0.002 0"><span class='ocrx_word' id='word_1_839' title='bbox 191 2862 229 2879; x_wconf 66' lang='lat' dir='ltr'><strong>in.</strong></span> <span class='ocrx_word' id='word_1_840' title='bbox 253 2853 345 2879; x_wconf 63' lang='lat' dir='ltr'><strong>Aumi</strong></span> <span class='ocrx_word' id='word_1_841' title='bbox 359 2853 417 2879; x_wconf 80' lang='lat' dir='ltr'><strong>sed.</strong></span> <span class='ocrx_word' id='word_1_842' title='bbox 433 2852 469 2878; x_wconf 82' lang='lat' dir='ltr'><strong>cf.</strong></span> <span class='ocrx_word' id='word_1_843' title='bbox 486 2851 535 2879; x_wconf 62' lang='lat' dir='ltr'><strong>Et.</strong></span> <span class='ocrx_word' id='word_1_844' title='bbox 558 2860 672 2879; x_wconf 78' lang='lat' dir='ltr'><strong>nxvut.</strong></span> <span class='ocrx_word' id='word_1_845' title='bbox 689 2853 733 2879; x_wconf 76' lang='lat'><strong>50.</strong></span> <span class='ocrx_word' id='word_1_846' title='bbox 786 2853 809 2868; x_wconf 84' lang='lat'>”</span> <span class='ocrx_word' id='word_1_847' title='bbox 820 2853 949 2879; x_wconf 74' lang='grc' dir='ltr'>επένδυτο</span> <span class='ocrx_word' id='word_1_848' title='bbox 964 2854 1006 2879; x_wconf 78' lang='lat' dir='ltr'><strong>H&#39;.</strong></span> <span class='ocrx_word' id='word_1_849' title='bbox 1058 2853 1079 2868; x_wconf 84' lang='lat'><strong>&quot;</strong></span> <span class='ocrx_word' id='word_1_850' title='bbox 1104 2860 1198 2879; x_wconf 83' lang='grc' dir='ltr'>ιιυοων</span> <span class='ocrx_word' id='word_1_851' title='bbox 1217 2852 1258 2877; x_wconf 73' lang='grc' dir='ltr'><strong>ις’.</strong></span> <span class='ocrx_word' id='word_1_852' title='bbox 1277 2851 1315 2867; x_wconf 68' lang='grc'><strong>’³⁵</strong></span> 
     </span>
    </p>
   </div>
   <div class='ocr_carea' id='block_1_114' title="bbox 836 2861 1006 2880">
    <p class='ocr_par' dir='ltr' id='par_1_114' title="bbox 836 2861 1006 2880">
     <span class='ocr_line' id='line_1_115' title="bbox 836 2861 1006 2880; baseline 0.012 -2"><span class='ocrx_word' id='word_1_853' title='bbox 836 2861 949 2880; x_wconf 77' lang='grc' dir='ltr'>πενηυτο</span> <span class='ocrx_word' id='word_1_854' title='bbox 964 2861 1006 2880; x_wconf 74' lang='grc' dir='ltr'><strong>η’.</strong></span> 
     </span>
    </p>
   </div>
   <div class='ocr_carea' id='block_1_115' title="bbox 157 2851 733 2888">
    <p class='ocr_par' dir='ltr' id='par_1_115' title="bbox 157 2851 733 2888">
     <span class='ocr_line' id='line_1_116' title="bbox 157 2851 733 2888; baseline 0 -9"><span class='ocrx_word' id='word_1_855' title='bbox 157 2854 229 2880; x_wconf 81' lang='lat' dir='ltr'><strong>Mon.</strong></span> <span class='ocrx_word' id='word_1_856' title='bbox 253 2853 345 2888; x_wconf 75' lang='lat' dir='ltr'><strong>Aug.?</strong></span> <span class='ocrx_word' id='word_1_857' title='bbox 359 2853 417 2880; x_wconf 82' lang='lat' dir='ltr'><strong>sed.</strong></span> <span class='ocrx_word' id='word_1_858' title='bbox 433 2852 469 2888; x_wconf 68' lang='lat' dir='ltr'><strong>ei.</strong></span> <span class='ocrx_word' id='word_1_859' title='bbox 486 2851 535 2888; x_wconf 53' lang='lat' dir='ltr'><strong>Et;</strong></span> <span class='ocrx_word' id='word_1_860' title='bbox 558 2860 672 2880; x_wconf 78' lang='lat' dir='ltr'><strong>nxvut.</strong></span> <span class='ocrx_word' id='word_1_861' title='bbox 689 2853 733 2880; x_wconf 76' lang='lat'><strong>50.</strong></span> 
     </span>
    </p>
   </div>
   <div class='ocr_carea' id='block_1_116' title="bbox 156 2887 848 2922">
    <p class='ocr_par' dir='ltr' id='par_1_116' title="bbox 156 2887 848 2922">
     <span class='ocr_line' id='line_1_117' title="bbox 156 2887 848 2922; baseline 0.001 -9"><span class='ocrx_word' id='word_1_862' title='bbox 156 2890 180 2904; x_wconf 82' lang='grc'><strong>⁸⁸</strong></span> <span class='ocrx_word' id='word_1_863' title='bbox 201 2887 317 2922; x_wconf 77' lang='grc' dir='ltr'>στοίχων</span> <span class='ocrx_word' id='word_1_864' title='bbox 346 2888 388 2915; x_wconf 82' lang='lat' dir='ltr'><strong>B‘.</strong></span> <span class='ocrx_word' id='word_1_865' title='bbox 440 2887 466 2903; x_wconf 85' lang='lat'><strong>&quot;</strong></span> <span class='ocrx_word' id='word_1_866' title='bbox 484 2887 595 2920; x_wconf 70' lang='grc' dir='ltr'>σχῆμαῗ</span> <span class='ocrx_word' id='word_1_867' title='bbox 645 2888 669 2903; x_wconf 76' lang='grc'><strong>’⁸</strong></span> <span class='ocrx_word' id='word_1_868' title='bbox 686 2887 781 2919; x_wconf 76' lang='grc' dir='ltr'>πάζιον</span> <span class='ocrx_word' id='word_1_869' title='bbox 807 2887 848 2914; x_wconf 76' lang='grc' dir='ltr'><strong>[ι’.</strong></span> 
     </span>
    </p>
   </div>
   <div class='ocr_carea' id='block_1_117' title="bbox 1365 2814 1587 2843">
    <p class='ocr_par' dir='ltr' id='par_1_117' title="bbox 1365 2814 1587 2843">
     <span class='ocr_line' id='line_1_118' title="bbox 1365 2814 1587 2843; baseline 0.005 -2"><span class='ocrx_word' id='word_1_870' title='bbox 1365 2814 1387 2830; x_wconf 78' lang='grc'><strong><em>⁸⁸</em></strong></span> <span class='ocrx_word' id='word_1_871' title='bbox 1403 2816 1451 2842; x_wconf 88' lang='grc' dir='ltr'><strong>καί</strong></span> <span class='ocrx_word' id='word_1_872' title='bbox 1469 2822 1525 2842; x_wconf 91' lang='lat' dir='ltr'><strong>om.</strong></span> <span class='ocrx_word' id='word_1_873' title='bbox 1543 2815 1587 2843; x_wconf 77' lang='lat' dir='ltr'><strong>B‘.</strong></span> 
     </span>
    </p>
   </div>
   <div class='ocr_carea' id='block_1_118' title="bbox 1641 2815 1788 2847">
    <p class='ocr_par' dir='ltr' id='par_1_118' title="bbox 1641 2815 1788 2847">
     <span class='ocr_line' id='line_1_119' title="bbox 1641 2815 1788 2847; baseline -0.007 -5"><span class='ocrx_word' id='word_1_874' title='bbox 1641 2815 1675 2831; x_wconf 83' lang='grc'><strong>⁸⁹⁹</strong></span> <span class='ocrx_word' id='word_1_875' title='bbox 1691 2816 1788 2847; x_wconf 70' lang='grc' dir='ltr'>ύποδὸς</span> 
     </span>
    </p>
   </div>
   <div class='ocr_carea' id='block_1_119' title="bbox 1058 2849 1458 2887">
    <p class='ocr_par' dir='ltr' id='par_1_119' title="bbox 1058 2849 1458 2887">
     <span class='ocr_line' id='line_1_120' title="bbox 1058 2849 1458 2887; baseline -0.003 -8"><span class='ocrx_word' id='word_1_876' title='bbox 1058 2853 1079 2868; x_wconf 89' lang='grc'><strong>⁹¹</strong></span> <span class='ocrx_word' id='word_1_877' title='bbox 1103 2849 1198 2887; x_wconf 85' lang='grc' dir='ltr'>μυρῶν</span> <span class='ocrx_word' id='word_1_878' title='bbox 1217 2849 1260 2887; x_wconf 59' lang='grc' dir='ltr'><strong>Β¹ἒ</strong></span> <span class='ocrx_word' id='word_1_879' title='bbox 1277 2851 1300 2887; x_wconf 79' lang='lat'><strong>&#39;_&#39;_</strong></span> <span class='ocrx_word' id='word_1_880' title='bbox 1312 2849 1400 2887; x_wconf 74' lang='grc' dir='ltr'>ἥνπερ</span> <span class='ocrx_word' id='word_1_881' title='bbox 1416 2849 1458 2878; x_wconf 82' lang='lat' dir='ltr'><strong>B&#39;.</strong></span> 
     </span>
    </p>
   </div>
   <div class='ocr_carea' id='block_1_120' title="bbox 1513 2850 1788 2885">
    <p class='ocr_par' dir='ltr' id='par_1_120' title="bbox 1513 2850 1788 2885">
     <span class='ocr_line' id='line_1_121' title="bbox 1513 2850 1788 2885; baseline 0 -8"><span class='ocrx_word' id='word_1_882' title='bbox 1513 2851 1536 2867; x_wconf 86' lang='lat'><strong>&quot;</strong></span> <span class='ocrx_word' id='word_1_883' title='bbox 1550 2850 1718 2885; x_wconf 76' lang='grc' dir='ltr'>ἑπεπόρτουν</span> <span class='ocrx_word' id='word_1_884' title='bbox 1744 2851 1788 2877; x_wconf 80' lang='grc' dir='ltr'><strong>Β¹.</strong></span> 
     </span>
    </p>
   </div>
   <div class='ocr_carea' id='block_1_121' title="bbox 898 2883 1785 2921">
    <p class='ocr_par' dir='ltr' id='par_1_121' title="bbox 898 2883 1785 2921">
     <span class='ocr_line' id='line_1_122' title="bbox 898 2883 1785 2921; baseline -0.006 -6"><span class='ocrx_word' id='word_1_885' title='bbox 898 2889 919 2904; x_wconf 76' lang='grc'><strong>’⁷</strong></span> <span class='ocrx_word' id='word_1_886' title='bbox 939 2889 1033 2915; x_wconf 70' lang='grc' dir='ltr'>ἴασπιν</span> <span class='ocrx_word' id='word_1_887' title='bbox 1062 2883 1110 2914; x_wconf 70' lang='grc' dir='ltr'><strong>καί</strong></span> <span class='ocrx_word' id='word_1_888' title='bbox 1136 2883 1232 2919; x_wconf 70' lang='grc' dir='ltr'>σαπφζ</span> <span class='ocrx_word' id='word_1_889' title='bbox 1250 2885 1263 2911; x_wconf 85' lang='lat'><strong>6</strong></span> <span class='ocrx_word' id='word_1_890' title='bbox 1278 2885 1306 2911; x_wconf 78' lang='grc' dir='ltr'>δὲ</span> <span class='ocrx_word' id='word_1_891' title='bbox 1323 2883 1347 2918; x_wconf 60' lang='grc' dir='ltr'>γ’</span> <span class='ocrx_word' id='word_1_892' title='bbox 1362 2883 1485 2921; x_wconf 52' lang='grc' dir='ltr'>λίῆιηρον,</span> <span class='ocrx_word' id='word_1_893' title='bbox 1503 2883 1644 2920; x_wconf 69' lang='grc' dir='ltr'>άμέθυοοιὶ</span> <span class='ocrx_word' id='word_1_894' title='bbox 1668 2887 1715 2912; x_wconf 80' lang='grc' dir='ltr'>καὶ</span> 
     </span>
    </p>
   </div>
   <div class='ocr_carea' id='block_1_122' title="bbox 155 2920 938 2958">
    <p class='ocr_par' dir='ltr' id='par_1_122' title="bbox 155 2920 932 2958">
     <span class='ocr_line' id='line_1_123' title="bbox 155 2920 932 2958; baseline 0.001 -9"><span class='ocrx_word' id='word_1_895' title='bbox 155 2924 178 2940; x_wconf 75' lang='grc'><strong>⁸⁸</strong></span> <span class='ocrx_word' id='word_1_896' title='bbox 194 2920 267 2957; x_wconf 43' lang='lat' dir='ltr'><strong>ab?</strong></span> <span class='ocrx_word' id='word_1_897' title='bbox 291 2924 314 2939; x_wconf 93' lang='lat'>&quot;</span> <span class='ocrx_word' id='word_1_898' title='bbox 330 2923 470 2958; x_wconf 77' lang='grc' dir='ltr'>ἀδάμαντα</span> <span class='ocrx_word' id='word_1_899' title='bbox 489 2922 531 2948; x_wconf 86' lang='lat' dir='ltr'><strong>B‘.</strong></span> <span class='ocrx_word' id='word_1_900' title='bbox 565 2923 573 2938; x_wconf 84' lang='grc'>¹</span> <span class='ocrx_word' id='word_1_901' title='bbox 591 2922 666 2955; x_wconf 66' lang='grc' dir='ltr'>θεὸν,</span> <span class='ocrx_word' id='word_1_902' title='bbox 684 2923 814 2958; x_wconf 73' lang='grc' dir='ltr'>ὲδράγμει</span> <span class='ocrx_word' id='word_1_903' title='bbox 830 2923 870 2950; x_wconf 83' lang='lat' dir='ltr'><strong>B‘.</strong></span> <span class='ocrx_word' id='word_1_904' title='bbox 903 2924 932 2950; x_wconf 73' lang='grc' dir='ltr'><strong>Ἰ</strong></span> 
     </span>
    </p>
   </div>
   <div class='ocr_carea' id='block_1_123' title="bbox 988 2920 1785 2958">
    <p class='ocr_par' dir='ltr' id='par_1_123' title="bbox 988 2920 1785 2956">
     <span class='ocr_line' id='line_1_124' title="bbox 988 2920 1785 2956; baseline -0.006 -6"><span class='ocrx_word' id='word_1_905' title='bbox 988 2931 1020 2950; x_wconf 91' lang='lat' dir='ltr'><strong>m.</strong></span> <span class='ocrx_word' id='word_1_906' title='bbox 1043 2931 1098 2955; x_wconf 62' lang='grc' dir='ltr'>ειν,</span> <span class='ocrx_word' id='word_1_907' title='bbox 1120 2922 1162 2954; x_wconf 83' lang='grc'><strong>18,</strong></span> <span class='ocrx_word' id='word_1_908' title='bbox 1184 2922 1225 2949; x_wconf 78' lang='grc'><strong>19.</strong></span> <span class='ocrx_word' id='word_1_909' title='bbox 1262 2921 1335 2947; x_wconf 75' lang='grc' dir='ltr'>’Καί</span> <span class='ocrx_word' id='word_1_910' title='bbox 1353 2928 1409 2949; x_wconf 89' lang='lat' dir='ltr'><strong>om.</strong></span> <span class='ocrx_word' id='word_1_911' title='bbox 1445 2921 1508 2949; x_wconf 82' lang='lat' dir='ltr'><strong>Par.</strong></span> <span class='ocrx_word' id='word_1_912' title='bbox 1526 2923 1536 2935; x_wconf 70' lang='grc'>⁸</span> <span class='ocrx_word' id='word_1_913' title='bbox 1550 2920 1730 2956; x_wconf 77' lang='grc' dir='ltr'>ἐκτυπώμενα</span> <span class='ocrx_word' id='word_1_914' title='bbox 1743 2920 1785 2945; x_wconf 77' lang='lat' dir='ltr'><strong>li&#39;.</strong></span> 
     </span>
    </p>
   </div>
  </div>
