2030 3152
183 155 237 190 133

786 148 1018 181 CHRONICON.
1041 162 1073 167 -
1096 149 1169 179 LIB.
1194 149 1217 179 Ι.

1766 151 1816 184 1'34

181 209 298 245 δημίους
310 207 386 238 τινάς
409 205 537 248 γενέσθαι
563 207 701 248 συγχωρεῖ
727 205 790 238 τοὺς
812 205 974 242 τυράννους,

1028 211 1116 238 sores,
1139 211 1192 232 non
1207 203 1365 240 probantes,
1377 204 1424 232 sed
1439 210 1549 234 econtra
1561 213 1667 234 summo
1680 207 1742 235 odio
1755 216 1817 243 pro-

183 255 255 283 ὥστε
272 253 317 281 διὰ
338 252 443 279 τούτων
472 253 568 289 ποινὴν
593 251 657 284 τοὺς
679 251 907 288 παρανομοῦντας
927 250 976 278 καὶ

183 299 353 331 ἀσεϐοῦντας
366 298 545 334 εἰσπράττειν
557 306 564 314 ο
590 297 705 332 ὕστερον
720 296 747 323 δὲ
759 297 806 323 καὶ
827 296 906 323 αὐτοὶ
922 305 976 323 πα-

184 346 383 382 ραδοθήσονται
413 344 573 379 τιμωρίαις,
601 343 753 379 ἐπειδήπερ
783 343 833 378 οὺχ
854 344 892 374 ὡς
916 343 975 378 Θεῷ

183 391 387 424 διακονοῦντες,
407 389 466 417 ἀλλ’
484 389 575 425 οἰκείᾳ
598 390 717 426 πονηρίᾳ.
743 389 926 422 δουλεύοντες,
941 389 976 415 τὰ

182 437 260 464 δεινά
276 437 442 472 δεδράκασιν
471 437 575 463 ἐκεῖνα.
604 435 697 467 οὕτως
725 435 905 471 ἡμαρτηκότα
929 434 976 462 τὸν

190 483 301 519 Ἰσραὴλ
316 484 350 518 τῇ
361 482 417 509 τῶν
437 481 592 517 ’Δσσυρίων
614 481 738 516 ὠμότητι
756 481 908 516 παρέδωκε,
927 481 974 508 καὶ

183 528 280 564 ιπειὸὴ
304 528 334 555 δὲ
359 527 406 554 τὸν
438 527 561 555 τοιοῦτον
576 527 627 554 οὐκ
647 526 772 561 ἔγνωσαν
790 527 901 559 σκοπὸν,
928 527 976 554 καὶ

184 573 289 600 τούτων
299 572 458 604 καταλύσας
467 572 517 607 τὴν
531 572 705 604 δυναστείαν,
718 571 823 608 ἑτέροις
837 572 974 600 δουλεύειν

185 618 356 653 ἠνάγκασεν,
372 617 410 650 ὡς
426 618 576 654 διαρρήδην
603 618 628 644 οἰ
644 617 784 653 προφῆται
803 617 973 651 διδάσκουσι,
984 651 990 658 ⁸

184 664 252 698 παρ’
267 659 306 690 ὧν
319 665 334 690 ό
350 663 466 690 Πλάτων
491 662 541 695 τὰς
564 663 693 698 ἀφορμὰς
713 662 855 697 κεκλοφὼς
884 663 973 689 τοιάδε

184 709 238 744 ἔφη
253 709 319 746 τοὺς
342 709 462 740 ἀνιάτως
477 709 666 744 διακειμένους
675 709 716 740 εἰς
726 708 860 743 ὠφέλειαν
872 707 974 742 ἑτέρων

184 755 374 783 παιδεύεσθαι.
390 755 428 790 (8)
438 755 492 782 Καὶ
504 756 556 790 μέν
569 754 611 781 τοί
626 763 658 789 γε
667 755 715 781 καὶ
727 754 857 790 περὶτῶν
868 753 975 789 λήξεων

184 803 235 829 καὶ
246 801 469 836 ἀπσκληρὼσεως
482 799 537 829 τῶν
554 799 648 835 ψυχῶν
662 801 676 826 6
695 798 852 834 σοφώτατος
878 801 906 826 ἐν
919 799 974 835 62

183 847 223 883 τῷ
237 847 377 874 Φαίδωνα
388 847 470 874 πάλιν
486 846 568 882 φησίν
578 846 616 862 ⁵³·
630 856 640 872 ι
658 846 688 872 'O
704 845 754 880 μὲν
765 845 906 878 ἀτέλεστος
927 845 974 872 καὶ

1027 252 1172 285 sequentes
1187 248 1386 282 carniﬁcinam,
1411 249 1520 277 illorum
1544 255 1633 279 tamen
1656 252 1815 280 adhibentes

1027 294 1210 322 ministerium
1240 294 1274 322 ob
1303 296 1507 328 necessitatem,
1537 296 1573 323 ita
1597 298 1690 325 mundi
1706 298 1815 330 ltectOr,

1027 341 1187 368 carniﬁcum
1210 341 1282 372 loco,
1313 341 1378 369 sinit
1393 349 1454 369 esse
1467 345 1608 378 tyrannos,
1634 347 1664 369 ut
1679 351 1726 378 per
1742 345 1816 378 ipsos

1026 394 1134 422 pennam
1161 386 1384 422 praevaricatores
1412 391 1440 414 ct
1471 387 1546 422 impii
1583 388 1757 423 persolvant;
1789 395 1816 416 at

1028 437 1122 466 postea
1139 431 1281 459 tradentur
1296 431 1348 466 ipsi
1374 439 1484 467 quoque
1509 433 1661 467 suppliciis,
1687 434 1815 467 quoniam

1027 484 1081 503 non
1096 477 1175 512 quasi
1192 476 1247 505 Deo
1264 477 1463 510 ministrantes,
1478 478 1525 506 sed
1544 486 1601 506 sua:
1613 479 1735 514 ipsorum
1754 487 1798 506 ser
1809 495 1816 500 -

1025 521 1130 550 vientes
1147 522 1267 555 malitiae,
1283 530 1316 551 ea
1330 523 1434 551 scelera
1454 529 1655 559 perpetrat-unt.
1691 524 1736 552 Sic
1753 533 1815 552 cum

1025 573 1167 602 peccasset
1181 567 1276 601 Israel,
1304 567 1394 603 ipsum
1415 569 1572 597 crudelibus
1589 570 1710 606 Assyriis
1733 571 1816 597 tradi-

1025 615 1075 647 dit,
1091 619 1117 641 et
1135 622 1196 642 cum
1210 614 1281 642 banc
1297 622 1351 642 non
1367 615 1543 651 agnovissent
1565 621 1695 648 mentem,
1721 624 1816 644 everso

1026 660 1148 695 ipsorum
1162 667 1257 696 regno,
1276 661 1338 688 aliis
1358 661 1462 689 servire
1474 661 1572 696 coegit,
1588 666 1618 688 ut
1635 666 1727 696 aperte
1750 670 1814 695 pro-

1025 707 1114 740 pheta:
1143 706 1258 740 docent;
1294 714 1309 733 a
1336 706 1435 741 quibus
1460 706 1538 734 Plato
1573 712 1723 742 opportune
1747 707 1815 735 dixit

1025 760 1073 779 eos
1087 752 1132 787 qui
1148 752 1315 780 insanabiles
1339 757 1405 780 sunt
1428 752 1463 780 ad
1489 753 1635 781 utilitatem
1652 758 1812 781 caeterorum

1025 798 1165 833 castigari.
1185 797 1321 826 Praeterea
1337 797 1372 826 de
1385 798 1538 826 animarum
1564 804 1638 826 sorte
1660 803 1721 833 post
1737 806 1814 826 mor-

1029 846 1100 874 tem,
1129 843 1349 877 sapientissimus
1378 843 1422 870 ille
1445 843 1487 870 vir
1511 843 1538 870 in
1561 843 1693 870 thlona
1719 851 1814 870 rursus

181 894 341 930 ἀκάθαρτος
356 895 397 926 εἰς
411 893 496 929 ᾍδην
514 893 682 928 ἀφικόμενος
699 893 729 919 ἐν
742 892 868 928 βορϐόρῳ
882 891 974 918 κείσε-

1027 887 1137 915 όίεἰιε»
1167 888 1348 923 Imperfectus
1362 893 1389 916 et
1413 889 1537 924 impurus
1563 897 1625 916 cum
1647 889 1681 916 ad
1709 887 1813 916 inferos

183 949 248 967 ται·
265 942 280 968 ὸ
303 940 332 967 δὲ
360 939 556 975 τετελεσμένος
583 940 631 966 καὶ
655 938 865 974 κεκαθαρμένος
885 933 974 964 iustis

184 985 387 1021 μεταχωρήσας
416 985 485 1019 μετά
500 984 569 1011 Θεοῦ
593 984 751 1012 οἰκειώσει·
777 983 824 1011 τὸν
840 983 891 1019 μιν
920 982 975 1018 γὰρ

181 1030 299 1062 δικαίως
309 1030 355 1057 τὸν
373 1030 432 1065 βίον
447 1029 653 1065 μετεληλυθότα
676 1031 723 1057 καὶ
746 1030 841 1063 ὁσίως,
863 1029 975 1057 ἔπειδάν

182 1075 352 1111 τελευτήσει,
372 1075 414 1107 εἰς
429 1076 571 1112 Μακάρων
587 1077 688 1109 νήσους
712 1076 830 1102 ἀπιόντα
842 1076 928 1102 οἰκεῖν
947 1076 975 1102 εν

183 1121 262 1156 πάσῃ
280 1120 442 1156 εὐδαιμονίᾳ
455 1120 549 1147 κακῶν
565 1120 654 1154 ἐκτὸς,
681 1120 727 1147 τὸν
753 1120 783 1147 δὲ
811 1119 912 1152 ἀδίκως
929 1121 976 1147 καὶ

181 1166 275 1198 ἀθέως
285 1167 326 1198 εἰς
340 1166 371 1193 τὺ
381 1166 433 1201 τῆς
450 1165 568 1201 κρίσεώς
576 1175 605 1194 τε
620 1168 668 1194 καὶ
682 1166 760 1201 δίκης
773 1166 974 1202 δεσμωτήριον,

181 1211 241 1247 ὃδὴ
255 1212 398 1248 Τάρταρον
414 1212 558 1247 καλοῦσιν,
588 1212 658 1240 ἰέναι
682 1213 730 1240 καὶ
754 1211 828 1240 οὕτω
858 1212 973 1248 γυμνὸν,

182 1258 280 1284 επειτα
295 1258 404 1294 κριτέον
419 1258 547 1286 ἁπάντων
558 1258 677 1286 τούτων·
693 1257 845 1289 τεθνεῶτας
853 1257 907 1293 γὰρ
919 1257 974 1292 (7b)

181 1302 217 1337 δὴ
230 1302 383 1338 κρίνεσθαι,
402 1303 446 1330 ἵνα
465 1302 561 1330 δικαία
575 1304 592 1339 ἡ
605 1302 696 1338 κρίσις
711 1302 759 1330 τοῦ
774 1303 872 1338 κριτοῦ
893 1304 974 1338 γίνη-

183 1355 240 1374 ται.
263 1356 273 1373 ι
292 1347 388 1380 Οὕτως
416 1349 430 1375 ό
447 1349 562 1376 Πλάτων
586 1348 710 1384 ἀκριϐῶς
727 1348 890 1376 ἐπίστευσεν
902 1346 975 1376 εἶναι

182 1392 220 1420 τὰ
230 1394 260 1420 ιν
272 1393 353 1428 ᾍδου
370 1395 511 1431 κριτήρια.
538 1394 577 1431 (9)
607 1394 742 1430 Ἐντυχὼν
758 1394 812 1429 γὰρ
836 1393 974 1430 Ἑϐραίοις

182 1440 214 1465 ιν
243 1440 386 1476 Αἰγύπτῳ,
417 1441 472 1467 τῶν
502 1440 681 1476 προφητικῶν
708 1439 808 1474 λογίων
831 1438 974 1470 ἀσπασίως

182 1484 286 1520 ἢκουσε
301 1486 350 1513 καὶ
361 1486 407 1513 τὸν
419 1485 467 1512 τοῦ
483 1486 570 1522 πυρὸς
585 1486 709 1522 ποταμὸν
723 1486 838 1522 ἔμαθεν,
856 1485 886 1512 δν
897 1486 911 1512 ό
927 1485 976 1521 μί-

183 1538 237 1565 γας
256 1531 390 1559 Ξθεάσατο
405 1532 516 1569 Δανιὴλ,
530 1534 579 1560 καὶ
595 1533 659 1565 τοὺς
677 1532 792 1560 Ἡσαΐου
804 1532 854 1559 τοῦ
870 1531 974 1559 θειοτά-
988 1551 1010 1581 c

182 1584 232 1603 του
251 1578 393 1613 μεμύηται
407 1578 514 1613 λόγους,
532 1579 562 1606 ὲν
577 1576 618 1611 οἷς
645 1587 714 1615 φησι
726 1579 792 1614 περὶ
812 1578 868 1605 τῶν
885 1578 976 1614 ἀμαρ-

183 1623 281 1651 τωλῶν
296 1624 320 1640 ³⁸
335 1632 342 1639 ·
361 1634 371 1651 ε
396 1624 426 1651 'O
441 1624 550 1661 σκώληξ
563 1625 656 1652 αὐτῶν
678 1625 708 1652 οὺ
726 1625 853 1660 τελευτᾷ,
878 1626 927 1651 καὶ
945 1624 976 1651 τδ

183 1669 242 1705 πῦρ
271 1669 303 1697 οὐ
325 1669 529 1707 σϐεσθήσεται,
550 1679 559 1697 ι
591 1671 672 1699 καὶ·⁸
687 1679 695 1687 ·
714 1679 724 1697 ι
749 1671 798 1703 Τίς
827 1671 976 1706 ἀναγγελεῖ

183 1714 251 1748 ὑμῖν
265 1715 312 1742 τὸν
326 1716 439 1743 αἰώνιον
450 1717 551 1751 τόπον;
568 1727 578 1744 ι
594 1718 678 1745 Ὥστε
690 1716 738 1745 οὖν
751 1719 876 1751 Πλάτων,
889 1719 904 1745 ό
920 1719 976 1744 τῶν

188 1760 328 1797 Ἑλλήνων
337 1761 449 1790 πάντων
459 1762 616 1800 σοφώτερος
635 1765 683 1791 καὶ
702 1764 852 1800 ὑπέρτερός
869 1773 899 1791 τε
927 1764 975 1791 καὶ

181 1806 339 1843 διαδόητος,
367 1809 396 1835 ὲν
412 1808 545 1844 Αἰγύπτῳ
571 1809 641 1845 πρὸς
662 1810 725 1842 τοὺς
754 1809 905 1846 φρονίμους
928 1810 976 1837 καὶ

184 1853 287 1886 σοφοὺς
309 1852 365 1879 τῶν
391 1853 551 1888 Αἰγυπτίων
576 1854 705 1890 ἀφίκετο,
722 1855 906 1890 πολυπειρίαν
927 1854 975 1880 καὶ

182 1897 364 1933 φυσιολογίαν
378 1899 580 1936 ἀκριϐεστέραν
598 1901 802 1935 μαθησόμενος,
821 1900 859 1932 ὡς
876 1900 975 1935 Ἕλλη-

183 1953 228 1976 νες
242 1944 414 1980 ἰστοροῦσιν·
430 1945 516 1981 ἔμαθε
531 1946 558 1973 δὲ
580 1946 647 1983 παρ’
666 1946 806 1983 Ἐσραίοις
822 1948 869 1973 καὶ
885 1946 976 1974 θεολο-

181 1991 257 2025 γίαν,
280 1991 305 2016 εἰ
319 1991 367 2018 καὶ
382 1992 421 2027 μὴ
437 1992 613 2028 σαφεστάτην
637 1993 685 2020 καὶ
711 1993 864 2028 ἀκραιφνῆ,
883 1992 975 2024 καθὼς

182 2036 351 2072 παρειλήφει
367 2036 411 2064 διὰ
440 2038 490 2072 τήν
517 2039 741 2074 προκατέχουσαν
770 2039 853 2066 αὑτὸν
883 2038 975 2075 δεινὴν

182 2082 282 2109 ἀθεταν
312 2083 358 2109 καὶ
379 2083 501 2120 χαλεπὴν
521 2083 562 2111 ἔτι
581 2084 687 2119 πλάνην
711 2084 902 2120 ἀκμάζουσαν,
917 2085 975 2112 ἀλλ’

182 2126 230 2154 οὖν
262 2127 436 2163 ἐξηγήσατο·
456 2130 503 2156 καὶ
527 2129 582 2165 γὰρ
613 2129 648 2157 τά
676 2129 814 2157 Μωσαῖκά
849 2138 975 2165 σφετερι-

185 2173 307 2208 σάμενος
332 2174 395 2208 ἱερὰ
423 2175 572 2210 πάμπολλα
591 2175 640 2202 καὶ
669 2177 849 2211 μεταφράσας
881 2176 974 2211 λόγια,

1026 933 1140 967 venerit.
1169 934 1197 961 in
1213 942 1292 961 coeno
1306 934 1425 969 jacebit;
1454 935 1589 970 perfectus
1613 941 1703 963 autem
1720 940 1747 963 et
1763 944 1814 971 pu-

1027 980 1148 1007 rilicatus
1165 987 1227 1006 cum
1241 980 1337 1007 eodem
1352 981 1592 1015 migraverit,cum
1605 980 1659 1009 Deo
1669 981 1811 1009 habitabit.

1027 1025 1053 1053 ls
1067 1025 1140 1053 enim
1157 1026 1203 1061 qui
1219 1026 1293 1061 juste
1306 1032 1334 1054 et
1349 1031 1444 1054 sancte
1459 1027 1542 1054 vitam
1560 1027 1661 1062 exegit,
1688 1031 1750 1062 post
1771 1027 1813 1054 in-

1027 1072 1137 1099 teritum
1168 1071 1201 1098 ad
1230 1071 1444 1099 Fortunatorum
1479 1072 1584 1100 insulas
1608 1072 1812 1104 transmittitur,

1026 1117 1072 1145 ubi
1103 1117 1238 1145 malorum
1261 1117 1586 1153 immtutiswnmninoquc
1612 1118 1708 1146 beatus
1739 1125 1814 1146 com-

1027 1168 1167 1197 moratur;
1193 1164 1238 1190 ille
1254 1169 1344 1192 autem
1362 1164 1409 1200 qui
1425 1164 1525 1199 injuste
1541 1169 1568 1192 et
1590 1165 1671 1200 impie
1685 1165 1763 1198 vixit,
1786 1166 1812 1192 iu

1024 1208 1122 1244 judicii
1135 1215 1162 1236 ct
1175 1209 1288 1244 iustitia:
1303 1217 1441 1237 carcerein
1464 1211 1549 1244 vadit,
1564 1218 1644 1246 quem
1667 1210 1812 1238 Tartarum

1027 1260 1136 1288 vocant,
1154 1255 1200 1282 ubi
1217 1255 1292 1282 omni
1303 1263 1334 1283 re
1347 1256 1475 1290 nudatus,
1496 1257 1529 1283 de
1544 1257 1670 1284 omnibus
1686 1257 1814 1291 operibus

1025 1299 1083 1327 suis
1095 1300 1254 1336 judicatur;
1277 1306 1385 1336 oportet
1401 1302 1473 1329 enim
1485 1301 1602 1337 judicari
1616 1308 1738 1330 mortuos
1753 1310 1813 1329 om-

1026 1353 1086 1379 nes,
1105 1350 1134 1373 ut
1153 1346 1260 1381 justum
1284 1346 1384 1382 judicis
1404 1347 1538 1381 judicium
1562 1348 1634 1375 at.)
1667 1347 1712 1376 Sic
1736 1347 1814 1375 Plato

1026 1392 1141 1419 omnino
1166 1392 1283 1420 credidit
1302 1400 1363 1420 esse
1384 1393 1412 1420 in
1436 1393 1534 1421 inieris
1555 1393 1714 1421 tribunalia.
1744 1394 1812 1421 Cum

1026 1438 1101 1465 enim
1119 1445 1180 1466 cum
1194 1437 1314 1466 Hebrmis
1327 1439 1354 1466 in
1372 1437 1492 1475 Egypto
1512 1445 1731 1472 conversaretur,
1748 1448 1813 1475 pro-

1026 1484 1261 1521 pheticaoraeula
1275 1485 1390 1513 libenter
1401 1485 1517 1519 audivit,
1532 1490 1559 1512 et
1574 1485 1681 1521 igneum
1699 1486 1811 1514 ﬂuvium

1027 1538 1089 1558 esse
1111 1530 1226 1563 didicit,
1255 1538 1335 1566 quem
1361 1539 1476 1567 magnus
1500 1533 1630 1566 spectavit
1657 1532 1760 1565 Daniel,
1786 1537 1815 1560 et

1027 1577 1221 1612 sapientissimi
1249 1576 1326 1605 Isaiae
1353 1577 1476 1606 initiatus
1500 1582 1543 1605 est
1567 1579 1756 1612 sermonibus,
1784 1578 1812 1605 in

1025 1624 1126 1659 quibus
1137 1624 1207 1653 dicit
1217 1624 1251 1652 de
1265 1625 1454 1660 peccatoribus
1471 1633 1478 1653 :
1498 1624 1623 1652 «Vermis
1644 1631 1738 1652 eorum
1759 1632 1812 1652 non

1026 1670 1154 1704 moritur,
1171 1675 1198 1698 et
1212 1670 1283 1705 ignis
1295 1678 1348 1698 non
1364 1671 1553 1705 esstinguetur
1563 1679 1587 1704 ς»
1601 1675 1628 1698 et
1645 1678 1652 1696 :
1667 1680 1676 1696 ι
1687 1669 1754 1704 Quis
1769 1677 1814 1697 re-

1026 1715 1162 1744 nuntiabit
1175 1716 1254 1743 vobis
1269 1716 1467 1751 sempiternum
1485 1716 1572 1743 locum
1583 1716 1608 1742 τι
1629 1715 1703 1743 Plato
1719 1715 1812 1751 igitur,

1025 1761 1181 1789 Graecorum
1214 1761 1435 1797 sapientissimus
1458 1761 1759 1797 praestantissimusque
1785 1766 1813 1788 et

1026 1806 1097 1834 fama
1114 1807 1289 1842 percelebris,
1321 1807 1347 1834 in
1365 1807 1514 1843 Aigyptum
1531 1807 1605 1834 venit
1618 1807 1651 1834 ad
1666 1807 1814 1842 prudentes

1025 1858 1052 1880 et
1077 1855 1216 1889 sapientes
1242 1854 1314 1882 inter
1340 1852 1495 1889 Egyptios,
1533 1859 1562 1881 ut
1589 1861 1671 1889 quam
1686 1853 1814 1881 eruditis-

1025 1899 1112 1926 simus
1135 1899 1223 1930 lieret.
1250 1904 1277 1926 et
1302 1898 1530 1934 perfectissimam
1554 1898 1588 1927 de
1611 1903 1707 1926 natura
1722 1906 1813 1926 rerum

1010 1945 1166 1972 -scientiam
1193 1944 1358 1979 acquireret,
1389 1949 1419 1971 ut
1445 1943 1532 1972 Graeci
1559 1948 1682 1972 narrant.
1716 1944 1815 1971 Didicit

1025 1994 1117 2017 autem
1132 1990 1166 2017 ab
1183 1988 1306 2018 Hebraeis
1318 1994 1344 2017 ct
1358 1990 1534 2026 theologiam,
1561 1998 1614 2017 non
1630 1989 1811 2018 certissimam

1026 2044 1092 2064 sane
1107 2041 1134 2064 et.
1150 2043 1266 2072 puram;
1292 2039 1450 2071 susceperat
1476 2036 1550 2063 enim
1573 2043 1644 2068 eam,
1672 2041 1814 2071 grassante

1026 2084 1118 2111 adhuc
1147 2084 1256 2121 fortiter
1281 2083 1428 2115 atbcismo,
1453 2083 1615 2118 vigenthue
1630 2082 1657 2109 in
1670 2083 1729 2118 ipso
1753 2090 1815 2118 per-

1027 2131 1133 2159 nicioso
1153 2139 1257 2163 errore,
1286 2130 1358 2157 male
1373 2130 1513 2157 simulato.
1547 2129 1615 2157 Cum
1639 2130 1711 2156 enim
1734 2136 1812 2156 sacra

1028 2176 1130 2212 Moysis
1145 2176 1256 2204 oracula
1272 2175 1324 2203 sibi
1333 2176 1467 2210 permulta
1481 2175 1624 2202 ascivisset
1639 2180 1667 2202 et
1682 2175 1814 2209 interpre-

181 2218 272 2254 ταύτῃ
288 2228 329 2246 τοι
341 2221 471 2256 πειρᾶται
485 2220 636 2257 λεληθότως
664 2222 872 2256 αἰνιγματωδῶς
888 2224 974 2248 ποιεῖ·

1029 2226 1101 2249 tatus
1125 2226 1208 2255 esset,
1233 2222 1277 2249 his
1301 2221 1395 2248 furtim
1421 2228 1488 2248 usus
1501 2221 1699 2255 anigmaticam
1729 2225 1814 2247 tentat

185 2262 249 2290 σθαι
259 2262 310 2299 τὴν
333 2265 473 2300 ἀφήγησιν
488 2273 496 2282 θ
512 2265 575 2292 ὅθεν
596 2266 643 2292 καὶ
661 2266 730 2301 πρός
757 2273 820 2291 τινα
841 2264 922 2291 τοῦτο
945 2265 978 2300 δὴ

185 2310 427 2344 παρυπεμφαίνων
443 2309 474 2337 εὖ
488 2311 563 2346 μάλα
577 2310 630 2347 ἔφη
641 2319 648 2326 ·
667 2320 677 2338 ι
691 2310 828 2347 Φραστέον
844 2310 876 2345 δή
887 2318 930 2336 σοι
944 2310 978 2337 δι’

185 2354 358 2390 αἰνιγμάτων
372 2356 405 2388 ³³,
422 2355 456 2382 tv‘
471 2357 504 2384 ἀν
527 2358 582 2392 τιὴ
599 2357 688 2389 δέλτος
703 2357 726 2374 ’³
747 2357 764 2393 ἢ
782 2357 880 2384 πόντου
893 2356 910 2393 ἢ
924 2357 977 2391 γῆς

185 2397 215 2424 ιν
229 2399 346 2433 πτυχαῖς
363 2399 438 2435 πάθῃ
450 2400 483 2433 ³³,
506 2401 521 2428 ὁ
548 2401 681 2436 ἀναγνοὺς
700 2401 737 2437 μὴ
750 2401 808 2437 γνῷ
820 2408 829 2417 ·
843 2398 894 2428 ὦδε
921 2401 977 2438 γὰρ

185 2443 243 2479 ιχιι
258 2452 266 2460 ·
281 2444 351 2480 Περὶ
374 2445 422 2472 τὸν
449 2447 559 2474 πάντων
589 2447 702 2483 βασιλέα
727 2448 819 2474 adv-ra.
843 2448 902 2475 ἔστι
927 2449 974 2474 καὶ

183 2489 292 2516 ὲκείνου
307 2490 331 2507 ⁵⁵
346 2491 440 2518 sive”.
454 2493 554 2526 πάντα,
566 2493 614 2520 καὶ
629 2494 718 2521 ίκείνο
731 2494 841 2521 πάντων
851 2494 907 2520 τῶν
925 2502 975 2520 κα-

186 2535 239 2562 λῶν
254 2537 353 2571 αττιον,
368 2537 496 2574 δεύτερον
511 2539 540 2567 δὲ
555 2541 663 2574 περὶτὰ
683 2540 807 2576 δεύτερα,
823 2542 869 2568 καὶ
883 2541 976 2577 τρίτον

1027 2266 1237 2299 narrationem;
1263 2265 1336 2293 unde
1348 2266 1381 2292 ad
1395 2265 1553 2300 quemdam,
1569 2264 1634 2292 illud
1658 2271 1724 2292 sane
1749 2265 1814 2292 insi-

1029 2319 1130 2345 nuans,
1146 2312 1215 2339 scite
1230 2310 1298 2338 dixit
1315 2319 1322 2338 :
1341 2320 1350 2338 ‹
1371 2310 1550 2345 Loquendum
1565 2315 1606 2337 est
1623 2310 1671 2337 tibi
1685 2318 1734 2346 per
1750 2310 1816 2338 aeni-

1027 2362 1129 2393 gmata,
1139 2361 1169 2384 ut
1181 2357 1204 2385 si
1218 2357 1365 2392 pugillares
1374 2355 1478 2390 aliquid
1490 2356 1548 2383 sive
1561 2356 1646 2383 maris
1660 2356 1718 2384 sive
1735 2360 1816 2383 teme

1029 2404 1056 2431 in
1075 2403 1190 2431 ﬂexibus
1216 2403 1366 2438 patiantur.
1391 2402 1439 2438 qui
1468 2402 1565 2438 legerit
1590 2410 1643 2429 non
1669 2402 1814 2437 intelligat.

1028 2448 1068 2476 ita
1089 2449 1164 2476 enim
1184 2456 1229 2476 res
1246 2457 1275 2476 se
1295 2448 1386 2476 liabet.
1400 2447 1479 2476 Circa
1505 2448 1625 2476 universi
1642 2456 1731 2484 regem
1751 2454 1815 2475 sunt

1027 2502 1094 2530 ergo
1121 2495 1234 2528 omnia,
1259 2499 1286 2522 et
1313 2495 1378 2523 illud
1403 2495 1526 2523 omnium
1554 2495 1689 2522 bonorum
1720 2502 1814 2526 causa,

1028 2541 1178 2569 secundum
1204 2545 1294 2569 autem
1312 2540 1384 2569 circa
1410 2541 1541 2574 secunda,
1568 2546 1594 2568 et
1612 2541 1720 2568 tertium
1742 2540 1814 2566 circa

785 2669 1044 2702 Varitelecliones
1059 2674 1089 2702 et
1105 2675 1200 2706 notas.

223 2773 246 2788 ’⁸
258 2772 310 2813 1οβ
325 2773 410 2813 A.__—
494 2773 526 2806 C,
543 2779 695 2813 contracta.
708 2810 721 2813 _
733 2775 755 2791 "
769 2774 862 2813 _L_XVI,
873 2775 918 2804 24,
948 2811 952 2813 _
968 2777 976 2792 '

1026 2774 1130 2813 (milii,
1148 2777 1192 2813 ﬂ,
1246 2777 1268 2813 ’ξ
1286 2777 1421 2812 αἰνιγμῶν
1438 2777 1486 2813 Ep.
1503 2785 1533 2812 tl,
1547 2777 1598 2806 ’512
1613 2777 1643 2807 D.
1678 2779 1701 2796 “
1719 2787 1743 2807 τι
1756 2778 1817 2806 δέλ-

188 2814 234 2833 του
246 2809 312 2835 cod.

364 2807 388 2824 ”
404 2807 479 2842 μάθη
491 2822 521 2829 -
539 2817 569 2837 π.
590 2810 637 2836 τοῦ
652 2818 682 2838 τι.
704 2810 836 2842 ϐασιλέως
849 2812 890 2837 ὅτι
904 2811 964 2838 cod.
1003 2811 1026 2828 "
1041 2812 1081 2837 εκ.
1096 2807 1126 2837 δε
1151 2812 1192 2838 σοί
1216 2812 1276 2839 cod.
