2030 3152
242 141 290 170 13'.)

840 133 1002 163 GEORGII
1023 133 1247 163 HAMARTOLI

1817 131 1870 162 illi

240 201 338 222 norum
351 213 357 224 ,
370 198 397 220 et
412 192 438 219 in
456 198 533 219 sacra
549 189 670 217 initiatus
679 191 761 221 esset,
778 187 899 222 increpat
924 191 1027 221 patrem

1082 186 1152 218 θεὶς,
1163 185 1300 212 ἐνουθέτει
1315 185 1361 212 τὸν
1377 184 1485 219 πατέρα
1497 184 1581 212 αὑτοῦ
1595 184 1682 218 λέγων
1695 192 1701 198 ·
1723 194 1731 210 ι
1755 185 1788 211 Τί
1802 185 1872 212 πλα-

240 249 319 269 suum
332 240 424 267 dicens
441 247 447 265 :
467 248 475 264 ι
487 237 541 265 Cur
553 235 679 264 homines
688 242 781 263 errare
791 234 859 262 facis
875 235 909 261 ob
921 234 1025 261 lucrum

240 288 376 316 noxium?
391 287 447 314 Non
463 287 535 314 alius
546 285 670 313 est~Deus
685 284 737 311 nisi
759 284 805 318 qui
836 283 863 310 in
882 283 960 310 caelis
977 287 1028 315 est,

240 332 287 367 qui
303 331 461 358 universum
479 329 736 359 mundum-creavit,
750 337 759 353 ι
779 332 807 354 ct
820 328 860 355 sic
871 327 971 354 dicitur
980 326 1026 353 Dei

240 377 395 411 cognitione
420 376 518 410 dignus
538 382 599 402 esse
628 374 747 401 habitus.
763 373 860 401 Videtis
875 373 946 400 enim
962 380 1029 400 cun-

240 429 299 451 ctos
314 423 439 450 homines
463 421 598 449 creaturis
618 421 776 452 servientes,
798 424 826 446 et
845 418 960 446 visibilia
979 418 1030 446 sub

240 469 323 496 variis
336 468 449 495 deorum
469 466 683 501 cognominibus
701 465 857 495 adorantes,
871 464 1031 491 circumibat

240 514 361 549 quotidie
379 512 495 540 amictus
507 517 535 539 et
552 511 635 538 Deum
653 518 745 538 verum
764 509 912 544 exquirens
926 509 1031 537 sincera

241 566 341 587 mente.
377 558 411 585 Et
442 558 482 585 sie
512 558 648 592 aspiciens
672 557 771 584 uelum
801 555 882 582 modo
912 555 1032 589 splendi-

239 607 314 637 dum,
327 605 407 632 modo
424 604 611 635 tenebrosum,
623 603 694 637 apud
710 610 739 629 se
758 602 880 628 dicebat:
896 610 905 626 ι
917 600 976 628 Non
991 606 1033 628 est

241 654 291 680 hoc
318 651 387 677 Deus
408 657 443 682 »ς
468 649 593 677 similiter
619 654 647 675 et
674 648 757 675 solem
783 653 810 674 et
827 648 929 679 lunam,
948 654 1031 674 unum

241 697 351 732 quidem
377 695 571 723 abscouditutn
598 699 625 721 et
648 694 823 721 obscuratum
865 701 949 728 saepe,
967 693 1033 720 alte-

239 751 295 770 ram
308 742 477 769 deiicientem
494 745 521 769 et
545 745 765 773 evanescentem,
783 740 914 767 dicebat:
946 749 956 765 ι
976 739 1032 767 Nec

239 791 289 816 ista
300 789 410 824 quidem
435 788 472 814 dii
503 792 566 814 sunt
592 787 691 821 nimo
707 787 845 814 stellarum
872 793 984 813 cursum
1007 791 1034 812 et

239 841 341 862 motum
367 834 476 861 curiose
507 839 682 868 perscrutans
708 833 783 869 (erat
807 832 879 860 enim
909 838 1031 860 astrono-

240 882 320 908 miam
337 889 352 908 a
376 885 453 915 patre
468 879 611 914 edoctus),
632 887 683 906 nec
703 879 729 906 in
744 879 797 906 illis
812 887 861 906 nec
876 879 902 905 in
919 879 979 905 aliis
994 879 1032 905 vi-

239 927 364 954 sibilibus
386 926 528 953 inveniens
556 925 653 952 horum
675 930 812 952 auctorem
826 944 834 957 ,
868 925 1032 959 gravabatur

242 972 321 998 valde
336 976 363 999 et
376 971 561 1006 despondebal
579 971 710 997 animum.
726 969 811 1004 Cujus
828 969 991 996 desiderium
1005 973 1032 996 et

241 1023 334 1044 votum
355 1017 447 1044 videns
467 1016 513 1051 qui
538 1016 615 1043 finxit
640 1015 721 1043 corda
743 1019 834 1042 nostra
863 1019 890 1042 et
907 1015 1032 1049 intelligit

242 1064 267 1089 iu
286 1062 413 1089 omnibus
429 1062 557 1096 operibus
575 1061 644 1092 suis,
661 1059 785 1095 apparuit
804 1059 828 1086 ei
840 1079 848 1092 ,
865 1064 892 1086 et
908 1060 1031 1086 invitavit

243 1114 271 1136 ut
284 1109 310 1135 in
320 1112 418 1135 terram
446 1107 636 1142 promissionis
658 1107 720 1138 iret,
735 1107 849 1134 dicens:
870 1116 878 1132 ί
899 1107 1031 1143 Egredere

242 1156 274 1182 de
290 1160 362 1182 terra
379 1160 437 1186 tua,
454 1159 481 1181 et
497 1155 531 1181 de
546 1154 708 1189 cognatione
727 1158 782 1186 tua,
801 1159 827 1180 ct
841 1154 874 1180 de
887 1154 966 1181 domo
981 1161 1030 1188 pa—

244 1203 293 1228 tris
313 1202 361 1233 tui,
378 1207 403 1228 et
420 1201 481 1228 veni
501 1201 638 1227 interram
654 1207 737 1234 quam
761 1200 920 1226 monstrabo
939 1200 998 1227 tibi.
1015 1209 1024 1225 ι

243 1247 396 1274 Confestim
413 1247 484 1274 idola
502 1254 552 1274 sua
571 1246 668 1281 partim
681 1245 792 1280 frangit,
811 1246 909 1280 partim
923 1246 1029 1272 incendi

243 1293 400 1327 seceditque
412 1300 473 1320 cum
484 1298 559 1327 patre
579 1299 629 1319 suo
642 1292 675 1319 de
692 1295 761 1318 terra
780 1291 983 1324 Chaldaeorum,
1005 1296 1032 1318 et

245 1347 306 1366 rum
335 1339 451 1366 venisset
474 1339 500 1365 in
519 1337 637 1369 Charan,
666 1342 790 1365 mortuus
809 1342 850 1364 est
868 1343 943 1372 pater
958 1338 1029 1371 ejus.

248 1383 280 1410 Et
299 1392 426 1419 egressus
452 1384 527 1410 illinc
546 1383 653 1415 iterum,
673 1382 750 1417 juxta
774 1382 886 1409 verbum
912 1381 1029 1416 Domini,

243 1430 384 1457 venitcum
404 1436 488 1456 uxore
499 1436 547 1456 sua
561 1429 628 1455 Sara
646 1432 674 1455 et
696 1427 747 1454 Lot
765 1428 819 1454 [ilio
835 1428 927 1456 fratris
942 1429 984 1456 sui
1003 1433 1030 1456 et

245 1476 370 1502 universa
386 1475 506 1510 ipsorum
517 1474 669 1502 substantia
683 1474 710 1500 in
727 1480 826 1501 terram
838 1474 966 1501 Chanaan
976 1475 1029 1502 sibi

1081 235 1130 269 νᾷς
1156 234 1220 265 τοὺς
1240 233 1403 269 ἀνθρώπους
1429 233 1475 260 διὰ
1512 234 1609 268 κέρδος
1631 233 1798 268 ὲπιζήμιον;
1815 234 1872 260 Οὐκ

1079 281 1153 307 ἔστιν
1176 280 1257 312 ἄλλος
1274 280 1340 312 Θεὸς
1356 282 1379 306 εί
1404 279 1441 314 μὴ
1455 281 1468 306 ὁ
1490 281 1519 306 ὲν
1542 282 1599 311 τοῖς
1623 280 1759 314 οὐρανοῖς,
1783 281 1798 307 ὁ
1826 282 1873 308 καὶ

1080 329 1170 354 πάντα
1190 327 1235 354 τὸν
1251 328 1354 362 κόσμον
1369 328 1486 362 ποιήσας
1497 334 1504 341 ·
1526 337 1536 354 ι
1556 327 1643 359 οὕτως
1658 327 1680 342 ⁸⁵
1694 327 1805 360 λέγεται
1823 328 1873 361 τῆς

1081 374 1248 409 θεογνωσίας
1261 374 1412 409 ἀξιωθῆναι
1426 374 1447 390 ¹⁹
1457 381 1463 388 ·
1479 374 1550 409 ὀρῶν
1565 374 1620 409 γὰρ
1632 375 1696 406 τοὺς
1711 374 1872 410 ἀνθρώπους

1081 421 1186 451 πάντας
1202 419 1506 455 κτισματολατροῦντας
1523 420 1572 446 καὶ
1595 419 1741 454 διαφόρους
1756 419 1778 435 ²⁰
1794 419 1871 450 θεοὺς

1082 466 1116 492 τὰ
1124 466 1277 500 φαινόμενα
1285 465 1542 500 προσαγορεύοντας
1548 465 1594 491 καὶ
1605 464 1826 499 προσκυνοῦντας
1837 465 1871 496 ’⁸.

1083 513 1252 548 περιήρχετο
1265 512 1327 539 καθ’
1338 512 1458 546 ἑκάστην
1475 511 1584 546 ἡμέραν
1593 510 1810 545 διαπονούμενος
1825 512 1873 537 καὶ

1083 557 1129 583 τὸν
1144 557 1229 587 ὅντως
1241 557 1307 583 ὄντα
1317 556 1384 583 Θεὸν
1400 556 1525 591 ἐκζητῶν
1540 557 1573 582 ὲκ
1595 556 1722 590 φιλοθέου
1739 557 1853 591 καρδίας
1863 564 1870 570 ·

1084 602 1132 629 καὶ
1147 603 1219 629 οὕτω
1230 602 1337 637 βλέπων
1351 602 1467 638 οὐρανὸν
1487 602 1554 629 ποτε
1572 602 1623 637 μὲν
1648 603 1786 637 λαμπρὸν,
1805 602 1872 628 ποτὲ

1082 649 1112 676 δὲ
1138 649 1286 681 σκοτεινὸν,
1304 649 1398 683 ἔλεγεν
1412 649 1442 675 ὲν
1468 648 1573 684 ἑαυτῷ·
1592 657 1601 673 ι
1621 648 1678 675 Οὐκ
1701 648 1775 674 ἔστιν
1793 645 1871 679 οὗτος

1081 695 1151 726 Θεός
1163 702 1170 709 ·
1189 704 1198 720 ι
1217 694 1319 728 ὁμοίως
1330 694 1358 721 δὲ
1385 694 1432 721 καὶ
1448 694 1525 729 ἥλιον
1550 694 1598 720 καὶ
1616 693 1744 728 σελήνην,
1757 694 1803 720 τίαν
1822 693 1872 728 μὲν

1084 740 1360 776 ἀποκρυπτόμενονῆ
1379 739 1590 775 ἀμαυρούμενον
1612 740 1756 772 πολλάκις,
1778 740 1828 774 τὴν
1842 739 1871 765 δὲ

1085 787 1235 821 φθίνουσαν
1249 787 1297 814 καὶ
1308 787 1511 821 ἀπολήγουσαν,
1529 786 1662 820 ἔφασκεν·
1688 795 1698 811 ι
1724 787 1784 812 Οὐδ’
1797 782 1872 812 οὗτοι

1086 833 1140 858 εισι
1155 831 1211 858 θεοί
1225 840 1231 846 ·
1250 841 1259 857 ι
1276 832 1323 858 καὶ
1344 831 1501 866 μέντοιιτὴν
1521 831 1577 858 τῶν
1607 831 1717 866 ἄστρων
1739 831 1826 865 φοράν
1841 839 1871 857 τε

1049 861 1070 887 Β
1085 878 1131 904 καὶ
1149 877 1256 912 κίνησιν
1269 861 1507 912 πολυπραγμονῶν
1517 892 1551 897 --
1564 875 1599 912 ἦν
1628 861 1682 913 γὰρ
1704 861 1871 913 ἀστρονόμος

1085 923 1169 958 ἄκρος
1187 924 1218 950 ἐκ
1234 923 1281 950 τοῦ
1306 923 1410 957 πατρὸς
1433 923 1654 958 πεπαιδευμένος
1673 939 1708 944 --
1730 925 1778 950 καὶ
1803 925 1870 959 μήτε

1084 970 1128 995 διὰ
1138 969 1239 996 τούτου
1253 971 1322 1004 μήτε
1344 970 1398 1004 μὴν
1418 970 1450 996 δι’
1462 969 1551 996 ἄλλων
1564 970 1647 997 τινῶν
1663 970 1811 1006 ὁρωμένων
1825 970 1871 996 εὐ-

1086 1015 1187 1050 ρίσκων
1201 1015 1247 1042 τὸν
1259 1015 1361 1042 τούτων
1382 1015 1560 1051 δημιουργὸν,
1580 1015 1745 1051 ἐδυσχέρηνε
1767 1016 1871 1051 σφόδρα

1084 1062 1131 1088 καὶ
1145 1061 1258 1096 ἠθύμει,
1274 1058 1305 1088 οὗ
1318 1062 1365 1088 τὸν
1383 1062 1467 1089 πόθον
1482 1063 1529 1089 καὶ
1549 1064 1599 1097 τὴν
1616 1063 1765 1097 ἐπιθυμίαν
1779 1061 1840 1088 ἰδὼν
1857 1063 1871 1088 ὁ

1083 1107 1189 1138 πλάσας
1202 1107 1357 1142 καταμόνας
1367 1108 1478 1143 δετὰς
1488 1109 1603 1143 καρδίας
1617 1108 1695 1143 ήμῶν
1710 1109 1757 1134 καὶ
1769 1107 1870 1139 συνιεὶς

1083 1154 1122 1183 εἰς
1142 1153 1230 1179 πάντα
1243 1155 1277 1180 τά
1291 1153 1360 1188 ἔργα
1373 1154 1467 1187 αὑτοῦ,
1484 1154 1562 1190 ὤφθη
1576 1154 1652 1188 αὐτῷ
1675 1154 1723 1180 καὶ
1739 1153 1806 1188 πρὸς
1820 1153 1870 1188 τὴν

1084 1199 1136 1232 γῆν
1149 1200 1197 1233 τῆς
1207 1199 1375 1233 ἐπαγγελίας
1387 1201 1501 1236 πορείαν
1513 1200 1739 1234 παρεκελεύσατο
1751 1200 1837 1232 λέγων
1847 1199 1869 1214 ¹¹

1086 1254 1094 1271 ι
1117 1245 1207 1278 ἔξελθε
1221 1247 1253 1273 ὲκ
1279 1246 1330 1280 τῆς
1358 1247 1410 1282 γῆς
1433 1255 1480 1273 σου
1501 1248 1549 1274 καὶ
1570 1248 1602 1273 ὲκ
1628 1247 1679 1282 τῆς
1708 1247 1870 1280 συγγενείας

1084 1300 1130 1318 σου
1146 1293 1194 1318 καὶ
1208 1293 1240 1318 ὲκ
1251 1292 1298 1319 τοῦ
1311 1292 1387 1320 οἴκου
1399 1293 1447 1320 τοῦ
1464 1294 1567 1328 πατρός
1589 1303 1637 1320 σου
1659 1294 1706 1320 καὶ
1728 1293 1808 1327 δεῦρο
1828 1293 1868 1324 εἰς

1082 1338 1135 1373 γῆν
1151 1338 1184 1373 ἣν
1200 1338 1233 1365 ἄν
1246 1347 1288 1365 σοι
1303 1339 1393 1371 δείξω.
1413 1349 1422 1365 ι
1441 1340 1479 1374 (5)
1496 1341 1552 1368 Καὶ
1573 1340 1606 1375 δὴ
1625 1340 1802 1375 παραχρῆμα
1821 1339 1869 1366 λα’
1889 1374 1893 1377 _

1083 1385 1137 1411 σὼν
1156 1385 1191 1411 τὰ
1204 1385 1302 1411 εἴδωλα
1318 1386 1364 1412 καὶ
1381 1386 1415 1411 τὰ
1431 1386 1479 1420 μὲν
1491 1387 1605 1418 κλάσας,
1617 1386 1651 1412 τὰ
1662 1386 1689 1412 δὲ
1703 1387 1867 1420 ἐμπυρήσας
1890 1388 1892 1393 “

1082 1429 1216 1465 ἀνεχώρει
1233 1433 1303 1465 μετὰ
1317 1431 1364 1458 τοῦ
1379 1432 1484 1467 πατρὸς
1498 1431 1582 1458 αὑτοῦ
1600 1433 1631 1458 ὲκ
1650 1432 1702 1467 γῆς
1713 1432 1866 1464 Χαλδαίων,

1082 1477 1130 1502 καὶ
1151 1477 1204 1511 (9⁸1)
1223 1477 1311 1503 ἐλθὼν
1322 1478 1362 1509 εἰς
1374 1478 1486 1513 Χαρρὰν
1503 1478 1681 1513 ἐτελεύτησεν
1692 1479 1705 1504 ό
1717 1479 1808 1513 πατὴρ
1817 1479 1868 1504 αὐ-

243 1521 374 1552 dcbitam,
393 1527 474 1554 quam
505 1518 651 1546 Chanamei
680 1518 819 1553 tyranuice
842 1519 966 1546 tenebant
1000 1523 1029 1546 ut

1083 1521 1140 1548 τοῦ.
1168 1522 1223 1548 Καὶ
1249 1522 1367 1554 ἐξελθὼν
1387 1523 1493 1549 ἐκεῖθεν
1520 1523 1602 1550 πάλιν
1622 1525 1650 1549 ἐν
1672 1524 1741 1558 λόγῳ
1764 1524 1866 1557 Κυρίου

243 1571 343 1593 terram
362 1566 500 1592 hostilem.
516 1564 554 1592 De
564 1572 619 1599 quo
633 1564 758 1592 Clemens
774 1564 924 1597 Romanus,
939 1565 1028 1600 philo-

243 1613 346 1647 sophus
362 1617 388 1640 et
397 1612 487 1648 magni
499 1612 570 1639 Petri
586 1619 647 1639 vere
661 1611 821 1646 discipulus,
836 1611 873 1638 ita
891 1611 1027 1646 loquitur:

245 1671 254 1685 ‹
274 1661 342 1687 Cum
364 1660 449 1687 lames
475 1660 545 1687 facta
574 1664 656 1693 esset,
683 1660 774 1686 relicta
799 1663 870 1686 terra
886 1660 1027 1694 Chanaan,

243 1706 341 1732 Abram
367 1706 434 1732 abiit
453 1706 478 1731 in
505 1704 652 1740 Egyptum
675 1725 682 1732 .
711 1706 780 1732 Cum
801 1711 892 1732 autem
912 1713 1024 1733 uxorem

242 1752 300 1784 ejus
327 1751 394 1776 Sara
430 1759 475 1777 rex
496 1750 654 1777 Abimelech
673 1751 824 1784 rapuisset,
849 1752 939 1778 statim
957 1752 1029 1779 hunc

245 1796 314 1822 Deus
341 1796 506 1822 examinavit
535 1801 561 1822 et
581 1801 685 1823 terrore
720 1796 858 1830 perculit;
889 1798 971 1824 simul
1001 1803 1028 1825 et

245 1842 428 1868 membrorum
439 1842 595 1876 languorem
607 1841 723 1873 induxit,
732 1841 854 1877 dixitque
862 1842 886 1869 ci
897 1850 904 1869 :
914 1851 923 1868 ι
939 1843 1029 1871 Redde

243 1890 382 1915 mulierem
397 1888 467 1920 viro,
484 1888 546 1922 quia
556 1888 687 1922 propheta
706 1893 747 1915 est
757 1907 764 1919 ,
778 1892 805 1914 et
821 1889 910 1916 orabit
924 1897 971 1924 pro
984 1894 1010 1916 te
1020 1910 1027 1922 ,

244 1941 271 1961 et
287 1934 375 1961 \in‘s:
394 1934 416 1961 si
435 1941 499 1960 vero
514 1941 566 1961 non
583 1933 742 1966 reddideris,
761 1934 830 1961 scito
844 1935 916 1969 quod
929 1936 1029 1963 morie-

245 1982 282 2008 ris
300 1986 326 2007 tu
348 1987 375 2007 et
389 1987 558 2015 quaecunque
579 1979 626 2006 tibi
642 1985 715 2007 sunt.
729 1990 738 2006 ι
755 1980 787 2007 Ει
801 1981 837 2007 ita
861 1981 1027 2014 impollutam

244 2029 309 2055 Sara
323 2032 423 2062 recepit
440 2027 552 2057 Abram,
568 2031 594 2053 et
611 2031 736 2060 precatus
746 2031 802 2059 est,
822 2032 850 2054 et
866 2033 978 2054 sanatus
987 2032 1029 2055 est

242 2073 398 2100 Abimeleeh
407 2081 421 2100 a
432 2073 570 2107 languore,
578 2078 602 2099 ct
613 2079 708 2099 omnes
715 2073 855 2100 domestici
864 2073 944 2108 ejusa
952 2073 1028 2109 plaga

243 2127 323 2153 quam
341 2119 410 2146 Deus
427 2118 588 2145 immiserat.
601 2117 665 2145 ideo
676 2123 768 2153 postea
783 2123 911 2153 tanquam
923 2119 1027 2154 justum

241 2176 265 2193 e;
275 2165 321 2193 Dei
334 2173 441 2193 servum
451 2165 534 2191 coluit
545 2172 606 2192 eum
615 2172 673 2197 rex,
682 2170 708 2192 et
719 2165 839 2192 animum
864 2165 978 2192 advertit
994 2165 1028 2193 iis

242 2220 302 2246 qua:
328 2212 363 2238 ab
381 2212 426 2239 illo
438 2212 608 2244 dicebautur,
622 2217 649 2238 et
663 2211 791 2246 magister
809 2211 917 2246 pietatis
937 2216 964 2239 et
980 2213 1028 2238 do~
1044 2201 1066 2228 θ

242 2257 335 2282 ctrime
350 2256 436 2283 lactus
449 2261 491 2283 est
506 2255 627 2290 (Abram)
639 2256 782 2291 .Egyptiis.
797 2265 806 2282 ι
825 2257 931 2284 Primus
943 2257 1027 2290 enim,

244 2307 271 2328 ut
283 2303 317 2328 ait
329 2300 475 2336 Iosephus.
487 2302 585 2328 Abram
598 2307 747 2329 creatorem
761 2302 844 2330 Deum
860 2303 1027 2337 praedicavit,

243 2352 267 2373 rt
286 2347 389 2381 primus
399 2356 458 2374 cum
477 2349 502 2374 in
516 2348 661 2383 Egyptum
677 2349 872 2382 descendisset,
897 2349 1028 2376 arithme-

244 2393 325 2418 ticam
335 2397 360 2419 et
376 2393 570 2419 astronomiam
582 2393 684 2425 docuit,
699 2393 878 2428 amabilisque
893 2393 930 2420 ita
941 2398 968 2420 et
977 2393 1028 2420 ho-

243 2444 354 2467 noratus
365 2439 451 2468 factus
465 2445 517 2473 est,
527 2445 553 2467 et
563 2441 688 2476 dignatus
702 2445 742 2468 est
755 2447 801 2468 rex
816 2441 850 2467 ab
861 2440 906 2468 illo
922 2440 1027 2468 discere

242 2486 416 2520 astrologiam
425 2491 452 2513 et
469 2487 584 2520 magiam
596 2506 603 2518 ,
625 2490 716 2520 utpote
729 2486 786 2512 viro
801 2486 986 2513 eruditissimo
1001 2491 1028 2513 et

241 2530 385 2564 Chaldaeo;
414 2531 560 2567 astrologia
588 2530 660 2558 enim
677 2537 704 2558 et
730 2532 818 2566 magia
846 2539 860 2557 a
883 2531 1026 2566 Magusaais

1081 1565 1147 1602 ἦλθε
1169 1568 1218 1594 σὺν
1233 1569 1266 1602 τῇ
1282 1569 1393 1601 γυναικὶ
1406 1569 1489 1595 αὐτοῦ
1512 1569 1604 1605 Σάρρᾳ
1628 1569 1675 1595 καὶ
1704 1569 1743 1603 τῷ
1764 1569 1868 1603 ἀνεψιῴ

1080 1614 1163 1640 αὑτοῦ
1187 1614 1248 1640 Λὼτ
1271 1615 1340 1649 μετὰ
1362 1615 1452 1649 πάσης
1468 1616 1560 1642 αὐτῶν
1581 1616 1632 1649 τῆς
1651 1615 1809 1650 ἀποσκευῆς
1827 1616 1868 1647 εἷς

1079 1659 1129 1694 τὴν
1142 1660 1326 1695 όψειλομένην
1350 1661 1402 1694 γῆν
1426 1661 1548 1693 Χαναὰν,
1563 1660 1597 1696 ἣν
1617 1662 1642 1686 οἱ
1659 1661 1806 1687 Χαναναῖοι
1820 1670 1867 1686 τι-

1084 1705 1219 1740 ραννικῶς
1241 1705 1364 1740 ᾤκησαν,
1399 1707 1536 1741 πολεμικῇ
1565 1708 1735 1742 χρησάμενοι
1754 1707 1808 1741 βίᾳ,
1828 1707 1866 1741 (ις)

1081 1751 1148 1785 Περὶ
1160 1748 1191 1778 οὗ
1205 1751 1299 1785 μέντοι
1323 1752 1370 1778 καὶ
1386 1752 1529 1786 Κλήμηςὸ
1549 1753 1683 1787 Ῥωμαίος
1708 1753 1754 1778 καὶ
1778 1752 1867 1787 σοφῶ-

1079 1804 1160 1827 τοιτος
1180 1797 1226 1823 καὶ
1243 1797 1368 1832 μαθητὴς
1391 1797 1497 1832 Πέτρου
1529 1798 1576 1824 τοῦ
1599 1798 1719 1832 μεγάλου
1755 1800 1865 1831 γνήσιος

1079 1841 1166 1873 οὕτως
1182 1841 1234 1877 ἔφη
1251 1843 1290 1858 ⁸³·
1315 1853 1323 1868 ι
1346 1842 1435 1878 Λιμοῦ
1462 1843 1490 1869 δὲ
1532 1844 1680 1878 γενομένου
1710 1843 1867 1869 καταλιπὼν

1086 1888 1194 1924 Ἀσρὰμ
1207 1890 1255 1924 τὴν
1274 1889 1432 1915 Χαναναίαν
1443 1889 1505 1923 γῆν,
1524 1890 1563 1920 είς
1578 1890 1715 1923 Αῐγυπτον
1727 1890 1820 1924 ἀπῄει.
1836 1885 1867 1915 οὗ

1080 1935 1129 1970 τὴν
1148 1936 1266 1968 γυναῖκα
1283 1935 1392 1971 Σάρραν
1421 1935 1566 1970 Ἄϐιμέλεχ
1587 1936 1715 1970 ἀρπάσας
1744 1937 1757 1961 ὀ
1786 1937 1864 1969 βασι-

1080 1981 1153 2014 λεὺς,
1169 1981 1269 2008 αὐτίκα
1280 1982 1375 2008 τοῦτον
1389 1982 1403 2008 ὁ
1418 1981 1496 2013 Θεὸς,
1515 1982 1613 2012 ὲτὰσας
1634 1980 1682 2007 καὶ
1695 1980 1755 2007 λίαν
1778 1981 1866 2007 ἐκδει-

1081 2027 1221 2061 ματώσας,
1240 2027 1298 2062 ἃμα
1325 2027 1374 2053 καὶ
1404 2027 1522 2062 πάρεσιν
1552 2026 1607 2052 τῶν
1635 2026 1724 2061 μελῶν
1743 2026 1866 2058 ἐπάξας·

1082 2080 1092 2098 1
1116 2073 1227 2104 Ἀπόδος
1240 2073 1273 2106 ’⁵,
1290 2074 1355 2108 ἔφη,
1382 2073 1432 2107 τὴν
1446 2074 1565 2106 γυναῖκα
1594 2072 1633 2107 τῷ
1655 2072 1801 2106 ἀνθρώπῳ,
1825 2072 1868 2097 ὅτι

1080 2119 1223 2154 προφήτης
1239 2120 1306 2150 ἐστὶ,
1327 2119 1374 2145 καὶ
1392 2118 1574 2153 προσεύξεται
1601 2118 1666 2152 περὶ
1691 2117 1739 2143 σοῦ
1756 2117 1803 2142 καὶ
1817 2116 1868 2151 ζή-

1080 2173 1138 2196 σεις
1150 2173 1157 2180 ·
1174 2166 1198 2190 εί
1213 2164 1241 2191 δὲ
1255 2165 1292 2199 μὴ
1305 2164 1422 2199 ἀποδῷς,
1436 2165 1520 2198 γνῶθι
1534 2164 1575 2190 ὃτι
1591 2163 1714 2197 ἀποθανῇ
1729 2163 1760 2189 σὺ
1776 2163 1822 2188 καὶ
1833 2162 1867 2188 τά

1082 2212 1116 2239 σὰ
1142 2212 1241 2239 πάντα.
1267 2221 1277 2237 ι
1295 2211 1351 2237 Καὶ
1370 2211 1458 2241 οὕτως
1485 2208 1630 2236 ἀπολαὸὼν
1655 2210 1669 2234 ὁ
1687 2207 1798 2243 Ἀϐραμ
1819 2208 1868 2242 τὴΙ

1080 2259 1188 2294 Σάρραν
1201 2257 1334 2293 ἀμίαντον
1348 2258 1394 2283 καὶ
1408 2256 1638 2292 προσευξάμενος,
1656 2255 1718 2289 ἰάθη
1733 2255 1781 2289 τῆς
1799 2263 1869 2290 πιρ-

1085 2306 1170 2336 έσεως
1185 2304 1199 2331 ὃ
1218 2312 1248 2330 τε
1271 2303 1418 2338 Ἀϐιμέλεχ
1445 2304 1493 2329 καὶ
1512 2302 1614 2333 πάντες
1635 2301 1661 2327 οί
1692 2302 1721 2326 ὲν
1738 2300 1777 2335 τῷ
1801 2301 1869 2334 οῐκῳ

1080 2349 1163 2376 αὐτοῦ
1180 2350 1212 2375 ὲκ
1227 2349 1276 2383 τῆς
1288 2348 1420 2383 θεηλάτου
1435 2347 1557 2383 πληγῆς,
1574 2355 1582 2372 ι
1603 2347 1641 2382 (7)
1661 2345 1744 2372 ’Ὀθεν
1759 2344 1791 2379 δὴ
1811 2344 1868 2370 λοι-

1081 2395 1131 2422 πὸν
1145 2395 1182 2426 ὼς
1200 2395 1306 2421 δίκαιον
1322 2394 1418 2421 ἔκτοτε
1440 2394 1488 2420 καὶ
1507 2393 1554 2419 τοῦ
1580 2391 1648 2419 Θεοῦ
1663 2384 1758 2417 δούλαν
1779 2390 1869 2424 τιμῶν

1081 2441 1162 2468 αὑτὸν
1176 2442 1190 2467 ό
1201 2440 1328 2476 βασιλεὺς
1345 2439 1393 2466 καὶ
1408 2438 1550 2474 προσέχων
1565 2438 1620 2468 τοῖς
1634 2437 1679 2463 ὑπ’
1694 2435 1777 2462 αὑτοῦ
1793 2435 1871 2468 λεγο-

1083 2485 1186 2520 μένοις,
1202 2485 1364 2516 διδάσκαλος
1380 2483 1522 2515 εὐσεὸείας
1553 2483 1599 2510 καὶ
1622 2481 1804 2515 πολυπειρίας
1821 2481 1870 2506 Λί-

1081 2533 1207 2566 γυπτίοις
1224 2531 1342 2565 ἐγένετο.
1366 2541 1375 2557 ι
1396 2530 1509 2566 Πρῶτος
1527 2529 1592 2564 γὰρ,
1615 2528 1653 2560 ὥς
1681 2536 1748 2563 φησι
1772 2526 1868 2554 Ἰώση-

844 2654 944 2685 Variae
960 2653 1112 2685 lectiones
1134 2656 1164 2684 et
1187 2656 1281 2683 note).

276 2741 460 2776 "mana.
499 2742 520 2758 η
539 2751 568 2768 π.
589 2751 613 2769 τ.
628 2741 653 2768 ἀ.
668 2741 768 2768 Pana.
808 2741 831 2758 ὀ
845 2741 982 2776 διαφόρως
997 2740 1137 2774 κτίσματα
1153 2737 1410 2776 λαιετερρῡνῖας,ιεαι
1432 2735 1571 2776 φερειν
1592 2732 1753 2776 MM-
1780 2732 1867 2776 ’.ἱπξς

242 2777 285 2801 καῖ
301 2767 480 2810 λατρεύοντας
495 2767 568 2804 Par;
595 2767 616 2792 ἦ
631 2767 768 2806 etiam;
785 2777 809 2804 l.
849 2777 872 2792 ²³
890 2767 1025 2807 Cléntens,
1045 2767 1133 2810 τὲως.
1163 2767 1283 2810 ιξὸἵῂζιξ
1299 2767 1394 2810 tle-his
1418 2767 1590 2810 ttiltil_'_liabet
1616 2777 1666 2810 nec
1690 2768 1754 2810 alibi
1768 2767 1812 2794 ubi
1833 2767 1868 2793 de

244 2804 392 2837 imm.an
408 2804 505 2846 agitur.
544 2813 566 2828 υ
582 2811 648 2839 Gen.
667 2820 714 2845 χιι,
740 2804 789 2845 to;
810 2821 852 2843 υς,
867 2812 895 2845 2,
915 2812 979 2839 Ced.
1007 2804 1296 2843 52,11,"55,19—56,s,
1319 2807 1396 2843 Glyc.
1416 2806 1567 2839 ᾔειν-ει
1592 2804 1749 2838 eJoseplm.
