2030 3152
251 174 310 205 ’153

861 171 1021 202 GEORGII
1043 171 1264 202 HAMARTOLI

1831 171 1880 202 lii

258 236 378 258 attamen
390 229 516 256 homines
530 227 631 263 aliquid
645 227 671 254 in
696 226 793 262 seipsis
807 227 908 254 ltabent
921 227 1037 254 liberum

1097 236 1141 259 νος
1152 227 1200 254 τοῦ
1213 228 1342 260 θανάτου,
1357 228 1441 263 φησὶν
1464 229 1478 255 ό
1495 228 1624 263 βασιλεύς
1636 236 1642 242 ·
1662 236 1672 254 ι
1703 227 1774 261 Ἐγὼ
1794 229 1880 263 σήμε-

256 277 391 305 nativitati
404 283 457 302 non
471 274 617 308 subjacens
627 281 659 301 eo
670 274 741 308 quod
757 274 902 307 nativitate.
912 273 983 300 istud
996 281 1044 300 an-

258 324 360 357 tiquius
369 322 414 353 sit;
427 326 453 347 et
465 320 530 346 illud
547 324 588 346 est
602 319 630 345 in
644 318 801 345 hominibus
812 318 896 345 libera
906 322 1042 352 potestas,

251 376 345 404 quaeva
367 367 507 394 Deonobis
521 366 583 393 data
602 372 655 396 est,
671 373 724 399 qua
737 364 824 392 brutis
834 364 1039 399 pmstantiores

256 415 315 450 ipsa
337 412 518 441 interficiendi
532 417 634 439 -natura
648 411 783 438 licentiam
804 411 946 438 habemus.
962 411 1044 438 Nobis

255 461 300 495 qui
327 459 411 486 nostri
438 457 509 491 juris
539 464 634 484 sumus
648 461 674 483 tu
693 458 864 491 praestantior
875 463 924 488 es,
944 457 990 491 qtti
1016 457 1042 482 in

255 512 306 532 nos
333 503 468 530 licentiam
492 502 587 530 habes.
617 501 852 534 Quemadmodum
882 502 962 536 igitur
993 509 1043 529 nos

257 550 365 582 brutis,
390 557 451 577 euut
476 549 602 576 meliores
619 549 717 579 simus,
736 548 912 582 imperamus,
930 549 966 575 ita
992 555 1044 575 no-

257 597 312 627 bis,
331 600 358 622 tu
381 602 445 628 rex,
469 602 530 621 cuin
557 593 731 628 praestantior
754 594 811 626 sis,
831 593 908 627 juxta
934 593 1042 628 itnperii

258 642 389 669 rationem
407 641 543 668 licentiam
561 639 654 672 habes,
671 647 724 665 non
736 640 814 673 quasi
831 644 857 666 te
873 640 1044 673 praestantior

252 688 291 716 sit
316 687 420 719 homo,
448 686 494 713 sed
519 685 590 712 Deus
607 685 749 712 invisibilis
765 685 887 711 otuniutu
906 686 994 712 factor
1015 690 1044 713 et

250 733 419 760 ~Dominnsa
444 739 499 766 quo
529 731 593 766 quid
617 730 742 765 expediat
761 737 851 765 petere
877 733 1015 760 convenit.
1030 742 1039 758 ι

249 780 322 807 Cum
338 780 423 806 multa
438 779 540 806 similia
551 778 665 805 dixisset
679 777 778 803 A'braut
791 778 938 812 spectantia
953 783 1039 806 astro-

255 825 353 859 logiam
368 845 375 857 ,
393 832 455 859 rege
476 824 659 858 approbante,
684 822 784 848 multos
799 830 831 849 ex
848 822 983 858 {Egyptiis
1005 829 1042 852 at-

255 871 338 897 traxit
355 870 388 897 ad
409 870 566 904 religionem
582 873 610 896 et
626 868 722 895 falsam
739 876 833 895 eorum
847 870 990 898 scientiam
1008 871 1041 898 de

1096 283 1143 309 ρον
1160 275 1254 301 τοῦτον
1270 274 1417 307 ἀπαλλάξω
1429 275 1475 301 τοῦ
1487 274 1530 301 διὰ
1543 273 1629 308 πυρὸς
1645 274 1771 305 Θανάτου,
1785 274 1882 300 κελεύ-

1094 329 1144 352 σας
1161 320 1238 347 ὕδατι
1259 321 1342 348 αὑτὸν
1369 321 1561 357 ἀναιρεθῆναι,
1588 321 1633 348 ἴνα
1654 321 1720 356 ὑμῖν
1734 322 1809 356 ἔργῳ
1827 330 1882 348 πα-

1095 368 1223 402 ραστήσω
1246 368 1398 403 προδήλως,
1425 369 1467 395 ὅτι
1486 368 1601 395 δύναταί
1631 377 1657 395 τι
1676 369 1752 403 παρὰ
1772 369 1881 403 γένεσιν

1094 412 1232 446 γενέσθαι·
1250 422 1260 440 ι
1280 414 1327 440 καὶ
1341 413 1427 445 οὓτως
1440 414 1556 450 ήλεγξεν
1571 414 1662 441 αὐτῶν
1682 412 1712 441 εὖ
1737 415 1810 449 μάλα
1831 415 1882 450 τὴν

1094 457 1159 492 περὶ
1172 458 1227 484 τῶν
1245 459 1349 494 χρόνων
1364 460 1429 496 περὶ
1441 460 1492 495 τῆς
1509 460 1582 495 ζωῆς
1597 459 1752 496 πρόρρησιν
1770 461 1818 487 καὶ
1831 460 1882 494 τῆς

1094 503 1225 538 τελευτῆς
1247 505 1396 539 ἀπόφασιν.
1427 505 1642 540 Ἡσυχασάυτων
1661 504 1709 532 οὖν
1729 506 1850 538 πάντων,
1867 508 1882 533 ὸ

1096 551 1208 587 ’τΔϐραμ
1219 551 1266 578 τοῦ
1281 551 1372 586 λέγειν
1385 551 1504 587 ἡρξατοο
1523 561 1532 578 t
1550 552 1671 586 Μέγιστε
1691 553 1738 578 καὶ
1763 552 1881 587 φιλαλη-

1095 597 1208 623 θέστατε
1217 597 1342 632 βασιλεῦ,
1354 598 1449 633 ἐπειδὴ
1463 598 1520 633 ὁρῶ
1535 606 1565 624 σε
1578 597 1756 633 φροντίζοντα
1777 599 1881 634 σφόδρα

1093 644 1143 678 τῆς
1158 644 1343 679 προκειμένης
1357 643 1513 679 ζητήσεως,
1530 645 1561 671 τὸ
1575 644 1757 679 ἀληθέστερον
1770 645 1825 678 ἐγὼ
1840 653 1882 672 σοι

1095 689 1206 724 παρέξω
1233 689 1267 716 δι’
1299 690 1447 725 ἐπιτομῆς,
1467 689 1610 725 ἀληθεύων
1626 691 1656 717 ὲν
1667 691 1762 722 πᾶσιν,
1777 691 1813 722 ὼς
1831 691 1881 726 τῆς

1096 735 1227 770 ἀληθείας
1241 736 1325 767 ὅντως
1343 735 1446 768 δοῦλος.
1462 745 1472 762 ›
1491 736 1545 763 Τοῦ
1556 736 1584 763 δὲ
1599 736 1733 772 βασιλέως
1745 737 1880 769 εἰπόντος’

1098 791 1108 807 t
1128 782 1260 818 Μεγάλην
1277 791 1321 817 μοι
1342 782 1444 818 ταύτην
1466 784 1593 818 ποιήσεις
1622 784 1714 819 χάριν,
1735 793 1744 809 ι
1771 784 1854 818 φησὶν
1867 785 1881 810 ό

1098 828 1210 864 ἾΔϐραμ.
1222 837 1228 844 ·
1241 838 1250 854 ι
1265 829 1303 855 Ui:
1317 829 1396 863 μόνον
1410 829 1435 855 οί
1446 828 1599 864 ἄνθρωποι,
1609 829 1736 856 ἀλλὰ-καὶ
1748 830 1782 855 τα
1795 830 1881 863 ἄλογα

1096 874 1153 907 ζῶα
1167 875 1272 907 γενέσει
1289 875 1446 901 ὑπόκεινται
1459 882 1466 889 '
1481 875 1507 901 οί
1528 875 1620 910 μέντοι
1634 875 1773 910 ἄνθρωποι
1788 875 1881 911 ἔχουσί

255 916 401 950 astrologia
427 920 454 942 et
471 915 558 950 magia
583 914 863 943 etncndavitdicens:
888 927 897 941 ι
914 917 1039 951 Magnum

1096 929 1123 947 τι
1139 922 1168 947 ὲν
1182 921 1289 951 ἑαυτοῖς
1309 920 1462 955 ἐλεύθερον,
1486 921 1595 954 γενέσει
1618 920 1656 955 μὴ
1683 921 1877 956 ὑποκείμενον,

256 962 404 989 discrimen
426 966 484 994 est,
521 968 537 987 ο
561 960 621 992 viri,
661 960 731 987 inter
757 962 900 988 veritatem
926 967 953 989 et
971 971 1039 990 con-

252 1008 444 1039 suetudinem;
461 1007 559 1034 veritas
575 1007 659 1038 enitn,
675 1014 737 1034 cum
765 1008 871 1035 sincere
897 1010 1039 1043 quaeritur,

249 1054 365 1081 omnino
392 1053 548 1086 invenitur;
577 1053 746 1080 consuetudo
775 1061 839 1080 vero
861 1054 920 1082 sive
943 1063 1041 1082 secun-

252 1101 316 1127 dum
344 1101 497 1133 veritatem,
521 1100 578 1127 sive
603 1101 752 1127 secundum
774 1099 942 1134 falsitatem,
971 1102 1040 1130 citra

248 1146 385 1181 iudicium
422 1153 470 1181 per
505 1145 622 1180 seipsam
652 1145 849 1179 confirmatur,
880 1151 907 1173 et
930 1147 977 1180 qtti
1009 1148 1042 1174 il-

250 1193 308 1221 lam
336 1193 455 1228 suscepit
481 1201 514 1220 tte
548 1193 660 1219 veritate
695 1193 804 1227 quidem
835 1194 952 1227 gaudet,
990 1203 1040 1223 nec

253 1241 323 1269 false
336 1241 512 1277 indignatur;
530 1248 584 1267 non
600 1241 673 1267 enim
696 1240 809 1275 judicio,
829 1242 875 1268 sed
893 1242 1037 1277 anticipata

254 1288 395 1321 opinione.
408 1288 432 1315 is
444 1294 574 1314 assensus
585 1291 627 1314 est
637 1287 778 1314 sententiae
801 1295 896 1314 eorum
914 1289 959 1323 qui
974 1294 1037 1316 ante

253 1341 282 1360 sc
291 1333 412 1365 fuerunt,
425 1333 533 1361 incerta:
543 1333 658 1360 fortunae
666 1341 715 1360 sua
728 1334 814 1369 ipsius
824 1342 871 1369 spe
882 1336 1039 1363 commissa.

252 1377 346 1414 Neque
362 1379 418 1414 jam
435 1378 514 1406 facile
540 1379 657 1413 patrium
679 1379 816 1414 deponere
832 1380 1036 1412 vestimentum,

252 1425 316 1452 licet.
343 1432 458 1460 prorsus
486 1425 511 1452 ei
538 1430 707 1453 monstretur
734 1426 879 1454 stultitiam
907 1427 958 1454 ltoc
979 1420 1063 1455 esse.

253 1471 310 1498 risu
328 1471 449 1506 dignam.
471 1471 602 1506 Equidem
617 1471 677 1498 sine
691 1479 766 1498 mora
785 1471 854 1499 hanc
872 1480 1039 1507 paganorum

251 1517 424 1552 disciplinam
447 1521 476 1544 et
501 1517 764 1552 nugacitatem-mali
787 1516 921 1545 «Immonis
947 1519 1039 1553 perni-

251 1563 436 1591 ciosissimam
453 1563 654 1598 suggestionem
673 1571 733 1590 esse
747 1563 826 1595 dico,-
842 1564 952 1598 quidam
967 1566 1038 1591 enim

1095 966 1191 993 καθότι
1205 966 1255 1001 τῆς
1269 966 1402 999 γενέσεως
1413 967 1503 993 ἐκεῖνο
1514 967 1711 1003 πρεσϐύτερον,
1728 967 1796 1003 ὅπερ
1808 968 1881 994 ἐστὶν

1093 1013 1122 1038 ἐν
1139 1012 1294 1047 ἀνθρώποις
1308 1012 1528 1047 αὑτεξουσιότης,
1555 1013 1617 1047 ἥτις
1632 1014 1664 1040 ἐκ
1681 1013 1749 1040 Θεοῦ
1772 1013 1880 1040 δοθεῖσα

1095 1059 1172 1092 ἡμῖν,
1189 1058 1251 1084 ὅθεν
1276 1059 1334 1084 τῶν
1351 1058 1457 1092 ἀλόγων
1474 1059 1625 1094 κρείττους
1652 1059 1729 1091 ὄντες
1750 1060 1801 1086 καὶ
1818 1061 1879 1087 κατ’

1094 1103 1221 1136 ἐξουσίαν
1256 1104 1380 1138 ἀναιρεῖν
1408 1105 1459 1138 μὲν
1490 1105 1573 1139 ἡμεῖς
1599 1104 1670 1131 αὺτά
1703 1104 1878 1140 πεφύκαμεν·

1098 1150 1177 1186 ἡμῶν
1208 1150 1238 1176 δὲ
1257 1151 1307 1184 τὴν
1339 1149 1463 1181 ἐξουσίαν
1481 1150 1572 1176 αὐτῶν
1596 1151 1724 1184 ἐχόντων,
1742 1151 1774 1177 σὺ
1798 1150 1880 1177 πόλιν

1094 1197 1226 1232 κρείττων
1240 1196 1263 1212 ³⁵
1275 1196 1418 1230 ὑπάρχεις,
1434 1195 1514 1230 ἡμῶν
1528 1195 1598 1230 ἔχων
1614 1197 1663 1230 τὴν
1678 1196 1812 1230 ἐξουσίαν.
1836 1196 1880 1227 Ὧς

1093 1242 1139 1271 οὖν
1174 1244 1256 1278 ἡμεῖς
1281 1243 1536 1278 καταλογικώτερον
1569 1242 1624 1269 τῶν
1658 1243 1766 1276 ἀλόγων
1789 1242 1878 1275 ζώων,

1093 1291 1205 1325 ἄμεινον
1219 1289 1308 1321 ὄντες,
1331 1290 1464 1324 ἄρχομεν,
1484 1289 1573 1320 οὕτως
1590 1289 1671 1324 ἡμῶν
1688 1290 1733 1321 σὺ,
1750 1289 1878 1323 βασιλεῦ,

1092 1333 1226 1370 κρείττων
1250 1335 1272 1349 ¹⁹
1300 1334 1441 1369 ὑπάρχων,
1464 1335 1539 1361 κατὰ
1556 1334 1604 1361 τὸν
1625 1334 1677 1369 τῆς
1694 1335 1781 1369 ἀρχῆς
1800 1334 1880 1367 λόγον

1092 1382 1142 1415 τὴν
1157 1381 1282 1412 ἐξουσίαν
1305 1380 1389 1414 ἔχεις,
1406 1380 1502 1415 ὥσπερ
1568 1379 1615 1406 καὶ
1640 1380 1688 1407 σοῦ
1706 1381 1841 1415 »κρείττων
1857 1380 1880 1396 ⁸³

1092 1427 1143 1453 οὐκ
1161 1426 1317 1462 ἄνθρωπος,
1332 1426 1390 1453 ἀλλ’
1404 1428 1418 1454 ὁ
1431 1426 1498 1458 Θεὸς
1522 1427 1535 1452 ὁ
1552 1427 1670 1461 ἀόρατος
1691 1426 1740 1453 καὶ
1763 1426 1880 1461 ποιητὴς

1091 1472 1202 1500 πάντων
1214 1472 1264 1499 ικαὶ
1277 1472 1425 1507 δεσπότης,
1439 1471 1506 1506 παρ’
1518 1469 1548 1498 οὗ
1565 1472 1612 1498 καὶ
1626 1472 1655 1498 τὸ
1671 1471 1812 1507 συμφέρον
1833 1471 1881 1497 αἰ-

1091 1517 1197 1544 τεῖσθαι
1225 1519 1369 1553 προσήκει.
1393 1527 1402 1543 ι
1421 1517 1509 1544 [Ιολλά
1528 1517 1557 1543 δέ
1583 1525 1612 1552 γε
1634 1517 1745 1544 τοιαῦτα
1770 1517 1850 1550 λέξας
1865 1517 1880 1543 ὁ

1093 1564 1206 1599 Ἀϐραμ
1225 1565 1267 1595 είς
1281 1564 1327 1591 τὸν
1343 1563 1393 1598 τῆς
1408 1563 1588 1599 ἀστρολογίας
1603 1563 1702 1590 σκοπὸν
1717 1563 1757 1598 τῷ
1771 1563 1881 1598 βασιλεῖ

251 1618 284 1638 ex
308 1610 362 1637 illis
379 1609 480 1637 multos
495 1609 561 1637 deos
580 1609 790 1637 introduxerunt
803 1615 834 1637 et
850 1611 899 1637 ltus
917 1612 984 1637 viles
1012 1617 1038 1638 rt

1093 1610 1286 1646 χαριζόμενος,
1307 1610 1422 1642 πολλοὺς
1445 1610 1500 1637 τῶν
1523 1610 1684 1644 Δίγυπτίων
1704 1610 1880 1636 ἐπεσπάσατο

252 1657 382 1684 omnibus
399 1656 595 1691 cupiditatibus
626 1655 744 1690 deditos,
770 1661 800 1682 ut
819 1657 912 1684 volens
940 1658 1039 1692 aEiquis

253 1702 354 1729 similia
380 1709 462 1736 agere
493 1709 547 1728 non
565 1702 719 1733 erubescat.
743 1702 813 1736 quod
838 1703 956 1730 beluinis
976 1711 1040 1737 pro-

255 1747 343 1782 prium
355 1753 397 1774 est
411 1747 550 1781 exemplar
573 1748 676 1774 habens
689 1748 839 1782 pessimam
866 1754 893 1774 et
922 1749 1040 1775 inhone-

256 1796 327 1819 stam
350 1792 433 1819 vitant
452 1792 586 1819 falsorum
601 1792 709 1819 illorum
725 1794 849 1824 deorum,
879 1793 1040 1828 sublatoque

254 1838 359 1873 pudore
386 1845 419 1865 tte
437 1838 603 1872 poenitentia:
625 1838 736 1872 quidem
763 1845 839 1874 spem
850 1838 900 1866 ille
928 1839 1040 1866 omnino

254 1885 367 1920 praebet.
385 1884 438 1911 Alii
452 1891 516 1911 vero
534 1883 585 1910 fati
600 1883 663 1911 [icto
680 1891 785 1916 errore,
799 1884 872 1912 aliud
889 1885 1040 1912 nativitatis

255 1930 365 1957 nomine
381 1930 440 1957 sine
455 1937 508 1964 qua
522 1929 590 1957 nihil
601 1929 656 1964 pati
672 1934 720 1957 aut
731 1929 821 1958 facere
837 1930 936 1965 aliquis
944 1931 1035 1966 possit

254 1977 374 2004 absurde
393 1975 525 2011 ellingunt
549 1976 641 2003 ethoc
659 1975 718 2011 ipso
746 1983 839 2003 errore
855 1980 882 2003 et
903 1977 1041 2012 impietate

253 2022 392 2050 offendunt
405 2030 414 2056 ;
436 2022 459 2049 si
473 2021 609 2056 putaverit
625 2021 698 2048 enim
717 2021 817 2056 aliquis
830 2026 929 2056 prater
943 2023 1041 2050 nativi-

254 2072 348 2101 tatem,
366 2068 423 2095 sive
443 2067 540 2100 fatutn,
560 2067 626 2094 nihil
641 2067 781 2094 hominem
806 2068 859 2102 pati
872 2073 920 2095 aut
952 2068 1042 2096 faeere

252 2122 344 2153 posse,
362 2114 441 2142 facile
455 2113 606 2149 pecudibus
620 2114 718 2141 similis
731 2113 764 2141 ad
781 2119 891 2149 peccata
905 2114 1039 2142 deﬂectet.

254 2160 287 2188 Et
303 2164 365 2195 post
385 2164 495 2195 peccata
507 2166 561 2186 non
581 2159 656 2186 illum
671 2160 785 2194 poenitet
811 2159 972 2194 impietatis,
989 2167 1040 2186 cx-

253 2207 422 2235 cusationem
449 2205 596 2233 absurdam
623 2204 780 2237 habentem,
809 2205 952 2233 nativitate
963 2213 993 2233 se
1006 2206 1040 2232 ad

254 2253 305 2280 ista
326 2252 449 2280 facienda
468 2257 604 2278 coactum.
629 2250 765 2278 Caeterum
797 2251 845 2285 qui
868 2251 1038 2279 nativitatem
1056 2265 1078 2294 η

253 2299 391 2334 corrigere
405 2297 509 2333 nequit,
519 2298 592 2325 hunc
603 2305 657 2325 non
670 2297 753 2332 pudet
764 2305 902 2332 peccasse.
914 2297 966 2324 Alii
974 2305 1038 2326 vero

253 2344 440 2372 inconsultum
457 2344 603 2379 impulsum
630 2343 772 2376 inducunt,
795 2343 917 2371 dicentes
946 2345 1038 2371 omnia

254 2395 356 2418 temere
370 2389 521 2418 consistere
531 2394 558 2417 et
571 2389 635 2416 ferri
658 2389 732 2416 ttullo
758 2389 872 2423 juvante
883 2389 997 2416 domitto
1012 2395 1039 2416 ct

253 2442 369 2465 rectore.
384 2437 492 2464 idcirco
501 2437 572 2464 haud
582 2436 671 2470 facile,
680 2445 714 2463 ne
723 2436 812 2464 dicam
823 2444 974 2471 nunquatn,
992 2436 1038 2470 qui

253 2484 316 2511 talia
334 2484 455 2511 sentiunt
472 2483 652 2511 emendantur
667 2487 694 2510 et
708 2483 741 2509 ad
769 2482 930 2517 sapientiam
959 2482 1040 2509 redu-

254 2533 366 2556 cuntur.
378 2537 387 2554 ι
404 2528 459 2556 ltex
472 2535 636 2562 magnopere
647 2527 766 2554 laudavit
780 2534 854 2559 eum,
866 2527 900 2554 ab
913 2527 1041 2554 omnibus

253 2575 385 2609 siquidem
403 2575 429 2602 in
447 2573 628 2602 admiratione
643 2573 736 2600 haberi
752 2571 855 2604 videns,
871 2577 895 2599 cl
915 2572 1040 2600 maximis

1093 1658 1133 1688 είς
1160 1655 1329 1688 θεοσέϐειαν,
1359 1655 1408 1682 καὶ
1418 1655 1469 1690 τὴν
1493 1654 1670 1690 ὲσφαλμένην
1698 1654 1766 1690 (10⁵)
1789 1654 1879 1681 αὐτῶν

1091 1702 1193 1736 γνῶσιν
1210 1702 1258 1727 καὶ
1278 1701 1405 1728 παιδείαν
1420 1701 1485 1736 περὶ
1502 1700 1684 1737 ἀστρολογίας
1697 1701 1745 1727 καὶ
1762 1700 1879 1735 μαγείας

1090 1747 1265 1781 διωρθώσατο
1282 1747 1394 1780 φάσκων
1404 1755 1411 1762 ·
1432 1756 1441 1772 ι
1463 1747 1550 1782 Πολλή
1565 1755 1618 1778 τις,
1635 1743 1659 1773 ὦ
1672 1747 1780 1782 ἄνδρες,
1793 1748 1809 1780 ὴ
1821 1746 1880 1773 δια-

1092 1792 1163 1827 φορὰ
1178 1793 1251 1818 ἐστιν
1267 1792 1397 1827 ἀληθείας
1412 1793 1460 1819 καὶ
1474 1792 1635 1827 συνηθείας·
1650 1793 1667 1828 ἡ
1685 1793 1735 1828 μὲν
1746 1792 1801 1827 γὰρ
1810 1792 1881 1826 ἀλή-

1092 1838 1152 1864 θεια
1173 1838 1291 1873 γνησίως
1310 1838 1465 1874 ζητουμένη
1486 1838 1595 1870 πάντως
1613 1839 1783 1874 εὑρίσκεται,
1800 1838 1831 1865 τὸ
1849 1838 1879 1865 δὲ

1091 1882 1152 1914 ἔθος
1159 1884 1250 1910 ὁποῖον
1264 1883 1297 1910 ἂν
1310 1883 1476 1919 παραληφθῇ
1493 1884 1548 1910 εἴτε
1560 1883 1679 1918 ἀληθῶς,
1693 1883 1748 1909 εἴτε
1761 1882 1878 1916 ψευδῶς,

1091 1929 1211 1964 ἀκρίτως
1240 1930 1284 1963 ὑφ’
1304 1928 1405 1955 ἑαυτοῦ
1433 1929 1612 1964 κρατύνεται,
1624 1929 1672 1955 καὶ
1695 1928 1757 1955 οὔτε
1783 1928 1882 1963 ἀληθεῖ

1092 1975 1167 2010 αὐτῷ
1181 1975 1202 1990 ³³
1218 1975 1313 2010 ἥδεται
1327 1976 1341 2001 ό
1354 1975 1534 2010 παραλαϐὼν,
1548 1974 1605 2010 69
1617 1974 1679 2001 οὔτε
1689 1974 1728 2006 ὡς
1743 1974 1841 2009 ψευδὲς
1856 1975 1878 1991 ³¹

1092 2020 1205 2054 ἀχθεται
1219 2027 1226 2035 ·
1244 2020 1276 2046 οὐ
1293 2020 1348 2054 γὰρ
1364 2020 1467 2055 κρίσει,
1483 2019 1553 2046 ἀλλὰ
1578 2019 1714 2055 προλήψει
1728 2020 1743 2046 ὀ
1758 2019 1880 2050 τοιοῦτος

1092 2065 1259 2092 πεπίστευκε
1273 2065 1372 2102 γνώμῃ
1383 2065 1438 2093 τῶν
1467 2065 1521 2101 πρὸ
1541 2065 1636 2097 αὐτοῦ,
1647 2066 1691 2092 ἐπ’
1703 2065 1793 2100 ἀδήλῳ
1810 2064 1881 2101 τύχῃ

1092 2113 1142 2148 τὴν
1158 2113 1228 2140 ίδίαν
1254 2113 1428 2144 ἐπιδεδωκὼς
1454 2113 1563 2141 ἐλπίδα.
1583 2112 1640 2139 Καὶ
1657 2112 1751 2139 οὐκέτι
1778 2111 1880 2147 ῥᾳδίως

1092 2160 1281 2187 ἀποδύσασθαι
1296 2160 1345 2196 τὴν
1355 2161 1469 2194 πάτριον
1482 2159 1641 2195 περιϐολὴν,
1655 2159 1707 2185 κᾶν
1718 2158 1789 2185 πάνυ
1804 2156 1881 2191 αὑτῷ

1091 2207 1230 2234 δείκνυται
1261 2207 1351 2242 μωρία
1377 2207 1425 2233 καὶ
1451 2206 1656 2240 καταγέλαστος
1672 2203 1751 2232 οὖσα.
1776 2203 1882 2230 Αὐτίκα

1092 2253 1138 2280 οὖν
1151 2253 1207 2287 ἐγὼ
1222 2252 1271 2288 τὴν
1284 2253 1351 2288 παρ’
1368 2253 1504 2288 Ἐλλήνων
1517 2252 1643 2278 παιδείαν
1659 2251 1706 2278 καὶ
1725 2249 1882 2285 φληναφίαν

1093 2298 1180 2326 κακοῦ
1193 2298 1321 2334 δαίμονος
1334 2298 1533 2333 χαλεπωτάτην
1549 2298 1679 2324 ὑπόθεσιν
1701 2293 1772 2323 εἶναι
1787 2295 1861 2328 λέγω
1873 2302 1880 2308 ·

1093 2346 1118 2372 οἱ
1135 2347 1184 2381 μὲν
1211 2345 1266 2381 γὰρ
1281 2344 1372 2371 αὐτῶν
1388 2344 1503 2376 πολλοὺς
1529 2343 1608 2375 θεοὺς
1627 2342 1811 2378 εἰσηγήσαντο
1833 2340 1883 2367 καὶ

1092 2391 1205 2423 τούτους
1216 2391 1336 2425 φαύλους
1351 2391 1399 2417 καὶ
1419 2391 1614 2422 παντοπαθεῖς,
1636 2389 1679 2416 ἵνα
1705 2390 1719 2415 ὁ
1747 2388 1781 2414 τά
1799 2387 1882 2422 ὃμοια

1093 2437 1225 2473 πράττειν
1238 2437 1338 2464 ἐθέλων
1359 2436 1427 2472 μηδὲ
1441 2437 1548 2472 αἰδῆται
1563 2437 1597 2469 ³³,
1610 2436 1679 2470 ὅπερ
1691 2435 1758 2462 ἴδιον
1773 2434 1880 2468 ἀνθρώ-

1094 2491 1158 2516 που,
1175 2482 1352 2518 παράδειγμα
1369 2482 1424 2509 τῶν
1449 2482 1694 2518 μυθολογουμένων
1719 2481 1789 2507 θεων
1810 2480 1882 2515 ἔχων

1092 2529 1156 2560 τοὺς
1170 2528 1317 2560 κακίστους
1331 2529 1378 2555 καὶ
1393 2529 1532 2564 ἀσέμνους
1546 2528 1634 2563 βίους,
1655 2527 1696 2563 τῷ
1710 2527 1733 2544 ³⁸
1748 2527 1778 2554 δὲ
1791 2526 1829 2562 μὴ
1844 2526 1883 2552 αἱ-

1092 2575 1197 2602 δεϊσθαι
1213 2575 1275 2601 οὐδὲ
1293 2575 1440 2610 μετανοίας
1464 2574 1561 2602 ἐλπίδα
1592 2574 1703 2606 πάντως
1723 2574 1738 2600 ὸ
1757 2572 1882 2604 τοιοῦτος

849 2699 946 2730 νιπὶίε
961 2699 1114 2732 lectiones
1135 2704 1166 2732 et
1187 2705 1282 2733 notae.

289 2814 311 2830 "
327 2815 448 2850 κρεῖττον
466 2815 527 2841 cod.
566 2816 587 2831 "
605 2817 729 2850 κρεῖττον
753 2816 813 2844 cod.

258 2850 321 2876 cod.
362 2849 384 2865 "
404 2850 430 2876 τι]
451 2850 512 2876 cod.

858 2815 879 2832 "
897 2818 1018 2851 κρεῖττον
1036 2817 1095 2845 cod.

1142 2817 1161 2833 "
1179 2817 1257 2854 ἀληθ,
1276 2819 1355 2846 αὐτόν
1378 2819 1439 2848 cod.
1485 2821 1506 2837 "
1523 2819 1608 2856 ψευδῆ
1627 2821 1688 2849 cod.
1728 2821 1749 2838 "
1768 2820 1882 2849 αίδεῖται
