2053 3154
240 182 288 213 ίῖ·5

832 183 993 213 GEORGII
1014 182 1238 213 HAM‘AR’I‘GLI

1813 181 1862 213 i56

238 239 321 269 hunc.
336 239 445 267 mireris
455 240 516 274 quia
528 247 613 275 supra.
624 239 760 267 hominem
771 241 898 275 segessit.
915 245 942 267 et
957 247 1018 266 cum

1077 239 1101 272 ἐξ
1117 237 1147 266 οὗ
1164 239 1292 272 ’Λιρρικὴ⁷
1308 235 1364 274 ὲνῇ
1383 239 1541 274 παρῴκησε,
1569 239 1617 265 καὶ
1632 239 1647 274 ή
1663 239 1739 275 χώρει
1751 249 1860 275 προσω-

238 284 346 311 novcris
360 285 497 319 regionem
515 286 540 311 in
555 293 610 319 qua
626 285 730 313 frui-tus
749 286 792 313 hic
809 291 901 313 tantus
921 286 1021 318 lloruit,

238 338 300 357 vere
322 331 498 365 obstupescas
510 332 604 358 videns
627 332 715 366 qualis
741 340 803 359 rosa
821 332 847 359 in
860 333 948 359 medio
968 332 1023 366 spi-

238 384 335 403 narum
353 382 415 403 nata
432 378 476 405 sit.
498 377 562 404 Erat
576 379 648 405 enim
669 379 700 405 de
717 379 825 414 regione
837 379 970 410 Attsitide.
989 379 1023 406 de

237 424 347 458 regione
360 423 442 455 Esau,
458 431 472 450 a
488 432 542 458 quo
560 423 663 451 Ausitis
679 429 835 459 nuncupata
848 431 900 456 est,
922 433 935 451 ιι
952 433 1023 453 scor-

239 474 325 495 tatore
339 469 443 495 scilicet
459 473 486 495 ct
505 469 628 504 profano,
648 474 676 495 ut
695 470 801 497 mireris
818 478 850 496 ex
869 478 920 505 qua
936 471 1022 505 patria

237 517 264 538 et
284 513 376 540 radice
391 514 462 540 mala
490 519 570 541 natus
598 515 632 541 sit
661 515 766 541 fructus
792 515 1021 549 speciosissimus.

237 558 326 593 Nepos
335 559 407 586 enim
423 565 465 586 est
481 561 578 587 famosi
594 561 678 593 illius,
694 567 720 587 ct
737 561 875 595 Scriptura
896 562 1021 596 quintum

237 613 299 632 eum
331 606 364 632 ab
387 606 523 633 Abraham
553 607 676 633 nominat
703 607 892 640 :tAbraham,
922 608 1022 642 inquit.

237 651 330 683 genuit
346 652 429 683 Isaac,
458 652 532 679 Isaac
555 651 637 683 Esau,
668 652 740 679 Esau
766 652 870 686 Ragnel
895 657 921 680 et
942 653 1021 686 Zara,

237 695 304 722 Zara
320 695 379 724 Job.
401 697 508 724 Habt-ns
525 698 608 732 igitur
623 698 824 725 successionem
837 698 871 725 ab
884 698 1022 726 Abraham

236 741 270 766 ad
286 741 358 767 illum
374 749 422 776 pcr
442 742 513 770 Esau
531 743 740 775 discurrentem.
758 745 877 772 ostendit
891 745 1020 779 radicem,

239 791 265 811 ut
279 786 397 813 fructum
416 788 575 821 admireris;
613 797 675 816 nam
701 790 742 816 hic
763 790 872 824 quidem
889 796 1023 818 scortator

236 837 262 858 et
290 833 444 866 profanus,
473 834 517 862 ille
558 842 623 861 vero
654 835 762 869 sapiens
786 841 814 862 et
838 837 1021 870 venerabilis,

236 879 281 912 qui
299 879 339 906 sic
357 879 500 914 loquitur:
522 880 564 907 «Si
582 886 692 908 secutus
705 887 744 908 est
759 882 855 909 oculus
870 890 946 910 meus
959 891 1020 910 mu-

1074 283 1195 319 νομάσοη
1212 284 1411 318 πατρωνύμως,
1428 283 1522 318 ὥσπερ
1534 284 1557 300 ⁸⁸
1581 285 1628 311 καὶ
1645 285 1755 316 Austri;
1784 286 1797 311 6
1819 286 1862 312 τό-

1074 337 1123 358 πος
1133 328 1154 344 ⁸⁷
1172 327 1219 354 τοῦ
1241 327 1337 360 Ἠσαῦ,
1351 328 1380 354 ὲν
1392 324 1414 361 ᾧ
1425 328 1628 364 ἀνεϐλάστησεν
1642 329 1655 355 6
1669 330 1805 364 μακάριος
1815 330 1862 356 καὶ

1074 373 1207 405 πολύτλας
1224 375 1271 400 καὶ
1287 373 1431 409 διαόόητος
1445 372 1515 405 Ἰὼβ,
1530 373 1559 400 ὃν
1570 374 1752 409 ἐγκωμιάζων
1766 376 1780 402 6
1791 375 1862 406 θεῖος

1073 419 1266 454 Χρυσύστομος
1290 419 1362 453 λέγει
1382 419 1406 435 ⁸⁵
1420 428 1428 434 ³
1446 428 1456 445 ‹
1474 419 1635 454 Ἄνθρωπός
1650 429 1692 451 τις
1709 418 1743 455 ἦν
1771 421 1800 447 ἐν
1828 423 1860 455 τῇ

1073 464 1150 499 χώρα
1162 466 1193 500 τῇ
1204 465 1322 491 Αὑσίτιδι
1333 473 1341 480 '
1353 465 1493 500 κηρύττει,
1507 465 1599 500 φησὶν,
1617 465 1698 491 αὐτὸν
1711 465 1759 491 καὶ
1772 466 1825 492 ἀπὸ
1839 467 1862 482 ⁸·

1073 510 1122 544 τῆς
1139 511 1246 544 φύσεως
1262 511 1309 537 καὶ
1320 511 1374 537 ἀπὸ
1391 512 1440 546 τῆς
1455 511 1558 545 χώρας,
1576 511 1620 538 ἵνα
1635 510 1730 546 ὥσπερ
1743 512 1863 544 ἀκούσας

1073 556 1154 583 αὐτὸν
1170 556 1313 591 ἄνθρωπον
1329 557 1472 594 θαυμάζῃς
1484 558 1518 590 ⁷⁸,
1548 557 1589 584 ὃτι
1620 557 1692 593 ὑπὲρ
1720 558 1867 593 ἄνθρωπον

1073 602 1277 635 ἐπολιτεύσατο,
1291 603 1362 629 οὕτω
1377 602 1472 638 μαθὼν
1491 604 1512 619 ⁷¹
1533 603 1580 630 καὶ
1593 602 1643 639 τὴν
1662 603 1765 638 χώραν,
1787 604 1815 636 ἐξ
1829 601 1863 639 ἧς

1073 648 1087 673 6
1101 648 1227 679 τοαοῦτος
1240 647 1346 682 καρπὸς
1359 647 1484 683 ἡνθησεν,
1495 647 1636 683 ἐκπλαγῇς
1652 648 1762 682 ἀληθῶς
1770 650 1862 675 ὁποῖον

1074 693 1149 728 ῥόδον
1159 694 1187 719 ἐν
1203 693 1278 728 μέσῳ
1293 693 1346 720 τῶν
1366 694 1492 720 ἀκανθῶν
1507 693 1674 728 ἐϐλάστησεν
1689 702 1696 709 ·
1719 703 1728 720 ι
1755 692 1790 730 ἦν
1809 696 1863 730 γὰρ

1072 737 1121 768 τῆς
1141 737 1282 769 Adet-H60;
1299 737 1393 773 χώρας
1408 738 1456 764 τοῦ
1479 737 1576 770 Ἡσαῦ,
1596 738 1625 770 ἐξ
1643 734 1730 773 οὗπερ
1751 739 1863 770 Αὺσϊτις

1072 782 1238 817 ὠνόμασται,
1255 784 1287 810 ἐκ
1302 783 1348 810 τοῦ
1366 783 1464 818 πόρνου
1485 784 1532 810 καὶ
1550 783 1677 819 βεϐήλου,
1700 785 1775 815 ὅπως
1799 784 1863 810 θαυ-

1074 829 1163 864 μάζης
1173 830 1205 856 ἐκ
1219 829 1298 860 ποίας
1310 829 1439 865 πατρίδος
1457 829 1503 855 καὶ
1516 829 1595 864 ῥίζης
1612 829 1861 864 κακῆςὲὸλάστησε

1074 874 1179 909 καρπὸς
1200 875 1378 909 ὡραιότατος.
1399 874 1545 908 Ἀπότονος
1561 875 1616 910 γάρ
1647 876 1706 902 ἐστι
1727 876 1775 902 τοῦ
1804 876 1864 903 δια-

237 924 329 950 lierctn
356 925 485 957 alienam,
501 931 568 953 )el:
595 926 710 954 tFaadus
735 927 823 962 pepigi
848 935 909 955 cum
934 929 1022 955 oculis

1077 908 1250 957 βαλλομένού,
1278 923 1369 955 καθὼς
1403 923 1420 958 ὴ
1455 924 1550 959 Γραφὴ
1574 908 1700 958 πέμπτον
1726 923 1780 950 ἀπὸ
1816 923 1862 949 τοῦ

237 971 332 998 lueis.)
367 971 436 1004 Quin
461 972 514 1000 imo
530 973 655 999 victimas
671 980 718 1007 pro
735 973 792 1000 suis
811 973 878 1001 ﬁliis
900 975 1022 1009 quotidie

237 1014 389 1042 adducebat
403 1016 496 1043 dicens
515 1025 522 1043 :
540 1026 548 1042 ι
560 1016 598 1043 Ne
611 1017 680 1045 forte
696 1018 764 1045 mala
780 1019 959 1053 cogitaverim
975 1020 1022 1047 lilii

238 1061 291 1088 tnei
309 1067 403 1089 contra
420 1063 533 1090 Deum.»
555 1062 620 1091 Iure
640 1071 705 1098 ergo
722 1064 812 1091 dixit:
832 1074 841 1090 ‹
856 1065 887 1091 Et
906 1070 966 1092 erat
982 1065 1024 1092 vir

238 1107 284 1134 ille
313 1107 406 1135 colens
433 1108 516 1136 Deum
543 1114 569 1136 et
596 1110 799 1144 inculpabilisu
815 1115 842 1137 et
868 1113 1021 1146 sequentia.

239 1153 351 1180 Externi
373 1154 526 1189 philosophi
543 1155 726 1183 deﬁnitionem
742 1156 861 1184 hominis
876 1158 1024 1185 ostenden-

239 1204 290 1230 tes,
308 1200 402 1228 dicunt
418 1210 425 1228 :
443 1201 529 1228 Homo
543 1206 584 1229 est
597 1201 697 1230 animal
715 1203 849 1230 rationale
862 1203 941 1230 morti
959 1204 1024 1232 sub-

237 1246 346 1280 iacens;
359 1247 450 1274 divina
461 1254 550 1275 autem
564 1249 705 1283 Scriptura
722 1256 775 1276 non
788 1250 838 1280 sic,
856 1250 901 1277 sed
915 1259 922 1277 :
938 1250 1025 1277 Homo

237 1297 278 1318 est
298 1292 478 1325 «inculpatus,
491 1293 594 1327 justus,
606 1294 697 1321 colens
712 1293 808 1327 Deum,
834 1295 973 1322 abstinens
992 1295 1026 1322 ab

237 1338 313 1364 omni
338 1345 422 1372 pravo
434 1346 532 1373 opere;
547 1348 557 1365 υ
572 1339 596 1367 is
607 1339 679 1366 enim
695 1340 728 1367 de
743 1347 798 1375 quo
814 1340 870 1367 lucc
886 1348 938 1368 non
954 1340 1026 1368 adir-

237 1388 348 1410 mantur
360 1384 514 1418 iumentum
532 1390 581 1417 est,
601 1386 700 1413 nedum
715 1387 808 1413 homo.
829 1387 858 1414 Si
882 1387 954 1415 enim
979 1395 1028 1415 na—

240 1435 306 1456 turze
334 1437 426 1466 typum
456 1432 559 1460 habens
583 1433 751 1460 contumelia
779 1433 878 1462 adiciat
904 1442 965 1462 eum
993 1435 1028 1462 ob

239 1477 370 1504 malitiam
390 1478 549 1511 voluntatis,
575 1479 693 1507 audiatis
715 1480 878 1514 Prophetam
896 1489 902 1508 :
924 1481 1027 1508 «Homo

239 1529 301 1548 cum
320 1523 347 1549 in
365 1523 469 1551 honore
492 1528 576 1556 esset,
604 1532 659 1551 non
686 1525 828 1557 intellexit,
851 1531 1024 1560 comparatus
1038 1543 1060 1571 α

238 1571 280 1593 est
304 1567 436 1601 jumentis
462 1568 665 1603 insipientibus,
695 1575 722 1596 et
747 1570 845 1597 similis
869 1569 957 1598 factus
983 1575 1025 1599 est

239 1611 318 1639 illis.»
341 1612 576 1645 Quemadmodum
594 1615 687 1648 igitur,
704 1622 737 1642 ex
753 1615 891 1642 communi
909 1623 1025 1643 consue-

239 1657 334 1685 tudine
361 1658 384 1685 si
401 1659 464 1693 quis
484 1660 574 1686 mittat
590 1660 675 1687 ﬁlium
692 1668 771 1688 suum
796 1665 844 1687 aut
860 1668 969 1688 servum
992 1661 1025 1688 ad

238 1703 347 1737 aliquod
374 1705 521 1738 negotium,
549 1705 711 1733 adhortatur
751 1706 844 1733 dicens
868 1706 944 1734 :tUt
973 1707 1024 1739 vir,

240 1757 289 1783 age
300 1749 373 1783 quod
390 1750 475 1784 agis,»
503 1755 530 1778 et
543 1758 688 1779 commune
706 1759 805 1778 nomen
823 1753 963 1787 proprium
985 1753 1024 1786 lit,

240 1796 277 1822 ita
302 1796 428 1829 quamvis
459 1804 554 1824 omnes
584 1797 708 1825 homines
735 1798 862 1825 dicantur
889 1799 1025 1832 homines,

241 1839 316 1867 solus
330 1847 394 1867 vere
417 1840 441 1867 is
465 1846 507 1868 cst
526 1841 610 1868 homo
632 1842 678 1876 qui
706 1842 853 1877 imaginem
879 1847 977 1874 servat,
1001 1847 1028 1870 et

243 1886 409 1919 primitivum
434 1887 649 1921 pulchritudinis
671 1889 826 1923 exemplum
850 1896 905 1916 non
929 1888 1026 1916 aufert.

243 1932 314 1958 Dixit
330 1932 415 1967 igitur
438 1933 527 1968 ipsum
551 1934 698 1966 hominem,
720 1939 749 1962 ut
772 1935 808 1962 ob
824 1940 949 1962 naturam
965 1943 1029 1970 pro-

242 1977 359 2013 positum
374 1979 485 2012 laudes;
499 1979 596 2008 deinde
607 1988 716 2015 quoque
727 1981 762 2008 ab
775 1981 899 2008 Ausitide
918 1982 1028 2017 regione

241 2024 319 2056 dixit,
337 2029 367 2052 ut
388 2025 423 2052 ob
440 2026 577 2060 regionem
593 2026 731 2061 impietate
742 2026 885 2060 famosam,
909 2028 1027 2055 fructum

241 2071 373 2100 celebres.
392 2078 472 2105 quem
492 2077 588 2099 auctor
612 2073 747 2100 malorum
765 2073 861 2100 videns
882 2078 910 2101 et
928 2074 1029 2102 invidia

241 2122 343 2148 motus,
368 2117 435 2151 petit
451 2125 466 2144 a
482 2118 536 2144 Deo
550 2122 579 2145 ut
596 2122 714 2145 tentetur
726 2119 826 2153 justus,
855 2123 884 2146 ut
907 2124 935 2146 tu
954 2119 1026 2147 [illu-

240 2162 310 2190 ciam
326 2170 420 2190 sumas
435 2163 560 2191 etdiscas
575 2164 726 2191 daemonem
743 2171 797 2191 non
822 2164 922 2191 habere
954 2170 1030 2200 pote-

1080 968 1207 1003 ’Λὸραάμ
1226 976 1232 985 ·
1253 979 1262 995 ι
1285 969 1412 1003 ’Δὸραὰμ
1441 969 1514 1004 γὰρ,
1538 970 1633 1004 φησὶν,
1665 969 1793 1003 ἒγέννησε
1819 969 1871 994 τὸν.

1080 1013 1184 1047 Ἰσαὰκ,
1206 1014 1298 1041 Ἰσαὰκ
1321 1015 1367 1041 τὸν
1386 1015 1491 1046 Ἡσαῦ,
1513 1015 1599 1042 Ἦσαῦ
1626 1016 1672 1042 τὺν
1691 1015 1824 1051 Ῥαγουὴλ
1843 1016 1864 1032 ⁷⁸

1076 1059 1121 1085 καὶ
1131 1059 1178 1085 τὸν
1193 1060 1280 1095 Ζαρὰ,
1292 1059 1367 1095 Ζαρὰ
1382 1060 1428 1086 τὸν
1447 1061 1518 1095 Ἰὼβ.
1538 1061 1629 1095 Ἐχων
1645 1061 1667 1077 ⁷³
1679 1059 1725 1088 οὗν
1744 1061 1794 1096 τὴν
1805 1062 1865 1088 δια-

1075 1105 1154 1140 δοχὴν
1169 1105 1223 1132 ἀπὸ
1233 1105 1279 1132 τοῦ
1298 1106 1423 1140 ’Δόραὰμ
1436 1107 1476 1138 εἰς
1494 1107 1576 1133 αὑτὸν
1592 1108 1799 1143 κατερχομένην
1821 1108 1864 1134 διὰ

1075 1151 1122 1177 τοῦ
1143 1151 1238 1183 Ἠσαῦ,
1259 1151 1380 1178 δείκνυσι
1394 1151 1417 1168 ⁷⁸
1439 1153 1489 1186 τὴν
1509 1152 1598 1187 ῥίζαν,
1619 1152 1662 1179 (va
1685 1153 1732 1179 τὸν
1757 1154 1864 1188 καρπδν

1075 1195 1221 1231 θαυμάσῃς
1235 1204 1242 1211 ·
1259 1197 1300 1222 ὅτι
1311 1198 1325 1223 6
1337 1196 1387 1231 μὲν
1405 1197 1504 1232 πόρνος
1516 1195 1551 1232 ἦν
1567 1198 1589 1215 ⁷⁸
1605 1198 1652 1224 καὶ
1668 1198 1791 1233 βέϐηλος,
1810 1200 1823 1225 6
1837 1199 1866 1225 δὲ

1076 1242 1193 1276 σώφρων
1212 1242 1258 1268 καὶ
1275 1242 1383 1277 σεμνὸς,
1403 1242 1492 1276 λέγων
1504 1242 1590 1274 οὕτως
1605 1244 1646 1260 ⁷⁸·
1669 1244 1726 1270 «Ἐί
1747 1244 1776 1270 δὲ
1797 1244 1867 1279 ἐπη-

1077 1287 1242 1322 κολούθησεν
1262 1289 1276 1314 6
1301 1288 1441 1323 ὀφθαλμός
1464 1297 1514 1323 μου
1534 1285 1644 1323 γυναικὶ
1659 1289 1786 1324 ἀλλοτρίᾳ
1805 1299 1813 1314 ι
1830 1304 1866 1310 —--

1077 1334 1126 1361 καὶ
1136 1334 1158 1350 ⁷⁷
1171 1341 1178 1349 ·
1198 1344 1207 1359 t
1227 1334 1367 1369 Διαθήκην
1385 1334 1514 1370 διεθέμην
1529 1336 1585 1366 τοῖς
1600 1335 1749 1370 ὀφθαλμοῖς
1771 1344 1832 1370 μου.
1853 1345 1862 1361 ι

1077 1380 1115 1406 Οὐ
1131 1380 1185 1415 μὴν
1203 1379 1232 1406 δὲ
1243 1379 1311 1407 ἀλλὰ
1326 1380 1373 1406 καὶ
1386 1380 1483 1411 θυσίας
1498 1380 1568 1414 ὑπὲρ
1587 1380 1642 1406 τῶν
1661 1380 1733 1407 ίδέων
1762 1381 1873 1407 τέκνων-

1078 1426 1238 1460 προσήγαγε
1260 1425 1322 1452 καθ’
1350 1425 1458 1461 ἡμέραν
1481 1426 1594 1459 φάσκων
1615 1434 1622 1441 ·
1639 1426 1769 1460 «Μήποτε
1795 1428 1867 1453 κακὰ

1078 1474 1224 1508 ἐνενόησεν
1234 1474 1258 1499 οἱ
1278 1474 1331 1499 υἱοί
1350 1482 1401 1508 μου
1416 1473 1484 1509 πρὸς
1496 1474 1542 1501 τὸν
1560 1473 1636 1501 Θεόν.
1652 1483 1661 1500 ι
1679 1474 1799 1506 Εἰκότως
1820 1475 1867 1501 οὖν

1078 1521 1130 1556 ἔφη
1140 1520 1174 1536 "-
1190 1530 1199 1546 ‹
1215 1519 1271 1546 Καὶ
1299 1518 1334 1555 ἦν
1350 1519 1494 1555 ἄνθρωπος
1505 1521 1609 1551 ἐκεῖνος
1623 1520 1764 1555 θεοπεὸὴς.
1776 1522 1868 1556 ἄμεμ-

1077 1574 1169 1599 πτος,ι
1192 1567 1238 1593 καὶ
1253 1566 1287 1592 τὰ
1303 1566 1376 1601 ἑξῆς.
1394 1567 1425 1592 Ol
1440 1566 1490 1600 μὲν
1502 1567 1556 1601 γὰρ
1570 1566 1622 1599 ἔξω
1636 1567 1657 1583 ⁷⁸
1670 1567 1810 1601 φιλόσοφοι
1821 1568 1868 1594 τὸν

1076 1613 1138 1648 ὅρον
1152 1613 1198 1639 τοῦ
1215 1612 1359 1648 ἀνθρώπου
1375 1612 1518 1648 δηλοῦντες
1534 1614 1587 1648 77
1598 1622 1689 1648 φασιν-
1708 1614 1868 1648 Ἄνθρωπός

1077 1660 1136 1685 ἐστι
1157 1659 1226 1691 ζῶον
1236 1659 1345 1694 λογικὸν
1363 1660 1460 1695 θνητόν
1474 1668 1482 1676 ⁸
1501 1660 1557 1696 ἠδὲ
1574 1660 1633 1686 θεία
1652 1660 1746 1695 Γραφὴ
1757 1660 1806 1694 οὐχ
1821 1659 1868 1685 οὓ-

1077 1715 1141 1737 τως,
1157 1705 1215 1732 ἀλλ’
1227 1714 1234 1720 “
1255 1706 1414 1742 Ἄνθρωπός
1430 1708 1504 1733 ἐστιν
1521 1716 1530 1732 ι
1547 1707 1568 1722 ’⁸
1583 1706 1738 1741 ἄμεμπτος,
1750 1705 1867 1738 δίκαιος,

1079 1752 1219 1787 θεοσεϐὴς,
1231 1753 1400 1788 ἀπεχόμενος
1416 1753 1471 1779 ἀπὸ
1486 1752 1586 1784 παντὸς
1601 1752 1721 1788 πονηροῦ
1736 1752 1868 1787 πράγμα-

1078 1807 1123 1829 τος
1145 1808 1154 1823 ι
1171 1798 1257 1829 -ὼς
1281 1799 1296 1825 ὅ
1319 1807 1350 1832 γε
1380 1798 1484 1830 τούτοις
1499 1799 1520 1815 ⁸¹
1549 1799 1587 1834 μὴ
1619 1798 1867 1833 μεμαρτυρημένος

1078 1843 1138 1870 οὐδὲ
1150 1844 1304 1879 ἄνθρωπος,
1320 1845 1389 1872 ἀλλὰ
1410 1845 1519 1879 κτῆνος.
1545 1845 1609 1871 Ἐὰν
1622 1845 1675 1879 γὰρ
1688 1844 1738 1879 ἔχῃ
1751 1844 1797 1870 τὸν
1818 1851 1867 1878 χα-

1081 1889 1206 1924 ρακτῆρα
1215 1889 1267 1924 τῆς
1282 1889 1401 1924 φύσεως,
1416 1889 1513 1925 ὑϐρίζῃ
1532 1890 1561 1916 δὲ
1576 1890 1658 1916 αὑτὸν
1671 1890 1705 1924 τῇ
1720 1889 1805 1923 κακίᾳ
1817 1888 1868 1922 τῆς

1080 1935 1277 1970 προαιρέσεως,
1298 1935 1430 1962 ἀκούσετε
1444 1935 1468 1951 ⁸¹
1494 1935 1570 1970 παρὰ
1590 1935 1638 1961 τοῦ
1660 1935 1800 1970 προφήτου
1819 1934 1842 1949 ⁸³
1860 1941 1868 1949 '

1083 1981 1261 2017 «Ἄνθρωπος
1277 1982 1307 2008 ἐν
1323 1983 1391 2017 τιμῇ
1409 1981 1447 2008 ὢν
1464 1982 1494 2008 οὒ
1509 1982 1621 2015 συνῆκε,
1637 1980 1868 2016 παρασυυεὸλήθη

1080 2029 1136 2059 τοῖς
1152 2028 1262 2062 κτήνεσι
1276 2028 1332 2059 τοῖς
1345 2028 1479 2063 ἀνοήτοις,
1499 2027 1546 2054 καὶ
1560 2027 1688 2063 ὡμοιώθη
1704 2027 1824 2058 αὐτοῖς,ι
1835 2041 1869 2046 -

1081 2074 1186 2108 Ὥσπερ
1201 2073 1292 2100 τοίνυν
1307 2074 1354 2100 ὲπὶ
1365 2074 1414 2108 τῆς
1435 2074 1526 2108 κοινῆς
1542 2074 1685 2108 συνηθείας
1704 2073 1814 2099 ἐπειδάν
1827 2081 1870 2104 τις

1080 2119 1126 2146 τδν
1140 2119 1239 2146 ἑαυτοῦ
1253 2119 1310 2146 υῐδν
1332 2119 1348 2154 ἢ
1368 2119 1477 2155 οἰκέτην
1493 2120 1646 2155 ἀποστέλλῃ
1662 2119 1707 2146 ἐπί
1721 2127 1780 2145 τινα
1800 2119 1871 2153 πρᾶη

1082 2165 1134 2197 ξιν.
1151 2164 1370 2200 παρακελεύεται
1386 2164 1473 2198 λέγων
1486 2173 1493 2180 ·
1525 2173 1534 2190 t
1549 2164 1586 2196 ὡς
1608 2163 1753 2199 ἄνθρωπος
1769 2162 1871 2198 πρᾶξαι

241 2214 340 2235 statem
366 2209 698 2243 adversusLChristianum
717 2210 763 2244 qui
781 2217 844 2237 vere
856 2210 940 2237 Deum
964 2211 1025 2238 colit

1081 2210 1115 2236 τὰ
1128 2210 1177 2244 τῆς
1188 2209 1327 2245 πράξεως,
1351 2219 1361 2236 ›
1377 2211 1423 2236 καὶ
1437 2210 1468 2236 τὸ
1481 2209 1570 2236 κοινὸν
1580 2209 1666 2245 ὄνομα
1685 2209 1867 2236 ἰδιοποιείται·

241 2257 268 2280 et
284 2253 371 2286 timet,
398 2255 450 2281 nisi
479 2256 638 2289 procuratio
667 2255 812 2282 desursum
839 2255 939 2287 veniat,
970 2256 1028 2283 sive

243 2303 354 2333 propter
368 2300 584 2334 castigationem,
608 2302 667 2328 sive
690 2306 801 2336 propter
819 2301 1027 2336 indulgentiam.

242 2343 358 2377 Quando
368 2345 440 2372 enim
453 2345 558 2373 inducit
569 2346 641 2374 Deus
651 2349 859 2380 correctionem,
875 2351 923 2374 aut
935 2354 1029 2381 pinnas

242 2391 330 2425 poscit
345 2396 529 2425 peccatorum,
545 2397 593 2420 aut
608 2393 734 2421 virtutem
747 2400 857 2422 exercet
869 2393 902 2420 ad
919 2392 1029 2420 divin0s

243 2443 415 2470 progressus,
432 2441 497 2465 tunc
512 2438 594 2465 tradit
609 2445 671 2465 eum
687 2439 772 2473 malo;
786 2447 840 2466 non
854 2439 927 2466 enim
940 2438 1029 2473 potuit

243 2482 344 2511 bellare
359 2484 445 2512 donec
459 2484 569 2512 licentia
586 2485 647 2512 data
662 2490 713 2518 est,
738 2490 765 2512 et
778 2493 812 2513 ne
832 2485 950 2518 mireris;
971 2492 1025 2511 non

1083 2253 1180 2286 οὕτως,
1199 2255 1223 2280 εί
1234 2254 1282 2280 καὶ
1298 2253 1399 2286 πάντες
1414 2253 1552 2289 ἂνθρωποι
1564 2253 1787 2288 λέγονται,μόνος
1802 2252 1871 2287 ἀλη-

1083 2300 1133 2335 θὴς
1149 2301 1253 2331 ἐκεῖνός
1268 2301 1341 2326 ἐστιν
1360 2300 1374 2326 6
1393 2300 1443 2335 τὴν
1463 2300 1556 2327 εἰκόνα
1576 2299 1671 2332 σώζων
1688 2300 1735 2326 καὶ
1750 2300 1780 2325 τὺ
1796 2307 1872 2334 πρω-

1085 2346 1200 2372 τότυπον
1218 2344 1286 2380 (13⁸)
1301 2345 1399 2377 κάλλος
1416 2345 1453 2380 μὴ
1470 2345 1617 2380 ἀφανίζων.
1633 2344 1716 2372 Εἶπεν
1730 2343 1777 2372 οὖν
1788 2344 1872 2372 αὐτὸν

1084 2392 1239 2428 ἄνθρωπον,
1255 2391 1300 2418 ἴνα
1314 2391 1368 2418 ἀπὸ
1382 2390 1432 2425 τῆς
1446 2391 1552 2425 φύσεως
1575 2390 1624 2426 τὴν
1644 2390 1774 2424 πρόθεσιν
1790 2389 1868 2417 ἐπαι-

1084 2438 1176 2474 νέσῃς·
1192 2434 1251 2463 εἶτα
1265 2436 1294 2463 δὲ
1308 2435 1389 2462 αὑτὸν
1403 2436 1450 2463 καὶ
1465 2436 1519 2462 ἀπὸ
1532 2436 1581 2468 τῆς
1605 2435 1746 2466 Λύσίτιδος
1767 2434 1870 2470 χώρας.

1084 2484 1159 2515 ὅπως
1174 2484 1204 2510 ὲκ
1215 2483 1264 2518 τῆς
1286 2482 1418 2518 κομώσης
1430 2482 1482 2518 γῆς
1513 2484 1546 2518 τῇ
1562 2482 1677 2517 ἁσεεείᾳ
1694 2482 1739 2508 τδν
1764 2481 1872 2516 καρπὶν

835 2611 1094 2644 Varimlectiones
1112 2615 1143 2643 et
1158 2615 1252 2644 notat.

281 2730 349 2758 ⁸⁸ὦ.
379 2731 421 2758 “Δ.
445 2731 506 2759 Par.
531 2733 558 2759 2.

244 2765 337 2814 ἢάἷηὶ
368 2766 457 2814 93"“...
482 2768 512 2814 .'.'.
539 2768 587 2814 έέν
603 2768 705 2814 ,ἑξέιθῖλς
726 2767 803 2814 ,(ἏἏ·
827 2765 952 2814 -.ἾΑῬΞ

294 2799 337 2831 τίς
371 2800 397 2826 δὲ
423 2799 457 2835 ἦν
482 2801 524 2828 'H.
551 2811 571 2829 π
603 2799 650 2830 καὶ

615 2733 636 2749 ⁸⁷
663 2733 695 2759 ἐκ
723 2731 786 2759 Par.
813 2731 839 2758 Ξ.

880 2732 967 2768 ⁸⁵Χρ.
999 2732 1050 2768 ἔφη
1077 2731 1141 2768 Par.
1155 2732 1184 2758 2.

982 2769 1027 2794 τὸν
1045 2766 1084 2794 ⁷Ζ.
1113 2766 1178 2794 Chr.
1232 2766 1254 2782 "'
1274 2766 1364 2802 ,Εἶχον
1399 2766 1416 2791 l.
1447 2766 1629 2802 Eilsvmcotl.
1662 2766 1719 2802 _"_
1731 2766 1868 2802 opvnt‘mr;

694 2795 703 2830 ί
722 2795 748 2829 όν
770 2803 799 2829 δὲ
825 2802 924 2837 σεμνὸς
940 2803 987 2829 καὶ
1001 2803 1025 2829 0c

1077 2802 1153 2831 ἀσιος
1167 2801 1232 2829 Chr.
1242 2835 1248 2837 Α
1271 2801 1295 2816 ⁷⁵
1311 2795 1364 2837 Job
1378 2795 1561 2837 _xut._"_l._Et
1583 2799 1611 2837 ξξ
1626 2797 1674 2837 κέιὶ
1683 2796 1725 2837 τῷ
1740 2795 1873 2837 foolish-'5)

1751 2726 1774 2742 "
1803 2725 1871 2751 θαυ-

1683 2761 1706 2778 ⁷⁸
1731 2758 1778 2787 οὖν
1803 2759 1871 2786 (ΣΙίτ.

1242 2731 1264 2747 ⁸⁸
1279 2739 1306 2757 κ.
1344 2730 1371 2756 ἀ.
1400 2729 1464 2756 Chr.
1495 2728 1539 2756 Vl.
1574 2728 1626 2756 58‘
1645 2727 1678 2754 Α.

1232 2766 1254 2782 ⁷³
1284 2763 1364 2799 Εἶχον
1399 2765 1416 2791 l.
1447 2761 1527 2799 Εἷχεν
1567 2763 1629 2790 cod.

243 2834 289 2859 ht.
303 2835 319 2868 ἡ
338 2830 440 2868 καρδία
451 2845 501 2869 μου
537 2838 560 2853 ⁷⁷
577 2846 652 2869 xxxi,
668 2830 693 2864 ll.
726 2837 748 2854 "
767 2837 787 2864 I.
803 2830 956 2864 5.9.9.1.].
996 2839 1017 2854 ⁷⁹

1077 2830 1171 2868 ἑξωθέν
1182 2838 1204 2863 ὁ.
1224 2835 1316 2863 ἔθεντο
1333 2835 1360 2862 ἀ.
1374 2834 1440 2862 Chr.
1477 2834 1500 2849 ⁸⁸
1515 2833 1569 2860 δικ.
1585 2831 1722 2867 ἀληθινὸς,
1740 2831 1789 2858 ἀπ.
1803 2830 1870 2857 Chr.

242 2868 264 2888 I‘
283 2871 338 2896 τοῖς
355 2868 484 2902 τοιούτοις
498 2871 562 2898 (1hr.
608 2873 630 2889 ⁸⁸
643 2873 736 2900 ἀκούει
752 2873 816 2900 Chr.
855 2873 878 2888 ⁸³
898 2872 941 2899 Ps.
962 2881 1033 2904 λιιι,
1053 2873 1094 2899 12.
