2053 3154
266 155 314 187 1¹6ῗ

868 153 1028 184 GEORGII
1049 154 1274 186 KAMARTOLI

1843 155 1894 186 168

264 219 326 239 nam
344 211 434 244 nubis,
451 215 478 239 ct
494 218 564 245 pane
577 209 683 237 cmlesti
709 208 868 240 enntrisset,
891 210 983 236 hostes
1006 215 1049 235 eo-

1105 209 1144 244 (5)
1163 209 1216 241 Οὓς
1233 218 1287 244 περ
1313 209 1360 235 καὶ
1382 209 1520 244 ὁδηγήσας
1545 209 1573 235 ἐν
1597 210 1629 244 τῇ
1648 208 1747 244 ἐρήμῳ
1759 209 1789 236 ἐν
1804 209 1893 245 στύλῳ

266 266 328 285 rum
344 259 510 286 Amalecitas
518 257 638 284 extensis
650 256 777 283 manibus
792 255 818 282 in
836 254 926 290 fugam
940 262 1053 282 conver-

267 305 310 330 tit.
330 302 380 330 llic
405 303 512 330 audivit
536 301 680 329 Dominum
707 300 840 328 dicentem
858 308 865 326 :
884 309 893 326 ι
913 300 982 327 Ecce
1002 307 1052 334 ego

265 348 346 379 ycuio
361 349 393 374 ad
410 352 435 374 te
453 348 479 374 itt
493 347 620 374 columna
634 346 704 381 ignis
718 350 745 373 et
755 346 846 377 nubis,
859 350 888 372 ut
903 345 995 372 audiat
1010 353 1053 371 tn-

264 394 380 429 populus
396 394 551 428 loqttentcnt
571 393 604 419 ad
622 397 658 423 te,
675 396 701 419 et
717 392 829 418 credant
852 391 900 418 tibi
923 391 951 418 in
974 395 1054 418 atter-

261 448 357 467 ιιυιιι.»
370 440 400 466 Et
415 450 423 466 ι
440 440 518 466 tertia
527 439 688 473 die,inquit,
701 438 925 472 vocesetfulgura
933 438 1052 464 etuubes

265 484 415 518 caliginosa
430 493 515 519 super
534 489 653 511 montem
668 484 745 510 Sinai
766 488 962 518 apparuerunt,
978 483 1053 510 clan-

264 538 366 565 gorque
396 531 518 558 buccinae
547 530 663 557 sonabat
681 529 788 556 fortiter
802 533 830 555 et
845 527 1052 563 obstupefactus

263 579 305 601 est
317 575 442 610 populus.
458 584 467 601 ι
481 590 517 594 -
530 585 539 600 ‹
554 575 639 602 Totus
653 579 743 601 autem
762 581 842 601 mons
859 573 996 607 fumabat,
1018 581 1052 601 eo

262 621 334 653 quod
351 620 539 647 descendisset
559 620 692 647 Dominus
713 627 795 653 super
811 627 872 646 eum
891 620 916 646 iu
937 619 1008 654 igne,
1024 624 1050 647 et

260 667 384 693 ascendit
400 674 484 700 vapor
500 666 579 701 quasi
597 665 691 693 fumus
706 665 837 697 fornacis,
856 670 882 693 et
897 666 988 693 omnis
1002 673 1050 700 po-

259 711 342 745 pulus
358 711 482 738 turbatus
506 715 550 738 est
565 711 750 743 vehementer,
768 715 796 737 ct
807 711 914 738 sonitus
930 711 1052 737 buccina:

258 756 393 790 prolixius
417 756 588 784 teudebatur.
603 765 667 782 ο-ι
683 756 715 783 Ει
730 756 818 783 omnis
834 756 949 791 populus
963 756 1052 783 stabat

262 803 368 835 procul,
383 803 499 830 audiens
514 811 613 835 voces,
623 808 651 830 et
662 807 781 830 montem
801 808 884 829 totum
901 801 1049 829 fumantem

263 849 385 875 videntes
396 869 404 880 ,
418 856 467 875 nec
484 849 614 876 accedere
629 849 773 880 audentes,
795 848 842 876 sed
855 847 924 882 jussi
942 852 972 875 ut
985 848 1051 875 ado-

1105 253 1193 289 πυρὸς
1217 253 1265 280 καὶ
1289 253 1415 288 νεφέλης,
1436 253 1483 280 καὶ
1500 253 1575 288 άρτῳ
1594 252 1744 288 διαθρέψας
1760 253 1893 289 οὐρανίῳ,

1104 298 1168 329 τοὺς
1184 296 1299 332 ιχθροὺς
1325 297 1415 324 αὐτῶν
1444 296 1632 331 Ἀμαληκίτας
1655 297 1756 332 χειρῶν
1782 297 1894 324 ἐκτάσει

1106 341 1346 376 κατετροπώσατο.
1363 338 1448 372 Οὗτος
1460 341 1560 376 ἤκουσε
1576 340 1652 375 παρὰ
1674 341 1778 376 Κυρίου
1797 341 1894 375 λέγον-

1105 393 1161 416 τος·
1180 385 1262 412 «Ἰδοὺ
1278 384 1333 419 ἐγὼ
1343 393 1393 420 παι
1402 385 1533 419 αγίνομαι
1542 385 1609 420 πρὸς
1625 385 1654 411 σὲ
1666 385 1694 410 ὲν
1705 384 1794 419 στύλῳ
1808 386 1893 420 πυρὸς

1106 430 1154 454 καὶ
1167 428 1294 463 νεφέλης,
1308 429 1353 455 ενα
1366 428 1471 464 ἀκούσῃ
1488 430 1500 455 6
1520 428 1585 460 λαὸς
1598 427 1743 459 λαλοῦντός
1759 437 1811 463 μου
1825 429 1893 465 πρὸς

1106 474 1148 505 σὲ,
1164 475 1212 501 καὶ
1229 474 1396 501 πιστεύσωσί
1414 483 1455 501 σοι
1484 475 1525 506 είς
1541 474 1588 501 τὸν
1610 474 1697 500 αίῶνα
1711 474 1761 501 ἰ».
1779 474 1818 508 (ι)
1838 475 1893 501 Καὶ

1110 521 1157 556 «τῇ
1172 520 1252 556 τρίτῃ
1264 521 1368 555 ἡμέρᾳ,
1386 519 1482 554 φησὶν,
1496 520 1619 554 ἐγίνοντο
1631 519 1720 553 φωναὶ
1731 519 1778 545 καὶ
1791 520 1893 554 ἀστρα-

1106 569 1157 592 παὶ
1173 568 1220 592 καὶ
1233 567 1331 601 νεφέλη
1347 565 1488 601 γνοφώδης
1499 566 1546 592 ἐπὶ
1561 565 1642 601 ὖρους
1656 565 1734 597 Σινά,
1755 565 1803 592 καὶ
1816 566 1892 600 φωνή

1107 612 1260 647 σάλπιγγος
1276 613 1338 647 ἤχει
1346 613 1430 648 μέγα.
1446 613 1501 640 Kal
1513 612 1633 648 ἐπτοήθη
1647 613 1660 638 6
1673 612 1737 643 λαός
1749 611 1893 638 ²⁸ο.--ιΤὸ

1104 658 1134 686 δὲ
1149 658 1211 693 ὅρος
1225 659 1284 686 ὅλον
1301 659 1463 691 ἑκαπνίζετο
1490 658 1536 685 διὰ
1552 657 1582 684 τὸ
1596 657 1820 691 καταϐεϐηκέναι
1849 657 1893 683 τὸν

1105 705 1172 732 Θεὸν
1187 706 1216 733 ἐν
1229 706 1304 741 αὑτῷ
1319 706 1349 732 ἐν
1366 705 1444 741 πυρὶ,
1461 706 1508 731 καὶ
1524 704 1666 732 άνέὃαινεν
1681 705 1698 739 ἡ
1719 703 1801 738 άτμὶς
1825 704 1893 729 ὡσεὶ

1105 753 1208 784 καπνὸς
1223 753 1352 787 καμίνου,
1379 752 1428 779 καὶ
1453 753 1507 782 πᾶς
1527 752 1541 778 6
1563 751 1626 783 λαὸς
1649 750 1746 785 ἐξέστη
1767 750 1870 785 σφόκρα
1884 758 1891 765 ·

1104 799 1226 832 ἐγίνοντο
1242 798 1270 825 δὲ
1283 799 1311 824 αἱ
1338 798 1426 833 φωναὶ
1447 799 1496 832 τῆς
1515 797 1666 832 σάλπιγγος
1693 796 1893 832 προδαίνουσαι

1106 844 1224 879 ισχυρῶς
1249 844 1351 880 σφόδρα
1377 844 1425 871 ".t
1461 844 1532 870 «Kal
1554 844 1608 874 πᾶς
1639 844 1652 869 6
1683 842 1746 874 λαὸς
1770 842 1892 875 εἱστήκει

260 898 355 920 rarcnt
367 894 462 928 procul
478 902 484 920 :
502 903 511 919 ι
533 894 602 921 Etsi
624 894 693 926 fera,
718 895 818 929 inquit,
842 894 968 929 tetigerit,
984 894 1049 928 lapi-

1107 890 1255 925 μανρόθεν,
1285 890 1392 916 ἀκούων
1413 889 1464 921 τὰς
1480 889 1583 923 φωνάς,
1608 888 1656 915 καὶ
1683 888 1713 915 τὸ
1745 887 1807 923 ὅρος
1832 887 1893 913 ὅλον

262 939 344 965 dibus
361 940 541 974 opprimetur,
560 949 569 965 ι
592 945 618 967 et
635 940 755 967 terribile
778 944 837 967 erat
852 940 926 975 quod
941 939 1052 967 videba-

261 990 317 1012 tur.
334 984 456 1012 Territus
471 991 560 1012 autent
577 986 721 1012 universus
732 985 848 1020 populus
864 986 931 1013 dixit
943 986 1050 1020 Moysi:

264 1041 274 1057 1
288 1030 412 1067 Laqucre
424 1032 502 1060 nobis
516 1038 555 1066 tu,
572 1037 599 1059 et
612 1041 665 1059 non
679 1033 806 1067 loquatur
817 1033 895 1059 nobis
907 1032 1050 1065 Dou‘inus,

261 1085 297 1105 ne
326 1079 395 1104 torte
421 1079 585 1106 moriamur.
609 1088 620 1104 ι
636 1094 669 1100 -
687 1088 696 1104 ι
713 1079 745 1105 Et
779 1078 885 1105 vocavit
919 1077 1051 1106 Dominus

261 1123 367 1159 Moyses
385 1124 410 1150 in
429 1124 556 1151 verticem
578 1125 689 1156 tnoutis,
706 1133 715 1149 ι
730 1138 762 1142 -
778 1133 787 1149 ι
806 1130 925 1158 cumque
951 1131 1050 1150 ascen-

261 1169 346 1197 disset
370 1170 476 1204 operuit
501 1170 586 1197 nubes
609 1175 725 1196 montem
739 1190 746 1201 ,
765 1175 790 1196 et
805 1169 944 1196 descendit
965 1169 1050 1204 gloria

262 1215 370 1243 Domini
397 1223 480 1250 super
508 1220 648 1247 montem,
669 1221 697 1242 et
725 1216 834 1250 operuit
862 1215 938 1242 itlunt
964 1215 1051 1243 nubes

261 1261 360 1288 diebus
383 1270 441 1289 sex.
467 1261 581 1297 Species
610 1267 699 1288 autem
724 1262 818 1296 gloria:
850 1261 954 1288 Domini
972 1261 1050 1296 quasi

261 1306 331 1341 ignis
358 1308 457 1335 ardens
482 1315 565 1342 super
587 1307 689 1334 vertice
717 1307 828 1340 montis,
848 1308 874 1333 in
901 1312 1049 1342 conspectu

260 1353 377 1380 ﬁliorum
397 1352 491 1380 Israel.
514 1352 711 1388 Ingressusque
734 1353 839 1388 Moyses
865 1353 986 1380 medium
1004 1360 1052 1380 ne-

260 1399 331 1426 bulae
346 1406 431 1433 super
446 1404 578 1430 montem,
596 1405 655 1425 erat
672 1399 707 1425 ibi
725 1398 822 1426 diebus
839 1399 1047 1432 quadraginta,»

258 1449 336 1472 stans
362 1445 388 1471 in
416 1450 564 1479 conspectu
593 1444 659 1477 Dei;
682 1451 804 1479 (panem
838 1452 891 1471 non
919 1445 1050 1476 comedit,

260 1497 359 1524 aquam
385 1497 440 1516 non
469 1489 548 1517 bibit.
569 1499 578 1515 ›
603 1489 635 1516 Et
662 1489 730 1516 alias
759 1497 878 1516 rursus:
898 1499 907 1514 ι
922 1489 1051 1516 Ascendit

259 1535 366 1571 Moyses
381 1540 408 1563 ct
431 1536 521 1562 Aaron
539 1541 566 1563 et
590 1535 712 1562 seniores
736 1535 920 1570 Septuaginta,
937 1541 963 1562 ct
977 1535 1051 1562 vidc-

259 1586 324 1608 ruut
338 1582 427 1608 loctttn
445 1582 492 1608 ubi
509 1582 599 1609 stabat
614 1580 686 1608 Dens
699 1586 725 1608 et
738 1589 798 1616 quzr
815 1586 892 1607 crattt
906 1581 957 1608 sub
974 1581 1048 1614 prdi-

259 1628 309 1654 bus
329 1628 400 1662 ejus,
419 1627 499 1662 quasi
520 1634 588 1661 Opus
615 1627 712 1661 lapidis
735 1626 897 1661 sappltitini,
921 1632 947 1653 et
969 1634 1046 1661 quast

258 1673 363 1708 species
381 1673 544 1700 firmamenti
564 1673 625 1700 coeli
646 1673 772 1706 puritate.
786 1681 795 1696 ι
811 1671 841 1698 Ει
856 1680 953 1699 rursus
964 1672 1047 1699 dicit:

261 1728 270 1744 ε
285 1718 318 1746 Ει
334 1719 441 1746 loeutus
456 1724 497 1745 est
513 1717 643 1744 Dominus
655 1719 687 1744 ad
700 1717 809 1751 Moysen
825 1718 893 1744 facie
906 1719 939 1744 ad
951 1717 1047 1745 facient

257 1765 337 1800 quasi
352 1764 374 1791 si
391 1764 453 1799 quis
467 1765 594 1798 loquatur
610 1764 643 1790 ad
661 1763 778 1790 anticum
803 1771 894 1793 suutn.
912 1768 939 1790 et
957 1764 1048 1790 dimit-

258 1811 367 1837 tebatur
384 1809 418 1836 ad
437 1814 537 1836 castra.
555 1807 588 1834 Et.
604 1809 671 1835 dixit
687 1807 794 1843 Moyses
810 1808 850 1841 ad
875 1808 1019 1835 Dominum
1040 1817 1046 1835 :

261 1866 270 1882 ι
292 1856 320 1883 Si
338 1855 428 1883 inveni
454 1856 570 1890 gratiam
589 1855 615 1881 in
640 1861 788 1889 conspectu
804 1859 861 1888 tuo,
886 1854 999 1882 ostende
1023 1860 1049 1882 te

259 1903 324 1929 mihi
341 1908 369 1928 ut
385 1907 411 1929 te
427 1909 576 1937 agnoscere
591 1901 704 1936 possitn,
722 1905 752 1927 ut
775 1900 879 1927 videam
897 1905 934 1933 te,
960 1905 990 1927 ut
1005 1901 1048 1927 itt-

258 1950 365 1976 veniam
381 1949 498 1984 gratiam
527 1949 553 1975 in
580 1954 728 1983 conspectu
746 1953 802 1980 tuo,
824 1952 851 1974 ct
865 1948 1049 1983 glorificemur

258 2002 308 2029 ego
325 1999 351 2022 et
362 1995 480 2030 populus
494 1999 568 2021 tuus.
582 2003 591 2020 ι
612 1995 644 2021 Et
657 1994 726 2021 dixit
737 1995 868 2021 Dominus
878 1995 911 2021 ad
925 1994 1047 2030 Moysen:

259 2051 270 2067 ι
289 2041 320 2068 Et
334 2041 446 2068 verbum
463 2040 547 2073 istud,
564 2040 635 2075 quod
652 2040 758 2067 locutus
775 2048 815 2071 es.
831 2039 929 2067 faciam
948 2049 955 2067 :
974 2042 1049 2068 iuve—

258 2088 323 2115 nisti
338 2087 410 2114 cnim
426 2095 518 2114 coram
536 2095 578 2113 me
593 2087 719 2122 gratiam,
735 2091 762 2113 et
779 2087 842 2113 novi
856 2091 882 2114 te
893 2095 975 2121 supra
986 2094 1047 2114 om~

259 2141 320 2166 nes,
337 2137 364 2160 ct
389 2133 508 2168 gratiam
534 2133 618 2160 habes
634 2133 706 2167 apud
727 2140 780 2164 me,
802 2132 849 2160 sed
873 2141 926 2160 non
945 2133 1048 2168 poteris

259 2181 351 2207 videre
383 2180 491 2213 facient,
515 2186 629 2206 meam:
651 2187 705 2206 non
737 2179 809 2206 enim
833 2180 933 2206 videbit
965 2180 1047 2207 homo

259 2225 355 2252 facient
372 2233 460 2252 meam
486 2230 513 2253 et
531 2226 613 2256 vivet,
636 2231 660 2252 et
677 2233 740 2252 ecce
762 2225 838 2252 locus
853 2227 925 2261 apud
942 2235 994 2259 me,
1020 2232 1046 2254 ct
1064 2241 1086 2268 ο

259 2271 347 2298 stabis
371 2279 452 2307 supra
469 2277 583 2306 petram.
603 2277 629 2300 et
644 2277 782 2307 protegam
800 2277 825 2299 te
844 2273 956 2300 dextera
974 2281 1045 2304 mea.

260 2322 288 2343 ct
305 2322 370 2344 tunc
387 2317 492 2344 videbis
507 2318 659 2352 posteriora
676 2326 753 2352 mea;
775 2319 857 2346 facies
879 2324 970 2346 autem
986 2327 1044 2347 mea

260 2371 314 2390 non
329 2363 464 2390 videbitur
478 2363 536 2390 tibi.
554 2373 563 2390 ι
584 2364 716 2399 Deinceps
739 2371 801 2392 cum
825 2364 936 2392 deberet
949 2365 1045 2392 deute-

259 2411 413 2437 ronomium
444 2410 604 2445 suscipere,
629 2418 725 2438 rursus
751 2411 790 2437 ait
808 2420 814 2437 :
831 2420 840 2436 ‹
866 2410 898 2437 Et
923 2410 1046 2437 ascendit

258 2456 364 2492 Moyses
376 2457 403 2483 in
417 2460 535 2483 montem
549 2456 636 2489 Siuai,
650 2456 721 2484 sicut
735 2460 901 2492 praeceperat
912 2456 936 2483 ei
952 2456 1045 2483 Domi-

258 2510 319 2530 nus.
340 2501 373 2530 Et
387 2502 531 2530 descendit
551 2501 683 2529 Dominus
701 2501 729 2528 in
743 2502 824 2529 nube.
841 2511 850 2528 ›
865 2516 899 2522 -
913 2511 922 2527 ε
938 2501 972 2528 Ει
996 2501 1044 2528 ati-

256 2549 326 2576 stllit
345 2549 368 2576 ei
382 2548 418 2576 ibi
437 2547 619 2583 quadraginta
634 2547 693 2575 dies
706 2551 732 2574 et
747 2547 927 2582 quadraginta
941 2552 1044 2581 noctes;

1108 935 1308 971 καπνιζόμενον
1334 935 1451 970 ὁρῶντες
1461 935 1498 960 ⁵³»
1524 935 1572 961 καὶ
1602 933 1750 969 πλησιάσαι
1773 933 1810 967 μὴ
1835 931 1892 958 τολ-

1105 982 1222 1017 μῶντες,
1241 982 1310 1008 ἀλλὰ
1328 982 1515 1018 προσκυνῆσαι
1528 979 1669 1016 πόρρωθεν
1680 980 1871 1009 κελευσυὲντες
1882 986 1889 993 ⁶

1105 1029 1182 1056 «Κᾶν
1199 1029 1303 1064 θηρίον,
1319 1029 1396 1063 φησὶ,
1417 1027 1492 1063 θίγῃ,
1516 1026 1768 1061 λιθοϐοληθήσεται,
1785 1025 1822 1050 ⁸⁸»
1844 1024 1893 1052 καὶ

1103 1075 1219 1110 φοϐερὸν
1249 1072 1283 1110 ἦν
1309 1074 1340 1101 τὸ
1364 1073 1581 1109 φανταζόμενον.
1628 1071 1760 1106 Φοϐηθεὶς
1782 1071 1810 1097 δὲ
1837 1070 1891 1100 πᾶς

1102 1122 1116 1148 ὁ
1141 1121 1206 1153 λαὶς
1227 1119 1287 1148 εἷπε
1320 1122 1388 1156 προς
1419 1120 1521 1154 Μωσῆν
1537 1119 1576 1135 ι’·
1595 1127 1605 1144 ε
1618 1118 1741 1153 Λάλησον
1757 1118 1823 1151 ἡμῖν
1845 1116 1890 1146 σὺ.

1103 1169 1150 1195 καὶ
1176 1168 1213 1204 μὴ
1230 1168 1346 1194 λαλείτω
1373 1168 1442 1203 πρὸς
1465 1167 1538 1202 ἡμᾶς
1553 1166 1567 1192 6
1586 1165 1664 1197 Θεὸς,
1692 1164 1799 1200 μήποτε
1824 1163 1892 1190 ἁπο-

1103 1217 1241 1251 οάνωμεν.
1273 1225 1336 1242 ›-«
1355 1215 1377 1231 ’³
1393 1215 1448 1242 Kal
1475 1214 1590 1240 ἐκάλεσε
1621 1212 1722 1245 Κύριος
1746 1210 1813 1244 (15)
1845 1208 1890 1235 τὸν

1102 1262 1223 1297 Μωῡσῆν
1245 1262 1292 1288 ἐπὶ
1301 1261 1350 1297 τῆς
1364 1260 1487 1296 κορυφῆς
1497 1259 1544 1286 τοῦ
1572 1259 1653 1293 ὅρους
1667 1265 1674 1272 ·
1695 1265 1704 1282 ι
1720 1271 1751 1276 -
1766 1257 1788 1272 ’³
1811 1265 1820 1281 ι
1836 1255 1892 1282 Kal

1102 1309 1157 1344 85
1173 1308 1276 1340 ἀναϐὰς
1288 1307 1422 1342 ἐκάλυψεν
1437 1307 1453 1341 ἠ
1467 1306 1565 1340 νεφέλη
1580 1305 1610 1331 τὸ
1630 1305 1705 1340 ὅρος,
1721 1303 1768 1330 καὶ
1788 1301 1891 1335 κατέϐη

1102 1356 1119 1391 ἡ
1133 1355 1197 1388 δόξα
1218 1354 1265 1381 τοῦ
1288 1354 1356 1380 Θεοῦ
1376 1353 1421 1380 ἐπὶ
1442 1353 1473 1380 τὺ
1494 1353 1568 1388 ὅρος,
1583 1352 1632 1379 καὶ
1652 1349 1786 1385 ἐκάλυψεν
1808 1348 1891 1375 αὐτὸν

1103 1402 1119 1436 ἠ
1134 1401 1233 1436 νεφέλη
1251 1401 1358 1436 ἡμέρας
1371 1399 1415 1432 ς’·
1433 1400 1463 1426 τὸ
1484 1399 1512 1426 δὲ
1535 1397 1605 1431 εἶδος
1626 1398 1675 1433 τῆς
1688 1397 1767 1433 δόξης
1787 1396 1889 1431 Κυρίου

1102 1448 1169 1474 ὡσεὶ
1185 1446 1239 1482 πῦρ
1252 1447 1362 1481 φλέγον,
1379 1446 1426 1473 ἐπὶ
1438 1446 1487 1480 τῆς
1509 1444 1632 1479 κορυφῆς
1649 1443 1696 1470 τοῦ
1713 1443 1794 1479 ὅρους
1811 1442 1889 1469 ἐναν-

1102 1492 1159 1518 τίον
1174 1491 1228 1518 τῶν
1239 1491 1306 1518 υἱῶν
1327 1491 1436 1527 Ἰσραήλ
1449 1498 1456 1505 ”
1478 1490 1607 1517 εἰσελθὼν
1619 1490 1647 1516 δὲ
1662 1489 1783 1524 Mur-362'};
1801 1489 1842 1519 είς
1860 1487 1891 1514 τδ

1104 1537 1187 1572 μέσον
1201 1536 1250 1571 τῆς
1261 1536 1377 1571 νεφέλης
1393 1537 1440 1563 ἐπὶ
1451 1535 1498 1562 τοῦ
1509 1533 1640 1571 δρου;,ἦν
1656 1535 1716 1562 ἐκεῖ
1726 1535 1832 1570 ἡμέρας
1844 1535 1885 1568 μ’.

1103 1583 1217 1610 ἐνώπιον
1236 1583 1284 1609 τοῦ
1308 1582 1376 1609 Θεοῦ
1399 1581 1544 1617 ἑστηκώςο
1567 1591 1576 1607 ε
1595 1582 1677 1616 ἄρτον
1696 1582 1747 1608 οὺκ
1774 1582 1889 1614 ἔφαγεν.

1102 1629 1173 1664 ὕδωρ
1193 1630 1243 1656 οὐκ
1267 1629 1344 1656 ἔπιεν
1356 1629 1389 1656 ³⁸.
1411 1638 1420 1654 ι
1442 1629 1498 1655 Kal
1523 1629 1617 1656 ἄλλοτε
1634 1629 1715 1656 πάλιν
1729 1636 1737 1643 ⁸
1760 1637 1770 1654 t
1791 1627 1889 1660 ’Λνέση

1100 1675 1219 1709 Μωῦσῆς
1235 1676 1281 1702 xal
1302 1674 1408 1710 Ἀαρὼν
1429 1676 1478 1701 καὶ
1502 1675 1683 1710 πρεσὸύτεροι
1708 1674 1739 1706 o',
1752 1674 1799 1700 καὶ
1820 1672 1890 1699 εἶδον

1101 1721 1146 1746 τὴν
1160 1720 1243 1746 τόπον
1257 1716 1287 1746 οὗ
1303 1721 1426 1754 εἱστήκει
1439 1721 1452 1746 6
1465 1721 1532 1752 Θεὸς
1548 1721 1595 1747 καὶ
1611 1722 1645 1747 τά
1659 1720 1712 1747 ὑπὸ
1728 1721 1790 1751 τοὺς
1807 1719 1890 1750 πόδας

1100 1766 1195 1797 αὑτοῦ,
1210 1766 1248 1797 ὼς
1262 1766 1341 1800 ἔργον
1356 1766 1432 1792 λίθου
1453 1767 1608 1802 σαπφείρου
1619 1767 1666 1792 καὶ
1689 1767 1726 1797 ὡς
1742 1767 1811 1795 είδος
1828 1773 1892 1791 στε-

1102 1812 1243 1847 ρεώματος
1266 1811 1313 1838 τοῦ
1339 1811 1456 1846 οὐρανοῦ
1481 1814 1514 1848 τῇ
1544 1812 1722 1848 καθαρότητι.
1747 1821 1756 1838 ι
1775 1811 1813 1847 (5)
1832 1812 1889 1839 Καὶ

1100 1858 1177 1890 αὖθίς
1189 1867 1273 1893 φησιν
1285 1858 1307 1874 ³¹
1319 1866 1327 1874 ”
1343 1868 1352 1884 ι
1370 1859 1423 1885 Kal
1442 1859 1557 1894 ἐλάλησε
1571 1859 1674 1893 Κύριος
1688 1858 1756 1893 πρὸς
1767 1858 1889 1892 Μωῡσῆν

1099 1904 1216 1931 ἒνώπιον
1241 1904 1351 1939 ὲνωπίῳ
1377 1905 1415 1935 ὡς
1442 1905 1469 1930 ετ
1489 1912 1532 1936 τις
1550 1904 1665 1939 λαλήσει
1693 1906 1761 1939 πρὸς
1787 1904 1888 1930 humi}

1100 1950 1186 1984 φίλον,
1202 1950 1249 1976 καὶ
1270 1949 1405 1976 ἀπελύετο
1424 1951 1463 1981 εις
1476 1950 1526 1986 τὴν
1547 1949 1737 1986 παρεμϐολήν.
1755 1951 1808 1976 Καὶ
1827 1948 1888 1976 εἷπε

1099 1995 1219 2030 Μωῦσῆς
1238 1995 1306 2030 πρὸς
1329 1994 1430 2030 Κύριον
1442 2003 1449 2010 ⁸
1471 2005 1480 2022 t
1502 1997 1532 2022 Εί
1552 1995 1659 2032 εὕρηκα
1675 1996 1755 2032 χάριν
1772 1995 1888 2022 ἐνώπιόν

1100 2049 1158 2072 σου,
1174 2040 1326 2075 ἐμφάνισον
1353 2049 1399 2076 μοι
1426 2041 1526 2067 σαυτὸν
1554 2041 1685 2074 γνωστὸς,
1705 2039 1744 2072 ὡς
1768 2041 1815 2067 iam
1844 2049 1886 2072 σε,

1098 2087 1173 2118 ὅπως
1191 2087 1223 2113 ἂν
1241 2083 1263 2113 ὦ
1286 2086 1413 2122 εὑρηκὼς
1434 2088 1514 2122 χάριν
1534 2087 1649 2114 ὲνώπιόν
1675 2096 1734 2121 σου,
1755 2088 1802 2114 καὶ
1818 2088 1889 2113 ἐνδο-

1100 2133 1302 2169 ξισθησώμεθα
1317 2133 1373 2167 ἐγώ
1393 2142 1422 2160 τε
1451 2135 1496 2160 καὶ
1516 2135 1531 2161 6
1547 2134 1612 2166 λαός
1635 2143 1694 2162 σου,
1713 2143 1724 2160 ι
1747 2135 1802 2161 Kal
1825 2132 1888 2160 εἷπε

1100 2180 1202 2217 Κύριος
1224 2180 1290 2215 πρὸς
1315 2181 1418 2216 Μωσῆν
1431 2190 1438 2196 ·
1456 2189 1465 2206 ι
1486 2181 1541 2207 Kal
1558 2181 1652 2208 τοῦτόν
1667 2190 1713 2208 σου
1734 2181 1780 2208 τὸν
1798 2181 1886 2215 λόγον,

1097 2225 1128 2251 ὃν
1157 2225 1281 2260 είρηκας,
1310 2227 1435 2260 ποιήσω·
1463 2225 1586 2261 εὕρηκας
1610 2227 1665 2261 γάρ
1693 2225 1811 2252 ἐνώπιόν
1835 2233 1887 2260 μου

1100 2273 1181 2308 χάριν
1193 2280 1199 2286 ·
1224 2273 1271 2298 καὶ
1292 2270 1350 2298 οἶδά
1372 2281 1400 2299 σε
1424 2273 1500 2308 παρὰ
1519 2273 1634 2304 πάντας,
1651 2273 1699 2300 καὶ
1715 2273 1796 2308 χάριν
1815 2273 1888 2308 ἔχεις

1101 2318 1166 2352 παρ’
1183 2319 1255 2352 ἐμοὶ,
1274 2316 1331 2343 ἀλλ’
1348 2318 1379 2344 οὐ
1398 2317 1507 2353 δυνήσει
1525 2317 1589 2344 ἰδεῖν
1608 2317 1638 2344 τὸ
1652 2318 1799 2352 πρόσωπόν
1815 2325 1867 2351 μου
1880 2324 1887 2330 ·

1100 2364 1130 2389 οὐ
1145 2364 1199 2398 γὰρ
1218 2362 1255 2398 μὴ
1269 2363 1311 2399 ίδῃ
1331 2362 1473 2398 ἄνθρωπος
1487 2363 1518 2390 ἰδ
1533 2363 1681 2399 πρόσωπόν
1705 2372 1757 2399 μου
1773 2363 1822 2390 καὶ
1839 2363 1888 2397 ζή-

1101 2416 1193 2434 σεται·
1212 2409 1258 2434 καὶ
1273 2407 1327 2433 ἰδοὺ
1346 2408 1430 2439 τόπος
1447 2408 1512 2444 παρ’
1528 2409 1601 2443 ιμοὶ,
1614 2409 1662 2436 καὶ
1678 2410 1766 2445 στήσῃ
1777 2409 1822 2434 ἐπὶ
1837 2408 1888 2442 τῆς

1100 2453 1204 2488 πέτρας
1219 2453 1265 2480 καὶ
1277 2454 1408 2479 σκεπάσω
1425 2462 1455 2480 σε
1465 2456 1498 2490 τῇ
1512 2455 1585 2490 χειρί
1606 2463 1671 2490 μου,
1690 2456 1737 2482 καὶ
1752 2455 1813 2482 τότε
1826 2454 1887 2489 ὕψει

1098 2500 1133 2526 τά
1144 2499 1233 2526 ὀπίσω
1256 2508 1308 2533 μου
1319 2508 1327 2517 ·
1341 2500 1371 2527 τὸ
1386 2500 1415 2527 δὲ
1432 2501 1577 2536 πρόσωπόν
1598 2510 1650 2536 μου
1671 2502 1722 2528 οὐκ
1736 2501 1888 2537 ὀφθήσεταί

1100 2554 1152 2573 σοι.
1169 2556 1178 2572 ι
1193 2546 1261 2582 ³¹(6)
1279 2544 1344 2572 Εἶτα
1362 2547 1466 2581 μέλλων
1482 2548 1511 2574 τὸ
1525 2548 1886 2584 Δευτερονὸμιονδέχεσῦαι,

854 2670 953 2702 Variae
968 2670 1119 2702 lectiones
1134 2674 1165 2701 et
1184 2674 1279 2701 uota.

289 2796 311 2811 “
326 2795 374 2822 Ex.
389 2803 444 2824 nr.
458 2794 485 2822 9.
539 2794 563 2809 "
579 2800 635 2825 xtx,
652 2792 686 2819 16
750 2790 772 2806 ’⁵
787 2797 841 2819 xix.
868 2789 954 2818 l8,19.

254 2830 277 2845 "
292 2839 362 2859 utr.
380 2830 465 2858 1518.
503 2830 525 2845 ²⁰
541 2823 691 2859 υουιξκιιι,
705 2825 739 2859 9',
778 2825 797 2841 "
816 2833 911 2856 χχχιιι,
943 2823 1032 2851 11ιὲ5.

1009 2788 1031 2804 ’³
1046 2796 1089 2816 xx.
1122 2787 1211 2819 £8,2L

1072 2825 1093 2840 "
1107 2823 1171 2850 Ccd.
1184 2822 1309 2854 89,20-91
1318 2823 1372 2854 ,LL

1263 2787 1286 2806 ὀ
1306 2794 1360 2815 κη.
1382 2786 1473 2818 12,15.
1526 2788 1547 2803 ³⁷
1568 2796 1611 2819 xx,
1632 2787 1675 2815 19.
1727 2789 1749 2806 ³⁸
1766 2798 1808 2822 u,
1838 2790 1885 2822 ‘26,
