2053 3154
257 188 310 219 227

879 184 1005 214 GEORG
1013 184 1039 212 ll
1063 183 1289 214 HAMAR’I‘OLI

1841 184 1894 216 228

256 242 390 272 celsrtudo
408 241 530 277 corporis
549 246 651 276 septem
669 240 826 268 cubitorum
846 245 916 273 erat,
937 240 1051 267 descen—

1108 240 1152 267 τοῦ
1169 239 1234 266 λαοῦ
1265 241 1407 274 φυγόντος,
1434 241 1514 276 μόνος
1533 241 1597 276 ἔστη
1610 240 1732 272 καὶτοὺς
1748 241 1799 276 μὲν
1817 242 1896 269 ἀλλο-

256 291 350 324 ditqne
375 289 408 316 ad
432 295 495 315 eum
522 294 585 315 cum
619 287 693 321 virga
721 294 771 322 pro
802 286 907 319 lancea,
942 289 1052 319 arrepta

257 341 349 364 autem
369 334 445 362 hasta
472 333 622 362 adversarii
648 333 691 361 sui
721 330 860 360 interfecit
885 340 947 359 eum
975 333 1051 358 basta

259 382 379 418 propria.
396 379 498 407 Abessa
516 379 601 408 frater
616 379 685 406 Joab
697 379 832 414 percussit
848 379 921 406 viros
935 387 1052 406 Sexcen-

259 435 299 456 Ios
313 435 339 456 et
354 428 434 455 Zesbi
451 428 586 454 volentem
611 426 707 454 Davidi
724 431 837 454 mortem
855 427 965 454 inferre.
988 425 1055 453 Erat

258 480 349 503 autent
377 473 456 501 Zesbi
484 480 568 508 nepos
601 474 709 508 Arapha
724 474 771 508 qui
798 473 916 500 habebat
946 472 1052 499 hastam

259 520 389 555 ponderis
423 525 607 547 trecentorum
643 520 785 547 sielorum.
816 518 931 552 Quando
959 526 1055 545 curre-

260 568 305 594 bat
322 566 426 594 Abessa
444 566 549 602 (Azael)
567 571 625 594 erat
638 566 717 601 quasi
733 566 843 593 damula
858 566 884 592 in
900 567 1051 593 montibus.

258 612 327 640 'I'res
338 613 364 639 itt
381 612 488 639 caeteris
504 616 641 647 potentes,
657 610 892 638 circumdantibus
909 609 1054 638 Philisueis

261 657 410 689 Bethleem,
433 658 663 692 desideranteqne
688 655 771 684 David
785 657 878 684 bibere
889 656 923 684 de
935 657 1054 684 cisterna

261 703 398 730 Bethleem
427 702 542 738 profecti
578 702 821 738 sunt,aciemqne
852 703 1052 730 Philislazorum

258 753 476 782 perrumpentes,
486 748 785 783 aquamlltauseruntde
795 748 913 775 cisterna
921 747 1054 774 tulerunt-

259 799 313 827 que
322 791 419 826 David,
431 793 476 827 qui
490 793 588 827 libavrtﬂ
596 798 656 820 eam
670 793 783 819 DOIIIIIIO
799 792 915 820 dicens:
932 802 941 819 ‹
960 793 1055 828 Propi-

261 840 316 867 tius
336 838 372 867 sit
387 839 451 866 mihi
470 839 616 871 Dominus,
629 846 693 866 num
721 841 883 873 sanguinem
911 839 1052 866 hominum

260 887 375 913 istorum
390 886 436 921 qui
452 885 565 920 profecti
588 889 652 912 sunt
672 889 697 911 et
719 885 873 911 animarum
900 885 1051 920 perieulum

1104 287 1206 321 φύλους
1234 287 1339 319 ἐδίωξε,
1371 288 1420 322 τὴν
1432 287 1461 313 δὲ
1475 286 1573 322 μερίδα
1586 287 1633 313 τοῦ
1650 287 1737 322 ἀγροῦ
1751 286 1893 322 ἐφύλαξεν.

1104 348 1138 352 ———
1154 333 1319 368 Ἐλεάζαροθ
1348 328 1441 368 (οὗτος
1476 333 1585 368 μερίδος
1612 332 1696 368 οὔσης
1714 333 1823 368 κριθῆς,
1840 335 1894 361 τῶν

1104 379 1263 415 ἀλλοφύλων
1281 379 1450 407 ἐπελθόντων
1471 378 1580 406 καὶτοῦ
1595 379 1661 406 λαοῦ
1678 380 1823 414 φυγόντος,
1846 381 1895 416 μό-

1104 435 1148 458 νος
1165 425 1308 462 ἐστηλώθη
1330 426 1377 453 καὶ
1395 426 1457 457 τοὺς
1471 426 1521 461 μὲν
1540 426 1708 460 ἀλλοφύλους
1722 426 1831 461 ἔτρεψε,
1846 427 1895 463 τὴν

1104 472 1133 498 δὲ
1151 472 1247 508 κριθὴν
1277 472 1426 498 διέσωσεν·
1455 472 1585 499 τοσοῦτον
1611 472 1666 507 γὰρ
1696 472 1815 505 ἐπάταξε
1833 474 1896 506 τοὺς

1105 519 1283 554 ἀλλοφύλους,
1299 519 1351 551 ἕως
1363 520 1380 555 ἡ
1398 519 1459 554 χεὶρ
1472 519 1555 545 αὑτοῦ
1567 519 1735 551 κοπιάσασα,
1748 520 1898 554 προσεκυλ-

1105 566 1174 602 λήθη
1190 565 1223 601 τῇ
1239 566 1363 602 μαχαίρᾳ
1376 566 1423 592 καὶ
1435 566 1449 591 ὁ
1462 565 1526 597 λαὸς
1548 564 1700 600 ἐπέτρεψεν
1714 566 1802 592 ὀπίσω
1813 566 1896 593 αὑτοῦ

1105 614 1145 644 εἰς
1164 613 1195 638 τὸ
1223 611 1365 638 σκυλεύειν
1377 611 1410 638 ⁴¹.
1426 626 1461 630 —-
1487 610 1607 643 Βαναίας
1619 619 1626 627 ·
1651 610 1732 642 οὗτος
1745 611 1831 638 πολλὰ
1847 612 1896 647 μὲν

1106 657 1234 693 ἐποίησεν
1259 657 1339 692 ἔργα,
1365 655 1485 689 ἐπάταξε
1504 656 1531 682 δὲ
1544 657 1592 683 καὶ
1615 657 1678 688 τοὺς
1707 655 1783 689 υἱοὺς
1801 657 1897 693 Ἀριὴλ

1105 704 1152 731 τοῦ
1169 701 1268 735 Μωὰό,
1287 705 1335 730 καὶ
1362 702 1485 734 καταὸὰς
1504 702 1532 728 ἐν
1547 702 1641 738 ἡμέρᾳ
1661 703 1797 738 χειμῶνος
1809 702 1832 718 ⁶¹
1857 703 1897 733 εὶς

1105 750 1217 782 λάκκον,
1244 749 1389 776 ἀπέκτεινε
1418 748 1524 780 λέοντα,
1554 748 1645 775 ἀνεῖλε
1677 748 1706 775 δὲ
1737 749 1785 775 καὶ
1812 747 1896 784 ἄνδρα

1105 795 1256 830 Αἰγύπτιον
1272 814 1280 827 ,
1309 794 1382 821 ἑπτὰ
1411 795 1509 829 πήχεις
1538 793 1635 829 ἔχοντα
1656 802 1665 819 ι
1678 793 1743 828 δόρυ
1765 793 1802 825 ὡς
1819 793 1897 825 ξύλον

1104 839 1256 876 διαϐάθρας
1279 848 1286 855 ·
1316 840 1444 875 ἁρπάσας
1468 839 1524 875 γὰρ
1558 839 1607 866 ἀπ’
1623 837 1707 865 αὐτοῦ
1721 838 1752 865 τὸ
1770 839 1846 875 δόρυ,
1867 839 1897 866 ἐν

1105 886 1179 922 σὺτῷ
1208 887 1371 914 ἀπέκτεινεν
1402 885 1495 913 αὐτόν.
1522 900 1557 905 --
1586 885 1720 918 ’Δσεσσὰ,
1747 885 1761 912 6
1783 885 1897 920 ἀδελφὸς

262 930 375 958 bibam?
396 940 405 956 ›
423 930 525 958 Omnes
548 932 651 965 pariter
674 931 765 957 caeteri
792 931 891 957 milites
907 935 986 957 erant
1004 931 1051 956 viri

1112 920 1201 966 male,
1211 932 1348 965 ἰπάταξεν
1362 932 1464 967 ἄνδρας
1472 934 1495 967 χ’
1506 932 1529 947 ⁸³
1540 947 1574 953 -
1585 932 1633 958 καὶ
1648 932 1694 958 τὸν
1708 930 1790 958 ἰεσσὶ
1803 931 1896 958 θέλον-

263 976 446 1004 robustissimi
462 980 489 1003 et
506 976 611 1009 invicti,
625 975 793 1003 adversariis
816 976 893 1003 valde
908 976 1052 1007 terribiles,

262 1023 386 1057 ingentes
400 1022 509 1058 clypeOs
522 1027 674 1057 portantes,
693 1022 846 1057 longasque
863 1022 966 1054 hastas,
982 1023 1053 1049 leves

263 1075 353 1098 tamen
367 1078 449 1098 cursu
468 1070 542 1097 velut
557 1070 674 1097 damula:
688 1070 714 1096 in
737 1069 887 1097 montibus.
910 1066 1053 1097 Terribilis

262 1123 404 1146 armatura
419 1125 514 1145 eorum
534 1120 561 1145 et
583 1115 671 1145 facies
682 1124 779 1144 eorum
797 1117 876 1152 quasi
898 1116 982 1144 facies
997 1117 1054 1144 leo-

264 1172 340 1191 num.
355 1163 408 1190 Alii
428 1163 571 1191 bellatores
595 1171 665 1198 quos
688 1162 782 1190 habuit
804 1162 889 1190 David
910 1168 990 1190 erant
1004 1171 1054 1189 nu-

265 1216 339 1237 mero
350 1208 496 1237 duodecies
508 1214 617 1236 centum
633 1209 730 1243 millia,
741 1210 892 1237 secundum
909 1217 1052 1236 numerum

264 1256 404 1283 inventum
429 1260 444 1282 a
469 1254 537 1282 Joab
565 1255 636 1283 duce
664 1256 783 1289 militize;
809 1255 875 1283 dicit
889 1256 961 1282 enim
982 1254 1055 1283 Scri-

266 1308 344 1337 ptura
368 1311 402 1329 :a
421 1301 455 1329 Et
479 1301 583 1330 addidit
617 1303 694 1330 furor
711 1302 818 1330 Domini
849 1301 930 1331 irasci
957 1309 1053 1332 contra

264 1346 358 1380 tsrael,
369 1348 573 1383 eommovitquc
585 1345 668 1376 David
681 1350 707 1376 in
720 1350 761 1377 eis
776 1349 871 1377 dicens
886 1358 892 1376 :
909 1348 992 1382 Vade,
1005 1358 1055 1377 llu-

265 1404 339 1423 ntera
347 1395 429 1423 Israel
438 1401 464 1423 et
475 1394 585 1423 ludam.
596 1393 724 1432 Dixitque
735 1404 781 1424 rex
790 1396 1054 1432 adloabprinripcm

264 1444 400 1471 exercitus
424 1442 491 1471 sui:
511 1444 651 1472 I‘erlustra
672 1452 767 1472 omnes
797 1446 885 1473 tribus
913 1446 1006 1479 lsrael,
1029 1449 1056 1473 et

264 1495 378 1516 numera
393 1489 522 1523 populum
549 1493 578 1516 ut
609 1490 694 1517 sciam
716 1498 861 1517 numerum
879 1490 950 1526 ejus.
971 1491 1056 1518 Dixit-

265 1541 319 1569 que
333 1532 401 1562 Joab
415 1541 422 1563 ε
436 1533 576 1570 Adaugeat
592 1535 725 1564 Dominus
742 1537 812 1564 Deus
828 1542 891 1564 tuus
915 1545 949 1564 an
970 1545 1056 1573 popu-

265 1580 321 1607 lum
332 1585 420 1613 tuum,
433 1580 479 1607 sed
489 1580 554 1616 quid
566 1581 617 1609 sibi
628 1581 758 1609 dominus
771 1590 848 1610 meus
859 1590 904 1610 rex
919 1584 976 1609 vult
989 1583 1016 1609 in
1027 1590 1055 1610 re
1070 1592 1091 1621 α

267 1624 474 1661 hujuscemoJi?
496 1626 641 1654 Praevaluit
659 1633 750 1656 autem
767 1636 858 1656 sermo
881 1629 951 1664 regis
965 1629 1056 1657 verbis

264 1671 332 1699 Joab
347 1677 374 1699 et
389 1673 544 1708 principum
559 1674 710 1707 exercitus,
727 1682 910 1709 egressusque
925 1679 967 1701 est
988 1673 1057 1701 Jnab

267 1724 295 1744 ut
308 1723 465 1745 numeraret
480 1719 608 1753 populum
621 1718 713 1746 Israel.
729 1729 739 1745 ›
757 1719 835 1747 Dedit
849 1727 913 1754 ergo
924 1719 992 1747 Joab
1007 1728 1057 1747 nu-

266 1771 370 1791 merum
396 1762 588 1799 descriptionis
615 1764 707 1800 populi
733 1766 800 1799 regi.
837 1774 846 1791 ‹
867 1765 899 1792 Ει
930 1765 1056 1794 inventus

266 1815 310 1838 est
328 1809 419 1838 omnis
444 1818 575 1838 numerus
593 1809 689 1843 Israel,
709 1811 783 1838 tnillc
796 1811 886 1845 ,millia
899 1817 926 1839 et
947 1817 1057 1840 centum

269 1856 353 1883 millia
372 1857 494 1883 virorum
506 1857 708 1892 evaginantium
727 1856 934 1892 gladium.Nam
953 1857 1015 1886 Levi
1032 1863 1059 1886 et

269 1901 409 1935 Bcnjamin
438 1910 492 1929 non
521 1904 675 1929 numeravit
697 1910 729 1930 eo
755 1904 827 1938 quod
856 1903 924 1930 Joab
952 1903 1056 1931 invitus

267 1948 463 1981 exsequeretur
479 1946 551 1981 regis
563 1947 720 1982 imperium.
737 1947 877 1983 Displicuit
892 1953 983 1976 autem
1007 1950 1059 1977 hoc

268 1998 361 2018 coram
387 1992 453 2019 Deo.
470 2001 480 2018 ι
494 2007 530 2012 -
543 2002 552 2018 ι
571 1992 710 2021 Percussit
724 1999 815 2021 autent
831 2001 878 2021 cur
909 1992 1056 2022 Davidcum

270 2042 414 2073 postquam
439 2044 599 2066 numeratus
613 2043 654 2066 est
677 2040 806 2074 populus.
825 2048 834 2065 ‹
854 2039 983 2075 Misitque
1006 2039 1059 2067 Do-

269 2083 359 2111 minus
369 2082 425 2111 Gad
441 2084 598 2119 prophetam
612 2085 645 2111 ad
656 2083 740 2112 David
750 2090 778 2112 et
790 2086 875 2112 dixit:
891 2095 900 2112 ‹
918 2086 980 2113 ΙΙιιιε
993 2083 1059 2113 dicit

270 2128 420 2157 Dominus:
437 2129 512 2165 Elige
527 2131 600 2165 quod
615 2131 735 2159 voluerls
751 2136 780 2158 ut
804 2131 903 2159 faciam
927 2133 997 2165 tibi;
1012 2141 1059 2160 aut

267 2176 356 2204 tribus
382 2176 463 2204 annis
488 2177 580 2205 veniet
606 2177 654 2204 tibi
681 2177 768 2205 fames
784 2178 810 2205 in
838 2184 909 2205 terra
939 2183 994 2210 tua,
1012 2183 1060 2205 aut

268 2222 357 2249 tribus
376 2223 517 2250 mensibus
533 2223 621 2258 fugies
635 2224 806 2251 adversarios
825 2228 897 2257 tuos,
912 2228 960 2250 aut
973 2223 1060 2251 tribus

270 2266 431 2313 diebus-erit
445 2269 599 2303 pestilentia
609 2270 634 2296 in
645 2273 716 2297 terra
726 2275 781 2297 tua.
793 2270 863 2297 Dixit
873 2275 963 2298 autem
973 2269 1057 2298 David
1076 2286 1096 2313 υ

269 2311 303 2337 ad
318 2310 376 2338 Gad
390 2320 398 2339 :
413 2312 477 2339 Tria
493 2313 551 2340 hac
568 2314 634 2340 mihi
652 2315 720 2341 dura
735 2315 827 2348 nimis,
842 2316 889 2342 sed
903 2315 1003 2344 melius
1016 2320 1058 2343 est

271 2359 300 2382 nt
315 2356 433 2383 ineidattt
448 2357 476 2383 in
499 2364 597 2386 manus
610 2358 728 2392 Domini,
745 2361 837 2388 multa:
851 2360 925 2388 enim
947 2361 1058 2389 miseri-

269 2402 370 2430 cordia
384 2404 444 2438 ejus
461 2408 535 2437 sunt,
551 2410 633 2439 quam
659 2406 686 2433 in
704 2415 803 2435 manus
829 2406 983 2435 hominum.
1002 2417 1011 2433 1
1022 2422 1058 2428 -

272 2461 280 2474 ι
289 2450 320 2476 Et
333 2449 414 2484 elegit
426 2449 509 2477 David
525 2450 718 2484 pestilentiam,
727 2458 754 2480 et
765 2452 828 2481 facti
840 2457 905 2481 sunt
917 2453 975 2480 dies
987 2461 1059 2481 mes—

269 2497 307 2524 sis
325 2495 467 2529 frutnenti,
483 2497 651 2532 immisitque
664 2498 794 2527 Dominus
810 2505 914 2535 pestem
935 2500 962 2526 in
975 2499 1057 2527 Israel

268 2546 301 2571 de
316 2551 397 2571 mane
411 2551 498 2578 usque
513 2543 548 2571 ad
573 2549 680 2580 tempus
706 2546 898 2579 constitutum,
912 2551 940 2573 et
956 2547 1056 2573 mortui

269 2594 334 2619 sunt
347 2597 378 2617 ex
394 2591 495 2626 populo
510 2591 682 2626 septuaginta
705 2591 792 2618 millia
813 2592 946 2619 virorum.
960 2592 1058 2619 Exten-

1105 989 1137 1006 τι
1161 979 1290 1014 φονεῦσαι
1307 978 1354 1005 τδν
1370 979 1471 1004 Δαυῖδι
1488 975 1523 1014 ἦν
1537 974 1566 1004 δὲ
1585 976 1669 1003 ἰεσὸὶ
1680 977 1702 993 ⁸⁵
1726 977 1838 1011 ἔγγονος
1849 976 1896 1004 τοῦ

1110 1026 1200 1060 Ἱάφᾶ
1225 1025 1289 1061 δόρυ
1310 1025 1419 1059 ἔχοντος
1442 1023 1572 1059 σταθμῶν
1593 1024 1692 1050 σίκλων
1704 1022 1737 1050 τ’.
1756 1024 1854 1050 Ἦνῖκα
1867 1023 1897 1050 δι

1106 1073 1215 1108 ἔτρεχεν
1230 1071 1244 1098 6
1271 1069 1401 1103 Ἀϐεσσὰ,
1425 1069 1460 1106 ἦν
1481 1070 1519 1100 ὡς
1533 1070 1633 1105 δορκὰς
1660 1071 1689 1096 ὲν
1718 1070 1774 1101 τοῖς
1791 1067 1895 1104 ὄρεσιν.

1106 1119 1187 1154 Τρεῖς
1203 1118 1230 1145 δὲ
1246 1118 1300 1145 ἀπὸ
1312 1118 1366 1144 τῶν
1381 1118 1482 1144 λοιπῶν
1495 1117 1615 1151 δυνατοὶ,
1628 1125 1661 1143 τιε
1667 1115 1896 1152 ρικυκλωσάντων

1106 1165 1172 1192 ποτὶ
1200 1164 1253 1191 τῶν
1281 1163 1439 1198 ἀλλοφύλων
1456 1163 1504 1198 τὴν
1527 1162 1662 1198 Βηθλεὲμ.
1685 1162 1732 1188 καὶ
1746 1160 1793 1188 τοῦ
1814 1160 1897 1187 Δαυῖδ

1106 1211 1328 1246 ἐπιθυμήσαντος
1359 1210 1432 1236 πιεῖν
1447 1210 1479 1236 ὲκ
1494 1208 1542 1235 τοῦ
1570 1209 1687 1244 φρέατος
1701 1208 1749 1243 τῆς
1761 1205 1896 1243 Βηθλεὲμ,

1105 1256 1234 1292 διέϐησαν
1249 1257 1274 1283 οἱ
1301 1259 1325 1290 γ’
1344 1256 1392 1282 καὶ
1422 1254 1621 1291 διαρρήξαντες
1640 1254 1689 1290 τὴν
1717 1252 1897 1289 παρεμὸολήν

1105 1303 1160 1330 τῶν
1187 1302 1354 1338 ἀλλοφύλων,
1389 1299 1554 1336 ὑδρεύσαντο
1578 1302 1611 1327 ἐκ
1641 1299 1688 1327 τοῦ
1718 1301 1836 1335 φρέατος
1850 1299 1898 1326 καὶ

1107 1350 1229 1385 ἧνεγκαν
1243 1348 1316 1383 ὕδωρ
1329 1347 1368 1382 τῷ
1386 1347 1484 1373 Δαυῖδ·
1498 1348 1513 1373 6
1525 1344 1552 1373 δὲ
1567 1346 1713 1382 θαυμάσας
1741 1345 1832 1372 αὐτῶν
1848 1344 1897 1380 τὴν

1106 1396 1221 1431 δύναμιν
1248 1396 1296 1422 καὶ
1313 1395 1363 1430 τὴν
1383 1394 1500 1429 τόλμην,
1516 1393 1596 1420 ἕλαῦε
1616 1392 1647 1420 τὸ
1661 1393 1734 1429 ὕδωρ
1744 1393 1790 1419 καὶ
1806 1392 1898 1418 ἔσπει-

1109 1451 1154 1469 σεν
1168 1442 1234 1469 αὐτὸ
1249 1441 1288 1477 τῷ
1305 1441 1401 1476 Κυρίῳ
1416 1441 1504 1475 λέγων
1516 1448 1522 1454 '
1544 1449 1553 1465 ι
1567 1439 1660 1471 Ἵλεώς
1677 1448 1732 1474 μοι,
1759 1438 1856 1473 Κύριε,
1873 1438 1898 1463 εί

1108 1487 1178 1523 αἷμα
1189 1489 1344 1524 ἀνθρώπων
1354 1488 1377 1503 ⁸⁸
1394 1487 1449 1514 τῶν
1471 1486 1660 1521 πορευθέντων
1675 1487 1702 1512 ὲν
1717 1486 1778 1517 ταῖς
1799 1484 1899 1519 ψυχαῖς

1108 1535 1198 1562 αὐτῶν
1211 1535 1320 1569 πίομαι.
1334 1543 1343 1560 ι
1355 1534 1476 1568 Ὁμοίως
1491 1533 1518 1559 δὲ
1531 1533 1578 1559 καὶ
1595 1534 1618 1559 οἱ
1629 1532 1717 1559 λοιποὶ
1732 1530 1898 1566 στρατιῶται

1109 1580 1232 1616 ὑπῆρχον
1248 1580 1346 1614 ἄνδρες
1374 1578 1570 1611 δυνατώτατοι,
1594 1579 1641 1605 καὶ
1669 1577 1897 1610 ἅκαταγώνιστοι,

1109 1625 1157 1652 καὶ
1181 1623 1250 1660 πρὸς
1282 1624 1346 1655 τοὺς
1371 1623 1510 1653 ἐναντίους
1541 1619 1726 1656 φοϐερώτατοι
1743 1641 1750 1653 ,
1785 1617 1899 1655 θυρεοὺς

1108 1671 1234 1707 αἴροντες
1250 1672 1297 1697 καὶ
1310 1670 1411 1704 δόρατα
1428 1667 1556 1704 μέγιστα,
1572 1668 1619 1694 καὶ
1630 1667 1726 1701 κοῦφοι
1743 1667 1798 1697 τοῖς
1821 1665 1900 1691 ποσὶν

1108 1718 1147 1750 ὡς
1160 1717 1288 1753 δορκάδες
1300 1717 1346 1743 ἐπὶ
1360 1716 1414 1742 τῶν
1428 1715 1514 1749 ὀρέων
1527 1714 1707 1750 ὑπάρχοντες,
1724 1713 1770 1739 καὶ
1784 1713 1801 1748 ὴ
1815 1720 1900 1738 κατα-

1110 1764 1194 1799 σκευὴ
1220 1763 1310 1789 αὐτῶν
1336 1763 1408 1789 πάνυ
1443 1761 1608 1796 ἐκπληκτος,
1640 1760 1688 1787 καὶ
1708 1760 1741 1786 τὰ
1766 1759 1901 1793 πρόσωπα

1109 1810 1199 1838 αὐτῶν
1214 1810 1251 1842 ὡς
1266 1809 1402 1844 πρόσωπα
1418 1808 1543 1834 λεόντων.
1556 1806 1636 1842 126
1651 1805 1674 1821 “
1690 1804 1727 1841 (5)
1742 1805 1809 1835 Τοὺς
1826 1804 1856 1831 δέ
1867 1812 1900 1838 γε

1109 1858 1288 1894 πολεμιστὰς,
1320 1856 1366 1888 οὒς
1381 1854 1438 1891 εἶχε
1460 1855 1544 1882 πάλιν
1558 1856 1571 1882 ὁ
1584 1852 1676 1886 Δαυὶδ,
1705 1848 1739 1889 ἦν
1757 1854 1771 1880 6
1783 1850 1902 1888 ἀριθμὸς

1112 1903 1244 1940 μυριάδες
1257 1902 1322 1935 σλδ’,
1339 1902 1430 1933 καθὼς
1453 1901 1649 1937 ἠριθμήθησαν
1663 1899 1740 1935 παρὰ
1757 1898 1837 1925 Ὶωὰσ
1854 1896 1901 1924 τοῦ

1109 1949 1335 1986 ἀρχιστρατήγου
1349 1957 1355 1963 ·
1371 1948 1440 1984 φησὶ
1453 1947 1507 1983 γάρ
1517 1947 1538 1963 ⁸⁷
1554 1953 1560 1962 '
1581 1957 1589 1973 ι
1600 1947 1654 1974 Καὶ
1669 1945 1819 1981 προσέθετο
1830 1942 1901 1979 ὀργῇ

1110 1996 1214 2032 Κύριος
1227 1995 1362 2030 ὲκκαῆναι
1381 1996 1410 2021 ἐν
1422 1994 1544 2029 Ἰσραὴλ,
1560 1994 1605 2020 καὶ
1621 1993 1748 2020 ὲπέσεισε
1759 1991 1806 2018 τὸν
1818 1990 1902 2017 Δαυὶδ

1110 2043 1139 2069 ὲν
1169 2041 1263 2072 αὐτοῖς
1290 2041 1394 2074 λέγων’
1430 2040 1584 2076 Πορεύθητι
1611 2040 1659 2067 καὶ
1686 2038 1841 2073 ἁρίθμησον
1855 2036 1901 2063 τὸν

1116 2087 1226 2122 Ἰσραὴλ
1240 2087 1287 2113 καὶ
1305 2087 1351 2113 τὸν
1379 2085 1476 2113 Ἰούδα.
1510 2087 1564 2112 Καὶ
1576 2082 1653 2112 εἶπεν
1666 2086 1679 2111 6
1693 2083 1821 2119 βασιλεὺς
1833 2080 1903 2118 πρὸς

1117 2133 1196 2160 Ἶωᾶιό
1212 2133 1257 2160 τὸν
1272 2133 1390 2168 ἄρχοντα
1406 2133 1454 2167 τῆς
1466 2132 1557 2167 ίσχύος
1573 2132 1623 2166 τῆς
1636 2128 1902 2166 μετάύτοῦσΔιέλθε

1110 2181 1160 2212 τὰς
1175 2179 1262 2214 φυλὰς
1285 2180 1376 2211 πάσας
1399 2178 1519 2214 Ἰσραὴλ,
1554 2179 1602 2204 καὶ
1621 2178 1669 2209 ἴδε,
1693 2177 1740 2204 καὶ
1753 2173 1902 2210 ἐπίσκεψαι

1110 2227 1156 2253 τὸν
1168 2227 1244 2259 λαὸν,
1258 2226 1307 2253 καὶ
1326 2225 1469 2260 γνώσομαι
1488 2225 1533 2251 τὸν
1557 2224 1672 2260 ἀριθμὸν
1686 2224 1732 2250 τοῦ
1746 2222 1823 2250 λαοῦ.
1846 2221 1903 2249 Καὶ

1111 2270 1190 2299 εἶπεν
1207 2272 1287 2299 Ίωάό
1307 2280 1314 2288 ·
1338 2271 1474 2307 Προσθείη
1492 2270 1594 2306 Κύριος
1609 2270 1698 2301 δΘεὸς
1715 2270 1760 2296 ἐπὶ
1775 2269 1820 2296 τὸν
1838 2266 1903 2294 λαόν

1113 2327 1172 2346 σου.
1201 2319 1255 2345 Καὶ
1270 2318 1314 2345 ἵνα
1328 2317 1354 2344 τι
1368 2319 1381 2349 6
1395 2317 1489 2352 κύριός
1518 2325 1569 2352 μου
1586 2315 1710 2351 βούλεται
1727 2316 1756 2341 ιν
1774 2314 1813 2349 τῷ
1829 2313 1903 2349 λόγῳ

1112 2363 1217 2398 τούτῳ;
1235 2364 1288 2390 Καὶ
1303 2361 1485 2399 ὑπερίσχυσεν
1502 2360 1516 2389 6
1533 2363 1611 2396 λόγος
1625 2360 1672 2388 τοῦ
1684 2360 1817 2396 βασιλέως
1832 2360 1903 2396 πρὸς

1118 2408 1198 2437 Ἰωὰὸ
1223 2411 1272 2437 καὶ
1295 2410 1364 2445 πρὸς
1386 2411 1448 2441 τοὺς
1471 2411 1606 2446 ἄρχοντας
1624 2409 1674 2444 τῆς
1685 2409 1838 2444 δυνάμεως,
1855 2407 1904 2434 καὶ

1111 2454 1218 2491 ἀπῆλθε
1234 2454 1316 2482 Ἰωὰϐ
1339 2456 1539 2491 ἐπισκέψασθαι
1566 2455 1612 2482 τὺν
1633 2455 1707 2482 λαόν.
1733 2454 1787 2481 Καὶ
1799 2453 1832 2488 δὴ
1843 2454 1906 2480 ἑπι-

1113 2502 1285 2537 σκεψάμενος
1311 2502 1411 2528 δέδωκε
1441 2502 1573 2537 (291))τὸν
1594 2501 1711 2537 ἀριθμὸν
1723 2499 1774 2534 τῆς
1789 2499 1904 2526 ἐπισκέ-

1111 2548 1184 2583 ψεως
1215 2548 1263 2574 τοῦ
1294 2547 1360 2574 λαοῦ
1389 2548 1437 2575 τοῦ
1463 2548 1556 2575 Δαυίδ.
1586 2548 1641 2575 Kal.
1667 2545 1700 2582 ἧν
1716 2547 1770 2577 πᾶς
1791 2545 1903 2581 Ἰσραὴλ

1111 2591 1228 2626 χίλιαι⁶³
1255 2593 1303 2619 καὶ
1321 2591 1344 2628 ρ’
1359 2591 1477 2627 χιλιάδες
1505 2592 1610 2628 ἀνδρῶν
1627 2592 1809 2627 ἐσπασμένων
1832 2591 1902 2625 ῥομ-

878 2676 978 2706 Varite
1000 2675 1155 2707 lectiones
1175 2679 1207 2706 et
1225 2679 1321 2706 notae.

307 2763 330 2779 “
344 2763 473 2790 *Ελεανάν
493 2765 570 2796 ίῌθ.
608 2764 630 2780 "
647 2763 696 2791 καὶ
711 2764 725 2789 6
744 2763 769 2790 λ.
782 2761 902 2798 ἑκάθησε
918 2763 933 2789 6
953 2762 981 2790 ὰ.
998 2759 1248 2798 πλὴνῇκδιδύσκειν
1263 2763 1306 2790 II).
1320 2762 1397 2798 ——VB.
1422 2762 1493 2797 ἀνὴρ
1522 2762 1602 2794 αὐτὸς
1633 2762 1780 2794 πολλοστὸς
1810 2763 1900 2798 ξργοις

269 2798 364 2829 2031.
402 2798 425 2814 ⁴¹

272 2868 378 2903 ἀνδρῶν
396 2869 440 2895 I'l.

274 2902 342 2938 Leo,
358 2902 387 2930 ω’
401 2903 520 2939 χιλιάδες
535 2904 557 2931 ll
576 2904 640 2932 Sam
669 2912 744 2937 xxxv,
760 2907 786 2932 υ.

448 2799 476 2833 ἡ.
499 2799 547 2826 τοῦ
563 2798 652 2834 χιόνας
666 2800 712 2827 20.
752 2798 775 2815 “
791 2796 1012 2834 αὑτὸὲνὲξήγειρε
1027 2796 1058 2834 τδ
1072 2796 1136 2834 δόρυ
1162 2797 1247 2824 αὑτοῦ
1268 2798 1327 2834 Early
1341 2797 1364 2834 τ’
1377 2796 1550 2834 τραυματίας
1566 2799 1608 2824 18.

270 2834 328 2864 τοῖς
348 2832 471 2869 ἐκγόνοις
484 2834 532 2861 τοῦ
547 2832 587 2861 Ῥζ
603 2836 650 2861 καὶ
666 2836 679 2861 ό
696 2834 816 2869 σταθμὸς
834 2833 881 2860 τοῦ
899 2832 1011 2868 δόρατος
1029 2833 1056 2858 αἱ

1108 2835 1159 2859 ιτ’.
1191 2841 1218 2859 σ.
1237 2841 1298 2869 xvi,
1318 2833 1361 2869 ίνϐ.
1378 2832 1449 2869 {ﬁll
1467 2833 1544 2861 Sam.
1573 2841 1629 2869 tut,
1658 2832 1751 2860 I347.

489 2870 511 2884 ⁶⁶
528 2869 595 2897 Ccd.
614 2868 823 2902 125,945419.
863 2869 1013 2895 ι⁸⁷118ιιιιι.
1037 2875 1110 2900 xxrv,
1128 2868 1187 2895 1-4.

1660 2799 1684 2814 "
1700 2798 1729 2824 ’1.
1750 2798 1779 2830 ὃς
1810 2796 1845 2834 ἦν
1874 2800 1903 2824 ἐν

1660 2833 1691 2849 Ιῖ
1709 2832 1739 2849 ΙἽ
1801 2834 1823 2849 CI
1847 2833 1903 2849 -ιῗηι

1813 2833 1827 2850 ³7
1847 2833 1903 2859 τῶν

1228 2869 1250 2884 ιυ
1265 2868 1382 2903 χιλιάδες
1397 2868 1406 2895 l
1422 2866 1484 2896 Par.
1498 2877 1554 2901 xxi,
1569 2868 1596 2902 5,
1612 2869 1730 2904 χιλιάδες
1757 2867 1779 2904 ρ’
1793 2868 1841 2895 καὶ
1858 2869 1900 2903 κῇ·
