2053 3154
235 159 289 189 215

858 152 1017 183 GEORGII
1039 151 1264 181 HAMARTOIJ

1829 142 1881 175 236

237 216 368 243 diliorcm
401 214 549 242 ostendunt
599 211 732 239 inhabilis
776 211 859 246 Regis
895 209 1032 245 gloriam;

1086 208 1134 235 οὐκ
1151 207 1206 235 ἀπὺ
1218 206 1319 242 ψυχῆς,
1337 205 1382 232 καὶ
1393 205 1434 236 τίς
1449 205 1497 240 οὐχ
1510 205 1653 240 ἦμαρτεν;
1667 213 1676 230 1
1695 203 1753 239 (15)
1770 203 1816 229 Διὸ
1831 208 1881 231 τας

239 262 367 289 οω1θειεε
381 260 453 287 enim
469 259 552 294 plagae
570 258 697 286 morbum
716 258 888 293 propulsant,
903 255 1034 290 primam—

238 314 292 341 que
324 305 441 332 reddunt
470 304 624 331 sanitatem.
649 303 728 330 Omni
762 308 879 336 namque
904 300 986 327 modo
1004 303 1033 326 ut

241 352 349 387 sapiens
380 350 504 377 medicus
533 349 671 383 castigans
700 348 796 375 leniter
837 347 941 377 edOCcl.
972 349 1034 379 post

239 397 342 433 peccati
370 396 582 423 confessionem.
611 395 678 422 Cum
717 394 789 421 enim
820 392 936 420 dixisset
970 399 1034 426 pro—

240 445 320 478 pheta
343 451 350 469 :
369 452 378 468 1
394 442 453 469 Non
489 442 615 469 morieris
634 451 643 466 1
684 440 812 467 addidit:
843 449 851 465 1
875 439 1032 466 Provocans

238 489 393 525 provocasti
415 489 441 515 in
480 488 598 515 inimicis
640 487 796 514 Dominum.
817 495 826 511 1
853 486 887 513 Et
913 484 1032 520 primum

239 545 270 563 ex
294 535 418 563 adultera
437 534 550 562 muliere
568 534 652 561 lilium
665 533 800 568 percussit
821 532 892 560 Deus
909 539 916 564 ;
934 530 1032 558 deinde

238 587 332 609 umlra
358 580 486 607 Davidem
518 580 563 607 filii
592 579 722 607 Absalom
752 578 927 606 rebellionem
946 575 1032 611 signi-

239 628 325 655 ficans
350 627 442 654 dixit:
466 635 476 651 1
495 625 526 652 Et
553 633 626 652 nunc
657 632 711 652 non
739 625 849 652 recedet
875 622 981 658 gladius
999 621 1032 648 de

237 675 320 701 domo
344 678 399 700 tua.
423 682 432 698 1
461 672 557 699 Merito
595 671 679 705 igitur
718 671 846 697 dicebat:
862 678 871 695 1
887 667 1032 702 Castigatus

234 719 384 754 m-stigavit
424 725 468 745 me
501 718 643 750 Dominus,
669 721 696 744 et
731 715 811 743 morti
838 722 891 742 non
924 713 1035 740 tradidit

238 773 292 794 me.
312 774 321 791 1

1084 254 1204 289 χαλεπὰς
1217 252 1325 281 ἀπειλεῖ
1340 251 1475 287 τιμωρίας
1493 252 1506 277 ό
1530 250 1585 278 τῶν
1600 250 1695 285 ψυχῶν
1712 249 1804 286 ίατρδς
1829 249 1877 276 καὶ

1084 300 1184 334 ἐπάγει
1201 299 1299 331 αὑτὰς,
1316 298 1418 328 αἳτινες
1432 296 1625 332 λαμπροτερον
1639 296 1742 330 ἔδειξαν
1753 295 1800 323 τοῦ
1815 295 1877 322 θαυ-

1086 345 1190 380 μαστοῦ
1202 343 1339 375 Βασιλέως
1356 343 1386 370 τὸ
1403 342 1492 374 κλέος·
1518 343 1546 368 at!
1573 342 1627 377 γὰρ
1653 342 1780 377 θεήλατοι
1807 343 1878 375 πλη-

1085 391 1132 424 yol.
1147 390 1196 426 τὴν
1210 391 1287 416 νόσον
1305 389 1414 423 ἐκείνην
1434 387 1571 423 ἐξήλασαν
1596 388 1643 414 καὶ
1666 387 1716 422 τὴν
1742 387 1879 423 προτέραν

1088 436 1193 470 ὑγίειαν
1209 435 1365 462 ἀπέδωκαν.
1384 434 1438 461 Καὶ
1457 434 1511 470 γὰρ
1527 433 1713 464 παντοδαπαῖς
1731 433 1822 465 αὑτὸν,
1837 430 1880 459 οἷα

1087 482 1120 518 δὴ
1136 483 1273 516 πάνσοφος
1291 482 1393 516 ἰατρὸς,
1411 480 1549 511 παιδείαις
1579 480 1721 507 ἀπέδωκεν
1745 480 1815 514 μετὰ
1832 479 1880 514 τὴν

1086 529 1232 564 ὁμολογίαν
1268 529 1317 562 τῆς
1345 528 1482 563 ἁμαρτίας
1496 535 1503 541 ·
1538 525 1659 562 είρηκὼ;
1674 525 1729 561 γὰρ
1741 527 1754 552 ὁ
1773 527 1880 560 προφή-

1084 583 1133 610 της
1142 575 1173 590 ¹⁶·
1191 575 1243 601 1οὺ
1259 574 1296 610 μὴ
1309 574 1460 610 ἀποθάνῃς,
1474 582 1482 598 1
1496 575 1631 607 ἐπήγαγε
1646 572 1735 607 111λὴν
1750 572 1882 607 παροργί-

1083 621 1137 653 ζων
1143 621 1322 656 παρώργισας
1331 620 1407 655 131
1418 621 1446 646 ὲν
1455 621 1510 652 τοῖς
1519 619 1741 651 ὑπεναντίοιςτον
1750 618 1862 654 Κύριον.
1869 628 1878 644 1

1088 667 1143 694 Καὶ
1160 667 1269 702 πρῶτον
1286 667 1378 701 μέντοι
1394 666 1424 692 ’τὺ
1442 666 1598 702 μοιχαλίδος
1616 666 1724 693 παιδίον
1747 666 1881 699 ἐπάταξεν

1087 715 1101 740 ὸ
1117 713 1194 743 Θεδε,
1211 712 1308 739 ἔπειτα
1323 712 1352 738 δὲ
1378 713 1426 739 καὶ
1449 712 1499 747 τὴν
1513 712 1560 738 τοῦ
1571 712 1630 739 υίοῦ
1649 711 1809 747 Ἀδεσαλὼμ
1820 711 1882 740 κατ’

1088 759 1171 785 αὑτοῦ
1188 759 1375 785 ἐπανάστασιν
1390 758 1556 794 παραδηλῶν
1582 766 1650 792 φησι
1674 758 1708 774 ¹⁶’
1729 767 1738 784 1
1755 758 1810 785 Καὶ
1835 758 1881 785 νῦν

232 813 288 840 οὐκ
314 812 493 848 ἑξαρθήσεται
521 811 644 847 ῥομφαία
665 811 696 837 ὲκ
722 810 769 837 τοῦ
797 810 871 836 οἴκου
901 817 958 834 σου.
977 817 986 833 1
1017 807 1138 838 Εἰκότως
1151 804 1198 833 οὖν
1218 806 1296 841 ἔλεγε
1312 806 1351 822 ⁸⁷·
1372 806 1527 833 1Παιδεύων
1541 805 1684 833 ὲπαίδευσέ
1705 815 1739 842 με
1753 807 1882 842 6Κὺριος

235 860 286 886 καὶ
305 859 344 894 τῷ
356 858 465 893 Θανάτῳ
476 857 505 884 οὺ
525 857 669 892 παρέδωκέ
686 865 729 891 με.
745 865 754 882 1

271 905 345 932 Cum
357 905 439 939 igitur
453 904 554 931 videris
573 907 733 938 peccantem
750 901 795 935 qui
813 900 915 928 divitiis
927 920 934 931 .
952 899 1035 927 felici-

1124 898 1180 934 (Η)
1191 898 1276 924 Ὀταν
1291 898 1380 925 τοίνυν
1394 898 1451 934 ῐδῃς
1461 898 1624 933 ἀμαρτωλὸν
1637 907 1700 925 τινα
1711 898 1882 927 πλουτοῦντα

238 955 303 982 rate,
316 949 469 976 valetudine
478 947 590 980 florens,
602 947 704 974 nullam
719 945 821 981 patitur
834 945 1036 976 adversitatem,

239 996 301 1023 dole
314 1003 375 1023 cum
393 996 522 1030 Iacrymis
537 999 565 1021 et
580 995 642 1029 luge
662 1000 725 1020 eum
745 993 817 1027 quod
837 993 892 1018 bare
905 991 996 1018 omnia
1011 995 1038 1017 et

239 1041 364 1078 graviora
380 1042 472 1069 adhuc
495 1042 518 1068 ei
536 1041 562 1067 in
584 1047 691 1075 poenam
715 1039 883 1066 incumbant.
900 1037 1038 1069 Quemad-

239 1089 351 1115 modum
382 1088 454 1115 enim
481 1088 528 1122 qnl
547 1087 628 1113 multa
647 1089 802 1121 peccantes,
832 1083 934 1110 nullam
953 1087 1037 1117 agunt

240 1133 430 1168 penitentiam
463 1141 473 1158 1
490 1131 737 1160 thesaurizantsibi
765 1132 812 1157 ira:
839 1130 1032 1158 thesauran

239 1181 282 1207 sic
297 1181 344 1214 qui
361 1179 450 1207 omnis
469 1186 600 1206 aerumnae
623 1182 750 1212 expertes
773 1175 892 1203 secunda
909 1175 1037 1202 fruuntur

241 1227 362 1259 fortuna,
388 1225 507 1260 graviori
531 1224 738 1251 damnabuntur
764 1221 908 1256 supplicio.
941 1222 973 1248 lit
985 1221 1036 1247 hoc

240 1275 318 1306 putet.
338 1278 369 1298 ex
401 1270 534 1305 exemplis
561 1277 615 1296 non
652 1270 734 1296 modo
750 1275 766 1295 a
783 1267 876 1294 futura
903 1267 967 1299 vita,
989 1266 1036 1294 sed

241 1322 301 1345 t-ta
326 1316 452 1352 priesenti
492 1315 620 1350 sumptis.
660 1314 742 1341 David
779 1314 852 1340 enim
884 1317 946 1347 post
970 1312 1035 1340 illud

241 1367 381 1398 peccatum
398 1362 510 1398 gravius
533 1362 717 1395 reprehensus
732 1365 774 1387 est
799 1367 831 1387 eo
854 1361 927 1393 quod
963 1363 1036 1386 tanta

242 1409 422 1444 prosperitate
448 1407 542 1434 fruens
576 1407 616 1433 sic
650 1410 801 1440 peccasset.
836 1405 1037 1439 Dicitnninque

241 1453 384 1488 Scriptura
406 1462 413 1480 :
433 1453 617 1487 Opprobrium
636 1452 661 1478 ei
677 1451 798 1479 inferens
822 1452 893 1478 Deus
915 1458 961 1485 per
981 1450 1035 1478 Na-

245 1498 310 1524 tlian
335 1497 494 1531 prophetam
517 1498 557 1524 sic
580 1497 618 1523 ait
635 1505 642 1524 :
670 1504 679 1522 1
696 1496 753 1531 Ego
767 1496 833 1523 unxi
850 1502 876 1522 te
899 1495 926 1522 in
946 1503 1035 1530 regem

243 1552 325 1578 super
362 1543 461 1576 Israel;
492 1550 542 1578 ego
569 1542 628 1570 erui
651 1547 677 1569 te
699 1542 732 1569 de
749 1550 830 1569 manu
844 1543 909 1569 Saul
934 1547 961 1569 et
975 1542 1035 1569 dedi

242 1589 291 1617 tibi
306 1589 418 1617 domum
446 1589 551 1616 domini
571 1588 608 1616 tul
635 1592 663 1615 et
676 1588 788 1615 domum
805 1587 889 1616 lsrael
914 1593 941 1616 et
956 1588 1037 1621 Juda,

240 1640 268 1665 et
280 1636 305 1665 si
320 1643 402 1671 parva
426 1640 489 1663 sunt
517 1635 580 1668 ista,
601 1634 729 1669 adjiciam
763 1635 812 1662 tibi
846 1634 940 1661 omnia
967 1634 1037 1662 haec.

241 1682 274 1710 Et
289 1689 340 1710 cur
354 1689 409 1708 non
422 1681 564 1708 custodisti
583 1680 743 1707 mandatum
762 1687 852 1706 meum
865 1679 876 1705 ?
891 1689 900 1705 1
917 1679 1037 1707 Audient

242 1729 325 1764 igitur
342 1721 411 1756 011111⁴
437 1729 482 1763 qui
504 1727 634 1756 felicitate
660 1735 734 1755 nunc
752 1726 891 1760 ﬂorentes,
910 1728 1036 1754 mandata

242 1774 351 1801 Domini
367 1782 420 1800 non
438 1774 597 1800 custodiunt
617 1783 623 1800 :
647 1773 831 1806 «Amen,dico
849 1774 926 1801 vobis
944 1781 952 1799 :
977 1772 1036 1800 Non

242 1821 305 1848 novi
321 1827 379 1847 vos.
400 1819 569 1846 Disceditein
588 1819 676 1855 ignem
691 1824 823 1847 aeternum
838 1819 884 1855 qui
901 1827 1038 1854 prepara-

241 1872 287 1894 tus
300 1871 342 1894 est
358 1865 468 1892 diabolo
482 1870 510 1892 et
533 1867 637 1900 angelis
653 1866 722 1901 ejus.
742 1875 751 1892 1
771 1866 823 1894 Sed
839 1867 897 1894 hinc
912 1867 980 1894 satis
994 1866 1036 1892 di-

242 1912 393 1947 gressionis
407 1918 488 1938 causa
505 1911 577 1938 dicta
597 1917 671 1940 sunt.

280 2002 380 2030 Beatus
398 2000 481 2028 David
497 2009 559 2028 rum
571 2006 633 2028 ante
654 2007 768 2029 mortem
790 2009 868 2029 suam
885 2001 1038 2029 vocavisset

243 2049 329 2076 filium
345 2055 425 2075 suum
442 2047 627 2079 Salomonem,
643 2047 709 2074 dixil
738 2047 761 2073 ei
781 2055 788 2074 :
810 2055 819 2072 1
832 2046 974 2080 Salomon,
999 2046 1035 2073 fili

243 2102 290 2127 iui,
309 2095 457 2122 voluntatis
486 2101 553 2120 meae
585 2093 636 2120 luit
652 2097 682 2120 ut
722 2092 886 2120 aediﬁcarent
921 2093 1035 2119 domum

245 2141 348 2169 mmini
376 2140 485 2168 Domini
513 2139 561 2166 Dei
578 2139 678 2171 nostri,
707 2138 754 2165 sed
769 2138 856 2165 factus
877 2143 919 2165 est
945 2145 1036 2165 sermo

243 2187 350 2216 Domini
367 2188 401 2214 ad
417 2195 459 2214 me
471 2187 583 2214 dicens:
597 2194 606 2211 1
623 2185 734 2212 Multum
744 2184 904 2219 sanguinem
918 2184 1037 2212 eﬂ'udisti

242 2239 268 2260 et
284 2233 400 2267 plurima
427 2233 495 2259 bella
520 2231 634 2264 bellasti,
667 2236 694 2258 et
716 2238 768 2257 non
785 2231 887 2265 poteris
901 2230 1036 2258 aedificare

242 2278 353 2305 domum
375 2278 478 2304 nomini
517 2286 588 2304 meo.
616 2277 687 2304 Ecce
716 2277 789 2303 filius
810 2276 931 2303 nascitur
947 2275 994 2303 tibi
1009 2280 1036 2302 et

244 2324 341 2351 faciam
361 2331 423 2350 eum
444 2323 614 2358 requiescere
637 2323 672 2350 ab
698 2323 828 2350 omnibus
842 2322 962 2350 inimicis
978 2322 1036 2349 suis

243 2377 291 2404 per
316 2370 461 2397 circuitum
483 2378 490 2396 :
512 2374 538 2396 et
578 2370 614 2396 ob
656 2369 727 2396 hanc
761 2377 872 2396 causam
901 2368 1035 2396 Paciﬁcus

242 2415 395 2442 vocabitur.
412 2414 472 2450 Ipse
499 2415 646 2442 :ednliuabit
676 2416 785 2442 domum
822 2415 924 2442 nomini
961 2423 1033 2442 meo.

243 2461 321 2489 Nune
342 2469 418 2496 ergo,
440 2461 476 2488 lili
494 2462 541 2491 1111,
562 2461 718 2488 ennforlare
737 2466 763 2488 et
789 2461 904 2488 viriliter
916 2469 975 2496 age.
1004 2461 1039 2488 Et

241 2515 305 2535 ecce
324 2515 374 2542 ego
403 2507 430 2534 in
456 2511 614 2542 paupertate
641 2515 700 2533 mea
737 2508 885 2542 praeparari
902 2507 1038 2541 impensas

241 2555 339 2582 domus
366 2554 485 2585 Domini,
505 2554 564 2580 auri
583 2553 683 2581 talenta
707 2557 817 2580 centum
836 2553 933 2586 millia,
956 2558 1038 2581 etar—

239 2602 312 2637 gcnti
328 2601 402 2628 mille
425 2600 509 2628 millia
527 2599 705 2631 talentorum,
730 2606 767 2626 ωε
781 2603 809 2626 et
838 2599 942 2626 ferrum
959 2599 1037 2634 cujus

1088 944 1135 970 καὶ
1152 944 1353 979 εὐημεροῦντα,
1378 943 1537 978 ὑγιαίνοντα
1560 945 1607 971 καὶ
1625 945 1709 979 μηδὲν
1727 946 1812 973 κακὸν
1828 947 1880 973 πά-

1088 998 1198 1023 σχοντα.
1224 990 1370 1023 στέναξον,
1396 991 1545 1025 δάκρυσον,
1574 991 1711 1025 πένοησον
1733 992 1826 1025 αὑτὸν,
1844 993 1881 1024 ὡς

1088 1034 1233 1070 προσθήκῃ
1252 1035 1273 1050 ⁸⁸
1286 1036 1324 1067 εἰς
1342 1035 1453 1062 κόλασιν
1473 1035 1559 1062 ταῦτα
1585 1036 1660 1071 αὺτῷ
1684 1037 1878 1072 συμϐαίνοντα.

1088 1081 1193 1115 Ὥσπερ
1205 1082 1258 1116 γὰρ
1266 1082 1289 1107 οί
1302 1081 1387 1107 πολλὰ
1399 1082 1602 1116 ἁμαρτάνοντες
1615 1083 1661 1110 καὶ
1671 1084 1707 1118 μὴ
1721 1085 1881 1118 μετανοοῦν-

1087 1135 1131 1158 τες
1145 1128 1165 1143 ¹⁹
1191 1137 1199 1153 1
1221 1128 1434 1163 θησαυρίζουσιν
1460 1130 1568 1160 ἑαυτοῖς
1597 1129 1683 1164 ὀργῆς
1704 1139 1712 1155 1
1731 1130 1880 1167 θησαυρὸν,

1087 1173 1173 1204 οὕτως
1189 1174 1213 1199 οἱ
1240 1174 1311 1208 μετά
1335 1175 1365 1200 τὸ
1387 1175 1469 1209 μηδὲν
1484 1175 1649 1206 κολάζεσθαι
1665 1177 1712 1202 καὶ
1729 1177 1882 1213 εὐπραγίας

1086 1218 1273 1250 ἀπολαύοντες
1300 1220 1413 1254 μείζονα
1440 1220 1490 1256 τὴν
1513 1221 1649 1257 τιμωρίαν
1669 1223 1880 1259 ὑποττήσονται.

1088 1265 1143 1291 Καὶ
1158 1265 1249 1300 δῆλον,
1266 1266 1315 1292 οὐκ
1333 1267 1386 1293 ἀπὸ
1403 1267 1456 1293 τῶν
1470 1267 1623 1302 μελλόντων
1642 1269 1733 1302 μόνον,
1749 1269 1816 1296 ἀλλὰ
1832 1272 1882 1298 καὶ

1086 1311 1141 1338 ἀπὸ
1166 1311 1215 1338 τοῦ
1231 1312 1366 1347 παρόντος
1390 1312 1448 1347 βίου
1474 1314 1504 1340 τὴ
1522 1314 1685 1349 ὑπόδειγμα.
1717 1316 1745 1343 '0
1767 1318 1820 1352 γάρ
1841 1326 1882 1345 τοι

1086 1355 1168 1382 Δαυῖδ
1185 1354 1261 1387 οὗτος
1278 1359 1348 1392 μετὰ
1363 1359 1413 1393 τὴν
1439 1360 1577 1394 ἁμαρτίαν
1595 1361 1704 1396 ἐκείνην
1728 1363 1882 1390 ἐνεκαλεῖτο

1088 1403 1269 1438 σφοδρότερον
1280 1405 1317 1436 ὡς
1334 1405 1435 1440 πολλῆς
1453 1406 1612 1438 ἀπολαύσας
1626 1407 1718 1438 ἁδείας
1734 1409 1782 1435 καὶ
1794 1409 1882 1436 τοιοῦ-

1086 1458 1133 1481 τος
1147 1450 1293 1486 γενόμενος
1305 1459 1311 1467 ⁸
1329 1453 1397 1486 φησὶ
1412 1453 1478 1488 γὰρ,
1495 1454 1518 1468 ¹⁰
1536 1454 1688 1486 Ὀνειδίζων
1703 1455 1881 1488 αὑτὸνὸΘεδς

1087 1496 1131 1523 διὰ
1147 1496 1242 1524 Νάθαν
1266 1497 1314 1524 τοῦ
1340 1500 1482 1534 προφήτου
1506 1499 1582 1534 λέγει
1606 1501 1728 1532 ¹¹οὕτως
1778 1511 1788 1528 1
1811 1503 1881 1537 Ἐγὼ

1090 1543 1187 1577 ἕχρισά
1200 1551 1230 1569 σε
1241 1543 1353 1578 βασιλέα
1369 1545 1416 1571 ἐπὶ
1433 1545 1554 1581 Ἰσραὴλ,
1570 1546 1617 1572 xxi
1631 1547 1794 1583 ἐρρυσάμην
1808 1556 1836 1574 σε
1849 1550 1881 1575 ὲκ

1090 1589 1182 1625 χειρὸς
1197 1589 1294 1622 Σαοὺλ,
1314 1590 1363 1617 καὶ
1376 1590 1464 1618 ἔδωκά
1480 1600 1520 1618 σοι
1547 1592 1593 1619 τὸν
1619 1591 1695 1619 οἷκον
1712 1594 1758 1620 τοῦ
1785 1595 1880 1630 κυρίου

1090 1643 1148 1668 σου,
1166 1649 1201 1655 -α
1217 1636 1320 1663 καὶτὸν
1339 1635 1413 1663 οἷκον
1428 1637 1538 1674 Ἰσραὴλ
1552 1639 1599 1665 καὶ
1617 1638 1713 1671 Ἰούδα,
1733 1641 1778 1666 καί
1794 1641 1817 1667 εί
1836 1650 1881 1675 μι-

1089 1681 1154 1718 κρόν
1170 1683 1239 1714 ἐστι,
1258 1683 1407 1719 προσθήσω
1424 1693 1466 1710 σοι
1483 1686 1532 1712 καὶ
1558 1686 1647 1712 πάντα
1663 1687 1760 1713 ταῦτα.
1785 1688 1840 1714 Καὶ
1855 1688 1880 1713 τί

1087 1726 1129 1753 ὃτι
1154 1727 1204 1753 οὐκ
1229 1727 1366 1762 ὲφύλαξας
1388 1729 1438 1764 τὴν
1464 1731 1575 1765 ἐντολήν
1602 1740 1672 1766 μου;
1694 1741 1703 1758 1
1734 1732 1800 1759 Τότε
1817 1733 1881 1767 γοῦν

1088 1772 1251 1800 ἀκούσονται
1266 1775 1312 1800 καὶ
1326 1775 1350 1801 oi.
1368 1775 1571 1811 εὐημεροῦντες
1584 1777 1632 1803 νῦν
1647 1779 1693 1804 καὶ
1710 1779 1758 1809 τὰς
1772 1779 1882 1810 ἐντολὰς

1089 1817 1192 1852 Κυρίου
1209 1819 1246 1855 μὴ
1256 1818 1438 1854 φυλάττοντες
1453 1821 1476 1836 ¹¹
1489 1829 1496 1836 '
1517 1831 1526 1847 1
1544 1822 1642 1857 Ἀμὴν,
1657 1823 1729 1857 Λέγω
1745 1824 1820 1858 ὑμῖν,
1831 1825 1882 1850 οὐκ

1087 1861 1147 1891 οῖδα
1163 1865 1244 1899 ὑμᾶς,
1261 1865 1412 1900 πορεύεσθε
1433 1868 1474 1898 είς
1491 1867 1520 1893 τὸ
1548 1868 1604 1903 πῦρ
1635 1870 1665 1895 τὸ
1695 1869 1827 1906 ἐξώτερον
1851 1871 1882 1897 τὸ

1087 1911 1290 1946 ἡτοιμασμένον
1301 1912 1339 1947 τῷ
1352 1913 1469 1949 διαϐόλῳ
1485 1915 1598 1947 καὶτοῖς
1616 1916 1743 1950 ἀγγέλοις
1760 1917 1856 1944 αὐτοῦ.
1869 1927 1879 1942 1

1088 1956 1154 1992 (Καὶ
1168 1957 1254 1983 ταῦτα
1269 1957 1320 1992 μὲν
1330 1959 1370 1991 εἰς
1384 1959 1512 1986 τοσοῦτον
1524 1961 1737 1996 παρεκὸατικῶς
1749 1962 1880 1999 εἴρηται.)

1124 2001 1180 2037 (15)
1202 2002 1231 2028 '0
1244 2003 1273 2028 δὲ
1286 2003 1510 2040 μακάριοςΔαυτδ
1520 2006 1574 2040 πρὸ
1591 2006 1641 2040 τῆς
1660 2007 1789 2043 τελευτῆς
1799 2007 1882 2034 αὑτοῦ

1088 2048 1206 2079 καλέσας
1219 2048 1264 2074 τὸν
1290 2049 1348 2075 υἱὸν
1362 2050 1445 2076 αὐτοῦ
1469 2051 1643 2086 Σολομῶντα,
1662 2050 1739 2080 εἶπεν
1752 2054 1826 2089 αὐτῷ
1840 2054 1881 2070 ⁹³·

1092 2103 1100 2119 1
1118 2093 1255 2129 Σολομὼν,
1269 2095 1366 2121 τέκνον
1387 2104 1450 2131 μου,
1467 2097 1528 2132 ὲμοὶ
1545 2098 1653 2132 ἐγένετο
1669 2099 1716 2126 ἐπὶ
1732 2099 1820 2136 ψυχὴν
1835 2102 1882 2127 τοῦ

1087 2141 1266 2175 οἰκοδομῆσαι
1280 2140 1354 2168 οἶκον
1368 2142 1472 2178 Κυρίου
1488 2143 1534 2169 τοῦ
1557 2144 1639 2177 Θεοῦ,
1655 2146 1702 2171 καὶ
1715 2146 1826 2180 ἐγένετο
1837 2146 1882 2173 λό-

1090 2195 1139 2222 γος
1148 2187 1252 2223 Κυρίου
1265 2188 1309 2214 ἐπ’
1320 2188 1370 2223 ἐμὲ
1381 2188 1468 2224 λέγων
1478 2198 1485 2205 ·
1502 2199 1512 2216 1
1523 2189 1598 2226 Αἷμα
1610 2192 1648 2224 είς
1658 2192 1762 2228 πλῆθος
1771 2193 1882 2230 ἐξέχεας

1054 2248 1076 2276 D
1091 2234 1137 2259 καὶ
1153 2232 1292 2268 πολέμους
1307 2234 1440 2269 ἐποίησας
1458 2235 1596 2270 μεγάλους
1612 2237 1658 2263 καὶ
1671 2238 1721 2264 οὒκ
1738 2239 1884 2274 01106951.!)-

1090 2287 1148 2310 σεις
1162 2275 1236 2305 οἷκον
1251 2278 1290 2313 τῷ
1303 2279 1416 2315 ὀνόματί
1438 2289 1499 2316 μου.
1516 2281 1594 2314 Ἰδοὺ,
1615 2283 1672 2315 υίὸς
1685 2283 1809 2310 τίκτεταί
1828 2293 1880 2315 σοι,

1089 2326 1136 2352 καὶ
1153 2325 1304 2353 ἀναπαύσω
1321 2327 1403 2353 αὑτὸν
1425 2328 1457 2353 ὲκ
1475 2327 1585 2355 πάντων
1601 2329 1654 2356 τῶν
1671 2330 1777 2365 ἐχθρῶν
1796 2331 1882 2357 αὑτοῦ

1088 2372 1143 2399 τῶν
1158 2372 1244 2399 ὅντων
1255 2372 1333 2408 132
1347 2373 1490 2406 κυκλόθεν,
1508 2375 1547 2401 ὅτι
1560 2375 1687 2410 Σολομὼν
1698 2377 1784 2411 ὗνομα
1797 2377 1881 2412 αὐτῷ.

1089 2417 1144 2444 Καὶ
1165 2416 1243 2450 οὗτος
1260 2419 1435 2453 οἰκοδομήσει
1453 2418 1528 2446 οἷκον
1553 2421 1591 2456 τῷ
1609 2422 1722 2456 ὀνόματί
1743 2432 1804 2457 μου.
1824 2433 1832 2447 1
1851 2439 1883 2443 --

1088 2463 1111 2479 ’⁵
1128 2472 1138 2488 1
1154 2463 1208 2490 Καὶ
1222 2464 1270 2490 νῦν
1284 2464 1412 2500 ἁνδρίζου
1427 2467 1474 2493 καὶ
1491 2467 1578 2502 ἴσχυε.
1594 2468 1649 2495 Καὶ
1667 2469 1721 2496 ίδοῦ
1738 2471 1793 2504 ἐγὼ
1811 2471 1883 2497 κατὰ

1089 2510 1229 2545 πτωχείαν
1245 2511 1268 2526 ’⁵
1292 2520 1343 2546 μου
1373 2513 1513 2548 ήτοίμασα
1538 2515 1578 2546 εἰς
1595 2513 1669 2542 οἷκον
1686 2516 1789 2552 Κυρίου
1808 2517 1881 2553 (ΞΙδ)

1088 2557 1202 2590 χρυσίου
1217 2557 1335 2584 τάλαντα
1347 2558 1370 2574 ¹¹
1383 2559 1505 2594 χιλιάδας
1521 2563 1556 2595 ρ’,
1568 2562 1616 2588 καὶ
1630 2563 1764 2598 ἀργυρίου
1782 2563 1884 2590 τάλαν-

1088 2610 1122 2627 τα
1137 2603 1226 2637 χιλίας
1242 2603 1376 2636 χιλιάδας,
1396 2605 1444 2631 καὶ
1459 2605 1558 2640 χαλκὸν
1582 2607 1630 2634 καὶ
1645 2609 1766 2644 σίδηρον,
1785 2606 1817 2637 οὗ
1832 2610 1883 2637 οὐκ

856 2706 957 2738 Variae
984 2707 1137 2740 lectiones
1152 2713 1183 2740 et
1206 2715 1300 2742 notat.

277 2794 335 2842 ‘_"ll
352 2795 428 2842 (jam.
450 2803 498 2842 1111,
515 2797 548 2822 lt
570 2796 641 2842 πλὴν
665 2797 706 2842 ὅτι
728 2805 816 2842 Enn.
841 2797 905 2830 τοὺς
926 2798 1035 2842 νὲχθροξλ

1086 2801 1201 2842 Ιξυρίου.
1242 2804 1300 2842 “ll
1329 2805 1402 2833 Sam.
1430 2815 1480 2835 xu.
1514 2809 1557 2836 lO.
1597 2809 1616 2825 ”
1636 2809 1680 2839 l’s.
1710 2817 1806 2842 cxvm,
1838 2810 1882 2837 '3-

242 2829 265 2867 ίξ
279 2830 423 2867 προσθήκῃ
439 2832 485 2867 vel?
498 2829 691 2867 ’προσθήκηνγ
729 2832 751 2849 ι’
764 2831 844 2859 Rom.
870 2829 900 2866 II,
925 2833 951 2860 5.

241 2862 461 2898 "l‘l’arfx'i'n,
479 2862 555 2893 7-111.
595 2862 716 2894 ⁸⁸11³111.
738 2875 811 2900 xxii,
832 2867 876 2895 13.

1006 2835 1064 2862 "ll
1092 2835 1168 2865 Sam.
1198 2846 1245 2872 1111,
1273 2839 1299 2867 7.

1273 2839 1288 2848 .-

1349 2842 1370 2858 ²¹
1392 2843 1480 2878 λέγων
1512 2845 1609 2872 codex.
1647 2845 1779 2873 "Mattli.
1816 2853 1880 2872 xxv.
