2053 3154
229 175 282 206 283

817 166 993 205 omnem
1014 176 1238 206 HAMARTOLI

1804 172 1859 206 234

228 230 309 257 (ξ’-Γιίιι
327 235 354 256 et
368 239 376 254 ι
400 233 523 264 penetrat
541 236 626 263 usque
643 229 675 255 ad
696 229 856 257 divisionem
875 231 972 258 animm
989 235 1016 258 et

1070 231 1172 266 σφόδρα
1195 231 1243 257 καὶ
1266 230 1326 257 λίαν
1355 229 1530 265 ἰλιγγιάσας,
1556 229 1686 264 ἐξεϐοήσε
1717 229 1795 266 185
1810 230 1860 266 τὴν
1891 222 1899 229 ’

228 276 353 310 spiritus,
381 282 543 310 compagum
578 282 687 310 quoque
717 283 749 303 ac
769 276 957 309 medullarum,
989 282 1016 303 et

228 321 363 349 diacretor
378 325 420 348 est
432 321 627 356 cogitationum
641 325 668 348 et
683 322 865 349 lntentionnm
888 323 990 355 cordis,
1004 333 1013 349 ι

229 372 312 402 patet,
336 375 460 400 sensum,
479 367 647 395 voluntatem
663 371 691 395 et
714 368 879 396 desiderium
899 370 1016 397 abscon-

230 413 317 440 ditum
337 413 466 445 hominis,
483 418 578 441 notum
608 421 662 440 non
676 420 737 441 esse
754 414 788 441 ab
805 415 912 450 angelo,
929 424 1017 450 neque

228 459 343 494 quodvis
359 459 405 486 Dei
423 460 580 494 mysterium
596 463 681 491 certe,
696 460 748 487 nisi
764 461 903 495 sapienter
916 465 942 489 et
954 469 1016 496 pro-

229 504 290 533 vide
303 505 360 540 ipse
376 505 449 533 Deus
467 505 628 540 patefecerit
648 507 682 534 ad
695 507 838 534 utilitatem
857 514 952 534 eorum
971 508 1017 543 qui

229 559 395 585 cognoscere
415 550 532 585 debent;
550 552 610 579 ideo
632 552 776 580 abscondit
799 552 1016 580 lncarnationem

229 596 354 631 pluribus
367 596 403 623 ob
417 603 513 624 eorum
541 597 726 632 insipientiam
741 602 768 625 et
793 601 824 625 ut
847 598 893 625 diu
909 597 1016 626 lateret.

229 641 262 669 Et
285 642 350 676 quid
367 642 429 670 dico
455 642 598 677 plerosque
616 643 720 677 fugisse
737 643 808 671 hanc
824 643 945 679 mysterii
970 652 1018 672 co-

227 687 374 722 gnitionem
383 689 394 714 τ
404 687 462 723 Ipsa
475 688 703 724 enimfprtegnans
718 689 800 725 Virgo
814 695 948 718 secretum
959 698 1018 726 my-

227 732 303 759 sterii
330 737 357 759 et
381 733 440 767 ejus
456 733 639 762 inenarrabile
658 742 789 762 arcanum
809 742 863 762 non
890 736 1018 771 cognovit

227 778 342 813 ipseque
369 779 494 807 diabolus
510 780 654 814 ignoravit.
669 780 748 814 Quod
773 781 796 808 si
813 781 970 816 prophetias
983 782 1017 809 dc

227 831 260 851 eo
277 825 413 858 audierat,
432 826 542 853 modum
565 826 765 854 Incarnationis
783 834 836 854 non
851 831 977 860 noverat;
993 827 1015 854 si

227 869 300 896 enim
319 871 448 904 novisset,
466 870 562 899 Jesum
581 877 657 900 tanto
681 876 742 907 post
759 877 881 907 tempore
906 880 959 900 non
975 873 1017 899 in-

1067 277 1188 313 ἁοίδιμον
1205 275 1298 312 φωνὴν
1313 276 1421 311 ἐκείνην
1435 276 1522 310 λέγων
1538 276 1578 292 ⁸⁸·
1598 285 1607 302 ι
1626 273 1661 302 Ὦ
1677 274 1758 310 βάθος
1775 275 1859 303 πλού·

1068 332 1126 357 του,
1141 324 1188 350 καὶ
1204 323 1301 358 σοφίας
1316 323 1362 350 καὶ
1373 322 1500 357 γνώσεως
1509 321 1588 355 Θεοῦ,
1603 322 1641 354 ὡς
1654 321 1857 357 άνιξερεύνητα

1068 369 1101 394 τέι
1116 368 1239 404 κρίματα
1253 367 1336 395 αὐτοῦ
1352 367 1399 394 καὶ⁸
1412 366 1610 401 ἀνεξιχνίαστοι
1621 367 1648 394 αἱ
1664 366 1719 393 ὁδοὶ
1736 365 1831 393 αὑτοῦ.
1845 375 1854 391 ι

1074 414 1264 449 Ἀνέκφραστα
1282 413 1373 440 πάντα
1395 412 1450 439 εἰσὶ
1464 412 1512 439 καὶ
1542 412 1716 445 ἀδιάγνωστα
1729 412 1798 438 πᾶσι
1823 411 1858 438 τὰ

1067 458 1116 485 τοῦ
1133 458 1200 486 Θεοῦ
1212 466 1218 473 '
1233 458 1294 485 οὐδὲ
1313 458 1368 494 γὰρ
1390 458 1425 484 τὰ
1439 457 1487 484 τοῦ
1501 457 1649 492 ἀνθρώπου
1664 465 1673 482 ι
1699 453 1755 483 οἶδέ
1768 463 1810 487 τις
1820 456 1855 488 ⁸9,

1068 505 1092 531 εἰ
1109 504 1145 539 μὴ
1154 506 1183 531 τδ
1190 504 1303 540 Πνεῦμα.
1312 503 1359 531 τοῦ
1374 503 1518 539 ἀνθρώπου
1530 511 1536 518 ·
1546 512 1557 528 ι
1572 503 1597 530 εἰ
1610 502 1664 538 γὰρ
1676 502 1755 537 μόνος
1764 502 1779 528 ὁ
1790 501 1856 533 Θεὸς

1069 550 1288 585 καρδιογνώστης
1302 550 1330 583 ⁵⁸,
1351 558 1360 576 ε
1381 549 1429 576 καὶ
1453 548 1641 584 διικνούμενος
1668 547 1751 583 μέχρι
1777 555 1857 582 μερι-

1068 596 1138 632 σμηῦ
1151 596 1241 631 ψυχῆς
1256 597 1305 623 καὶ
1321 596 1457 631 σώματος,
1469 594 1566 630 ἁρμῶν
1584 602 1614 621 τι
1626 594 1674 621 καὶ
1688 593 1797 629 μυελῶν
1809 593 1857 620 καὶ

1068 642 1192 678 κριτικὸς
1207 642 1385 676 ἐνθυμήσεων
1399 642 1447 668 καὶ
1462 640 1573 668 ἐννοιῶν
1588 640 1729 676 “paup
1745 638 1857 674 εὔδηλον

1068 689 1105 721 ὡς
1120 688 1180 715 οὐδὲ
1198 689 1261 716 νοῦν
1278 687 1424 723 ἀνθρώπου
1447 688 1496 715 καὶ
1516 687 1640 723 βούλημα
1665 686 1713 713 καὶ
1728 685 1857 720 ἐνθύμιον

1067 735 1260 771 κεκρυμμένον
1274 734 1391 769 ἄγγελος
1404 731 1486 766 οἶδεν,
1501 734 1565 769 μήτι
1577 741 1609 767 γε
1623 731 1691 759 Θεοῦ
1708 731 1859 766 μυστήριον

1067 782 1172 817 ἕτερον,
1183 783 1207 808 εἰ
1223 781 1244 798 ⁵⁷
1263 781 1302 816 μὴ
1315 780 1409 815 σαφῶς
1424 780 1470 807 ὑπ’
1485 779 1569 807 αὐτοῦ
1585 779 1659 814 (Hb)
1676 778 1723 805 καὶ
1736 776 1859 810 ἐξαὺτοῦ

1067 827 1254 863 δεδηλωμένον
1280 826 1464 862 οἰκονομικῶς
1490 826 1560 860 πρὸς
1575 826 1606 853 τὸ
1631 824 1782 860 συμφέρον,
1797 823 1859 850 ὅθεν

1067 874 1157 902 τοίνυν
1168 874 1264 908 ἄδηλον
1278 874 1390 910 ἐποίησε
1409 873 1459 909 τὴν
1471 872 1605 907 ἐνσαρκον
1627 872 1787 905 οἰκονομίαν
1810 869 1858 897 καὶ

228 916 432 951 terrogavisset,
452 917 545 945 dicens
564 917 589 945 ei
611 918 709 950 semel,
726 917 824 946 iterum
838 924 864 946 et
875 925 915 947 ter
930 926 939 947 :
957 928 965 944 ι
985 919 1014 947 Si

1069 921 1130 952 τοὺς
1145 919 1260 951 πολλοὺς
1275 919 1405 955 κρύπτων
1420 918 1465 945 διὰ
1479 918 1529 953 τὴν
1546 917 1683 952 ἀσάφειαν
1696 917 1744 956 κα)
1761 914 1860 942 λανθά-

228 960 315 990 Filius
331 963 376 990 Dei
391 971 431 991 es.
453 972 462 990 ι

1072 974 1128 992 νειν
1147 965 1227 1001 μέχρι
1240 964 1351 992 πολλοῦ.
1367 965 1422 992 Καὶ
1431 964 1457 991 τί
1469 963 1542 998 λέγω
1554 963 1618 994 τοὺς
1628 961 1742 993 πολλούς
1753 969 1760 993 ς
1771 961 1858 987 ὀπο-ν

228 1016 260 1042 γε
271 1008 332 1034 οὐδὲ
343 1010 437 1046 αὐτὴή
451 1010 622 1046 κυοφοροῦσα
635 1011 773 1046 Παρθένος
785 1012 844 1048 ᾔδει
875 1013 922 1040 τοῦ
953 1013 1104 1048 μυστηρίου
1118 1013 1148 1039 τὸ
1164 1013 1334 1048 ἀπόρρητον,
1359 1012 1391 1039 οὐ
1411 1011 1464 1048 μὴν
1484 1011 1513 1038 δὲ
1551 1010 1620 1038 ἀλλὰ
1648 1010 1696 1036 καὶ
1716 1008 1798 1036 αὑτὸν
1812 1006 1859 1033 τὸν

227 1055 351 1083 διάϐολον
363 1057 526 1085 ἐλάνθανεν
538 1061 563 1087 εἰ
586 1060 639 1095 γὰρ
655 1060 703 1087 καὶ
717 1060 767 1092 τὰς
781 1061 952 1096 προφητείας
980 1061 1032 1093 τὰς
1052 1062 1116 1097 περὶ
1131 1060 1228 1088 τούτου
1243 1061 1353 1096 ἧκουεν,
1380 1059 1450 1087 ἀλλὰ
1482 1059 1527 1086 τδν
1544 1058 1645 1094 τρόπον
1664 1056 1775 1091 ἠγνόει·
1798 1054 1859 1081 οὺδδ

228 1101 293 1137 γὰρ,
309 1103 387 1138 εἴπερ
403 1104 473 1139 ᾔδει,
487 1104 580 1140 ἠρώτα
596 1105 678 1132 αὑτὸν
692 1107 762 1141 μετὰ
776 1106 904 1133 τοσοῦτον
934 1107 1029 1143 χρόνον
1047 1107 1135 1142 λέγων
1151 1106 1238 1143 αὐτῷ·
1259 1115 1268 1132 ι
1291 1107 1320 1134 '0
1334 1105 1396 1138 Υἰδς
1411 1103 1437 1132 εἶ
1448 1106 1495 1132 τοῦ
1525 1104 1603 1138 Θεοῦ,
1623 1113 1632 1130 ι
1649 1103 1696 1130 καί
1715 1102 1798 1135 ἅπαξ,
1812 1103 1858 1129 καὶ

227 1149 279 1180 δὶς,
296 1149 344 1176 καὶ
359 1150 461 1185 τρίτον.

262 1197 332 1224 Cum
348 1204 412 1224 vero
441 1197 600 1230 Marodacli.
626 1206 775 1227 successor
807 1199 1017 1233 Sennachcrim,

229 1243 342 1271 vidisset
367 1244 435 1272 solis
454 1252 621 1279 regressum,
638 1245 673 1273 ob
696 1246 820 1273 Ezechiae
835 1246 1019 1274 valetudinem

230 1289 315 1327 (omni
342 1287 521 1319 enim'terraa
545 1291 662 1320 innotuit
691 1292 757 1320 solis
777 1292 828 1320 iste
867 1292 1019 1328 regressus)

228 1343 276 1363 rex
293 1336 352 1371 ipso
367 1336 579 1373 Babyloniorum
592 1346 653 1365 cum
667 1338 765 1366 fuisset
775 1338 877 1366 certior
886 1338 919 1366 de
933 1343 1020 1367 morte

229 1382 304 1409 illius
320 1383 366 1418 qui
393 1388 473 1410 antea
491 1392 537 1411 rex
554 1384 653 1417 fuerat,
673 1390 701 1412 et
716 1385 749 1412 de
769 1385 812 1412 his
834 1393 895 1420 quae
916 1385 941 1412 in
962 1385 1020 1413 sole

230 1429 300 1456 facta
317 1429 424 1458 fuerant
440 1430 475 1458 ob
492 1430 616 1458 Ezechiae
631 1432 770 1466 pietatem,
794 1432 897 1468 legatos
911 1433 956 1468 qui
970 1441 1019 1468 pa—

229 1482 288 1501 cem
306 1475 409 1504 icerent
428 1484 491 1504 eum
513 1477 673 1506 muneribus
696 1478 729 1505 ad
754 1486 817 1505 eum
834 1478 918 1506 misit.
941 1479 1019 1512 Quod

227 1521 301 1548 enim
323 1526 432 1556 propter
449 1522 517 1550 solis
536 1523 689 1557 quindecim
717 1523 846 1559 gradibus
866 1531 1019 1559 regressum

229 1567 263 1594 ad
287 1575 349 1595 eum
380 1568 488 1596 miserit
512 1576 560 1596 rex
580 1567 791 1605 Babyloniorum
822 1571 934 1606 legatos,
961 1571 1018 1605 ipsa

230 1619 327 1640 rursus
340 1617 456 1640 testatur
468 1613 585 1641 historia
601 1622 608 1640 :
624 1623 633 1640 ι
652 1613 786 1650 Prospere
808 1614 872 1643 fecit
888 1615 1018 1644 Ezechias

228 1658 256 1685 in
274 1656 399 1686 omnibus
423 1659 553 1694 operibus
578 1659 646 1687 suis.
676 1660 803 1688 Attamen
830 1660 857 1688 in
884 1661 1020 1696 lega'ione

229 1704 383 1739 principum
401 1704 547 1740 Babylonis
563 1706 610 1740 qui
626 1706 702 1733 missi
719 1706 827 1734 fuerant
847 1706 878 1733 ad
895 1714 967 1739 cum,
990 1712 1020 1735 ut

207 1743 209 1745 ’
235 1749 438 1783 interrogarent
463 1750 497 1776 de
526 1755 653 1783 portento
677 1751 750 1785 quod
775 1751 912 1777 acciderat
938 1758 1020 1784 super

230 1799 341 1826 terram,
358 1795 502 1830 dereliquit
515 1803 577 1822 eum
595 1795 677 1828 Deus,
695 1800 724 1822 nt
747 1801 897 1824 tentaretur
910 1801 937 1825 et
957 1802 1019 1824 nota

231 1841 327 1869 ﬂerent
355 1842 447 1870 omnia
473 1850 535 1878 quae
558 1843 682 1871 erantin
704 1844 787 1872 corde
817 1844 888 1880 ejus.
910 1854 919 1871 ι
950 1845 1018 1873 Cum

230 1889 303 1915 enim
320 1888 486 1916 ostendisset
512 1889 611 1924 legalis
630 1897 739 1917 omnem
763 1890 876 1918 domum
900 1898 977 1918 suam
993 1896 1019 1918 et

231 1934 377 1961 thesauros
405 1942 480 1968 suos,
499 1934 569 1962 dixit
597 1934 683 1962 Isaias
708 1935 740 1962 ad
759 1943 834 1968 eum,
857 1936 884 1963 in
909 1936 1019 1963 nomine

231 1979 337 2006 Domini
358 1988 365 2007 :
384 1989 394 2005 ί
412 1979 451 2007 Eo
469 1980 541 2015 quod
558 1980 702 2008 ostendisti
717 1981 752 2008 iis
765 1981 866 2014 omnia,
885 1989 949 2009 ecce
962 1982 1019 2009 dies

231 2024 340 2051 venient
364 2029 391 2052 et
407 2025 566 2053 aulerentur
589 2026 683 2053 omnia
712 2034 773 2061 qua:
797 2031 861 2054 sunt
889 2027 916 2054 in
939 2026 1020 2054 domo

231 2076 288 2103 tua,
312 2079 483 2107 quaecunque
506 2071 626 2107 majores
648 2071 687 2099 tui
711 2071 737 2099 in
753 2072 825 2099 hanc
840 2079 928 2108 usque
947 2072 1019 2100 diem

229 2120 439 2150 congesserunt,
457 2115 483 2143 in
500 2115 683 2152 Babylonem;
698 2125 752 2144 non
769 2117 921 2145 remanebit
942 2117 1020 2152 quid-

229 2169 324 2195 quam,
340 2161 379 2189 ait
395 2162 537 2191 Dominus.
553 2162 605 2191 Sed
621 2167 647 2191 et
662 2164 695 2191 de
717 2163 781 2191 ﬁliis
806 2164 862 2192 tuis
878 2164 924 2199 qni
944 2172 1021 2200 egre-

230 2207 339 2234 dientur
363 2215 396 2235 ex
417 2212 454 2242 te,
480 2217 550 2244 quos
561 2209 722 2245 generabis,
741 2209 882 2243 tollentur,
897 2213 925 2237 et
940 2214 1021 2238 erunt

230 2253 349 2279 cuiiuchi
369 2253 395 2280 in
422 2254 522 2288 palatio
547 2255 619 2291 regis
637 2255 793 2291 Babylonis.
811 2265 821 2282 ι
840 2256 954 2291 Oportet
969 2256 1019 2292 igi-

231 2302 275 2324 tur
302 2298 444 2326 cor-datum
467 2307 603 2336 quemque
621 2302 720 2337 gaudio
738 2302 868 2338 luctuque
895 2302 1021 2338 superio-

231 2348 288 2368 rem
319 2350 379 2370 esse
404 2348 431 2371 et
454 2352 516 2372 cum
543 2346 688 2381 prudentia
715 2352 742 2375 et
776 2349 905 2383 :eqnitate
937 2348 1021 2376 animi

232 2387 373 2422 utriusque
403 2389 517 2418 sull'erre
550 2391 730 2421 invasionem.
756 2394 825 2421 Cum
856 2394 929 2422 enim
964 2394 1022 2428 ipse

231 2432 374 2467 Ezechias,
392 2435 508 2470 cognitis
523 2436 669 2465 Persarum
695 2438 830 2471 cladibus,
848 2448 863 2466 a
888 2439 1020 2468 miracqu

231 2479 303 2507 haud
320 2479 500 2515 absimilibns.
517 2487 545 2510 et
564 2489 673 2510 omnem
690 2484 839 2511 humanam
864 2484 917 2512 vim
936 2490 1020 2520 atque

230 2534 306 2562 spem
340 2529 571 2564 exsuperantibus
597 2530 771 2558 vehementer
804 2531 905 2567 gaudio
929 2532 1019 2560 elatus

229 2579 313 2607 esset,
326 2579 353 2603 et
367 2575 452 2612 magis
465 2584 547 2611 quam
565 2576 704 2604 hominem
719 2578 797 2605 decet
811 2578 918 2606 animos
930 2583 1022 2606 sustu-

231 2619 320 2653 lisset.
345 2623 441 2650 merbo
461 2623 579 2652 alllietus
597 2628 649 2656 est,
668 2627 698 2651 ut
712 2624 810 2651 anima:
826 2624 885 2659 ejus
906 2624 1024 2659 impetus

232 2665 417 2702 lrenarentur,
436 2677 470 2697 ne
482 2675 578 2698 contra
601 2670 730 2698 decorem
754 2670 829 2697 illum
848 2677 960 2705 peccare
981 2669 1023 2698 fa-

1103 1201 1125 1217 "
1140 1200 1195 1236 (Η)
1217 1200 1245 1227 '0
1262 1200 1291 1227 δέ
1302 1208 1334 1234 γε
1347 1200 1488 1235 Μαροδὰχ,
1505 1199 1520 1226 ὀ
1535 1200 1582 1226 καί
1594 1199 1716 1235 διάδοχος
1732 1200 1860 1235 Σεναχει-

1069 1247 1129 1282 ρῖμ,
1154 1245 1323 1280 θεασάμενος
1337 1244 1387 1279 τὴν
1410 1245 1577 1280 ἐπιστροφὴν
1592 1245 1639 1272 τοῦ
1661 1245 1736 1280 ἡλίου
1754 1247 1801 1272 ἐπὶ
1823 1247 1857 1282 τῇ

1069 1291 1152 1327 ρώσει
1176 1290 1300 1323 Ἐζεκίου
1323 1290 1409 1328 (πάσῃ
1425 1290 1478 1326 γὰρ
1498 1292 1530 1326 τῇ
1555 1291 1702 1327 οἰκουμένῃ
1719 1292 1855 1327 γέγονενὴ

1068 1337 1226 1374 ἀναστροφὴ
1242 1336 1289 1364 τοῧ
1301 1337 1378 1373 ἡλίου
1392 1337 1553 1373 γνώριμος),
1565 1335 1595 1364 οὗ
1607 1337 1638 1373 δὴ
1657 1337 1737 1373 χάριν
1751 1337 1799 1365 καὶ
1809 1334 1858 1364 οὒ-

1067 1393 1114 1416 τος
1127 1385 1142 1410 ὁ
1155 1383 1209 1410 τῶν
1220 1383 1401 1411 Βαϐυλωνίων
1416 1382 1545 1418 βασιλεὺς
1560 1383 1608 1409 καὶ
1624 1382 1670 1410 τὸν
1687 1382 1798 1418 ὄλεθρον
1810 1381 1859 1410 τοῦ

1069 1432 1122 1467 πρὺ
1135 1430 1217 1457 αὑτοῦ
1233 1430 1365 1466 βασιλέως
1380 1430 1510 1465 ἐγνωκὼς
1529 1430 1576 1457 καὶ
1592 1429 1626 1457 τὰ
1639 1428 1710 1457 κατὰ
1723 1430 1769 1456 τδν
1783 1429 1861 1465 ἥλιον

1069 1477 1230 1512 παραδόξως
1256 1475 1430 1512 γεγενημένα
1461 1474 1631 1511 μεμαθηκὼς
1657 1475 1701 1502 διὰ
1732 1474 1783 1510 τὴν
1811 1473 1860 1501 τοῦ

1075 1522 1196 1555 Ἐζεκίου
1207 1521 1361 1555 εὐσέϐειαν,
1375 1520 1506 1558 πρέσϐεις
1520 1520 1595 1556 αὐτῷ
1605 1521 1717 1556 εἰρήνης
1726 1520 1774 1547 κα)⁵
1785 1519 1862 1555 δῶρα

1070 1568 1243 1596 ἀπέστειλεν·
1263 1569 1304 1595 ὃτι
1325 1568 1380 1603 γὰρ
1406 1567 1450 1594 διὰ
1472 1567 1502 1594 τὸ
1518 1567 1687 1602 ἀναστρέψαι
1711 1567 1759 1593 τὸν
1781 1566 1859 1602 ἣλιον

1032 1601 1053 1630 c
1071 1614 1245 1650 ἁναϐαθμοὺς
1264 1612 1293 1640 ιε’
1315 1601 1385 1649 πρὸς
1412 1613 1494 1641 αὐτὸν
1515 1601 1676 1640 ἀπέστειλεν
1691 1614 1705 1640 ὀ
1731 1611 1858 1647 βασιλεὺς

1071 1660 1240 1692 Βαϐυλῶνος,
1252 1660 1320 1695 φησί
1334 1659 1416 1687 πάλιν
1431 1660 1447 1694 ἡ
1462 1658 1568 1695 ἱστορία
1579 1659 1601 1676 ¹⁹
1612 1667 1619 1675 ·
1639 1667 1649 1684 t
1664 1658 1720 1685 Καὶ
1731 1657 1858 1692 εὐωδώθη

1076 1706 1202 1737 Ἐζεκίας
1219 1706 1248 1732 ἐν
1262 1706 1330 1732 πᾶσι
1344 1705 1400 1736 τοῖς
1413 1704 1505 1741 ἔργοις
1520 1703 1616 1731 αὑτοῦ.
1634 1704 1689 1731 Καὶ
1704 1703 1791 1735 οὕτως
1808 1703 1858 1738 (ἐν)

1070 1753 1125 1784 τοῖς
1143 1747 1327 1787 πρεσϐευταῖς
1349 1767 1382 1772 -τ
1398 1750 1572 1784 Βαϐυλῶνος,
1591 1751 1647 1781 τοῖς
1664 1749 1860 1777 ἀποσταλεῖσιν

1070 1797 1138 1833 πρὶς
1150 1797 1230 1824 αὐτὸν
1254 1796 1390 1824 πυθέσθαι
1407 1796 1474 1831 παρ’
1493 1795 1575 1822 αὐτοῦ
1588 1795 1617 1822 τὸ
1633 1795 1731 1830 πέρας,
1755 1795 1770 1820 ὃ
1784 1795 1860 1828 γέγο-

1070 1852 1114 1870 νεν
1130 1844 1153 1859 ⁶⁶
1168 1844 1213 1870 ἐπὶ
1223 1843 1274 1878 τῆς
1289 1843 1351 1878 γῆς,
1368 1852 1378 1868 ι
1398 1843 1447 1870 καὶ
1474 1851 1484 1868 ι
1502 1842 1699 1876 ἐγκατέλειπεν
1710 1841 1789 1867 αὑτὸν
1805 1840 1862 1866 K5-

1072 1897 1129 1925 ριος
1145 1888 1192 1916 τοῦ
1220 1889 1348 1924 πειράσαι
1372 1888 1464 1921 αὑτὸν,
1482 1887 1582 1914 εἰδέναι
1600 1887 1635 1914 τὰ
1651 1887 1681 1913 ἐν
1702 1888 1735 1922 τῇ
1761 1885 1861 1921 καρδίᾳ.

1070 1934 1164 1962 αὐτοῦ.
1183 1943 1192 1960 ›
1208 1934 1302 1967 Δείξας
1313 1934 1366 1970 γὰρ
1381 1935 1437 1965 τοῖς
1450 1933 1634 1968 πρεσϐευταῖς
1646 1933 1705 1959 ὅλον
1724 1932 1805 1967 166
1815 1931 1862 1957 τὸν

1069 1977 1142 2006 οἶκον
1157 1978 1239 2005 αὑτοῦ
1255 1979 1376 2011 καὶτοὺς
1391 1978 1557 2014 θησαυροὺς,
1570 1975 1647 2004 εἶπεν
1668 1977 1782 2008 Ἡσαΐας
1792 1976 1859 2011 πρὶς

1070 2024 1152 2052 αὑτὸν
1165 2026 1194 2051 ἐν
1207 2024 1281 2060 λόγῳ
1306 2024 1409 2060 Κυρίου
1428 2025 1449 2040 ⁶¹
1469 2034 1479 2050 ‹
1500 2023 1571 2051 Ἀνο’
1585 2020 1624 2052 ῶν
1644 2023 1748 2056 ἔδειξας
1770 2024 1861 2054 αὐτοῖς

1071 2071 1171 2102 πάντα,
1188 2071 1243 2098 ἰδοὺ
1259 2070 1363 2106 ἡμέραι
1378 2070 1505 2107 ἔρχονται
1518 2070 1567 2098 καὶ
1580 2070 1769 2105 ληφθήσονται
1784 2069 1817 2096 τὰ
1832 2070 1862 2095 ἐν

1071 2118 1109 2153 τῷ
1126 2117 1192 2153 οῑκῳ
1204 2126 1251 2144 σου
1266 2117 1366 2150 πάντα,
1380 2117 1428 2144 καὶ
1442 2117 1492 2144 ὅσα
1507 2117 1692 2153 ἐθησαύρισαν
1706 2117 1731 2143 οι
1746 2115 1862 2150 πατέρες

1072 2171 1118 2190 σου
1134 2163 1366 2199 ἁπενεχθήσονται
1380 2163 1420 2195 είς
1436 2162 1593 2196 Βαϐυλῶνα,
1609 2163 1657 2190 καὶ
1674 2163 1706 2189 ἐκ
1724 2162 1780 2189 τῶν
1795 2161 1861 2188 υἰῶν

1072 2217 1119 2235 σου
1134 2208 1276 2244 λήψονται,
1303 2207 1350 2236 καὶ
1366 2207 1474 2236 ἔσονται
1499 2208 1645 2244 ἐπᾴδοντες
1666 2207 1789 2244 εὐνοῦχοι
1812 2206 1859 2234 τοῦ

1075 2256 1206 2291 βασιλέως
1223 2255 1392 2287 Βαϐυλῶνος.
1410 2264 1419 2282 ›
1438 2256 1484 2281 Δεῖ
1499 2255 1590 2282 τοίνυν
1604 2254 1650 2282 τὸν
1663 2254 1797 2290 ἐχέφρονα
1813 2254 1861 2281 καὶ

1073 2303 1161 2339 χαρᾶς
1172 2302 1219 2329 καὶ
1238 2302 1327 2337 λύπης
1341 2302 1506 2338 ὑψηλότερον
1525 2299 1597 2329 εἶναι
1612 2301 1658 2328 καὶ
1671 2301 1789 2337 μετρίως
1814 2301 1861 2328 καὶ

1071 2350 1262 2385 ἐπιστημόνως
1277 2350 1331 2376 τῶν
1345 2349 1485 2384 ἑκατέρων
1504 2348 1599 2384 φέρειν
1616 2348 1665 2384 τὴν
1685 2348 1789 2383 ἔφοδον.
1807 2347 1861 2374 Καὶ

1072 2395 1126 2432 γὰρ
1142 2395 1223 2427 αὐτὸς
1243 2395 1376 2427 Ἐζεκίας,
1399 2395 1483 2430 ήνίκα
1498 2392 1552 2422 εῐδε
1579 2394 1711 2430 τρόπαιον
1724 2393 1795 2421 κατὰ
1807 2393 1862 2420 τῶν

1071 2441 1184 2477 Περσῶν
1202 2441 1377 2476 ἐγειρόμενον
1399 2441 1448 2467 καὶ
1469 2439 1610 2476 Θαύματος
1628 2441 1753 2475 κρεῖττον
1776 2440 1798 2457 ⁶¹
1815 2439 1862 2466 καὶ

1070 2488 1161 2524 πάσης
1184 2487 1358 2523 ἀνθρωπίνης
1386 2486 1482 2523 ῥώμης
1508 2487 1554 2514 καὶ
1576 2486 1683 2518 ἐλπίδος
1700 2486 1860 2521 ὑπέρτερον.

1074 2534 1120 2561 καὶ
1145 2534 1205 2560 λίαν
1220 2533 1273 2560 om
1296 2533 1345 2569 τῆς
1360 2533 1450 2569 χαρᾶς
1474 2532 1640 2567 φυσιωθείς,
1665 2532 1712 2559 καὶ
1738 2531 1861 2567 μεῖζονῆ

1073 2580 1143 2607 κατὰ
1156 2579 1300 2616 ἄνθρωπον
1312 2580 1461 2615 φρονήσας,
1477 2579 1539 2606 τότε
1551 2579 1593 2615 δὴ,
1611 2579 1672 2605 τότε
1684 2578 1755 2613 νόσῳ
1769 2577 1862 2613 βάλλει-

1071 2633 1127 2657 ται,
1137 2625 1179 2651 ἵνα
1192 2624 1226 2651 τὰ
1235 2625 1411 2660 σκιρτήματα
1422 2624 1471 2660 τῆς
1483 2625 1571 2661 ψυχῆς
1582 2625 1692 2660 χαλινοῦ
1701 2623 1860 2657 ἀξιωθέντα,

1075 2670 1112 2706 μὴ
1128 2670 1180 2704 ἐξω
1202 2670 1249 2698 τοῦ
1265 2671 1369 2703 δέοντος
1393 2671 1474 2698 αὐτὸν
1498 2672 1674 2706 ἀνιγκάσωσι
1701 2670 1862 2706 περιπεσεῖν

813 2754 916 2786 Varia;
933 2753 1086 2785 lectiones
1109 2757 1138 2784 et
1159 2756 1254 2784 notae.

270 2821 292 2859 ξι
309 2822 388 2859 Both.
400 2822 447 2859 ill.
461 2824 505 2852 55.
562 2826 584 2842 ⁸⁸
602 2827 609 2853 Ι
625 2827 687 2855 Cor.
703 2834 733 2859 It.
750 2827 791 2854 ll.

235 2856 491 2896 gementem”?
517 2860 537 2887 ιι
556 2859 619 2896 mg.
654 2871 696 2893 .u.
725 2856 765 2889 ιτ.

234 2892 255 2908 ¹¹
272 2892 431 2927 κρεαίττοντ

847 2828 869 2845 ⁵⁸
889 2827 955 2855 "ob.
985 2836 1020 2857 Iv.
1048 2828 1092 2855 12.

820 2863 842 2878 ’⁷
861 2862 879 2889 ll
898 2862 958 2890 i‘ar.
977 2872 1042 2895 xm,
1057 2864 1147 2896 50,3].

1166 2826 1188 2842 "
1203 2827 1350 2862 μυστήριον
1377 2826 1537 2861 ἀπόκρυφον
1558 2827 1607 2854 Lit-
1623 2827 1682 2854 cod.
1758 2826 1779 2842 "
1796 2826 1862 2853 Ced.

1197 2861 1219 2878 (υ
1236 2861 1376 2897 ἐγένετοίῐ
1391 2862 1452 2890 Par.
1506 2863 1525 2878 "
1556 2863 1577 2890 ΙΙ
1605 2861 1669 2897 ﬂ--g.
1695 2870 1739 2893 xx.
1758 2862 1798 2893 i7,
1819 2862 1861 2888 18η
