2066 3150
267 200 316 231 331

866 198 1028 228 GEORGII
1049 197 1156 227 HAMA
1162 197 1277 226 RTOLI

1840 194 1893 226 332

266 259 294 281 ut
311 260 421 288 quoque
434 255 558 280 notatum
571 256 626 285 est,
645 251 767 288 impediti
791 255 855 279 sunt
873 250 1050 285 quadraginta

1105 249 1161 275 τῶν
1186 249 1253 275 υἱῶν
1281 249 1392 284 Ἰσραὴλ
1428 249 1458 275 ὲκ
1490 249 1618 284 Περσίδος
1645 249 1685 280 εἰς
1713 248 1893 286 Ἰερουσαλὴμ

265 298 394 330 annis,et
414 296 470 330 jam
491 301 551 324 erat
571 301 664 325 sextus
693 296 768 331 regni
786 295 858 322 Darii
875 303 975 324 annus.
999 295 1051 321 lic-

263 343 338 370 diere
354 343 436 378 igitur
457 343 503 370 ﬁlii
525 343 608 371 lsrael
621 352 635 370 e
650 342 761 370 Perside
775 342 801 369 in
817 341 979 373 Jesusalem,
997 340 1054 375 pri-

264 397 338 416 mum
363 389 476 424 jubente
498 389 583 425 Cyro,
600 389 698 417 deinde
718 389 811 421 Dario,
836 388 863 415 in
886 395 968 414 manu
987 386 1051 414 .lesu

262 435 395 463 .losedech
411 435 460 462 lilii
473 439 500 462 et
514 434 666 462 Zorobahel
683 440 710 462 et
730 433 848 462 Nemesii
871 433 990 460 eunuchi
1006 431 1055 458 Ju—

261 483 322 508 daei.
342 480 458 509 Occasio
474 485 564 507 autem
582 480 686 508 reditus
703 480 760 507 haec
776 479 826 506 fuit
846 487 853 506 :
869 479 968 506 Tribus
984 478 1054 505 ritili-

261 529 335 555 tibus
353 535 444 562 regem
460 526 679 554 custodientibus
694 546 700 558 .
717 534 784 561 quos
802 526 872 553 inter
887 529 946 552 erat
966 524 1052 552 Zoro-

260 572 351 604 babel,
367 571 537 607 propositum
567 575 608 599 est
634 572 760 607 aenigma,
784 570 966 605 promissione
983 569 1053 596 facta

264 618 395 645 victorem
409 625 580 652 quaecunque
606 617 723 644 voluerit
738 625 751 643 a
769 624 829 650 rege
843 616 1000 650 petiturum.
1013 615 1053 642 Ad

261 662 423 690 solvendum
449 662 564 696 aenigma
592 661 696 696 primus
712 661 750 688 ait
773 660 899 687 :Vinum
927 664 1052 695 prmstat;

263 708 334 740 Rex,
348 708 386 734 ait
400 708 548 738 sccundus;
558 707 684 735 Mulieres
699 712 725 735 et
741 707 877 741 imprimis
891 708 1002 738 veritas,
1018 706 1055 732 ait

262 753 426 786 Zorobnbel;
450 753 549 786 quibus
574 753 654 780 dictis
682 753 824 780 victoriam
851 752 943 779 retulit
962 757 988 779 et
1016 751 1053 778 illi

262 806 436 834 quaecunque
452 798 570 826 voluerit
587 804 688 832 petere,
711 803 753 825 est
776 805 949 825 concessum.
973 797 1055 824 Petiit

262 849 352 871 autem
371 848 400 870 ut
418 844 624 870 remitterentur
641 844 667 869 in
684 842 835 870 Jerusalem
848 843 948 877 captivi
961 847 988 870 et
1007 843 1054 870 Je-

263 889 380 917 rusalem
390 889 581 922 aediﬁcaretur,
594 893 621 916 et
630 890 668 916 sic
683 889 784 916 factum
795 893 852 922 est;
863 893 889 916 et
902 894 964 916 tunc
972 889 1052 916 ﬁnem

262 938 428 970 acceperunt
437 939 464 961 et
476 935 683 970 transmigratio
693 939 721 961 et
734 935 906 970 septuaginta
919 935 983 962 anni
996 935 1052 962 iras.

262 981 393 1015 Princeps
411 980 584 1008 sacerdotum
601 985 627 1008 et
644 981 734 1008 scriba
752 981 852 1008 Esdras
867 980 983 1008 docebat
1005 990 1054 1016 p0-

262 1027 355 1061 pulum
370 1026 458 1061 legem
484 1030 510 1053 et
532 1025 605 1053 illam
625 1026 854 1061 interpretabatur
875 1027 953 1061 quasi
978 1027 1055 1054 nobi-

265 1071 390 1100 lissimus
405 1077 432 1099 et
450 1072 591 1107 recollegit
607 1080 701 1100 sacras
722 1073 881 1108 Scripturas
899 1072 978 1100 bellis
992 1080 1054 1100 cor-

264 1123 370 1153 ruptas.
387 1117 509 1145 Chaldaei
527 1118 600 1144 enim
618 1124 681 1152 post
694 1118 812 1145 dirutam
827 1117 977 1145 Jerusalem
995 1118 1055 1145 illas

262 1172 360 1193 omnes
385 1164 614 1196 eombnsserant,
638 1170 665 1191 et
689 1164 780 1192 Es-lrm
798 1165 870 1192 Dens
886 1165 914 1192 in
933 1169 1051 1192 mentem

266 1210 381 1238 immisit
397 1218 444 1238 eas
463 1210 595 1245 relegere.

297 1300 318 1325 Α
334 1299 422 1334 prima
437 1299 517 1333 igitur
535 1298 715 1326 aedificatione
733 1300 825 1334 templi
851 1308 937 1335 usque
964 1300 996 1327 ad
1011 1308 1054 1327 sc-

262 1344 378 1370 cundaut
395 1343 523 1370 eminere
539 1343 664 1370 undecim
677 1349 702 1370 et
715 1344 856 1378 quingenti
869 1344 944 1371 anni.
956 1343 1053 1371 Forma

261 1393 351 1416 autem
363 1392 389 1415 et
401 1388 505 1423 species
527 1388 716 1417 zedit'icationis
740 1389 900 1424 posterioris
919 1390 1012 1424 templi
1029 1394 1055 1417 ct

266 1434 343 1462 urbis
368 1433 521 1461 Jerusalem
548 1434 605 1461 haec
622 1438 723 1461 erant:
742 1434 812 1462 Urbs
835 1435 940 1462 munita
956 1436 1053 1470 triplici

257 1487 342 1507 -muro
354 1480 575 1516 inexpugnabilis
590 1485 659 1513 erat,
679 1482 749 1507 muri
765 1486 907 1516 turresque
922 1482 1053 1516 quadrata

256 1529 350 1558 erant,
363 1526 563 1561 quinquaginta
581 1527 689 1554 cubitos
712 1527 865 1554 latitudinis
885 1527 1054 1562 totidemque

1106 295 1218 330 γέγονεν
1235 295 1266 321 ἔκ
1293 294 1506 330 προστάγματος
1527 294 1617 330 Κύρου
1636 295 1782 331 πρότερον,
1797 295 1893 324 ἔπειτα

1106 342 1220 377 Δαρείου
1238 341 1418 372 κελεύσαντος
1431 341 1460 367 ἐν
1480 341 1553 376 χειρὶ
1567 340 1654 375 Ἰησοῦ
1668 341 1690 358 ⁶⁸
1705 340 1753 367 τοῦ
1768 341 1893 368 Ἰωσεδὲκ

1104 386 1153 412 καὶ
1181 386 1345 421 Ζοροὸάὸελ,
1365 386 1411 412 καὶ
1436 385 1572 420 Νεμεσίου
1607 386 1736 420 εὐνούχου
1754 387 1892 414 Ἰουδαίου.

1106 431 1145 467 (‘2)
1170 431 1202 458 Ἢ
1220 432 1359 467 πρόφασις
1372 432 1422 466 τῆς
1442 432 1573 458 ἐπανόδου
1592 431 1663 459 οὕτω
1679 433 1788 466 γέγονε.
1806 433 1893 467 Στρα-

1106 477 1212 504 τιωτῶν
1227 477 1251 511 γ’
1267 478 1312 504 τὸν
1329 478 1445 514 βασιλέα
1467 477 1668 510 φυλαττόντων,
1685 479 1714 504 ὲν
1736 475 1777 509 οἷς
1794 475 1828 512 ἦν
1844 479 1893 504 Ζο-

1107 522 1234 557 ροϐάϐελ,
1248 523 1363 557 εἴρησαν
1373 524 1401 548 ἐν
1411 522 1598 557 προϐλήματι,
1619 522 1745 556 τεθείσης
1773 523 1893 556 ἐπαγγε-

1106 568 1164 599 λίας
1178 569 1288 604 αἰτῆσαι
1320 568 1364 594 τὸν
1388 568 1504 594 νικῶντα
1526 568 1593 604 ὅπερ
1616 568 1649 594 ἂν
1673 568 1797 602 θελήσειε
1818 569 1894 603 παρὰ

1106 613 1153 640 τοῦ
1171 613 1313 648 βασιλέως.
1332 614 1384 640 Τοῦ
1399 613 1444 640 οὖν
1457 615 1516 644 ἐνὸς
1527 613 1652 644 εἰπόντος
1662 615 1740 649 νικᾷν
1757 614 1801 639 τὸν
1811 612 1893 645 οἶνον,

1105 658 1152 685 τοῦ
1165 659 1260 693 ἐτέρου
1276 659 1412 693 φήσαντος
1429 660 1511 694 νικᾷν
1521 658 1567 684 τὸν
1583 658 1705 692 βασιλέα·
1717 660 1731 685 ὁ
1742 659 1894 694 Ζοροὸἀὸελ

1106 705 1159 740 ἔφη
1172 706 1250 740 νικᾷν
1264 705 1314 736 τὰς
1329 707 1462 739 γυναῖκας
1480 705 1526 732 καὶ
1543 705 1614 740 ὑπὲρ
1628 706 1736 732 πάντων
1756 706 1805 739 τὴν
1827 706 1893 738 ἁλήο

1107 752 1191 783 θειαν,
1208 752 1255 777 καὶ
1280 751 1375 786 ἐπειδὴ
1408 750 1494 778 ταῦτα
1517 750 1637 785 εἰρηκὼς
1663 751 1772 784 ἐνίκησε
1786 751 1834 778 καὶ
1846 752 1894 778 ὲπ-

1107 797 1227 831 ἐτραπτο
1261 796 1425 831 αἰτήσασθαι
1462 796 1476 822 ὃ
1508 796 1644 831 βούλεται,
1672 797 1750 831 201
1778 797 1894 832 ἠξίωσεν

1106 842 1242 877 ἀφεθῆναι
1266 843 1316 876 τὴν
1333 842 1521 877 αἰχμαλωσίαν
1547 843 1594 869 καὶ
1617 842 1826 877 οἰκοδομηθῆναι
1843 842 1893 877 τὴν

1112 888 1395 924 Ὶερουσαλήμ“ὃπερ
1433 889 1480 915 καὶ
1511 888 1634 922 γέγονεν.
1665 889 1720 915 Καὶ
1751 889 1812 915 τότε
1841 897 1892 915 πε-

1106 934 1249 970 πλήρωται
1276 936 1315 966 εἰς
1339 935 1413 966 τέλος
1430 934 1460 960 τὺ
1469 934 1517 969 τῆς
1539 934 1729 969 αἰχμαλωσίας
1743 935 1789 960 καὶ
1806 934 1891 969 ὀργῆς

1105 980 1160 1007 ἔτει
1189 984 1209 1006 ο¹
1226 981 1268 1008 ,⁸⁵
1289 981 1327 1015 (3)
1347 981 1376 1006 '0
1398 980 1426 1006 δὲ
1458 980 1604 1016 ἀρχιερεὺς
1636 980 1683 1007 καὶ
1714 980 1894 1016 γραμματεὺς

1108 1027 1227 1062 Ἔσδρας
1241 1024 1275 1062 ἦν
1298 1026 1431 1053 διδάσκων
1452 1027 1498 1054 τὸν
1515 1027 1579 1054 λαὸν
1594 1027 1640 1054 τὸν
1662 1027 1744 1062 νόμον
1758 1029 1806 1054 καὶ
1821 1028 1894 1061 διερ-

1107 1072 1243 1108 μηνεύων,
1258 1073 1295 1104 ὡς
1309 1072 1491 1107 εὐφυέστατος
1509 1073 1628 1105 πάντων,
1641 1073 1671 1104 ὃς
1692 1075 1740 1099 καὶ
1754 1074 1804 1105 τὰς
1817 1074 1892 1109 ἱερὰς

1105 1119 1216 1153 βίόλους
1243 1119 1452 1153 ἀποκατέστησε
1477 1119 1674 1154 διαφθαρείσας
1696 1119 1750 1145 ὑπὸ
1777 1119 1832 1146 τῶν
1845 1128 1894 1146 πο-

1104 1165 1208 1199 λέμων.
1234 1166 1266 1191 Οἱ
1282 1165 1334 1200 γάρ
1355 1172 1398 1190 τοι
1421 1164 1551 1191 Χαλδαῖοι
1573 1165 1642 1199 μετὰ
1663 1164 1712 1199 τὴν
1729 1164 1830 1191 ἅλωσιν
1845 1165 1895 1199 τῆς

1111 1211 1289 1246 Ἰερουσαλὴμ
1302 1212 1494 1246 ἐμπρήσαντες
1507 1211 1607 1242 πάσας,
1629 1211 1791 1237 ἐνέπνευσεν
1805 1212 1818 1237 ὁ
1829 1211 1893 1242 Θεος

1105 1256 1192 1291 τούτῳ
1208 1256 1278 1282 ὥστε
1291 1257 1374 1287 αὑτὰς
1392 1255 1532 1283 ἐκθέσθαι.

1141 1301 1179 1337 (4)
1196 1301 1217 1317 ⁵⁷
1233 1302 1355 1328 Γίνονται
1377 1299 1424 1328 οὖν
1455 1301 1508 1328 ἀπὸ
1521 1302 1570 1336 τῆς
1598 1301 1622 1328 α’
1651 1302 1794 1337 οἰκοδομῆς
1820 1302 1893 1338 (52h)

1105 1347 1152 1374 τοῦ
1181 1347 1245 1374 ναοῦ
1275 1348 1328 1379 ἕως
1355 1348 1405 1383 τῆς
1437 1347 1459 1382 β’
1491 1347 1538 1383 ἔτη
1573 1351 1639 1382 (μα’,
1741 1349 1779 1375 Τὸ
1806 1349 1896 1375 ’τοίνυν

1106 1394 1198 1429 σχῆμα
1233 1395 1280 1421 καὶ
1309 1392 1379 1425 εἶδος
1405 1394 1454 1428 τῆς
1477 1393 1498 1428 β’
1519 1394 1664 1429 οἰκοδομῆς
1692 1394 1740 1422 καὶ
1761 1395 1807 1421 τοῦ
1830 1394 1894 1421 ναοῦ

1105 1440 1152 1465 καὶ
1174 1439 1224 1474 τῆς
1252 1439 1357 1471 πόλεως
1388 1439 1567 1475 Ἰερουσαλὴμ
1591 1437 1625 1475 ἦν
1660 1440 1757 1471 οὕτως,
1787 1440 1820 1467 Ἡ
1846 1441 1894 1475 μὲν

1105 1481 1150 1509 οὖν
1174 1484 1251 1515 πόλις
1274 1485 1347 1518 τρισὶ
1376 1485 1493 1519 τείχεσιν
1521 1485 1682 1520 ὀχυρωμὲνη
1706 1492 1751 1511 και
1771 1485 1894 1512 δυσάλω-

1104 1538 1149 1561 τος
1175 1530 1282 1565 ὑπῆρχε
1303 1537 1310 1546 ·
1343 1531 1389 1556 τοῦ
1417 1530 1444 1556 δὲ
1470 1530 1574 1565 τείχους
1604 1532 1628 1557 οί
1664 1531 1764 1565 πύργοι
1799 1533 1897 1566 ’τετρά-

259 1571 416 1598 latitudinis
444 1576 534 1598 turres
562 1571 711 1604 habebant,
730 1577 757 1599 et
782 1573 872 1599 omnis
894 1573 962 1608 lapis
985 1582 1050 1600 cott—

1105 1583 1187 1609 γωνοι
1201 1575 1289 1608 ὄντες,
1305 1575 1378 1610 εἰχον
1400 1576 1430 1601 τὸ
1447 1575 1548 1607 πλάτος
1579 1576 1628 1602 καὶ
1645 1577 1675 1602 τὸ
1694 1576 1760 1611 ὕψος
1774 1578 1825 1603 ἀνὰ
1841 1579 1894 1611 πή-

261 1617 420 1644 structionis
445 1617 540 1651 viginti
566 1618 722 1645 cubitorum
748 1618 847 1653 longus
871 1623 941 1645 erat.
969 1619 1053 1646 Erant

255 1667 351 1690 autem
367 1664 518 1699 magniﬁcae
530 1664 629 1691 domus
641 1683 648 1696 ,
686 1665 880 1700 altissimaeqne
906 1670 933 1692 et
952 1671 1053 1700 paratte

262 1709 294 1736 Id
310 1716 410 1744 aquam
439 1709 636 1743 recipiendam.
667 1709 751 1736 Erant
778 1716 866 1737 turres
892 1715 1051 1746 octogonre,

262 1762 379 1790 quarum
396 1755 511 1782 altitudo
533 1755 715 1782 ducentorum
741 1756 911 1789 cubitorum;
936 1764 969 1783 ex
1000 1757 1052 1783 illis

261 1800 367 1827 oriente
391 1799 448 1826 sole
472 1799 570 1826 Arabia
587 1800 704 1835 prospici
733 1805 850 1835 poterat,
870 1806 944 1828 tanta
958 1810 1051 1828 carum

258 1850 321 1872 erat
334 1845 462 1872 elevatio.
477 1844 571 1871 Murus
583 1849 712 1872 externus
724 1850 748 1872 ct
764 1846 876 1880 cingens
888 1847 980 1873 urbem
994 1852 1052 1874 crat

260 1890 460 1924 quinquaginta
489 1891 576 1917 stadia
593 1890 702 1924 longus,
721 1891 845 1926 altusque
871 1893 1050 1926 quadraginta

252 1935 432 1967 cubitorum;
457 1936 551 1962 cuncti
575 1940 664 1962 autent
690 1936 792 1970 lapides
816 1937 916 1972 quibus
934 1938 1052 1966 a'dilica-

261 1982 359 2007 bantur
383 1981 477 2015 viginti
502 1981 609 2008 cubitos
631 1982 658 2008 in
676 1982 830 2014 latitudine,
838 1983 930 2011 decem
947 1991 1010 2012 vero
1024 1985 1048 2011 in

259 2025 401 2052 altitudine
417 2025 585 2060 totidemque
611 2026 638 2052 in
656 2027 848 2059 crassitudine.
876 2032 903 2054 et
926 2029 961 2054 ita
980 2029 1051 2055 inter

258 2079 289 2098 se
303 2070 330 2097 in
346 2078 426 2105 opere
438 2071 617 2106 conglutinati
637 2076 725 2103 erant.
744 2078 773 2099 ut
798 2073 879 2100 unius
896 2074 969 2108 rupis
986 2082 1049 2108 spe-

262 2117 334 2144 ciem
350 2118 511 2152 praeberent,
532 2117 701 2153 minimeque
714 2124 856 2153 appareret
871 2127 915 2147 ars
935 2128 987 2154 qua
1003 2128 1049 2148 co-

260 2163 406 2191 haererent.
424 2163 567 2198 Templum
599 2164 627 2190 in
654 2164 723 2191 colle
749 2165 863 2192 iirmiter
879 2171 1048 2194 exstructum

257 2213 430 2243 quatuorque
451 2209 556 2237 adibus
572 2209 693 2237 cinctum
716 2211 880 2238 aediﬁcatum
897 2217 956 2239 erat
978 2213 1047 2241 albis

1107 1629 1178 1656 χεων
1187 1625 1219 1654 ν’,
1230 1622 1346 1653 ἕκαστος
1363 1622 1433 1652 λίϐος
1444 1623 1492 1656 τῆς
1503 1623 1642 1657 δομήσεως
1652 1621 1685 1658 ἦν
1694 1624 1878 1660 εἰκοσάπηχυς
1886 1631 1893 1638 ⁸

1107 1667 1151 1701 ἐφ’
1164 1667 1193 1694 ὃν
1205 1665 1276 1703 ἦσαν
1292 1666 1363 1695 οἶκοι
1389 1667 1560 1700 πολυτελεῖς,
1588 1669 1634 1694 καὶ
1655 1669 1776 1704 ὑπερῷα,
1793 1670 1840 1696 καὶ
1852 1669 1895 1696 δε-

1108 1713 1223 1748 ξαμεναὶ
1247 1713 1315 1749 πρὸς
1336 1714 1468 1748 ὑποδοχὴν
1492 1714 1667 1749 ὀμὸριμαίων
1696 1715 1811 1742 ὑδάτων.
1831 1714 1894 1750 Εἶχε

1105 1759 1134 1784 δὲ
1146 1759 1315 1794 παράπυργιι
1339 1760 1485 1792 ὀκτάγωνα
1516 1761 1563 1786 καὶ
1588 1761 1753 1795 παμμεγέθη
1775 1762 1827 1788 ἀνὰ
1839 1762 1894 1797 πή,

1105 1811 1174 1837 χεων
1188 1801 1208 1828 σ¹
1224 1803 1254 1828 τὶι
1277 1803 1342 1837 ὕψος
1367 1803 1473 1838 ἔχοντα,
1499 1805 1538 1837 ὡς
1565 1804 1614 1839 τὴν
1633 1805 1763 1840 Ἀραῦίαν
1790 1807 1894 1833 ἑκείθεν

1105 1849 1181 1884 ἡλίου
1194 1849 1349 1884 ἀνίσχοντος
1360 1850 1485 1884 ὁρᾶσθαι.
1504 1851 1559 1877 Καὶ
1569 1851 1599 1877 τὸ
1610 1852 1658 1886 μὲν
1674 1853 1772 1887 μέτρον
1785 1852 1832 1887 τῆς
1842 1853 1894 1878 πᾶ-

1105 1894 1173 1925 λεως
1187 1895 1233 1920 καὶ
1243 1895 1409 1930 περίμετρον
1421 1895 1468 1921 ἀπ’
1477 1895 1571 1931 ἄκρων
1585 1897 1624 1928 εἰς
1634 1897 1718 1931 ἄκρον
1731 1897 1785 1932 εἷχε
1797 1898 1892 1924 στάδια

1105 1943 1127 1966 ν’
1139 1941 1187 1967 καὶ
1202 1941 1232 1967 τὸ
1250 1941 1316 1976 ὓιξος
1332 1942 1431 1976 πήχεις
1445 1941 1472 1976 μ’
1487 1951 1492 1957 ·
1520 1943 1544 1968 οἱ
1560 1943 1587 1969 δὲ
1601 1942 1670 1969 λίθοι
1682 1944 1731 1978 τῆς
1749 1945 1892 1979 οἰκοδομῆς

1104 1985 1177 2021 εἶχον
1188 1987 1239 2013 ἀνὰ
1264 1988 1374 2021 πήχεων
1394 1987 1418 2013 κ’
1437 1990 1466 2013 τὸ
1483 1988 1582 2022 μῆκος,
1597 1988 1627 2014 τὸ
1645 1989 1672 2014 δὲ
1697 1989 1795 2021 πλάτος
1810 1992 1860 2017 ἀνὰ
1875 1993 1892 2016 t’

1104 2032 1204 2064 ποδῶν,
1220 2033 1257 2063 ὼς
1272 2034 1359 2065 κάτω,
1376 2033 1424 2060 καὶ
1449 2033 1479 2059 τὸ
1510 2034 1607 2068 πάχος.
1625 2035 1677 2060 Καὶ
1694 2034 1780 2066 οὕτως
1808 2037 1837 2061 ὲν
1859 2037 1890 2070 τῇ

1103 2078 1217 2112 δομήσει
1242 2079 1267 2104 οἱ
1301 2078 1370 2104 λίθοι
1392 2079 1519 2114 ἀλλήλοις
1537 2080 1656 2114 ἥνωνται
1671 2082 1708 2112 ὼς
1722 2081 1810 2107 δοκεῖν
1826 2082 1892 2116 μίαν

1104 2122 1173 2150 εἶναι
1190 2124 1304 2158 πέτραν,
1323 2124 1450 2160 μηδαμοῦ
1468 2125 1517 2160 τῆς
1531 2126 1680 2159 συναφείας
1696 2126 1745 2160 τῆς
1757 2127 1891 2161 ἁρμονίας

1102 2170 1328 2205 διαφαινομένης.
1349 2170 1386 2196 Τὸ
1410 2170 1438 2196 δὲ
1470 2171 1542 2205 ἱερὸν
1569 2172 1616 2197 ἐπὶ
1643 2171 1725 2206 λόφου
1749 2173 1891 2208 καρτερῶς

1102 2216 1347 2252 δεδομημένονκαὶ
1370 2216 1484 2252 τετρὰσι
1510 2217 1665 2252 περιῦόλοιε
1693 2218 1889 2253 κυκλούμενον,

258 2253 406 2287 politisque
426 2254 574 2288 lapidibus,
590 2262 706 2289 quorum
725 2256 867 2290 longitudo
884 2257 964 2291 pedes
978 2266 1047 2292 qua-

1104 2260 1159 2297 εῐχε
1183 2263 1273 2294 λίθους
1293 2263 1310 2298 ἡ
1324 2263 1452 2299 οίκοδομὴ
1474 2264 1556 2291 αὑτοῦ
1576 2264 1688 2296 λευκοὺς
1708 2266 1754 2291 καὶ
1781 2265 1890 2298 ξεστοὺς

257 2297 394 2331 draginta.
421 2297 451 2324 In
478 2301 608 2334 templum
632 2302 723 2328 media
747 2302 774 2329 in
801 2303 867 2329 urbe
891 2304 974 2330 situm
1002 2312 1048 2338 per

258 2341 361 2376 gradus
388 2342 532 2370 duodecim
564 2346 773 2374 ascendebatur.
811 2346 921 2375 Frontis
956 2349 1048 2383 templi

257 2388 372 2415 altitudo
384 2393 444 2416 erat
453 2396 562 2417 centum
572 2392 739 2424 cubitorum,
752 2393 836 2427 partis
849 2401 914 2420 vero
928 2394 1049 2422 adversae

257 2435 437 2470 quadraginta
475 2436 648 2471 cubitorum;
666 2447 727 2472 pars
741 2439 813 2466 enim
831 2440 905 2473 prior
921 2440 1048 2468 inclinata

255 2484 313 2507 erat
322 2480 348 2506 in
361 2481 437 2514 urbe,
450 2483 585 2516 posterior
596 2491 660 2510 vero
672 2489 812 2512 exstructa
831 2485 857 2511 in
867 2486 944 2513 colle.
956 2486 1046 2514 Prima

254 2526 432 2560 templiyporta
445 2529 615 2562 septuaginta
628 2529 734 2556 cubitos
746 2530 898 2557 altitudinis
912 2531 1041 2566 trahebat,

252 2571 407 2600 latitudinis
418 2577 509 2600 autent
536 2581 583 2600 sex
600 2579 625 2601 et
643 2575 748 2610 viginti.
764 2576 906 2603 Corinthio
921 2585 974 2604 aere
988 2583 1045 2605 erat

253 2618 352 2645 vestita
369 2618 406 2646 ita
425 2622 455 2645 ut
476 2619 562 2654 portis
576 2627 644 2647 auro
659 2626 826 2656 argentoque
856 2623 962 2651 ornatis
983 2625 1042 2659 μυί⁴

254 2662 409 2692 chritudine
436 2670 574 2699 praestaret
592 2666 772 2701 quadraginta
792 2668 899 2695 cubitos
922 2670 1043 2698 altitudi-

255 2708 296 2734 nis
312 2707 472 2738 habentibus
491 2716 516 2738 ιιι
531 2711 558 2738 in
582 2711 765 2740 crassitudine
788 2720 854 2740 auro
871 2718 898 2741 et
926 2723 1037 2751 argento

1101 2308 1153 2334 ἀνὰ
1173 2308 1261 2335 ποδῶν
1278 2312 1304 2344 μ’
1319 2309 1349 2335 τὸ
1372 2310 1489 2343 μέγεοος
1503 2311 1620 2337 ἑκάστου
1643 2311 1729 2338 λίθου.
1743 2312 1834 2338 Μέσον
1861 2313 1889 2339 δὲ

1100 2353 1148 2388 τῆς
1176 2353 1280 2386 πόλεως
1295 2352 1328 2390 ἦν
1355 2355 1368 2380 ό
1390 2357 1454 2387 ναός
1467 2364 1473 2370 ·
1489 2356 1703 2392 διυδεκάὸαομος
1715 2359 1729 2384 ὁ
1749 2358 1889 2393 ἁναὸάτης

1100 2398 1219 2433 ὑπῆρχε.
1237 2400 1291 2426 Καὶ
1308 2400 1339 2426 τὸ
1356 2401 1406 2435 μὲν
1425 2402 1496 2428 κατὰ
1509 2402 1657 2437 πρόσωπον
1674 2403 1757 2430 αὐτοῦ
1778 2404 1844 2438 ὕψος
1854 2401 1889 2440 ἦν

1101 2443 1255 2478 πήχεωνρ’,
1280 2445 1311 2470 τὸ
1328 2445 1356 2470 δὲ
1384 2446 1550 2475 κατόπισθεν
1573 2451 1598 2483 μ’
1613 2457 1619 2462 ·
1635 2451 1809 2485 κατάῤῥοπον
1831 2451 1888 2486 γὰρ

1101 2488 1248 2524 ἐτύγχανεν
1268 2489 1298 2515 τὸ
1326 2489 1355 2516 ἓν
1375 2491 1458 2526 μέρος
1485 2491 1535 2526 τῆς
1555 2493 1670 2526 πόλεως,
1697 2494 1727 2520 τὸ
1751 2494 1779 2520 δὲ
1793 2494 1887 2529 ἕτερον

1098 2534 1231 2568 ὑπόλοφον
1242 2535 1313 2561 κατὰ
1327 2536 1357 2562 τὸ
1374 2536 1437 2571 ὅρος
1449 2545 1456 2552 ·
1476 2538 1491 2573 ή
1507 2538 1535 2564 δὲ
1548 2538 1644 2574 πρώτη
1656 2539 1727 2575 πύλη
1744 2540 1792 2566 τοῦ
1807 2540 1885 2572 ναοῦ,

1095 2579 1125 2605 τὸ
1140 2580 1188 2613 μὲν
1202 2579 1279 2615 ὕψος,
1293 2579 1350 2616 εἶχε
1368 2582 1479 2617 πήχεων
1496 2587 1527 2616 o',
1545 2584 1576 2610 τὸ
1589 2584 1618 2611 δὲ
1637 2584 1717 2621 εὖρος
1729 2589 1775 2617 xc’
1787 2587 1886 2622 Κοριν-

1095 2624 1144 2659 οἰῳ
1155 2625 1248 2661 χαλκῷ
1265 2626 1466 2662 κεκαλυμμένη
1481 2629 1518 2660 ὡς
1542 2630 1693 2665 ὑπεράγειν
1714 2632 1748 2666 τῇ
1768 2632 1884 2666 καλλονῇ

1093 2670 1142 2701 τὰς
1162 2670 1326 2706 διαχρύσους
1350 2674 1398 2698 καὶ
1420 2675 1625 2710 περιαργύρους
1638 2676 1738 2708 πύλας,
1761 2677 1814 2703 ἀνὰ
1832 2678 1885 2712 πή-

1093 2724 1163 2750 χεων
1179 2719 1204 2751 μ’
1217 2717 1246 2743 τὸ
1259 2717 1386 2752 μέγεθος,
1399 2719 1446 2744 sui
1466 2720 1552 2755 πάχος
1579 2721 1648 2748 πολὺ
1663 2721 1710 2748 τοῦ
1722 2721 1825 2757 χρυσοῦ
1836 2722 1883 2749 καὶ

861 2785 958 2816 Variae
982 2788 1133 2819 rectiones
1154 2791 1184 2818 et
1204 2791 1299 2818 noue.

288 2848 310 2886 ξ’
329 2847 460 2884 Jnsephus
489 2851 520 2877 Α.
548 2852 654 2894 ιικιῑι.
681 2853 740 2880 2—7.
755 2855 819 2881 Ctxl.
836 2855 937 2887 254,10
973 2857 1046 2884 Ἡδὲ

293 2888 382 2905 Λαχιε.
397 2894 412 2905 γ
441 2895 455 2905 φ
480 2887 490 2905 λ
545 2887 566 2901 σε
582 2888 635 2905 (.ml
658 2889 709 2905 οη
725 2890 826 2905 omo“:
841 2891 877 2905 ua
914 2893 934 2905 n
957 2893 997 2905 ιη.
1022 2893 1036 2905 ι.

1104 2859 1121 2905 ξ,
1141 2860 1294 2905 ξορρὸάῦελ
1318 2861 1470 2905 ὑπόμνησις
1495 2865 1607 2905 τοιαύτη
1621 2863 1654 2905 ἦν
1667 2869 1742 2905 τρεῖς
1756 2877 1881 2905 σωματο-

253 2883 383 2916 φύλακες,
394 2883 423 2911 Vx.
441 2895 465 2913 τ.
480 2887 505 2912 λ.
545 2887 566 2901 ⁸⁸
582 2887 877 2922 ϐοά.2ι4,22-245,Ή

914 2893 934 2907 ⁵⁷
950 2893 1007 2919 Jos.
1022 2893 1047 2920 b.
1068 2894 1087 2920 i.
1103 2893 1132 2921 γ.
1149 2896 1164 2920 5
1180 2895 1273 2922 Γιν.-
1289 2896 1343 2931 φια¹
1362 2893 1425 2925 όιιι.’
1440 2893 1467 2925 in
1482 2893 1607 2928 versione

1649 2902 1736 2936 ulgar.
