2066 3150
240 141 293 173 343

842 143 998 173 GEORGII
1021 144 1247 176 ΗΑΜΛΗΤΟΜ

1812 138 1866 172 3H

238 206 369 226 coronam
387 204 451 227 sunt
465 199 596 226 assecuti.
616 197 652 225 De
662 197 763 233 quibus
781 199 900 233 loquitur
910 204 1020 227 sanctus

1078 202 1230 237 μαρτυρίου
1251 201 1382 236 στέφανον
1397 201 1528 233 ὡσαύτως
1551 200 1716 236 ἅναδήσαντο
1733 199 1783 234 (ι).
1801 199 1869 234 Περὶ

238 244 395 279 Gregorius.
422 245 467 273 Sic
488 244 624 272 conclusit
642 244 826 272 sacerdotium
845 252 924 272 suum
944 245 1023 272 divus

240 289 385 319 Eleazarus
404 291 449 326 qui
462 291 559 319 doctus
571 295 630 318 erat
642 296 669 319 et
679 292 809 319 docuerat
824 293 957 324 cwlestia,
976 300 1025 320 nec

237 341 350 364 externa
366 337 453 364 aliena
476 337 644 372 aspersione,
660 338 707 365 sed
724 346 774 365 suo
791 339 926 374 sanguine
940 339 1024 366 lsrael

237 381 429 410 sanctiﬁcavit.
452 386 479 409 et
495 387 580 409 morte
602 382 728 409 ultimum
751 384 910 418 mysterium
928 383 1022 410 conie-

237 427 285 454 cit.
301 427 341 455 Ita
358 427 434 462 pueri
453 427 552 455 nedum
566 428 752 463 voluptatibus
771 429 917 462 servirent,
933 429 1024 456 libidi-

238 474 320 502 nibus
347 474 468 506 domitls,
496 482 596 510 corpus
614 475 794 510 puriﬁcavere
825 480 852 504 et
880 477 913 503 ad
940 476 1023 504 vitam

238 518 314 546 nullo
322 519 408 547 dolori
421 520 567 547 obnoxiam
579 521 722 548 transiere.
734 521 780 548 Sic
795 525 940 556 pereuntes
954 522 1024 548 tilios

237 565 338 593 multos
360 564 429 592 vidit
455 570 551 597 mater,
575 573 646 600 quae,
672 571 703 593 ut
733 565 801 593 dixit
822 566 944 600 quidam,
970 566 1024 593 illis

237 610 391 638 viventibus
406 610 584 646 gloriabatur,
604 611 724 639 moriens
748 618 840 638 secum
856 611 882 638 in
909 616 1023 639 mortem

236 656 296 684 illos
314 657 420 684 induxit
435 661 476 689 et,
485 664 555 692 quos
568 657 670 685 mundo
684 662 827 693 genuerat,
841 658 895 685 Deo
912 658 1022 685 obtulit.

235 701 373 729 Attonitus
393 701 451 736 ipse
473 702 625 730 Antiochus
650 703 676 730 in
703 703 914 731 admirationem
933 704 1022 731 minas

235 748 422 776 commutavit.
432 748 521 777 Probe
539 750 630 777 sciunt
654 751 727 778 enim
746 750 838 778 mirari
858 751 982 778 virtutem
996 755 1023 778 et

235 793 378 822 bellatores
392 795 502 830 quando
515 796 658 823 recedente
672 796 711 823 ira
732 800 834 824 statum
849 803 940 824 rerum
956 804 1021 824 εισι-

235 839 341 867 minant
364 848 397 868 ac
419 841 518 869 deinde
545 842 579 868 ah
604 843 710 875 agendo
730 842 875 870 desistunt.
895 842 941 869 llis
963 850 1022 870 om—

235 885 316 913 nibus
348 893 394 913 rex
424 887 527 922 pudore
561 887 672 915 alit-ctus
704 894 731 915 et
762 889 864 923 majore
893 889 1022 916 incensus

235 932 275 958 ira
299 938 376 958 sacra
404 939 469 959 vasa
495 932 577 967 cepit,
610 933 669 959 auri
697 933 856 967 argentique
881 932 935 959 vim
969 932 1020 959 im-

235 983 358 1004 mensam
387 978 535 1013 congessit,
553 983 580 1005 et
603 979 671 1006 urbe
686 983 793 1006 vastata
816 978 1022 1013 pecudibusque

234 1022 345 1055 occisis,
371 1023 461 1050 omnia
478 1023 552 1051 caede
576 1024 720 1059 complevit
743 1029 770 1051 et
795 1023 879 1051 multa
901 1024 1021 1051 minatus

234 1068 407 1096 Antiochiam
424 1077 551 1098 reversus
576 1075 640 1102 est,
665 1077 764 1105 magno
792 1070 886 1098 dolore
911 1068 1022 1098 aﬂectos

235 1114 304 1141 ﬁlios
319 1114 401 1142 Israel
421 1115 589 1150 relinquens.
608 1115 720 1143 Duobus
736 1115 816 1143 annis
832 1115 943 1150 elapsis,
959 1122 1020 1142 cum

234 1159 327 1188 Persis
346 1161 416 1188 bella
441 1161 534 1196 gessit,
554 1161 766 1196 praefectumque
789 1161 863 1188 misit
883 1161 910 1188 in
939 1162 1021 1189 urbes

234 1205 345 1240 Iudaeae,
358 1207 407 1242 qui
420 1207 561 1243 vectigalia
576 1208 706 1243 exigeret.
716 1207 766 1235 Hic
782 1215 879 1242 magna
895 1215 956 1235 cum
971 1207 1021 1235 ho-

235 1253 339 1279 minum
353 1252 430 1287 copia
445 1253 555 1281 advertit
571 1261 721 1289 pacemque
733 1254 868 1281 simulans
882 1253 1019 1280 civitatem

233 1296 385 1325 Jerusalem
400 1298 466 1326 dolo
479 1299 619 1334 ingressus
637 1305 696 1332 est;
714 1305 740 1328 et
761 1307 858 1334 magna
876 1299 953 1327 clade
968 1298 1018 1326 Ju-

233 1343 307 1370 dceos
343 1343 444 1378 aﬁecit,
475 1345 580 1373 muenia
607 1345 719 1378 evertit,
754 1345 904 1379 urbemque
936 1349 1018 1371 totam

234 1389 342 1423 deiecit,
359 1390 518 1425 diruitque;
549 1391 678 1425 templum
701 1391 816 1426 impuris
840 1390 1020 1424 nefandisque

233 1435 376 1462 sacrillciis
392 1436 523 1470 implevit,
539 1441 568 1465 et
584 1441 715 1472 negantes
734 1437 881 1464 simulacra
897 1436 1019 1472 gentium

233 1480 308 1508 adire
323 1481 529 1517 prohibisasque
557 1490 654 1511 carnes
673 1483 753 1510 edere
768 1482 876 1510 Judaeos
893 1483 1020 1510 indiscri-

234 1525 358 1554 minatim
389 1527 500 1555 occidit.
533 1527 694 1556 Innumeros
730 1528 813 1563 igitur
838 1529 930 1560 viros,
959 1536 1020 1555 mu-

1079 245 1116 274 ὧν
1127 249 1140 274 ὁ
1158 247 1243 283 μέγας
1256 247 1406 283 Γρηγόριϐς
1420 256 1519 282 φησιν·
1536 256 1544 273 ε
1560 247 1655 278 οὕτως
1671 246 1869 280 ἀπέλαυσετῆς

1080 293 1229 329 ἱερωσύνης
1247 293 1261 319 ὁ
1275 294 1345 324 θεῖος
1363 292 1495 327 Ἐλεάζαρ
1512 291 1625 327 μυηθεὶς
1648 291 1695 318 καὶ
1711 291 1820 325 μυήσας
1834 292 1868 318 τὰ

1079 339 1227 373 ἐπουράνια
1243 339 1289 365 καὶ
1300 338 1330 365 οὐ
1346 339 1401 370 τοῖς
1411 337 1511 370 ἔξωθεν
1523 337 1681 373 ῥαντισμοῖς
1691 336 1738 363 τὸν
1758 335 1868 370 Ἰσραὴλ

1079 385 1206 418 ἁγιάσας,
1232 384 1290 410 ἀλλ’
1305 384 1416 415 οίκείοις
1428 383 1539 418 αἵμασι,
1550 383 1596 410 καὶ
1623 383 1740 417 ποιήσας
1757 382 1807 416 τὴν
1822 390 1868 408 τεο

1078 431 1175 465 λευτὴν
1189 429 1343 456 τελευταῖον
1360 431 1518 464 μυστήριον.
1538 428 1616 456 Οὕτω
1628 429 1676 455 καὶ
1691 429 1716 455 οἱ
1732 429 1786 455 νέοι
1802 429 1867 455 erat:

1077 476 1121 507 δες
1140 477 1189 511 οὐχ
1203 475 1311 510 ἡδοναῖς
1330 475 1534 508 δουλεύσαντες,
1553 475 1621 502 ἀλλὰ
1635 475 1689 501 τῶν
1709 475 1804 501 παθῶν
1817 483 1868 502 κυ-

1079 521 1237 556 ριεύσαντες
1251 521 1296 547 καὶ
1312 521 1343 548 τδ
1363 520 1442 555 σῶμα
1454 520 1526 556 (55ι)
1547 520 1774 554 καθαγνίσαντες,
1797 519 1867 554 πρὸς

1077 568 1126 603 τὴν
1142 568 1234 602 ἀπαθῆ
1248 567 1320 603 ζωὴν
1334 568 1514 602 μετέστησαν.
1533 576 1542 593 ι
1557 582 1590 587 ——
1607 567 1715 598 (Οὕτως
1727 567 1866 593 ἀπέλαυσε

1077 613 1127 646 τῆς
1138 611 1317 644 πολυτεκνίας
1371 613 1472 648 μήτηρ,
1500 611 1538 644 ὥς
1555 611 1622 646 φησι
1637 621 1689 644 τις,
1718 611 1804 644 οὕτως
1819 613 1866 638 καὶ

1077 657 1160 690 ζῶσιν
1176 657 1452 688 ἐκαλλωπίσατο,.κα“ι
1468 656 1624 684 ἀπελθοῦσα
1639 657 1863 683 συνινεπαύσατο

1076 703 1124 730 καὶ
1144 703 1190 735 οὓς
1204 703 1332 738 ἐγέννησε
1352 699 1457 738 κόσμῳ,
1471 702 1529 738 Θεῷ
1545 703 1757 737 παραστήσασα.
1781 702 1866 734 Ἢγά-

1076 749 1128 784 σθη
1146 749 1175 776 δὲ
1203 750 1249 776 καὶ
1269 748 1405 784 Ἀντίοχος
1434 748 1505 775 οὕτω
1533 748 1693 784 μεταϐαλὼν
1714 749 1753 780 είς
1772 747 1864 783 θαῦμα

1075 795 1124 830 τὴν
1142 794 1269 829 ἀπειλήν.
1284 795 1373 821 Ἰσασι
1394 794 1448 830 γὰρ
1471 794 1623 828 θαυμάζειν
1642 794 1744 829 ἀρετὴν
1759 794 1865 830 ἀνδρῶν

1076 841 1123 867 καὶ
1140 840 1273 875 πολέμιοι,
1291 839 1365 871 ὅταν,
1378 839 1426 866 τοῦ
1439 840 1525 875 θυμοῦ
1537 840 1680 875 λήξαντος,
1705 839 1747 873 ἐφ’
1764 839 1866 874 ἑαυτῆς

1041 880 1059 906 Β
1073 887 1089 922 ή
1107 886 1206 921 πρᾶξις
1220 886 1414 922 δοκιμάζηται,
1434 886 1505 913 ὥστε
1518 886 1564 912 καὶ
1585 886 1706 921 ἀπῆλθεν
1722 886 1863 921 ἄπρακτος

1073 931 1121 959 καὶ
1138 931 1375 967 ἀπληροφόρητος.
1394 941 1403 958 ι
1426 932 1449 948 ⁷⁸
1465 932 1502 968 (5)
1523 931 1584 964 Ὑφ’
1600 928 1638 958 ὧν
1654 931 1765 967 (τοίνυν)
1781 933 1794 959 ό
1816 932 1863 958 τύ-

1075 987 1170 1012 ραννος
1185 978 1398 1014 καταισχυνθεὶς
1411 980 1457 1005 καὶ
1474 978 1575 1013 μᾶλλον
1594 978 1726 1012 ἐκμανεὶς
1745 977 1814 1014 (καὶ)
1829 977 1864 1005 τὰ

1074 1023 1135 1058 ιερὰ
1161 1023 1245 1059 σκεύη
1258 1024 1348 1050 πάντα
1362 1024 1385 1040 ⁷⁷
1404 1023 1504 1056 λαὸὼν,
1521 1024 1621 1059 χρυσόν
1636 1032 1666 1050 τε
1678 1023 1725 1050 καὶ
1742 1023 1863 1059 ἄργυρον

1073 1069 1185 1105 ἄπειρον
1201 1069 1248 1096 καὶ
1264 1070 1354 1096 πᾶσαν
1378 1069 1429 1105 τὴν
1443 1070 1522 1096 πόλιν
1546 1069 1787 1105 λαφυραγωγήσας
1815 1070 1863 1096 καὶ

1072 1114 1106 1140 τὰ
1119 1114 1204 1149 κτήνη
1221 1116 1410 1150 κρεουργήσας
1424 1115 1472 1142 καὶ
1483 1115 1583 1151 πολλὴν
1596 1115 1769 1149 φονοκτονίαν
1783 1114 1863 1150 ποιή-

1074 1168 1123 1191 σας
1140 1160 1188 1186 καὶ
1204 1160 1497 1196 μεγαλορῤημονήσας,
1511 1161 1687 1196 ἀνεχώρησεν
1701 1161 1742 1192 είς
1761 1159 1863 1186 Ἀντιό-

1072 1214 1149 1241 χειαν
1163 1206 1248 1241 (μέγα
1268 1206 1366 1238 πένθος
1393 1206 1560 1241 καταλείψας
1575 1208 1633 1238 τοῖς
1647 1207 1714 1238 υῑοίς
1732 1205 1862 1241 Ἰσραήλ).

1072 1267 1106 1272 -—
1125 1251 1181 1279 Καὶ
1196 1251 1265 1286 μετὰ
1289 1250 1311 1287 β’
1335 1252 1382 1286 ἔτη
1408 1252 1479 1278 κατὰ.
1494 1251 1608 1287 Περσῶν
1633 1252 1860 1286 ἐπιστρατεύσας,

1072 1297 1231 1325 ἀπέστειλεν
1249 1298 1367 1333 ἄρχοντα
1381 1298 1404 1313 ⁷⁸
1423 1297 1608 1333 φορολογῆσαι
1630 1297 1679 1329 τὰς
1702 1297 1794 1328 πόλεις
1811 1296 1863 1323 ’ἰε-

1073 1344 1226 1379 ρουσαλὴμ,
1242 1343 1271 1376 ὃς
1289 1344 1511 1380 παραγενόμενος
1523 1344 1592 1379 μετὰ
1607 1343 1707 1377 πολλῆς
1720 1343 1863 1377 δυνάμεως

1072 1390 1119 1417 καὶ
1136 1388 1256 1423 λαλήσας
1268 1389 1424 1424 εἰρηνικοὺς
1436 1389 1543 1423 λόγους,
1556 1388 1626 1423 μετὰ
1641 1389 1718 1415 δόλου
1733 1388 1803 1422 πρὸς
1814 1388 1863 1422 τὴν

1073 1435 1150 1463 πόλιν
1185 1435 1364 1471 Ἰερουσαλὴμ
1379 1435 1400 1452 ⁷³
1415 1434 1544 1463 εἰσελθὼν
1569 1434 1704 1467 ἐπάταξεν
1721 1434 1820 1465 αὐτοὺς
1837 1431 1863 1449 ⁸⁸

1072 1481 1163 1516 πληγῇ
1180 1481 1296 1517 μεγάλῃ,
1310 1481 1358 1508 καὶ
1369 1480 1491 1508 καθελὼν
1508 1480 1542 1507 τὰ
1552 1480 1641 1516 τείχη,
1654 1481 1744 1507 πᾶσαν
1756 1478 1862 1514 (αὐτὴν)

1073 1527 1207 1561 ἐνέπρησε
1227 1527 1309 1562 210
1322 1526 1380 1561 (καὶ
1393 1527 1586 1562 κατέστρεψε),
1613 1526 1660 1552 καὶ
1672 1526 1702 1552 τὸ
1721 1525 1771 1560 μὲν
1788 1524 1860 1560 ιερὺν

233 1572 313 1599 lieres
327 1580 482 1608 puerosque
497 1574 602 1608 magnis
616 1574 751 1609 saevisque
769 1574 936 1601 cruciatibus
953 1573 1019 1601 all‘e-

1076 1555 1216 1607 (ἀαωιίαις
1227 1555 1418 1608 ἷᾶῑμιαραῖς
1432 1555 1543 1604 θυσίαις
1551 1555 1743 1608 ἀνεπλήρωσεν
1754 1571 1788 1604 ⁸⁸,
1797 1555 1862 1602 τοὺς

232 1621 292 1645 ctus
307 1617 452 1652 interfecit,
470 1624 497 1647 et
516 1621 617 1648 multos
633 1620 756 1655 captivos
777 1628 869 1650 secum
892 1619 1016 1653 abduxit,

1074 1619 1102 1645 δὲ
1121 1618 1157 1654 μὴ
1175 1618 1426 1653 προσαιρουμὲνους
1454 1618 1508 1645 τῶν
1531 1618 1664 1645 Ἰουδαίων
1690 1616 1862 1651 μετασαίνειν

232 1665 328 1693 relicto
341 1665 463 1701 principe
478 1666 523 1701 qui
539 1672 651 1694 caeteros
665 1666 775 1694 Judmos
788 1670 906 1695 vexaret.

1073 1666 1111 1696 εἰς
1127 1665 1160 1691 τὰ
1182 1665 1325 1699 Ἐλληνικά
1339 1665 1362 1681 ⁸⁸
1383 1666 1429 1691 καὶ
1444 1664 1498 1691 τῶν
1513 1665 1650 1700 ἀθεμίτων
1663 1663 1861 1698 ἀπογεύεσθαι,

231 1711 348 1744 ἀφειδῶς
367 1714 550 1740 κατέκτεινεν.
569 1714 685 1746 Πολλοὺς
721 1711 768 1741 οὖν
786 1714 898 1749 (ἄνδρας
921 1715 969 1740 καὶ
1002 1714 1134 1747 γυναῖκας
1153 1713 1200 1739 καὶ
1234 1713 1332 1744 παῖδας
1363 1712 1433 1747 μετὰ
1450 1712 1555 1740 πολλῶν
1571 1712 1620 1740 καὶ
1631 1713 1760 1748 χαλεπῶν
1780 1710 1862 1739 uolti-

233 1762 314 1794 σεων)
329 1761 431 1788 ἀνελὼν
448 1762 506 1797 (καὶ
537 1762 634 1794 ἄλλους
659 1761 896 1797 αίχμαλωτεύσας)
918 1761 1035 1796 ἀπῆλθε,
1075 1759 1193 1796 ἀρχοντα
1225 1760 1384 1788 καταλιπὼν
1410 1761 1450 1793 είς
1476 1761 1506 1788 τὸ
1532 1761 1689 1796 βασανίζειν
1707 1762 1770 1793 τοὺς
1796 1761 1862 1788 ‘low

231 1805 333 1839 ἃαίους.

419 1879 461 1906 Cl.
482 1879 520 1906 De
534 1879 668 1907 sacerdote
684 1879 846 1906 Mal/mtiliti.

272 1936 436 1964 Mathathias
459 1936 570 1972 quidam
595 1937 724 1964 sacerdos
739 1937 782 1964 cui
806 1936 928 1971 quinque
945 1940 1022 1963 erant

233 1982 293 2016 alii,
309 1984 380 2011 inter
394 1991 464 2019 quos
479 1983 564 2011 Judas
576 1983 756 2015 Maccabaeus,
771 1983 828 2010 zelo
849 1988 942 2018 raptus
956 1982 1023 2010 ado-

233 2031 304 2058 ritur
330 2030 505 2066 praefectum;
529 2037 584 2065 quo
612 2029 765 2062 interfecto,
792 2033 938 2064 congregat
962 2036 1021 2056 om-

233 2084 280 2105 nes
301 2084 366 2105 suos
394 2081 421 2104 et
445 2076 538 2112 dejicit
559 2072 650 2104 omnia
673 2076 780 2111 impura
804 2077 925 2111 gentium
949 2076 1018 2103 alta-

231 2123 290 2154 ria,
327 2122 481 2158 occiditque
511 2122 599 2158 legum
635 2126 808 2157 paternarum
853 2122 1016 2149 desertores.

1170 1878 1230 1905 PA’.
1249 1877 1318 1910 Περὶ
1333 1877 1386 1905 τοῦ
1405 1878 1593 1905 Ματθατθιου
1605 1878 1705 1912 Ιερέως
1722 1877 1755 1905 ⁸³.

1106 1934 1128 1950 ’⁸⁵
1142 1935 1266 1965 Ματθίας
1280 1935 1308 1961 δέ
1324 1943 1365 1966 τις
1389 1935 1491 1970 ἱερεὺς,
1515 1934 1585 1970 ἔχων
1610 1935 1686 1966 υἱοὺς
1702 1933 1733 1966 ε’,
1759 1934 1806 1968 ἀφ’
1822 1931 1861 1960 ὧν

1077 1979 1178 2011 Ἰούδας
1196 1982 1209 2006 ὀ
1235 1980 1413 2011 Μακκαϐαῖος
1431 1980 1591 2015 ἐτύγχανεν.
1617 1980 1699 2016 ζήλου
1729 1980 1861 2015 πλησθεὶς

1071 2025 1119 2051 καὶ
1131 2025 1255 2060 ὁρμήσας
1271 2025 1341 2052 κατὰ
1362 2025 1410 2052 τοῦ
1426 2025 1567 2061 ἄρχοντος,
1591 2025 1697 2052 ἀνεῖλεν
1715 2025 1796 2052 αυτὺν
1813 2026 1861 2052 καὶ

1072 2071 1233 2106 συναγαγὼν
1245 2073 1369 2104 ἅπαντας
1382 2072 1445 2104 τοὺς
1465 2072 1529 2108 περὶ
1548 2072 1640 2104 αὐτὸν,
1657 2072 1802 2107 ἐπέρχεται
1813 2073 1860 2098 καὶ

1070 2118 1260 2145 κατασκάπτει
1284 2119 1347 2150 τοὺς
1360 2118 1535 2154 ἀκαθάρτους
1558 2118 1667 2153 βωμοὺς
1681 2118 1736 2146 τῶν
1763 2117 1860 2153 Ἐλλή-

229 2168 299 2196 Cum
327 2168 512 2197 tumultuatim
537 2176 552 2196 e
575 2167 720 2196 Persarum
743 2175 826 2202 regno
842 2167 930 2194 victus
946 2167 1016 2194 redi-

1073 2174 1131 2197 νων,
1157 2166 1204 2192 καὶ
1230 2166 1291 2196 τοὺς
1313 2165 1534 2196 ἀπσστατοῦντας
1562 2165 1586 2181 ⁸⁸
1601 2165 1648 2192 τοῦ
1676 2165 1759 2199 νόμον
1782 2165 1860 2191 ἀναι-

230 2218 272 2241 ret
307 2214 480 2246 Antirchus,
506 2214 604 2242 defecit
633 2214 724 2242 animo
753 2218 833 2248 atque
861 2213 1019 2249 proceribus

231 2259 300 2286 dixit
317 2266 324 2285 :
349 2269 358 2285 ε
377 2259 500 2288 Recessit
524 2267 638 2288 somnus
655 2260 689 2287 ab
711 2259 799 2287 oculis
813 2259 892 2290 meis.
911 2264 937 2286 et
951 2266 1019 2286 con-

230 2304 296 2337 eidi,
311 2308 337 2331 et
354 2310 456 2339 aegroto
471 2313 526 2339 prta
546 2304 738 2332 sollicitudine.
759 2302 838 2332 Nunc
855 2312 919 2332 vero
936 2304 1019 2331 remi-

230 2350 323 2378 niscor
341 2350 472 2377 malorum
497 2358 558 2384 qua:
580 2350 632 2378 ieci
653 2351 681 2377 in
702 2349 888 2378 Jerusalem...
918 2357 1019 2384 cogno-

231 2396 257 2422 vi
281 2393 344 2430 quia
372 2399 515 2430 propterea
542 2395 703 2423 invenerunt
726 2403 769 2423 me
792 2395 863 2422 mala
890 2395 941 2422 ista
963 2403 969 2421 :
993 2398 1020 2421 et

230 2448 295 2468 cere
326 2448 408 2475 pereo
423 2441 451 2467 in
466 2445 539 2468 terra
555 2441 653 2469 aliena.
672 2451 682 2468 ι
699 2440 732 2468 Et
749 2441 833 2476 jussit
847 2448 927 2469 suum
943 2440 1018 2467 auri-

231 2493 292 2520 gam
320 2485 394 2513 nulla
421 2486 583 2522 interposita
606 2494 681 2514 mora
707 2494 820 2515 cursum
849 2486 1020 2518 accelerare;

231 2540 294 2559 nam
327 2533 501 2561 vehementer
532 2533 627 2568 iudicii
667 2533 787 2560 cmlestis
814 2539 923 2567 poenam
955 2540 1018 2559 scn-

1070 2213 1113 2248 ρεῖ
1126 2213 1160 2238 ⁸⁸.
1171 2211 1209 2249 (2)
1226 2212 1259 2239 '0
1269 2212 1298 2239 δέ
1313 2221 1345 2247 γε
1358 2212 1494 2248 Ἀντίοχος
1513 2212 1645 2248 ἀκόσμως
1659 2221 1689 2239 τε
1704 2212 1753 2239 καὶ
1777 2213 1860 2247 ἡττη-

1071 2259 1150 2295 μένος
1163 2260 1195 2287 ὲκ
1205 2259 1259 2286 τῶν
1271 2259 1294 2276 ⁸⁷
1309 2259 1380 2286 κατά
1396 2259 1526 2294 Περσίδος
1542 2259 1634 2285 τόπων
1646 2258 1697 2294 τὴν
1716 2257 1859 2294 ἀνάζευξιν

1069 2306 1240 2341 ποιούμενος,
1257 2305 1324 2341 (καὶ)
1342 2306 1373 2332 ὲκ
1395 2305 1497 2340 πολλῆς
1527 2304 1647 2339 ἀθυμίας
1676 2304 1860 2340 ἀρρωστήσας

1069 2352 1120 2388 ἔφη
1133 2352 1200 2387 πρὸς
1207 2352 1270 2384 τοὺς
1282 2351 1378 2378 ἑαυτοῦ
1389 2352 1411 2367 ⁸³
1425 2352 1592 2386 μεγιστᾶνας
1604 2359 1610 2365 ·
1627 2360 1636 2377 ι
1649 2351 1808 2385 Ἀφίσταται
1823 2348 1858 2385 [ὁ]

1075 2398 1158 2430 ὕπνος
1182 2398 1236 2424 ἀπὸ
1252 2398 1306 2424 τῶν
1315 2397 1462 2433 ὀφθαλμῶν
1479 2406 1542 2432 μου,
1568 2397 1616 2424 καὶ
1635 2396 1826 2431 συμπέπτωκα
1836 2395 1859 2411 ⁸⁸

1068 2443 1122 2470 ἀπὸ
1137 2443 1188 2478 τῆς
1199 2443 1346 2479 μερίμνης.
1356 2458 1390 2463 -
1405 2442 1452 2469 νῦν
1467 2441 1516 2469 οὖν
1531 2443 1688 2478 μνήσκομαι
1703 2442 1727 2458 ⁸⁸
1738 2441 1794 2468 τῶν
1809 2449 1859 2467 κα-

1069 2488 1125 2514 κῶν
1147 2486 1185 2515 ὦν
1207 2488 1323 2523 ἐποίησα
1344 2489 1373 2515 ὲν
1398 2489 1576 2524 Ἰερουσαλήμ
1594 2497 1602 2505 ⁸
1618 2503 1652 2508 -
1672 2488 1758 2521 ἔγνων
1771 2487 1858 2519 ⁹¹,ὅτι

1070 2534 1149 2569 χάριν
1165 2534 1270 2560 τούτων
1289 2531 1369 2570 εὗρον
1387 2535 1409 2551 ’⁵
1423 2535 1459 2561 τὰ
1480 2534 1553 2562 κακὰ
1569 2534 1666 2561 ταῦτα.
1682 2533 1750 2561 Ἰδοὺ
1774 2532 1858 2560 ἀπόλ-

828 2603 926 2635 Variae
946 2603 1100 2634 lectiones
1115 2608 1145 2635 et
1168 2608 1260 2636 notae.

267 2688 289 2705 "
303 2688 369 2716 Ced.
385 2687 437 2715 286
449 2686 592 2718 20-2818.
630 2687 650 2703 "'
669 2696 699 2714 π.
718 2695 761 2713 ex.
775 2685 840 2714 Ced.
879 2685 900 2701 ⁷⁸
913 2685 1020 2721 ἄρχοντι

1073 2687 1128 2714 ~od.
1151 2695 1165 2714 ει
1184 2688 1269 2722 prima
1282 2695 1330 2721 ιη..
1349 2689 1396 2716 sed
1415 2689 1451 2716 cf.
1472 2688 1482 2716 1
1502 2689 1586 2717 Mace.
1607 2697 1626 2719 ι,
1638 2689 1685 2717 29.
1703 2689 1752 2721 τὰς
1768 2688 1858 2720 πόλεις

230 2724 293 2751 cod.
340 2723 362 2738 τ’
380 2723 427 2749 καί
458 2722 519 2749 add.
541 2722 607 2749 Ced.

230 2793 384 2833 2§7._9-l5;
410 2793 421 2819 Ι
436 2792 584 2833 .Macc.._n._
600 2793 630 2833 νζ
683 2793 707 2833 "_
724 2794 793 2833 dmog

232 2828 282 2863 τὴν
293 2828 477 2862 ὑποστροφήν.
521 2827 543 2843 ⁸⁸
561 2829 677 2860 οἰκείους
698 2827 794 2855 ἑαυτοῦ
808 2827 872 2856 (led.

230 2864 292 2890 add.
307 2861 392 2890 Macc.
449 2864 472 2879 "
489 2872 521 2897 με
539 2863 599 2891 add.
617 2863 625 2889 1
643 2863 745 2890 Maceh.

657 2722 681 2738 ⁸⁸
703 2722 796 2758 εὲτρτς
813 2722 900 2758 sint:
923 2721 1019 2758 μεγέιλς

1073 2722 1094 2748 l.
1109 2723 1195 2758 αὐτὴν
1209 2723 1266 2750 .πλ.
1285 2732 1315 2758 μ.
1335 2723 1399 2751 Ced.
1416 2730 1446 2751 ut
1460 2724 1594 2755 lMarc.t,
1613 2725 1657 2752 30.
1710 2724 1733 2740 “

230 2757 330 2786 θυσιῶν
356 2755 489 2791 ἐνέπλησε
523 2757 588 2785 Ced.
626 2758 648 2774 ⁸⁹
664 2757 681 2784 ‘l
713 2755 867 2792 Ἐλληνίσαι
890 2755 947 2790 ἀφ’.
963 2756 1017 2784 Ced

1073 2757 1091 2773 ⁵³
1116 2755 1233 2786 [lubrica
1250 2759 1275 2785 in
1286 2755 1382 2786 codice
1397 2760 1484 2787 deest.

683 2793 706 2810 "
724 2791 892 2824 ἀποστάντες
903 2791 969 2820 Ced.
1015 2792 1020 2808 '

698 2827 794 2865 ἑαυτοῦ
808 2827 872 2856 (led.
920 2827 942 2843 "
952 2829 985 2863 τῇ
1000 2836 1020 2854 κε

1089 2792 1173 2820 Macc.
1194 2801 1228 2825 vl,
1253 2793 1334 2821 10-15
1347 2801 1355 2827 ;
1370 2793 1435 2821 Ced.
1450 2794 1511 2826 287.
1534 2791 1649 2822 l5-l9f
1673 2794 1695 2810 ⁸⁷
1712 2791 1744 2821 ἔκ
1761 2794 1808 2828 τῆς
1823 2793 1854 2819 Π.

1073 2827 1097 2864 Eg
1115 2828 1123 2854 l
1143 2827 1227 2856 Haec.
1267 2829 1289 2844 "
1301 2828 1349 2855 νῦν
1362 2828 1389 2855 δὲ
1407 2830 1595 2865 μιμνήσκομαι
1611 2829 1620 2856 Ι
1639 2828 1722 2856 Mace.
1771 2829 1793 2846 θ’
1809 2826 1857 2854 οὖν

1751 2723 1858 2758 μιαρῶν

1535 2759 1558 2775 ιιι
1580 2759 1629 2787 res
1640 2758 1732 2794 (5035)
1744 2773 1778 2779 -
1790 2759 1856 2794 ced.
