2066 3150
284 162 336 192 363

881 158 905 186 G
912 157 1044 186 EORGII
1065 155 1291 186 HAMARTOLI

1847 150 1900 182 3M

284 221 372 255 pietur
387 223 532 249 numerus;
546 222 577 242 ex
603 214 679 243 Iudae
694 219 784 242 autem
800 215 964 241 mactatione
980 220 1067 248 usque

1125 212 1262 247 ’Υρκανοῦ
1286 211 1332 238 τοῦ
1356 210 1513 238 τελευταίου
1530 209 1681 245 ἀρχιερέως
1701 210 1732 235 ἐκ
1747 207 1800 235 τῶν
1821 207 1901 234 Ἄτα-

284 265 316 291 ad
330 262 480 290 Salvntoris
492 261 580 288 nostri
600 260 856 291 manifestationem,
879 263 905 286 et
921 258 1065 294 profectio-

284 318 344 338 nem
371 309 509 344 Magorum
528 308 561 335 ad
580 307 713 334 llerodem
726 327 733 339 ,
750 310 852 341 septem
872 305 984 340 reliquae
1004 305 1068 333 heb-

284 357 406 386 domada:
421 356 501 383 finem
516 355 679 390 suscipiunt,
695 362 748 389 quo
761 358 892 388 tempore,
913 357 974 388 post
986 352 1068 379 inter-

285 404 427 431 fectionem
452 401 566 437 Hyrcani
582 401 643 427 dico
656 407 742 434 usque
753 399 786 426 ad
797 397 900 426 Christi
911 397 1066 430 adventum,

284 455 378 478 contra
402 450 486 484 legem
513 447 614 476 summi
631 446 790 474 sacerdotes
813 445 870 479 jam
898 444 962 473 [acti
994 450 1067 472 sunt.

285 496 355 531 Lege
368 495 441 523 enim
457 494 568 529 iubente
580 500 627 527 per
643 497 727 520 totam
741 493 822 519 vitam
836 497 959 519 summos
975 497 1068 518 sacer-

284 542 362 569 dotes
375 540 526 568 sacerdotio
538 538 623 573 fungi,
637 543 663 565 et
678 542 738 572 post
750 542 864 565 mortem
878 543 1066 564 successorum

284 593 467 616 successores.
487 589 602 619 occupat
621 583 741 611 llerodes
759 582 1068 618 (summorum_electie-

284 640 345 659 nem
369 631 553 664 sacerdotum)
573 634 599 658 et
616 635 677 665 post
701 630 776 656 illum
802 629 932 661 Romani,
949 635 1067 663 quorum

283 680 330 713 qui
347 685 431 713 penes
444 684 473 704 se
491 683 598 704 summa
612 675 732 704 iecerant
746 675 899 703 sacerdotia
913 675 1068 709 frequentes

283 725 310 750 in
323 723 376 750 illis
388 722 574 751 successiones
582 721 742 754 etticiebant,
751 725 777 748 et
785 721 888 756 aliquot
897 728 930 748 ne
937 720 1068 748 Hebraico

283 769 394 805 quidem
415 776 448 796 ex
462 775 561 802 genere
575 767 706 795 oriundos
719 767 874 795 sacerdotes
903 766 1067 801 deligebam.

278 813 317 841 :Et
333 814 386 841 hoc
402 813 549 841 ostendens
570 812 705 847 Josepbus
729 812 797 840 dixit
817 821 823 840 :
849 821 858 837 α
883 811 951 839 Cum
976 816 1067 838 autem

271 858 404 887 ,ilerodes
419 858 547 885 traditum
557 865 570 884 a
579 858 709 885 Romanis
721 864 833 892 regnum
847 856 1004 890 accepisset,
1013 863 1067 882 non

280 905 338 938 jam
360 911 394 931 ex
420 903 660 930 Assamomeorum
683 909 781 936 genere
799 901 859 936 (ipsi
880 905 969 928 autem
992 903 1070 927 erant

283 948 371 976 vocati
399 947 556 981 Maehabmi)
584 953 707 974 summos
732 946 887 974 sacerdotes
916 946 1068 977 constituit,

285 993 330 1021 sed
345 993 446 1027 ignotis
460 991 634 1027 quibusdam,
652 995 679 1017 et
692 990 726 1017 de
744 998 840 1025 genere
856 994 959 1017 tantum
978 998 1069 1018 sacer-

284 1039 378 1071 dotali,
390 1045 525 1065 summum
541 1036 721 1064 sacerdotium
736 1035 912 1063 tribuit.-—Et
924 1040 984 1071 post
995 1043 1070 1064 sexa-

285 1086 360 1120 ginta
373 1084 441 1111 duas
459 1082 654 1115 hebdomadas,
667 1082 763 1116 inquit,
777 1082 1001 1110 exterminabitur
1016 1090 1068 1109 un-

285 1131 354 1163 ctio,
369 1134 397 1158 et
412 1129 548 1165 judicium
565 1136 618 1156 non
641 1133 683 1156 est
697 1128 778 1156 inea.
796 1138 805 1155 ι
826 1127 1003 1163 Perspicuum
1016 1128 1068 1155 ita-

284 1184 337 1210 que
360 1179 411 1206 est,
427 1183 488 1202 eum
513 1174 654 1209 sexaginta
673 1173 742 1201 duas
758 1173 940 1201 hebdomadas
963 1174 1068 1208 priores

286 1221 420 1254 posuisso,
436 1226 462 1247 et
476 1225 568 1254 postea
587 1224 703 1254 septem.
719 1220 744 1245 in
758 1219 858 1254 quibus
873 1228 883 1244 ‹
903 1219 1068 1246 extermina-

286 1271 342 1294 tum
359 1266 390 1293 iri
405 1266 559 1293 unctionem
576 1275 585 1292 ι
599 1266 678 1298 dixit,
692 1266 718 1292 id
729 1270 770 1293 est
784 1264 925 1293 ﬂorentem
939 1264 965 1291 in
978 1272 1070 1293 sacer-

270 1313 379 1339 .dotum
401 1312 569 1347 principibus
583 1312 711 1346 gratiam.
728 1311 761 1339 Et
785 1319 848 1339 cum
865 1311 903 1338 illi
924 1311 1005 1338 etiam
1022 1311 1069 1346 qui

285 1363 380 1385 contra
400 1358 483 1392 legem
500 1358 663 1385 creabantur
679 1358 850 1385 sacerdotum
868 1357 1005 1392 principes
1023 1365 1071 1393 ap-

285 1403 459 1437 pellerentur,
473 1402 535 1436 jure
554 1402 656 1428 addidit
670 1411 677 1429 ε
695 1411 704 1427 ε
728 1402 761 1429 Ει
772 1402 906 1435 judicium
922 1409 975 1429 non
988 1406 1029 1429 est
1043 1402 1069 1428 in

285 1447 421 1476 eanLicet
435 1448 507 1475 enim
524 1452 699 1482 ungerentur,
714 1448 816 1482 inquit,
834 1452 861 1475 at
876 1452 969 1475 contra
984 1448 1069 1483 legem

285 1497 312 1520 et
338 1492 484 1520 immerito.
501 1493 532 1519 Et
553 1493 678 1528 superius
697 1493 870 1520 manifestum
896 1493 976 1526 fecit,
998 1493 1070 1527 quod

286 1544 387 1573 septem
403 1538 586 1565 hebdomadas
603 1543 756 1572 postremas
773 1539 910 1566 ordinavit
924 1547 930 1565 :
948 1547 957 1564 ‹
977 1536 1069 1573 Usque

272 1585 370 1617 enim,
387 1584 484 1618 inquit,
499 1583 636 1611 Christum
652 1584 747 1611 ducem
772 1583 946 1611 hebdomadze
967 1588 1068 1618 septem

285 1634 311 1656 et
325 1628 498 1656 hebdomadas
513 1629 651 1663 sexaginta
668 1628 738 1655 dum.
760 1637 769 1653 ι
786 1628 896 1656 Christo
912 1629 985 1656 enim
1007 1628 1069 1656 duci

285 1681 313 1701 ct
324 1674 457 1701 Salvatori
474 1678 577 1708 septeni
603 1674 789 1704 hebdomadas
806 1675 945 1709 proximas
970 1674 1068 1708 posuit,

286 1725 315 1747 nt
328 1720 510 1753 intelligamus
531 1720 602 1754 quod
620 1719 642 1746 si
656 1727 671 1746 a
684 1719 793 1746 Christo
809 1720 842 1746 ad
854 1721 991 1754 superiora
1001 1725 1070 1747 tem-

288 1772 354 1799 pora
367 1771 511 1791 numerare
525 1764 659 1794 volemus,
672 1764 759 1798 primo
773 1769 875 1799 septem
887 1765 1071 1793 hebdomadas

287 1809 468 1841 inveniemus,
483 1813 510 1836 et
525 1809 621 1836 deinde
635 1809 774 1844 sexaginta
789 1810 867 1838 duas.
884 1809 982 1838 l‘ostea
994 1811 1070 1843 dicit,

289 1860 316 1881 et
339 1854 373 1880 de
392 1854 482 1881 l'utura
499 1853 574 1881 urbis
587 1855 750 1888 vastatione,
768 1859 795 1882 et
811 1855 845 1882 de
859 1863 967 1883 summo
979 1863 1070 1883 sacer-

280 1899 360 1926 dotio
376 1904 469 1926 contra
487 1899 571 1934 legem
588 1900 701 1934 loquens
715 1908 722 1927 :
741 1909 750 1926 ι
767 1900 800 1927 Et
810 1900 946 1928 civitatem
966 1905 993 1929 et
1008 1909 1072 1929 san-

275 1943 421 1970 rctuarium
444 1943 589 1978 dissipabit
608 1951 671 1971 cum
698 1945 767 1972 duce
787 1945 922 1973 veniente.
940 1954 950 1971 ι
972 1946 1071 1973 Ducem

277 1988 358 2015 .enim
373 1989 526 2016 venientem
539 1988 722 2024 alienigenum
737 1987 807 2016 dixit
819 1996 943 2024 regnum,
956 1994 982 2017 et
995 1997 1071 2017 sum-

278 2041 362 2061 «mum
404 2034 585 2061 sacerdotium
619 2039 714 2062 contra
753 2035 838 2070 legem
875 2035 1008 2062 habitum.
1033 2035 1071 2063 ιω

286 2080 369 2107 etiam
380 2080 490 2115 quidem
504 2080 583 2108 divus
592 2080 710 2115 Cyrillus
718 2080 980 2117 Hierosolymitanus
991 2082 1070 2109 dixit:

288 2136 298 2152 ι
315 2125 375 2154 Non
389 2125 495 2154 deﬁciet
508 2125 636 2161 princeps
650 2126 683 2154 de
696 2125 775 2159 Juda,
790 2127 888 2162 inquit,
906 2134 955 2155 nec
971 2128 1025 2155 dux
1039 2128 1072 2155 de

287 2171 435 2199 feruoribus
449 2172 518 2207 ejus,
533 2172 621 2200 donec
639 2172 731 2200 veniat
752 2173 794 2200 cui
818 2173 968 2208 repositum
985 2178 1037 2202 est.
1059 2183 1068 2199 ι

1086 885 1107 912 Β

1120 258 1247 294 μωναίων
1262 258 1345 292 ήγουν
1356 256 1556 288 Μακκαϐαῖων,
1567 255 1597 281 ὃν
1619 253 1741 289 Ἡρώδης
1756 254 1871 285 ἀνεῖλεν,
1888 255 1901 280 ὁ

1118 305 1171 332 τῶν
1187 303 1226 339 ξβ¹
1254 303 1411 339 ἑϐδομάδων
1430 301 1547 338 ἀριθμὸς
1564 300 1771 335 συμπληροῦται
1783 308 1791 315 ο
1806 299 1861 326 ἀπὸ
1873 299 1900 325 δὲ

1118 351 1167 386 τῆς
1193 349 1279 376 Ἰούδα
1310 349 1416 383 σφαγῆς
1447 348 1527 382 μέχρι
1550 347 1598 381 τῆς
1615 346 1661 372 τοῦ
1684 345 1810 379 Σωτῆρος
1824 344 1900 379 ἡμῶν

1118 397 1279 431 ἐπιφανείας
1292 396 1338 422 καὶ
1354 397 1403 430 τῆς
1415 395 1483 429 πρὸς
1503 393 1625 429 Ἡρώδην
1641 393 1695 418 τῶν
1720 392 1824 431 Μάγων
1838 391 1902 425 ἀφί-

1119 430 1185 476 ξεως
1200 443 1226 469 αἰ
1237 442 1318 468 λοποὶ
1329 441 1350 474 ζ’
1364 440 1510 475 ἐϐδομάδες
1524 439 1553 465 τὸ
1572 439 1647 469 τέλος
1657 430 1855 472 λαμϐάνουσιν,
1872 438 1900 462 έν

1117 486 1139 523 ᾧ
1153 489 1253 525 χρόνῳ,
1272 489 1340 523 μετὰ
1357 488 1407 523 τὴν
1418 487 1559 522 ἀναίρεσιν
1573 485 1708 520 Ὑρκανοῦ
1723 492 1803 518 φημι,
1821 483 1902 518 μέχρι

1118 536 1168 570 τῆς
1183 535 1230 562 τοῦ
1259 533 1378 570 Χριστοῦ
1405 532 1556 569 παρουσίας
1585 531 1752 566 παρανόμως
1771 529 1863 555 λοιπὴν
1877 529 1902 554 οι

1118 581 1257 616 ἀρχιερεῖς
1285 581 1423 614 ἐγίνοντο·
1443 578 1489 605 τοῦ
1517 577 1571 613 γὰρ
1589 578 1673 611 νόμον
1690 575 1845 605 κελεύοντος
1861 574 1903 600 διὰ

1120 625 1177 660 βίου
1194 624 1292 655 παντὸς
1309 624 1372 655 τοὺς
1388 625 1525 659 ἀρχιερεῖς
1543 621 1693 656 ἱερατεύειν
1713 619 1760 646 καὶ
1776 619 1843 654 μετὰ
1859 627 1901 645 τε-

1120 668 1217 702 λευτὴν
1231 667 1363 702 διαδόχων
1376 668 1439 699 τοὺς
1455 666 1603 701 διαδόχους,
1626 665 1759 699 λαμϐάνει
1782 664 1904 697 Ἡριῖιδτδς

1119 715 1166 741 καὶ
1186 715 1209 740 οἱ
1234 714 1292 749 μετ’
1304 715 1408 740 ἐκεῖνον
1431 713 1562 748 Ῥωμαῖοι
1572 712 1606 743 ³⁰,
1632 707 1670 737 ὧν
1693 711 1718 736 οἱ
1738 710 1787 740 τὰς
1812 710 1904 744 ἀρχιε-

1120 762 1244 797 ρωσύνας
1274 761 1455 796 ποιησάμενοι
1487 759 1588 794 συχνὰς
1623 758 1712 784 αὐτῶν
1734 756 1841 782 ἐποίουν
1854 756 1903 786 τὰς

1119 807 1254 843 διαδοχὰς,
1286 807 1374 838 ἐνίους
1389 807 1417 833 δὲ
1433 807 1493 833 οὐδὲ
1520 807 1552 832 ὲκ
1569 805 1615 832 τοῦ
1634 798 1785 839 Ἐϐραῖκοῦ
1809 802 1901 835 γένους

1120 854 1353 890 καταγομένους³1
1374 854 1512 889 ἀρχιερεῖς
1529 850 1758 887 προεχειρίζοντο,
1776 849 1831 883 (Ἠι)
1850 848 1903 874 Καὶ

1121 900 1200 927 τοῦτο
1231 899 1319 935 δηλῶν
1351 897 1482 932 Ἰώσηπος
1498 898 1552 932 ἔφη
1562 897 1601 912 ³⁸·
1623 905 1631 921 ι
1645 896 1701 930 Τὴν
1721 894 1749 921 δὲ
1764 894 1903 928 βασιλείαν

1127 946 1248 981 Ἡρώδης
1275 945 1349 979 παρὰ
1366 943 1508 978 Ῥωμαίων
1525 941 1715 977 ἐγχειρισθεὶς,
1731 940 1821 967 οὐκέτι
1836 939 1899 969 τοὺς

1120 992 1151 1018 ἐκ
1164 992 1217 1017 τῶν
1234 990 1424 1025 Ἀσαμωναίου
1438 989 1533 1023 γένους
1544 1003 1579 1010 ν·-
1594 985 1668 1014 οῦτοι
1684 987 1712 1013 δὲ
1730 984 1801 1022 ἦσαν
1816 986 1841 1010 οἱ
1853 993 1902 1010 κα-

1120 1038 1245 1074 λούμενοι
1256 1036 1474 1064 Μακκαϐαῖοι-
1491 1035 1655 1069 καθίστησιν
1669 1033 1820 1069 ἀρχιερεῖς,
1836 1031 1903 1057 ἀλλὰ

1120 1092 1188 1110 τισιν
1204 1085 1320 1119 ἀσήμοις
1333 1083 1354 1098 ³³
1366 1082 1413 1109 καὶ
1445 1082 1525 1118 μόνον
1541 1081 1570 1113 ἐξ
1587 1081 1683 1115 ἱερέων
1709 1077 1770 1105 οὖσι
1791 1078 1840 1113 τὴν
1851 1077 1900 1111 ἀρ-

1120 1130 1288 1166 χιερωσύνην
1302 1129 1444 1160 ἀπένειμε.
1464 1138 1473 1154 ι
1496 1126 1553 1163 (15)
1568 1127 1589 1143 ³⁸
1621 1135 1630 1152 ι
1643 1125 1699 1153 Καὶ
1717 1125 1786 1159 μετὰ
1802 1124 1850 1154 τὰς
1864 1123 1901 1158 ξβ¹

1121 1176 1290 1211 ἑϐδομάδας,
1318 1175 1410 1211 φησὶν,
1441 1172 1695 1208 ὲξολοθρευοήσεται
1713 1171 1828 1206 χρίσμα,
1857 1169 1904 1195 καὶ

1121 1225 1208 1258 κρῖμα
1224 1223 1276 1249 οὐκ
1299 1222 1373 1249 ἔστιν
1393 1223 1422 1248 ὲν
1437 1221 1520 1256 αὐτῷ.
1537 1229 1547 1246 ι
1566 1219 1611 1252 Ὣς
1625 1219 1704 1255 δῆλον
1721 1217 1790 1245 εἶναι
1805 1216 1904 1247 ὄτιτάς

1121 1268 1159 1304 ξβ¹
1183 1269 1332 1304 ἑϐδομάδας
1349 1268 1482 1304 πρότερον
1510 1266 1592 1303 224
1619 1266 1728 1300 τέταχε,
1754 1264 1801 1290 καὶ
1833 1262 1903 1297 μετὰ

1120 1314 1207 1341 ταῦτα
1221 1315 1269 1344 τὰς
1279 1313 1312 1345 ζ’,
1328 1314 1356 1339 ὲν
1371 1311 1416 1344 αἷς
1444 1312 1549 1347 ἔφησαν
1563 1320 1570 1327 ⁸
1600 1320 1609 1336 ι
1630 1309 1903 1344 Ἑξολοθρευθήσεται

1121 1359 1249 1395 χρίσμα,ι
1264 1358 1386 1384 τουτέστι
1399 1358 1448 1394 τὴν
1463 1357 1634 1384 ἐπανθοῦσαν
1645 1356 1723 1390 χάριν
1740 1355 1795 1385 τοῖς
1810 1354 1904 1388 ἀρχιε-

1122 1405 1197 1440 ρεῦσι
1209 1412 1216 1420 ·
1230 1404 1276 1430 καὶ
1303 1403 1396 1437 ἐπειδὴ
1425 1403 1472 1429 καὶ
1486 1403 1510 1429 οι
1524 1401 1686 1437 παρανόμως
1702 1399 1839 1435 χριόμενοι
1854 1397 1905 1431 ἁρ-

1121 1451 1221 1486 χιερεῖς
1236 1449 1421 1484 ὀνομάζονται,
1434 1449 1547 1479 εἰκότως
1563 1448 1686 1482 ἐπήγαγε
1696 1454 1702 1461 ·
1720 1455 1729 1472 ι
1745 1445 1799 1472 Καὶ
1815 1445 1903 1479 κρῖμα

1121 1497 1170 1523 οὐκ
1199 1496 1272 1521 ἔστιν
1298 1495 1326 1521 ὲν
1358 1494 1442 1529 αὐτῷ.
1458 1503 1467 1519 ι
1483 1494 1514 1520 Εί
1527 1493 1581 1528 γὰρ
1599 1494 1645 1518 καὶ
1664 1491 1796 1526 ἐχρίοντο,
1811 1489 1904 1525 φησὶν,

1084 1550 1105 1579 c
1122 1541 1189 1569 ἀλλὰ
1204 1541 1368 1575 παρανόμως
1384 1541 1432 1566 καὶ
1447 1541 1512 1575 παρ’
1523 1539 1602 1571 ἀξίαν
1613 1547 1619 1553 ·
1638 1539 1659 1554 ³⁵
1676 1538 1734 1573 (καὶ
1763 1535 1905 1570 ἀνωτέρως

1121 1587 1149 1613 δὲ
1168 1586 1248 1621 δῆλον
1270 1587 1413 1620 πεποίηκε,
1435 1585 1472 1615 ὡς
1485 1584 1532 1615 τὰς
1548 1584 1570 1616 ζ’
1584 1582 1735 1618 ἑϐδομάδας
1747 1580 1905 1611 τελευταίας

1121 1632 1250 1667 τέταχεν·
1264 1631 1288 1648 ³⁸
1306 1641 1314 1657 ι
1330 1631 1402 1662 Ἕως
1417 1631 1483 1665 γὰρ,
1499 1630 1578 1664 φησὶ,
1605 1628 1724 1664 Χριστοῦ
1754 1627 1906 1662 ἡγουμένου

1123 1678 1266 1714 έϐδομάδες
1292 1678 1313 1710 ζ’
1340 1678 1386 1704 καὶ
1409 1677 1556 1712 ἑϐδομὰδες
1581 1676 1628 1710 ξβ¹.
1644 1678 1666 1711 ι)
1686 1674 1731 1709 Τῷ
1755 1675 1808 1708 γὰρ
1821 1674 1906 1708 ἡγου-

1124 1724 1195 1759 μένῳ
1211 1724 1321 1758 Χριστῷ
1334 1724 1381 1749 καὶ
1391 1723 1496 1758 Σωτῆρι
1508 1722 1556 1753 τὰς
1580 1721 1601 1753 ς’
1618 1720 1906 1755 πολλαπλησιαζούσας

1122 1769 1271 1803 ἑϐδομάδας
1297 1768 1414 1801 τέθεικε,
1430 1768 1474 1794 ἵνα
1487 1767 1596 1802 γνῶμεν
1623 1766 1661 1798 ὡς
1685 1766 1738 1792 ἀπὸ
1763 1766 1810 1792 τοῦ
1838 1766 1906 1800 Χρι-

1123 1813 1186 1839 στοῦ
1212 1814 1259 1840 καὶ
1287 1814 1334 1840 ἐπὶ
1354 1814 1388 1840 τὰ
1415 1813 1470 1840 ἄνω
1486 1812 1613 1847 ἀριθμεῖν
1641 1811 1870 1846 βουλόμενοι,τὰς
1882 1810 1906 1842 ζ’

1122 1859 1254 1894 πρότερον
1286 1858 1436 1893 ἑϐδομάδας
1456 1858 1618 1893 εὐρήσωμεν
1645 1858 1691 1883 καὶ
1705 1856 1766 1883 τότε
1786 1857 1833 1887 τὰς
1854 1855 1904 1891 ξβ¹.

1123 1902 1188 1929 Εἶτα
1203 1904 1276 1937 λέγει
1289 1904 1337 1930 καὶ
1348 1903 1398 1938 τὴν
1416 1903 1566 1938 μέλλουσαν
1581 1903 1722 1938 ἐρήμωσιν
1736 1902 1786 1936 τῆς
1801 1902 1906 1932 πόλεως

1122 1949 1169 1975 καὶ
1180 1947 1228 1983 τὴν
1245 1948 1402 1983 παράνομον
1419 1948 1626 1984 ἀρχιερωσύνην
1637 1947 1750 1982 φάσκων
1761 1947 1799 1962 ³⁷·
1820 1956 1829 1972 ι
1849 1947 1905 1973 Καὶ

1122 1993 1170 2028 τὴν
1186 1993 1263 2020 πόλιν
1280 1994 1326 2020 καὶ
1335 1994 1365 2020 τὸ
1379 1993 1456 2027 ἃγιον
1474 1993 1616 2028 διαφθερεῖ
1629 1993 1677 2019 σὺν
1693 1992 1731 2028 τῷ
1760 1992 1905 2027 ἡγουμένῳ

1121 2038 1161 2073 τῷ
1177 2039 1317 2074 ἐρχομένῳ
1332 2047 1339 2054 ·
1356 2049 1364 2064 ι
1387 2039 1538 2074 ἡγούμενον
1551 2039 1604 2073 γὰρ
1630 2038 1777 2074 ἐρχόμενον
1794 2039 1843 2073 τὴν
1859 2038 1906 2065 ά).-

1122 2083 1234 2118 λόφυλον
1253 2084 1304 2119 ἔφη
1323 2083 1461 2119 βασιλείαν
1473 2085 1521 2110 καὶ
1533 2083 1582 2118 τὴν
1596 2084 1754 2118 παράνομον
1767 2083 1904 2118 ἀρχιερω-

1123 2130 1216 2165 σύνην.
1233 2139 1242 2156 ι
1259 2129 1315 2165 (16)
1341 2130 1420 2156 Οὕτω
1441 2139 1472 2164 γε
1504 2131 1558 2165 μὴν
1587 2130 1659 2156 καὶὸ
1674 2129 1745 2161 θεῖος
1772 2129 1906 2163 Κύριλλος

1129 2175 1322 2211 Ἱεροσολύμων
1337 2175 1416 2211 sip-ri"
1427 2185 1433 2191 ι
1452 2186 1460 2201 ι
1470 2177 1526 2203 Οὺκ
1536 2175 1655 2210 ἐκλείψει
1668 2175 1758 2210 ἄρχων
1766 2176 1795 2208 ἐξ
1807 2175 1903 2207 Ἰούδα,

282 2218 399 2253 Signum
415 2218 497 2253 igitur
512 2218 587 2246 dedit
609 2217 712 2246 Christi
733 2219 864 2246 adventus
887 2219 1068 2247 cessationem

1122 2223 1215 2257 φησὶν,
1239 2221 1300 2248 οὐδὲ
1329 2223 1480 2257 ἡγούμενος
1493 2223 1525 2248 ἐκ
1541 2222 1594 2249 τῶν
1622 2222 1716 2257 μηρῶν
1744 2221 1836 2255 αὑτοῦ,
1853 2223 1905 2252 ἓως

285 2263 440 2291 dominatus
453 2263 618 2292 Iudaeorum.
636 2264 665 2292 Si
679 2265 750 2293 enim
771 2273 843 2293 nunc
861 2273 915 2293 non
939 2270 1002 2294 sunt
1018 2266 1069 2293 sub

285 2313 418 2342 potestate
430 2308 617 2338 Romanorum
630 2330 638 2344 ,
654 2311 775 2338 nondum
790 2312 864 2339 venit
880 2311 1026 2345 Christus;
1046 2312 1070 2340 si

285 2361 366 2388 quem
383 2353 483 2381 habent
496 2362 529 2382 ex
542 2362 640 2390 genere
658 2355 727 2384 Juda
742 2361 768 2383 et
783 2356 891 2384 Davidis
908 2356 1068 2391 principem.

285 2399 406 2426 nondum
423 2400 498 2428 venit
511 2401 559 2436 qui
580 2406 754 2436 exspectatur
773 2411 782 2428 I
800 2402 888 2437 ligans
905 2402 938 2429 ad
963 2402 1070 2430 vineam

284 2445 388 2481 pullum
407 2454 499 2479 suum,
517 2456 527 2473 ι
545 2447 695 2475 secundum
716 2449 806 2476 divum
828 2448 999 2477 Zachariam.
1015 2448 1068 2475 De-

285 2491 527 2530 tieientibusigitur
539 2500 573 2521 ex
580 2493 649 2522 Juda
664 2494 845 2530 principibus,
854 2495 1004 2530 alienigena
1015 2494 1068 2524 He-

284 2537 364 2565 rodes
387 2537 513 2573 imperat.
531 2537 601 2566 Dicit
615 2539 688 2566 enim
705 2540 864 2575 colloquens
879 2540 991 2575 angelus
1003 2548 1066 2568 cum

284 2584 412 2612 lianiele:
427 2593 436 2610 ι
451 2584 486 2612 Ει
503 2592 599 2613 nosces
612 2589 639 2613 et
653 2585 787 2621 intelliges
800 2587 836 2614 ab
846 2587 920 2614 exitu
932 2587 1066 2615 sermonis

1121 2267 1155 2293 ἂν
1184 2266 1250 2304 ἔλθῃ
1263 2264 1285 2301 ᾧ
1296 2267 1451 2295 ἀπόκειται.
1467 2278 1476 2294 )
1494 2282 1529 2288 -
1556 2269 1672 2303 Σημεῖον
1687 2267 1733 2296 οὗν
1756 2269 1842 2296 εδωκε
1857 2271 1906 2306 τῆς

1120 2311 1238 2346 Χριστοῦ
1268 2313 1418 2348 παρουσίας
1443 2313 1473 2340 τὸ
1497 2313 1654 2342 παύσασθαι
1687 2315 1736 2350 τὴν
1750 2315 1837 2351 ἀρχὴν
1850 2316 1905 2342 τῶν

1127 2356 1278 2383 Ἰουδαίων*
1294 2358 1318 2383 εί
1335 2358 1388 2393 γὰρ
1414 2359 1452 2394 μὴ
1462 2359 1484 2375 ¹⁹
1498 2359 1544 2385 νῦν
1570 2360 1622 2386 ὑπὸ
1649 2359 1805 2395 Ῥωμαίους
1819 2361 1900 2392 εἰσιν,

1120 2401 1196 2428 οὔπω
1220 2401 1302 2438 ἦλθεν
1313 2405 1327 2430 ὁ
1342 2403 1459 2438 Χριστός
1475 2414 1483 2422 -
1498 2406 1523 2430 εἰ
1540 2405 1632 2440 ἔχουσι
1658 2406 1708 2441 τὴν
1736 2407 1799 2432 tu"
1813 2407 1905 2440 γένους

1128 2447 1213 2474 Ἰούδα
1226 2448 1272 2475 καὶ
1283 2449 1366 2475 Δαυὶδ
1377 2450 1416 2482 εἰς
1429 2449 1563 2489 ἄρχοντα,
1575 2451 1651 2478 οὕπω
1662 2452 1683 2467 ⁸¹
1701 2450 1783 2488 ἦλθεν
1799 2453 1812 2478 ὁ
1821 2461 1906 2488 προσ-

1121 2495 1273 2531 δοκώμενος
1302 2497 1340 2530 “,
1370 2507 1379 2524 ι
1403 2499 1417 2525 ὁ
1446 2499 1585 2534 δεσμεύων
1609 2499 1678 2538 πρὸς
1706 2501 1828 2536 ἄμπελον
1860 2500 1905 2526 τὸν

1121 2542 1210 2570 πῶλον
1232 2543 1314 2571 αὐτοῦ
1330 2554 1340 2570 ι
1374 2545 1444 2572 κατὰ
1472 2545 1517 2572 τὸν
1536 2545 1606 2573 θεῖον
1626 2547 1775 2581 Ζαχαρίαν.
1800 2547 1905 2573 Ἐκλει-

1121 2589 1226 2616 πόντων
1235 2590 1327 2618 τοίνυν
1337 2591 1421 2618 τῶνη
1435 2592 1464 2624 ἐξ
1474 2591 1559 2619 Ἰούδα
1575 2585 1610 2612 4
1620 2593 1634 2619 ό
1647 2593 1801 2627 ἀλλόφυλος
1818 2592 1905 2627 Ἡρώ-

880 2667 977 2698 Variae
1000 2668 1153 2701 lectiones
1175 2673 1206 2701 et
1229 2674 1324 2701 notae.

318 2728 342 2744 ⁸ο
357 2727 533 2764 ἀλλοτρίουςῖ
570 2729 591 2744 ³³
609 2729 808 2764 καταγομένοις
836 2730 897 2758 cod.

953 2732 979 2768 ’ξ
999 2731 1055 2760 Jos.
1074 2733 1107 2761 Α.
1138 2733 1196 2765 XX,
1211 2734 1253 2768 10,
1268 2734 1469 2763 Theodoretus.

1523 2736 1545 2752 ³³
1567 2737 1710 2775 Ἑϐραίοις
1728 2739 1812 2766 cotl.?
1833 2741 1902 2775 τῖὴν

283 2763 571 2811 ἐῖδεωὲΑριξτξξεέλου
594 2765 643 2811 ῖὲιν
662 2763 890 2811 aetiis-3°1-
928 2766 1031 2811 ’λθειν-
1049 2776 1068 2795 υ

1120 2770 1155 2811 ti;
1170 2763 1367 2811 Tlieoilorctus.
1391 2772 1499 2811 _”nx1_l.
1516 2787 1554 2811 —_
1564 2773 1595 2807 ξβ
1610 2763 1819 2811 ᾀήιξνίίυΙΞ-’έθ

405 2798 527 2846 "fl-Par};
542 2798 661 2846 ιιῃῖξὶ.Ἴ
684 2800 706 2846 ξ’
723 2798 779 2832 Xll,
800 2800 900 2846 HI‘B.
941 2802 964 2846 τ’
992 2803 1016 2828 εἰ
1042 2812 1068 2838 μη

1120 2798 1170 2838 δί’·
1209 2805 1231 2820 ⁸ο
1247 2806 1269 2832 ὲ.
1298 2806 1359 2832 τινὰ
1389 2807 1440 2832 ἐκθῖ
1477 2809 1497 2824 ⁵¹
1513 2798 1625 2834 minaci
1639 2810 1721 2836 Δαυὶδ
1733 2798 1824 2837 σιξῠπω

283 2834 307 2847 ’²
321 2833 388 2860 Gen.
405 2841 476 2866 XLIX,
501 2834 542 2860 ll.
580 2834 602 2850 ⁵³
619 2835 777 2861 ἐκλείποντα
792 2850 824 2855 —-
839 2837 883 2863 τὶν
901 2839 960 2864 cod.
