2066 3150
254 147 308 178 395

863 142 1025 174 GEORGII
1048 140 1277 172 HAMARTOLI

1848 141 1902 174 3'36

253 205 324 232 dalis
358 207 438 230 utens
456 223 463 235 ,
494 201 577 237 hujus
605 202 754 238 perfectam
785 201 891 229 vivendi
923 207 1047 228 normam

1103 198 1228 233 φυομένῃ
1253 196 1407 232 χρώμενον,
1429 198 1475 225 καὶ
1495 199 1545 234 τὴν
1564 199 1654 234 ἄκραν
1675 199 1793 234 ἄσκησιν
1815 200 1900 227 αὑτοῦ

252 249 409 281 :cmulatus,
427 247 570 283 profectus
586 253 629 275 est
655 248 687 276 ad
716 248 803 279 illum,
828 253 932 275 etcum
962 246 1051 274 tribus

253 293 334 321 annis
350 293 423 328 apud
441 299 503 320 eum
521 291 662 327 sapientiae
687 292 846 323 studuissct,
862 293 889 318 in
911 291 1049 318 civitatem

254 347 397 375 regressus
425 344 477 372 est,
509 343 536 366 et
564 338 765 367 Pharisaeorum
792 337 949 366 adhaerebat
966 337 1050 372 justi-

255 387 309 414 liae.

289 434 323 460 At
334 432 431 460 Philon
447 431 568 468 quidem,
581 436 610 459 ut
625 431 727 459 dictum
745 436 797 464 est,
816 436 920 459 ascetas
930 436 1048 465 nostros,

254 488 287 507 ex
307 479 429 506 Hebraeis
444 483 520 506 ortos
543 478 705 505 memoravit
723 477 867 506 manifeste
889 479 916 505 in
931 482 1048 505 tractatu

254 533 334 561 quem
352 524 491 559 inscripsit
507 524 544 551 De
562 524 616 550 vita
641 524 863 558 contemplativa,
890 524 942 552 hos
956 525 1049 552 thera-

254 578 349 608 pcutas
368 576 395 599 et
410 571 540 599 mulieres
559 578 666 603 eorum,
683 570 778 597 habitu
797 575 824 597 et
837 570 961 597 moribus
978 570 1048 604 ipsis

253 618 368 648 similes,
385 615 604 650 θεραπευτρίδας
619 615 764 643 nominans
778 623 784 642 :
800 624 809 641 ι
831 615 863 642 Et
879 615 1048 650 therapeutae

252 662 374 696 quidem,
389 661 487 695 inquit,
504 661 591 688 vocati
611 665 687 692 sunt,
703 661 761 688 sive
776 661 860 696 quod,
879 661 1048 689 medicorum

252 710 348 739 instar,
377 711 474 733 curent
501 706 607 734 animas
633 706 802 734 venientium
832 707 865 734 ad
892 715 933 739 se,
951 707 1011 735 illas
1032 715 1047 734 a

252 754 354 780 malitia
386 752 707 785 lihidinumliberantes,
739 753 797 780 sire
825 753 860 780 ob
893 760 992 788 purum
1020 758 1048 781 et

250 801 389 828 sincerum
406 807 470 834 erga
492 797 598 826 Numen
616 797 792 826 famulatum.
816 808 824 824 ι
855 799 931 826 Hane
954 803 1046 826 autem

249 845 458 881 appellationem
475 844 515 871 vel
529 844 586 878 ipse
600 852 614 870 a
629 851 659 871 se
673 844 812 872 inventam
832 844 953 880 scripsit,
970 845 1013 872 vel
1032 853 1047 872 a

1103 244 1240 279 ζηλώσας,
1256 243 1325 279 πρὸς
1349 244 1431 271 αὑτὸν
1449 246 1575 279 ἀφίκετο,
1599 246 1646 273 καὶ
1659 246 1732 281 τρεῖς
1745 245 1809 281 παρ’
1825 246 1901 282 αὐτῷ

1103 290 1292 325 φιλοσοφήσας
1309 290 1450 323 ἐνιαυτοὺς
1464 292 1504 323 εἰς
1525 291 1575 327 τὴν
1591 292 1671 318 πόλιν
1680 292 1839 328 ὑπέστρεψε
1851 294 1900 320 καὶ

1101 340 1136 374 τῇ
1149 338 1203 366 τῶν
1220 338 1378 375 Φαρισαίων
1397 338 1572 366 ἐπολιτεύετο
1586 339 1755 375 δικαιοσύνῃ.

1136 432 1158 449 ⁸³
1173 432 1212 468 (7)
1231 433 1261 459 '0
1282 432 1311 459 δέ
1328 440 1361 466 γε
1383 432 1482 466 Φίλων,
1506 432 1544 464 ὡς
1560 434 1681 469 εἴρηται,
1708 434 1774 468 περὶ
1794 434 1851 461 τῶν
1870 434 1901 467 ἐξ

1107 478 1245 514 Ἐϐραίων
1260 479 1406 515 ἡμετέρων
1428 479 1557 514 ἀσκητῶν
1573 480 1769 514 ἁναφανέντων
1793 481 1901 516 μέμνη-

1099 534 1145 552 ται
1158 525 1253 560 σαφῶς
1267 534 1276 551 ι
1293 526 1323 552 ὲν
1335 526 1375 561 τῷ
1385 526 1466 561 λόγῳ,
1482 526 1511 552 ἐν
1521 522 1542 560 ᾧ
1555 525 1696 560 ἐπέγραψε
1710 526 1778 560 περὶ
1794 528 1902 561 θεωρη-

1099 573 1185 600 τικοῦ
1198 572 1283 607 βίον,
1295 572 1343 605 οὓς
1364 573 1547 608 θεραπευτὰς,
1563 573 1611 600 καὶ
1627 574 1677 604 τὰς
1699 574 1902 608 ὸμοιοσχήμους

1100 620 1148 646 καὶ
1167 619 1340 655 ὁμοτρόπους
1361 620 1497 653 γυναῖκας
1515 618 1563 646 καὶ
1585 618 1803 654 Θεραπευτρίδας
1833 619 1900 646 ὠνό-

1101 674 1200 702 μασε.)
1219 666 1275 693 Καὶ
1290 665 1460 701 θεραπευταὶ
1480 666 1540 701 μὲν⁷
1559 666 1636 701 φησὶ,
1661 666 1807 701 κέκληνται
1823 676 1834 692 ε
1849 666 1865 703 ἢ
1879 667 1901 683 ⁸³

1100 714 1177 748 παρὰ
1203 713 1234 740 τὸ
1251 713 1313 749 [τὰς
1328 713 1429 750 ψυχὰς]
1446 713 1500 740 τῶν
1528 714 1699 749 προσιόντων
1728 713 1822 745 αὺτοῖς
1844 713 1900 740 ἀπὸ

1099 759 1199 791 κακίας
1213 759 1320 792 παθῶν,
1337 760 1438 794 ἰατρῶν
1458 759 1537 794 δίκην
1549 759 1774 791 ἁπαλλάττοντας
1785 759 1808 775 ⁸⁸
1822 759 1901 795 Θερα-

1099 806 1206 839 πεύειν,
1226 806 1242 841 ἢ
1260 805 1283 821 ⁸⁸
1299 807 1351 841 τῆς
1369 806 1434 841 περὶ
1448 805 1478 832 τὸ
1491 805 1569 832 Θεῖον
1583 806 1709 841 καθαρᾶς
1724 807 1771 833 καὶ
1785 806 1900 842 εἰλικριε

1098 852 1162 884 νοῦς
1179 852 1330 888 θεραπείας
1344 852 1437 879 ἓνεκα.
1455 862 1464 878 ι
1484 852 1594 888 Ταύτην
1609 853 1674 887 γοῦν
1688 853 1712 869 ⁸⁸
1729 853 1780 889 τὴν
1792 862 1897 889 προση-

251 891 386 926 principio
400 891 437 918 ita
457 890 673 918 nominabantur
691 890 739 925 qui
755 891 836 925 primi
863 891 919 918 tale
936 891 1045 918 vivendi

1100 898 1196 933 γορίαν
1214 898 1269 925 εῖτε
1285 899 1366 930 αὐτὸς
1383 897 1595 933 (ϐὕιγὲξευρὼν
1611 898 1743 934 ἔγραψεν,
1764 899 1820 925 εἴτε
1835 899 1898 926 κατ’

253 946 339 974 genus
358 938 454 966 sectati
471 943 550 965 sunt:
565 946 574 963 ι
589 937 696 970 Postea,
710 937 808 973 inquit,
826 945 888 965 cum
906 938 1047 973 sapientia:

251 986 360 1013 studere
377 984 508 1019 incipiunt
528 1004 535 1016 ,
555 983 732 1012 facultatibus
753 988 781 1010 et
799 991 970 1019 quacunque
984 991 1049 1019 pos-

250 1031 342 1060 sident
355 1030 504 1062 derelictis,
530 1030 659 1058 omnibus
671 1029 732 1057 vitae
753 1030 827 1057 curis
850 1030 1046 1062 valedicentes,

249 1084 276 1105 et
287 1082 364 1105 extra
389 1083 484 1104 muros
511 1075 693 1112 egredientes,
721 1076 840 1103 desertis
866 1075 893 1102 in
920 1075 995 1110 agris
1020 1079 1048 1102 et

250 1124 349 1155 hortis.
365 1127 414 1150 aut
431 1123 458 1150 in
480 1122 623 1150 montibus
637 1127 845 1150 commorantur
862 1122 984 1150 scientes
998 1129 1046 1156 pe-

251 1171 370 1199 riculosa
387 1174 469 1205 atque
491 1169 587 1196 nociva
604 1175 666 1196 esse
688 1168 862 1204 iniquitatum
881 1169 1019 1196 cmisortia
1038 1177 1044 1195 :

253 1217 446 1252 prophetarum
460 1215 635 1247 :emulantur,
650 1215 800 1250 coluntque
823 1215 917 1242 vitam.
934 1223 944 1240 ›
959 1214 1003 1241 Sic
1019 1216 1046 1241 in

252 1263 347 1291 multis
373 1267 508 1290 terrarum
537 1262 605 1290 locis
630 1267 756 1290 versatur
779 1269 866 1296 genus
883 1261 1048 1296 (oportebat

251 1309 324 1337 enim
340 1313 366 1337 et
380 1308 490 1336 Graecos
504 1312 531 1335 et
546 1307 684 1335 Barbaros
700 1307 814 1342 perfecti
831 1307 895 1334 boni
912 1314 973 1334 esse
984 1314 1047 1341 par-

252 1354 370 1390 ticipes).
388 1354 423 1382 At
436 1354 556 1381 maxime
572 1353 599 1380 in
619 1352 735 1388 (Egypt!)
757 1352 886 1387 frequens
907 1357 960 1386 est,
976 1361 1045 1387 pra:-

253 1402 347 1430 sertim
373 1401 445 1430 circa
473 1400 680 1428 Alexandriam.
699 1399 863 1433 Ubicunque
888 1398 1045 1433 huiusmodi

253 1448 341 1475 tribus
358 1449 447 1478 adest,
461 1452 570 1474 sacrum
589 1445 681 1472 videre
698 1449 740 1472 est
757 1444 956 1477 habitaculum,
973 1445 1045 1480 quod

252 1492 440 1522 sanctuarium
452 1496 477 1519 et
493 1490 691 1518 monasterium
702 1494 811 1522 vocant,
823 1489 849 1516 in
863 1497 918 1524 quo
928 1490 1045 1517 solitarii

252 1539 392 1574 degentes,
415 1536 508 1572 gravis
523 1535 586 1563 vitm
602 1535 731 1571 mysteria
761 1535 925 1570 perficiunt;
945 1543 978 1563 ex
1006 1535 1046 1563 cis

1099 944 1188 980 ἀρχὰς
1212 946 1236 971 οἱ
1273 945 1378 981 πρῶτοι
1407 945 1463 971 τῶν
1482 945 1555 972 οὕτω
1585 944 1715 980 βιούντων
1739 945 1895 973 ἐκαλοῦντο.

1102 999 1111 1016 ι
1127 990 1206 1024 Εἶτα,
1224 991 1303 1027 φησὶ,
1320 991 1344 1007 ⁸⁷
1359 991 1508 1027 ἀρχόμενοι
1524 991 1681 1026 φιλοσοφεῖν
1706 992 1861 1025 ἐξίστανται
1874 993 1897 1009 ⁸⁸

1097 1035 1152 1063 τῶν
1177 1035 1374 1071 προσηκόντων
1399 1036 1448 1063 καὶ
1469 1036 1526 1063 τῶν
1541 1037 1731 1072 ὑπαρχόντων,
1756 1038 1852 1065 ἔπειτα
1867 1036 1896 1064 δι

1098 1081 1200 1113 πάσαις
1214 1081 1493 1118 ἀποταξάμενοιταϊς
1504 1082 1552 1109 τοῦ
1568 1083 1627 1118 βίου
1643 1083 1769 1118 φροντίσι
1785 1084 1832 1111 καὶ
1843 1083 1897 1116 ἔξω

1097 1128 1198 1163 τειχῶν
1226 1128 1406 1163 προελθόντες
1426 1129 1448 1145 ⁸³
1468 1130 1497 1155 ἐν
1515 1130 1676 1166 μοναγρὲοις
1700 1130 1748 1157 καὶ
1767 1130 1865 1166 κήποις
1877 1131 1895 1166 ἦ

1097 1176 1126 1202 ὲν
1146 1175 1222 1211 ὄρεσι
1237 1175 1261 1191 ⁵⁸
1277 1175 1327 1208 τὰς
1342 1175 1485 1211 διατριϐὰς
1500 1175 1651 1209 ποιοῦνται,
1666 1176 1716 1208 τὰς
1729 1178 1760 1203 ἐκ
1771 1177 1825 1204 τῶν
1837 1177 1897 1204 ἀνο-

1099 1221 1168 1256 μιῶν
1189 1221 1210 1237 ⁵¹
1226 1221 1305 1257 24⁵1
1323 1221 1471 1256 ἀναμιξίας
1489 1221 1659 1254 ἀλυσιτελεῑς
1679 1230 1709 1248 τε
1727 1222 1772 1249 καὶ
1794 1221 1895 1257 βλαϐε-

1101 1268 1153 1303 ρὰς
1169 1267 1192 1283 "
1208 1268 1322 1300 ειδότες,
1342 1268 1389 1295 τὸν
1406 1267 1577 1304 προφητικὸν
1592 1267 1705 1304 ζηλοῦσι
1718 1268 1764 1295 καὶ
1777 1268 1896 1296 ἀσκοῦσι

1099 1311 1167 1347 βίον.
1192 1310 1273 1339 Οὕτω
1298 1313 1434 1348 πολλαχοῦ
1459 1314 1508 1348 μὲν
1525 1314 1575 1349 τῆς
1601 1314 1765 1349 οίκουμένης
1787 1314 1846 1341 ἐστὶ
1864 1314 1896 1340 τὸ

1098 1358 1176 1392 γένος
1191 1373 1225 1378 ——
1242 1358 1295 1385 ἔδει
1312 1359 1366 1395 γὰρ
1380 1359 1485 1393 ἀγαθοῦ
1501 1359 1607 1386 τελείου
1624 1361 1771 1395 μετασχεῖν
1782 1359 1832 1387 καὶ
1846 1359 1897 1394 τήν

1105 1403 1220 1432 Ἑλλάδα
1237 1405 1283 1431 καὶ
1299 1406 1349 1441 τὴν
1370 1405 1509 1441 βάρσαρον
1524 1420 1560 1426 -
1577 1407 1606 1432 ἐν
1620 1406 1753 1441 Αἰγύπτῳ
1771 1406 1800 1433 δὲ
1817 1406 1896 1433 πλεο-

1099 1450 1174 1483 νάζει
1191 1451 1225 1483 ⁸³,
1250 1452 1297 1478 καὶ
1319 1452 1439 1487 μάλιστα
1464 1452 1529 1488 περὶ
1555 1453 1606 1488 τὴν
1633 1452 1840 1488 Ἀλεξάνδρειαν
1860 1467 1895 1472 -

1099 1498 1146 1524 καὶ
1162 1499 1190 1523 ὲν
1211 1498 1315 1535 ἑκάστῃ
1344 1499 1487 1535 συμμορίᾳ
1501 1499 1525 1515 ⁵³
1544 1500 1650 1534 οἴκημά
1674 1500 1749 1526 ἐστιν
1780 1499 1862 1535 ίερδν,
1881 1499 1897 1525 ὃ

1101 1543 1214 1571 καλοῦσι
1231 1544 1254 1560 ⁸⁸
1271 1545 1398 1580 σεμνεῖον
1424 1545 1472 1571 καὶ
1489 1546 1683 1581 μοναστήριον,
1707 1548 1735 1572 ὲν
1751 1542 1774 1580 ᾧ
1799 1545 1896 1581 μονού-

252 1592 334 1613 nemo
351 1583 500 1618 quidquam
516 1586 606 1615 curat,
622 1589 672 1609 nec
687 1586 792 1616 potum,
811 1589 861 1609 nec
879 1582 982 1613 eihum,
1000 1589 1046 1608 ne-

1101 1598 1189 1624 μενοι,
1207 1590 1242 1617 τὰ
1256 1590 1303 1617 τοῦ
1323 1590 1423 1625 σεμνοῦ
1437 1591 1496 1626 βίου
1513 1592 1651 1627 μυστήρια
1669 1591 1822 1626 τελοῦνται,
1843 1600 1896 1627 μη-

251 1638 305 1667 que
330 1629 403 1657 aliud
431 1628 583 1664 quidquam
608 1635 640 1656 ex
664 1628 748 1655 rebus
773 1635 835 1663 quae
861 1627 895 1654 ad
921 1627 1048 1662 corporis

252 1676 442 1706 necessitatem
467 1676 594 1708 attinent,
622 1676 669 1702 sed
701 1681 845 1702 sermones
871 1678 899 1702 et
926 1674 1002 1709 leges
1032 1681 1048 1701 a

247 1723 394 1760 prophetis
436 1723 558 1750 sancitos
598 1723 769 1757 hymnosque
793 1726 821 1749 et
849 1725 947 1749 caetera
982 1730 989 1749 :
1020 1721 1047 1748 in

255 1772 396 1799 scientiam
417 1774 444 1797 et
467 1771 596 1805 pietatem
619 1769 656 1796 ita
676 1768 758 1796 simul
771 1772 900 1796 crescunt
922 1772 949 1795 et
966 1768 1047 1803 perti-

254 1817 376 1845 ciuntur.
397 1814 497 1842 Totum
521 1819 610 1842 autem
629 1813 803 1841 intervallum
827 1820 842 1840 a
863 1812 996 1840 Matutino
1014 1811 1046 1839 ad

253 1863 400 1898 Vesperam
420 1861 608 1889 exercitationi
623 1860 717 1893 datur;
741 1859 828 1887 sacris
852 1859 925 1886 enim
939 1858 1047 1885 ineunt-

253 1910 350 1938 bentes
381 1908 542 1943 Scripturis,
572 1914 587 1933 ο
615 1906 741 1934 Patribus
759 1905 888 1933 traditam
915 1905 1047 1932 excolunt

253 1955 467 1992 philosophiam.
481 1953 674 1989 Temperantia
689 1953 810 1988 quidem,
821 1957 851 1979 ut
866 1951 1046 1979 fundamento

253 2002 372 2038 quodam
400 2003 426 2029 in
451 2001 544 2029 anima
571 2000 656 2035 jacto,
681 2004 796 2027 caeteras
813 1999 928 2027 virtutes
950 2005 1046 2033 super-

254 2049 406 2081 tedilicunt;
423 2056 485 2075 naut
505 2048 598 2075 cibum
608 2051 636 2074 et
655 2052 749 2082 potum
768 2046 860 2074 nullus
882 2053 915 2073 ex
930 2045 984 2072 illis
999 2052 1047 2072 su—

253 2101 339 2124 meret
365 2099 428 2122 ante
443 2094 529 2122 solem
545 2100 673 2122 occasum
689 2113 697 2127 ,
719 2092 850 2128 quoniam
868 2091 978 2120 studere
1001 2098 1046 2119 sa-

254 2143 363 2179 pientia:
376 2141 438 2169 luce
456 2141 568 2175 dignum
583 2139 720 2175 judicant,
741 2139 863 2167 tenebris
878 2143 968 2166 autem
984 2145 1048 2166 cor-

255 2189 332 2225 poris
358 2187 499 2222 indulgere
516 2186 740 2214 necessitatibus.
767 2185 884 2218 Quidam
901 2186 983 2212 etiarn
1001 2191 1049 2219 per

256 2241 311 2262 tres
324 2235 383 2261 dics
397 2241 460 2261 esca
471 2233 620 2264 abstinent,
631 2232 731 2267 quibus
748 2231 837 2266 majus
849 2232 917 2258 incsl
928 2230 1048 2258 scientiis:

1099 1637 1155 1668 δεὶς
1169 1637 1252 1672 μηδὲν
1273 1638 1395 1672 κομὲζων
1410 1638 1444 1670 ⁵⁸,
1464 1638 1500 1673 μὴ
1517 1638 1609 1669 πότον,
1628 1637 1664 1673 μὴ
1682 1638 1766 1670 σίτον,
1786 1638 1855 1674 μηδέ
1869 1647 1895 1665 τι

1099 1682 1154 1709 τῶν
1173 1683 1272 1716 ἄλλων,
1286 1683 1337 1710 ὅσα
1350 1684 1419 1718 πρὸς
1434 1684 1485 1715 τὰς
1501 1683 1548 1710 τοῦ
1564 1683 1690 1719 σώματος
1702 1683 1798 1720 χρείας
1810 1685 1896 1719 ἀναγ-

1100 1730 1175 1761 καῖα,
1193 1729 1261 1756 ἀλλὰ
1284 1729 1381 1763 λόγους
1409 1731 1457 1756 καὶ
1473 1731 1573 1766 νόμους
1597 1730 1794 1763 θεσπισθέντας
1809 1731 1831 1747 ⁸⁷
1850 1731 1895 1759 διὰ

1099 1774 1248 1809 προφητῶν
1262 1775 1309 1800 καὶ
1324 1774 1427 1807 ὕμνους
1449 1775 1497 1803 καὶ
1507 1775 1592 1802 τᾶλλα
1614 1777 1656 1807 εἰς
1669 1777 1829 1812 ἐπιστήμην
1846 1778 1895 1804 καὶ

1099 1819 1241 1846 εὐσέϐειαν
1261 1820 1285 1836 ⁵⁸
1299 1821 1479 1853 συναύξονται
1497 1822 1544 1848 καὶ
1562 1821 1741 1850 τελειοῦνται.
1760 1822 1797 1849 Τὸ
1816 1823 1844 1849 δὲ
1862 1822 1894 1856 ἐξ

1099 1865 1211 1892 ἑωθινοῦ
1239 1866 1340 1902 μέχρις
1367 1867 1488 1902 ἑσπέρας
1509 1867 1649 1902 διάστημα
1675 1868 1786 1903 σύμπαν
1801 1869 1894 1901 αὐτοῖς

1099 1911 1173 1938 ἔστιν
1189 1912 1306 1948 ἄσκησις
1317 1921 1324 1928 ·
1339 1914 1551 1949 ἐντυγχάνοντες
1568 1915 1623 1950 γὰρ
1636 1915 1693 1946 τοῖς
1710 1915 1792 1950 ἱεροῖς
1804 1915 1895 1950 γράμ-

1100 1965 1186 1991 μασι,
1220 1959 1397 1994 φιλοσοφοῦσι
1426 1960 1477 1994 τὴν
1507 1960 1622 1995 πάτριον
1656 1961 1828 1996 φιλοσοφίαν.
1858 1976 1894 1981 -

1105 2003 1285 2039 Ἐγκράτειαν
1307 2006 1447 2041 δὲῶσπερ
1465 2006 1525 2033 τινὰ
1551 2006 1677 2041 θεμέλιον
1699 2007 1892 2041 προκαταϐαλ-

1098 2050 1207 2085 λόμενοι
1223 2053 1256 2087 τῇ
1268 2052 1353 2087 ψυχῇ,
1371 2053 1418 2084 τὰς
1433 2052 1517 2084 ἄλλας
1533 2053 1758 2089 ὲποικοδομοῦσιν
1773 2055 1873 2090 ἀρετὰς
1884 2063 1891 2071 ·

1099 2099 1184 2124 σιτίον
1196 2098 1250 2134 γὰρ
1264 2099 1281 2135 ἢ
1293 2100 1376 2126 πότον
1391 2100 1478 2131 οὐδεὶς
1495 2099 1528 2126 ἂν
1540 2100 1630 2127 αὐτῶν
1644 2100 1668 2116 ⁸⁹
1681 2101 1893 2136 προσενέγκοιτο

1100 2143 1153 2179 πρὸ
1175 2144 1252 2180 ήλὲου
1268 2145 1370 2177 δύσεως
1391 2146 1425 2179 ⁸ο,
1442 2146 1594 2182 ἐπειδήπερ
1619 2146 1650 2172 τὸ
1665 2146 1715 2182 μὲν
1735 2147 1893 2181 φιλοσοφεῖν

1100 2190 1175 2224 ἄξιον
1199 2192 1288 2226 φωτὸς
1304 2191 1374 2218 εἶναι
1395 2192 1534 2227 κρίνουσιν
1550 2193 1583 2224 ⁸¹,
1601 2194 1715 2224 σκότους
1730 2193 1759 2220 δὲ
1778 2194 1828 2226 τὰς
1842 2193 1890 2220 τοῦ

1101 2236 1227 2272 σώματος
1252 2238 1385 2273 ἀνάγκας.
1407 2257 1440 2263 -.‹
1458 2239 1544 2265 Ἔνιοι
1568 2238 1597 2265 δὲ
1614 2240 1661 2265 καὶ
1683 2239 1717 2265 δι’
1739 2239 1852 2274 ἡμερῶν
1868 2240 1891 2255 ⁶⁹

252 2280 430 2308 desiderium.
446 2280 538 2314 Aliqui
556 2285 648 2307 autem
663 2284 768 2307 tantum
790 2278 972 2311 obiectantur,
984 2282 1045 2305 tan-

1099 2284 1182 2318 τριῶν
1200 2284 1222 2299 "
1243 2285 1501 2320 ὑπομιμνήσκονται
1522 2286 1638 2320 τροφῆς,
1656 2283 1696 2316 οἷς
1722 2285 1824 2312 πλείων
1842 2286 1864 2300 ’δ
1877 2285 1892 2311 ὸ

255 2327 345 2362 lisque
358 2327 496 2362 replentur
509 2326 614 2354 deliciis
627 2326 763 2361 sapientia
788 2325 917 2361 saginati,
936 2325 1047 2360 copiose

1099 2329 1181 2361 πόθος
1190 2331 1238 2365 τῆς
1251 2331 1408 2366 ἐπιστήμης
1421 2331 1570 2366 ἐνίδρυται.
1585 2330 1664 2362 Τινὲς
1673 2330 1701 2357 δὲ
1714 2331 1801 2362 οὓτως
1814 2332 1891 2358 ἐνευ-

254 2377 282 2399 et
298 2372 408 2406 largiter
422 2372 530 2407 corpori
553 2372 745 2406 suppeditante
761 2377 790 2399 ut
807 2371 887 2399 etiam
903 2379 950 2405 per
964 2371 1047 2406 duplo

1099 2376 1260 2410 φραὶνονται
1278 2376 1301 2393 ⁶¹
1318 2378 1366 2404 καὶ
1390 2377 1531 2412 τρυφῶσιν
1556 2377 1609 2403 ὑπὸ
1635 2378 1732 2411 copia;
1757 2377 1891 2412 ἑστιώμε-

255 2418 345 2452 majus
358 2423 467 2452 tempus
481 2418 622 2450 resistant,
637 2417 681 2445 vix
699 2423 777 2446 sexto
787 2425 897 2453 quoque
913 2417 956 2444 die
967 2417 1047 2452 degu-

1099 2429 1138 2448 νοι
1156 2421 1189 2456 ⁸⁸,
1204 2422 1340 2454 πλουσίως
1363 2423 1409 2449 καὶ
1430 2422 1602 2458 ἀφθόνωςτῷ
1621 2422 1730 2458 σώματι
1748 2423 1890 2459 χωρηγοῦ-

859 2486 956 2517 Variae
977 2485 1134 2520 lectiones
1150 2492 1181 2521 et
1202 2495 1298 2521 notata.

253 2569 282 2596 ἁ.
299 2565 439 2602 φυομένην
456 2565 680 2609 προσφερόμενον
692 2581 728 2586 ——
741 2564 865 2601 ζηλωτὴς
881 2564 1016 2626 ἐγενόμην
1035 2565 1119 2592 αὑτοῦ
1132 2566 1179 2593 καὶ
1194 2566 1338 2609 διατρίψας
1353 2567 1458 2609 παρ’ἀ.
1468 2567 1506 2592 ὲν.
1519 2565 1578 2600 γ’--
1593 2566 1631 2597 εἰς
1644 2566 1692 2602 τὴν
1699 2576 1740 2608 ⁴π.
1754 2565 1892 2602 ὐπέστρε-

254 2611 305 2626 ωον
328 2616 365 2623 --
379 2601 508 2626 timidum:
521 2601 550 2626 δὶ
567 2601 757 2626 πολιτευεσθαι
779 2603 813 2626 τῇ
847 2609 877 2626 ω.
909 2600 956 2626 ato
975 2609 1015 2626 σει
1031 2600 1090 2626 Jos.
1128 2602 1150 2617 “
1168 2601 1443 2626 Ced.5:)l.lO-55.)_6
1459 2601 1542 2626 -18,
1560 2602 1588 2626 ἐν
1602 2598 1623 2626 ὦ
1637 2602 1682 2626 ὲπ.
1700 2610 1724 2626 Α.
1742 2609 1773 2626 π.
1793 2601 1853 2626 6.0.
1872 2603 1889 2626 ἦ

254 2598 311 2638 φον’
322 2598 365 2638 Ῠ-ῖ
379 2598 508 2638 ᾑρξᾲμήν
521 2598 550 2628 δὶ
567 2598 757 2638 πολιτεύεσθαι
768 2598 813 2637 ’τῇ
902 2598 1015 2638 αἱρέσει

1128 2602 1150 2617 ι’
1168 2598 1542 2638 cessans-assuetas".
1553 2602 1588 2638 έν
1602 2598 1623 2635 ᾧ
1637 2598 1682 2638 ετξ.
1699 2601 1724 2628 λ.
1742 2598 1853 2638 πηροὶ
1872 2603 1889 2636 ἠ

255 2636 365 2670 ἷκετῶν,
377 2636 405 2664 0.
422 2637 521 2668 αὐτοὺς
535 2636 642 2668 καὶτὰς
654 2637 703 2664 σὺν
719 2637 812 2669 αὐτοῖς
831 2644 859 2670 γ.
875 2636 901 2672 θ.
916 2636 1114 2672 ἀποκαλεῖσθαι
1137 2637 1204 2672 φησι
1230 2638 1295 2665 Eus.
1310 2645 1340 2669 ll,
1361 2638 1404 2664 17.
1443 2637 1466 2652 ⁸³
1480 2637 1539 2672 ήτοι
1551 2636 1618 2663 Eus.
1657 2637 1681 2652 “
1696 2636 1823 2663 ἀκεῖσθαι
1843 2638 1893 2664 καί

255 2673 319 2700 add.
342 2673 406 2700 Eus.
448 2673 468 2689 "’
481 2672 676 2707 παρᾱτόοιίιί.
698 2672 759 2699 cod.
799 2671 822 2687 ⁵⁸
837 2671 893 2698 Εῐτ’
923 2670 969 2707 οὖν
991 2672 1020 2704 ἐξ
1034 2672 1047 2698 ὲ

1101 2672 1132 2699 οὗ
1143 2670 1177 2699 ’τί
1194 2673 1287 2704 αὐτοῖς
1303 2673 1471 2699 ἐπιτέθειται
1490 2670 1539 2707 τὴν
1563 2680 1612 2706 πρ.
1627 2686 1661 2691 —
1674 2672 1729 2698 εἴτε
1744 2671 1791 2698 καὶ
1804 2671 1891 2703 ὅντως

254 2707 328 2735 τοῦτ’
343 2707 443 2738 αὐτοὺς
458 2705 573 2734 ἐκάλουν
587 2709 649 2735 κατ’
676 2708 704 2734 ἀ.
732 2708 757 2733 oi.
777 2715 824 2742 πρ,
845 2707 915 2743 Ευςῖ
949 2705 972 2743 f"
985 2708 1046 2742 πρῶ

1099 2708 1149 2743 μέν
1170 2708 1233 2735 add.
1249 2708 1316 2735 Ccd.
1341 2707 1379 2743 7“
1398 2705 1554 2739 ἐξίστασθαι
1573 2705 1629 2739 τοῖς
1646 2708 1818 2742 προσήκουσι
1833 2706 1890 2743 τῶν

256 2744 303 2770 ὑπ’
321 2743 386 2770 Eus.
424 2743 446 2759 δ’
462 2743 574 2778 προσελ.
606 2744 667 2771 cod.
681 2756 716 2763 —
731 2739 878 2778 μονάλίροις
901 2742 967 2769 Ced.
1006 2739 1047 2778 ⁵ος

1099 2739 1143 2770 καὶ
1161 2744 1185 2770 ὁ.
1205 2743 1269 2770 Ccd.
1289 2752 1315 2769 κ.
1339 2742 1430 2778 Eas:
1443 2743 1466 2758 "
1483 2742 1618 2778 ἀνομοίων
1633 2739 1694 2769 cod.
1712 2739 1777 2769 E'us.
1795 2741 1841 2778 h"
1858 2739 1889 2778 εὖ

256 2778 321 2805 add.
338 2779 402 2806 Eus.
441 2778 466 2794 ⁵³
481 2776 640 2811 πλεονάζειν
654 2780 716 2806 cod.
733 2776 878 2810 ’πλεονᾶζει
891 2777 913 2804 δ’
933 2779 961 2803 ὲν
975 2777 1015 2803 Ἃ.
1034 2777 1047 2804 E

1139 2779 1162 2795 ”
1177 2780 1207 2805 ἐν
1218 2779 1262 2805 ἐκ.
1277 2778 1306 2805 δὲ
1322 2778 1395 2811 οἰκίᾳ
1413 2777 1477 2805 Eos.
1517 2776 1539 2794 "
1551 2777 1674 2811 καλεῖται
1690 2778 1753 2804 lius.
1795 2776 1818 2792 "
1832 2776 1889 2803 τελ.

257 2814 343 2848 μηδὲν
359 2813 562 2848 εἰσκομίζοντες
577 2806 640 2841 lius.
657 2827 690 2833 —
703 2815 787 2841 σιτίον
808 2806 870 2840 lius.
909 2813 930 2830 ⁵⁷
943 2822 966 2839 ν.
988 2813 1034 2839 καὶ
1049 2814 1127 2847 λόγια
1145 2814 1326 2841 θεσπισθέντα
1338 2806 1403 2841 Eus.
1458 2813 1481 2829 ⁵⁸
1496 2822 1520 2840 τ.
1539 2810 1579 2844 οἷς
1593 2813 1734 2847 ἐπιστήμη
1752 2812 1799 2839 καὶ
1812 2812 1890 2848 ensif-

255 2847 317 2884 ὕεια
330 2848 395 2884 Gell.
416 2847 482 2876 lius.
519 2848 542 2864 ”
558 2849 632 2883 αὐτῷ
649 2849 711 2876 cod.
753 2850 775 2865 ‘°
788 2849 904 2884 δυσμαῖς
920 2848 1047 2876 ορὼ-ὲτ

1099 2851 1125 2875 τό
1143 2849 1207 2878 Eus.
1245 2849 1266 2864 “
1286 2857 1314 2882 φ.
1332 2850 1359 2875 ἀ.
1373 2857 1419 2883 κρ.
1436 2850 1458 2875 ὲ.
1473 2848 1537 2875 Eus.
1549 2862 1582 2867 —
1596 2848 1690 2878 σκότος
1707 2849 1768 2884 cod.
1809 2848 1830 2863 "
1844 2847 1889 2884 δια

256 2883 279 2918 γ’
294 2885 321 2920 η.
345 2883 408 2912 l-lns.
447 2885 468 2900 ⁸³
484 2884 531 2918 οὐχ
564 2882 626 2912 add.
653 2884 717 2912 Eus.
757 2885 779 2900 °‘
797 2882 877 2910 πλέον
902 2884 968 2911 (Ltd.
984 2893 1012 2910 π.
1033 2885 1043 2910 ὲ

1099 2884 1162 2913 Eus;
1201 2885 1222 2901 “
1238 2882 1432 2919 εύφρονοῦντες
1454 2885 1499 2910 καί
1515 2884 1575 2911 cod.
1615 2884 1637 2899 ⁸⁸
1650 2882 1803 2919 ἑστιώμενα
1822 2882 1885 2909 cod.
