2066 3150
147 196 201 229 405
738 200 973 232 CHRONICON.

992 214 1029 220 —
1046 201 1120 233 LIB.
1142 202 1201 235 III;
1734 208 1786 240 4(‘6

147 260 207 284 σεις
224 251 272 288 τὴν
287 251 355 288 πρὸς
380 252 427 279 τὸν
450 253 610 290 ἀποστάτην
623 254 798 292 παλαίστραν
814 257 875 283 οὐδὲ
892 257 939 292 τῆς

995 258 1088 286 multis
1110 266 1172 294 quae
1199 259 1418 295 evangellcorum
1439 264 1636 295 praeceptorum
1653 261 1786 291 inhaerent

146 297 244 325 τούτου
268 298 348 333 νίκης
376 298 487 335 modo“
505 299 570 327 ἄνευ
599 301 690 329 πόνων
707 302 814 330 πολλῶν
827 303 882 330 τῶν
894 303 942 330 επὶ

146 345 256 380 φυλακῇ
270 345 327 373 τῶν
342 346 530 380 εὐαγγελικῶν
547 347 722 383 διδαγμάτων
736 350 769 377 ⁸³.
787 359 797 376 ι

182 391 222 427 (8)
239 391 295 418 Καὶ
324 391 412 419 ταῦτα
429 393 480 428 μὲν
508 393 538 420 ἐν
558 395 730 431 παραδρόμῳ
751 396 818 432 πρὸς
836 399 900 429 τοὺς
912 399 941 426 ὲν

147 435 267 472 συζυγίᾳ
290 437 443 470 ἀκινδύνως
473 439 523 474 τὴν
537 440 591 467 τῶν
606 441 722 468 ἐντολῶν
744 442 790 469 τοῦ
819 443 940 479 Χριστοῦ

146 483 274 518 φυλακὴν
287 485 514 520 καταμελοῦντας
531 486 664 522 εἰρήσθω.
677 487 713 514 Σὺ
725 487 753 515 δὲ
767 488 841 524 (671))
858 490 872 516 ό
885 490 940 517 τῶν

145 528 283 563 οὐρανίων
302 529 513 565 πολιτευμάτων
532 532 661 567 ἐραστὴς,
674 534 780 569 καὶτῆς
789 535 940 572 ἁγγελικῆς

143 574 286 610 διαγωγῆς
309 578 540 615 πραγματευτὴς,
563 579 684 606 καὶτῶν
703 580 789 614 ἁγίων
807 582 940 618 μαθητῶν

145 620 194 646 τοῦ
203 621 326 656 Χριστοῦ
348 623 556 660 συστρατιώτης
578 625 706 658 γενέσθαι
728 627 882 663 ἐπιθυμῶν,
894 630 939 656 τό-

145 675 232 694 νωσον
243 671 358 695 σεαυτὸν
373 670 443 703 πρὸς
454 670 594 707 ὑπομονὴν
603 671 732 706 θλίψεων,
746 673 796 701 κᾶν
806 674 939 710 ἀνδρείως

144 713 298 749 προσέλθῃς
330 715 363 750 τῇ
384 716 529 752 συγκλήτῳ
539 717 595 745 τῶν
613 720 748 754 μοναχῶν.
767 721 822 749 ίδοὺ
836 722 936 756 τοίνυν,

143 759 191 785 καὶ
205 759 220 784 ὁ
233 758 303 792 θεῖος
310 759 471 792 διδάσκαλος
487 763 528 793 εὶς
541 762 588 790 δύο
600 763 674 798 βίους
688 765 736 792 τὸν
746 766 866 802 Χριστὸν
880 768 937 795 διε⁸

143 804 238 831 λέσθαι
254 805 289 832 τὰ
304 805 359 832 τῶν
377 807 533 842 ἀνθρώπων
551 809 672 844 φάσκει·
687 811 735 838 καὶ
756 812 803 839 τὸν
820 813 871 848 μὲν
894 815 938 841 κό-

143 858 226 884 σμιον
241 851 288 880 καὶ
298 851 400 887 γεώδη.
416 852 462 879 τὸν
479 853 507 879 δὲ
522 853 658 888 οὐράνιον,
675 856 822 889 ἀγγελικόν
842 866 871 884 τε
888 858 937 884 καὶ

142 896 325 923 ἀποστολικόν
337 905 345 913 ο
366 897 403 929 ὥς
415 899 464 925 καὶ
490 899 615 934 ἑτερόθεν
642 901 724 929 πάλιν
738 902 806 938 φησί
822 912 828 919 ·
844 904 935 937 Μάθε,

143 942 285 978 διδάχθητι
295 944 480 980 ἁποστολικὴν
501 946 652 980 πολιτείαν,
676 949 818 976 τοοτὲστιν
833 950 935 985 ὀφθαλ-

145 989 205 1023 μῶν
219 989 375 1024 ἁκρίῦειαν,
393 991 520 1027 γλώσσης
533 993 708 1028 ἐγκράτειαν,
728 994 856 1030 σώματος
878 996 938 1023 δου-

143 1035 306 1070 λαγωγίαν,
331 1036 461 1072 φρόνημα
494 1039 643 1072 ταπεινὸν,
668 1041 773 1073 ἐννοίας
813 1042 936 1077 καθαρό-

143 1090 235 1115 τητα,
265 1082 352 1117 ὀργῆς
392 1083 568 1119 ἀφανισμόν·
596 1086 818 1122 ἀγγαρευόμενος
854 1090 938 1124 πρόσ-

147 1127 239 1162 σεηθι,
267 1128 507 1164 ἀποστερούμενος
548 1130 585 1166 μὴ
612 1131 740 1165 δικάζου,
771 1134 938 1170 μισούμενος

145 1173 312 1207 ἀγάπησον,
343 1173 511 1208 διωκόμενος
535 1176 653 1211 ἀνέχου,
688 1177 937 1215 βλασφημούμενος

146 1220 314 1255 παρακάλει,
332 1221 483 1256 νεκρὼθητι
507 1224 541 1257 τῇ
563 1223 701 1259 ἁμαρτίᾳ,
728 1226 938 1263 συσταυρώθητι

145 1266 183 1300 τῷ
203 1266 326 1302 Χριστῷ,
338 1266 403 1302 ὃλην
417 1268 468 1303 τὴν
479 1269 590 1304 ἀγάπην
611 1270 728 1304 μετάθες
748 1271 794 1298 ἐπὶ
811 1273 857 1299 τὸν
874 1274 938 1300 Κύ-

146 1320 215 1346 ριον.
240 1312 322 1340 Ἀλλὰ
338 1313 446 1348 χαλεπὰ
460 1315 549 1342 ταῦτα
561 1323 567 1329 ·
583 1315 610 1341 τί
620 1316 675 1343 τῶν
687 1317 799 1351 ἀγαθῶν
816 1319 938 1346 εὐκολώ-

145 1365 242 1392 τερον;
257 1357 300 1390 τίς
312 1359 453 1386 καθεύδων
465 1360 596 1396 τρόπαιον
617 1362 735 1397 ἕστηκεν
746 1372 753 1397 ;
766 1363 807 1396 τίς
826 1365 937 1400 τρυφῶν

145 1402 192 1429 καὶ
207 1403 430 1439 καταυλούμενος
443 1407 500 1437 τοῖς
513 1406 562 1440 τῆς
573 1408 723 1443 καρτερίας
741 1411 937 1448 κατεκοσμήθη

146 1449 310 1483 στεφάνοιςς
326 1450 422 1482 Οὐδεὶς
436 1452 518 1487 254
535 1453 571 1488 μὴ
584 1453 697 1488 δραμὼν
716 1454 804 1481 ἀνεῖλε
825 1456 856 1482 τὸ
870 1457 937 1492 βρα-

145 1495 218 1522 εεῐον
228 1503 236 1511 ο
255 1497 279 1514 ⁸⁸
291 1497 369 1523 πόνοι
384 1498 502 1531 γεννῶσι
525 1499 604 1531 δόξαν
614 1508 621 1515 ·
637 1499 757 1535 κάματοι
775 1501 937 1536 προξενοῦσι

145 1543 290 1578 στέφανον.
308 1543 332 1560 ⁵⁵
361 1552 371 1569 ι
398 1544 449 1571 Διὰ
479 1545 584 1572 πολλῶν
612 1545 731 1581 θλίψεων
759 1548 800 1575 δεῖ
826 1549 900 1583 ὑμᾶς
912 1550 936 1566 ⁵⁵

144 1589 278 1617 εἰσελθεῖν
304 1590 344 1624 είς
366 1590 417 1626 τὴν
445 1591 586 1626 βασιλείαν
609 1593 663 1620 τῶν
684 1593 818 1629 οὐρανῶν.
835 1603 844 1620 ι
863 1595 936 1630 φημὶ

145 1636 233 1669 κάγὼ,
252 1636 322 1663 ἀλλὰ
345 1636 394 1669 τὰς
410 1637 460 1671 μὲν
475 1637 580 1673 θλίψεις
593 1639 726 1675 ταύταςή
741 1639 866 1675 βασιλεία
881 1641 936 1668 τῶν

143 1681 268 1716 οὐρανῶν
289 1682 338 1711 καὶ
363 1684 534 1719 μακαριότης
551 1685 709 1720 ἐκδέχεται,
738 1688 804 1718 τοὺς
829 1687 858 1713 δὲ
885 1687 938 1722 τῆς

145 1726 282 1762 ἁμαρτίας
297 1729 439 1763 καμάτους
467 1731 497 1756 τὸ
526 1731 575 1765 τῆς
598 1731 712 1767 “rest/vn;
741 1732 871 1760 ἐπίπονον
890 1733 937 1760 καὶ

145 1774 309 1809 σκυθρωπὸν
322 1775 379 1811 πῦρ
391 1776 525 1804 ἄσϐεστον
542 1778 686 1813 ἀναμένει.

178 1820 272 1856 Ταύτῃ
287 1829 330 1848 τοι
341 1822 388 1848 καὶ
403 1823 418 1848 ό
432 1822 564 1858 θεηγόρος
579 1825 676 1854 Νεῖλος
687 1825 739 1861 ἔφη
750 1826 787 1842 δ”
802 1835 811 1852 ‹
825 1827 934 1855 Φιλοσο-

144 1867 204 1900 φεῖν
216 1867 404 1902 ἐπετήδευσαν
415 1869 465 1904 μὲν
479 1869 615 1906 Ἑλλήνων
624 1872 670 1898 καὶ
680 1872 816 1900 Ἰουδαίων
828 1874 877 1900 οὐκ
889 1875 940 1901 ολί-

143 1920 196 1946 γοι,
217 1912 295 1946 μόνοι
308 1913 337 1940 δὲ
353 1914 404 1950 τὴν
417 1915 551 1952 ἀληθινὴν
564 1917 662 1951 σοφίαν
677 1917 820 1954 ἐζήλωσαν
831 1921 856 1946 οἱ
871 1921 938 1956 Χρι-

143 1959 206 1985 στοῦ
219 1959 354 1995 μαθηταὶ,
364 1961 426 1988 ἐπεὶ
437 1963 485 1989 καὶ
494 1962 572 1997 μόνοι
581 1964 630 1998 τὴν
646 1964 732 1997 ὅντως
748 1967 846 2000 σοφίαν
860 1967 938 2002 ἔσχον

142 2005 314 2050 διδάσκαλον.
325 2007 358 2032 Οἱ
374 2008 424 2041 μὲν
441 2009 496 2043 γὰρ
513 2009 642 2044 πρότεροι
662 2011 790 2047 καθάπερ
804 2013 833 2038 ὲν
851 2016 938 2050 σκηνῆ

142 2049 234 2084 δρᾶμα
246 2051 468 2087 ὑποκρινόμενοι,
480 2053 615 2089 ἀλλοτρίῳ
631 2055 746 2087 ἑαυτοὺς
765 2059 939 2093 κατεκόσμη-

143 2104 192 2123 σαν
219 2098 398 2133 προσωπείῳ,
425 2099 512 2134 ὄνομα
538 2100 617 2127 κενὸν
635 2101 795 2135 ὑποδύντες,
821 2103 940 2139 ἀληθοῦς

143 2143 305 2178 φιλοσοφίας
328 2145 506 2181 ἐστερημένοι
518 2155 526 2162 ⁸
544 2147 573 2173 ἐν
588 2146 637 2181 μὲν
653 2147 691 2182 τῷ
701 2148 826 2183 τρίϐωνι,
844 2151 890 2176 καὶ
905 2152 938 2186 τῇ

142 2188 245 2225 ὑπήνῃ,
257 2190 305 2216 καὶ
315 2191 348 2226 τῆ
362 2190 501 2227 βακτηρίᾳ
514 2192 560 2219 τὸν
570 2193 714 2227 φιλόσοφον
726 2194 937 2230 ἐνδεικνύμενοι,

143 2236 324 2270 περιέποντες
338 2237 387 2263 καὶ
415 2237 445 2263 τὸ
461 2237 551 2272 σῶμα,
577 2241 624 2265 καὶ
643 2241 704 2271 ταῖς
728 2240 891 2276 ἐπιθυμίαις
901 2241 938 2274 ὡς

141 2280 297 2314 δεσποίναις
311 2283 541 2319 ὑπηρετούμενοι,
554 2286 675 2321 γαστρὸς
688 2286 764 2318 ὅντες
776 2287 876 2318 δοῦλοι.
889 2288 936 2315 καὶ
952 2303 975 2331 D

140 2328 191 2360 τὰς
204 2329 408 2366 ὑπογαστρίους
429 2332 527 2366 ἡδονὰς
553 2333 591 2364 ὡς
609 2334 718 2367 φύσεως
737 2334 818 2369 ἔργον
838 2335 936 2361 ἀποδεο

142 2375 264 2409 χόμενοι,
278 2377 337 2408 ταῖς
353 2377 376 2392 ⁸³
389 2377 531 2414 λαμπραῖς
546 2380 700 2414 τραπέζαις
712 2380 839 2406 κυνιδίων
855 2380 934 2415 δῑκην

142 2421 240 2457 λίχνων
267 2423 459 2459 ἐφαλλόμενοι,
480 2425 530 2451 οὐκ
557 2425 658 2456 εἱδᾶτες
683 2427 725 2452 ὅτι
746 2426 799 2460 πρὸ
824 2427 934 2453 πάντων

142 2467 288 2504 ἐλεύθερον
300 2469 340 2495 δεῖ
355 2467 427 2496 εἶναι
438 2471 483 2497 τὸν
505 2471 652 2506 φιλόσοφον
673 2473 719 2498 καὶ
747 2472 847 2507 μᾶλλον
869 2473 936 2507 φεύ-

141 2520 201 2545 γειν
216 2513 246 2540 τὸ
262 2513 358 2541 δοῦλον
373 2512 444 2541 εἶναι
457 2517 552 2542 παθῶν
566 2517 583 2552 ἢ
598 2518 787 2552 ἁργυρόνητον
800 2519 846 2544 καὶ
862 2518 936 2545 οἰκό-

141 2558 222 2592 τριδα
238 2559 262 2574 ⁵³
275 2567 281 2574 ·
296 2560 327 2586 τὸ
344 2559 399 2595 γὰρ
413 2560 568 2596 ἀνθρώπων
583 2560 653 2588 εἶναι
665 2562 758 2589 δοῦλον
777 2563 853 2590 οὐδὲν
871 2562 936 2594 ἴσως

143 2604 243 2639 ἔὸλαψε
260 2606 306 2632 τὸν
323 2606 413 2641 ὀρθῶς
433 2606 590 2642 βεῆιωκότα
603 2608 637 2640 ⁶⁰,
652 2609 682 2634 τὸ
706 2608 733 2634 δὲ
759 2608 875 2635 πάθεσιν
899 2609 938 2641 ὡς

143 2649 287 2683 δεσπόταις
303 2652 447 2687 χρώμενον
461 2654 609 2690 ὑπηρετεῖν
625 2655 687 2685 ταῖς
704 2655 822 2690 ἡδοναῖς,
842 2654 939 2690 αἰσχὺ-

144 2703 193 2730 νην
206 2697 326 2732 ἧνεγκεν
340 2699 388 2725 καὶ
399 2698 506 2732 γέλωτα
525 2699 621 2727 πολύν.
639 2700 699 2727 Είσὶ
720 2701 770 2736 μὲν
795 2700 841 2728 οὖν
872 2701 938 2736 παρ’

144 2742 234 2774 αὐτοῖς
256 2745 373 2772 καθόλου
388 2746 439 2781 τῆς
470 2747 597 2783 πράξεως
620 2747 802 2783 ἠμεληκότες,
824 2747 938 2783 λογικὴν

995 303 1135 332 custodiae.

1028 397 1061 425 Et
1077 397 1135 425 haec
1144 398 1253 433 quidem
1266 398 1479 425 transeurrendo
1489 397 1543 425 illis
1558 399 1603 433 qui
1615 399 1642 425 in
1655 399 1783 435 conjugio

992 451 1088 472 secure
1111 449 1307 479 praeceptorum
1334 444 1436 471 Christi
1465 444 1669 472 observantiam
1697 445 1785 479 negli-

992 494 1059 526 gunt
1077 491 1151 518 dicta
1177 491 1240 519 sint.
1272 491 1312 517 Tn
1335 498 1401 517 vero
1413 491 1533 518 cmlestis
1549 491 1667 519 civitatis
1681 495 1791 518 amator,

991 542 1018 565 et
1034 537 1164 573 angelica:
1192 537 1345 572 negotiator
1372 537 1592 565 conversationis
1617 541 1643 565 et
1673 542 1784 565 sancto-

990 590 1051 610 rum
1076 582 1273 618 discipulorum
1303 582 1404 610 Christi
1420 582 1570 610 commilito
1587 583 1644 610 iieri
1658 583 1784 618 cupiens,

990 631 1070 657 lit-ma
1099 629 1214 664 teipsum
1245 628 1278 656 ad
1307 628 1481 655 tolerantiam
1511 629 1730 660 tribulationum,
1757 633 1784 664 et

993 677 1015 705 si
1044 683 1175 712 generose
1187 676 1330 710 ingressus
1347 682 1377 702 es
1402 675 1429 701 in
1455 679 1557 701 cretum
1575 660 1783 706 monachoruni,

991 731 1024 751 en
1041 723 1123 759 igitur
1137 726 1250 750 sanctus
1272 721 1329 757 ipse
1344 725 1494 756 praeceptor
1509 721 1536 748 iu
1551 721 1691 755 duplicem.
1701 721 1783 748 vitam

989 768 1130 796 Christum
1162 769 1284 796 humana
1314 767 1449 802 _divisisse
1487 767 1599 798 asserit,
1635 771 1662 794 et
1701 761 1783 806 unatn

988 815 1100 850 quidem
1115 814 1278 842 mundanam
1292 819 1320 842 et
1339 818 1506 846 terrestrem,
1522 815 1636 841 alteram
1654 820 1719 840 vero
1729 819 1784 840 cm.

989 861 1096 894 lestem,
1124 860 1274 896 angelicam
1296 864 1324 888 et
1356 860 1557 895 apostolicam;
1581 867 1643 886 nam
1658 863 1685 886 et
1720 858 1784 886 alibi

989 915 1087 936 rursus
1099 907 1165 935 dicit
1190 916 1197 934 :
1215 906 1304 940 Disce,
1327 911 1357 934 ut
1374 906 1500 934 docearis
1529 906 1707 941 apostolicam
1722 905 1786 932 vitae

993 961 1130 986 normam,
1145 953 1171 981 id
1183 957 1223 981 est
1233 953 1376 981 oculorum
1389 952 1676 987 circumspectioncm,
1686 952 1787 986 lingua:

988 1004 1243 1036 temperamentum,
1255 1006 1355 1034 corpus
1370 999 1396 1026 in
1415 998 1611 1027 servitudincm
1629 1000 1782 1031 redactum,

988 1047 1072 1074 animi
1106 1046 1303 1078 humilitatem,
1337 1044 1513 1080 cogitationis
1544 1045 1703 1080 puritatem,
1738 1044 1787 1072 irae

988 1092 1216 1124 exstinctioncm;
1255 1091 1414 1126 angariatus
1451 1092 1598 1123 assentire,
1638 1091 1720 1118 lzesus
1732 1096 1787 1118 non

987 1139 1075 1175 litiga,
1095 1138 1159 1166 odio
1177 1138 1287 1165 habitus
1305 1145 1378 1171 ama,
1412 1138 1593 1165 insectatores
1618 1138 1734 1168 sustine,
1763 1136 1787 1164 si

988 1186 1060 1212 male
1076 1184 1123 1211 tibi
1139 1183 1258 1211 dixerint
1274 1190 1322 1211 ora
1336 1192 1344 1217 ;
1357 1187 1482 1211 mortuus
1500 1187 1621 1218 peccato,
1638 1182 1788 1210 cruciﬁxus

988 1237 1050 1258 cum
1066 1229 1189 1261 Christo,
1211 1235 1321 1256 omnem
1336 1228 1499 1256 charitatem
1524 1235 1624 1263 repone
1649 1228 1676 1254 in
1696 1227 1788 1254 Domi-

989 1283 1067 1304 num.
1089 1274 1144 1303 Sed
1165 1277 1233 1302 dura
1249 1279 1314 1302 sunt
1337 1276 1396 1301 haec
1415 1285 1421 1302 :
1442 1273 1587 1307 Quodnam
1618 1273 1730 1301 facilius
1743 1273 1789 1300 bo-

990 1329 1056 1349 num
1075 1320 1140 1348 est?
1160 1319 1227 1353 Quis
1263 1318 1403 1346 dormiens
1430 1322 1562 1352 tropaeum
1578 1316 1688 1344 erexit?
1718 1315 1786 1348 Quis

988 1368 1016 1395 in
1029 1366 1136 1394 deliciis
1150 1366 1243 1393 vivens
1256 1368 1281 1392 et
1293 1364 1357 1391 tibia
1371 1371 1471 1391 sonora
1485 1363 1638 1390 delectatus
1648 1361 1786 1396 patientiae

989 1413 1098 1441 coronis
1125 1412 1269 1439 redimitus
1293 1410 1359 1439 est?
1383 1409 1470 1437 Nemo
1497 1409 1551 1436 nisi
1563 1415 1677 1436 currens
1692 1414 1786 1442 repor-

990 1458 1056 1485 tavit
1084 1457 1208 1485 bravium
1225 1465 1233 1490 ;
1249 1456 1354 1484 labores
1369 1455 1482 1489 gloriam
1499 1455 1614 1489 gignunt
1628 1462 1635 1485 ς
1654 1452 1786 1480 molestiae

988 1511 1120 1532 coronam
1160 1502 1307 1531 conciliant
1326 1511 1333 1530 :
1350 1511 1359 1528 ι
1375 1501 1427 1528 Per
1459 1501 1560 1528 multas
1597 1498 1786 1527 tribulationes

989 1554 1097 1585 oportet
1127 1556 1175 1576 vos
1206 1549 1308 1576 intrare
1334 1548 1361 1574 in
1387 1554 1501 1582 regnum
1527 1545 1669 1573 caelorum.
1690 1553 1700 1569 ›
1720 1543 1785 1572 Dico

990 1603 1040 1631 ego
1055 1602 1174 1629 quoque,
1189 1597 1217 1621 et
1228 1593 1416 1620 tribulationes
1434 1592 1502 1619 istas
1519 1598 1633 1626 regnum
1652 1589 1786 1616 cmlorum

989 1647 1016 1670 et
1038 1641 1177 1669 beatitudo
1200 1639 1312 1673 excipit,
1330 1637 1481 1673 iniquitatis
1497 1641 1587 1664 autem
1615 1635 1722 1662 labores
1739 1641 1788 1669 ge-

990 1687 1086 1714 henna:
1105 1685 1182 1713 labor
1212 1690 1239 1712 et
1271 1685 1369 1711 horror
1405 1687 1432 1710 ct
1450 1682 1520 1717 ignis
1554 1679 1785 1716 inexstinguibilis

990 1737 1089 1760 manet.

1026 1822 1159 1850 Similiter
1174 1826 1200 1850 et
1216 1821 1358 1856 theologus
1384 1819 1460 1847 Nilus
1487 1818 1607 1854 loquitur
1625 1827 1632 1846 :
1663 1827 1672 1844 ι
1690 1817 1786 1845 Philo-

990 1870 1094 1904 sophiae
1128 1869 1237 1904 quidem
1265 1875 1377 1902 operam
1404 1867 1537 1894 dederunt
1575 1866 1731 1894 Graecorum
1758 1870 1786 1894 et

990 1915 1144 1942 Judaeorum
1156 1922 1208 1942 non
1220 1915 1308 1950 pauci,
1319 1922 1410 1942 veram
1423 1919 1514 1942 autent
1525 1913 1687 1948 sapientiam
1700 1921 1784 1941 armu-

990 1961 1036 1988 lati
1052 1966 1115 1988 sunt
1130 1961 1178 1988 soli
1196 1961 1295 1989 Christi
1320 1960 1457 1994 discipuli,
1483 1961 1610 1994 quoniam
1629 1959 1679 1987 soli
1695 1966 1785 1987 veram

990 2008 1150 2042 sapientiam
1161 2007 1315 2035 habuerunt
1327 2007 1494 2040 magistram.
1505 2006 1614 2034 Priores
1623 2007 1695 2033 enim
1707 2006 1784 2040 quasi

991 2055 1017 2081 in
1032 2062 1113 2082 scena
1134 2053 1250 2082 fabulctn
1276 2058 1403 2088 agentes,
1417 2053 1504 2080 aliena
1534 2052 1639 2087 seipsos
1668 2060 1787 2080 exorna-

990 2106 1055 2128 runt
1072 2101 1157 2133 larva,
1176 2101 1286 2129 nomine
1311 2100 1384 2128 inani
1405 2099 1510 2131 induti,
1530 2106 1592 2126 vera
1615 2098 1786 2133 philosophia

990 2152 1135 2179 carentes:
1162 2148 1227 2175 trito
1251 2147 1361 2182 quidem
1383 2146 1465 2181 pallio
1488 2151 1515 2173 et
1543 2145 1626 2172 barba
1642 2150 1669 2171 et
1690 2144 1787 2171 baculo

991 2193 1181 2228 pltiIOsophum
1199 2197 1379 2225 ostentantes,
1404 2196 1430 2218 et
1445 2198 1546 2226 corpus
1564 2190 1685 2218 colentes
1695 2194 1722 2217 et
1736 2198 1787 2216 eu—

991 2238 1147 2273 piditatibus
1157 2242 1186 2264 ut
1194 2237 1358 2264 dominabus
1369 2236 1542 2266 famulantes.
1551 2235 1652 2262 ventris
1661 2235 1787 2263 exstitere

991 2284 1112 2316 servi,ct
1124 2283 1238 2311 comites
1255 2284 1357 2311 ventris
1379 2283 1532 2317 voluptates
1555 2282 1629 2309 velut
1648 2289 1717 2314 opus
1739 2289 1788 2308 na-
1822 2307 1824 2309 .

990 2335 1057 2356 tura:
1070 2328 1252 2359 admiserunt,
1264 2329 1420 2363 splendidas
1436 2334 1545 2355 mensas
1563 2328 1722 2362 gulosoruut
1739 2335 1788 2354 ca-

987 2384 1052 2404 num
1069 2376 1155 2403 instar
1169 2375 1337 2406 invadentes,
1355 2375 1505 2402 nescientes
1526 2374 1661 2409 imprimis
1673 2373 1789 2401 liberum

987 2430 1048 2451 esse
1056 2422 1154 2450 debere
1163 2421 1366 2456 philosophum,
1380 2421 1520 2455 multoque
1535 2421 1622 2456 magis
1633 2421 1670 2447 illi
1684 2419 1790 2455 fugien-

988 2469 1052 2496 dum
1063 2476 1098 2496 ne
1112 2467 1212 2496 serviat
1227 2467 1409 2502 passionibus,
1421 2474 1503 2502 quant
1515 2474 1549 2494 ne
1562 2467 1597 2494 sit
1612 2471 1726 2501 argento
1740 2474 1802 2495 ve«t

988 2515 1050 2543 nale
1065 2514 1230 2549 mancipium
1243 2519 1270 2542 et
1280 2521 1426 2542 vernarum
1442 2521 1539 2546 verna;
1553 2513 1694 2541 hominum
1718 2508 1819 2539 enim“

989 2569 1099 2590 servum
1114 2569 1175 2589 esse
1190 2561 1257 2588 nihil
1283 2559 1352 2588 forte
1380 2560 1473 2588 nocuit
1497 2560 1521 2587 ei
1548 2560 1594 2595 qui
1624 2564 1696 2587 recte
1711 2559 1788 2590 vixit,

990 2607 1184 2642 cupiditatibus
1193 2613 1284 2635 autem
1297 2611 1326 2634 ut
1336 2607 1455 2634 dominis
1466 2606 1505 2641 uti
1516 2610 1542 2633 et
1551 2606 1653 2634 servire
1663 2606 1788 2640 volupta-

993 2653 1064 2680 tibus
1082 2652 1214 2688 pudorem
1229 2652 1320 2680 attulit
1339 2656 1366 2679 et
1382 2652 1468 2679 risum
1486 2651 1613 2678 multum.
1636 2651 1707 2678 Sunt
1727 2659 1792 2686 ergo

991 2699 1064 2735 apud
1086 2706 1134 2727 eos
1151 2706 1264 2734 prorsus
1288 2699 1314 2725 in
1340 2698 1445 2734 agendo
1460 2697 1638 2732 negligentes,
1652 2703 1680 2724 at
1703 2699 1792 2725 ratio-

991 2745 1080 2772 nalem
1098 2744 1309 2780 phi1050phiam,
1339 2747 1367 2770 nt
1382 2742 1519 2774 videntur,
1539 2743 1721 2778 suscipientes
1734 2764 1741 2775 ,
1759 2744 1792 2771 de

743 2806 844 2837 Variae
860 2805 1014 2837 lectiones
1028 2807 1058 2836 et
1070 2808 1166 2834 notet.

177 2868 200 2907 ξ’
214 2869 292 2907 lingu.
309 2871 339 2896 Β.
377 2872 400 2886 ⁵⁸
416 2871 435 2898 ll
448 2871 520 2899 'l‘iut.
540 2881 568 2906 tt,
586 2873 622 2900 5?
662 2873 685 2889 "
700 2874 760 2900 Act.
774 2881 827 2905 xw,
841 2872 886 2900 22.
925 2873 939 2888 "

989 2872 1034 2902 ιᾶς
1048 2871 1109 2898 cod.
1123 2906 1126 2907 ν
1148 2870 1170 2886 ⁵⁷
1188 2869 1285 2907 Νείλου
1297 2889 1304 2900 ,
1318 2869 1385 2907 liber
1405 2867 1540 2907 ascetictts
1566 2867 1646 2907 “tibi.
1659 2905 1669 2907 _
1679 2868 1792 2896 Maxima

146 2902 294 2944 futues:
332 2907 361 2944 "_
371 2902 585 2942 ἀποδεχόμενοι,
601 2908 685 2944 ὀργῆς
714 2902 829 2943 ὑπήκοοι.
855 2909 902 2934 καὶ
922 2902 989 2944 πρδς
1019 2907 1098 2939 δόξαν
1120 2905 1284 2940 ἐπτοημένας
1315 2906 1374 2936 ταῖς
1398 2905 1458 2932 00d-

145 2938 165 2951 “
177 2939 230 2965 τῶν
247 2940 388 2975 mmo;
402 2938 462 2970 eod;

1510 2903 1532 2919 ⁸⁸⁵
1548 2904 1700 2939 οἰκότριὸον
1732 2906 1793 2932 rod.
