2066 3150
278 183 331 216 407

883 190 1045 222 GEORGII
1065 192 1172 224 IIAMA
1177 194 1291 226 RTOLI

1862 195 1914 228 408

277 243 441 271 sublimibus
451 251 606 272 sermonem
622 245 753 275 habentes
775 253 802 276 et
824 255 920 276 eorum
935 257 997 284 qum
1019 250 1053 278 de

1121 251 1148 278 δὲ
1163 251 1334 287 φιλοσοφίαν,
1350 252 1388 285 ὡς
1401 252 1537 285 δοκοῦσιν,
1557 250 1762 289 ἐπανῃρημένοι
1774 271 1782 284 ,
1803 259 1911 287 μετιωκ

277 290 423 317 rnonstrari
435 298 488 317 non
499 297 614 325 possunt
623 293 794 329 interpretes,
802 296 997 332 magnitudinis
1006 298 1068 325 cceli

275 339 302 361 ct
316 334 382 362 solis
393 343 535 364 mensuras
546 342 572 364 et
582 341 718 366 astrorum
731 340 784 366 vim
799 341 869 369 scire
878 350 907 370 se
920 342 1068 377 jactantes,

276 381 478 416 aliquandoque
489 382 570 410 etiam
587 383 619 410 de
634 385 721 413 sacris
731 387 867 415 disserere
881 389 1068 424 aggredientes

275 427 319 453 ubi
336 431 362 454 ct
377 427 478 455 veritas
507 429 646 457 inaccessa
672 436 700 458 et
724 432 880 466 conjectura
903 435 1066 469 periculosa,

274 473 328 499 vita
346 477 436 500 autem
465 473 491 500 in
509 481 588 502 emno
615 477 799 506 volutantibus
826 487 855 507 se
884 481 975 514 porcis
991 481 1068 516 igno-

273 519 457 547 miniosiores.
492 519 520 547 Si
537 522 648 555 quando
671 524 781 557 quidam
815 526 847 552 ad
871 527 1005 561 agendum
1037 534 1066 555 se

272 565 477 595 convertebant.
496 566 555 594 istis
584 568 690 601 pejores
719 569 831 603 tlehant,
860 578 908 605 pro
940 571 1010 600 fatua
1040 577 1066 600 et

274 611 403 639 laudibus
428 612 567 640 molestias
593 614 759 647 tolerantes;
793 617 895 645 nullius
924 618 996 645 enim
1026 620 1065 647 rei

272 657 358 692 gratia
380 657 432 684 nisi
455 659 646 687 ostentationis
671 666 697 687 et
722 662 881 696 cupiditatis
898 664 991 699 gloriae
1006 666 1065 700 ple-

268 703 349 737 rique
370 710 480 738 operam
511 704 612 732 dabant
636 707 748 739 miseri;
766 710 918 737 mercedem
952 719 1063 746 parvam

268 753 295 776 et
314 748 394 776 vilem
410 757 459 784 pro
477 750 523 777 tali
555 751 607 778 sibi
628 753 804 782 conciliattles
818 755 945 790 miseria;
962 758 1063 786 etenim

268 803 384 830 prorsus
409 796 535 830 siluisse,
559 798 637 833 juxta
655 799 864 836 Pythagoricum
896 804 1062 839 institutum,

267 845 294 868 et
310 841 433 876 gramine
459 843 541 876 vesci,
573 845 689 873 cilicinis
719 847 873 883 vilibusque
901 854 927 877 et
956 850 1063 879 detritis

267 887 423 921 panniculis
442 889 493 923 tegi
522 895 548 916 ct
567 890 592 917 in
631 891 706 919 dolio
741 893 878 921 inclusum
912 895 1061 929 habitasse,

267 938 293 960 et
311 941 360 968 pro
378 934 490 962 tolerata
508 936 560 962 vita
575 937 677 964 nullam
697 943 757 973 post
773 946 887 969 mortem
904 949 1063 977 exspectare

268 981 433 1014 mercedem,
458 985 485 1009 et
506 982 560 1010 vita
590 983 641 1011 ista
660 984 774 1013 delinire
803 987 912 1016 virtutis
940 990 1062 1024 praemia.

267 1025 337 1053 ultra
355 1033 464 1054 ornnem
480 1029 625 1056 amentiam
642 1036 693 1058 est.
721 1031 878 1060 Judaeorum
895 1040 986 1062 autem
1001 1037 1064 1072 qui-

265 1080 376 1107 cunque
397 1073 477 1101 istam
504 1076 620 1110 amplexi
651 1082 716 1105 sunt
740 1079 834 1112 vitam,
870 1086 934 1110 sunt
952 1083 1061 1116 quidam

265 1118 390 1147 Jonadab
408 1121 535 1155 posteri;
564 1130 713 1159 omnesque
747 1125 874 1154 similiter
906 1128 997 1156 vivere
1013 1137 1061 1156 vo-

264 1166 352 1195 tentes
365 1168 528 1203 excipiendo
544 1169 576 1196 ad
600 1177 681 1198 suum
711 1172 859 1201 traducunt
883 1174 1059 1210 institutum;

265 1213 311 1248 qui
329 1213 355 1240 in
372 1214 556 1243 tahernacrtlis
594 1223 702 1252 semper
730 1217 864 1252 habitant,
893 1221 1011 1256 vinoque
1035 1227 1061 1250 et

264 1259 392 1288 omnibus
401 1261 482 1289 rebus
492 1269 551 1296 qum
560 1262 592 1289 ad
609 1263 747 1291 mollitiem
758 1271 883 1299 spectant
893 1267 1060 1295 abstinentes

263 1311 291 1334 et
307 1307 396 1335 victus
410 1315 520 1342 parcam
542 1311 676 1337 rationem
706 1311 835 1339 habentes
861 1317 889 1339 et
905 1313 1060 1342 moderatas

263 1355 386 1389 corporis
423 1356 623 1391 necessitates;
654 1363 681 1385 et
711 1359 789 1386 valde
829 1367 895 1387 sane
932 1367 1058 1388 curantes

265 1401 395 1429 moralem
423 1403 558 1435 habitum,
584 1406 610 1431 in
639 1406 869 1441 contemplatione
897 1409 1058 1443 plerumque

263 1454 457 1482 perseverant;
475 1450 539 1477 hinc
570 1451 709 1479 enimvero
722 1451 804 1480 Εεεωί
833 1458 973 1486 vocantur,
987 1455 1057 1482 istud

261 1497 423 1524 ostendente
443 1497 577 1530 nomine;
594 1503 620 1524 et
641 1506 752 1532 prorsus
780 1505 821 1527 est
846 1500 898 1528 illis
915 1502 1058 1536 undequa-

262 1550 317 1577 que
346 1547 437 1569 rectus
460 1543 639 1578 philosophia:
669 1545 743 1578 ﬁnis,
773 1545 852 1574 factis
883 1555 1055 1583 nequaquam

263 1588 427 1623 professioni
453 1591 680 1624 repugnantibus.
711 1592 746 1618 At
773 1600 835 1628 qua
859 1593 902 1622 his
918 1594 1090 1632 molestia-ﬂ

262 1641 323 1661 rum
345 1635 449 1663 utilitas
467 1640 494 1663 et
505 1635 633 1664 laboriosi
652 1638 820 1672 certaminis,
835 1639 880 1674 qui
899 1640 1056 1668 certaminis

262 1681 462 1715 designatorem
477 1688 503 1710 et
520 1683 713 1712 instructorcm
724 1684 864 1713 Christum
879 1687 1057 1715 occiderunt?

264 1725 372 1754 Etenim
391 1728 451 1755 istis
470 1728 598 1756 similiter
634 1729 758 1757 laborum
777 1739 881 1759 merces
903 1732 992 1766 periit,
1009 1733 1055 1767 qui

262 1772 438 1806 prtemiorum
465 1774 623 1802 certaminis
651 1776 856 1811 abnegaverunt
881 1777 1055 1813 dispensato-

261 1825 320 1844 rem
333 1825 341 1850 ;
355 1821 381 1844 ct
392 1826 407 1845 a
417 1826 479 1845 vera
496 1819 551 1846 vita
567 1820 683 1854 idcoque
697 1828 711 1847 ιι
725 1821 896 1856 philosophia
912 1827 1053 1850 exerrant.

261 1864 438 1898 Philosophia
463 1864 535 1892 enim
560 1870 602 1893 est
628 1874 734 1894 morum
767 1867 901 1895 correctio
916 1876 978 1895 cum
994 1869 1054 1904 opi-

262 1910 345 1937 nione
356 1917 427 1938 verm
439 1910 473 1938 de
488 1911 533 1938 illo
546 1912 592 1947 qui
626 1917 667 1939 est
696 1915 879 1949 cognitionis;
911 1915 962 1943 hac
990 1923 1055 1943 vero

261 1958 384 1986 destituti
401 1963 465 1986 sunt
478 1959 559 1987 simul
579 1965 605 1987 et
620 1959 705 1988 Judaei
719 1967 746 1989 et
764 1961 861 1994 Graeci,
887 1963 932 1998 qui
947 1965 1055 1999 sapien-

262 2004 327 2032 tiam
341 2012 403 2040 qute
420 2006 516 2032 ocoelo
530 2005 709 2033 descenderat
725 2009 842 2036 aversati
859 2014 932 2042 sunt,
953 2016 980 2037 et
995 2011 1054 2038 sine

262 2052 372 2080 Christo
387 2052 527 2088 sapientes
556 2061 617 2081 esse
633 2059 814 2086 tentavcrunt.
825 2056 869 2090 qni
886 2057 960 2084 solus
972 2064 1054 2092 opere

259 2104 288 2127 ct
304 2099 387 2127 verbo
415 2101 610 2128 demonstravit
647 2102 857 2136 philosophiam.
893 2102 942 2130 llic
979 2104 1053 2131 enim

259 2155 277 2182 p
294 2147 367 2174 intus
382 2151 408 2174 et
420 2147 496 2174 soius
516 2148 576 2174 vitae
591 2147 660 2174 viam
690 2149 796 2183 aperuit
813 2158 821 2182 ;
839 2149 920 2184 hujus
931 2150 1052 2185 regimen

259 2196 453 2222 demonstrans
469 2202 580 2229 purum,
607 2199 634 2222 et
660 2195 846 2222 sublimiorem
872 2203 980 2231 semper
994 2204 1053 2224 cor-

259 2241 334 2276 poris
374 2241 570 2276 cupiditatibus
612 2242 737 2268 attollens
779 2242 910 2275 animam,
956 2243 1052 2271 ultinio

258 2292 349 2315 autem
363 2292 390 2315 et
401 2288 486 2322 ipsam
497 2288 659 2323 despiciens,
676 2289 784 2323 quando
797 2297 810 2315 ιι
828 2297 856 2316 se
871 2289 1051 2324 dispensanda

259 2334 334 2362 salus
365 2334 507 2361 hominum
535 2338 650 2361 mortem
680 2334 845 2368 postulabat,
872 2335 936 2362 hinc
951 2335 1052 2364 docens

258 2384 386 2414 oportere
409 2379 600 2414 philosophum
636 2384 707 2406 recte
736 2380 880 2415 eligentem
908 2381 1052 2415 repudiare

258 2426 369 2461 quidem
390 2433 559 2461 quaecunque
575 2426 601 2453 in
626 2426 678 2454 vita
693 2426 812 2461 jucunda
826 2432 900 2461 sunt,
915 2428 1053 2456 laboribus

225 2468 230 2475 ’
256 2478 348 2501 autem
363 2477 390 2501 et
399 2473 542 2501 aﬂectibus
553 2473 700 2508 praivalere
716 2473 832 2507 fortiter,
843 2482 942 2510 corpus
960 2474 1051 2510 despi-

255 2521 387 2552 cientem,
417 2523 445 2547 ct
460 2528 493 2547 ne
514 2520 633 2547 animam
653 2520 763 2555 quidem
789 2520 890 2548 habere
910 2521 936 2547 in
952 2521 1050 2555 pretio,

256 2566 304 2594 scd
321 2571 347 2593 et
365 2566 450 2601 ipsam
481 2565 564 2592 alacri
597 2565 689 2592 animo
721 2565 895 2600 profundere,
928 2574 991 2593 cum
1017 2567 1050 2594 ad

253 2612 451 2640 ostendendam
465 2612 593 2639 virtutem
617 2611 690 2638 illam
706 2612 840 2646 deponere
870 2617 986 2646 oportet.
1021 2612 1052 2641 Et

254 2658 327 2685 hanc
341 2662 478 2693 acceptam
496 2657 610 2692 apostoli
638 2657 698 2691 ejus
723 2661 747 2683 el
766 2657 890 2692 discipuli
916 2665 977 2686 vere
989 2659 1050 2686 vita:

256 2711 381 2731 normatn
398 2704 496 2731 inritati
515 2707 586 2731 sunt.
606 2703 694 2731 Simul
715 2711 748 2731 ac
761 2704 833 2731 enim
854 2705 943 2732 vocati
971 2710 1046 2740 sunt,

255 2750 444 2778 renuntiantes
472 2751 581 2785 quidem
597 2751 669 2784 vitaz,
688 2755 715 2778 et
733 2751 900 2786 negligentes
918 2753 1047 2786 patriam,

255 2801 283 2823 et
308 2805 407 2833 genus,
434 2804 460 2825 ct
483 2797 636 2829 facultates.
667 2797 700 2825 ad
716 2798 813 2826 duram
840 2803 867 2826 et
882 2799 1046 2828 laberiosam

254 2844 337 2871 \'il:ttll
353 2844 533 2876 transierunt,
561 2851 608 2878 per
625 2851 720 2872 omnes
735 2844 894 2873 incedentes
907 2846 1046 2875 molestias

1123 297 1249 333 ρολέσχαι
1265 299 1338 331 τινὲς
1352 299 1429 332 ὀντες
1447 300 1494 326 καὶ
1509 299 1564 327 τῶν
1587 300 1792 328 ἀναποδείκτων
1807 300 1909 335 ἐξηγη-

1120 343 1177 376 ταὶ,
1190 344 1305 379 μέγεθος
1322 345 1438 381 οὐρανοῦ
1453 346 1501 373 καὶ
1517 346 1594 381 ἡλίου
1617 347 1704 382 μέτρα
1724 347 1772 373 καὶ
1786 346 1910 382 ἀστέρων

1120 389 1262 426 ἐνέργειαν
1289 391 1389 418 εἰδέναι
1412 392 1701 429 κατεπαγγελλόμενοι
1715 413 1722 425 ,
1753 392 1850 420 ἔστιδ’
1863 394 1908 420 ὅτε

1119 436 1167 463 καὶ
1181 436 1318 472 θεολογεϊν
1338 438 1388 473 μὲν
1409 439 1625 474 ἐπιχειροῦντες,
1648 439 1716 466 ὅπου
1740 439 1789 466 καὶ
1807 441 1823 475 ἡ
1845 440 1910 476 ἁλή-

1119 481 1179 509 θεια
1197 483 1343 517 ἀνέφικτος
1360 484 1406 510 καὶ
1418 485 1432 510 ό
1447 485 1600 520 στοχασμὸς
1612 484 1795 517 ἐπικίνδυνος,
1806 485 1908 518 ζῶντες

1117 527 1145 554 δὲ
1159 528 1215 554 τῶν
1235 531 1264 555 ὲν
1292 529 1417 565 βορϐόρῳ
1446 530 1664 566 κυλινδουμένων
1689 532 1788 566 χοίρων
1810 532 1908 567 ἀτιμό-

1117 582 1200 609 τεροι.
1214 575 1245 601 Et
1260 575 1288 602 δὲ
1310 576 1357 602 καί
1374 585 1446 607 τινες
1466 577 1592 610 ἐγένοντο
1619 577 1779 612 πρακτικοὶ,
1803 577 1908 604 τούτων

1117 621 1243 654 ἐγένοντο
1255 621 1375 656 χείρους,
1391 622 1483 654 δόξαις
1497 631 1528 649 τε
1554 623 1601 649 καὶ
1618 623 1744 654 ἐπαίνοις
1756 625 1820 655 τοὺς
1834 623 1906 658 (68⁸)

1116 666 1214 698 πόνους
1237 669 1432 702 πεπραχότες⁶
1446 669 1554 700 οὐδενὸς
1583 669 1638 703 γὰρ
1665 669 1760 703 ἑτέρου
1789 670 1869 705 χάριν
1889 670 1906 706 ἢ

1117 712 1274 744 ἐπιδείξεως
1301 713 1349 740 καὶ
1367 714 1520 748 φιλοδοξίας
1549 715 1715 750 ἐπετήδευον
1745 717 1770 742 οἱ
1794 716 1907 743 δείλαιοι

1115 759 1150 785 τὰ
1179 759 1396 795 πολλά’μισθὺν
1417 761 1514 797 εὐτελῆ
1547 763 1593 788 καὶ
1620 754 1700 798 255
1726 761 1828 789 εὔωνον
1856 763 1908 797 τῆς

1115 803 1244 838 τοιαύτης
1278 805 1528 841 καταλλαττόμενοι
1562 806 1772 842 ταλαιπωρίας·
1793 808 1824 834 τὸ
1852 807 1907 843 γὰρ

1116 850 1255 885 σιωπῆσαι
1268 851 1312 877 διὰ
1329 852 1431 884 παντὸς
1458 852 1530 879 κατὰ
1543 853 1593 889 τὴν
1614 854 1810 889 Πυθαγορικὴν
1825 857 1906 888 νομοὲ

1115 896 1209 923 θεσίαν
1219 898 1266 923 καὶ
1281 898 1371 933 χόρτῳ
1384 898 1547 933 τρέφεσθαι,
1566 900 1698 935 τριχίνοις
1717 900 1822 936 ῥακίοις
1842 909 1906 927 σκε-

1115 942 1250 974 πάζεσθαι
1264 945 1312 970 καὶ
1327 945 1356 969 ἐν
1367 944 1441 979 πίθῳ
1457 945 1686 972 κατακεκλεῖσθαι
1706 946 1752 973 καὶ
1765 946 1906 973 διαϐιῶναι

1116 989 1252 1024 μηδεμίαν
1269 990 1388 1026 ἀμοιϐὴν
1406 992 1477 1027 μετὰ
1502 991 1618 1019 θάνατον
1632 992 1796 1028 προσδοκᾷ-Ι,
1814 993 1906 1027 πάσης

1114 1036 1205 1068 ἀνοίας
1220 1037 1294 1063 ἐστὶν
1307 1038 1448 1069 ἐπέκεινα,
1463 1037 1502 1073 τῷ
1516 1038 1566 1074 βίῳ
1578 1038 1666 1073 τούτῳ
1703 1038 1906 1072 συγκαταλύειν

1113 1082 1162 1115 τῆς
1186 1083 1288 1118 ἀρετῆς
1311 1083 1347 1110 τὰ
1376 1083 1491 1111 ἔπαθλα.
1509 1099 1544 1105 -
1559 1084 1615 1119 (10)
1639 1084 1763 1111 Ἰουδαῖοι
1791 1084 1820 1111 δὲ
1847 1085 1905 1112 Eant

1113 1130 1207 1155 τοῦτον
1223 1129 1356 1165 ἐτίμησαν
1383 1130 1429 1157 τὸν
1455 1131 1521 1166 βίον,
1545 1131 1602 1157 εἰσὶ
1624 1130 1675 1165 μὲν
1703 1131 1751 1158 τοῦ
1775 1131 1903 1158 Ἰωναδὰσ

1112 1175 1243 1209 ἀπόγονοι
1256 1184 1262 1190 ·
1282 1176 1386 1208 πάντας
1399 1176 1428 1203 δὲ
1442 1178 1506 1208 τοὺς
1522 1177 1655 1209 ὡσαύτως
1673 1176 1748 1211 βιοῦν
1762 1176 1904 1209 ἐθέλοντας

1113 1222 1249 1257 προίεμεν
1276 1223 1316 1254 εἰς
1332 1223 1382 1258 τὴν
1413 1223 1500 1258 αὐτὴν
1520 1223 1671 1258 ἑνάγουσαν
1695 1224 1852 1258 πολιτείαν,
1865 1224 1905 1251 οτ-

1111 1277 1182 1300 τινες
1199 1270 1229 1294 ἐν
1245 1270 1359 1304 σκηναῖς
1373 1270 1532 1297 κατοικοῦσι
1544 1270 1703 1304 διαπαντὸς,
1717 1270 1789 1297 οῐνου
1810 1278 1840 1297 τι
1855 1271 1904 1298 καὶ

1109 1315 1164 1341 τῶν
1180 1315 1249 1350 πρὸς
1261 1315 1282 1330 ⁸³
1295 1315 1325 1341 τὸ
1340 1315 1513 1351 ἁϐροδίαιτον
1537 1317 1648 1344 πάντων
1672 1317 1838 1353 ἀπεχόμενοι
1856 1317 1903 1343 καὶ

1110 1361 1218 1388 δίαιταν
1229 1361 1338 1396 ἔχοντες
1350 1362 1447 1398 εὐτελῆ
1463 1363 1510 1389 καὶ
1525 1362 1575 1398 τὴν
1587 1363 1688 1399 χρείαν
1704 1371 1902 1398 συμμεμετρη-

1111 1407 1196 1444 μένην
1209 1409 1256 1434 τοῦ
1273 1408 1400 1443 σώματος
1410 1416 1418 1424 ’
1433 1409 1479 1436 καὶ
1493 1410 1595 1446 σφόδρα
1611 1410 1661 1442 μὲν
1674 1409 1721 1436 οὖν
1738 1408 1902 1445 ἐπιμελοῦν-

1109 1463 1155 1485 τες
1169 1454 1221 1489 τῆς
1237 1453 1335 1489 ἠθικῆς
1351 1453 1445 1486 ἕξεως,
1467 1454 1571 1490 θεωρίᾳ
1584 1455 1613 1481 δὲ
1625 1455 1660 1481 τὰ
1671 1454 1758 1481 πολλὰ
1776 1454 1901 1489 προσμέ-

1110 1508 1200 1526 νουσιν
1211 1508 1218 1514 ⁸
1234 1499 1311 1525 ἔνθεν
1323 1499 1378 1534 γὰρ
1387 1501 1436 1526 καὶ
1447 1499 1568 1526 Ἐσσαῖοι
1584 1499 1742 1532 καλοῦνται,
1757 1499 1837 1526 τοῦτο
1852 1499 1900 1534 δη-

1109 1546 1220 1577 λοῦντος
1235 1545 1283 1572 τοῦ
1294 1546 1438 1581 ὀνόματος,
1452 1546 1500 1572 καὶ
1516 1545 1611 1576 ἁπλῶς
1622 1547 1697 1573 ἐστιν
1716 1546 1809 1577 αὐτοῖς
1829 1545 1900 1572 πάν-

1108 1591 1187 1618 τοθεν
1201 1590 1422 1626 κατορθούμενος
1440 1592 1453 1618 ό
1465 1591 1516 1626 τῆς
1539 1591 1702 1625 φιλοσοφίας
1726 1590 1838 1622 σκοπὸς,
1854 1590 1901 1616 οὗ-

1108 1637 1197 1672 δαμοῠ
1209 1637 1264 1664 τῶν
1279 1638 1452 1672 πραγμάτων
1476 1637 1686 1672 διαμαχομένων
1707 1637 1746 1672 τῷ
1767 1637 1900 1671 ἐπαγγέλ-

1111 1693 1186 1719 ματι.
1211 1684 1292 1709 Ἀλλὰ
1305 1683 1332 1709 τί
1346 1683 1399 1710 τῶν
1414 1683 1528 1718 ἀγώνων
1545 1683 1642 1719 ὄφελος
1661 1685 1754 1716 αὐτοῖς
1775 1684 1822 1710 καὶ
1850 1684 1900 1718 τῆς

1109 1730 1240 1756 ἐπιπόνου
1257 1730 1399 1764 ἀθλήσεως
1411 1730 1457 1756 τὸν
1472 1730 1645 1766 ἀγωνοθέτην
1660 1731 1780 1765 Χριστὸν
1793 1731 1900 1766 ἀνῃρη-

1109 1777 1168 1803 κόσι
1182 1777 1204 1793 ⁶¹
1218 1785 1225 1810 ;
1240 1777 1286 1803 καὶ
1302 1776 1406 1803 τούτων
1423 1777 1476 1812 γὰρ
1489 1777 1590 1812 ὁμοίως
1614 1778 1628 1803 ό
1641 1777 1696 1803 τῶν
1714 1777 1804 1803 πόνων
1825 1777 1899 1811 οἴχε-

1107 1832 1150 1850 ται
1176 1822 1283 1858 μισθὸς,
1300 1823 1499 1857 ἀρνησαμένων
1525 1822 1572 1849 τὸν
1588 1822 1644 1849 τῶν
1668 1822 1795 1850 ἐπάθλων
1810 1822 1898 1848 διανοο

1110 1870 1162 1905 μέα
1174 1878 1180 1885 ·
1194 1870 1241 1895 καὶ
1253 1870 1302 1904 τῆς
1317 1868 1435 1904 ἀληθοῦς
1447 1869 1520 1904 ζωῆς
1536 1869 1584 1896 καὶ
1597 1868 1757 1903 φιλοσοφίας
1771 1869 1900 1903 drawi-

1107 1916 1193 1952 λησαν
1204 1916 1237 1942 ⁸³.
1250 1915 1274 1951 (1
1284 1917 1306 1949 l)
1319 1915 1466 1949 Φιλοσοφία
1476 1915 1530 1950 γάρ¹
1555 1915 1629 1942 ἐστιν
1639 1915 1713 1950 ἠθῶν
1727 1915 1899 1950 κατόρθωσις

1109 1963 1178 1998 μετά
1193 1963 1273 1998 δόξης
1289 1962 1340 1997 τῆς
1357 1963 1423 1997 περὶ
1444 1961 1490 1988 τοῦ
1503 1962 1579 1993 ὄντος
1601 1963 1730 1996 γνώσεως
1758 1961 1877 1997 ἀληθοῦς
1889 1969 1897 1977 '

1106 2009 1207 2044 ταύτης
1237 2009 1266 2036 δὲ
1299 2008 1496 2044 ἀπεσφάλησαν
1518 2009 1603 2043 ἄμφω
1630 2009 1677 2035 καὶ
1704 2008 1828 2035 Ἰουδαῖοι
1851 2007 1899 2034 καὶ

1107 2057 1247 2092 Ἕλληνες,
1263 2056 1313 2092 τὴν
1335 2056 1384 2083 ἀπ’
1401 2056 1519 2091 ούρανοῦ
1541 2056 1771 2092 παραγενομένην
1798 2055 1896 2089 σοφίαν

1105 2102 1343 2138 παραιτησάμενοι
1359 2103 1404 2129 καὶ
1410 2102 1616 2138 χωρὶςΧριστοῦ
1626 2103 1783 2138 φιλοσοφεῖν
1793 2104 1899 2138 ἐπιχει-

1107 2152 1248 2187 ρήσαντες,
1272 2151 1319 2177 τοῦ
1336 2151 1417 2186 μόνου
1444 2151 1659 2185 παραδείξαντος
1671 2151 1745 2186 ἔργῳ
1756 2152 1803 2178 καὶ
1825 2151 1898 2186 λόγῳ

1104 2198 1153 2233 τὴν
1171 2197 1259 2234 ἀληθῆ
1287 2197 1457 2232 φιλοσοφίαν.
1471 2194 1555 2228 Οὗτος
1581 2197 1636 2233 γὰρ
1657 2198 1765 2233 πρῶτος
1782 2199 1829 2225 καὶ
1847 2197 1898 2232 μό-

1104 2252 1149 2276 νος
1163 2243 1187 2260 “
1201 2243 1282 2278 ἔτεμε
1305 2243 1344 2278 τῷ
1361 2243 1422 2278 βίῳ,
1441 2243 1490 2278 τὴν
1503 2243 1607 2278 ταύτης
1629 2243 1771 2270 πολιτείαν
1799 2243 1897 2270 ἐπιδει-

1069 2273 1092 2304 D
1106 2273 1222 2324 ξάμενος
1236 2273 1372 2324 καθαράνι,
1386 2273 1528 2324 ἀνωτέραν
1551 2273 1703 2324 ἀελνφέρων
1732 2289 1782 2324 τὴν
1806 2289 1898 2325 ψυχὴν

1103 2337 1158 2363 τῶν
1176 2335 1271 2363 παθῶν
1282 2335 1329 2362 τοῦ
1348 2335 1494 2370 σώματος·
1510 2336 1626 2370 ἔσχατον
1637 2335 1665 2362 δὲ
1679 2336 1728 2362 καὶ
1745 2336 1831 2371 αὐτῆς
1847 2345 1897 2363 και

1104 2384 1281 2418 ταφρονήσας
1297 2382 1330 2415 ⁵⁵,
1344 2382 1415 2417 ὃτεὴ
1431 2383 1497 2418 παρ’
1513 2382 1596 2408 αὑτοῦ
1608 2383 1824 2418 οίκονομουμὲνη
1843 2390 1897 2409 σω-

1105 2430 1189 2464 τηρία
1203 2428 1258 2455 τῶν
1271 2427 1425 2464 ἀνθρώπων
1435 2429 1533 2464 ἀπῄτει
1549 2429 1675 2461 θάνατον,
1702 2429 1838 2456 διδάσκων
1851 2428 1897 2456 διὰ

1103 2475 1211 2508 τούτου,
1228 2475 1268 2502 ὅτι
1284 2475 1325 2501 δεῖ
1335 2475 1382 2501 τὸν
1398 2474 1544 2509 φιλόσοφον
1563 2475 1652 2511 ὀρθῶς
1676 2475 1896 2511 προαιρούμενον

1103 2521 1278 2557 ἀρνήσασθαι
1303 2521 1355 2556 μὲν
1369 2521 1403 2548 τὰ
1418 2521 1486 2556 ἡδέα
1498 2522 1590 2548 πάντα
1614 2521 1662 2548 τοῦ
1678 2521 1748 2556 βίου,
1764 2521 1855 2548 πόνων
1867 2521 1896 2548 δὲ

1103 2568 1149 2595 καὶ
1165 2568 1261 2595 παθῶν
1274 2567 1305 2594 εὖ
1325 2568 1398 2604 μάλα
1412 2569 1583 2604 ἐπικρατεῖν,
1605 2569 1833 2604 καταφρονοῦντα
1848 2568 1896 2595 τοῦ

1102 2615 1239 2651 σώματος,
1270 2615 1344 2651 ἔχειν
1360 2616 1388 2643 δὲ
1419 2615 1491 2652 μηδὲ
1519 2617 1570 2651 τὴν
1592 2616 1682 2651 ψυχὴν
1707 2617 1814 2651 τιμίαν,
1827 2616 1897 2643 ἁλλά

1102 2662 1150 2689 καὶ
1162 2662 1265 2697 ταύτην
1277 2661 1426 2697 προθύμως
1437 2662 1582 2695 προέσθαι,
1596 2662 1660 2689 ὅταν
1671 2661 1704 2688 δι’
1714 2663 1814 2697 ἀρετῆς
1828 2662 1897 2688 ἀπό-

1101 2708 1186 2741 δειξιν
1201 2708 1353 2735 ἀποθέσθαι
1367 2708 1450 2744 256
1462 2709 1528 2736 δέοι.
1555 2709 1610 2735 Καὶ
1635 2708 1739 2742 ταύτην
1768 2709 1896 2744 παραλα-

1102 2754 1197 2787 ϐόντες
1210 2756 1235 2783 oi
1247 2755 1391 2782 ἀπόστολοι
1405 2755 1489 2783 αὑτοῦ
1502 2757 1549 2783 καὶ
1568 2756 1688 2791 μαθηταὶ
1701 2755 1821 2790 γνησίως
1845 2755 1896 2791 τὴν

1100 2802 1240 2837 διαγωγὴν
1260 2802 1432 2838 ἐμιμήσαντο
1445 2811 1452 2818 ·
1474 2803 1533 2838 ἅμα
1550 2802 1603 2837 γὰρ
1622 2802 1662 2837 τῷ
1676 2802 1811 2838 κληθῆναι
1827 2802 1896 2828 ἀπο-

1101 2850 1249 2886 ταξάμενοι
1268 2851 1318 2886 μὲν
1333 2850 1372 2885 τῷ
1388 2850 1439 2886 βίῳ
1466 2851 1512 2877 καὶ
1536 2850 1710 2886 ὑπεριδόντες
1729 2851 1858 2886 πατρίδης
1873 2851 1895 2866 ¹ί⁶

846 2893 946 2924 Variae
959 2894 1112 2928 lectiones
1129 2902 1160 2929 et
1176 2903 1258 2930 notae

289 2943 309 2958 5‘
322 2943 368 2977 τὴν
381 2942 447 2978 πρός
459 2942 519 2969 cod.
555 2943 714 2980 "stupui;
724 2945 763 2971 ἔνο

768 2945 811 2975 1;?
841 2946 862 2960 ⁸³
871 2946 991 2980 inrisos}
1000 2947 1052 2974 ἔθει

1109 2949 1139 2976 ηιΙ.
1173 2949 1279 2976 ⁶ῖόδόνῖ
1307 2951 1327 2966 ⁵⁸
1339 2950 1386 2986 τῆς
1399 2950 1468 2986 ζωῆς
1481 2949 1637 2985 νριτςιυχῆςῖ
1666 2950 1814 2987 ⁸’“,παιρέδα
1831 2951 1895 2979 ccd.
