  <div class='ocr_page' id='page_1' title='image "/cluster/home/n/w/nwhite01/storage/ocr_20150623/110/njp.32101077772935/273.png"; bbox 0 0 2066 3150; ppageno 0'>
   <div class='ocr_carea' id='block_1_1' title="bbox 256 187 311 219">
    <p class='ocr_par' dir='ltr' id='par_1_1' title="bbox 256 187 311 219">
     <span class='ocr_line' id='line_1_1' title="bbox 256 187 311 219; baseline -0.018 0"><span class='ocrx_word' id='word_1_1' title='bbox 256 187 311 219; x_wconf 60' lang='grc' dir='ltr'><strong>ξῧθ</strong></span> 
     </span>
    </p>
   </div>
   <div class='ocr_carea' id='block_1_2' title="bbox 870 176 1277 207">
    <p class='ocr_par' dir='ltr' id='par_1_2' title="bbox 870 176 1277 207">
     <span class='ocr_line' id='line_1_2' title="bbox 870 176 1277 207; baseline 0 0"><span class='ocrx_word' id='word_1_2' title='bbox 870 176 1031 207; x_wconf 75' lang='lat' dir='ltr'><strong>GEORGII</strong></span> <span class='ocrx_word' id='word_1_3' title='bbox 1053 177 1277 207; x_wconf 78' lang='lat' dir='ltr'><strong>HAMARTOLI</strong></span> 
     </span>
    </p>
   </div>
   <div class='ocr_carea' id='block_1_3' title="bbox 1836 175 1889 206">
    <p class='ocr_par' dir='ltr' id='par_1_3' title="bbox 1836 175 1889 206">
     <span class='ocr_line' id='line_1_3' title="bbox 1836 175 1889 206; baseline 0 -1"><span class='ocrx_word' id='word_1_4' title='bbox 1836 175 1889 206; x_wconf 70' lang='grc'><strong>460</strong></span> 
     </span>
    </p>
   </div>
   <div class='ocr_carea' id='block_1_4' title="bbox 254 230 1048 274">
    <p class='ocr_par' dir='ltr' id='par_1_4' title="bbox 254 233 1048 274">
     <span class='ocr_line' id='line_1_4' title="bbox 254 233 1048 274; baseline -0.016 -2"><span class='ocrx_word' id='word_1_5' title='bbox 254 249 324 272; x_wconf 89' lang='lat' dir='ltr'><strong>-runt</strong></span> <span class='ocrx_word' id='word_1_6' title='bbox 348 250 361 269; x_wconf 73' lang='grc' dir='ltr'><strong>ι</strong></span> <span class='ocrx_word' id='word_1_7' title='bbox 380 249 444 274; x_wconf 79' lang='lat' dir='ltr'><strong>me;</strong></span> <span class='ocrx_word' id='word_1_8' title='bbox 471 235 643 267; x_wconf 67' lang='lat' dir='ltr'><strong>miserabiles</strong></span> <span class='ocrx_word' id='word_1_9' title='bbox 659 241 724 262; x_wconf 83' lang='lat' dir='ltr'><strong>sunt</strong></span> <span class='ocrx_word' id='word_1_10' title='bbox 750 234 813 269; x_wconf 98' lang='lat' dir='ltr'><strong>quia</strong></span> <span class='ocrx_word' id='word_1_11' title='bbox 834 233 915 268; x_wconf 83' lang='lat' dir='ltr'><strong>impie</strong></span> <span class='ocrx_word' id='word_1_12' title='bbox 937 237 1048 268; x_wconf 75' lang='lat' dir='ltr'><strong>egerunt</strong></span> 
     </span>
    </p>
   </div>
   <div class='ocr_carea' id='block_1_5' title="bbox 1101 230 1889 274">
    <p class='ocr_par' dir='ltr' id='par_1_5' title="bbox 1102 230 1889 269">
     <span class='ocr_line' id='line_1_5' title="bbox 1102 230 1889 269; baseline -0.005 -9"><span class='ocrx_word' id='word_1_13' title='bbox 1102 233 1170 269; x_wconf 68' lang='grc' dir='ltr'>μινη</span> <span class='ocrx_word' id='word_1_14' title='bbox 1198 234 1257 268; x_wconf 78' lang='grc' dir='ltr'>καὶ)</span> <span class='ocrx_word' id='word_1_15' title='bbox 1274 233 1447 268; x_wconf 79' lang='grc' dir='ltr'>ἑμπαίζουσα</span> <span class='ocrx_word' id='word_1_16' title='bbox 1465 234 1560 269; x_wconf 77' lang='grc' dir='ltr'>αὐτῷ·</span> <span class='ocrx_word' id='word_1_17' title='bbox 1579 233 1688 266; x_wconf 64' lang='grc' dir='ltr'>ἔλεγενδ</span> <span class='ocrx_word' id='word_1_18' title='bbox 1702 240 1708 247; x_wconf 95' lang='grc'><strong>·</strong></span> <span class='ocrx_word' id='word_1_19' title='bbox 1731 242 1740 257; x_wconf 82' lang='grc' dir='ltr'><strong>ι</strong></span> <span class='ocrx_word' id='word_1_20' title='bbox 1760 231 1857 267; x_wconf 77' lang='grc' dir='ltr'>Χαῖρε,</span> <span class='ocrx_word' id='word_1_21' title='bbox 1874 230 1889 255; x_wconf 91' lang='grc' dir='ltr'><strong>ὁ</strong></span> 
     </span>
    </p>
   </div>
   <div class='ocr_carea' id='block_1_6' title="bbox 260 277 1048 320">
    <p class='ocr_par' dir='ltr' id='par_1_6' title="bbox 260 277 1048 320">
     <span class='ocr_line' id='line_1_6' title="bbox 260 277 1048 320; baseline -0.016 -3"><span class='ocrx_word' id='word_1_22' title='bbox 260 292 288 317; x_wconf 93' lang='lat' dir='ltr'><strong>ln</strong></span> <span class='ocrx_word' id='word_1_23' title='bbox 305 295 359 320; x_wconf 84' lang='lat' dir='ltr'><strong>me,</strong></span> <span class='ocrx_word' id='word_1_24' title='bbox 374 292 401 315; x_wconf 82' lang='lat' dir='ltr'><strong>et</strong></span> <span class='ocrx_word' id='word_1_25' title='bbox 417 285 488 314; x_wconf 79' lang='lat' dir='ltr'><strong>mala</strong></span> <span class='ocrx_word' id='word_1_26' title='bbox 510 285 538 312; x_wconf 94' lang='lat' dir='ltr'><strong>in</strong></span> <span class='ocrx_word' id='word_1_27' title='bbox 559 291 604 311; x_wconf 89' lang='lat' dir='ltr'><strong>me</strong></span> <span class='ocrx_word' id='word_1_28' title='bbox 618 282 814 317; x_wconf 75' lang='lat' dir='ltr'><strong>cogitaverunt.</strong></span> <span class='ocrx_word' id='word_1_29' title='bbox 838 288 847 305; x_wconf 80' lang='grc' dir='ltr'><strong>ι</strong></span> <span class='ocrx_word' id='word_1_30' title='bbox 870 292 904 299; x_wconf 89' lang='grc'><strong><em>--</em></strong></span> <span class='ocrx_word' id='word_1_31' title='bbox 927 288 935 304; x_wconf 86' lang='grc' dir='ltr'><strong>ι</strong></span> <span class='ocrx_word' id='word_1_32' title='bbox 957 277 1048 311; x_wconf 86' lang='lat' dir='ltr'><strong>Quare</strong></span> 
     </span>
    </p>
   </div>
   <div class='ocr_carea' id='block_1_7' title="bbox 259 325 1046 363">
    <p class='ocr_par' dir='ltr' id='par_1_7' title="bbox 259 325 1046 363">
     <span class='ocr_line' id='line_1_7' title="bbox 259 325 1046 363; baseline -0.015 0"><span class='ocrx_word' id='word_1_33' title='bbox 259 337 406 363; x_wconf 80' lang='lat' dir='ltr'><strong>devoratus</strong></span> <span class='ocrx_word' id='word_1_34' title='bbox 437 336 480 360; x_wconf 87' lang='lat' dir='ltr'><strong>est</strong></span> <span class='ocrx_word' id='word_1_35' title='bbox 504 330 606 362; x_wconf 82' lang='lat' dir='ltr'><strong>Israel,</strong></span> <span class='ocrx_word' id='word_1_36' title='bbox 632 333 659 356; x_wconf 91' lang='lat' dir='ltr'><strong>ct</strong></span> <span class='ocrx_word' id='word_1_37' title='bbox 687 327 721 355; x_wconf 88' lang='lat' dir='ltr'><strong>ad</strong></span> <span class='ocrx_word' id='word_1_38' title='bbox 748 326 865 354; x_wconf 82' lang='lat' dir='ltr'><strong>nihilum</strong></span> <span class='ocrx_word' id='word_1_39' title='bbox 893 325 1046 357; x_wconf 86' lang='lat' dir='ltr'><strong>redactus,</strong></span> 
     </span>
    </p>
   </div>
   <div class='ocr_carea' id='block_1_8' title="bbox 259 371 1047 415">
    <p class='ocr_par' dir='ltr' id='par_1_8' title="bbox 259 371 1047 415">
     <span class='ocr_line' id='line_1_8' title="bbox 259 371 1047 415; baseline -0.015 -6"><span class='ocrx_word' id='word_1_40' title='bbox 259 387 286 410; x_wconf 87' lang='lat' dir='ltr'><strong>et</strong></span> <span class='ocrx_word' id='word_1_41' title='bbox 315 386 444 415; x_wconf 89' lang='lat' dir='ltr'><strong>tanquam</strong></span> <span class='ocrx_word' id='word_1_42' title='bbox 473 385 522 405; x_wconf 84' lang='lat' dir='ltr'><strong>vas</strong></span> <span class='ocrx_word' id='word_1_43' title='bbox 547 375 644 404; x_wconf 89' lang='lat' dir='ltr'><strong>inutile</strong></span> <span class='ocrx_word' id='word_1_44' title='bbox 671 374 698 401; x_wconf 89' lang='lat' dir='ltr'><strong>in</strong></span> <span class='ocrx_word' id='word_1_45' title='bbox 724 372 892 400; x_wconf 76' lang='lat' dir='ltr'><strong>nationibus.</strong></span> <span class='ocrx_word' id='word_1_46' title='bbox 919 380 929 397; x_wconf 73' lang='grc' dir='ltr'><strong>ι</strong></span> <span class='ocrx_word' id='word_1_47' title='bbox 963 371 1047 398; x_wconf 86' lang='lat' dir='ltr'><strong>Simi-</strong></span> 
     </span>
    </p>
   </div>
   <div class='ocr_carea' id='block_1_9' title="bbox 256 419 1048 460">
    <p class='ocr_par' dir='ltr' id='par_1_9' title="bbox 256 419 1048 460">
     <span class='ocr_line' id='line_1_9' title="bbox 256 419 1048 460; baseline -0.016 -4"><span class='ocrx_word' id='word_1_48' title='bbox 256 429 324 456; x_wconf 74' lang='lat' dir='ltr'><strong>liter</strong></span> <span class='ocrx_word' id='word_1_49' title='bbox 343 433 371 453; x_wconf 85' lang='lat' dir='ltr'><strong>et</strong></span> <span class='ocrx_word' id='word_1_50' title='bbox 400 433 447 460; x_wconf 90' lang='lat' dir='ltr'><strong>per</strong></span> <span class='ocrx_word' id='word_1_51' title='bbox 469 423 614 452; x_wconf 73' lang='lat' dir='ltr'><strong>Jeremiam</strong></span> <span class='ocrx_word' id='word_1_52' title='bbox 639 421 677 448; x_wconf 89' lang='lat' dir='ltr'><strong>ait</strong></span> <span class='ocrx_word' id='word_1_53' title='bbox 707 429 715 448; x_wconf 87' lang='lat'><strong>:</strong></span> <span class='ocrx_word' id='word_1_54' title='bbox 750 428 760 445; x_wconf 80' lang='grc' dir='ltr'><strong>ι</strong></span> <span class='ocrx_word' id='word_1_55' title='bbox 780 419 900 446; x_wconf 87' lang='lat' dir='ltr'><strong>lnstruet</strong></span> <span class='ocrx_word' id='word_1_56' title='bbox 918 423 945 445; x_wconf 90' lang='lat' dir='ltr'><strong>te</strong></span> <span class='ocrx_word' id='word_1_57' title='bbox 967 424 1048 444; x_wconf 86' lang='lat' dir='ltr'><strong>aver-</strong></span> 
     </span>
    </p>
   </div>
   <div class='ocr_carea' id='block_1_10' title="bbox 260 463 1048 505">
    <p class='ocr_par' dir='ltr' id='par_1_10' title="bbox 260 463 1048 505">
     <span class='ocr_line' id='line_1_10' title="bbox 260 463 1048 505; baseline -0.014 -4"><span class='ocrx_word' id='word_1_58' title='bbox 260 475 302 502; x_wconf 92' lang='lat' dir='ltr'><strong>sio</strong></span> <span class='ocrx_word' id='word_1_59' title='bbox 327 478 394 505; x_wconf 87' lang='lat' dir='ltr'><strong>tua,</strong></span> <span class='ocrx_word' id='word_1_60' title='bbox 421 476 448 498; x_wconf 86' lang='lat' dir='ltr'><strong>et</strong></span> <span class='ocrx_word' id='word_1_61' title='bbox 479 469 584 497; x_wconf 86' lang='lat' dir='ltr'><strong>malitia</strong></span> <span class='ocrx_word' id='word_1_62' title='bbox 610 472 656 494; x_wconf 88' lang='lat' dir='ltr'><strong>tua</strong></span> <span class='ocrx_word' id='word_1_63' title='bbox 681 465 833 500; x_wconf 80' lang='lat' dir='ltr'><strong>increpabit</strong></span> <span class='ocrx_word' id='word_1_64' title='bbox 853 469 901 496; x_wconf 87' lang='lat' dir='ltr'><strong>te,</strong></span> <span class='ocrx_word' id='word_1_65' title='bbox 927 468 954 491; x_wconf 86' lang='lat' dir='ltr'><strong>et</strong></span> <span class='ocrx_word' id='word_1_66' title='bbox 977 463 1048 491; x_wconf 81' lang='lat' dir='ltr'><strong>scies</strong></span> 
     </span>
    </p>
   </div>
   <div class='ocr_carea' id='block_1_11' title="bbox 259 512 1048 554">
    <p class='ocr_par' dir='ltr' id='par_1_11' title="bbox 259 512 1048 554">
     <span class='ocr_line' id='line_1_11' title="bbox 259 512 1048 554; baseline -0.015 -7"><span class='ocrx_word' id='word_1_67' title='bbox 259 519 324 554; x_wconf 84' lang='lat' dir='ltr'><strong>quia</strong></span> <span class='ocrx_word' id='word_1_68' title='bbox 350 523 474 545; x_wconf 84' lang='lat' dir='ltr'><strong>amarum</strong></span> <span class='ocrx_word' id='word_1_69' title='bbox 502 513 550 541; x_wconf 88' lang='lat' dir='ltr'><strong>tibi</strong></span> <span class='ocrx_word' id='word_1_70' title='bbox 581 512 760 547; x_wconf 88' lang='lat' dir='ltr'><strong>dereliquisse</strong></span> <span class='ocrx_word' id='word_1_71' title='bbox 788 516 814 538; x_wconf 90' lang='lat' dir='ltr'><strong>te</strong></span> <span class='ocrx_word' id='word_1_72' title='bbox 843 517 909 542; x_wconf 83' lang='lat' dir='ltr'><strong>me,</strong></span> <span class='ocrx_word' id='word_1_73' title='bbox 936 514 963 536; x_wconf 92' lang='lat' dir='ltr'><strong>et</strong></span> <span class='ocrx_word' id='word_1_74' title='bbox 993 515 1048 536; x_wconf 91' lang='lat' dir='ltr'><strong>non</strong></span> 
     </span>
    </p>
   </div>
   <div class='ocr_carea' id='block_1_12' title="bbox 263 553 1050 601">
    <p class='ocr_par' dir='ltr' id='par_1_12' title="bbox 263 553 1050 601">
     <span class='ocr_line' id='line_1_12' title="bbox 263 553 1050 601; baseline -0.017 -8"><span class='ocrx_word' id='word_1_75' title='bbox 263 553 369 601; x_wconf 84' lang='lat' dir='ltr'><strong>placuit</strong></span> <span class='ocrx_word' id='word_1_76' title='bbox 386 562 451 590; x_wconf 88' lang='lat' dir='ltr'><strong>mihi</strong></span> <span class='ocrx_word' id='word_1_77' title='bbox 473 561 499 588; x_wconf 92' lang='lat' dir='ltr'><strong>in</strong></span> <span class='ocrx_word' id='word_1_78' title='bbox 524 565 560 587; x_wconf 87' lang='lat' dir='ltr'><strong>te.</strong></span> <span class='ocrx_word' id='word_1_79' title='bbox 579 568 588 585; x_wconf 79' lang='grc' dir='ltr'><strong>ι</strong></span> <span class='ocrx_word' id='word_1_80' title='bbox 618 558 703 585; x_wconf 86' lang='lat' dir='ltr'><strong>Divus</strong></span> <span class='ocrx_word' id='word_1_81' title='bbox 723 561 750 583; x_wconf 91' lang='lat' dir='ltr'><strong>et</strong></span> <span class='ocrx_word' id='word_1_82' title='bbox 765 555 849 583; x_wconf 82' lang='lat' dir='ltr'><strong>David</strong></span> <span class='ocrx_word' id='word_1_83' title='bbox 873 555 953 589; x_wconf 85' lang='lat' dir='ltr'><strong>quasi</strong></span> <span class='ocrx_word' id='word_1_84' title='bbox 977 553 1050 581; x_wconf 77' lang='lat' dir='ltr'><strong>fren-</strong></span> 
     </span>
    </p>
   </div>
   <div class='ocr_carea' id='block_1_13' title="bbox 261 599 1048 644">
    <p class='ocr_par' dir='ltr' id='par_1_13' title="bbox 261 599 1048 644">
     <span class='ocr_line' id='line_1_13' title="bbox 261 599 1048 644; baseline -0.015 -6"><span class='ocrx_word' id='word_1_85' title='bbox 261 599 328 639; x_wconf 79' lang='lat' dir='ltr'><strong>dens</strong></span> <span class='ocrx_word' id='word_1_86' title='bbox 351 615 434 644; x_wconf 82' lang='lat' dir='ltr'><strong>super</strong></span> <span class='ocrx_word' id='word_1_87' title='bbox 455 613 514 637; x_wconf 84' lang='lat' dir='ltr'><strong>vos,</strong></span> <span class='ocrx_word' id='word_1_88' title='bbox 532 612 580 639; x_wconf 91' lang='lat' dir='ltr'><strong>pro</strong></span> <span class='ocrx_word' id='word_1_89' title='bbox 604 602 719 630; x_wconf 88' lang='lat' dir='ltr'><strong>Domino</strong></span> <span class='ocrx_word' id='word_1_90' title='bbox 734 601 862 628; x_wconf 85' lang='lat' dir='ltr'><strong>ludibriis</strong></span> <span class='ocrx_word' id='word_1_91' title='bbox 884 600 983 627; x_wconf 76' lang='lat' dir='ltr'><strong>allecto</strong></span> <span class='ocrx_word' id='word_1_92' title='bbox 1005 599 1048 626; x_wconf 89' lang='lat' dir='ltr'><strong>sic</strong></span> 
     </span>
    </p>
   </div>
   <div class='ocr_carea' id='block_1_14' title="bbox 261 647 1049 690">
    <p class='ocr_par' dir='ltr' id='par_1_14' title="bbox 261 647 1049 690">
     <span class='ocr_line' id='line_1_14' title="bbox 261 647 1049 690; baseline -0.014 -7"><span class='ocrx_word' id='word_1_93' title='bbox 261 657 427 690; x_wconf 88' lang='lat' dir='ltr'><strong>imprecatur</strong></span> <span class='ocrx_word' id='word_1_94' title='bbox 446 651 559 678; x_wconf 85' lang='lat' dir='ltr'><strong>dicens:</strong></span> <span class='ocrx_word' id='word_1_95' title='bbox 579 658 588 675; x_wconf 86' lang='grc' dir='ltr'><strong>ι</strong></span> <span class='ocrx_word' id='word_1_96' title='bbox 606 647 794 676; x_wconf 89' lang='lat' dir='ltr'><strong>Obscurentur</strong></span> <span class='ocrx_word' id='word_1_97' title='bbox 807 647 880 674; x_wconf 91' lang='lat' dir='ltr'><strong>oculi</strong></span> <span class='ocrx_word' id='word_1_98' title='bbox 898 654 993 673; x_wconf 87' lang='lat' dir='ltr'><strong>eorum</strong></span> <span class='ocrx_word' id='word_1_99' title='bbox 1015 653 1049 672; x_wconf 90' lang='lat' dir='ltr'><strong>ne</strong></span> 
     </span>
    </p>
   </div>
   <div class='ocr_carea' id='block_1_15' title="bbox 260 691 1050 731">
    <p class='ocr_par' dir='ltr' id='par_1_15' title="bbox 260 691 1050 731">
     <span class='ocr_line' id='line_1_15' title="bbox 260 691 1050 731; baseline -0.013 -4"><span class='ocrx_word' id='word_1_100' title='bbox 260 700 380 731; x_wconf 70' lang='lat' dir='ltr'><strong>videant,</strong></span> <span class='ocrx_word' id='word_1_101' title='bbox 391 702 417 724; x_wconf 88' lang='lat' dir='ltr'><strong>et</strong></span> <span class='ocrx_word' id='word_1_102' title='bbox 430 697 540 724; x_wconf 90' lang='lat' dir='ltr'><strong>dorsum</strong></span> <span class='ocrx_word' id='word_1_103' title='bbox 552 701 647 722; x_wconf 89' lang='lat' dir='ltr'><strong>eorum</strong></span> <span class='ocrx_word' id='word_1_104' title='bbox 663 700 770 727; x_wconf 86' lang='lat' dir='ltr'><strong>semper</strong></span> <span class='ocrx_word' id='word_1_105' title='bbox 785 692 898 719; x_wconf 87' lang='lat' dir='ltr'><strong>incurva</strong></span> <span class='ocrx_word' id='word_1_106' title='bbox 915 699 921 718; x_wconf 93' lang='lat'>:</span> <span class='ocrx_word' id='word_1_107' title='bbox 941 691 1050 718; x_wconf 68' lang='lat' dir='ltr'><strong>ellunde</strong></span> 
     </span>
    </p>
   </div>
   <div class='ocr_carea' id='block_1_16' title="bbox 259 738 1049 781">
    <p class='ocr_par' dir='ltr' id='par_1_16' title="bbox 259 738 1049 781">
     <span class='ocr_line' id='line_1_16' title="bbox 259 738 1049 781; baseline -0.014 -7"><span class='ocrx_word' id='word_1_108' title='bbox 259 753 342 781; x_wconf 85' lang='lat' dir='ltr'><strong>super</strong></span> <span class='ocrx_word' id='word_1_109' title='bbox 364 751 412 772; x_wconf 84' lang='lat' dir='ltr'><strong>eos</strong></span> <span class='ocrx_word' id='word_1_110' title='bbox 431 743 499 770; x_wconf 83' lang='lat' dir='ltr'><strong>iram</strong></span> <span class='ocrx_word' id='word_1_111' title='bbox 524 746 610 772; x_wconf 84' lang='lat' dir='ltr'><strong>tuam,</strong></span> <span class='ocrx_word' id='word_1_112' title='bbox 634 744 662 767; x_wconf 89' lang='lat' dir='ltr'><strong>et</strong></span> <span class='ocrx_word' id='word_1_113' title='bbox 684 739 760 767; x_wconf 84' lang='lat' dir='ltr'><strong>zelus</strong></span> <span class='ocrx_word' id='word_1_114' title='bbox 783 738 831 766; x_wconf 70' lang='lat' dir='ltr'><strong>ine</strong></span> <span class='ocrx_word' id='word_1_115' title='bbox 850 743 901 764; x_wconf 78' lang='lat' dir='ltr'><strong>tuae</strong></span> <span class='ocrx_word' id='word_1_116' title='bbox 921 744 1049 772; x_wconf 90' lang='lat' dir='ltr'><strong>compre-</strong></span> 
     </span>
    </p>
   </div>
   <div class='ocr_carea' id='block_1_17' title="bbox 259 783 1049 822">
    <p class='ocr_par' dir='ltr' id='par_1_17' title="bbox 259 783 1049 822">
     <span class='ocr_line' id='line_1_17' title="bbox 259 783 1049 822; baseline -0.014 -2"><span class='ocrx_word' id='word_1_117' title='bbox 259 791 361 820; x_wconf 81' lang='lat' dir='ltr'><strong>hendat</strong></span> <span class='ocrx_word' id='word_1_118' title='bbox 372 796 420 817; x_wconf 84' lang='lat' dir='ltr'><strong>eos</strong></span> <span class='ocrx_word' id='word_1_119' title='bbox 434 796 441 814; x_wconf 92' lang='lat'><strong>:</strong></span> <span class='ocrx_word' id='word_1_120' title='bbox 457 791 484 815; x_wconf 92' lang='lat' dir='ltr'><strong>et</strong></span> <span class='ocrx_word' id='word_1_121' title='bbox 504 794 574 822; x_wconf 87' lang='lat' dir='ltr'><strong>pone</strong></span> <span class='ocrx_word' id='word_1_122' title='bbox 587 785 756 819; x_wconf 77' lang='lat' dir='ltr'><strong>iniquitatem</strong></span> <span class='ocrx_word' id='word_1_123' title='bbox 779 790 860 819; x_wconf 87' lang='lat' dir='ltr'><strong>super</strong></span> <span class='ocrx_word' id='word_1_124' title='bbox 877 783 1049 818; x_wconf 80' lang='lat' dir='ltr'><strong>iniquitatem</strong></span> 
     </span>
    </p>
   </div>
   <div class='ocr_carea' id='block_1_18' title="bbox 260 828 1050 868">
    <p class='ocr_par' dir='ltr' id='par_1_18' title="bbox 260 828 1050 868">
     <span class='ocr_line' id='line_1_18' title="bbox 260 828 1050 868; baseline -0.013 -3"><span class='ocrx_word' id='word_1_125' title='bbox 260 843 366 868; x_wconf 86' lang='lat' dir='ltr'><strong>eorum,</strong></span> <span class='ocrx_word' id='word_1_126' title='bbox 375 839 461 862; x_wconf 87' lang='lat' dir='ltr'><strong>etnon</strong></span> <span class='ocrx_word' id='word_1_127' title='bbox 471 833 572 860; x_wconf 88' lang='lat' dir='ltr'><strong>intrent</strong></span> <span class='ocrx_word' id='word_1_128' title='bbox 582 832 609 858; x_wconf 92' lang='lat' dir='ltr'><strong>in</strong></span> <span class='ocrx_word' id='word_1_129' title='bbox 620 830 752 865; x_wconf 85' lang='lat' dir='ltr'><strong>justitiam</strong></span> <span class='ocrx_word' id='word_1_130' title='bbox 763 833 837 857; x_wconf 81' lang='lat' dir='ltr'><strong>tuam</strong></span> <span class='ocrx_word' id='word_1_131' title='bbox 848 837 855 856; x_wconf 95' lang='lat'><strong>:</strong></span> <span class='ocrx_word' id='word_1_132' title='bbox 865 828 1007 856; x_wconf 82' lang='lat' dir='ltr'><strong>deleantur</strong></span> <span class='ocrx_word' id='word_1_133' title='bbox 1016 828 1050 856; x_wconf 89' lang='lat' dir='ltr'><strong>de</strong></span> 
     </span>
    </p>
   </div>
   <div class='ocr_carea' id='block_1_19' title="bbox 261 875 1047 911">
    <p class='ocr_par' dir='ltr' id='par_1_19' title="bbox 261 875 1047 911">
     <span class='ocr_line' id='line_1_19' title="bbox 261 875 1047 911; baseline -0.013 0"><span class='ocrx_word' id='word_1_134' title='bbox 261 884 332 911; x_wconf 79' lang='lat' dir='ltr'><strong>libro</strong></span> <span class='ocrx_word' id='word_1_135' title='bbox 355 879 515 911; x_wconf 82' lang='lat' dir='ltr'><strong>viventium,</strong></span> <span class='ocrx_word' id='word_1_136' title='bbox 539 882 566 905; x_wconf 89' lang='lat' dir='ltr'><strong>et</strong></span> <span class='ocrx_word' id='word_1_137' title='bbox 591 884 653 904; x_wconf 91' lang='lat' dir='ltr'><strong>cum</strong></span> <span class='ocrx_word' id='word_1_138' title='bbox 667 876 750 911; x_wconf 87' lang='lat' dir='ltr'><strong>justis</strong></span> <span class='ocrx_word' id='word_1_139' title='bbox 772 883 826 903; x_wconf 86' lang='lat' dir='ltr'><strong>non</strong></span> <span class='ocrx_word' id='word_1_140' title='bbox 848 875 1014 903; x_wconf 72' lang='lat' dir='ltr'><strong>scribantur.</strong></span> <span class='ocrx_word' id='word_1_141' title='bbox 1037 884 1047 901; x_wconf 72' lang='grc' dir='ltr'><strong>ι</strong></span> 
     </span>
    </p>
   </div>
   <div class='ocr_carea' id='block_1_20' title="bbox 262 921 1048 962">
    <p class='ocr_par' dir='ltr' id='par_1_20' title="bbox 262 921 1048 962">
     <span class='ocr_line' id='line_1_20' title="bbox 262 921 1048 962; baseline -0.011 -6"><span class='ocrx_word' id='word_1_142' title='bbox 262 930 305 962; x_wconf 85' lang='lat' dir='ltr'><strong>Et,</strong></span> <span class='ocrx_word' id='word_1_143' title='bbox 321 937 331 954; x_wconf 83' lang='grc' dir='ltr'><strong>ι</strong></span> <span class='ocrx_word' id='word_1_144' title='bbox 351 927 480 962; x_wconf 78' lang='lat' dir='ltr'><strong>Dispcrge</strong></span> <span class='ocrx_word' id='word_1_145' title='bbox 501 932 549 952; x_wconf 87' lang='lat' dir='ltr'><strong>eos</strong></span> <span class='ocrx_word' id='word_1_146' title='bbox 569 923 596 950; x_wconf 94' lang='lat' dir='ltr'><strong>in</strong></span> <span class='ocrx_word' id='word_1_147' title='bbox 616 922 722 957; x_wconf 86' lang='lat' dir='ltr'><strong>justitia</strong></span> <span class='ocrx_word' id='word_1_148' title='bbox 747 927 804 954; x_wconf 86' lang='lat' dir='ltr'><strong>tua,</strong></span> <span class='ocrx_word' id='word_1_149' title='bbox 823 925 850 949; x_wconf 91' lang='lat' dir='ltr'><strong>et</strong></span> <span class='ocrx_word' id='word_1_150' title='bbox 870 921 976 956; x_wconf 82' lang='lat' dir='ltr'><strong>depone</strong></span> <span class='ocrx_word' id='word_1_151' title='bbox 990 927 1048 953; x_wconf 87' lang='lat' dir='ltr'><strong>eos,</strong></span> 
     </span>
    </p>
   </div>
   <div class='ocr_carea' id='block_1_21' title="bbox 263 966 1050 1010">
    <p class='ocr_par' dir='ltr' id='par_1_21' title="bbox 263 966 1050 1010">
     <span class='ocr_line' id='line_1_21' title="bbox 263 966 1050 1010; baseline -0.011 -8"><span class='ocrx_word' id='word_1_152' title='bbox 263 976 401 1010; x_wconf 92' lang='lat' dir='ltr'><strong>protector</strong></span> <span class='ocrx_word' id='word_1_153' title='bbox 420 979 508 1003; x_wconf 86' lang='lat' dir='ltr'><strong>meus,</strong></span> <span class='ocrx_word' id='word_1_154' title='bbox 523 969 647 997; x_wconf 87' lang='lat' dir='ltr'><strong>Domine.</strong></span> <span class='ocrx_word' id='word_1_155' title='bbox 670 977 680 994; x_wconf 81' lang='grc' dir='ltr'><strong>ι</strong></span> <span class='ocrx_word' id='word_1_156' title='bbox 695 968 729 995; x_wconf 89' lang='lat' dir='ltr'><strong>Et</strong></span> <span class='ocrx_word' id='word_1_157' title='bbox 745 967 1010 1002; x_wconf 76' lang='lat' dir='ltr'><strong>comprehendantur</strong></span> <span class='ocrx_word' id='word_1_158' title='bbox 1023 966 1050 993; x_wconf 92' lang='lat' dir='ltr'><strong>in</strong></span> 
     </span>
    </p>
   </div>
   <div class='ocr_carea' id='block_1_22' title="bbox 263 1013 1050 1055">
    <p class='ocr_par' dir='ltr' id='par_1_22' title="bbox 263 1013 1050 1055">
     <span class='ocr_line' id='line_1_22' title="bbox 263 1013 1050 1055; baseline -0.014 -7"><span class='ocrx_word' id='word_1_159' title='bbox 263 1018 389 1055; x_wconf 84' lang='lat' dir='ltr'><strong>superbia</strong></span> <span class='ocrx_word' id='word_1_160' title='bbox 398 1025 459 1049; x_wconf 83' lang='lat' dir='ltr'><strong>sua,</strong></span> <span class='ocrx_word' id='word_1_161' title='bbox 480 1016 506 1043; x_wconf 92' lang='lat' dir='ltr'><strong>in</strong></span> <span class='ocrx_word' id='word_1_162' title='bbox 523 1015 564 1042; x_wconf 89' lang='lat' dir='ltr'><strong>ira</strong></span> <span class='ocrx_word' id='word_1_163' title='bbox 578 1013 835 1043; x_wconf 85' lang='lat' dir='ltr'><strong>consummationis.</strong></span> <span class='ocrx_word' id='word_1_164' title='bbox 851 1016 879 1039; x_wconf 86' lang='lat' dir='ltr'><strong>et</strong></span> <span class='ocrx_word' id='word_1_165' title='bbox 894 1019 947 1039; x_wconf 90' lang='lat' dir='ltr'><strong>non</strong></span> <span class='ocrx_word' id='word_1_166' title='bbox 960 1015 1050 1043; x_wconf 87' lang='lat' dir='ltr'><strong>erunt,</strong></span> 
     </span>
    </p>
   </div>
   <div class='ocr_carea' id='block_1_23' title="bbox 263 1057 1050 1099">
    <p class='ocr_par' dir='ltr' id='par_1_23' title="bbox 263 1057 1050 1099">
     <span class='ocr_line' id='line_1_23' title="bbox 263 1057 1050 1099; baseline -0.011 -6"><span class='ocrx_word' id='word_1_167' title='bbox 263 1070 291 1093; x_wconf 81' lang='lat' dir='ltr'><strong>et</strong></span> <span class='ocrx_word' id='word_1_168' title='bbox 314 1064 403 1093; x_wconf 82' lang='lat' dir='ltr'><strong>scient</strong></span> <span class='ocrx_word' id='word_1_169' title='bbox 424 1063 487 1099; x_wconf 85' lang='lat' dir='ltr'><strong>quia</strong></span> <span class='ocrx_word' id='word_1_170' title='bbox 515 1061 585 1089; x_wconf 84' lang='lat' dir='ltr'><strong>Dens</strong></span> <span class='ocrx_word' id='word_1_171' title='bbox 609 1060 767 1088; x_wconf 87' lang='lat' dir='ltr'><strong>dominator</strong></span> <span class='ocrx_word' id='word_1_172' title='bbox 790 1057 876 1085; x_wconf 84' lang='lat' dir='ltr'><strong>Jacob</strong></span> <span class='ocrx_word' id='word_1_173' title='bbox 900 1063 928 1085; x_wconf 89' lang='lat' dir='ltr'><strong>et</strong></span> <span class='ocrx_word' id='word_1_174' title='bbox 955 1058 1050 1085; x_wconf 85' lang='lat' dir='ltr'><strong>[inium</strong></span> 
     </span>
    </p>
   </div>
   <div class='ocr_carea' id='block_1_24' title="bbox 263 1103 1052 1143">
    <p class='ocr_par' dir='ltr' id='par_1_24' title="bbox 263 1103 1052 1143">
     <span class='ocr_line' id='line_1_24' title="bbox 263 1103 1052 1143; baseline -0.011 -4"><span class='ocrx_word' id='word_1_175' title='bbox 263 1116 355 1139; x_wconf 63' lang='lat' dir='ltr'><strong>terrae.</strong></span> <span class='ocrx_word' id='word_1_176' title='bbox 372 1119 382 1136; x_wconf 75' lang='grc' dir='ltr'><strong>ι</strong></span> <span class='ocrx_word' id='word_1_177' title='bbox 401 1109 430 1137; x_wconf 89' lang='lat' dir='ltr'><strong>In</strong></span> <span class='ocrx_word' id='word_1_178' title='bbox 454 1108 554 1143; x_wconf 85' lang='lat' dir='ltr'><strong>quibus</strong></span> <span class='ocrx_word' id='word_1_179' title='bbox 575 1106 680 1135; x_wconf 88' lang='lat' dir='ltr'><strong>scilicet</strong></span> <span class='ocrx_word' id='word_1_180' title='bbox 704 1104 803 1132; x_wconf 89' lang='lat' dir='ltr'><strong>merito</strong></span> <span class='ocrx_word' id='word_1_181' title='bbox 826 1103 942 1139; x_wconf 84' lang='lat' dir='ltr'><strong>dispersi</strong></span> <span class='ocrx_word' id='word_1_182' title='bbox 972 1104 1052 1138; x_wconf 83' lang='lat' dir='ltr'><strong>plane</strong></span> 
     </span>
    </p>
   </div>
   <div class='ocr_carea' id='block_1_25' title="bbox 265 1149 1050 1192">
    <p class='ocr_par' dir='ltr' id='par_1_25' title="bbox 265 1149 1050 1192">
     <span class='ocr_line' id='line_1_25' title="bbox 265 1149 1050 1192; baseline -0.014 -7"><span class='ocrx_word' id='word_1_183' title='bbox 265 1159 432 1192; x_wconf 77' lang='lat' dir='ltr'><strong>cognoscent</strong></span> <span class='ocrx_word' id='word_1_184' title='bbox 453 1154 518 1188; x_wconf 87' lang='lat' dir='ltr'><strong>quia</strong></span> <span class='ocrx_word' id='word_1_185' title='bbox 545 1153 615 1179; x_wconf 92' lang='lat' dir='ltr'><strong>Deus</strong></span> <span class='ocrx_word' id='word_1_186' title='bbox 639 1156 682 1178; x_wconf 86' lang='lat' dir='ltr'><strong>est</strong></span> <span class='ocrx_word' id='word_1_187' title='bbox 706 1150 834 1177; x_wconf 81' lang='lat' dir='ltr'><strong>Christus</strong></span> <span class='ocrx_word' id='word_1_188' title='bbox 852 1149 939 1183; x_wconf 85' lang='lat' dir='ltr'><strong>patris</strong></span> <span class='ocrx_word' id='word_1_189' title='bbox 955 1156 1050 1176; x_wconf 89' lang='lat' dir='ltr'><strong>eorum</strong></span> 
     </span>
    </p>
   </div>
   <div class='ocr_carea' id='block_1_26' title="bbox 262 1193 1051 1227">
    <p class='ocr_par' dir='ltr' id='par_1_26' title="bbox 262 1193 1051 1227">
     <span class='ocr_line' id='line_1_26' title="bbox 262 1193 1051 1227; baseline -0.01 0"><span class='ocrx_word' id='word_1_190' title='bbox 262 1199 347 1227; x_wconf 71' lang='lat' dir='ltr'><strong>lacob</strong></span> <span class='ocrx_word' id='word_1_191' title='bbox 366 1203 394 1225; x_wconf 87' lang='lat' dir='ltr'><strong>et</strong></span> <span class='ocrx_word' id='word_1_192' title='bbox 408 1197 563 1225; x_wconf 79' lang='lat' dir='ltr'><strong>dominatur</strong></span> <span class='ocrx_word' id='word_1_193' title='bbox 579 1196 606 1222; x_wconf 93' lang='lat' dir='ltr'><strong>in</strong></span> <span class='ocrx_word' id='word_1_194' title='bbox 619 1201 716 1222; x_wconf 87' lang='lat' dir='ltr'><strong>omnes</strong></span> <span class='ocrx_word' id='word_1_195' title='bbox 731 1197 759 1221; x_wconf 88' lang='lat' dir='ltr'><strong>et</strong></span> <span class='ocrx_word' id='word_1_196' title='bbox 775 1193 821 1221; x_wconf 82' lang='lat' dir='ltr'><strong>dat</strong></span> <span class='ocrx_word' id='word_1_197' title='bbox 840 1193 989 1227; x_wconf 88' lang='lat' dir='ltr'><strong>unicuique</strong></span> <span class='ocrx_word' id='word_1_198' title='bbox 1006 1200 1051 1220; x_wconf 88' lang='lat' dir='ltr'><strong>se-</strong></span> 
     </span>
    </p>
   </div>
   <div class='ocr_carea' id='block_1_27' title="bbox 263 1238 1049 1278">
    <p class='ocr_par' dir='ltr' id='par_1_27' title="bbox 263 1238 1049 1278">
     <span class='ocr_line' id='line_1_27' title="bbox 263 1238 1049 1278; baseline -0.01 -5"><span class='ocrx_word' id='word_1_199' title='bbox 263 1245 382 1273; x_wconf 89' lang='lat' dir='ltr'><strong>cundum</strong></span> <span class='ocrx_word' id='word_1_200' title='bbox 398 1250 480 1278; x_wconf 86' lang='lat' dir='ltr'><strong>opera</strong></span> <span class='ocrx_word' id='word_1_201' title='bbox 504 1248 565 1269; x_wconf 88' lang='lat' dir='ltr'><strong>sua.</strong></span> <span class='ocrx_word' id='word_1_202' title='bbox 592 1240 638 1267; x_wconf 89' lang='lat' dir='ltr'><strong>Sic</strong></span> <span class='ocrx_word' id='word_1_203' title='bbox 658 1239 703 1267; x_wconf 91' lang='lat' dir='ltr'><strong>Dei</strong></span> <span class='ocrx_word' id='word_1_204' title='bbox 723 1239 910 1266; x_wconf 79' lang='lat' dir='ltr'><strong>manifestator</strong></span> <span class='ocrx_word' id='word_1_205' title='bbox 931 1238 1049 1273; x_wconf 85' lang='lat' dir='ltr'><strong>Moyses,</strong></span> 
     </span>
    </p>
   </div>
   <div class='ocr_carea' id='block_1_28' title="bbox 263 1284 1051 1325">
    <p class='ocr_par' dir='ltr' id='par_1_28' title="bbox 263 1284 1051 1325">
     <span class='ocr_line' id='line_1_28' title="bbox 263 1284 1051 1325; baseline -0.011 -5"><span class='ocrx_word' id='word_1_206' title='bbox 263 1295 326 1320; x_wconf 86' lang='lat' dir='ltr'><strong>ante</strong></span> <span class='ocrx_word' id='word_1_207' title='bbox 341 1289 527 1325; x_wconf 77' lang='lat' dir='ltr'><strong>perstringens</strong></span> <span class='ocrx_word' id='word_1_208' title='bbox 541 1291 569 1315; x_wconf 90' lang='lat' dir='ltr'><strong>et</strong></span> <span class='ocrx_word' id='word_1_209' title='bbox 582 1291 681 1314; x_wconf 86' lang='lat' dir='ltr'><strong>notans</strong></span> <span class='ocrx_word' id='word_1_210' title='bbox 698 1293 747 1313; x_wconf 85' lang='lat' dir='ltr'><strong>vos</strong></span> <span class='ocrx_word' id='word_1_211' title='bbox 758 1290 787 1312; x_wconf 89' lang='lat' dir='ltr'><strong>ut</strong></span> <span class='ocrx_word' id='word_1_212' title='bbox 799 1284 998 1312; x_wconf 81' lang='lat' dir='ltr'><strong>abominabiles</strong></span> <span class='ocrx_word' id='word_1_213' title='bbox 1024 1289 1051 1311; x_wconf 87' lang='lat' dir='ltr'><strong>et</strong></span> 
     </span>
    </p>
   </div>
   <div class='ocr_carea' id='block_1_29' title="bbox 262 1330 1049 1370">
    <p class='ocr_par' dir='ltr' id='par_1_29' title="bbox 262 1330 1049 1370">
     <span class='ocr_line' id='line_1_29' title="bbox 262 1330 1049 1370; baseline -0.01 -6"><span class='ocrx_word' id='word_1_214' title='bbox 262 1337 423 1370; x_wconf 82' lang='lat' dir='ltr'><strong>insipientes</strong></span> <span class='ocrx_word' id='word_1_215' title='bbox 446 1338 473 1361; x_wconf 89' lang='lat' dir='ltr'><strong>et</strong></span> <span class='ocrx_word' id='word_1_216' title='bbox 499 1333 645 1368; x_wconf 76' lang='lat' dir='ltr'><strong>ingratos,</strong></span> <span class='ocrx_word' id='word_1_217' title='bbox 675 1331 744 1359; x_wconf 81' lang='lat' dir='ltr'><strong>dixit</strong></span> <span class='ocrx_word' id='word_1_218' title='bbox 765 1339 772 1358; x_wconf 85' lang='lat'>:</span> <span class='ocrx_word' id='word_1_219' title='bbox 802 1339 812 1357; x_wconf 85' lang='grc' dir='ltr'><strong>ι</strong></span> <span class='ocrx_word' id='word_1_220' title='bbox 838 1330 899 1358; x_wconf 83' lang='lat' dir='ltr'><strong>Filii</strong></span> <span class='ocrx_word' id='word_1_221' title='bbox 922 1337 1049 1366; x_wconf 86' lang='lat' dir='ltr'><strong>nequam,</strong></span> 
     </span>
    </p>
   </div>
   <div class='ocr_carea' id='block_1_30' title="bbox 264 1375 1050 1417">
    <p class='ocr_par' dir='ltr' id='par_1_30' title="bbox 264 1375 1050 1417">
     <span class='ocr_line' id='line_1_30' title="bbox 264 1375 1050 1417; baseline -0.009 -7"><span class='ocrx_word' id='word_1_222' title='bbox 264 1381 405 1417; x_wconf 72' lang='lat' dir='ltr'><strong>generatio</strong></span> <span class='ocrx_word' id='word_1_223' title='bbox 426 1386 506 1414; x_wconf 83' lang='lat' dir='ltr'><strong>prava</strong></span> <span class='ocrx_word' id='word_1_224' title='bbox 520 1383 547 1406; x_wconf 90' lang='lat' dir='ltr'><strong>et</strong></span> <span class='ocrx_word' id='word_1_225' title='bbox 566 1384 703 1413; x_wconf 83' lang='lat' dir='ltr'><strong>perversa,</strong></span> <span class='ocrx_word' id='word_1_226' title='bbox 719 1377 840 1404; x_wconf 80' lang='lat' dir='ltr'><strong>haeccine</strong></span> <span class='ocrx_word' id='word_1_227' title='bbox 858 1375 972 1404; x_wconf 88' lang='lat' dir='ltr'><strong>Domino</strong></span> <span class='ocrx_word' id='word_1_228' title='bbox 987 1376 1050 1403; x_wconf 87' lang='lat' dir='ltr'><strong>red-</strong></span> 
     </span>
    </p>
   </div>
   <div class='ocr_carea' id='block_1_31' title="bbox 260 1421 1050 1460">
    <p class='ocr_par' dir='ltr' id='par_1_31' title="bbox 260 1421 1050 1460">
     <span class='ocr_line' id='line_1_31' title="bbox 260 1421 1050 1460; baseline -0.01 -4"><span class='ocrx_word' id='word_1_229' title='bbox 260 1427 350 1456; x_wconf 79' lang='lat' dir='ltr'><strong>dunt?</strong></span> <span class='ocrx_word' id='word_1_230' title='bbox 369 1425 423 1454; x_wconf 83' lang='lat' dir='ltr'><strong>Iste</strong></span> <span class='ocrx_word' id='word_1_231' title='bbox 449 1425 566 1460; x_wconf 88' lang='lat' dir='ltr'><strong>populus</strong></span> <span class='ocrx_word' id='word_1_232' title='bbox 588 1423 687 1450; x_wconf 88' lang='lat' dir='ltr'><strong>stultus</strong></span> <span class='ocrx_word' id='word_1_233' title='bbox 703 1426 729 1449; x_wconf 89' lang='lat' dir='ltr'><strong>et</strong></span> <span class='ocrx_word' id='word_1_234' title='bbox 744 1422 897 1456; x_wconf 82' lang='lat' dir='ltr'><strong>insipiens;</strong></span> <span class='ocrx_word' id='word_1_235' title='bbox 918 1429 972 1449; x_wconf 91' lang='lat' dir='ltr'><strong>non</strong></span> <span class='ocrx_word' id='word_1_236' title='bbox 992 1421 1050 1456; x_wconf 88' lang='lat' dir='ltr'><strong>ipse</strong></span> 
     </span>
    </p>
   </div>
   <div class='ocr_carea' id='block_1_32' title="bbox 261 1466 1046 1504">
    <p class='ocr_par' dir='ltr' id='par_1_32' title="bbox 261 1466 1046 1504">
     <span class='ocr_line' id='line_1_32' title="bbox 261 1466 1046 1504; baseline -0.009 -4"><span class='ocrx_word' id='word_1_237' title='bbox 261 1473 308 1500; x_wconf 88' lang='lat' dir='ltr'><strong>hie</strong></span> <span class='ocrx_word' id='word_1_238' title='bbox 315 1471 395 1499; x_wconf 83' lang='lat' dir='ltr'><strong>Pater</strong></span> <span class='ocrx_word' id='word_1_239' title='bbox 405 1475 469 1498; x_wconf 85' lang='lat' dir='ltr'><strong>tuus</strong></span> <span class='ocrx_word' id='word_1_240' title='bbox 481 1468 602 1504; x_wconf 84' lang='lat' dir='ltr'><strong>possedit</strong></span> <span class='ocrx_word' id='word_1_241' title='bbox 618 1473 643 1495; x_wconf 88' lang='lat' dir='ltr'><strong>te</strong></span> <span class='ocrx_word' id='word_1_242' title='bbox 657 1472 684 1495; x_wconf 87' lang='lat' dir='ltr'><strong>et</strong></span> <span class='ocrx_word' id='word_1_243' title='bbox 700 1466 763 1494; x_wconf 77' lang='lat' dir='ltr'><strong>fecit</strong></span> <span class='ocrx_word' id='word_1_244' title='bbox 775 1471 801 1494; x_wconf 90' lang='lat' dir='ltr'><strong>et</strong></span> <span class='ocrx_word' id='word_1_245' title='bbox 814 1466 961 1501; x_wconf 83' lang='lat' dir='ltr'><strong>plasmavit</strong></span> <span class='ocrx_word' id='word_1_246' title='bbox 977 1466 1023 1494; x_wconf 83' lang='lat' dir='ltr'><strong>te?</strong></span> <span class='ocrx_word' id='word_1_247' title='bbox 1037 1475 1046 1492; x_wconf 79' lang='grc' dir='ltr'><strong>ι</strong></span> 
     </span>
    </p>
   </div>
   <div class='ocr_carea' id='block_1_33' title="bbox 262 1509 1048 1550">
    <p class='ocr_par' dir='ltr' id='par_1_33' title="bbox 262 1509 1048 1550">
     <span class='ocr_line' id='line_1_33' title="bbox 262 1509 1048 1550; baseline -0.008 -6"><span class='ocrx_word' id='word_1_248' title='bbox 262 1515 339 1544; x_wconf 80' lang='lat' dir='ltr'><strong>Unde</strong></span> <span class='ocrx_word' id='word_1_249' title='bbox 354 1515 426 1550; x_wconf 85' lang='lat' dir='ltr'><strong>juste</strong></span> <span class='ocrx_word' id='word_1_250' title='bbox 443 1513 563 1548; x_wconf 89' lang='lat' dir='ltr'><strong>loquitur</strong></span> <span class='ocrx_word' id='word_1_251' title='bbox 577 1511 648 1539; x_wconf 85' lang='lat' dir='ltr'><strong>Deus</strong></span> <span class='ocrx_word' id='word_1_252' title='bbox 665 1519 674 1540; x_wconf 70' lang='grc' dir='ltr'><strong>ι</strong></span> <span class='ocrx_word' id='word_1_253' title='bbox 693 1520 703 1537; x_wconf 71' lang='grc' dir='ltr'><strong>ι</strong></span> <span class='ocrx_word' id='word_1_254' title='bbox 724 1510 793 1543; x_wconf 81' lang='lat' dir='ltr'><strong>Dixi,</strong></span> <span class='ocrx_word' id='word_1_255' title='bbox 815 1509 972 1545; x_wconf 73' lang='lat' dir='ltr'><strong>Dispergam</strong></span> <span class='ocrx_word' id='word_1_256' title='bbox 989 1517 1048 1543; x_wconf 85' lang='lat' dir='ltr'><strong>eos,</strong></span> 
     </span>
    </p>
   </div>
   <div class='ocr_carea' id='block_1_34' title="bbox 1100 277 1889 314">
    <p class='ocr_par' dir='ltr' id='par_1_34' title="bbox 1100 277 1889 314">
     <span class='ocr_line' id='line_1_34' title="bbox 1100 277 1889 314; baseline -0.004 -8"><span class='ocrx_word' id='word_1_257' title='bbox 1100 278 1229 314; x_wconf 74' lang='grc' dir='ltr'>βασιλεὺς</span> <span class='ocrx_word' id='word_1_258' title='bbox 1250 279 1305 306; x_wconf 83' lang='grc' dir='ltr'>τῶν</span> <span class='ocrx_word' id='word_1_259' title='bbox 1321 279 1459 306; x_wconf 81' lang='grc' dir='ltr'><strong>Ἰουδαίων</strong></span> <span class='ocrx_word' id='word_1_260' title='bbox 1471 300 1477 311; x_wconf 89' lang='grc'><em>,</em></span> <span class='ocrx_word' id='word_1_261' title='bbox 1494 289 1503 306; x_wconf 75' lang='grc' dir='ltr'><strong>ι</strong></span> <span class='ocrx_word' id='word_1_262' title='bbox 1521 279 1589 314; x_wconf 80' lang='grc' dir='ltr'>πρὸς</span> <span class='ocrx_word' id='word_1_263' title='bbox 1612 279 1659 310; x_wconf 84' lang='grc' dir='ltr'>οὓς</span> <span class='ocrx_word' id='word_1_264' title='bbox 1678 277 1889 312; x_wconf 74' lang='grc' dir='ltr'><strong>ἀποτεινόμενος</strong></span> 
     </span>
    </p>
   </div>
   <div class='ocr_carea' id='block_1_35' title="bbox 1105 324 1889 360">
    <p class='ocr_par' dir='ltr' id='par_1_35' title="bbox 1105 324 1889 360">
     <span class='ocr_line' id='line_1_35' title="bbox 1105 324 1889 360; baseline -0.004 -8"><span class='ocrx_word' id='word_1_265' title='bbox 1105 325 1218 357; x_wconf 74' lang='grc' dir='ltr'>Ἡσαΐας</span> <span class='ocrx_word' id='word_1_266' title='bbox 1232 325 1455 360; x_wconf 83' lang='grc' dir='ltr'>πληκτικώτερον</span> <span class='ocrx_word' id='word_1_267' title='bbox 1464 326 1475 342; x_wconf 79' lang='grc'>⁸</span> <span class='ocrx_word' id='word_1_268' title='bbox 1489 325 1558 360; x_wconf 75' lang='grc' dir='ltr'>ἑφη⁶</span> <span class='ocrx_word' id='word_1_269' title='bbox 1572 324 1645 351; x_wconf 82' lang='grc' dir='ltr'>ἰἘν</span> <span class='ocrx_word' id='word_1_270' title='bbox 1653 324 1706 350; x_wconf 86' lang='grc' dir='ltr'>τίνι</span> <span class='ocrx_word' id='word_1_271' title='bbox 1717 324 1889 359; x_wconf 73' lang='grc' dir='ltr'><strong>ἐτρυφήσατε</strong></span> 
     </span>
    </p>
   </div>
   <div class='ocr_carea' id='block_1_36' title="bbox 1099 369 1890 407">
    <p class='ocr_par' dir='ltr' id='par_1_36' title="bbox 1099 369 1890 407">
     <span class='ocr_line' id='line_1_36' title="bbox 1099 369 1890 407; baseline -0.003 -9"><span class='ocrx_word' id='word_1_272' title='bbox 1099 371 1148 398; x_wconf 78' lang='grc' dir='ltr'><strong>καὶ</strong></span> <span class='ocrx_word' id='word_1_273' title='bbox 1173 372 1220 398; x_wconf 69' lang='grc' dir='ltr'>ἐπὶ</span> <span class='ocrx_word' id='word_1_274' title='bbox 1242 372 1303 398; x_wconf 83' lang='grc' dir='ltr'>τίνα</span> <span class='ocrx_word' id='word_1_275' title='bbox 1320 371 1472 407; x_wconf 81' lang='grc' dir='ltr'>ὲχαλάσατε</span> <span class='ocrx_word' id='word_1_276' title='bbox 1492 371 1541 406; x_wconf 80' lang='grc' dir='ltr'>τὴν</span> <span class='ocrx_word' id='word_1_277' title='bbox 1558 370 1686 405; x_wconf 77' lang='grc' dir='ltr'>γλῶσσαν</span> <span class='ocrx_word' id='word_1_278' title='bbox 1701 369 1790 405; x_wconf 84' lang='grc' dir='ltr'>ὑμῶν,</span> <span class='ocrx_word' id='word_1_279' title='bbox 1805 369 1890 396; x_wconf 72' lang='grc' dir='ltr'>τέκνα</span> 
     </span>
    </p>
   </div>
   <div class='ocr_carea' id='block_1_37' title="bbox 1099 415 1890 452">
    <p class='ocr_par' dir='ltr' id='par_1_37' title="bbox 1099 415 1890 452">
     <span class='ocr_line' id='line_1_37' title="bbox 1099 415 1890 452; baseline -0.004 -8"><span class='ocrx_word' id='word_1_280' title='bbox 1099 417 1239 449; x_wconf 76' lang='grc' dir='ltr'><strong>ἀπωλείας</strong></span> <span class='ocrx_word' id='word_1_281' title='bbox 1265 418 1313 444; x_wconf 76' lang='grc' dir='ltr'><strong>καὶ</strong></span> <span class='ocrx_word' id='word_1_282' title='bbox 1338 417 1450 452; x_wconf 80' lang='grc' dir='ltr'>σπέρμα</span> <span class='ocrx_word' id='word_1_283' title='bbox 1475 417 1595 452; x_wconf 76' lang='grc' dir='ltr'>ἄνομον;</span> <span class='ocrx_word' id='word_1_284' title='bbox 1622 426 1631 443; x_wconf 75' lang='grc' dir='ltr'><strong>ι</strong></span> <span class='ocrx_word' id='word_1_285' title='bbox 1659 416 1741 443; x_wconf 80' lang='grc' dir='ltr'>Ὀθεν</span> <span class='ocrx_word' id='word_1_286' title='bbox 1770 415 1851 446; x_wconf 76' lang='grc' dir='ltr'>αὐτὸς</span> <span class='ocrx_word' id='word_1_287' title='bbox 1874 415 1890 441; x_wconf 85' lang='grc'>6</span> 
     </span>
    </p>
   </div>
   <div class='ocr_carea' id='block_1_38' title="bbox 1100 459 1886 500">
    <p class='ocr_par' dir='ltr' id='par_1_38' title="bbox 1100 459 1886 500">
     <span class='ocr_line' id='line_1_38' title="bbox 1100 459 1886 500; baseline -0.004 -10"><span class='ocrx_word' id='word_1_288' title='bbox 1100 463 1203 499; x_wconf 83' lang='grc' dir='ltr'>Κύριος</span> <span class='ocrx_word' id='word_1_289' title='bbox 1213 464 1246 491; x_wconf 81' lang='grc' dir='ltr'><strong>δι’</strong></span> <span class='ocrx_word' id='word_1_290' title='bbox 1263 464 1342 499; x_wconf 69' lang='grc' dir='ltr'><strong>Ὠσηὲ</strong></span> <span class='ocrx_word' id='word_1_291' title='bbox 1353 464 1399 490; x_wconf 84' lang='grc' dir='ltr'>τοῦ</span> <span class='ocrx_word' id='word_1_292' title='bbox 1408 464 1550 500; x_wconf 80' lang='grc' dir='ltr'><strong>προφήτου</strong></span> <span class='ocrx_word' id='word_1_293' title='bbox 1564 462 1779 499; x_wconf 81' lang='grc' dir='ltr'>σχετλιαστικῶς</span> <span class='ocrx_word' id='word_1_294' title='bbox 1785 459 1886 488; x_wconf 61' lang='lat' dir='ltr'><strong>elusit&quot;</strong></span> 
     </span>
    </p>
   </div>
   <div class='ocr_carea' id='block_1_39' title="bbox 1101 506 1888 545">
    <p class='ocr_par' dir='ltr' id='par_1_39' title="bbox 1101 506 1888 545">
     <span class='ocr_line' id='line_1_39' title="bbox 1101 506 1888 545; baseline -0.004 -9"><span class='ocrx_word' id='word_1_295' title='bbox 1101 519 1111 535; x_wconf 77' lang='grc' dir='ltr'><strong>ι</strong></span> <span class='ocrx_word' id='word_1_296' title='bbox 1130 510 1199 536; x_wconf 77' lang='grc' dir='ltr'><strong>Οὐαὶ</strong></span> <span class='ocrx_word' id='word_1_297' title='bbox 1224 510 1328 542; x_wconf 75' lang='grc' dir='ltr'>αὐτοῖς,</span> <span class='ocrx_word' id='word_1_298' title='bbox 1351 510 1393 536; x_wconf 86' lang='grc' dir='ltr'>ὃτι</span> <span class='ocrx_word' id='word_1_299' title='bbox 1415 509 1595 545; x_wconf 81' lang='grc' dir='ltr'>ἀπεπήδησαν</span> <span class='ocrx_word' id='word_1_300' title='bbox 1612 509 1660 535; x_wconf 82' lang='grc' dir='ltr'><strong>ἀπ’</strong></span> <span class='ocrx_word' id='word_1_301' title='bbox 1681 508 1760 544; x_wconf 74' lang='grc' dir='ltr'>ἐμοῦ,</span> <span class='ocrx_word' id='word_1_302' title='bbox 1776 506 1888 534; x_wconf 77' lang='grc' dir='ltr'>δείλαιοι</span> 
     </span>
    </p>
   </div>
   <div class='ocr_carea' id='block_1_40' title="bbox 1099 552 1888 590">
    <p class='ocr_par' dir='ltr' id='par_1_40' title="bbox 1099 552 1888 590">
     <span class='ocr_line' id='line_1_40' title="bbox 1099 552 1888 590; baseline -0.004 -9"><span class='ocrx_word' id='word_1_303' title='bbox 1099 555 1180 587; x_wconf 85' lang='grc' dir='ltr'>εισιν,</span> <span class='ocrx_word' id='word_1_304' title='bbox 1199 555 1241 581; x_wconf 87' lang='grc' dir='ltr'><strong>ὅτι</strong></span> <span class='ocrx_word' id='word_1_305' title='bbox 1260 555 1401 590; x_wconf 69' lang='grc' dir='ltr'>ἠσέϐησαν</span> <span class='ocrx_word' id='word_1_306' title='bbox 1415 555 1456 585; x_wconf 82' lang='grc' dir='ltr'>εἰς</span> <span class='ocrx_word' id='word_1_307' title='bbox 1471 554 1521 589; x_wconf 72' lang='grc' dir='ltr'><strong>ἐμέ</strong></span> <span class='ocrx_word' id='word_1_308' title='bbox 1534 567 1569 574; x_wconf 87' lang='lat'><strong>——-</strong></span> <span class='ocrx_word' id='word_1_309' title='bbox 1579 555 1626 581; x_wconf 77' lang='grc' dir='ltr'>καὶ</span> <span class='ocrx_word' id='word_1_310' title='bbox 1638 553 1747 589; x_wconf 79' lang='grc' dir='ltr'>πονηρὰ</span> <span class='ocrx_word' id='word_1_311' title='bbox 1769 553 1810 585; x_wconf 78' lang='grc' dir='ltr'><strong>είς</strong></span> <span class='ocrx_word' id='word_1_312' title='bbox 1837 552 1888 586; x_wconf 72' lang='grc' dir='ltr'><strong>ἐμὲ</strong></span> 
     </span>
    </p>
   </div>
   <div class='ocr_carea' id='block_1_41' title="bbox 1100 598 1889 635">
    <p class='ocr_par' dir='ltr' id='par_1_41' title="bbox 1100 598 1889 635">
     <span class='ocr_line' id='line_1_41' title="bbox 1100 598 1889 635; baseline -0.004 -8"><span class='ocrx_word' id='word_1_313' title='bbox 1100 601 1267 634; x_wconf 80' lang='grc' dir='ltr'>ἐλογίσαντο.</span> <span class='ocrx_word' id='word_1_314' title='bbox 1281 610 1290 626; x_wconf 75' lang='grc' dir='ltr'><strong>ι</strong></span> <span class='ocrx_word' id='word_1_315' title='bbox 1310 601 1321 617; x_wconf 84' lang='grc'><em>⁸</em></span> <span class='ocrx_word' id='word_1_316' title='bbox 1341 601 1404 628; x_wconf 79' lang='grc' dir='ltr'><strong>«Διὰ</strong></span> <span class='ocrx_word' id='word_1_317' title='bbox 1420 600 1500 627; x_wconf 82' lang='grc' dir='ltr'>τοῦτο</span> <span class='ocrx_word' id='word_1_318' title='bbox 1523 600 1661 635; x_wconf 82' lang='grc' dir='ltr'><strong>κατεπόθη</strong></span> <span class='ocrx_word' id='word_1_319' title='bbox 1678 599 1798 635; x_wconf 77' lang='grc' dir='ltr'>Ἰσραὴλ,</span> <span class='ocrx_word' id='word_1_320' title='bbox 1813 600 1824 615; x_wconf 84' lang='grc'><strong>⁹</strong></span> <span class='ocrx_word' id='word_1_321' title='bbox 1840 598 1889 625; x_wconf 73' lang='grc' dir='ltr'><strong>καὶ</strong></span> 
     </span>
    </p>
   </div>
   <div class='ocr_carea' id='block_1_42' title="bbox 1099 645 1890 681">
    <p class='ocr_par' dir='ltr' id='par_1_42' title="bbox 1099 645 1890 681">
     <span class='ocr_line' id='line_1_42' title="bbox 1099 645 1890 681; baseline 0 -8"><span class='ocrx_word' id='word_1_322' title='bbox 1099 647 1139 678; x_wconf 89' lang='grc' dir='ltr'><strong>είς</strong></span> <span class='ocrx_word' id='word_1_323' title='bbox 1154 647 1229 674; x_wconf 75' lang='grc' dir='ltr'>οὐδὲν</span> <span class='ocrx_word' id='word_1_324' title='bbox 1250 647 1370 681; x_wconf 81' lang='grc' dir='ltr'>ἐγένετο,</span> <span class='ocrx_word' id='word_1_325' title='bbox 1386 647 1433 674; x_wconf 79' lang='grc' dir='ltr'><strong>καὶ</strong></span> <span class='ocrx_word' id='word_1_326' title='bbox 1457 646 1531 673; x_wconf 78' lang='grc' dir='ltr'>ἐστιν</span> <span class='ocrx_word' id='word_1_327' title='bbox 1547 646 1672 681; x_wconf 65' lang='lat' dir='ltr'><strong>dianae&quot;</strong></span> <span class='ocrx_word' id='word_1_328' title='bbox 1690 646 1785 677; x_wconf 79' lang='grc' dir='ltr'>σκεῦος</span> <span class='ocrx_word' id='word_1_329' title='bbox 1805 645 1890 680; x_wconf 67' lang='grc' dir='ltr'><strong>ἄχρη-</strong></span> 
     </span>
    </p>
   </div>
   <div class='ocr_carea' id='block_1_43' title="bbox 1101 689 1889 726">
    <p class='ocr_par' dir='ltr' id='par_1_43' title="bbox 1101 689 1889 726">
     <span class='ocr_line' id='line_1_43' title="bbox 1101 689 1889 726; baseline -0.001 -9"><span class='ocrx_word' id='word_1_330' title='bbox 1101 700 1163 718; x_wconf 85' lang='grc' dir='ltr'>στον</span> <span class='ocrx_word' id='word_1_331' title='bbox 1186 692 1215 718; x_wconf 85' lang='grc' dir='ltr'>ὲν</span> <span class='ocrx_word' id='word_1_332' title='bbox 1243 691 1322 726; x_wconf 75' lang='lat'><strong>291</strong></span> <span class='ocrx_word' id='word_1_333' title='bbox 1338 692 1395 722; x_wconf 66' lang='grc' dir='ltr'>τοῖς</span> <span class='ocrx_word' id='word_1_334' title='bbox 1415 691 1530 718; x_wconf 77' lang='grc' dir='ltr'><strong>ἔθνεσιν.</strong></span> <span class='ocrx_word' id='word_1_335' title='bbox 1551 700 1561 717; x_wconf 71' lang='grc' dir='ltr'><strong>ι</strong></span> <span class='ocrx_word' id='word_1_336' title='bbox 1578 691 1713 725; x_wconf 79' lang='grc' dir='ltr'>(Ὁμοίως</span> <span class='ocrx_word' id='word_1_337' title='bbox 1727 690 1766 725; x_wconf 78' lang='grc' dir='ltr'>δὲ)</span> <span class='ocrx_word' id='word_1_338' title='bbox 1785 689 1832 717; x_wconf 75' lang='grc' dir='ltr'>καὶ</span> <span class='ocrx_word' id='word_1_339' title='bbox 1844 689 1889 716; x_wconf 64' lang='grc' dir='ltr'>διὰ</span> 
     </span>
    </p>
   </div>
   <div class='ocr_carea' id='block_1_44' title="bbox 1106 735 1889 773">
    <p class='ocr_par' dir='ltr' id='par_1_44' title="bbox 1106 735 1889 773">
     <span class='ocr_line' id='line_1_44' title="bbox 1106 735 1889 773; baseline -0.004 -10"><span class='ocrx_word' id='word_1_340' title='bbox 1106 737 1239 773; x_wconf 83' lang='grc' dir='ltr'>Ἱερεμίου</span> <span class='ocrx_word' id='word_1_341' title='bbox 1252 737 1271 752; x_wconf 87' lang='grc'><strong>¹¹</strong></span> <span class='ocrx_word' id='word_1_342' title='bbox 1301 737 1384 772; x_wconf 80' lang='grc' dir='ltr'>φησίν</span> <span class='ocrx_word' id='word_1_343' title='bbox 1397 737 1418 752; x_wconf 80' lang='grc'><strong>¹¹</strong></span> <span class='ocrx_word' id='word_1_344' title='bbox 1432 744 1439 751; x_wconf 92' lang='grc'><strong>·</strong></span> <span class='ocrx_word' id='word_1_345' title='bbox 1457 747 1466 762; x_wconf 78' lang='grc' dir='ltr'><strong>ι</strong></span> <span class='ocrx_word' id='word_1_346' title='bbox 1488 736 1631 764; x_wconf 85' lang='grc' dir='ltr'>Παιδεύσει</span> <span class='ocrx_word' id='word_1_347' title='bbox 1644 744 1673 762; x_wconf 79' lang='grc' dir='ltr'>σε</span> <span class='ocrx_word' id='word_1_348' title='bbox 1696 737 1712 770; x_wconf 84' lang='grc' dir='ltr'>ἡ</span> <span class='ocrx_word' id='word_1_349' title='bbox 1735 735 1889 762; x_wconf 78' lang='grc' dir='ltr'>ἀποστασία</span> 
     </span>
    </p>
   </div>
   <div class='ocr_carea' id='block_1_45' title="bbox 1101 779 1890 818">
    <p class='ocr_par' dir='ltr' id='par_1_45' title="bbox 1101 779 1890 818">
     <span class='ocr_line' id='line_1_45' title="bbox 1101 779 1890 818; baseline -0.005 -9"><span class='ocrx_word' id='word_1_350' title='bbox 1101 792 1159 815; x_wconf 79' lang='grc' dir='ltr'>σου,</span> <span class='ocrx_word' id='word_1_351' title='bbox 1182 783 1230 809; x_wconf 79' lang='grc' dir='ltr'><strong>καὶ</strong></span> <span class='ocrx_word' id='word_1_352' title='bbox 1257 783 1273 818; x_wconf 87' lang='grc' dir='ltr'>ἡ</span> <span class='ocrx_word' id='word_1_353' title='bbox 1299 782 1386 808; x_wconf 84' lang='grc' dir='ltr'>κακία</span> <span class='ocrx_word' id='word_1_354' title='bbox 1411 790 1460 807; x_wconf 86' lang='grc' dir='ltr'><strong>σου</strong></span> <span class='ocrx_word' id='word_1_355' title='bbox 1484 781 1591 816; x_wconf 76' lang='grc' dir='ltr'><strong>ἐλέγξει</strong></span> <span class='ocrx_word' id='word_1_356' title='bbox 1609 789 1650 814; x_wconf 86' lang='grc' dir='ltr'>σε,</span> <span class='ocrx_word' id='word_1_357' title='bbox 1669 781 1716 807; x_wconf 82' lang='grc' dir='ltr'><strong>καὶ</strong></span> <span class='ocrx_word' id='word_1_358' title='bbox 1731 779 1890 815; x_wconf 80' lang='grc' dir='ltr'>γνώσῃ,ὃτι</span> 
     </span>
    </p>
   </div>
   <div class='ocr_carea' id='block_1_46' title="bbox 1100 825 1891 864">
    <p class='ocr_par' dir='ltr' id='par_1_46' title="bbox 1100 825 1891 864">
     <span class='ocr_line' id='line_1_46' title="bbox 1100 825 1891 864; baseline -0.006 -8"><span class='ocrx_word' id='word_1_359' title='bbox 1100 829 1199 864; x_wconf 81' lang='grc' dir='ltr'>πικρόν</span> <span class='ocrx_word' id='word_1_360' title='bbox 1215 837 1256 855; x_wconf 87' lang='grc' dir='ltr'><strong>σοι</strong></span> <span class='ocrx_word' id='word_1_361' title='bbox 1271 828 1313 864; x_wconf 73' lang='grc' dir='ltr'><strong>[τὸ</strong></span> <span class='ocrx_word' id='word_1_362' title='bbox 1325 827 1366 864; x_wconf 80' lang='grc' dir='ltr'><strong>ἐγ]</strong></span> <span class='ocrx_word' id='word_1_363' title='bbox 1386 828 1546 854; x_wconf 78' lang='grc' dir='ltr'><strong>καταλιπεῖν</strong></span> <span class='ocrx_word' id='word_1_364' title='bbox 1576 836 1606 854; x_wconf 87' lang='grc' dir='ltr'><strong>σε</strong></span> <span class='ocrx_word' id='word_1_365' title='bbox 1633 827 1684 861; x_wconf 74' lang='grc' dir='ltr'><strong>ἐμὲ</strong></span> <span class='ocrx_word' id='word_1_366' title='bbox 1700 826 1757 861; x_wconf 82' lang='grc' dir='ltr'><strong>(καὶ</strong></span> <span class='ocrx_word' id='word_1_367' title='bbox 1768 826 1818 853; x_wconf 78' lang='grc' dir='ltr'><strong>οὐκ</strong></span> <span class='ocrx_word' id='word_1_368' title='bbox 1839 825 1891 860; x_wconf 81' lang='grc' dir='ltr'><strong>ηὐ-</strong></span> 
     </span>
    </p>
   </div>
   <div class='ocr_carea' id='block_1_47' title="bbox 1100 870 1890 909">
    <p class='ocr_par' dir='ltr' id='par_1_47' title="bbox 1100 870 1890 909">
     <span class='ocr_line' id='line_1_47' title="bbox 1100 870 1890 909; baseline -0.006 -8"><span class='ocrx_word' id='word_1_369' title='bbox 1100 875 1204 909; x_wconf 77' lang='grc' dir='ltr'>δόκησα</span> <span class='ocrx_word' id='word_1_370' title='bbox 1228 875 1257 901; x_wconf 78' lang='grc' dir='ltr'>ἐν</span> <span class='ocrx_word' id='word_1_371' title='bbox 1280 873 1348 908; x_wconf 85' lang='grc' dir='ltr'>σοί).</span> <span class='ocrx_word' id='word_1_372' title='bbox 1365 883 1374 900; x_wconf 83' lang='grc'>›</span> <span class='ocrx_word' id='word_1_373' title='bbox 1400 873 1429 899; x_wconf 89' lang='lat'><strong>&#39;0</strong></span> <span class='ocrx_word' id='word_1_374' title='bbox 1446 873 1475 900; x_wconf 83' lang='grc' dir='ltr'><em>δέ</em></span> <span class='ocrx_word' id='word_1_375' title='bbox 1490 881 1521 907; x_wconf 89' lang='grc' dir='ltr'>γε</span> <span class='ocrx_word' id='word_1_376' title='bbox 1537 873 1606 904; x_wconf 82' lang='grc' dir='ltr'>θεῖος</span> <span class='ocrx_word' id='word_1_377' title='bbox 1621 871 1714 904; x_wconf 79' lang='grc' dir='ltr'>Δαυῒδ,</span> <span class='ocrx_word' id='word_1_378' title='bbox 1727 871 1821 906; x_wconf 83' lang='grc' dir='ltr'>ὥσπερ</span> <span class='ocrx_word' id='word_1_379' title='bbox 1833 870 1890 897; x_wconf 78' lang='grc' dir='ltr'>διαρ</span> 
     </span>
    </p>
   </div>
   <div class='ocr_carea' id='block_1_48' title="bbox 1103 914 1890 955">
    <p class='ocr_par' dir='ltr' id='par_1_48' title="bbox 1103 914 1890 955">
     <span class='ocr_line' id='line_1_48' title="bbox 1103 914 1890 955; baseline -0.005 -8"><span class='ocrx_word' id='word_1_380' title='bbox 1103 920 1249 955; x_wconf 80' lang='grc' dir='ltr'>πριόμενος</span> <span class='ocrx_word' id='word_1_381' title='bbox 1268 919 1330 946; x_wconf 81' lang='grc' dir='ltr'><strong>καθ’</strong></span> <span class='ocrx_word' id='word_1_382' title='bbox 1353 919 1440 954; x_wconf 85' lang='grc' dir='ltr'>ὑμῶν,</span> <span class='ocrx_word' id='word_1_383' title='bbox 1455 919 1595 954; x_wconf 77' lang='grc' dir='ltr'><strong>ἐπαρᾶται</strong></span> <span class='ocrx_word' id='word_1_384' title='bbox 1610 917 1679 953; x_wconf 74' lang='grc' dir='ltr'>πρὸς</span> <span class='ocrx_word' id='word_1_385' title='bbox 1699 914 1745 945; x_wconf 75' lang='grc' dir='ltr'><strong>τδν</strong></span> <span class='ocrx_word' id='word_1_386' title='bbox 1758 925 1890 952; x_wconf 78' lang='grc' dir='ltr'>παροινη-</span> 
     </span>
    </p>
   </div>
   <div class='ocr_carea' id='block_1_49' title="bbox 1102 963 1892 1001">
    <p class='ocr_par' dir='ltr' id='par_1_49' title="bbox 1102 963 1892 1001">
     <span class='ocr_line' id='line_1_49' title="bbox 1102 963 1892 1001; baseline -0.006 -7"><span class='ocrx_word' id='word_1_387' title='bbox 1102 967 1184 994; x_wconf 72' lang='grc' dir='ltr'>θέντα</span> <span class='ocrx_word' id='word_1_388' title='bbox 1199 966 1301 1001; x_wconf 78' lang='grc' dir='ltr'><strong>Κύριον</strong></span> <span class='ocrx_word' id='word_1_389' title='bbox 1318 965 1436 999; x_wconf 75' lang='grc' dir='ltr'>λέγωνιι</span> <span class='ocrx_word' id='word_1_390' title='bbox 1452 973 1459 981; x_wconf 90' lang='grc'><strong>·</strong></span> <span class='ocrx_word' id='word_1_391' title='bbox 1482 974 1490 990; x_wconf 83' lang='grc' dir='ltr'><strong>ι</strong></span> <span class='ocrx_word' id='word_1_392' title='bbox 1507 964 1733 1000; x_wconf 83' lang='grc' dir='ltr'>Σκοτισθήτωσαν</span> <span class='ocrx_word' id='word_1_393' title='bbox 1747 964 1773 990; x_wconf 82' lang='grc' dir='ltr'>οἱ</span> <span class='ocrx_word' id='word_1_394' title='bbox 1793 963 1892 998; x_wconf 79' lang='grc' dir='ltr'>ὀφθαλ-</span> 
     </span>
    </p>
   </div>
   <div class='ocr_carea' id='block_1_50' title="bbox 1104 1009 1890 1047">
    <p class='ocr_par' dir='ltr' id='par_1_50' title="bbox 1104 1009 1890 1047">
     <span class='ocr_line' id='line_1_50' title="bbox 1104 1009 1890 1047; baseline -0.003 -9"><span class='ocrx_word' id='word_1_395' title='bbox 1104 1013 1149 1047; x_wconf 83' lang='grc' dir='ltr'><strong>μοὶ</strong></span> <span class='ocrx_word' id='word_1_396' title='bbox 1175 1012 1266 1038; x_wconf 79' lang='grc' dir='ltr'>αὐτῶν</span> <span class='ocrx_word' id='word_1_397' title='bbox 1290 1011 1338 1038; x_wconf 83' lang='grc' dir='ltr'><strong>τοῦ</strong></span> <span class='ocrx_word' id='word_1_398' title='bbox 1362 1011 1399 1047; x_wconf 82' lang='grc' dir='ltr'>μὴ</span> <span class='ocrx_word' id='word_1_399' title='bbox 1425 1011 1546 1046; x_wconf 83' lang='grc' dir='ltr'>βλέπειν,</span> <span class='ocrx_word' id='word_1_400' title='bbox 1561 1012 1608 1037; x_wconf 78' lang='grc' dir='ltr'><strong>καὶ</strong></span> <span class='ocrx_word' id='word_1_401' title='bbox 1627 1010 1672 1037; x_wconf 84' lang='grc' dir='ltr'>τὸν</span> <span class='ocrx_word' id='word_1_402' title='bbox 1696 1009 1781 1037; x_wconf 86' lang='grc' dir='ltr'>νῶτον</span> <span class='ocrx_word' id='word_1_403' title='bbox 1801 1009 1890 1036; x_wconf 74' lang='grc' dir='ltr'>αὐτῶν</span> 
     </span>
    </p>
   </div>
   <div class='ocr_carea' id='block_1_51' title="bbox 1101 1056 1891 1092">
    <p class='ocr_par' dir='ltr' id='par_1_51' title="bbox 1101 1056 1891 1092">
     <span class='ocr_line' id='line_1_51' title="bbox 1101 1056 1891 1092; baseline -0.004 -7"><span class='ocrx_word' id='word_1_404' title='bbox 1101 1058 1146 1085; x_wconf 86' lang='grc' dir='ltr'>διὰ</span> <span class='ocrx_word' id='word_1_405' title='bbox 1161 1058 1262 1089; x_wconf 75' lang='grc' dir='ltr'>παντὸς</span> <span class='ocrx_word' id='word_1_406' title='bbox 1277 1057 1457 1092; x_wconf 77' lang='grc' dir='ltr'>σύγκαμψον·</span> <span class='ocrx_word' id='word_1_407' title='bbox 1473 1058 1568 1092; x_wconf 76' lang='grc' dir='ltr'>ἔκχεον</span> <span class='ocrx_word' id='word_1_408' title='bbox 1583 1057 1734 1088; x_wconf 81' lang='grc' dir='ltr'>ὲπ¹αὐτοὺς</span> <span class='ocrx_word' id='word_1_409' title='bbox 1746 1056 1795 1092; x_wconf 82' lang='grc' dir='ltr'>τὴν</span> <span class='ocrx_word' id='word_1_410' title='bbox 1805 1056 1891 1091; x_wconf 75' lang='grc' dir='ltr'>ὀργήν</span> 
     </span>
    </p>
   </div>
   <div class='ocr_carea' id='block_1_52' title="bbox 1103 1101 1890 1138">
    <p class='ocr_par' dir='ltr' id='par_1_52' title="bbox 1103 1101 1890 1138">
     <span class='ocr_line' id='line_1_52' title="bbox 1103 1101 1890 1138; baseline -0.004 -8"><span class='ocrx_word' id='word_1_411' title='bbox 1103 1111 1161 1136; x_wconf 85' lang='grc' dir='ltr'>σου,</span> <span class='ocrx_word' id='word_1_412' title='bbox 1178 1103 1226 1130; x_wconf 80' lang='grc' dir='ltr'><strong>καὶ</strong></span> <span class='ocrx_word' id='word_1_413' title='bbox 1235 1103 1249 1128; x_wconf 85' lang='grc' dir='ltr'><strong>ό</strong></span> <span class='ocrx_word' id='word_1_414' title='bbox 1259 1103 1345 1138; x_wconf 77' lang='grc' dir='ltr'>Θυμὸς</span> <span class='ocrx_word' id='word_1_415' title='bbox 1359 1103 1408 1136; x_wconf 86' lang='grc' dir='ltr'>τῆς</span> <span class='ocrx_word' id='word_1_416' title='bbox 1420 1102 1505 1138; x_wconf 81' lang='grc' dir='ltr'>ὀργῆς</span> <span class='ocrx_word' id='word_1_417' title='bbox 1522 1110 1569 1128; x_wconf 83' lang='grc' dir='ltr'><strong>σου</strong></span> <span class='ocrx_word' id='word_1_418' title='bbox 1583 1101 1763 1129; x_wconf 71' lang='grc' dir='ltr'>καταλάϐοιιδ</span> <span class='ocrx_word' id='word_1_419' title='bbox 1774 1101 1890 1131; x_wconf 77' lang='grc' dir='ltr'>αὐτούς·</span> 
     </span>
    </p>
   </div>
   <div class='ocr_carea' id='block_1_53' title="bbox 1102 1147 1892 1186">
    <p class='ocr_par' dir='ltr' id='par_1_53' title="bbox 1102 1147 1892 1186">
     <span class='ocr_line' id='line_1_53' title="bbox 1102 1147 1892 1186; baseline -0.004 -10"><span class='ocrx_word' id='word_1_420' title='bbox 1102 1150 1171 1186; x_wconf 79' lang='grc' dir='ltr'><strong>(καὶ)</strong></span> <span class='ocrx_word' id='word_1_421' title='bbox 1185 1149 1304 1184; x_wconf 80' lang='grc' dir='ltr'><strong>πρόσθες</strong></span> <span class='ocrx_word' id='word_1_422' title='bbox 1315 1149 1430 1184; x_wconf 79' lang='grc' dir='ltr'>ἀνομίαν</span> <span class='ocrx_word' id='word_1_423' title='bbox 1442 1149 1488 1175; x_wconf 73' lang='grc' dir='ltr'><strong>ἐπὶ</strong></span> <span class='ocrx_word' id='word_1_424' title='bbox 1502 1147 1551 1183; x_wconf 85' lang='grc' dir='ltr'>τὴν</span> <span class='ocrx_word' id='word_1_425' title='bbox 1563 1147 1679 1182; x_wconf 79' lang='grc' dir='ltr'>ἀνομίαν</span> <span class='ocrx_word' id='word_1_426' title='bbox 1691 1148 1712 1164; x_wconf 79' lang='grc'><strong>³³</strong></span> <span class='ocrx_word' id='word_1_427' title='bbox 1729 1147 1832 1180; x_wconf 81' lang='grc' dir='ltr'>αὐτῶν,</span> <span class='ocrx_word' id='word_1_428' title='bbox 1843 1147 1892 1173; x_wconf 73' lang='grc' dir='ltr'><strong>καὶ</strong></span> 
     </span>
    </p>
   </div>
   <div class='ocr_carea' id='block_1_54' title="bbox 1103 1193 1893 1230">
    <p class='ocr_par' dir='ltr' id='par_1_54' title="bbox 1103 1193 1893 1230">
     <span class='ocr_line' id='line_1_54' title="bbox 1103 1193 1893 1230; baseline -0.003 -9"><span class='ocrx_word' id='word_1_429' title='bbox 1103 1196 1141 1230; x_wconf 86' lang='grc' dir='ltr'>μὴ</span> <span class='ocrx_word' id='word_1_430' title='bbox 1165 1195 1362 1221; x_wconf 82' lang='grc' dir='ltr'>είσελθέτωσαν</span> <span class='ocrx_word' id='word_1_431' title='bbox 1379 1195 1408 1220; x_wconf 79' lang='grc' dir='ltr'>ἐν</span> <span class='ocrx_word' id='word_1_432' title='bbox 1424 1194 1583 1230; x_wconf 80' lang='grc' dir='ltr'>δικαιοσύνῃ</span> <span class='ocrx_word' id='word_1_433' title='bbox 1608 1203 1654 1220; x_wconf 86' lang='grc' dir='ltr'><strong>σου</strong></span> <span class='ocrx_word' id='word_1_434' title='bbox 1665 1201 1672 1208; x_wconf 92' lang='grc'><em>”</em></span> <span class='ocrx_word' id='word_1_435' title='bbox 1690 1193 1893 1228; x_wconf 72' lang='grc' dir='ltr'>ὲξαλιιφθήτωο</span> 
     </span>
    </p>
   </div>
   <div class='ocr_carea' id='block_1_55' title="bbox 1102 1239 1890 1276">
    <p class='ocr_par' dir='ltr' id='par_1_55' title="bbox 1102 1239 1890 1276">
     <span class='ocr_line' id='line_1_55' title="bbox 1102 1239 1890 1276; baseline -0.003 -8"><span class='ocrx_word' id='word_1_436' title='bbox 1102 1249 1153 1268; x_wconf 84' lang='grc' dir='ltr'><strong>σαν</strong></span> <span class='ocrx_word' id='word_1_437' title='bbox 1166 1241 1199 1267; x_wconf 72' lang='grc' dir='ltr'><strong>ἐκ</strong></span> <span class='ocrx_word' id='word_1_438' title='bbox 1211 1240 1303 1276; x_wconf 74' lang='grc' dir='ltr'>βίϐλου</span> <span class='ocrx_word' id='word_1_439' title='bbox 1321 1239 1440 1272; x_wconf 78' lang='grc' dir='ltr'>ζώντων,</span> <span class='ocrx_word' id='word_1_440' title='bbox 1454 1241 1500 1266; x_wconf 77' lang='grc' dir='ltr'><strong>καὶ</strong></span> <span class='ocrx_word' id='word_1_441' title='bbox 1518 1240 1589 1275; x_wconf 83' lang='grc' dir='ltr'>μετὰ</span> <span class='ocrx_word' id='word_1_442' title='bbox 1604 1239 1717 1267; x_wconf 76' lang='grc' dir='ltr'>δικαίων</span> <span class='ocrx_word' id='word_1_443' title='bbox 1733 1240 1769 1275; x_wconf 82' lang='grc' dir='ltr'>μὴ</span> <span class='ocrx_word' id='word_1_444' title='bbox 1782 1240 1890 1274; x_wconf 76' lang='grc' dir='ltr'>γραφή-</span> 
     </span>
    </p>
   </div>
   <div class='ocr_carea' id='block_1_56' title="bbox 1101 1286 1890 1322">
    <p class='ocr_par' dir='ltr' id='par_1_56' title="bbox 1101 1286 1890 1322">
     <span class='ocr_line' id='line_1_56' title="bbox 1101 1286 1890 1322; baseline -0.001 -9"><span class='ocrx_word' id='word_1_445' title='bbox 1101 1294 1211 1313; x_wconf 84' lang='grc' dir='ltr'>τωσαν’</span> <span class='ocrx_word' id='word_1_446' title='bbox 1239 1295 1248 1312; x_wconf 77' lang='grc' dir='ltr'><strong>ι</strong></span> <span class='ocrx_word' id='word_1_447' title='bbox 1283 1286 1379 1312; x_wconf 78' lang='grc' dir='ltr'><strong>καί¹⁶·</strong></span> <span class='ocrx_word' id='word_1_448' title='bbox 1412 1295 1421 1311; x_wconf 83' lang='grc' dir='ltr'><strong>ι</strong></span> <span class='ocrx_word' id='word_1_449' title='bbox 1449 1286 1650 1322; x_wconf 79' lang='grc' dir='ltr'>Διασκόρπισον</span> <span class='ocrx_word' id='word_1_450' title='bbox 1677 1287 1774 1318; x_wconf 78' lang='grc' dir='ltr'>αὐτοὺς</span> <span class='ocrx_word' id='word_1_451' title='bbox 1801 1287 1830 1312; x_wconf 83' lang='grc' dir='ltr'>ὲν</span> <span class='ocrx_word' id='word_1_452' title='bbox 1856 1286 1890 1320; x_wconf 80' lang='grc' dir='ltr'>τῇ</span> 
     </span>
    </p>
   </div>
   <div class='ocr_carea' id='block_1_57' title="bbox 1101 1332 1891 1368">
    <p class='ocr_par' dir='ltr' id='par_1_57' title="bbox 1101 1332 1891 1368">
     <span class='ocr_line' id='line_1_57' title="bbox 1101 1332 1891 1368; baseline -0.003 -8"><span class='ocrx_word' id='word_1_453' title='bbox 1101 1332 1260 1368; x_wconf 84' lang='grc' dir='ltr'><strong>δικαιοσύνῃ</strong></span> <span class='ocrx_word' id='word_1_454' title='bbox 1269 1341 1316 1359; x_wconf 83' lang='grc' dir='ltr'><strong>σου</strong></span> <span class='ocrx_word' id='word_1_455' title='bbox 1327 1333 1374 1359; x_wconf 78' lang='grc' dir='ltr'><strong>καὶ</strong></span> <span class='ocrx_word' id='word_1_456' title='bbox 1386 1333 1524 1359; x_wconf 72' lang='grc' dir='ltr'>κατάόαλε</span> <span class='ocrx_word' id='word_1_457' title='bbox 1539 1333 1670 1365; x_wconf 82' lang='grc' dir='ltr'>αὑτοὺς,ὀ</span> <span class='ocrx_word' id='word_1_458' title='bbox 1682 1333 1733 1359; x_wconf 83' lang='grc' dir='ltr'>ὺπε</span> <span class='ocrx_word' id='word_1_459' title='bbox 1739 1333 1891 1367; x_wconf 81' lang='grc' dir='ltr'>ρασπιστής</span> 
     </span>
    </p>
   </div>
   <div class='ocr_carea' id='block_1_58' title="bbox 1102 1379 1891 1415">
    <p class='ocr_par' dir='ltr' id='par_1_58' title="bbox 1102 1379 1891 1415">
     <span class='ocr_line' id='line_1_58' title="bbox 1102 1379 1891 1415; baseline -0.001 -9"><span class='ocrx_word' id='word_1_460' title='bbox 1102 1388 1164 1415; x_wconf 83' lang='grc' dir='ltr'>μου,</span> <span class='ocrx_word' id='word_1_461' title='bbox 1179 1379 1276 1414; x_wconf 80' lang='grc' dir='ltr'>Κύριε.</span> <span class='ocrx_word' id='word_1_462' title='bbox 1293 1388 1302 1405; x_wconf 72' lang='grc' dir='ltr'><strong>ι</strong></span> <span class='ocrx_word' id='word_1_463' title='bbox 1319 1394 1354 1400; x_wconf 92' lang='grc'><strong><em>-</em></strong></span> <span class='ocrx_word' id='word_1_464' title='bbox 1372 1388 1381 1404; x_wconf 82' lang='grc' dir='ltr'><strong>ι</strong></span> <span class='ocrx_word' id='word_1_465' title='bbox 1393 1379 1447 1405; x_wconf 76' lang='grc' dir='ltr'><strong>Καὶ</strong></span> <span class='ocrx_word' id='word_1_466' title='bbox 1462 1379 1692 1414; x_wconf 72' lang='grc' dir='ltr'>συλληφθήτωσαν</span> <span class='ocrx_word' id='word_1_467' title='bbox 1703 1380 1732 1405; x_wconf 75' lang='grc' dir='ltr'><strong>ἐν</strong></span> <span class='ocrx_word' id='word_1_468' title='bbox 1743 1380 1774 1414; x_wconf 80' lang='grc' dir='ltr'>τῇ</span> <span class='ocrx_word' id='word_1_469' title='bbox 1788 1379 1891 1413; x_wconf 82' lang='grc' dir='ltr'>ὑπερη-</span> 
     </span>
    </p>
   </div>
   <div class='ocr_carea' id='block_1_59' title="bbox 1101 1424 1892 1461">
    <p class='ocr_par' dir='ltr' id='par_1_59' title="bbox 1101 1424 1892 1461">
     <span class='ocr_line' id='line_1_59' title="bbox 1101 1424 1892 1461; baseline -0.001 -10"><span class='ocrx_word' id='word_1_470' title='bbox 1101 1425 1185 1461; x_wconf 79' lang='grc' dir='ltr'>φανίᾳ</span> <span class='ocrx_word' id='word_1_471' title='bbox 1200 1425 1291 1452; x_wconf 78' lang='grc' dir='ltr'>αὐτῶν</span> <span class='ocrx_word' id='word_1_472' title='bbox 1304 1440 1338 1445; x_wconf 92' lang='grc'><strong>-</strong></span> <span class='ocrx_word' id='word_1_473' title='bbox 1347 1425 1375 1451; x_wconf 79' lang='grc' dir='ltr'>ἐν</span> <span class='ocrx_word' id='word_1_474' title='bbox 1390 1425 1459 1460; x_wconf 83' lang='grc' dir='ltr'>ὀργῇ</span> <span class='ocrx_word' id='word_1_475' title='bbox 1477 1424 1644 1457; x_wconf 82' lang='grc' dir='ltr'><strong>συντελείας,</strong></span> <span class='ocrx_word' id='word_1_476' title='bbox 1653 1425 1700 1451; x_wconf 76' lang='grc' dir='ltr'><strong>καὶ</strong></span> <span class='ocrx_word' id='word_1_477' title='bbox 1710 1425 1739 1451; x_wconf 81' lang='grc' dir='ltr'>οὺ</span> <span class='ocrx_word' id='word_1_478' title='bbox 1753 1424 1791 1460; x_wconf 82' lang='grc' dir='ltr'>μὴ</span> <span class='ocrx_word' id='word_1_479' title='bbox 1803 1424 1892 1459; x_wconf 77' lang='grc' dir='ltr'>ὑπάρ‹</span> 
     </span>
    </p>
   </div>
   <div class='ocr_carea' id='block_1_60' title="bbox 1100 1469 1890 1505">
    <p class='ocr_par' dir='ltr' id='par_1_60' title="bbox 1100 1469 1890 1505">
     <span class='ocr_line' id='line_1_60' title="bbox 1100 1469 1890 1505; baseline -0.003 -8"><span class='ocrx_word' id='word_1_480' title='bbox 1100 1471 1189 1504; x_wconf 80' lang='grc' dir='ltr'>ξουσι,</span> <span class='ocrx_word' id='word_1_481' title='bbox 1206 1471 1252 1498; x_wconf 80' lang='grc' dir='ltr'><strong>καὶ</strong></span> <span class='ocrx_word' id='word_1_482' title='bbox 1269 1469 1435 1505; x_wconf 82' lang='grc' dir='ltr'>γνώσονται,</span> <span class='ocrx_word' id='word_1_483' title='bbox 1452 1470 1494 1496; x_wconf 84' lang='grc' dir='ltr'><strong>ὅτι</strong></span> <span class='ocrx_word' id='word_1_484' title='bbox 1519 1470 1533 1496; x_wconf 82' lang='grc' dir='ltr'><strong>ό</strong></span> <span class='ocrx_word' id='word_1_485' title='bbox 1552 1469 1617 1501; x_wconf 83' lang='grc' dir='ltr'><strong>Θεὸς</strong></span> <span class='ocrx_word' id='word_1_486' title='bbox 1629 1469 1754 1501; x_wconf 70' lang='grc' dir='ltr'>δεσπόςει</span> <span class='ocrx_word' id='word_1_487' title='bbox 1768 1469 1815 1496; x_wconf 83' lang='grc' dir='ltr'><strong>τοῦ</strong></span> <span class='ocrx_word' id='word_1_488' title='bbox 1836 1469 1890 1495; x_wconf 87' lang='grc' dir='ltr'><strong>Ία-</strong></span> 
     </span>
    </p>
   </div>
   <div class='ocr_carea' id='block_1_61' title="bbox 1105 1513 1891 1552">
    <p class='ocr_par' dir='ltr' id='par_1_61' title="bbox 1105 1513 1891 1552">
     <span class='ocr_line' id='line_1_61' title="bbox 1105 1513 1891 1552; baseline -0.003 -9"><span class='ocrx_word' id='word_1_489' title='bbox 1105 1517 1163 1544; x_wconf 80' lang='grc' dir='ltr'><strong>κὼσ</strong></span> <span class='ocrx_word' id='word_1_490' title='bbox 1181 1518 1229 1544; x_wconf 80' lang='grc' dir='ltr'>καὶ</span> <span class='ocrx_word' id='word_1_491' title='bbox 1244 1516 1299 1543; x_wconf 82' lang='grc' dir='ltr'>τῶν</span> <span class='ocrx_word' id='word_1_492' title='bbox 1316 1516 1442 1552; x_wconf 76' lang='grc' dir='ltr'>περάτων</span> <span class='ocrx_word' id='word_1_493' title='bbox 1470 1516 1519 1551; x_wconf 77' lang='grc' dir='ltr'>τῆς</span> <span class='ocrx_word' id='word_1_494' title='bbox 1544 1516 1610 1550; x_wconf 75' lang='grc' dir='ltr'>γῆς·</span> <span class='ocrx_word' id='word_1_495' title='bbox 1627 1524 1637 1542; x_wconf 71' lang='grc' dir='ltr'><strong>ι</strong></span> <span class='ocrx_word' id='word_1_496' title='bbox 1655 1515 1697 1549; x_wconf 78' lang='grc' dir='ltr'><strong>ἐφ’</strong></span> <span class='ocrx_word' id='word_1_497' title='bbox 1716 1513 1733 1552; x_wconf 76' lang='grc' dir='ltr'><strong>ᾗ</strong></span> <span class='ocrx_word' id='word_1_498' title='bbox 1755 1514 1891 1550; x_wconf 76' lang='grc' dir='ltr'>δήπουθεν</span> 
     </span>
    </p>
   </div>
   <div class='ocr_carea' id='block_1_62' title="bbox 261 1555 1048 1601">
    <p class='ocr_par' dir='ltr' id='par_1_62' title="bbox 261 1555 1046 1590">
     <span class='ocr_line' id='line_1_62' title="bbox 261 1555 1046 1590; baseline -0.01 0"><span class='ocrx_word' id='word_1_499' title='bbox 261 1567 369 1590; x_wconf 81' lang='lat' dir='ltr'><strong>cessare</strong></span> <span class='ocrx_word' id='word_1_500' title='bbox 387 1559 485 1587; x_wconf 81' lang='lat' dir='ltr'><strong>faciam</strong></span> <span class='ocrx_word' id='word_1_501' title='bbox 502 1557 536 1585; x_wconf 86' lang='lat' dir='ltr'><strong>ab</strong></span> <span class='ocrx_word' id='word_1_502' title='bbox 554 1556 713 1584; x_wconf 85' lang='lat' dir='ltr'><strong>hominibus</strong></span> <span class='ocrx_word' id='word_1_503' title='bbox 726 1555 886 1584; x_wconf 86' lang='lat' dir='ltr'><strong>memoriam</strong></span> <span class='ocrx_word' id='word_1_504' title='bbox 907 1563 1016 1583; x_wconf 89' lang='lat' dir='ltr'><strong>eorum.</strong></span> <span class='ocrx_word' id='word_1_505' title='bbox 1036 1565 1046 1582; x_wconf 71' lang='grc' dir='ltr'><strong>ι</strong></span> 
     </span>
    </p>
   </div>
   <div class='ocr_carea' id='block_1_63' title="bbox 1101 1555 1889 1601">
    <p class='ocr_par' dir='ltr' id='par_1_63' title="bbox 1102 1560 1889 1598">
     <span class='ocr_line' id='line_1_63' title="bbox 1102 1560 1889 1598; baseline -0.004 -9"><span class='ocrx_word' id='word_1_506' title='bbox 1102 1563 1170 1598; x_wconf 78' lang='grc' dir='ltr'><strong>(καὶ)</strong></span> <span class='ocrx_word' id='word_1_507' title='bbox 1195 1562 1391 1597; x_wconf 78' lang='grc' dir='ltr'>διασπαρέντες</span> <span class='ocrx_word' id='word_1_508' title='bbox 1407 1561 1519 1593; x_wconf 76' lang='grc' dir='ltr'>ἐνδίκως</span> <span class='ocrx_word' id='word_1_509' title='bbox 1534 1560 1734 1595; x_wconf 75' lang='grc' dir='ltr'>ἐπιγνώσονται</span> <span class='ocrx_word' id='word_1_510' title='bbox 1762 1561 1889 1593; x_wconf 75' lang='grc' dir='ltr'>πάντως,</span> 
     </span>
    </p>
   </div>
   <div class='ocr_carea' id='block_1_64' title="bbox 263 1601 1050 1636">
    <p class='ocr_par' dir='ltr' id='par_1_64' title="bbox 263 1601 1050 1636">
     <span class='ocr_line' id='line_1_64' title="bbox 263 1601 1050 1636; baseline -0.009 -1"><span class='ocrx_word' id='word_1_511' title='bbox 263 1606 456 1635; x_wconf 81' lang='lat' dir='ltr'><strong>Verumtamen</strong></span> <span class='ocrx_word' id='word_1_512' title='bbox 485 1603 604 1636; x_wconf 83' lang='lat' dir='ltr'><strong>inclytus</strong></span> <span class='ocrx_word' id='word_1_513' title='bbox 627 1601 761 1629; x_wconf 79' lang='lat' dir='ltr'><strong>Jeremias</strong></span> <span class='ocrx_word' id='word_1_514' title='bbox 795 1601 896 1629; x_wconf 86' lang='lat' dir='ltr'><strong>clarius</strong></span> <span class='ocrx_word' id='word_1_515' title='bbox 926 1601 1050 1629; x_wconf 81' lang='lat' dir='ltr'><strong>indicans</strong></span> 
     </span>
    </p>
   </div>
   <div class='ocr_carea' id='block_1_65' title="bbox 261 1646 1049 1687">
    <p class='ocr_par' dir='ltr' id='par_1_65' title="bbox 261 1646 1049 1687">
     <span class='ocr_line' id='line_1_65' title="bbox 261 1646 1049 1687; baseline -0.006 -9"><span class='ocrx_word' id='word_1_516' title='bbox 261 1651 324 1687; x_wconf 86' lang='lat' dir='ltr'><strong>quis</strong></span> <span class='ocrx_word' id='word_1_517' title='bbox 350 1658 364 1677; x_wconf 84' lang='lat' dir='ltr'><strong>a</strong></span> <span class='ocrx_word' id='word_1_518' title='bbox 387 1649 463 1677; x_wconf 84' lang='lat' dir='ltr'><strong>vobis</strong></span> <span class='ocrx_word' id='word_1_519' title='bbox 488 1647 545 1675; x_wconf 66' lang='lat' dir='ltr'><strong>bene</strong></span> <span class='ocrx_word' id='word_1_520' title='bbox 576 1654 675 1682; x_wconf 86' lang='lat' dir='ltr'><strong>passus</strong></span> <span class='ocrx_word' id='word_1_521' title='bbox 685 1646 737 1680; x_wconf 88' lang='lat' dir='ltr'><strong>sit,</strong></span> <span class='ocrx_word' id='word_1_522' title='bbox 766 1646 900 1674; x_wconf 83' lang='lat' dir='ltr'><strong>exclamat</strong></span> <span class='ocrx_word' id='word_1_523' title='bbox 924 1646 1019 1675; x_wconf 86' lang='lat' dir='ltr'><strong>dicens</strong></span> <span class='ocrx_word' id='word_1_524' title='bbox 1042 1655 1049 1673; x_wconf 89' lang='lat'><strong>:</strong></span> 
     </span>
    </p>
   </div>
   <div class='ocr_carea' id='block_1_66' title="bbox 264 1692 1050 1732">
    <p class='ocr_par' dir='ltr' id='par_1_66' title="bbox 264 1692 1050 1732">
     <span class='ocr_line' id='line_1_66' title="bbox 264 1692 1050 1732; baseline -0.005 -8"><span class='ocrx_word' id='word_1_525' title='bbox 264 1708 275 1724; x_wconf 76' lang='grc' dir='ltr'><strong>ο</strong></span> <span class='ocrx_word' id='word_1_526' title='bbox 295 1696 414 1732; x_wconf 82' lang='lat' dir='ltr'><strong>Spiritus</strong></span> <span class='ocrx_word' id='word_1_527' title='bbox 429 1698 491 1722; x_wconf 84' lang='lat' dir='ltr'><strong>ante</strong></span> <span class='ocrx_word' id='word_1_528' title='bbox 507 1693 604 1720; x_wconf 79' lang='lat' dir='ltr'><strong>facient</strong></span> <span class='ocrx_word' id='word_1_529' title='bbox 623 1696 753 1724; x_wconf 82' lang='lat' dir='ltr'><strong>vestram,</strong></span> <span class='ocrx_word' id='word_1_530' title='bbox 770 1692 896 1720; x_wconf 87' lang='lat' dir='ltr'><strong>Christus</strong></span> <span class='ocrx_word' id='word_1_531' title='bbox 917 1692 1050 1721; x_wconf 91' lang='lat' dir='ltr'><strong>Dominus</strong></span> 
     </span>
    </p>
   </div>
   <div class='ocr_carea' id='block_1_67' title="bbox 263 1737 1049 1776">
    <p class='ocr_par' dir='ltr' id='par_1_67' title="bbox 263 1737 1049 1776">
     <span class='ocr_line' id='line_1_67' title="bbox 263 1737 1049 1776; baseline -0.01 -7"><span class='ocrx_word' id='word_1_532' title='bbox 263 1748 361 1776; x_wconf 83' lang='lat' dir='ltr'><strong>captus</strong></span> <span class='ocrx_word' id='word_1_533' title='bbox 371 1745 414 1768; x_wconf 83' lang='lat' dir='ltr'><strong>est</strong></span> <span class='ocrx_word' id='word_1_534' title='bbox 429 1740 457 1766; x_wconf 89' lang='lat' dir='ltr'><strong>in</strong></span> <span class='ocrx_word' id='word_1_535' title='bbox 473 1738 596 1774; x_wconf 85' lang='lat' dir='ltr'><strong>peccatis</strong></span> <span class='ocrx_word' id='word_1_536' title='bbox 612 1737 722 1768; x_wconf 84' lang='lat' dir='ltr'><strong>vestris,</strong></span> <span class='ocrx_word' id='word_1_537' title='bbox 745 1737 778 1764; x_wconf 87' lang='lat' dir='ltr'><strong>de</strong></span> <span class='ocrx_word' id='word_1_538' title='bbox 792 1744 846 1772; x_wconf 86' lang='lat' dir='ltr'><strong>quo</strong></span> <span class='ocrx_word' id='word_1_539' title='bbox 859 1737 978 1766; x_wconf 78' lang='lat' dir='ltr'><strong>diximus</strong></span> <span class='ocrx_word' id='word_1_540' title='bbox 992 1747 999 1766; x_wconf 85' lang='lat'><strong>:</strong></span> <span class='ocrx_word' id='word_1_541' title='bbox 1020 1739 1049 1764; x_wconf 90' lang='lat' dir='ltr'><strong>In</strong></span> 
     </span>
    </p>
   </div>
   <div class='ocr_carea' id='block_1_68' title="bbox 262 1782 1049 1820">
    <p class='ocr_par' dir='ltr' id='par_1_68' title="bbox 262 1782 1049 1820">
     <span class='ocr_line' id='line_1_68' title="bbox 262 1782 1049 1820; baseline -0.005 -4"><span class='ocrx_word' id='word_1_542' title='bbox 262 1787 361 1816; x_wconf 86' lang='lat' dir='ltr'><strong>umhra</strong></span> <span class='ocrx_word' id='word_1_543' title='bbox 390 1786 450 1820; x_wconf 82' lang='lat' dir='ltr'><strong>ejus</strong></span> <span class='ocrx_word' id='word_1_544' title='bbox 474 1785 609 1812; x_wconf 82' lang='lat' dir='ltr'><strong>vivemus.</strong></span> <span class='ocrx_word' id='word_1_545' title='bbox 628 1792 637 1809; x_wconf 84' lang='lat' dir='ltr'><strong>I</strong></span> <span class='ocrx_word' id='word_1_546' title='bbox 673 1782 750 1809; x_wconf 86' lang='lat' dir='ltr'><strong>Talia</strong></span> <span class='ocrx_word' id='word_1_547' title='bbox 781 1783 890 1817; x_wconf 88' lang='lat' dir='ltr'><strong>quidem</strong></span> <span class='ocrx_word' id='word_1_548' title='bbox 921 1784 1049 1812; x_wconf 89' lang='lat' dir='ltr'><strong>Salomon</strong></span> 
     </span>
    </p>
   </div>
   <div class='ocr_carea' id='block_1_69' title="bbox 263 1827 1048 1866">
    <p class='ocr_par' dir='ltr' id='par_1_69' title="bbox 263 1827 1048 1866">
     <span class='ocr_line' id='line_1_69' title="bbox 263 1827 1048 1866; baseline -0.005 -6"><span class='ocrx_word' id='word_1_549' title='bbox 263 1839 361 1860; x_wconf 82' lang='lat' dir='ltr'><strong>rursus</strong></span> <span class='ocrx_word' id='word_1_550' title='bbox 381 1837 526 1866; x_wconf 85' lang='lat' dir='ltr'><strong>personam</strong></span> <span class='ocrx_word' id='word_1_551' title='bbox 546 1832 675 1860; x_wconf 84' lang='lat' dir='ltr'><strong>vestram,</strong></span> <span class='ocrx_word' id='word_1_552' title='bbox 691 1827 738 1862; x_wconf 85' lang='lat' dir='ltr'><strong>qui</strong></span> <span class='ocrx_word' id='word_1_553' title='bbox 755 1835 781 1854; x_wconf 85' lang='lat' dir='ltr'><strong>In</strong></span> <span class='ocrx_word' id='word_1_554' title='bbox 798 1828 880 1855; x_wconf 84' lang='lat' dir='ltr'><strong>Deum</strong></span> <span class='ocrx_word' id='word_1_555' title='bbox 894 1828 1048 1863; x_wconf 77' lang='lat' dir='ltr'><strong>luctamini,</strong></span> 
     </span>
    </p>
   </div>
   <div class='ocr_carea' id='block_1_70' title="bbox 262 1873 1051 1906">
    <p class='ocr_par' dir='ltr' id='par_1_70' title="bbox 262 1873 1051 1906">
     <span class='ocr_line' id='line_1_70' title="bbox 262 1873 1051 1906; baseline 0 -2"><span class='ocrx_word' id='word_1_556' title='bbox 262 1883 408 1905; x_wconf 84' lang='lat' dir='ltr'><strong>assumens</strong></span> <span class='ocrx_word' id='word_1_557' title='bbox 426 1874 555 1904; x_wconf 89' lang='lat' dir='ltr'><strong>distincte</strong></span> <span class='ocrx_word' id='word_1_558' title='bbox 570 1873 748 1906; x_wconf 86' lang='lat' dir='ltr'><strong>vaticinatur,</strong></span> <span class='ocrx_word' id='word_1_559' title='bbox 769 1873 866 1901; x_wconf 85' lang='lat' dir='ltr'><strong>dicens</strong></span> <span class='ocrx_word' id='word_1_560' title='bbox 881 1881 889 1901; x_wconf 74' lang='grc' dir='ltr'><strong>ι</strong></span> <span class='ocrx_word' id='word_1_561' title='bbox 909 1883 918 1900; x_wconf 86' lang='grc' dir='ltr'><strong>ι</strong></span> <span class='ocrx_word' id='word_1_562' title='bbox 935 1873 1051 1904; x_wconf 87' lang='lat' dir='ltr'><strong>lnsidie-</strong></span> 
     </span>
    </p>
   </div>
   <div class='ocr_carea' id='block_1_71' title="bbox 262 1920 1050 1958">
    <p class='ocr_par' dir='ltr' id='par_1_71' title="bbox 262 1920 1050 1958">
     <span class='ocr_line' id='line_1_71' title="bbox 262 1920 1050 1958; baseline -0.001 -7"><span class='ocrx_word' id='word_1_563' title='bbox 262 1931 325 1951; x_wconf 88' lang='lat' dir='ltr'><strong>mur</strong></span> <span class='ocrx_word' id='word_1_564' title='bbox 340 1922 424 1958; x_wconf 86' lang='lat' dir='ltr'><strong>justo,</strong></span> <span class='ocrx_word' id='word_1_565' title='bbox 442 1921 571 1956; x_wconf 87' lang='lat' dir='ltr'><strong>quoniam</strong></span> <span class='ocrx_word' id='word_1_566' title='bbox 593 1920 725 1947; x_wconf 86' lang='lat' dir='ltr'><strong>molestus</strong></span> <span class='ocrx_word' id='word_1_567' title='bbox 737 1924 779 1947; x_wconf 90' lang='lat' dir='ltr'><strong>est</strong></span> <span class='ocrx_word' id='word_1_568' title='bbox 792 1920 882 1953; x_wconf 80' lang='lat' dir='ltr'><strong>nobis,</strong></span> <span class='ocrx_word' id='word_1_569' title='bbox 897 1925 924 1948; x_wconf 89' lang='lat' dir='ltr'><strong>ct</strong></span> <span class='ocrx_word' id='word_1_570' title='bbox 941 1927 1050 1950; x_wconf 83' lang='lat' dir='ltr'><strong>contra-</strong></span> 
     </span>
    </p>
   </div>
   <div class='ocr_carea' id='block_1_72' title="bbox 263 1966 1049 2004">
    <p class='ocr_par' dir='ltr' id='par_1_72' title="bbox 263 1966 1049 2004">
     <span class='ocr_line' id='line_1_72' title="bbox 263 1966 1049 2004; baseline 0.003 -8"><span class='ocrx_word' id='word_1_571' title='bbox 263 1969 329 1997; x_wconf 86' lang='lat' dir='ltr'><strong>dicit</strong></span> <span class='ocrx_word' id='word_1_572' title='bbox 343 1968 472 2004; x_wconf 86' lang='lat' dir='ltr'><strong>operibus</strong></span> <span class='ocrx_word' id='word_1_573' title='bbox 488 1966 600 1998; x_wconf 87' lang='lat' dir='ltr'><strong>nostris,</strong></span> <span class='ocrx_word' id='word_1_574' title='bbox 620 1970 648 1993; x_wconf 88' lang='lat' dir='ltr'><strong>et</strong></span> <span class='ocrx_word' id='word_1_575' title='bbox 668 1966 834 2001; x_wconf 85' lang='lat' dir='ltr'><strong>improperat</strong></span> <span class='ocrx_word' id='word_1_576' title='bbox 846 1968 926 1995; x_wconf 85' lang='lat' dir='ltr'><strong>nobis</strong></span> <span class='ocrx_word' id='word_1_577' title='bbox 940 1974 1049 2003; x_wconf 82' lang='lat' dir='ltr'><strong>peccata</strong></span> 
     </span>
    </p>
   </div>
   <div class='ocr_carea' id='block_1_73' title="bbox 261 2011 1049 2049">
    <p class='ocr_par' dir='ltr' id='par_1_73' title="bbox 261 2011 1049 2049">
     <span class='ocr_line' id='line_1_73' title="bbox 261 2011 1049 2049; baseline 0.001 -8"><span class='ocrx_word' id='word_1_578' title='bbox 261 2013 329 2049; x_wconf 74' lang='lat' dir='ltr'><strong>legis</strong></span> <span class='ocrx_word' id='word_1_579' title='bbox 348 2021 356 2040; x_wconf 88' lang='lat'><strong>:</strong></span> <span class='ocrx_word' id='word_1_580' title='bbox 372 2011 506 2048; x_wconf 88' lang='lat' dir='ltr'><strong>promittit</strong></span> <span class='ocrx_word' id='word_1_581' title='bbox 520 2018 549 2039; x_wconf 87' lang='lat' dir='ltr'><strong>se</strong></span> <span class='ocrx_word' id='word_1_582' title='bbox 563 2011 705 2038; x_wconf 87' lang='lat' dir='ltr'><strong>scientiam</strong></span> <span class='ocrx_word' id='word_1_583' title='bbox 721 2011 768 2039; x_wconf 87' lang='lat' dir='ltr'><strong>Dei</strong></span> <span class='ocrx_word' id='word_1_584' title='bbox 787 2012 898 2046; x_wconf 88' lang='lat' dir='ltr'><strong>habere,</strong></span> <span class='ocrx_word' id='word_1_585' title='bbox 922 2018 950 2041; x_wconf 85' lang='lat' dir='ltr'><strong>et</strong></span> <span class='ocrx_word' id='word_1_586' title='bbox 964 2015 1049 2042; x_wconf 78' lang='lat' dir='ltr'><strong>ﬁliuni</strong></span> 
     </span>
    </p>
   </div>
   <div class='ocr_carea' id='block_1_74' title="bbox 261 2056 1048 2093">
    <p class='ocr_par' dir='ltr' id='par_1_74' title="bbox 261 2056 1048 2093">
     <span class='ocr_line' id='line_1_74' title="bbox 261 2056 1048 2093; baseline 0.004 -7"><span class='ocrx_word' id='word_1_587' title='bbox 261 2059 309 2087; x_wconf 86' lang='lat' dir='ltr'><strong>Dei</strong></span> <span class='ocrx_word' id='word_1_588' title='bbox 323 2066 353 2086; x_wconf 86' lang='lat' dir='ltr'><strong>se</strong></span> <span class='ocrx_word' id='word_1_589' title='bbox 369 2057 491 2086; x_wconf 84' lang='lat' dir='ltr'><strong>nominat</strong></span> <span class='ocrx_word' id='word_1_590' title='bbox 506 2066 514 2084; x_wconf 84' lang='lat'><strong>:</strong></span> <span class='ocrx_word' id='word_1_591' title='bbox 527 2056 614 2085; x_wconf 80' lang='lat' dir='ltr'><strong>factus</strong></span> <span class='ocrx_word' id='word_1_592' title='bbox 625 2061 667 2084; x_wconf 81' lang='lat' dir='ltr'><strong>est</strong></span> <span class='ocrx_word' id='word_1_593' title='bbox 684 2057 761 2084; x_wconf 88' lang='lat' dir='ltr'><strong>nobis</strong></span> <span class='ocrx_word' id='word_1_594' title='bbox 780 2058 806 2084; x_wconf 92' lang='lat' dir='ltr'><strong>in</strong></span> <span class='ocrx_word' id='word_1_595' title='bbox 822 2058 1048 2093; x_wconf 84' lang='lat' dir='ltr'><strong>vituperationem</strong></span> 
     </span>
    </p>
   </div>
   <div class='ocr_carea' id='block_1_75' title="bbox 261 2104 1050 2141">
    <p class='ocr_par' dir='ltr' id='par_1_75' title="bbox 261 2104 1050 2141">
     <span class='ocr_line' id='line_1_75' title="bbox 261 2104 1050 2141; baseline 0 -7"><span class='ocrx_word' id='word_1_596' title='bbox 261 2105 460 2141; x_wconf 74' lang='lat' dir='ltr'><strong>cogitationum</strong></span> <span class='ocrx_word' id='word_1_597' title='bbox 477 2108 632 2131; x_wconf 84' lang='lat' dir='ltr'><strong>nostrarum</strong></span> <span class='ocrx_word' id='word_1_598' title='bbox 646 2112 654 2130; x_wconf 73' lang='grc' dir='ltr'><strong>ι</strong></span> <span class='ocrx_word' id='word_1_599' title='bbox 670 2104 761 2139; x_wconf 72' lang='lat' dir='ltr'><strong>gravis</strong></span> <span class='ocrx_word' id='word_1_600' title='bbox 775 2108 816 2131; x_wconf 84' lang='lat' dir='ltr'><strong>est</strong></span> <span class='ocrx_word' id='word_1_601' title='bbox 832 2105 911 2132; x_wconf 89' lang='lat' dir='ltr'><strong>nobis</strong></span> <span class='ocrx_word' id='word_1_602' title='bbox 919 2106 1001 2133; x_wconf 86' lang='lat' dir='ltr'><strong>etiam</strong></span> <span class='ocrx_word' id='word_1_603' title='bbox 1016 2108 1050 2135; x_wconf 87' lang='lat' dir='ltr'><strong>ad</strong></span> 
     </span>
    </p>
   </div>
   <div class='ocr_carea' id='block_1_76' title="bbox 261 2148 1048 2184">
    <p class='ocr_par' dir='ltr' id='par_1_76' title="bbox 261 2148 1048 2184">
     <span class='ocr_line' id='line_1_76' title="bbox 261 2148 1048 2184; baseline 0 -6"><span class='ocrx_word' id='word_1_604' title='bbox 261 2152 425 2182; x_wconf 81' lang='lat' dir='ltr'><strong>videndum,</strong></span> <span class='ocrx_word' id='word_1_605' title='bbox 442 2150 573 2184; x_wconf 87' lang='lat' dir='ltr'><strong>quoniam</strong></span> <span class='ocrx_word' id='word_1_606' title='bbox 588 2148 729 2175; x_wconf 86' lang='lat' dir='ltr'><strong>dissimilis</strong></span> <span class='ocrx_word' id='word_1_607' title='bbox 746 2154 788 2175; x_wconf 91' lang='lat' dir='ltr'><strong>est</strong></span> <span class='ocrx_word' id='word_1_608' title='bbox 806 2148 867 2177; x_wconf 88' lang='lat' dir='ltr'><strong>aliis</strong></span> <span class='ocrx_word' id='word_1_609' title='bbox 886 2150 940 2177; x_wconf 88' lang='lat' dir='ltr'><strong>vita</strong></span> <span class='ocrx_word' id='word_1_610' title='bbox 957 2151 1048 2178; x_wconf 91' lang='lat' dir='ltr'><strong>illius:</strong></span> 
     </span>
    </p>
   </div>
   <div class='ocr_carea' id='block_1_77' title="bbox 261 2192 1049 2228">
    <p class='ocr_par' dir='ltr' id='par_1_77' title="bbox 261 2192 1049 2228">
     <span class='ocr_line' id='line_1_77' title="bbox 261 2192 1049 2228; baseline -0.003 -4"><span class='ocrx_word' id='word_1_611' title='bbox 261 2197 451 2225; x_wconf 75' lang='lat' dir='ltr'><strong>ctimmutata:</strong></span> <span class='ocrx_word' id='word_1_612' title='bbox 463 2195 513 2221; x_wconf 70' lang='lat' dir='ltr'><strong>via:</strong></span> <span class='ocrx_word' id='word_1_613' title='bbox 525 2193 601 2228; x_wconf 80' lang='lat' dir='ltr'><strong>ejus;</strong></span> <span class='ocrx_word' id='word_1_614' title='bbox 615 2192 643 2219; x_wconf 85' lang='lat' dir='ltr'><strong>in</strong></span> <span class='ocrx_word' id='word_1_615' title='bbox 657 2192 796 2220; x_wconf 74' lang='lat' dir='ltr'><strong>fallaciam</strong></span> <span class='ocrx_word' id='word_1_616' title='bbox 813 2194 940 2222; x_wconf 70' lang='lat' dir='ltr'><strong>testimati</strong></span> <span class='ocrx_word' id='word_1_617' title='bbox 953 2202 1049 2224; x_wconf 84' lang='lat' dir='ltr'><strong>sumus</strong></span> 
     </span>
    </p>
   </div>
   <div class='ocr_carea' id='block_1_78' title="bbox 1102 1606 1890 1645">
    <p class='ocr_par' dir='ltr' id='par_1_78' title="bbox 1102 1606 1890 1645">
     <span class='ocr_line' id='line_1_78' title="bbox 1102 1606 1890 1645; baseline -0.003 -10"><span class='ocrx_word' id='word_1_618' title='bbox 1102 1609 1191 1645; x_wconf 62' lang='grc' dir='ltr'>ἂιιβ)</span> <span class='ocrx_word' id='word_1_619' title='bbox 1199 1608 1266 1640; x_wconf 84' lang='grc' dir='ltr'>Θεός</span> <span class='ocrx_word' id='word_1_620' title='bbox 1279 1609 1336 1635; x_wconf 72' lang='grc' dir='ltr'>ἐστι</span> <span class='ocrx_word' id='word_1_621' title='bbox 1351 1607 1470 1643; x_wconf 75' lang='grc' dir='ltr'>Χριστὸς</span> <span class='ocrx_word' id='word_1_622' title='bbox 1490 1607 1538 1633; x_wconf 82' lang='grc' dir='ltr'><strong>τοῦ</strong></span> <span class='ocrx_word' id='word_1_623' title='bbox 1558 1608 1661 1643; x_wconf 83' lang='grc' dir='ltr'>πατρὸς</span> <span class='ocrx_word' id='word_1_624' title='bbox 1684 1607 1775 1634; x_wconf 78' lang='grc' dir='ltr'>αὐτῶν</span> <span class='ocrx_word' id='word_1_625' title='bbox 1793 1606 1890 1633; x_wconf 59' lang='grc' dir='ltr'><strong>Ίλκὼὸ</strong></span> 
     </span>
    </p>
   </div>
   <div class='ocr_carea' id='block_1_79' title="bbox 1103 1654 1891 1690">
    <p class='ocr_par' dir='ltr' id='par_1_79' title="bbox 1103 1654 1891 1690">
     <span class='ocr_line' id='line_1_79' title="bbox 1103 1654 1891 1690; baseline -0.004 -8"><span class='ocrx_word' id='word_1_626' title='bbox 1103 1656 1161 1690; x_wconf 80' lang='grc' dir='ltr'><strong>(καὶ</strong></span> <span class='ocrx_word' id='word_1_627' title='bbox 1177 1655 1301 1690; x_wconf 80' lang='grc' dir='ltr'><strong>κυριεύει</strong></span> <span class='ocrx_word' id='word_1_628' title='bbox 1317 1654 1352 1681; x_wconf 75' lang='grc' dir='ltr'>τὰ</span> <span class='ocrx_word' id='word_1_629' title='bbox 1366 1654 1522 1688; x_wconf 80' lang='grc' dir='ltr'>σύμπαντα,</span> <span class='ocrx_word' id='word_1_630' title='bbox 1540 1654 1586 1680; x_wconf 77' lang='grc' dir='ltr'>καὶ</span> <span class='ocrx_word' id='word_1_631' title='bbox 1602 1654 1764 1681; x_wconf 83' lang='grc' dir='ltr'>ἀποδίδωσιν</span> <span class='ocrx_word' id='word_1_632' title='bbox 1782 1654 1891 1688; x_wconf 68' lang='grc' dir='ltr'>ἑκάστῳ</span> 
     </span>
    </p>
   </div>
   <div class='ocr_carea' id='block_1_80' title="bbox 1103 1698 1892 1734">
    <p class='ocr_par' dir='ltr' id='par_1_80' title="bbox 1103 1698 1892 1734">
     <span class='ocr_line' id='line_1_80' title="bbox 1103 1698 1892 1734; baseline -0.003 -7"><span class='ocrx_word' id='word_1_633' title='bbox 1103 1700 1174 1727; x_wconf 79' lang='grc' dir='ltr'>κατὰ</span> <span class='ocrx_word' id='word_1_634' title='bbox 1191 1700 1224 1726; x_wconf 82' lang='grc' dir='ltr'><strong>τὰ</strong></span> <span class='ocrx_word' id='word_1_635' title='bbox 1240 1699 1309 1734; x_wconf 77' lang='grc' dir='ltr'>ἔργα</span> <span class='ocrx_word' id='word_1_636' title='bbox 1324 1699 1430 1734; x_wconf 80' lang='grc' dir='ltr'>αὑτοῦ).</span> <span class='ocrx_word' id='word_1_637' title='bbox 1452 1699 1530 1725; x_wconf 74' lang='grc' dir='ltr'>υΰτω</span> <span class='ocrx_word' id='word_1_638' title='bbox 1546 1707 1578 1733; x_wconf 79' lang='grc' dir='ltr'>γε</span> <span class='ocrx_word' id='word_1_639' title='bbox 1599 1698 1654 1734; x_wconf 82' lang='grc' dir='ltr'>μὴν</span> <span class='ocrx_word' id='word_1_640' title='bbox 1673 1701 1721 1726; x_wconf 79' lang='grc' dir='ltr'><strong>καὶ</strong></span> <span class='ocrx_word' id='word_1_641' title='bbox 1742 1701 1756 1726; x_wconf 82' lang='grc' dir='ltr'>ὁ</span> <span class='ocrx_word' id='word_1_642' title='bbox 1777 1699 1892 1734; x_wconf 82' lang='grc' dir='ltr'>θεοφάν-</span> 
     </span>
    </p>
   </div>
   <div class='ocr_carea' id='block_1_81' title="bbox 1101 1745 1890 1782">
    <p class='ocr_par' dir='ltr' id='par_1_81' title="bbox 1101 1745 1890 1782">
     <span class='ocr_line' id='line_1_81' title="bbox 1101 1745 1890 1782; baseline 0.001 -10"><span class='ocrx_word' id='word_1_643' title='bbox 1101 1754 1159 1781; x_wconf 88' lang='grc' dir='ltr'><strong>τωρ</strong></span> <span class='ocrx_word' id='word_1_644' title='bbox 1169 1746 1189 1762; x_wconf 81' lang='grc'><strong>¹⁷</strong></span> <span class='ocrx_word' id='word_1_645' title='bbox 1210 1746 1333 1780; x_wconf 75' lang='grc' dir='ltr'>Μωῦσῆς</span> <span class='ocrx_word' id='word_1_646' title='bbox 1350 1745 1624 1782; x_wconf 80' lang='grc' dir='ltr'>(προκαθαπτόμενος</span> <span class='ocrx_word' id='word_1_647' title='bbox 1647 1746 1705 1782; x_wconf 70' lang='grc' dir='ltr'>καὶ)</span> <span class='ocrx_word' id='word_1_648' title='bbox 1723 1746 1890 1782; x_wconf 80' lang='grc' dir='ltr'>στηλιτεύων</span> 
     </span>
    </p>
   </div>
   <div class='ocr_carea' id='block_1_82' title="bbox 1102 1790 1890 1828">
    <p class='ocr_par' dir='ltr' id='par_1_82' title="bbox 1102 1790 1890 1828">
     <span class='ocr_line' id='line_1_82' title="bbox 1102 1790 1890 1828; baseline 0.003 -11"><span class='ocrx_word' id='word_1_649' title='bbox 1102 1791 1173 1825; x_wconf 77' lang='grc' dir='ltr'>ὑμᾶς</span> <span class='ocrx_word' id='word_1_650' title='bbox 1184 1791 1222 1823; x_wconf 77' lang='grc' dir='ltr'>ὡς</span> <span class='ocrx_word' id='word_1_651' title='bbox 1231 1790 1376 1826; x_wconf 83' lang='grc' dir='ltr'>βδελυροὺς</span> <span class='ocrx_word' id='word_1_652' title='bbox 1385 1791 1430 1817; x_wconf 69' lang='grc' dir='ltr'><strong>καὶ</strong></span> <span class='ocrx_word' id='word_1_653' title='bbox 1439 1791 1560 1825; x_wconf 81' lang='grc' dir='ltr'>ἄφρονας</span> <span class='ocrx_word' id='word_1_654' title='bbox 1570 1792 1615 1818; x_wconf 79' lang='grc' dir='ltr'>καὶ</span> <span class='ocrx_word' id='word_1_655' title='bbox 1624 1792 1785 1828; x_wconf 77' lang='grc' dir='ltr'>ἀγνώμονας</span> <span class='ocrx_word' id='word_1_656' title='bbox 1796 1792 1848 1828; x_wconf 71' lang='grc' dir='ltr'><strong>ἔφη</strong></span> <span class='ocrx_word' id='word_1_657' title='bbox 1857 1792 1890 1808; x_wconf 78' lang='grc' dir='ltr'>η·</span> 
     </span>
    </p>
   </div>
   <div class='ocr_carea' id='block_1_83' title="bbox 1106 1837 1889 1874">
    <p class='ocr_par' dir='ltr' id='par_1_83' title="bbox 1106 1837 1889 1874">
     <span class='ocr_line' id='line_1_83' title="bbox 1106 1837 1889 1874; baseline 0.004 -12"><span class='ocrx_word' id='word_1_658' title='bbox 1106 1845 1113 1862; x_wconf 87' lang='grc' dir='ltr'><strong>ι</strong></span> <span class='ocrx_word' id='word_1_659' title='bbox 1134 1837 1222 1863; x_wconf 82' lang='grc' dir='ltr'>Τέκνα</span> <span class='ocrx_word' id='word_1_660' title='bbox 1241 1837 1374 1872; x_wconf 83' lang='grc' dir='ltr'>μωμητὰ,</span> <span class='ocrx_word' id='word_1_661' title='bbox 1389 1837 1472 1871; x_wconf 86' lang='grc' dir='ltr'>γενεὰ</span> <span class='ocrx_word' id='word_1_662' title='bbox 1487 1838 1583 1864; x_wconf 81' lang='grc' dir='ltr'>σκολιὰ</span> <span class='ocrx_word' id='word_1_663' title='bbox 1608 1838 1655 1865; x_wconf 73' lang='grc' dir='ltr'><strong>καὶ</strong></span> <span class='ocrx_word' id='word_1_664' title='bbox 1671 1838 1889 1874; x_wconf 82' lang='grc' dir='ltr'>διεστραμμένη,</span> 
     </span>
    </p>
   </div>
   <div class='ocr_carea' id='block_1_84' title="bbox 1101 1881 1887 1921">
    <p class='ocr_par' dir='ltr' id='par_1_84' title="bbox 1101 1881 1887 1921">
     <span class='ocr_line' id='line_1_84' title="bbox 1101 1881 1887 1921; baseline 0.003 -12"><span class='ocrx_word' id='word_1_665' title='bbox 1101 1883 1188 1910; x_wconf 75' lang='grc' dir='ltr'>ταῦτα.</span> <span class='ocrx_word' id='word_1_666' title='bbox 1214 1883 1308 1918; x_wconf 85' lang='grc' dir='ltr'>Κυρίῳ</span> <span class='ocrx_word' id='word_1_667' title='bbox 1335 1884 1547 1911; x_wconf 78' lang='grc' dir='ltr'>ἀνταποδίδωσιν</span> <span class='ocrx_word' id='word_1_668' title='bbox 1560 1884 1599 1917; x_wconf 88' lang='lat'><strong>&quot;;</strong></span> <span class='ocrx_word' id='word_1_669' title='bbox 1615 1881 1693 1916; x_wconf 74' lang='grc' dir='ltr'>οὗτος</span> <span class='ocrx_word' id='word_1_670' title='bbox 1709 1884 1773 1917; x_wconf 70' lang='grc' dir='ltr'>λαὸς</span> <span class='ocrx_word' id='word_1_671' title='bbox 1795 1885 1887 1921; x_wconf 76' lang='grc' dir='ltr'>μωρὸς</span> 
     </span>
    </p>
   </div>
   <div class='ocr_carea' id='block_1_85' title="bbox 1102 1928 1889 1967">
    <p class='ocr_par' dir='ltr' id='par_1_85' title="bbox 1102 1928 1889 1967">
     <span class='ocr_line' id='line_1_85' title="bbox 1102 1928 1889 1967; baseline 0.004 -12"><span class='ocrx_word' id='word_1_672' title='bbox 1102 1929 1148 1956; x_wconf 75' lang='grc' dir='ltr'><strong>καὶ</strong></span> <span class='ocrx_word' id='word_1_673' title='bbox 1167 1929 1227 1964; x_wconf 81' lang='grc' dir='ltr'><strong>οὐχὶ</strong></span> <span class='ocrx_word' id='word_1_674' title='bbox 1253 1929 1352 1964; x_wconf 78' lang='grc' dir='ltr'>σοφός’</span> <span class='ocrx_word' id='word_1_675' title='bbox 1369 1930 1419 1957; x_wconf 82' lang='grc' dir='ltr'><strong>οὐκ</strong></span> <span class='ocrx_word' id='word_1_676' title='bbox 1442 1928 1617 1966; x_wconf 52' lang='lat' dir='ltr'><strong>«exemtus;</strong></span> <span class='ocrx_word' id='word_1_677' title='bbox 1635 1939 1681 1957; x_wconf 83' lang='grc' dir='ltr'><strong>σου</strong></span> <span class='ocrx_word' id='word_1_678' title='bbox 1698 1931 1793 1966; x_wconf 83' lang='grc' dir='ltr'>Πατὴρ</span> <span class='ocrx_word' id='word_1_679' title='bbox 1806 1932 1889 1967; x_wconf 72' lang='grc' dir='ltr'><strong>ἐκτή-</strong></span> 
     </span>
    </p>
   </div>
   <div class='ocr_carea' id='block_1_86' title="bbox 1102 1976 1889 2012">
    <p class='ocr_par' dir='ltr' id='par_1_86' title="bbox 1102 1976 1889 2012">
     <span class='ocr_line' id='line_1_86' title="bbox 1102 1976 1889 2012; baseline 0.001 -9"><span class='ocrx_word' id='word_1_680' title='bbox 1102 1977 1166 2003; x_wconf 81' lang='grc' dir='ltr'>σατό</span> <span class='ocrx_word' id='word_1_681' title='bbox 1190 1986 1219 2004; x_wconf 86' lang='grc' dir='ltr'><strong>σε</strong></span> <span class='ocrx_word' id='word_1_682' title='bbox 1247 1978 1294 2004; x_wconf 82' lang='grc' dir='ltr'><strong>καὶ</strong></span> <span class='ocrx_word' id='word_1_683' title='bbox 1309 1976 1422 2012; x_wconf 73' lang='grc' dir='ltr'>ἐποίησε</span> <span class='ocrx_word' id='word_1_684' title='bbox 1445 1978 1492 2004; x_wconf 77' lang='grc' dir='ltr'>καὶ</span> <span class='ocrx_word' id='word_1_685' title='bbox 1508 1977 1610 2004; x_wconf 72' lang='grc' dir='ltr'>ἐπλασέ</span> <span class='ocrx_word' id='word_1_686' title='bbox 1632 1986 1680 2011; x_wconf 87' lang='grc' dir='ltr'>σε;</span> <span class='ocrx_word' id='word_1_687' title='bbox 1702 1988 1711 2004; x_wconf 75' lang='grc' dir='ltr'><strong>ι</strong></span> <span class='ocrx_word' id='word_1_688' title='bbox 1733 1978 1889 2005; x_wconf 79' lang='grc' dir='ltr'>Κάντεῦθεν</span> 
     </span>
    </p>
   </div>
   <div class='ocr_carea' id='block_1_87' title="bbox 1101 2021 1888 2058">
    <p class='ocr_par' dir='ltr' id='par_1_87' title="bbox 1101 2021 1888 2058">
     <span class='ocr_line' id='line_1_87' title="bbox 1101 2021 1888 2058; baseline 0.003 -10"><span class='ocrx_word' id='word_1_689' title='bbox 1101 2023 1213 2053; x_wconf 76' lang='grc' dir='ltr'>εἰκότως</span> <span class='ocrx_word' id='word_1_690' title='bbox 1222 2022 1304 2057; x_wconf 81' lang='grc' dir='ltr'>φησὶν</span> <span class='ocrx_word' id='word_1_691' title='bbox 1314 2023 1327 2048; x_wconf 76' lang='grc' dir='ltr'><strong>δ</strong></span> <span class='ocrx_word' id='word_1_692' title='bbox 1345 2022 1410 2054; x_wconf 87' lang='grc' dir='ltr'>Θεός</span> <span class='ocrx_word' id='word_1_693' title='bbox 1422 2023 1444 2038; x_wconf 82' lang='grc'><strong>¹⁰</strong></span> <span class='ocrx_word' id='word_1_694' title='bbox 1457 2031 1463 2038; x_wconf 90' lang='grc'><strong>·</strong></span> <span class='ocrx_word' id='word_1_695' title='bbox 1476 2034 1485 2049; x_wconf 75' lang='grc' dir='ltr'><strong>ι</strong></span> <span class='ocrx_word' id='word_1_696' title='bbox 1508 2021 1602 2055; x_wconf 83' lang='grc' dir='ltr'>Εἶπον,</span> <span class='ocrx_word' id='word_1_697' title='bbox 1618 2024 1764 2058; x_wconf 76' lang='grc' dir='ltr'>Διασπερῶ</span> <span class='ocrx_word' id='word_1_698' title='bbox 1778 2024 1888 2057; x_wconf 79' lang='grc' dir='ltr'>αὐτοὺς,</span> 
     </span>
    </p>
   </div>
   <div class='ocr_carea' id='block_1_88' title="bbox 1102 2067 1889 2104">
    <p class='ocr_par' dir='ltr' id='par_1_88' title="bbox 1102 2067 1889 2104">
     <span class='ocr_line' id='line_1_88' title="bbox 1102 2067 1889 2104; baseline 0.004 -10"><span class='ocrx_word' id='word_1_699' title='bbox 1102 2068 1199 2094; x_wconf 64' lang='grc' dir='ltr'>παύσω</span> <span class='ocrx_word' id='word_1_700' title='bbox 1209 2068 1241 2103; x_wconf 86' lang='grc' dir='ltr'>δὴ</span> <span class='ocrx_word' id='word_1_701' title='bbox 1256 2068 1285 2101; x_wconf 73' lang='grc' dir='ltr'><strong>ἐξ</strong></span> <span class='ocrx_word' id='word_1_702' title='bbox 1297 2067 1451 2103; x_wconf 82' lang='grc' dir='ltr'>ἀνθρώπων</span> <span class='ocrx_word' id='word_1_703' title='bbox 1464 2069 1495 2095; x_wconf 81' lang='grc' dir='ltr'>τὸ</span> <span class='ocrx_word' id='word_1_704' title='bbox 1508 2070 1681 2104; x_wconf 83' lang='grc' dir='ltr'>μνημόσυνον</span> <span class='ocrx_word' id='word_1_705' title='bbox 1694 2070 1795 2097; x_wconf 76' lang='grc' dir='ltr'>αὐτῶν.</span> <span class='ocrx_word' id='word_1_706' title='bbox 1809 2079 1818 2096; x_wconf 78' lang='grc' dir='ltr'><strong>ι</strong></span> <span class='ocrx_word' id='word_1_707' title='bbox 1835 2070 1889 2097; x_wconf 78' lang='grc' dir='ltr'><strong>Καὶ</strong></span> 
     </span>
    </p>
   </div>
   <div class='ocr_carea' id='block_1_89' title="bbox 1104 2112 1889 2151">
    <p class='ocr_par' dir='ltr' id='par_1_89' title="bbox 1104 2112 1889 2151">
     <span class='ocr_line' id='line_1_89' title="bbox 1104 2112 1889 2151; baseline 0.006 -13"><span class='ocrx_word' id='word_1_708' title='bbox 1104 2112 1195 2147; x_wconf 78' lang='grc' dir='ltr'>μέντοι</span> <span class='ocrx_word' id='word_1_709' title='bbox 1212 2114 1260 2140; x_wconf 70' lang='grc' dir='ltr'><strong>καὶ</strong></span> <span class='ocrx_word' id='word_1_710' title='bbox 1275 2114 1288 2140; x_wconf 83' lang='grc' dir='ltr'><strong>ὸ</strong></span> <span class='ocrx_word' id='word_1_711' title='bbox 1304 2113 1410 2144; x_wconf 65' lang='grc' dir='ltr'>κλεινὸς</span> <span class='ocrx_word' id='word_1_712' title='bbox 1429 2114 1566 2150; x_wconf 83' lang='grc' dir='ltr'>Ἱερεμίας</span> <span class='ocrx_word' id='word_1_713' title='bbox 1586 2116 1715 2151; x_wconf 79' lang='grc' dir='ltr'>μᾶλλον¹¹</span> <span class='ocrx_word' id='word_1_714' title='bbox 1734 2116 1889 2151; x_wconf 78' lang='grc' dir='ltr'>σαφηνίζων</span> 
     </span>
    </p>
   </div>
   <div class='ocr_carea' id='block_1_90' title="bbox 1101 2154 1889 2198">
    <p class='ocr_par' dir='ltr' id='par_1_90' title="bbox 1101 2154 1889 2198">
     <span class='ocr_line' id='line_1_90' title="bbox 1101 2154 1889 2198; baseline 0.008 -15"><span class='ocrx_word' id='word_1_715' title='bbox 1101 2158 1142 2189; x_wconf 84' lang='grc' dir='ltr'><strong>τίς</strong></span> <span class='ocrx_word' id='word_1_716' title='bbox 1156 2154 1233 2190; x_wconf 76' lang='grc' dir='ltr'>οὗτός</span> <span class='ocrx_word' id='word_1_717' title='bbox 1250 2160 1324 2186; x_wconf 79' lang='grc' dir='ltr'>ἐστιν</span> <span class='ocrx_word' id='word_1_718' title='bbox 1336 2160 1350 2186; x_wconf 78' lang='grc' dir='ltr'>ὁ</span> <span class='ocrx_word' id='word_1_719' title='bbox 1364 2159 1450 2187; x_wconf 82' lang='grc' dir='ltr'>ταῦτα</span> <span class='ocrx_word' id='word_1_720' title='bbox 1470 2160 1614 2193; x_wconf 82' lang='grc' dir='ltr'>πεπονθὼς</span> <span class='ocrx_word' id='word_1_721' title='bbox 1634 2162 1682 2196; x_wconf 82' lang='grc' dir='ltr'><strong>ἀφ’</strong></span> <span class='ocrx_word' id='word_1_722' title='bbox 1699 2162 1787 2198; x_wconf 80' lang='grc' dir='ltr'>ὑμῶν,</span> <span class='ocrx_word' id='word_1_723' title='bbox 1804 2162 1889 2197; x_wconf 68' lang='grc' dir='ltr'>ικσοᾷ</span> 
     </span>
    </p>
   </div>
   <div class='ocr_carea' id='block_1_91' title="bbox 1101 2203 1888 2244">
    <p class='ocr_par' dir='ltr' id='par_1_91' title="bbox 1101 2203 1888 2244">
     <span class='ocr_line' id='line_1_91' title="bbox 1101 2203 1888 2244; baseline 0.008 -15"><span class='ocrx_word' id='word_1_724' title='bbox 1101 2203 1188 2238; x_wconf 82' lang='grc' dir='ltr'>λέγων</span> <span class='ocrx_word' id='word_1_725' title='bbox 1197 2205 1218 2220; x_wconf 87' lang='grc'><strong>²¹</strong></span> <span class='ocrx_word' id='word_1_726' title='bbox 1230 2213 1237 2219; x_wconf 93' lang='grc'><strong>·</strong></span> <span class='ocrx_word' id='word_1_727' title='bbox 1254 2214 1263 2230; x_wconf 77' lang='grc' dir='ltr'><strong>ι</strong></span> <span class='ocrx_word' id='word_1_728' title='bbox 1276 2205 1387 2240; x_wconf 84' lang='grc' dir='ltr'>Πνεῦμα</span> <span class='ocrx_word' id='word_1_729' title='bbox 1401 2207 1453 2241; x_wconf 81' lang='grc' dir='ltr'>τιρό</span> <span class='ocrx_word' id='word_1_730' title='bbox 1469 2207 1614 2242; x_wconf 76' lang='grc' dir='ltr'>προσώπου</span> <span class='ocrx_word' id='word_1_731' title='bbox 1626 2208 1713 2243; x_wconf 84' lang='grc' dir='ltr'>ὑμῶν,</span> <span class='ocrx_word' id='word_1_732' title='bbox 1722 2209 1839 2244; x_wconf 73' lang='grc' dir='ltr'>Χριστὸς</span> <span class='ocrx_word' id='word_1_733' title='bbox 1851 2208 1888 2242; x_wconf 80' lang='grc' dir='ltr'><strong>(ὁ)</strong></span> 
     </span>
    </p>
   </div>
   <div class='ocr_carea' id='block_1_92' title="bbox 261 2236 1048 2289">
    <p class='ocr_par' dir='ltr' id='par_1_92' title="bbox 261 2239 1048 2277">
     <span class='ocr_line' id='line_1_92' title="bbox 261 2239 1048 2277; baseline 0 -7"><span class='ocrx_word' id='word_1_734' title='bbox 261 2243 296 2271; x_wconf 86' lang='lat' dir='ltr'><strong>ab</strong></span> <span class='ocrx_word' id='word_1_735' title='bbox 313 2243 371 2275; x_wconf 78' lang='lat' dir='ltr'><strong>illo.</strong></span> <span class='ocrx_word' id='word_1_736' title='bbox 393 2247 420 2269; x_wconf 88' lang='lat' dir='ltr'><strong>et</strong></span> <span class='ocrx_word' id='word_1_737' title='bbox 436 2241 555 2269; x_wconf 84' lang='lat' dir='ltr'><strong>abstinet</strong></span> <span class='ocrx_word' id='word_1_738' title='bbox 577 2248 607 2268; x_wconf 89' lang='lat' dir='ltr'><strong>se</strong></span> <span class='ocrx_word' id='word_1_739' title='bbox 623 2248 638 2266; x_wconf 77' lang='grc' dir='ltr'><strong>ιι</strong></span> <span class='ocrx_word' id='word_1_740' title='bbox 660 2239 710 2266; x_wconf 89' lang='lat' dir='ltr'><strong>viis</strong></span> <span class='ocrx_word' id='word_1_741' title='bbox 730 2241 832 2268; x_wconf 87' lang='lat' dir='ltr'><strong>nostris</strong></span> <span class='ocrx_word' id='word_1_742' title='bbox 858 2245 986 2277; x_wconf 80' lang='lat' dir='ltr'><strong>tauquam</strong></span> <span class='ocrx_word' id='word_1_743' title='bbox 1014 2243 1048 2270; x_wconf 83' lang='lat' dir='ltr'><strong>ab</strong></span> 
     </span>
    </p>
   </div>
   <div class='ocr_carea' id='block_1_93' title="bbox 1101 2236 1888 2289">
    <p class='ocr_par' dir='ltr' id='par_1_93' title="bbox 1103 2236 1888 2289">
     <span class='ocr_line' id='line_1_93' title="bbox 1103 2236 1888 2289; baseline -0.003 -7"><span class='ocrx_word' id='word_1_744' title='bbox 1103 2236 1215 2284; x_wconf 66' lang='grc' dir='ltr'>Κῦρι-ος,</span> <span class='ocrx_word' id='word_1_745' title='bbox 1228 2236 1383 2286; x_wconf 68' lang='grc' dir='ltr'>συνελήφίιη</span> <span class='ocrx_word' id='word_1_746' title='bbox 1396 2236 1428 2278; x_wconf 55' lang='grc' dir='ltr'><em>εὖ</em></span> <span class='ocrx_word' id='word_1_747' title='bbox 1435 2236 1496 2284; x_wconf 68' lang='grc' dir='ltr'><strong>ταιξ</strong></span> <span class='ocrx_word' id='word_1_748' title='bbox 1505 2236 1665 2288; x_wconf 72' lang='grc' dir='ltr'>διαφθοραίς</span> <span class='ocrx_word' id='word_1_749' title='bbox 1679 2236 1767 2289; x_wconf 52' lang='lat' dir='ltr'><strong>sum},</strong></span> <span class='ocrx_word' id='word_1_750' title='bbox 1781 2236 1846 2288; x_wconf 66' lang='grc' dir='ltr'>περὶ</span> 
     </span>
    </p>
   </div>
   <div class='ocr_carea' id='block_1_94' title="bbox 261 2286 1049 2323">
    <p class='ocr_par' dir='ltr' id='par_1_94' title="bbox 261 2286 1049 2323">
     <span class='ocr_line' id='line_1_94' title="bbox 261 2286 1049 2323; baseline 0.001 -8"><span class='ocrx_word' id='word_1_751' title='bbox 261 2287 470 2315; x_wconf 87' lang='lat' dir='ltr'><strong>immunditiis:</strong></span> <span class='ocrx_word' id='word_1_752' title='bbox 496 2286 633 2314; x_wconf 78' lang='lat' dir='ltr'><strong>beatiﬁcat</strong></span> <span class='ocrx_word' id='word_1_753' title='bbox 666 2289 758 2312; x_wconf 86' lang='lat' dir='ltr'><strong>autem</strong></span> <span class='ocrx_word' id='word_1_754' title='bbox 784 2286 935 2314; x_wconf 77' lang='lat' dir='ltr'><strong>nevissima</strong></span> <span class='ocrx_word' id='word_1_755' title='bbox 958 2288 1049 2323; x_wconf 83' lang='lat' dir='ltr'><strong>justo-</strong></span> 
     </span>
    </p>
   </div>
   <div class='ocr_carea' id='block_1_95' title="bbox 261 2329 1048 2366">
    <p class='ocr_par' dir='ltr' id='par_1_95' title="bbox 261 2329 1048 2366">
     <span class='ocr_line' id='line_1_95' title="bbox 261 2329 1048 2366; baseline 0 -5"><span class='ocrx_word' id='word_1_756' title='bbox 261 2340 335 2365; x_wconf 87' lang='lat' dir='ltr'><strong>rum,</strong></span> <span class='ocrx_word' id='word_1_757' title='bbox 351 2337 379 2359; x_wconf 87' lang='lat' dir='ltr'><strong>et</strong></span> <span class='ocrx_word' id='word_1_758' title='bbox 395 2331 528 2366; x_wconf 75' lang='lat' dir='ltr'><strong>gloriatur</strong></span> <span class='ocrx_word' id='word_1_759' title='bbox 545 2330 650 2357; x_wconf 81' lang='lat' dir='ltr'><strong>Patrem</strong></span> <span class='ocrx_word' id='word_1_760' title='bbox 670 2337 699 2356; x_wconf 90' lang='lat' dir='ltr'><strong>se</strong></span> <span class='ocrx_word' id='word_1_761' title='bbox 713 2329 813 2357; x_wconf 87' lang='lat' dir='ltr'><strong>habere</strong></span> <span class='ocrx_word' id='word_1_762' title='bbox 825 2329 909 2358; x_wconf 90' lang='lat' dir='ltr'><strong>Deum</strong></span> <span class='ocrx_word' id='word_1_763' title='bbox 929 2341 937 2359; x_wconf 88' lang='lat'><strong>:</strong></span> <span class='ocrx_word' id='word_1_764' title='bbox 956 2334 1048 2361; x_wconf 75' lang='lat' dir='ltr'><strong>vidca-</strong></span> 
     </span>
    </p>
   </div>
   <div class='ocr_carea' id='block_1_96' title="bbox 261 2375 1046 2414">
    <p class='ocr_par' dir='ltr' id='par_1_96' title="bbox 261 2375 1046 2414">
     <span class='ocr_line' id='line_1_96' title="bbox 261 2375 1046 2414; baseline 0.001 -8"><span class='ocrx_word' id='word_1_765' title='bbox 261 2386 322 2406; x_wconf 76' lang='lat' dir='ltr'><strong>mus</strong></span> <span class='ocrx_word' id='word_1_766' title='bbox 335 2378 359 2405; x_wconf 87' lang='lat' dir='ltr'><strong>si</strong></span> <span class='ocrx_word' id='word_1_767' title='bbox 376 2384 520 2405; x_wconf 86' lang='lat' dir='ltr'><strong>sermones</strong></span> <span class='ocrx_word' id='word_1_768' title='bbox 542 2377 616 2404; x_wconf 87' lang='lat' dir='ltr'><strong>illius</strong></span> <span class='ocrx_word' id='word_1_769' title='bbox 631 2375 688 2403; x_wconf 89' lang='lat' dir='ltr'><strong>veri</strong></span> <span class='ocrx_word' id='word_1_770' title='bbox 704 2375 778 2406; x_wconf 82' lang='lat' dir='ltr'><strong>sint.</strong></span> <span class='ocrx_word' id='word_1_771' title='bbox 797 2380 824 2403; x_wconf 88' lang='lat' dir='ltr'><strong>et</strong></span> <span class='ocrx_word' id='word_1_772' title='bbox 837 2380 972 2406; x_wconf 86' lang='lat' dir='ltr'><strong>tentemus</strong></span> <span class='ocrx_word' id='word_1_773' title='bbox 985 2387 1046 2414; x_wconf 80' lang='lat' dir='ltr'><strong>quae</strong></span> 
     </span>
    </p>
   </div>
   <div class='ocr_carea' id='block_1_97' title="bbox 259 2421 1046 2459">
    <p class='ocr_par' dir='ltr' id='par_1_97' title="bbox 259 2421 1046 2459">
     <span class='ocr_line' id='line_1_97' title="bbox 259 2421 1046 2459; baseline 0.001 -8"><span class='ocrx_word' id='word_1_774' title='bbox 259 2429 373 2452; x_wconf 82' lang='lat' dir='ltr'><strong>ventura</strong></span> <span class='ocrx_word' id='word_1_775' title='bbox 387 2428 450 2450; x_wconf 90' lang='lat' dir='ltr'><strong>sunt</strong></span> <span class='ocrx_word' id='word_1_776' title='bbox 463 2422 513 2449; x_wconf 92' lang='lat' dir='ltr'><strong>illi.</strong></span> <span class='ocrx_word' id='word_1_777' title='bbox 535 2421 565 2449; x_wconf 87' lang='lat' dir='ltr'><strong>Si</strong></span> <span class='ocrx_word' id='word_1_778' title='bbox 587 2423 660 2449; x_wconf 91' lang='lat' dir='ltr'><strong>enim</strong></span> <span class='ocrx_word' id='word_1_779' title='bbox 678 2426 719 2449; x_wconf 90' lang='lat' dir='ltr'><strong>est</strong></span> <span class='ocrx_word' id='word_1_780' title='bbox 737 2421 830 2457; x_wconf 84' lang='lat' dir='ltr'><strong>justus</strong></span> <span class='ocrx_word' id='word_1_781' title='bbox 843 2427 870 2450; x_wconf 92' lang='lat' dir='ltr'><strong>ct</strong></span> <span class='ocrx_word' id='word_1_782' title='bbox 888 2422 974 2453; x_wconf 87' lang='lat' dir='ltr'><strong>Filius</strong></span> <span class='ocrx_word' id='word_1_783' title='bbox 988 2426 1046 2459; x_wconf 82' lang='lat' dir='ltr'><strong>Dei,</strong></span> 
     </span>
    </p>
   </div>
   <div class='ocr_carea' id='block_1_98' title="bbox 259 2468 1048 2504">
    <p class='ocr_par' dir='ltr' id='par_1_98' title="bbox 259 2468 1048 2504">
     <span class='ocr_line' id='line_1_98' title="bbox 259 2468 1048 2504; baseline 0.004 -7"><span class='ocrx_word' id='word_1_784' title='bbox 259 2469 390 2504; x_wconf 75' lang='lat' dir='ltr'><strong>suscipiet</strong></span> <span class='ocrx_word' id='word_1_785' title='bbox 402 2468 527 2502; x_wconf 73' lang='lat' dir='ltr'><strong>illum.:et</strong></span> <span class='ocrx_word' id='word_1_786' title='bbox 538 2468 661 2496; x_wconf 88' lang='lat' dir='ltr'><strong>liberabit</strong></span> <span class='ocrx_word' id='word_1_787' title='bbox 671 2476 734 2497; x_wconf 91' lang='lat' dir='ltr'><strong>eum</strong></span> <span class='ocrx_word' id='word_1_788' title='bbox 745 2469 778 2498; x_wconf 89' lang='lat' dir='ltr'><strong>de</strong></span> <span class='ocrx_word' id='word_1_789' title='bbox 787 2477 869 2498; x_wconf 84' lang='lat' dir='ltr'><strong>manu</strong></span> <span class='ocrx_word' id='word_1_790' title='bbox 878 2471 1048 2500; x_wconf 79' lang='lat' dir='ltr'><strong>adversario-</strong></span> 
     </span>
    </p>
   </div>
   <div class='ocr_carea' id='block_1_99' title="bbox 257 2514 1048 2552">
    <p class='ocr_par' dir='ltr' id='par_1_99' title="bbox 257 2514 1048 2552">
     <span class='ocr_line' id='line_1_99' title="bbox 257 2514 1048 2552; baseline 0.004 -8"><span class='ocrx_word' id='word_1_791' title='bbox 257 2523 332 2544; x_wconf 79' lang='lat' dir='ltr'><strong>rum.</strong></span> <span class='ocrx_word' id='word_1_792' title='bbox 343 2514 515 2543; x_wconf 86' lang='lat' dir='ltr'><strong>Centumelia</strong></span> <span class='ocrx_word' id='word_1_793' title='bbox 529 2519 557 2542; x_wconf 86' lang='lat' dir='ltr'><strong>et</strong></span> <span class='ocrx_word' id='word_1_794' title='bbox 567 2519 704 2542; x_wconf 90' lang='lat' dir='ltr'><strong>tormento</strong></span> <span class='ocrx_word' id='word_1_795' title='bbox 715 2516 917 2552; x_wconf 70' lang='lat' dir='ltr'><strong>interrogemus</strong></span> <span class='ocrx_word' id='word_1_796' title='bbox 928 2525 1002 2552; x_wconf 92' lang='lat' dir='ltr'><strong>eum,</strong></span> <span class='ocrx_word' id='word_1_797' title='bbox 1018 2524 1048 2547; x_wconf 90' lang='lat' dir='ltr'><strong>ut</strong></span> 
     </span>
    </p>
   </div>
   <div class='ocr_carea' id='block_1_100' title="bbox 259 2561 1046 2598">
    <p class='ocr_par' dir='ltr' id='par_1_100' title="bbox 259 2561 1046 2598">
     <span class='ocr_line' id='line_1_100' title="bbox 259 2561 1046 2598; baseline 0.004 -8"><span class='ocrx_word' id='word_1_798' title='bbox 259 2563 378 2591; x_wconf 86' lang='lat' dir='ltr'><strong>sciamus</strong></span> <span class='ocrx_word' id='word_1_799' title='bbox 396 2562 576 2589; x_wconf 77' lang='lat' dir='ltr'><strong>reverentiam</strong></span> <span class='ocrx_word' id='word_1_800' title='bbox 587 2561 659 2596; x_wconf 80' lang='lat' dir='ltr'><strong>ejus,</strong></span> <span class='ocrx_word' id='word_1_801' title='bbox 678 2565 706 2588; x_wconf 86' lang='lat' dir='ltr'><strong>ct</strong></span> <span class='ocrx_word' id='word_1_802' title='bbox 722 2562 871 2596; x_wconf 86' lang='lat' dir='ltr'><strong>probemus</strong></span> <span class='ocrx_word' id='word_1_803' title='bbox 885 2565 1046 2598; x_wconf 87' lang='lat' dir='ltr'><strong>patientiam</strong></span> 
     </span>
    </p>
   </div>
   <div class='ocr_carea' id='block_1_101' title="bbox 1100 2295 1887 2334">
    <p class='ocr_par' dir='ltr' id='par_1_101' title="bbox 1100 2295 1887 2334">
     <span class='ocr_line' id='line_1_101' title="bbox 1100 2295 1887 2334; baseline 0.008 -13"><span class='ocrx_word' id='word_1_804' title='bbox 1100 2295 1249 2330; x_wconf 72' lang='grc' dir='ltr'>εἴπαμεν¹³</span> <span class='ocrx_word' id='word_1_805' title='bbox 1263 2304 1270 2311; x_wconf 89' lang='grc'><strong>·</strong></span> <span class='ocrx_word' id='word_1_806' title='bbox 1293 2296 1337 2323; x_wconf 85' lang='grc' dir='ltr'>Ἐν</span> <span class='ocrx_word' id='word_1_807' title='bbox 1350 2299 1382 2332; x_wconf 85' lang='grc' dir='ltr'>τῇ</span> <span class='ocrx_word' id='word_1_808' title='bbox 1397 2299 1463 2333; x_wconf 79' lang='grc' dir='ltr'>σκιᾷ</span> <span class='ocrx_word' id='word_1_809' title='bbox 1474 2298 1556 2325; x_wconf 82' lang='grc' dir='ltr'>αὑτοῦ</span> <span class='ocrx_word' id='word_1_810' title='bbox 1569 2299 1721 2334; x_wconf 76' lang='grc' dir='ltr'>ζησόμεθα.</span> <span class='ocrx_word' id='word_1_811' title='bbox 1736 2309 1746 2326; x_wconf 72' lang='grc' dir='ltr'><strong>ι</strong></span> <span class='ocrx_word' id='word_1_812' title='bbox 1768 2299 1887 2327; x_wconf 79' lang='grc' dir='ltr'>Τοιαῦτα</span> 
     </span>
    </p>
   </div>
   <div class='ocr_carea' id='block_1_102' title="bbox 1098 2342 1888 2381">
    <p class='ocr_par' dir='ltr' id='par_1_102' title="bbox 1098 2342 1888 2381">
     <span class='ocr_line' id='line_1_102' title="bbox 1098 2342 1888 2381; baseline 0.004 -13"><span class='ocrx_word' id='word_1_813' title='bbox 1098 2342 1164 2375; x_wconf 82' lang='grc' dir='ltr'>γοῦν</span> <span class='ocrx_word' id='word_1_814' title='bbox 1178 2343 1257 2369; x_wconf 66' lang='lat' dir='ltr'><strong>uel.“</strong></span> <span class='ocrx_word' id='word_1_815' title='bbox 1271 2343 1397 2378; x_wconf 82' lang='grc' dir='ltr'>Σολομὼν</span> <span class='ocrx_word' id='word_1_816' title='bbox 1412 2342 1490 2376; x_wconf 83' lang='grc' dir='ltr'>αὖθις</span> <span class='ocrx_word' id='word_1_817' title='bbox 1505 2345 1537 2371; x_wconf 82' lang='grc' dir='ltr'><strong>ὲκ</strong></span> <span class='ocrx_word' id='word_1_818' title='bbox 1555 2345 1601 2380; x_wconf 82' lang='lat'><strong>(78</strong></span> <span class='ocrx_word' id='word_1_819' title='bbox 1611 2345 1636 2381; x_wconf 69' lang='grc' dir='ltr'><strong>Ιν)</strong></span> <span class='ocrx_word' id='word_1_820' title='bbox 1646 2345 1794 2381; x_wconf 79' lang='grc' dir='ltr'>προσώπου</span> <span class='ocrx_word' id='word_1_821' title='bbox 1808 2345 1888 2381; x_wconf 83' lang='grc' dir='ltr'>ὑμῶν</span> 
     </span>
    </p>
   </div>
   <div class='ocr_carea' id='block_1_103' title="bbox 1099 2387 1884 2427">
    <p class='ocr_par' dir='ltr' id='par_1_103' title="bbox 1099 2387 1884 2427">
     <span class='ocr_line' id='line_1_103' title="bbox 1099 2387 1884 2427; baseline 0.006 -13"><span class='ocrx_word' id='word_1_822' title='bbox 1099 2387 1154 2415; x_wconf 76' lang='grc' dir='ltr'>τῶν</span> <span class='ocrx_word' id='word_1_823' title='bbox 1179 2387 1322 2424; x_wconf 77' lang='grc' dir='ltr'>θεομάχων</span> <span class='ocrx_word' id='word_1_824' title='bbox 1338 2389 1489 2426; x_wconf 82' lang='grc' dir='ltr'>διαρρήδην</span> <span class='ocrx_word' id='word_1_825' title='bbox 1514 2392 1716 2427; x_wconf 78' lang='grc' dir='ltr'>προαγορεύει,</span> <span class='ocrx_word' id='word_1_826' title='bbox 1731 2393 1842 2427; x_wconf 79' lang='grc' dir='ltr'>φάσκων</span> <span class='ocrx_word' id='word_1_827' title='bbox 1850 2393 1884 2408; x_wconf 77' lang='grc'><strong>’³-</strong></span> 
     </span>
    </p>
   </div>
   <div class='ocr_carea' id='block_1_104' title="bbox 1103 2433 1887 2474">
    <p class='ocr_par' dir='ltr' id='par_1_104' title="bbox 1103 2433 1887 2474">
     <span class='ocr_line' id='line_1_104' title="bbox 1103 2433 1887 2474; baseline 0.011 -16"><span class='ocrx_word' id='word_1_828' title='bbox 1103 2442 1112 2458; x_wconf 78' lang='grc' dir='ltr'><strong>ι</strong></span> <span class='ocrx_word' id='word_1_829' title='bbox 1138 2433 1357 2470; x_wconf 85' lang='grc' dir='ltr'>Ἐνεδρεὺσωμεν</span> <span class='ocrx_word' id='word_1_830' title='bbox 1372 2435 1453 2470; x_wconf 69' lang='grc'><strong>292</strong></span> <span class='ocrx_word' id='word_1_831' title='bbox 1467 2436 1513 2463; x_wconf 77' lang='grc' dir='ltr'>τὸν</span> <span class='ocrx_word' id='word_1_832' title='bbox 1535 2437 1639 2466; x_wconf 82' lang='grc' dir='ltr'>δίκαιον</span> <span class='ocrx_word' id='word_1_833' title='bbox 1663 2439 1704 2465; x_wconf 84' lang='grc' dir='ltr'>ὄτι</span> <span class='ocrx_word' id='word_1_834' title='bbox 1716 2438 1887 2474; x_wconf 74' lang='grc' dir='ltr'>δύσχρηστος</span> 
     </span>
    </p>
   </div>
   <div class='ocr_carea' id='block_1_105' title="bbox 1100 2479 1887 2520">
    <p class='ocr_par' dir='ltr' id='par_1_105' title="bbox 1100 2479 1887 2520">
     <span class='ocr_line' id='line_1_105' title="bbox 1100 2479 1887 2520; baseline 0.01 -16"><span class='ocrx_word' id='word_1_835' title='bbox 1100 2479 1167 2513; x_wconf 80' lang='grc' dir='ltr'>ἡμῖν</span> <span class='ocrx_word' id='word_1_836' title='bbox 1195 2480 1253 2506; x_wconf 79' lang='grc' dir='ltr'>ἐστι</span> <span class='ocrx_word' id='word_1_837' title='bbox 1277 2481 1323 2506; x_wconf 75' lang='grc' dir='ltr'>καὶ</span> <span class='ocrx_word' id='word_1_838' title='bbox 1348 2482 1520 2509; x_wconf 75' lang='grc' dir='ltr'>ἐναντιοῦται</span> <span class='ocrx_word' id='word_1_839' title='bbox 1545 2485 1601 2515; x_wconf 81' lang='grc' dir='ltr'>τοῖς</span> <span class='ocrx_word' id='word_1_840' title='bbox 1631 2483 1723 2519; x_wconf 71' lang='grc' dir='ltr'>ἔργοις</span> <span class='ocrx_word' id='word_1_841' title='bbox 1738 2484 1818 2520; x_wconf 73' lang='grc' dir='ltr'>ἡμῶν</span> <span class='ocrx_word' id='word_1_842' title='bbox 1838 2485 1887 2512; x_wconf 74' lang='grc' dir='ltr'>καὶ</span> 
     </span>
    </p>
   </div>
   <div class='ocr_carea' id='block_1_106' title="bbox 1100 2524 1886 2565">
    <p class='ocr_par' dir='ltr' id='par_1_106' title="bbox 1100 2524 1886 2565">
     <span class='ocr_line' id='line_1_106' title="bbox 1100 2524 1886 2565; baseline 0.009 -14"><span class='ocrx_word' id='word_1_843' title='bbox 1100 2524 1224 2557; x_wconf 73' lang='grc' dir='ltr'>ὀνειδίζει</span> <span class='ocrx_word' id='word_1_844' title='bbox 1241 2526 1306 2561; x_wconf 76' lang='grc' dir='ltr'>ἡμῖν</span> <span class='ocrx_word' id='word_1_845' title='bbox 1317 2527 1340 2542; x_wconf 77' lang='grc'>’⁸</span> <span class='ocrx_word' id='word_1_846' title='bbox 1354 2527 1544 2563; x_wconf 82' lang='grc' dir='ltr'>ἁμαρτήματα</span> <span class='ocrx_word' id='word_1_847' title='bbox 1558 2529 1642 2565; x_wconf 86' lang='grc' dir='ltr'>νόμου</span> <span class='ocrx_word' id='word_1_848' title='bbox 1657 2531 1704 2557; x_wconf 75' lang='grc' dir='ltr'><strong>καὶ</strong></span> <span class='ocrx_word' id='word_1_849' title='bbox 1717 2531 1886 2564; x_wconf 74' lang='grc' dir='ltr'>ἐπαγγέλλε-</span> 
     </span>
    </p>
   </div>
   <div class='ocr_carea' id='block_1_107' title="bbox 1099 2571 1887 2612">
    <p class='ocr_par' dir='ltr' id='par_1_107' title="bbox 1099 2571 1887 2612">
     <span class='ocr_line' id='line_1_107' title="bbox 1099 2571 1887 2612; baseline 0.009 -16"><span class='ocrx_word' id='word_1_850' title='bbox 1099 2579 1144 2597; x_wconf 79' lang='grc' dir='ltr'><strong>ται</strong></span> <span class='ocrx_word' id='word_1_851' title='bbox 1162 2571 1264 2604; x_wconf 87' lang='grc' dir='ltr'>γνῶσιν</span> <span class='ocrx_word' id='word_1_852' title='bbox 1289 2571 1362 2607; x_wconf 76' lang='grc' dir='ltr'>ἔχειν</span> <span class='ocrx_word' id='word_1_853' title='bbox 1387 2573 1454 2600; x_wconf 76' lang='grc' dir='ltr'>Θεοῦ</span> <span class='ocrx_word' id='word_1_854' title='bbox 1478 2575 1525 2601; x_wconf 72' lang='grc' dir='ltr'>καὶ</span> <span class='ocrx_word' id='word_1_855' title='bbox 1542 2576 1648 2602; x_wconf 77' lang='grc' dir='ltr'>παιδίον</span> <span class='ocrx_word' id='word_1_856' title='bbox 1664 2577 1767 2612; x_wconf 76' lang='grc' dir='ltr'>Κυρίου</span> <span class='ocrx_word' id='word_1_857' title='bbox 1787 2577 1887 2603; x_wconf 70' lang='grc' dir='ltr'>ἑαυτὸν</span> 
     </span>
    </p>
   </div>
   <div class='ocr_carea' id='block_1_108' title="bbox 838 2632 1283 2671">
    <p class='ocr_par' dir='ltr' id='par_1_108' title="bbox 838 2632 1283 2671">
     <span class='ocr_line' id='line_1_108' title="bbox 838 2632 1283 2671; baseline 0.022 -10"><span class='ocrx_word' id='word_1_858' title='bbox 838 2632 938 2664; x_wconf 64' lang='lat' dir='ltr'><strong>Variae</strong></span> <span class='ocrx_word' id='word_1_859' title='bbox 959 2634 1113 2669; x_wconf 85' lang='lat' dir='ltr'><strong>lectiones</strong></span> <span class='ocrx_word' id='word_1_860' title='bbox 1136 2641 1166 2669; x_wconf 89' lang='lat' dir='ltr'><strong>et</strong></span> <span class='ocrx_word' id='word_1_861' title='bbox 1189 2642 1283 2671; x_wconf 68' lang='lat' dir='ltr'><strong>notae.</strong></span> 
     </span>
    </p>
   </div>
   <div class='ocr_carea' id='block_1_109' title="bbox 294 2681 1048 2734">
    <p class='ocr_par' dir='ltr' id='par_1_109' title="bbox 294 2681 1035 2734">
     <span class='ocr_line' id='line_1_109' title="bbox 294 2681 1035 2734; baseline 0.008 -25"><span class='ocrx_word' id='word_1_862' title='bbox 294 2683 397 2710; x_wconf 74' lang='grc' dir='ltr'>³αύτόν</span> <span class='ocrx_word' id='word_1_863' title='bbox 407 2682 469 2734; x_wconf 56' lang='lat' dir='ltr'><strong>fed.</strong></span> <span class='ocrx_word' id='word_1_864' title='bbox 508 2681 610 2710; x_wconf 67' lang='lat' dir='ltr'><strong>‘Joan.</strong></span> <span class='ocrx_word' id='word_1_865' title='bbox 627 2689 682 2715; x_wconf 79' lang='lat' dir='ltr'><strong>nx,</strong></span> <span class='ocrx_word' id='word_1_866' title='bbox 699 2683 725 2710; x_wconf 79' lang='lat'><strong>3.</strong></span> <span class='ocrx_word' id='word_1_867' title='bbox 764 2682 776 2699; x_wconf 83' lang='grc'><strong><em>⁸</em></strong></span> <span class='ocrx_word' id='word_1_868' title='bbox 801 2684 895 2712; x_wconf 75' lang='grc' dir='ltr'>ιπιπλ.</span> <span class='ocrx_word' id='word_1_869' title='bbox 920 2687 985 2715; x_wconf 88' lang='lat' dir='ltr'><strong>Ced.</strong></span> <span class='ocrx_word' id='word_1_870' title='bbox 1025 2690 1035 2706; x_wconf 86' lang='grc'>⁶</span> 
     </span>
    </p>
   </div>
   <div class='ocr_carea' id='block_1_110' title="bbox 1101 2681 1886 2734">
    <p class='ocr_par' dir='ltr' id='par_1_110' title="bbox 1101 2693 1886 2734">
     <span class='ocr_line' id='line_1_110' title="bbox 1101 2693 1886 2734; baseline 0.009 -15"><span class='ocrx_word' id='word_1_871' title='bbox 1101 2711 1104 2719; x_wconf 87' lang='lat'>.</span> <span class='ocrx_word' id='word_1_872' title='bbox 1126 2700 1192 2725; x_wconf 84' lang='lat' dir='ltr'><strong>Lvn,</strong></span> <span class='ocrx_word' id='word_1_873' title='bbox 1219 2694 1242 2720; x_wconf 76' lang='grc' dir='ltr'>ι.</span> <span class='ocrx_word' id='word_1_874' title='bbox 1280 2694 1290 2709; x_wconf 87' lang='grc'><strong>⁷</strong></span> <span class='ocrx_word' id='word_1_875' title='bbox 1309 2693 1358 2721; x_wconf 89' lang='lat' dir='ltr'><strong>Os.</strong></span> <span class='ocrx_word' id='word_1_876' title='bbox 1377 2702 1425 2728; x_wconf 80' lang='lat' dir='ltr'><strong>vn,</strong></span> <span class='ocrx_word' id='word_1_877' title='bbox 1443 2695 1523 2727; x_wconf 65' lang='lat'><strong>15,15</strong></span> <span class='ocrx_word' id='word_1_878' title='bbox 1559 2696 1569 2712; x_wconf 85' lang='grc'><strong><em>⁸</em></strong></span> <span class='ocrx_word' id='word_1_879' title='bbox 1582 2697 1628 2724; x_wconf 73' lang='grc' dir='ltr'>καί</span> <span class='ocrx_word' id='word_1_880' title='bbox 1644 2697 1707 2725; x_wconf 86' lang='lat' dir='ltr'><strong>add.</strong></span> <span class='ocrx_word' id='word_1_881' title='bbox 1724 2697 1788 2725; x_wconf 89' lang='lat' dir='ltr'><strong>Ced.</strong></span> <span class='ocrx_word' id='word_1_882' title='bbox 1806 2698 1886 2734; x_wconf 79' lang='grc' dir='ltr'>Ίλήμ</span> 
     </span>
    </p>
   </div>
   <div class='ocr_carea' id='block_1_111' title="bbox 257 2721 758 2763">
    <p class='ocr_par' dir='ltr' id='par_1_111' title="bbox 257 2721 758 2763">
     <span class='ocr_line' id='line_1_111' title="bbox 257 2721 758 2763; baseline 0.006 -7"><span class='ocrx_word' id='word_1_883' title='bbox 257 2731 330 2757; x_wconf 82' lang='lat' dir='ltr'><strong>Slav.</strong></span> <span class='ocrx_word' id='word_1_884' title='bbox 349 2729 395 2757; x_wconf 84' lang='lat' dir='ltr'><strong>sed</strong></span> <span class='ocrx_word' id='word_1_885' title='bbox 410 2721 515 2759; x_wconf 65' lang='grc' dir='ltr'><strong>’πη-πω.</strong></span> <span class='ocrx_word' id='word_1_886' title='bbox 568 2730 579 2746; x_wconf 85' lang='grc'><strong>⁹</strong></span> <span class='ocrx_word' id='word_1_887' title='bbox 597 2729 643 2757; x_wconf 83' lang='lat' dir='ltr'><strong>0s.</strong></span> <span class='ocrx_word' id='word_1_888' title='bbox 659 2737 717 2763; x_wconf 75' lang='lat' dir='ltr'><strong>vui,</strong></span> <span class='ocrx_word' id='word_1_889' title='bbox 730 2730 758 2759; x_wconf 87' lang='lat'><strong>8.</strong></span> 
     </span>
    </p>
   </div>
   <div class='ocr_carea' id='block_1_112' title="bbox 812 2733 1076 2766">
    <p class='ocr_par' dir='ltr' id='par_1_112' title="bbox 812 2733 1076 2766">
     <span class='ocr_line' id='line_1_112' title="bbox 812 2733 1076 2766; baseline 0.023 -6"><span class='ocrx_word' id='word_1_890' title='bbox 812 2733 833 2748; x_wconf 83' lang='lat'><strong>&#39;°</strong></span> <span class='ocrx_word' id='word_1_891' title='bbox 846 2734 893 2761; x_wconf 71' lang='lat' dir='ltr'><strong>atat</strong></span> <span class='ocrx_word' id='word_1_892' title='bbox 905 2734 945 2762; x_wconf 77' lang='grc' dir='ltr'><strong>ὅτι</strong></span> <span class='ocrx_word' id='word_1_893' title='bbox 959 2736 992 2763; x_wconf 87' lang='grc' dir='ltr'><strong>ὼ.</strong></span> <span class='ocrx_word' id='word_1_894' title='bbox 1008 2736 1076 2766; x_wconf 84' lang='lat' dir='ltr'><strong>Ced.</strong></span> 
     </span>
    </p>
   </div>
   <div class='ocr_carea' id='block_1_113' title="bbox 1129 2740 1885 2779">
    <p class='ocr_par' dir='ltr' id='par_1_113' title="bbox 1129 2740 1885 2779">
     <span class='ocr_line' id='line_1_113' title="bbox 1129 2740 1885 2779; baseline 0.008 -13"><span class='ocrx_word' id='word_1_895' title='bbox 1129 2740 1151 2779; x_wconf 49' lang='grc' dir='ltr'><strong>ρ</strong></span> <span class='ocrx_word' id='word_1_896' title='bbox 1165 2740 1245 2768; x_wconf 82' lang='grc' dir='ltr'>πάλιν</span> <span class='ocrx_word' id='word_1_897' title='bbox 1261 2741 1323 2779; x_wconf 68' lang='lat' dir='ltr'><strong>add.</strong></span> <span class='ocrx_word' id='word_1_898' title='bbox 1340 2741 1412 2779; x_wconf 37' lang='grc' dir='ltr'>σθαι</span> <span class='ocrx_word' id='word_1_899' title='bbox 1427 2776 1435 2779; x_wconf 88' lang='lat'><em>_</em></span> <span class='ocrx_word' id='word_1_900' title='bbox 1459 2743 1481 2779; x_wconf 19' lang='grc' dir='ltr'><strong>’γ’</strong></span> <span class='ocrx_word' id='word_1_901' title='bbox 1498 2744 1555 2771; x_wconf 85' lang='lat' dir='ltr'><strong>Jer.</strong></span> <span class='ocrx_word' id='word_1_902' title='bbox 1577 2752 1609 2777; x_wconf 83' lang='grc' dir='ltr'>ιι,</span> <span class='ocrx_word' id='word_1_903' title='bbox 1627 2745 1668 2772; x_wconf 86' lang='grc'><strong>19.</strong></span> <span class='ocrx_word' id='word_1_904' title='bbox 1707 2746 1729 2762; x_wconf 83' lang='grc'><strong>¹³</strong></span> <span class='ocrx_word' id='word_1_905' title='bbox 1745 2745 1790 2774; x_wconf 84' lang='lat' dir='ltr'><strong>Ps.</strong></span> <span class='ocrx_word' id='word_1_906' title='bbox 1807 2754 1885 2779; x_wconf 78' lang='lat' dir='ltr'><strong>un,</strong></span> 
     </span>
    </p>
   </div>
   <div class='ocr_carea' id='block_1_114' title="bbox 256 2763 1048 2815">
    <p class='ocr_par' dir='ltr' id='par_1_114' title="bbox 256 2763 1044 2815">
     <span class='ocr_line' id='line_1_114' title="bbox 256 2763 1044 2815; baseline 0.01 0"><span class='ocrx_word' id='word_1_907' title='bbox 256 2763 749 2815; x_wconf 53' lang='grc' dir='ltr'><strong>Ξδέθιῗῖἓῇ-,ἶξκέίὲᾇῖλδξξῖὶξθῗηλ</strong></span> <span class='ocrx_word' id='word_1_908' title='bbox 760 2802 766 2815; x_wconf 93' lang='grc'>.</span> <span class='ocrx_word' id='word_1_909' title='bbox 779 2767 799 2783; x_wconf 65' lang='grc' dir='ltr'><strong>π·</strong></span> <span class='ocrx_word' id='word_1_910' title='bbox 814 2769 846 2815; x_wconf 67' lang='grc' dir='ltr'>ει</span> <span class='ocrx_word' id='word_1_911' title='bbox 857 2770 970 2815; x_wconf 51' lang='lat' dir='ltr'><strong>nam</strong></span> <span class='ocrx_word' id='word_1_912' title='bbox 994 2763 1044 2800; x_wconf 63' lang='grc' dir='ltr'><strong>εδδ</strong></span> 
     </span>
    </p>
   </div>
   <div class='ocr_carea' id='block_1_115' title="bbox 1101 2763 1884 2815">
    <p class='ocr_par' dir='ltr' id='par_1_115' title="bbox 1101 2763 1884 2815">
     <span class='ocr_line' id='line_1_115' title="bbox 1101 2763 1884 2815; baseline 0.006 -13"><span class='ocrx_word' id='word_1_913' title='bbox 1101 2775 1115 2790; x_wconf 63' lang='grc' dir='ltr'>ι·</span> <span class='ocrx_word' id='word_1_914' title='bbox 1128 2763 1245 2815; x_wconf 59' lang='grc' dir='ltr'><strong>ηςξῖῑξςι</strong></span> <span class='ocrx_word' id='word_1_915' title='bbox 1259 2763 1687 2815; x_wconf 57' lang='grc' dir='ltr'><strong>ιῖῖιδῖνζίτθεεπςτῑξ’έέῑιςέη</strong></span> <span class='ocrx_word' id='word_1_916' title='bbox 1700 2763 1884 2815; x_wconf 52' lang='lat' dir='ltr'><strong>aestima}:</strong></span> 
     </span>
    </p>
   </div>
   <div class='ocr_carea' id='block_1_116' title="bbox 257 2794 1162 2841">
    <p class='ocr_par' dir='ltr' id='par_1_116' title="bbox 257 2794 1162 2841">
     <span class='ocr_line' id='line_1_116' title="bbox 257 2794 1162 2841; baseline 0.013 -16"><span class='ocrx_word' id='word_1_917' title='bbox 257 2801 284 2841; x_wconf 44' lang='grc' dir='ltr'><strong>ξε</strong></span> <span class='ocrx_word' id='word_1_918' title='bbox 297 2794 326 2839; x_wconf 50' lang='lat'><strong>8..</strong></span> <span class='ocrx_word' id='word_1_919' title='bbox 365 2800 386 2815; x_wconf 82' lang='lat'>&quot;</span> <span class='ocrx_word' id='word_1_920' title='bbox 398 2798 603 2841; x_wconf 64' lang='grc' dir='ltr'><strong>ἀντειιιιοδέδοτε⁴</strong></span> <span class='ocrx_word' id='word_1_921' title='bbox 618 2794 695 2841; x_wconf 66' lang='grc' dir='ltr'>υξιιι.</span> <span class='ocrx_word' id='word_1_922' title='bbox 712 2800 806 2841; x_wconf 82' lang='lat' dir='ltr'><strong>C_ed.__</strong></span> <span class='ocrx_word' id='word_1_923' title='bbox 816 2794 1102 2841; x_wconf 28' lang='grc' dir='ltr'><strong>ξδύειινιῖῠξιιίῖιζ-ἓϐ.</strong></span> <span class='ocrx_word' id='word_1_924' title='bbox 1128 2794 1162 2826; x_wconf 48' lang='grc' dir='ltr'><strong>’ἦ</strong></span> 
     </span>
    </p>
   </div>
   <div class='ocr_carea' id='block_1_117' title="bbox 256 2833 368 2868">
    <p class='ocr_par' dir='ltr' id='par_1_117' title="bbox 256 2833 368 2868">
     <span class='ocr_line' id='line_1_117' title="bbox 256 2833 368 2868; baseline -0.018 -7"><span class='ocrx_word' id='word_1_925' title='bbox 256 2833 368 2868; x_wconf 72' lang='grc' dir='ltr'>Πνεῦμα</span> 
     </span>
    </p>
   </div>
   <div class='ocr_carea' id='block_1_118' title="bbox 381 2833 1059 2883">
    <p class='ocr_par' dir='ltr' id='par_1_118' title="bbox 381 2833 1059 2883">
     <span class='ocr_line' id='line_1_118' title="bbox 381 2833 1059 2883; baseline 0 0"><span class='ocrx_word' id='word_1_926' title='bbox 381 2833 624 2883; x_wconf 35' lang='lat' dir='ltr'><strong>ﬁrmati)?“</strong></span> <span class='ocrx_word' id='word_1_927' title='bbox 644 2836 760 2883; x_wconf 63' lang='grc' dir='ltr'><strong>ξριστδξ</strong></span> <span class='ocrx_word' id='word_1_928' title='bbox 786 2837 888 2883; x_wconf 60' lang='grc' dir='ltr'><strong>κέραιε</strong></span> <span class='ocrx_word' id='word_1_929' title='bbox 906 2853 941 2860; x_wconf 89' lang='grc'><strong><em>-</em></strong></span> <span class='ocrx_word' id='word_1_930' title='bbox 959 2833 1059 2883; x_wconf 42' lang='lat' dir='ltr'><strong>sediv-</strong></span> 
     </span>
    </p>
   </div>
   <div class='ocr_carea' id='block_1_119' title="bbox 256 2868 1048 2917">
    <p class='ocr_par' dir='ltr' id='par_1_119' title="bbox 256 2868 1048 2914">
     <span class='ocr_line' id='line_1_119' title="bbox 256 2868 1048 2914; baseline 0.011 -20"><span class='ocrx_word' id='word_1_931' title='bbox 256 2868 349 2899; x_wconf 61' lang='lat' dir='ltr'><strong>rwo.</strong></span> <span class='ocrx_word' id='word_1_932' title='bbox 386 2868 495 2904; x_wconf 59' lang='lat' dir='ltr'><strong>&quot;qua;</strong></span> <span class='ocrx_word' id='word_1_933' title='bbox 523 2868 587 2898; x_wconf 66' lang='lat' dir='ltr'><strong>ceu.</strong></span> <span class='ocrx_word' id='word_1_934' title='bbox 604 2884 639 2890; x_wconf 91' lang='grc'><strong><em>-</em></strong></span> <span class='ocrx_word' id='word_1_935' title='bbox 654 2868 756 2907; x_wconf 71' lang='grc' dir='ltr'>ἁμαρ-τί</span> <span class='ocrx_word' id='word_1_936' title='bbox 780 2868 841 2914; x_wconf 63' lang='lat' dir='ltr'><strong>cod}</strong></span> <span class='ocrx_word' id='word_1_937' title='bbox 863 2874 1001 2909; x_wconf 78' lang='grc' dir='ltr'>ἁμαρτίας</span> <span class='ocrx_word' id='word_1_938' title='bbox 1017 2868 1048 2906; x_wconf 64' lang='grc' dir='ltr'><strong>οε</strong></span> 
     </span>
    </p>
   </div>
   <div class='ocr_carea' id='block_1_120' title="bbox 1101 2868 1298 2917">
    <p class='ocr_par' dir='ltr' id='par_1_120' title="bbox 1101 2868 1298 2917">
     <span class='ocr_line' id='line_1_120' title="bbox 1101 2868 1298 2917; baseline 0.01 -10"><span class='ocrx_word' id='word_1_939' title='bbox 1101 2894 1128 2899; x_wconf 97' lang='grc'><strong>-</strong></span> <span class='ocrx_word' id='word_1_940' title='bbox 1144 2868 1298 2917; x_wconf 60' lang='grc' dir='ltr'><strong>ὗᾶεἷῳῖίέῐῖ</strong></span> 
     </span>
    </p>
   </div>
   <div class='ocr_carea' id='block_1_121' title="bbox 1192 2811 1886 2848">
    <p class='ocr_par' dir='ltr' id='par_1_121' title="bbox 1192 2811 1886 2848">
     <span class='ocr_line' id='line_1_121' title="bbox 1192 2811 1886 2848; baseline 0.01 -11"><span class='ocrx_word' id='word_1_941' title='bbox 1192 2811 1264 2848; x_wconf 76' lang='grc' dir='ltr'>μάλα</span> <span class='ocrx_word' id='word_1_942' title='bbox 1283 2820 1348 2846; x_wconf 71' lang='grc' dir='ltr'>σαιρ.</span> <span class='ocrx_word' id='word_1_943' title='bbox 1366 2812 1431 2840; x_wconf 82' lang='lat' dir='ltr'><strong>Ced.</strong></span> <span class='ocrx_word' id='word_1_944' title='bbox 1471 2814 1492 2829; x_wconf 90' lang='grc'><strong>¹¹</strong></span> <span class='ocrx_word' id='word_1_945' title='bbox 1507 2811 1533 2842; x_wconf 74' lang='grc' dir='ltr'><strong>ὗ,</strong></span> <span class='ocrx_word' id='word_1_946' title='bbox 1547 2815 1618 2848; x_wconf 79' lang='grc' dir='ltr'>λέγει</span> <span class='ocrx_word' id='word_1_947' title='bbox 1632 2814 1697 2844; x_wconf 79' lang='lat' dir='ltr'><strong>Ced.</strong></span> <span class='ocrx_word' id='word_1_948' title='bbox 1714 2816 1778 2843; x_wconf 86' lang='lat' dir='ltr'><strong>Thr.</strong></span> <span class='ocrx_word' id='word_1_949' title='bbox 1795 2825 1831 2848; x_wconf 83' lang='lat' dir='ltr'><strong>Iv.</strong></span> <span class='ocrx_word' id='word_1_950' title='bbox 1848 2811 1886 2843; x_wconf 69' lang='grc' dir='ltr'><strong>Ξιῖ</strong></span> 
     </span>
    </p>
   </div>
   <div class='ocr_carea' id='block_1_122' title="bbox 1111 2845 1884 2887">
    <p class='ocr_par' dir='ltr' id='par_1_122' title="bbox 1111 2845 1884 2887">
     <span class='ocr_line' id='line_1_122' title="bbox 1111 2845 1884 2887; baseline 0.01 -16"><span class='ocrx_word' id='word_1_951' title='bbox 1111 2845 1134 2861; x_wconf 78' lang='grc'>³³</span> <span class='ocrx_word' id='word_1_952' title='bbox 1147 2846 1198 2887; x_wconf 60' lang='lat' dir='ltr'><strong>09x</strong></span> <span class='ocrx_word' id='word_1_953' title='bbox 1222 2847 1344 2887; x_wconf 59' lang='grc' dir='ltr'>εξπῳμεν</span> <span class='ocrx_word' id='word_1_954' title='bbox 1358 2849 1417 2876; x_wconf 81' lang='lat' dir='ltr'><strong>cod.</strong></span> <span class='ocrx_word' id='word_1_955' title='bbox 1464 2848 1486 2864; x_wconf 76' lang='lat'><em>“</em></span> <span class='ocrx_word' id='word_1_956' title='bbox 1505 2851 1519 2876; x_wconf 77' lang='grc' dir='ltr'><strong>ὸ</strong></span> <span class='ocrx_word' id='word_1_957' title='bbox 1539 2845 1601 2877; x_wconf 82' lang='lat' dir='ltr'><strong>add.</strong></span> <span class='ocrx_word' id='word_1_958' title='bbox 1628 2849 1694 2879; x_wconf 67' lang='lat' dir='ltr'><strong>(Sed.</strong></span> <span class='ocrx_word' id='word_1_959' title='bbox 1734 2851 1756 2867; x_wconf 91' lang='lat'><strong>&quot;</strong></span> <span class='ocrx_word' id='word_1_960' title='bbox 1770 2845 1833 2887; x_wconf 40' lang='lat' dir='ltr'><strong>Sap&#39;.</strong></span> <span class='ocrx_word' id='word_1_961' title='bbox 1851 2860 1884 2883; x_wconf 83' lang='lat' dir='ltr'><strong>Il,</strong></span> 
     </span>
    </p>
   </div>
  </div>
