2066 3150
169 153 223 184 473

760 156 997 188 CHRONICON.
1016 168 1051 174 -
1072 156 1148 188 LIB.
1170 156 1231 188 ΙΙΙ.

1760 152 1813 183 Hi.

170 216 202 243 οὐ
215 216 237 232 ’⁷
255 214 436 250 πεπλήρωται
453 212 541 240 ταῦτα
554 214 577 230 ’³
599 214 814 249 ἁπαραλείπτως
831 214 904 241 κατὰ
920 214 967 245 τὰς

1023 215 1089 250 quid
1106 214 1359 250 prtenuntiaverltnt
1379 211 1406 239 in
1426 217 1475 238 vos
1499 217 1641 238 sermones
1670 210 1816 245 propheta-

171 262 247 298 ἱερὰς
260 262 432 297 προρρήσεις
447 261 488 292 εἰς
504 261 576 296 ὑμᾶς
587 269 594 276 ·
612 260 660 287 καὶ
682 260 776 295 μέντοι
798 262 846 287 καὶ
865 260 900 287 τὰ
915 260 968 286 ὑπὸ

170 308 293 344 Χριστοῦ
328 306 600 342 προκατηγγελμένα
628 307 677 333 καὶ
713 307 964 342 προηπειλημένα·

171 355 239 392 φησὶ
259 354 315 388 γὰρ
341 354 407 388 περὶ
420 353 471 387 τῆς
504 352 688 387 Ἰερουσαλὴμ
715 352 761 379 καὶ
780 352 827 379 τοῦ
847 354 877 379 ἐν
896 352 966 388 αὐτῇ

170 401 247 431 ναοῦ,
264 400 339 427 ὄτι⁹⁹
358 408 367 425 1
383 399 421 425 Οὐ
441 399 479 433 μὴ
494 398 576 434 μείνῃ
587 397 662 429 λίθος
688 398 735 424 ἐπὶ
756 398 843 425 λίθον.
862 407 872 424 ι
890 396 967 433 *Αρα

173 447 346 483 μεμένηκενς
364 444 508 480 Οὐδαμῶς.
525 458 560 465 --
571 444 626 471 Καί
641 445 649 460 ¹
663 452 670 458 ¹
694 453 704 470 ‹
729 444 810 477 Ἰδοὺ,
823 445 936 480 ἀφίεται
953 445 968 471 ὁ

171 492 245 524 οἶκος
259 491 338 527 ὑμῶν
353 490 471 526 ἔρημος.
503 499 512 516 ι
532 487 608 524 ’Δρα
636 489 688 516 οὐκ
718 490 881 525 tmpus-rat;
907 491 965 517 Καὶ

173 539 274 574 σφόδρα
288 546 330 571 γε.
342 551 379 557 --
392 536 448 563 Καί
461 536 471 550 ‘
489 542 496 549 '
519 545 528 561 1
547 535 643 561 Ἔσται
659 535 748 570 θλῖψις
763 536 807 562 οἶα
823 536 854 562 οὺ
883 536 968 571 γέγο-

172 594 228 613 νεν.
247 594 256 610 ι
271 581 345 618 *Δρα
364 583 416 609 οὐκ
440 582 572 616 ἒγένετο;
595 581 747 615 Ἀνὰγνωοι
768 582 819 617 τὴν
840 583 968 618 ἱστορίαν

179 631 313 665 Ἰωσήπου
325 629 423 663 ἀνδρδς
435 628 596 664 (ὑμετέρου)
619 628 750 655 Ἰουδαίου
775 628 824 654 καὶ
852 628 970 663 φιλαλή-

173 678 237 708 θους
251 684 257 691 '
273 675 321 702 καὶ
345 675 406 701 οὐδὲ
429 674 601 702 ἀναπνεῦσαι
629 673 724 701 λοιπὸν
749 674 864 710 δυνήσῃ,
886 674 966 710 301

174 724 255 757 μόνον
267 721 375 749 ἀκούων
388 718 433 748 οἷα
448 722 458 736 ³
473 721 575 747 ἔπαθον
586 722 610 747 oi
621 720 709 747 ἄθλιοι
719 721 751 747 τδ
765 721 826 747 τότε
844 721 968 748 Ἰουδαῖοι

171 767 283 802 διὰντὴν
295 766 392 802 [κατὰ]
408 765 457 793 τοῦ
485 766 592 800 Κυρίου
623 766 635 782 ⁸
651 765 754 801 μανίαν
778 766 827 793 καὶ
852 766 967 793 λύσσαν.

172 814 233 840 Ἵνα
247 813 301 847 γὰρ
314 812 409 847 μηδεὶς
422 812 479 839 τῶν
496 812 635 839 Ἰουδαίων
657 812 810 848 ἀπιστήσῃ.
822 812 872 838 οὐκ
887 811 968 839 ἀλλό-

172 860 257 893 φυλόν
275 868 347 891 τινα,
365 859 424 886 ἀλλ’
439 858 589 893 ὁμόφυλον.
607 859 655 885 καὶ
675 858 836 893 ὁμόπιστον,
853 859 901 885 καὶ
917 858 968 894 ξη-

133 899 137 903 .
171 905 262 941 λωτὴν
275 904 487 940 παρεσκεύασεν
502 905 518 939 ἡ
534 904 651 939 ἀλήθεια
677 904 713 931 τὰ
741 904 848 931 ἐλεεινὰ
871 905 968 932 ἐκεῖνα

173 953 220 978 καὶ
234 951 406 986 δυσεξήγητα
425 950 636 986 ἑκτραγῳδῆσαι
651 951 725 987 πάθη
740 959 746 967 ·
765 951 897 986 τοιαύτην
914 953 969 986 γὰρ

175 998 308 1033 θεήλατον
334 997 495 1032 ὑπέστησαν
513 996 627 1030 ἅλωσιν,
655 998 716 1025 οῐαν
733 997 793 1024 οὐδὲ
817 998 832 1024 ὁ
858 997 969 1033 σύμπας

172 1041 227 1069 οἶδε
242 1043 351 1079 χρόνος,
365 1043 414 1076 ἀφ’
436 1039 468 1069 οὗ
491 1042 605 1077 γέγονεν
620 1043 666 1069 ἐπὶ
680 1043 731 1078 τῆς
743 1043 797 1077 γῆς
813 1043 968 1079 ἄνθρωπος,

173 1088 222 1114 καὶ
238 1088 370 1119 εἰκότως·
390 1088 444 1119 ἕως
469 1088 520 1123 μέν
547 1088 602 1123 γὰρ
634 1088 677 1120 είς
707 1088 771 1119 τοὺς
801 1088 969 1123 ὁμοδούλους

171 1135 342 1169 ἡμάρτανον,
358 1132 527 1168 συγγνώμης
543 1134 695 1169 ἐτύγχανον
706 1141 714 1149 ·
732 1134 816 1170 ἡνίκα
827 1134 856 1161 δὲ
872 1135 912 1166 είς
922 1135 969 1161 τὸν

173 1180 265 1206 κοινὸν
286 1180 429 1214 Δεσπότην
443 1179 617 1215 ἐξήμαρτον,
641 1180 847 1214 ἁσυγγνώστως
873 1181 970 1208 ἐκολά-

174 1225 291 1260 σθησαν.
308 1226 369 1252 Ὂτι
381 1225 409 1252 δὲ
419 1227 433 1252 ὁ
447 1226 567 1260 Χριστὸς
578 1227 733 1261 πεποίηκεν
745 1227 839 1259 αὐτοῖς
848 1228 859 1243 ⁵
869 1227 969 1260 ταῦτα,

172 1272 290 1298 ἄιουσον
302 1272 387 1298 αὐτοῦ
397 1271 481 1298 πάλιν
493 1273 541 1299 καὶ
552 1272 596 1299 διὰ
606 1273 767 1309 παραϐολῆς
780 1274 934 1308 φάσκοντος
947 1275 967 1290 ³·

175 1327 185 1343 1
205 1317 275 1348 Τοὺς
294 1317 322 1343 δὲ
340 1317 378 1352 μὴ
405 1317 587 1351 βουληθέντας
620 1327 654 1353 με
680 1318 844 1352 βασιλεῦσαι
860 1319 905 1346 ἐπ’
921 1319 970 1345 αὑ-

171 1363 247 1395 τοὺς,
263 1364 384 1397 ἀγάγετε
399 1360 449 1390 ὧδε
463 1365 511 1390 καὶ
526 1365 731 1399 κατασφάξατε.
753 1375 762 1391 ι
778 1366 824 1392 Διὸ
838 1367 884 1392 καὶ
900 1366 970 1401 πρὸς

171 1409 273 1440 αὐτοὺς
286 1409 381 1443 ἔλεγεν
397 1410 407 1426 ⁷
417 1419 424 1425 ·
444 1418 454 1436 1
477 1410 640 1445 Ἀροήσεται
655 1411 703 1446 ἀφ’
719 1411 799 1446 ὑμῶν
814 1412 830 1447 ὴ
844 1411 970 1446 βασιλεία

172 1455 222 1481 καὶ
232 1455 380 1490 δοθήσεται
392 1455 465 1482 ἔθνει
476 1456 601 1483 ποιοῦντι
616 1456 682 1489 τοὺς
697 1457 823 1493 καρποὺς
839 1457 936 1492 αὐτῆς.
955 1467 965 1483 ι

172 1501 230 1527 Καὶ
245 1501 315 1537 πρὸς
336 1501 386 1536 μὲν
401 1502 451 1537 τὴν
472 1501 653 1538 Ἰερουσαλήμ
668 1511 752 1539 φησιν
766 1504 793 1519 ⁸·
809 1513 819 1530 ‹
837 1503 970 1536 Ἤξουσιν

173 1547 221 1574 ἐπὶ
233 1556 263 1574 σε
277 1548 392 1584 ἡμέραι,
418 1549 466 1575 καὶ
493 1549 673 1584 περιϐαλοῡσί
699 1558 740 1576 σοι
758 1550 783 1576 οι
799 1550 892 1585 ἐχθροί
920 1558 968 1577 σου

174 1594 295 1630 χάρακα,
325 1595 373 1621 καὶ
398 1595 572 1622 κυκλώσουσί
599 1605 639 1629 σε,
671 1596 721 1623 καὶ
744 1596 885 1628 συνέξουσί
915 1596 968 1633 [σε]

175 1640 321 1673 πάντοθεν,
334 1640 383 1667 καὶ
398 1641 543 1675 έδαφιοῦσι
557 1641 592 1668 τὰ
603 1642 688 1668 τέκνα
701 1650 748 1668 σου
760 1643 788 1669 ἐν
799 1642 851 1669 σοί.
869 1652 879 1669 ι
897 1643 970 1678 Πρὸς

173 1686 204 1714 δὲ
217 1687 281 1717 τοὺς
293 1687 417 1719 ἀπειθεῖς
438 1688 584 1719 Ἰουδαίους
600 1688 699 1722 ἐπάγει
715 1688 803 1723 λέγων
819 1689 830 1705 ⁵
840 1697 848 1703 ·
871 1699 881 1716 1
898 1689 968 1716 Ἰδοὺ

174 1733 285 1767 ἀφίεται
302 1735 317 1760 ὀ
333 1731 410 1765 οἶκος
436 1734 514 1769 ὑμῶν
541 1733 657 1770 ἔρημος,
681 1744 691 1761 ι
723 1735 792 1770 ὅπερ
809 1734 855 1762 οὖν
880 1736 929 1763 καὶ
955 1737 970 1763 ὁ

174 1781 247 1812 θεῖος
264 1780 366 1816 Δανιὴλ
383 1780 527 1815 προδηλῶν
540 1780 593 1815 ἔφη
608 1780 630 1796 ’⁸
644 1788 651 1796 ·
673 1789 682 1806 1
700 1779 757 1816 Τὴν
780 1780 859 1808 πόλιν
875 1782 922 1808 καὶ
939 1781 970 1808 τδ

174 1829 254 1862 ἅγιον
270 1828 415 1863 διαφθερεῖ
431 1827 481 1854 σὺν
496 1827 535 1862 τῷ
558 1828 707 1863 ἡγουμένῳ
723 1828 762 1863 τῷ
785 1828 938 1864 ἐρχομένῳ,
957 1838 966 1855 ι

174 1873 318 1900 τουτέστιν
336 1873 350 1899 ὁ
364 1872 431 1904 Θεὸς
445 1873 493 1900 καὶ
521 1872 617 1908 Πατὴρ
643 1873 754 1900 πάντων
779 1874 916 1901 Ἰουδαίων
935 1874 969 1902 τὰ

174 1920 264 1954 σεμνὰ
275 1920 324 1946 καὶ
348 1919 521 1954 περίὸλεπτα
541 1919 703 1954 ἀνατρέψει,
716 1920 786 1947 ἀλλὰ
810 1921 859 1948 καὶ
874 1920 889 1946 ὁ
904 1921 969 1953 Υἱὸς

174 1965 222 1991 καὶ
237 1964 355 1999 Χριστὸς
372 1965 405 1997 ¹¹,
423 1965 438 1990 ὁ
454 1964 519 2000 παρ’
531 1964 623 1991 αὐτῶν
639 1965 678 1997 ὡς
691 1965 836 2001 λυτρωτὴς
848 1965 967 2001 προσδο-

173 2009 300 2045 κίφμενος
314 2011 362 2037 καὶ
375 2011 479 2046 σωτήρ.
497 2009 536 2038 Οὐ
552 2010 607 2046 γὰρ
621 2008 693 2043 εἶπε,
711 2011 937 2047 Διαφθαρήσεται
951 2013 967 2047 ἡ

173 2056 254 2088 πόλις
270 2057 319 2083 καὶ
334 2057 349 2082 ό
367 2056 431 2088 ναὸς
448 2056 498 2083 σὺν
524 2056 564 2092 τῷ
581 2056 738 2092 ἡγουμένῳ,
755 2056 847 2088 καθὼς
861 2057 969 2091 ἀλόγως

173 2102 277 2129 οἴονταί
303 2111 388 2135 τινες,
403 2102 470 2129 ἀλλὰ
489 2103 522 2135 ¹²,
557 2111 566 2128 1
596 2102 746 2138 Διαφθεριί
766 2103 780 2129 ὁ
796 2103 891 2139 Πατὴρ
922 2104 968 2129 τὸν

173 2149 238 2176 ναὸν
253 2149 301 2175 καὶ
324 2149 374 2183 τὴν
393 2148 483 2181 πόλιν,
501 2158 511 2174 ι
526 2148 754 2184 συμπράττοντος
769 2148 893 2184 δηλονότι
919 2149 968 2175 καὶ

172 2195 221 2221 τοῦ
246 2194 459 2230 παροινηοέντος
474 2195 520 2221 ὑπ’
548 2195 639 2221 αὐτῶν
664 2195 831 2230 ἡγουμένου,
857 2195 923 2230 περὶ
938 2191 968 2222 οὗ

1021 270 1094 294 rum,
1111 266 1138 289 et
1153 268 1214 296 qua:
1227 260 1286 294 ipse
1302 258 1475 293 prophetavit
1488 256 1615 284 Christus
1640 261 1668 283 et
1693 256 1816 283 minatus

1020 312 1071 336 est.
1092 308 1164 335 Dixit
1180 307 1252 334 enim
1268 306 1301 333 de
1316 305 1467 332 Jerusalem
1497 307 1525 331 et
1538 303 1585 338 {de
1615 302 1716 339 templo
1743 302 1817 336 ejus,

1020 355 1084 390 quia
1106 363 1115 380 1
1134 361 1187 380 non
1204 352 1354 379 remanebit
1373 351 1441 384 lapis
1461 357 1543 383 super
1568 348 1698 383 lapidem.
1724 357 1734 373 ι
1764 348 1816 374 Re-

1020 399 1174 427 mansitne?
1207 397 1380 431 Neuliquam.
1396 396 1427 422 Et
1454 403 1461 421 :
1482 405 1492 421 1
1510 394 1690 428 Relinquetur
1716 393 1816 420 domus

1020 449 1111 473 vestra
1134 446 1243 473 deserta
1256 463 1263 470 .
1281 453 1289 469 ι
1316 442 1412 469 Nonne
1432 442 1538 469 deserta
1554 440 1614 468 est?
1644 439 1677 466 Et
1705 439 1816 473 quidem

1018 500 1144 528 prorsus.
1158 491 1189 519 Et
1203 500 1210 518 ι
1225 500 1234 517 1
1249 490 1307 517 Erit
1321 495 1450 525 pressura
1463 487 1553 522 qualis
1566 494 1620 513 non
1637 485 1698 513 fuit.
1716 495 1725 512 ι
1740 485 1817 513 Fuit-

1021 548 1054 567 ne
1068 537 1302 574 pressuraiLege
1324 535 1468 563 historiam
1491 533 1603 569 Josephi
1623 533 1669 568 qui
1702 532 1755 560 fuit
1783 540 1816 559 ea

1020 586 1097 613 vobis
1111 590 1138 612 et
1150 584 1273 611 veritatis
1284 590 1391 613 amans.
1406 585 1434 608 et
1453 589 1506 608 non
1522 581 1576 614 jam
1600 579 1740 614 respirare
1767 587 1818 614 po-

1022 631 1089 658 teris
1108 629 1222 657 audiens
1244 632 1347 664 quanta
1366 632 1432 655 tunc
1466 626 1559 654 miseri
1585 625 1657 660 passi
1687 625 1741 652 sint
1769 624 1817 651 Ju-

1021 677 1071 705 daei
1088 676 1123 704 ob
1139 677 1260 703 furorem
1283 679 1309 702 et
1320 674 1422 702 rabiem
1444 673 1576 700 adversus
1592 671 1757 705 Dominum.
1777 669 1817 697 Ne

1021 723 1094 751 enim
1113 722 1258 757 quisquam
1284 720 1441 748 Judzeorum
1466 718 1611 749 dillideret.
1630 725 1685 744 non
1698 717 1816 743 alienum

1021 770 1122 797 veritas
1151 768 1204 795 sibi
1225 767 1396 803 comparavit
1419 772 1585 801 pra-conem,
1617 764 1664 791 sed
1691 763 1815 798 ejusdem

1022 815 1111 851 gentis
1124 819 1151 842 et
1167 814 1229 842 ﬁdei
1251 814 1351 845 virum,
1366 820 1473 840 necnon
1488 817 1515 840 et
1527 811 1585 839 ιεΙο
1596 818 1754 842 accensum,
1768 810 1816 845 qui

1021 861 1178 890 miseranda
1194 861 1252 888 hate
1264 864 1292 888 et
1307 859 1420 887 infanda
1437 858 1575 887 narrando
1605 858 1814 884 lamentaretur.

1021 907 1087 935 Eam
1113 907 1185 934 enim
1214 914 1229 934 a
1251 905 1306 933 Deo
1336 904 1423 933 Judaei
1453 904 1563 932 subiere
1584 902 1816 938 expugnationem

1020 962 1103 989 quam
1120 953 1186 980 nulli
1205 960 1326 987 unquam
1343 952 1471 979 viderunt
1485 957 1518 978 ex
1537 958 1592 985 quo
1609 950 1691 977 homo
1707 949 1775 977 vivit
1789 949 1817 977 in

1022 1005 1105 1032 terra,
1121 1004 1147 1027 et
1163 999 1273 1034 quidem
1293 998 1402 1026 merito.
1422 997 1491 1024 Dum
1508 997 1535 1024 in
1558 1003 1653 1024 servos
1679 996 1730 1024 sibi
1749 1003 1818 1023 con-

1021 1047 1125 1075 similes
1151 1048 1347 1080 peceaverunt,
1372 1044 1558 1072 condonatum
1580 1048 1621 1070 est
1651 1042 1723 1075 illis;
1753 1050 1817 1070 cum

1022 1101 1086 1120 vero
1098 1092 1124 1119 in
1139 1092 1329 1119 universorum
1340 1090 1603 1125 Dominum,pmnas
1617 1090 1738 1117 tulerunt
1751 1090 1819 1118 irre-

1022 1138 1179 1167 missibiles.
1200 1137 1278 1171 Quod
1299 1136 1426 1164 Christus
1443 1137 1501 1164 hate
1519 1136 1573 1164 illis
1590 1136 1702 1169 fecerit,
1719 1135 1819 1163 audias

1021 1191 1069 1218 per
1093 1182 1250 1218 parabolam
1277 1183 1433 1217 loquentem
1453 1189 1460 1207 ε
1482 1191 1492 1207 ‹
1515 1181 1579 1209 Illos
1597 1181 1643 1216 qui
1666 1181 1817 1209 noluerunt

1021 1237 1065 1257 me
1079 1236 1192 1264 regnare
1224 1236 1306 1263 super
1323 1236 1362 1261 se,
1380 1228 1506 1255 adducite
1521 1228 1577 1256 hue
1600 1233 1627 1255 et
1650 1229 1784 1263 jugulate.
1805 1237 1815 1254 ι

1021 1276 1169 1310 Propterea
1184 1275 1238 1302 illis
1251 1275 1378 1302 dicebat:
1393 1284 1401 1300 1
1417 1274 1566 1302 Auferetur
1579 1282 1595 1302 a
1612 1274 1690 1302 vobis
1702 1282 1816 1309 regnum

1020 1326 1046 1348 et
1061 1321 1172 1348 dabitur
1189 1320 1261 1355 genti
1279 1319 1388 1346 facienti
1408 1319 1514 1347 fructus
1529 1319 1601 1354 ejus.
1622 1329 1632 1345 ι
1652 1319 1685 1346 Ει
1702 1320 1813 1355 quidem

1021 1368 1053 1395 ad
1067 1366 1219 1394 Jerusalem
1235 1366 1326 1393 dicit:
1347 1376 1356 1392 1
1380 1365 1496 1393 Venient
1509 1366 1536 1393 in
1557 1370 1583 1393 te
1609 1366 1679 1398 dies,
1712 1370 1739 1393 et
1763 1366 1818 1393 cir-

1022 1413 1190 1441 cumdabnnt
1215 1417 1239 1440 te
1255 1412 1358 1440 inimici
1376 1412 1415 1440 lui
1434 1412 1517 1444 vallo,
1544 1415 1571 1440 et
1598 1412 1819 1440 circnmstabunt

1022 1464 1048 1487 te
1061 1459 1193 1494 undique,
1208 1463 1236 1486 et
1255 1463 1430 1492 prosternent
1445 1459 1477 1486 ad
1499 1463 1600 1486 terram
1617 1458 1687 1486 lilios
1708 1462 1770 1485 tuos
1789 1458 1818 1485 in

1023 1511 1060 1532 te.
1080 1515 1088 1531 ι
1109 1504 1140 1531 Et
1154 1505 1188 1532 ad
1214 1505 1314 1533 inlidos
1338 1505 1448 1532 Judzeos
1465 1505 1581 1539 loquens
1596 1505 1671 1532 addit
1689 1512 1696 1530 :
1718 1514 1727 1531 1
1749 1504 1819 1533 Ecce

1024 1552 1194 1586 relinquetur
1209 1551 1308 1578 domus
1321 1555 1412 1577 vestra
1429 1551 1548 1578 deserta.
1570 1559 1580 1575 ι
1600 1550 1676 1583 Quod
1693 1555 1721 1577 et
1737 1551 1818 1579 divus

1023 1598 1117 1625 Daniel
1143 1597 1330 1632 pramuntians
1357 1596 1448 1623 dixit:
1473 1605 1482 1622 1
1500 1596 1600 1624 Urbem
1630 1601 1657 1624 et
1688 1601 1817 1624 sanctua—

1022 1644 1093 1671 rium
1104 1644 1225 1671 destruet
1234 1650 1297 1671 cum
1312 1643 1382 1670 duce
1397 1647 1529 1675 venturo;
1550 1651 1560 1668 ι
1580 1642 1605 1670 id
1623 1647 1676 1676 est,
1694 1642 1765 1671 Deus
1791 1649 1818 1671 et

1022 1690 1103 1717 Pater
1117 1690 1240 1717 omnium
1254 1689 1387 1717 solemnia
1405 1693 1432 1716 et
1448 1688 1563 1716 illustria
1577 1697 1688 1724 quoque
1701 1689 1814 1716 ludam-

1022 1743 1082 1763 rum
1099 1735 1231 1767 destruet,
1251 1734 1298 1762 sed
1327 1738 1354 1761 et
1378 1734 1504 1762 Christus
1527 1734 1614 1762 Filius
1641 1742 1705 1767 una,
1733 1742 1815 1769 quem

1023 1782 1222 1815 redemptorem
1247 1785 1476 1815 exspectaverunt
1503 1785 1530 1807 et
1558 1780 1734 1808 salvatorem.
1753 1780 1813 1809 Non

1020 1827 1093 1854 enim
1104 1827 1173 1853 dixit
1184 1834 1191 1852 :
1203 1826 1365 1853 Destruetur
1378 1825 1475 1853 civitas
1484 1830 1510 1853 et
1521 1825 1651 1860 templum
1663 1833 1724 1852 cum
1735 1825 1816 1858 duce,

1021 1874 1093 1901 sicut
1109 1872 1268 1900 existimant
1297 1871 1420 1898 nonnulli
1445 1876 1579 1904 errantes,
1599 1871 1670 1904 'sed,
1689 1871 1817 1899 Destruet

1024 1919 1105 1947 Pater
1120 1918 1249 1954 templum
1266 1923 1293 1945 et
1309 1917 1448 1945 civitatem
1471 1917 1717 1952 compartlcipante
1731 1918 1816 1945 nimi-

1021 1973 1092 1997 rum,
1121 1973 1202 2000 quem
1215 1963 1390 1991 eontumeliis
1408 1968 1602 1991 saturaverunt
1617 1963 1698 1996 duce,
1716 1963 1749 1990 de
1760 1971 1816 1997 quo

1019 2011 1105 2040 Jaeob
1133 2012 1166 2038 ad
1191 2011 1326 2038 Bethleem
1345 2019 1351 2037 :
1371 2020 1380 2036 1
1401 2009 1439 2037 Ex
1465 2014 1491 2037 te
1514 2009 1671 2045 egredietur
1687 2009 1754 2040 dux.
1770 2014 1816 2037 tet

1021 2060 1138 2094 reliqua.
1165 2058 1300 2092 Quinimo
1325 2058 1458 2093 apostolis
1469 2057 1601 2084 Dominus
1611 2056 1700 2083 dixit:
1719 2064 1729 2081 1
1744 2055 1812 2083 Cum

1020 2106 1142 2133 videritis
1174 2105 1408 2132 abominationem
1441 2102 1633 2135 desolationis,
1666 2102 1767 2129 dictam
1797 2109 1813 2129 a

1021 2151 1132 2179 Dsniele
1148 2152 1291 2186 propheta,
1303 2154 1420 2178 stantem
1437 2150 1464 2176 in
1480 2150 1540 2175 loco
1554 2152 1660 2179 sancto.
1673 2148 1720 2183 qui
1736 2148 1812 2183 legit,

1021 2198 1166 2232 intelligat.
1186 2207 1196 2224 1
1213 2197 1291 2230 Quod
1304 2203 1378 2224 certe
1395 2196 1571 2230 adimpletum
1592 2199 1646 2227 est,
1678 2195 1810 2230 primum,

173 2250 257 2277 φησιν
272 2242 293 2257 ¹¹
320 2241 417 2268 Ἰακὼὸ
439 2241 509 2277 πρὸς
526 2242 576 2277 τὴν
605 2241 731 2277 Βηθλεέμ
745 2241 766 2258 ³³
779 2250 787 2258 ·
809 2251 818 2268 1
847 2242 895 2269 Ἐκ
919 2241 966 2268 σοῦ

1021 2245 1048 2272 in
1062 2249 1186 2279 tempore
1199 2243 1408 2279 expugnationis
1422 2247 1449 2270 et
1462 2242 1606 2274 vastitatis,
1619 2249 1681 2269 cum
1697 2241 1813 2268 Romani

173 2287 348 2320 ἐξελεύσεται
362 2287 528 2322 ἡγούμενος,
549 2297 557 2313 ι
579 2288 626 2314 καὶ
641 2288 676 2314 τὰ
694 2288 770 2323 ἑξῆς.
788 2288 843 2314 Καὶ
869 2288 965 2324 μέντοι

174 2334 221 2360 καὶ
239 2333 311 2368 πρὸς
324 2334 388 2364 τοὺς
403 2334 572 2366 ἀποστόλους
588 2333 613 2368 (ὁ
629 2333 742 2369 Κύριος)
758 2332 847 2366 οὕτως
870 2334 967 2368 διηγό-

174 2389 273 2415 ρευσεν
287 2380 326 2396 “-
346 2389 356 2406 1
376 2380 463 2406 Ὅταν
480 2380 554 2415 ἴδητε
571 2381 603 2407 τδ
622 2380 761 2415 βδέλυγμα
779 2381 830 2415 τῆς
852 2380 967 2416 ἐρημώ-

174 2434 244 2457 σεως
260 2425 303 2460 (τὸ
320 2425 402 2461 ῥηθέν
416 2426 460 2452 διὰ
476 2426 577 2462 Δανιὴλ
587 2426 634 2452 τοῦ
656 2427 810 2462 προφήτου)
833 2426 920 2458 ἑστὼς
936 2427 966 2453 ὲν

172 2471 247 2505 τόπῳ
262 2470 334 2505 ἁγίῳ
348 2485 380 2491 —-
395 2472 409 2497 ό
425 2470 623 2505 ἀναγινώσκων
636 2471 742 2502 νοείτω,
764 2480 773 2497 ι
791 2486 824 2491 -—
840 2471 854 2498 ὃ
871 2471 902 2507 δὴ
919 2472 966 2498 καὶ

173 2517 351 2551 πεπλήρωτο,
368 2517 477 2552 πρῶτον
489 2517 539 2552 μὲν
554 2517 626 2544 κατὰ
640 2516 707 2552 (τὸν)
721 2517 817 2553 καιρὸν
834 2518 885 2553 τῆς
896 2518 967 2545 ἁλώ-

174 2571 242 2593 σεως
264 2563 314 2590 καὶ
333 2563 511 2599 ἐρημώσεως,
538 2563 579 2595 εἴς
597 2572 626 2590 τε
645 2563 676 2589 τδ
698 2564 858 2598 Ῥωμαϊκὸν
884 2564 965 2599 302

1021 2291 1122 2318 milites
1137 2289 1163 2317 in
1192 2289 1322 2325 templum
1344 2289 1461 2324 ingressi
1474 2292 1547 2320 sunt,
1563 2292 1590 2314 et
1614 2287 1709 2315 urbem
1737 2286 1814 2322 deie-

1022 2342 1118 2365 cerunt
1133 2336 1166 2363 ad
1183 2335 1395 2367 desolationem,
1408 2342 1490 2369 quam
1512 2334 1623 2369 quidam
1648 2341 1710 2362 esse
1738 2333 1813 2360 arbi-

1021 2387 1128 2411 trantur
1142 2383 1337 2409 desolationem
1353 2381 1521 2416 praedictam,
1531 2380 1752 2415 quandoquidem
1768 2380 1815 2407 ab-

1022 2429 1131 2456 alienati
1146 2433 1173 2456 et
1186 2428 1337 2456 secundum
1355 2428 1440 2461 legem
1458 2428 1641 2462 coinquinati,
1655 2428 1731 2462 juste
1746 2427 1812 2454 dieti

1021 2479 1086 2502 sum
1099 2474 1466 2506 abominatiodesolationis;
1480 2474 1588 2506 deinde,
1601 2482 1663 2501 cum
1677 2478 1704 2500 et
1718 2478 1811 2508 postea

1022 2520 1156 2547 Adrianus
1170 2523 1288 2546 statuam
1305 2525 1383 2546 suam
1396 2517 1493 2550 erexit,
1510 2522 1536 2546 et
1549 2516 1680 2552 reliquias
1691 2515 1812 2543 civitatis

1021 2564 1129 2600 pellitus
1148 2564 1276 2591 vastavit.

175 2608 359 2641 στρατόπεδον
371 2609 527 2637 ὲπεισελθὺν
543 2610 572 2636 ὲν
587 2609 626 2645 τῷ
641 2609 697 2645 ναῷ
713 2609 735 2625 ¹¹
749 2610 796 2636 καὶ
810 2611 860 2646 τὴν
880 2611 958 2637 πόλιν
978 2611 1038 2637 ὲλὸν
1069 2609 1142 2637 κατὰ
1150 2609 1200 2645 τὴν
1215 2610 1368 2645 ἐρήμωσιν,
1381 2609 1420 2641 ὣς
1449 2616 1522 2639 τινες
1532 2607 1562 2634 τὸ
1577 2606 1659 2642 ῥηθὲν
1672 2605 1811 2640 βδέλυγμα

785 2683 885 2714 Variae
899 2682 1054 2714 lectiones
1077 2685 1106 2712 et
1129 2684 1225 2712 notae.

209 2744 232 2759 ⁵⁷
250 2744 274 2770 εἰ
300 2744 336 2779 μή
351 2743 417 2772 Ced.
458 2745 481 2761 "
494 2744 583 2772 πάντα
604 2744 665 2773 eod.
704 2746 726 2762 ⁸⁸
743 2744 837 2773 .‘llatth.
857 2754 931 2777 xxtv.
959 2746 967 2772 ε

1024 2745 1081 2772 ιθου
1097 2744 1164 2772 Ced.
1204 2745 1212 2759 ι
1227 2743 1320 2779 Μειιιι,
1341 2742 1495 2779 πτιιμβδ.
1534 2723 1653 2779 inanti.
1673 2748 1746 2779 x313,
1761 2740 1808 2779 eo.

174 2779 185 2795 ⁸
195 2779 222 2805 ἀ.
236 2777 433 2816 μηᾶπέῨρ-ϐεά.
443 2796 478 2800 -
488 2781 516 2806 ὰ.
529 2780 680 2816 τηνικαῦτα
694 2781 725 2807 Ὶ.
739 2781 803 2808 Ced.
844 2781 853 2796 ⁸
867 2781 937 2808 κατὰ
953 2782 967 2807 Ἃ

1021 2780 1069 2807 τοῦ
1085 2779 1164 2816 Ced._
1190 2779 1200 2816 ξ
1216 2780 1248 2816 ἁ,
1260 2788 1289 2805 π.
1306 2778 1384 2816 Ced._
1396 2777 1422 2816 f
1439 2777 1583 2816 Lucfuxlx,

174 2813 293 2854 xtl-,4;
359 2814 499 2854 μαψ-χιχ,
523 2815 567 2846 45.
585 2816 677 2854 lulﬂ'
696 2817 761 2854 huc.
775 2824 832 2854 xm,
849 2817 893 2844 35.
929 2817 967 2854 [οη

1021 2825 1038 2843 ει
1056 2816 1129 2854 λεαί-
1146 2814 1211 2841 Ced.
1233 2814 1299 2854 Dan.
1317 2813 1417 2854 Ix_,_‘26_.

422 2851 443 2866 ’³
457 2849 524 2877 Gen.
539 2859 612 2883 xmx,
630 2852 670 2879 10.
712 2852 732 2868 ιλ
752 2852 909 2887 διηγόρευεν
922 2852 986 2880 Ced.
1003 2849 1037 2872 ἓν
1056 2850 1150 2878 Matth.
1167 2857 1239 2883 xxtv,
1261 2849 1302 2876 1'3.

175 2848 195 2863 ί’
211 2850 225 2875 ’ἃ
239 2850 302 2875 nihl.
316 2850 381 2876 Ced.

172 2884 218 2910 τὸν
232 2884 280 2919 τὴν
300 2893 327 2911 π.
346 2885 438 2913 ἐλζντκ
457 2887 517 2913 cod.

1689 2776 1698 2791 '
1712 2775 1809 2803 Matth.

1457 2814 1476 2829 "
1493 2813 1556 2843 Υἱὸς
1574 2813 1587 2838 ὀ
1612 2812 1729 2847 Χριστθς
1740 2812 1808 2839 Ced.

1345 2849 1364 2864 ’⁵
1383 2850 1435 2877 είς.
1456 2849 1485 2876 ἐν
1497 2847 1536 2884 τῷ
1552 2847 1627 2884 ἱερῷ.
1644 2863 1676 2868 -—
1697 2848 1743 2874 καὶ
1767 2848 1807 2878 εἰς
