2066 3150
149 186 234 221 μέγα·
250 185 297 212 καὶ
323 185 409 220 ἀνέϐη
430 184 535 219 κέρατα
551 183 572 211 δ’
590 184 768 211 ὑποκάτωθεν
794 181 877 209 αὐτοῦ
894 182 935 213 εἰς
950 185 971 214 Α

147 229 240 260 τοὺςδ¹
264 229 384 264 ἀνέμους
409 229 456 256 τοῦ
488 228 617 263 οὐρανοῦ.
638 238 647 255 ι
672 228 814 255 Ἐντεῦθεν
840 227 935 254 λοιπὸν

147 275 190 301 ἐπὶ
204 275 254 310 τὴν
273 275 412 310 Ἀντιόχου
426 275 567 310 βασιλείαν
583 274 680 308 ὲλθὼν,
698 275 746 301 καλ.
761 274 879 306 δεικνὺς,
893 274 934 300 ὅτι

148 322 174 354 ἐξ
189 322 248 354 ἐνὸς
264 322 380 348 ἐκείνων
394 322 447 348 τῶν
464 321 484 348 δ’
499 322 586 353 ἐστὶν,
617 321 698 348 πάλιν
713 321 780 356 φησί
795 321 818 337 ’⁷
828 329 835 335 ·
855 329 864 346 ι
880 319 936 346 Καὶ

148 367 257 403 ἐξῆλθεν
268 369 300 395 ἐκ
315 368 362 394 τοῦ
379 368 439 399 ἑνὸς
455 368 577 403 ἰσχυρὸν,
590 367 638 394 καὶ
652 366 827 402 ὲμεγαλύνθη
836 374 936 401 περισ-

149 413 200 445 σῶς
228 414 298 450 πρὸς
321 415 398 441 νότον
414 415 461 441 καὶ
479 413 572 450 [πρὸς]
590 414 612 430 ⁷⁸
627 413 772 449 ἀνατολήν.
786 423 796 440 ›
816 413 871 440 Καὶ
888 421 937 447 ση-

149 459 259 494 μαίνων,
274 461 315 487 ὃτι
338 460 388 496 τὴν
404 459 556 494 Ὶουδαῖκὴν
579 459 719 486 πολιτείαν
743 459 866 491 καθελεῖ,
885 459 937 493 φά-

149 515 204 532 σκει
220 507 259 523 ⁷³·
281 516 291 532 ι
313 508 369 534 Καὶ
384 507 418 533 δι’
431 506 513 532 αὑτὸν
529 506 612 532 θυσία
629 505 768 541 ἐταράχθη
785 505 937 541 παραπτώ-

149 560 211 586 ματι
224 553 272 579 καὶ
287 553 309 568 ⁵⁸
326 551 447 587 ἐγενήθη
473 553 520 578 καὶ
544 552 726 587 κατενωδώθη
744 552 828 587 αὐτῷ,
844 552 892 578 καὶ
907 551 938 578 τὸ

148 599 223 632 ἅγιον
235 597 461 634 ἐρημωθήσεται,
483 599 531 625 καὶ
549 598 693 633 δοθήσεται
706 599 752 624 ἐπὶ
772 598 822 633 τὴν
841 598 937 625 θυσίαν

149 644 279 679 ἁμαρτία.
300 653 310 670 ι
334 644 387 671 Τοῦ
416 645 471 680 γὰρ
484 644 577 680 βωμοῦ
595 644 805 679 καθαιρεθέντος
822 645 937 672 καὶτῶν

149 689 230 722 ἁγίων
244 689 511 725 καταπατηθέντων,
527 690 640 716 εἴδωλον
655 690 770 725 ἔστησεν
791 690 868 717 ἔνδον
889 690 937 716 καὶ

149 734 241 765 θυσίας
256 734 279 750 ³⁵
298 735 420 761 ἐπετέλει
452 736 508 767 τοῖς
533 736 644 771 δαίμοσι
668 735 852 771 παρανόμως·
875 735 936 763 ὅθεν

148 781 229 816 φησίν
245 781 268 796 ⁸³
279 789 287 797 ·
309 791 318 807 ι
334 782 412 818 (Καὶ)
440 782 541 818 ἐρρίφη
556 783 644 817 χαμαὶ
658 783 675 818 ὴ
692 782 862 818 δικαιοσύνη,
890 783 938 810 καὶ

148 827 269 861 ἐποίησε,
283 829 331 854 καὶ
341 827 480 863 εὐωδώθη.
496 837 505 854 ι
522 826 588 854 Εἶτα
607 827 689 854 πάλιν
700 829 732 855 ὲκ
751 828 878 863 δευτέρου
888 828 938 864 τὴν

148 874 234 909 αὐτὴν
246 873 390 908 βασιλείαν
409 875 549 909 Ἀντιόχου
561 874 631 909 (τοῦ)
656 875 825 909 Ἐπιφανοῦς
849 875 937 909 λέγων
953 869 973 896 Β

148 919 193 944 καὶ
211 919 261 954 τὴν
277 919 484 954 αἰχμαλωσίαν,
499 920 546 946 καὶ
555 919 605 955 τὴν
620 919 733 952 ἅλωσιν,
749 920 799 947 καὶ
813 920 862 956 τὴν
874 922 938 956 ἐρή-

147 973 236 998 μωσιν
248 965 296 991 τοῦ
314 966 399 1000 ἱεροῦ,
430 965 595 1002 προστίθησι
619 966 725 993 καὶτὸν
740 967 849 1002 χρόνον.
875 967 938 1003 ’Λρ-

147 1009 264 1045 ξάμενος
277 1010 303 1026 ⁸³
318 1010 372 1046 γὰρ
411 1011 467 1037 ἀπὸ
500 1010 551 1045 τῆς
585 1010 762 1046 Ἀλεξάνδρου
791 1011 936 1047 τελευτῆς,

146 1053 223 1087 αὖθις
258 1056 326 1091 πρὸς
360 1056 400 1092 τῷ
419 1055 492 1083 τέλει
508 1057 554 1083 τοῦ
572 1056 679 1091 βιϐλίου
693 1059 740 1085 καὶ
756 1056 814 1093 [τὰ]
836 1058 938 1092 μεταξὺ

147 1102 235 1128 πάντα
249 1102 451 1138 διηγησάμενος
465 1103 517 1129 ὃσα
545 1103 570 1129 οί
588 1102 752 1137 Πτολεμαῖοι
778 1104 826 1130 καὶ
849 1104 874 1130 οί
891 1105 938 1130 Σέ-

146 1147 238 1175 λευκοι
253 1149 439 1184 συρραγέντες
454 1148 581 1184 ἀλλήλοις
591 1149 735 1184 ἐποίησαν,
752 1149 800 1175 καὶ
816 1150 841 1175 οἱ
856 1158 940 1185 στρα-

146 1193 226 1226 τηγοὶ
232 1192 278 1219 τού
283 1202 334 1219 των
345 1194 369 1219 εί
372 1193 520 1228 ργάσαντο,
527 1194 590 1226 τοὺς
597 1193 700 1226 δόλους,
708 1195 756 1225 τὰς
764 1194 845 1229 306
850 1193 937 1227 νίκας,

145 1240 196 1271 τὰς
227 1240 371 1275 στρατείας
387 1239 421 1272 ⁸⁸,
436 1239 485 1271 τὰς
510 1240 677 1275 ναυμαχίας,
702 1239 751 1271 τὰς
767 1240 938 1275 πεζομαχίας

145 1285 260 1320 προῖὼν,
287 1287 327 1317 εἰς
349 1286 485 1320 Ἀντίοχον
516 1287 630 1321 τελευτᾷ
659 1286 742 1311 πάλιν
770 1286 815 1311 καί
830 1294 936 1320 φησιν’

148 1340 158 1357 ι
179 1331 328 1367 Βραχίονες
345 1331 375 1364 ἐξ
389 1332 414 1348 ⁸⁸
424 1332 508 1359 αὐτοῦ
524 1333 670 1367 στήσονται
690 1332 737 1358 καὶ
752 1331 938 1366 βεσηλώσουσι

145 1377 177 1404 τὸ
193 1378 317 1413 ἁγίασμα
330 1379 377 1404 καὶ
388 1379 589 1413 μεταστήσουσι
598 1379 642 1404 τὸν
653 1377 852 1413 ἐνδελεχισμὸν,
869 1387 878 1404 ι
890 1379 939 1411 τὰς

146 1423 275 1458 συνήθεις
304 1422 393 1457 λέγων
410 1424 506 1455 θυσίας
523 1425 570 1450 καὶ
588 1423 787 1459 καθημερινὰς,
806 1433 815 1449 ι
830 1425 877 1451 καὶ
889 1424 940 1451 δώ-

145 1477 240 1496 σουσιν
269 1470 310 1500 είς
336 1470 420 1497 αὐτὸν
438 1470 462 1486 ⁸⁸
483 1470 623 1505 βδέλυγμα
647 1470 856 1506 (ἠφανισμένον)
869 1478 876 1486 ·
892 1472 939 1498 καὶ¹

143 1515 208 1546 τοὺς
223 1514 393 1550 ἁνομοῦντας
409 1516 432 1532 ⁸⁷
446 1516 591 1552 διαθήκην,
612 1525 622 1541 ι
637 1517 833 1548 τουτέστιτοὺς
846 1526 937 1553 παρα-

145 1560 291 1593 σαίνοντας
304 1562 359 1588 τῶν
376 1562 513 1589 Ἰουδαίων
528 1563 562 1595 ⁸⁸⁸,
580 1571 590 1588 ι
605 1562 757 1594 ἀπάξουσιν
777 1564 805 1589 ὲν
826 1563 938 1599 ὀλισθήο

145 1615 216 1642 μασι
235 1617 245 1633 ›
268 1607 328 1642 μεθ’
343 1608 448 1635 ἑαυτῶν
469 1610 515 1635 καὶ
539 1610 740 1644 μεταστήσουσι
754 1617 760 1623 ·
779 1618 788 1635 ι
807 1609 854 1636 καὶ
873 1609 937 1642 λαὸς

143 1651 291 1685 γινώσκων
303 1652 327 1668 ⁸³
343 1653 391 1679 τὸν
407 1653 476 1679 Θεὸν
491 1653 576 1680 αὑτοῦ
587 1654 794 1689 κατισχύσουσι,
814 1664 824 1681 ι
842 1654 877 1680 τὰ
892 1656 939 1681 ἐπὶ

142 1696 201 1723 τῶν
214 1697 406 1725 Μακκαὸαίων
420 1699 507 1732 λέγων
521 1699 569 1725 καὶ
580 1699 613 1725 τὰ
628 1699 676 1725 ἐπὶ
692 1699 776 1726 Ἰούδα
789 1701 836 1726 καὶ
849 1700 939 1735 Σιμω-

143 1750 191 1773 νος
227 1743 275 1768 καὶ
297 1743 433 1770 Ἰωάννου.
451 1743 474 1759 ¹⁹
501 1753 510 1769 ι
529 1744 584 1770 Καὶ
603 1744 628 1770 οἱ
657 1745 762 1771 συνετοὶ
788 1745 857 1780 (τοῦ)
873 1744 938 1772 λαοῦ

145 1788 313 1823 συνήσουσιν
324 1790 364 1821 εἰς
381 1789 468 1815 πολλὰ.
479 1796 486 1804 ’
499 1789 546 1816 καὶ
561 1789 758 1825 ἁσθενήσουσιν
775 1792 805 1817 ὲν
814 1792 938 1827 ῥομφαίᾳ

144 1835 194 1861 καὶ
207 1836 237 1862 ἐν
267 1834 360 1869 φλογὶ,
382 1844 392 1860 ι
405 1835 478 1870 (85⁸)
494 1835 541 1862 τὸν
563 1836 730 1871 ἐμπρησμὸν
759 1837 808 1872 τῆς
833 1837 939 1868 πόλεως

143 1881 333 1916 ἐξηγούμενος
363 1881 454 1907 πάλιν.
474 1890 483 1907 ι
503 1882 558 1908 Καὶ
585 1884 614 1908 ὲν
646 1883 821 1919 αἰχμαλωσίᾳ
844 1885 891 1911 καὶ
908 1886 938 1911 tv

144 1927 259 1962 ἁρπαγῇ
273 1927 294 1942 ’⁸
310 1928 432 1963 ήμερῶν,
458 1928 506 1954 καὶ
532 1929 562 1955 ἐν
590 1928 629 1963 τῷ
656 1929 806 1964 ἀσθενῆσαι
826 1930 936 1963 αὐτοὺς,

145 1973 331 2008 βοηθήσονται
345 1974 472 2010 βοήθειαν
502 1974 617 2010 μικρὰν,
638 1984 648 2001 ι
666 1976 820 2010 ἐμφαίνων,
837 1976 878 2002 ὅτι
892 1984 939 2011 με-

143 2019 215 2051 ταξῦ
233 2019 288 2046 τῶν
302 2020 397 2047 κακῶν
411 2021 524 2048 ἐκείνων
537 2021 699 2057 δυνήσονται
710 2021 881 2048 ἀναπνεῦσαι
892 2023 939 2048 καὶ

144 2065 307 2098 ἀνενεγκεῖν
322 2067 355 2092 ἐκ
384 2066 440 2092 τῶν
453 2066 661 2102 κατειληφότων
677 2067 777 2099 αὐτοὺς
790 2067 884 2094 κακῶν
903 2068 938 2094 ⁸³.

146 2117 158 2134 ι
179 2110 236 2136 Καὶ
253 2110 489 2146 προστεθήσονται
519 2112 588 2147 πρὸς
607 2112 708 2144 αὐτοὺς
734 2112 828 2139 πολλοὶ
839 2113 868 2139 ὲν
881 2113 937 2139 ὀλι-

143 2155 282 2192 σθήμισι.
295 2157 350 2184 Καὶ
363 2158 418 2184 ἀπὸ
440 2158 494 2184 τῶν
515 2159 658 2185 συνιέντων
671 2159 694 2174 ’³
718 2159 910 2194 ἀσθενήσουσι,
925 2168 935 2185 ι

951 1544 973 1574 C

728 124 961 157 CHRON.CON.
978 136 1014 144 ὀ
1034 125 1107 155 LIB.
1130 125 1190 155 IIl.

988 181 1151 216 dissipatum
1168 186 1210 208 est
1229 179 1316 213 clade,
1331 186 1358 208 et
1371 180 1472 209 factum
1484 186 1537 215 est,
1549 187 1577 210 et
1589 189 1777 219 prosperatum

986 232 1028 256 est
1042 229 1082 260 ei;
1100 232 1127 255 et
1139 233 1264 255 sanctum
1282 229 1444 262 vaSIabilur,
1462 234 1488 256 et
1510 230 1618 258 dabitur
1636 239 1718 267 super
1735 241 1779 260 sa-

988 273 1122 301 crificium
1140 278 1292 308 peccatum.
1311 283 1320 300 ι
1334 273 1453 307 Etenim,
1470 283 1533 302 cum
1545 277 1632 304 altare
1641 278 1778 306 sublatum

988 318 1095 352 fuisset,
1114 327 1140 346 et
1155 325 1250 347 sancta
1262 321 1432 353 conculcata.
1462 326 1554 349 statua
1581 322 1655 350 intus
1680 325 1780 358 posita,

988 365 1130 392 dtemoniis
1145 366 1293 393 sacrificari
1308 366 1410 393 nefarie
1430 367 1584 400 imperavit.
1602 367 1680 396 Unde
1695 369 1781 399 dicit:

990 420 999 436 ι
1018 412 1158 438 Prostrata
1170 416 1212 439 est
1229 413 1255 439 ill
1270 416 1370 439 terl'am
1383 413 1538 447 justitia,et
1551 413 1615 440 fecit
1628 419 1655 441 et
1667 422 1782 450 prospe-

988 463 1063 485 ralus
1074 463 1124 485 est.
1144 467 1153 483 ι
1180 457 1282 485 Deinde
1313 467 1410 486 rursus
1427 459 1496 487 idenl
1517 460 1645 487 Antiochi
1660 461 1779 497 Epipha-

989 502 1031 530 nis
1051 511 1164 538 regnum
1189 503 1323 536 referens,
1340 509 1367 532 et
1392 505 1570 536 servilutcnl,
1591 511 1618 533 et
1642 507 1781 535 excidium

988 551 1015 575 et
1042 549 1242 577 desolationem
1278 550 1381 584 templi,
1416 550 1510 585 adjictt
1536 555 1562 578 et
1593 556 1711 586 tempus.
1738 553 1781 579 Al)

987 593 1133 620 Alexandri
1161 595 1234 621 enim
1253 601 1339 622 morte
1360 595 1506 630 incipiens,
1523 601 1550 623 et
1566 597 1598 623 ιιι
1625 599 1705 624 linem
1719 598 1780 625 lilIri

988 639 1080 666 omnia
1094 648 1212 674 qumque
1226 641 1385 668 iutermetlia
1398 649 1543 674 cnarrans,
1554 651 1614 677 qum
1625 643 1781 672 Ptolemidtc

987 689 1014 712 et
1030 685 1192 718 Seleucidae,
1211 693 1241 712 se
1266 686 1382 713 invicem
1399 687 1612 723 eonfringcnles,
1627 695 1780 723 gesserunt,

987 734 1014 758 et
1030 733 1134 766 operati
1154 737 1218 760 sunt
1237 739 1332 760 eorum
1354 734 1449 772 duces,
1471 734 1581 762 fraudes
1595 740 1623 762 et
1639 736 1780 766 victorias.

988 781 1016 804 et
1036 778 1157 812 agmina,
1183 783 1209 806 et
1230 783 1303 806 terra
1334 780 1456 815 marique
1473 789 1589 816 pugnas,
1606 782 1633 809 in
1646 783 1781 811 Antiocho

990 823 1098 850 tandem
1116 824 1218 851 desinit
1235 830 1262 852 ct
1278 825 1344 853 dicit
1361 835 1368 852 ι
1385 835 1394 851 ι
1411 826 1523 854 Brachia
1540 835 1573 854 ex
1597 836 1631 855 eo
1657 831 1779 862 stabunt,

989 872 1015 895 et
1030 869 1153 903 polluent
1168 871 1368 902 sanctuarium,
1395 876 1423 898 et
1448 872 1574 900 auferent
1595 874 1659 909 jugc
1674 876 1783 902 sacrifi-

989 915 1073 946 cium,
1091 919 1118 942 ct
1137 915 1243 942 dabunt
1259 916 1285 943 lll
1302 916 1369 943 Illud
1382 918 1618 946 abolllinationem
1651 921 1677 947 ill
1701 921 1781 949 deso-

989 960 1130 992 lationem,
1143 965 1169 988 et
1182 961 1281 996 impios
1297 962 1324 989 in
1342 967 1546 996 testamentum,
1563 973 1573 990 )
1588 965 1639 992 hoc
1655 971 1697 993 est
1711 975 1782 1001 prac-

990 1006 1154 1034 varicatores
1182 1006 1351 1035 Judteorum.
1381 1018 1391 1034 ι
1420 1008 1448 1036 lu
1478 1010 1582 1038 lubrica
1606 1013 1777 1044 abducent.»

990 1059 1050 1078 cum
1068 1053 1233 1088 semetipsis.
1257 1059 1285 1082 et
1310 1055 1495 1089 transferent;
1518 1067 1527 1082 ι
1550 1059 1666 1092 populus
1690 1066 1781 1087 autem

989 1097 1080 1125 sciens
1111 1099 1256 1126 Dominum
1282 1108 1375 1135 suum,
1408 1103 1594 1135 roborabitur,
1615 1113 1624 1129 ι
1654 1105 1781 1132 indicans

989 1151 1050 1178 qua:
1063 1144 1134 1172 facta
1151 1151 1215 1173 sunt
1229 1154 1277 1181 per
1291 1147 1492 1175 llaccllallteuln
1507 1154 1533 1176 et
1549 1149 1659 1183 Judam,
1682 1156 1710 1178 et
1735 1152 1782 1178 Si-

994 1199 1116 1225 monem,
1129 1196 1157 1219 et
1171 1191 1317 1220 Joannem.
1354 1203 1363 1220 ι
1380 1195 1412 1221 Et
1427 1195 1500 1222 docti
1515 1196 1541 1222 ill
1559 1196 1659 1231 populo
1682 1198 1784 1225 intelli-

989 1242 1053 1272 gent
1080 1238 1107 1264 ill
1135 1239 1232 1269 multa,
1254 1244 1279 1266 et
1307 1239 1520 1268 inlirmabuntnr
1543 1241 1570 1268 ill
1595 1242 1687 1276 gladio
1711 1247 1738 1269 et
1754 1242 1782 1269 ill

989 1283 1110 1317 flamma,
1131 1294 1140 1311 ι
1162 1285 1319 1312 incendium
1337 1286 1456 1313 civitatis
1475 1287 1573 1313 iterum
1597 1288 1756 1321 signiﬁcans
1773 1307 1781 1314 .

993 1339 1002 1356 α
1024 1330 1055 1357 Et
1069 1331 1095 1358 in
1113 1331 1272 1366 captivitate
1284 1336 1311 1359 et
1329 1332 1355 1359 in
1375 1333 1469 1366 rapina
1485 1333 1605 1365 dierum,
1619 1337 1645 1360 et
1662 1333 1689 1360 in
1705 1333 1783 1360 infir-

990 1377 1083 1404 mitate
1102 1385 1164 1404 cum
1197 1377 1308 1411 fuerint,
1339 1378 1557 1406 sublevabuntur
1584 1379 1687 1406 auxilio
1717 1387 1783 1414 par-

989 1423 1065 1455 vulo,
1099 1432 1108 1449 ι
1138 1424 1285 1451 ostendens
1313 1425 1376 1459 quia
1404 1425 1430 1451 ill
1465 1425 1555 1452 medio
1583 1425 1781 1453 contritionum

988 1469 1097 1496 illarum
1115 1470 1251 1505 respirare
1263 1470 1305 1498 fas
1321 1471 1384 1504 erit,
1401 1476 1428 1498 et
1446 1479 1479 1499 ex
1502 1472 1580 1499 malis
1591 1480 1703 1508 surgere
1722 1481 1783 1507 qua:

990 1522 1037 1542 eos
1050 1515 1297 1550 apprellenderullt.
1318 1525 1327 1541 ι
1344 1517 1375 1543 Et
1390 1518 1604 1552 applicabuntur
1616 1519 1655 1545 eis
1667 1519 1780 1553 plurimi

991 1561 1017 1586 ill
1039 1559 1201 1594 fraudibus;
1216 1562 1290 1589 etde
1308 1561 1524 1596 intelligelltibus
1540 1563 1779 1596 intirmallunturn

990 1606 1169 1634 subimlicans
1189 1607 1303 1640 scilicet,
1319 1608 1383 1643 quia
1397 1608 1476 1635 multi
1490 1617 1521 1636 ex
1537 1609 1578 1636 eia
1602 1614 1706 1636 stantes
1719 1617 1783 1636 cor-

990 1656 1078 1678 ruent.
1099 1652 1202 1678 Deinde
1217 1653 1250 1679 ad
1271 1660 1395 1685 causam,
1409 1661 1494 1687 quare
1512 1652 1583 1680 Deus
1598 1661 1645 1680 eos
1656 1654 1782 1688 permisit

991 1697 1016 1724 in
1028 1698 1163 1725 deteriora
1176 1698 1273 1726 Cadere
1287 1706 1294 1725 :
1309 1704 1420 1733 quaeest
1432 1699 1504 1726 ista?
1522 1708 1530 1725 I
1547 1700 1582 1727 Ut
1593 1700 1782 1734 purificentur,

989 1744 1036 1776 ait,
1056 1748 1083 1771 et
1099 1744 1244 1778 eligantur,
1258 1748 1285 1770 et
1301 1744 1558 1779 dealbentuﬁusquc
1575 1745 1608 1771 ad
1628 1750 1782 1779 temporum

990 1791 1082 1817 linem.
1100 1800 1108 1816 ι
1129 1789 1192 1817 ll:ec
1207 1790 1280 1816 enim
1294 1790 1418 1825 permisit
1439 1791 1520 1823 Deus,
1534 1791 1636 1826 inquit,
1655 1797 1683 1818 ut
1695 1797 1721 1819 et
1733 1801 1783 1827 pu-

989 1836 1109 1863 riliearet
1122 1843 1169 1862 eos
1184 1840 1211 1862 et
1228 1835 1384 1862 ostenderet
1398 1836 1445 1869 qui
1459 1835 1524 1868 justi
1539 1840 1632 1862 essent
1647 1836 1715 1863 inter
1725 1843 1782 1863 cos.

989 1881 1064 1909 illius
1082 1883 1178 1909 deinde
1192 1882 1321 1908 virtutem
1353 1889 1482 1915 narrans,
1510 1882 1598 1909 dicit:
1617 1891 1626 1908 ι
1645 1883 1677 1910 Et
1702 1882 1785 1911 faciet

990 1928 1141 1955 secundum
1159 1927 1327 1954 voluntatem
1346 1935 1438 1960 suam,
1454 1932 1482 1955 et
1492 1928 1656 1960 elevabitur,
1672 1933 1699 1955 et
1723 1937 1782 1956 ma-

989 1974 1174 2009 gnilicabitur,
1195 1983 1204 1999 ι
1230 1973 1336 2000 addidit
1362 1978 1390 2000 et
1411 1974 1486 2000 illius
1515 1978 1635 2000 mentem
1661 1975 1786 2009 blasphe-

991 2029 1074 2054 mam,
1088 2021 1152 2054 quia
1187 2028 1196 2045 ι
1214 2019 1248 2047 Ει
1263 2021 1396 2047 adversus
1412 2020 1497 2047 Deum
1515 2020 1629 2047 deorum
1657 2020 1784 2054 loquetur

990 2065 1147 2100 magniﬁca,
1164 2071 1190 2092 et
1201 2065 1309 2101 diriget,
1324 2065 1411 2093 donec
1424 2066 1595 2100 compleatur
1609 2065 1780 2097 iracundia,»

990 2113 1137 2139 ostendens
1149 2112 1213 2146 quia
1236 2119 1290 2138 non
1305 2119 1339 2138 ex
1360 2111 1403 2138 sui
1436 2111 1523 2146 ipsius
1546 2111 1650 2140 animo,
1674 2113 1720 2138 sed
1749 2119 1783 2138 ex

991 2157 1038 2184 Dei
1047 2157 1074 2184 in
1083 2156 1191 2184 Iudaeos
1200 2157 1239 2184 ira
1248 2157 1393 2183 dominans
1399 2157 1570 2184 confortatus
1577 2161 1627 2184 est.
1638 2156 1690 2184 Ulli
1702 2157 1785 2192 igitur

142 2202 256 2233 δεικνὺς
285 2202 326 2229 ὅτι
352 2203 446 2230 πολλοὶ
473 2204 521 2230 καὶ
550 2204 606 2230 τῶν
636 2204 761 2231 ἑστώτων
777 2203 937 2232 πεσοῦνται.

993 2211 1042 2239 per
1072 2203 1149 2238 plura
1173 2203 1278 2234 docuit,
1302 2208 1404 2237 quanta
1440 2202 1563 2230 facturus
1590 2202 1625 2230 sit
1654 2204 1725 2230 mala
1755 2204 1783 2230 in

144 2246 216 2275 Εἶτα
231 2249 278 2275 καὶ
292 2249 344 2285 τὴν
368 2249 471 2282 αἰτίαν,
488 2249 523 2276 δι’
541 2250 574 2286 ἢν
590 2251 782 2286 συνεχώρησεν
811 2250 911 2282 αὐτοὺς
926 2251 940 2277 ό

141 2296 214 2329 Θεὸς
230 2298 260 2324 ἰν
275 2297 415 2330 τοσούτοις
429 2299 526 2330 κακοῖς
537 2298 665 2332 γενέσθαι
679 2298 713 2326 ’⁸.
728 2297 776 2329 Τίς
795 2297 825 2324 δὲ
847 2296 939 2332 aii-:11;

144 2343 218 2369 ατοῦ
230 2343 368 2380 κυρῶσαι,
379 2344 473 2379 φησὶν,
481 2344 511 2371 ὲν
527 2344 629 2378 αὐτοῖς,
647 2343 750 2371 καὶτοῦ
763 2343 938 2377 ἐκλέξασθαι,

141 2390 252 2418 καὶτοῦ
267 2391 400 2418 λευκᾶναι
411 2392 433 2407 ⁸⁸
446 2391 498 2423 ἓως
506 2391 603 2428 καιροῦ
613 2393 711 2427 πέρας.
729 2401 739 2417 I
754 2391 848 2418 Ταῦτα
865 2391 931 2426 γὰρ,

142 2439 268 2473 φησὶν,ό
279 2438 347 2470 Θεὸς
363 2437 555 2474 συνεχώρησεν
573 2437 644 2465 ὥστε
659 2438 758 2470 αὐτοὺς
786 2437 941 2473 ἐκκαθᾶραι

998 2249 1122 2284 Egypto,
1139 2253 1164 2276 et
1182 2248 1209 2275 in
1220 2247 1378 2280 Palaestina,
1394 2252 1421 2275 et
1434 2255 1488 2283 qua
1505 2248 1538 2275 de
1550 2246 1578 2275 re
1591 2248 1744 2281 rediturus,
1757 2253 1785 2276 et

993 2295 1142 2332 quomodo,
1154 2299 1181 2322 et
1192 2302 1247 2330 quo
1261 2299 1386 2328 vocante,
1405 2294 1439 2322 de
1455 2293 1577 2321 omnium
1593 2294 1711 2328 denique
1740 2302 1783 2322 re-

995 2350 1056 2369 rum
1069 2342 1183 2369 istarum
1197 2341 1347 2368 mutatione
1360 2341 1491 2375 loquitur,
1508 2344 1536 2367 et
1551 2339 1584 2367 de
1596 2339 1698 2366 auxilio
1708 2340 1781 2375 quod

993 2387 1092 2421 Judaei,
1105 2388 1203 2423 angelo
1213 2388 1309 2420 misso,
1326 2386 1432 2422 probati
1449 2387 1518 2414 satis
1529 2386 1665 2420 accipient
1680 2395 1688 2413 ι
1719 2395 1728 2411 ι
1753 2385 1782 2413 1η

997 2441 1122 2471 tempore
1135 2436 1196 2468 hoc,
1210 2434 1278 2462 dicit
1293 2435 1378 2467 enim,
1399 2439 1549 2468 consurget
1565 2434 1688 2466 Michael,
1704 2434 1782 2469 prin-

749 2520 851 2552 Varim
863 2520 1017 2553 lectiones
1031 2524 1062 2551 et
1081 2523 1175 2550 notae.

182 2588 288 2615 "Dan.
325 2594 386 2618 VIII,
405 2586 433 2614 9.
471 2586 493 2602 "
507 2585 556 2612 καὶ
586 2584 654 2621 πρὸς
677 2584 726 2620 τὴν
750 2584 865 2619 δύναμιν
886 2583 938 2611 LXI

989 2584 1023 2610 ad.
1036 2585 1132 2609 contra
1145 2579 1278 2608 orientem
1296 2583 1323 2606 et
1337 2583 1434 2606 contra
1454 2576 1642 2605 fortitudinem
1661 2575 1743 2603 Hebr.
1753 2580 1781 2603 et

141 2634 226 2672 Vulg.
277 2635 378 2662 "Dan.
395 2639 454 2666 nn,
467 2633 511 2660 Il.
525 2619 618 2662 var-ri
630 2639 678 2666 pro
696 2623 771 2664 πίννη
783 2646 818 2652 -
831 2635 907 2674 γε’-ῃ
921 2639 938 2657 νη

989 2634 1051 2669 31-2,?
1065 2633 1091 2656 et
1213 2626 1336 2662 (llitzig).
1390 2626 1412 2642 '°
1428 2635 1458 2652 π.
1479 2625 1527 2651 καὶ
1550 2624 1592 2657 ὲγ.
1612 2623 1660 2651 καὶ
1674 2624 1701 2650 ἀ.
1723 2630 1780 2650 om.

138 2689 217 2717 Dan.
236 2697 267 2715 π.
282 2688 330 2715 καὶ
343 2689 386 2722 ὲγ.
403 2695 459 2715 οιιι.
478 2685 562 2713 Lxx.
575 2686 642 2714 αὑτὸ
659 2685 761 2713 Ced.—
776 2685 832 2712 Καὶ
850 2676 928 2719 ἐδόθη

990 2682 1013 2710 X
1026 2687 1093 2725 pun
1104 2686 1183 2711 N331.
1197 2681 1250 2707 Kal.
1266 2680 1355 2714 θλίψις
1368 2678 1427 2706 ὲδλ
1441 2679 1495 2706 Καὶ
1511 2677 1657 2712 γενήσεται
1668 2676 1735 2704 Ced.
1747 2691 1784 2698 -—

136 2729 348 2777 ’κρίσιες-,ιη’
386 2734 619 2777 ’ἴθιειίοείοεάμ
649 2733 901 2777 ’ἶΡοη-.π.ι··ε,¹⁴ἓοη
928 2732 938 2777 ἶ

992 2729 1142 2777 amens
1371 2725 1783 2777 rasisse...utesse-

135 2760 288 2825 Eé'féé"
298 2760 364 2798 ιίἕὶι.
380 2760 432 2799 ed.‘
444 2760 598 2803 marisca
613 2770 641 2796 in
650 2760 804 2811 aliis'codd.
823 2760 878 2794 kat
887 2767 914 2802 β.
929 2773 938 2796 ι

185 2817 204 2825 -ι
229 2815 246 2825 ι-
280 2815 301 2825 up
332 2815 348 2825 ιι-
383 2807 401 2825 Ἰ
430 2814 475 2825 mn
503 2805 558 2825 Ilnn
615 2804 639 2821 ⁸1
655 2812 834 2825 νινιιιϐὶίῆὶιτεζ
853 2803 919 2825 Dan.

989 2760 1038 2796 '1'“.
1075 2766 1099 2781 “
1118 2766 1156 2794 at;
1172 2765 1201 2790 ἀ.
1216 2770 1272 2791 om.
1293 2763 1361 2789 Dan.
1398 2761 1421 2777 ⁸⁷
1437 2763 1483 2787 καὶ
1492 2763 1517 2787 οἱ
1534 2760 1697 2796 ἀνομοῦντες
1713 2760 1782 2790 Dan,

1003 2802 1069 2825 Dan.
1087 2809 1124 2825 xl.
1139 2800 1234 2825 35-55.
1271 2798 1293 2815 "
1309 2798 1448 2825 διαρπαγῇ
1467 2797 1531 2824 Dan.
1544 2795 1610 2824 Cctl.
1648 2797 1671 2812 "
1688 2796 1784 2823 δεινῶν

185 2798 246 2836 cf:
258 2798 311 2833 ἰτ.
332 2815 358 2834 τ.
383 2798 413 2833 δι.
430 2814 486 2833 om.
503 2798 570 2833 Dan.
615 2804 639 2821 "
655 2803 834 2839 γινώσκοντες
851 2798 920 2830 Βιιίι.

1003 2802 1069 2828 Dan.
1087 2809 1124 2835 xl,
1139 2800 1234 2828 33-55.
1271 2798 1293 2815 "
1309 2798 1448 2833 διαρπαγῇ

251 2855 275 2872 ’³
290 2854 436 2884 συνιόντων
446 2853 513 2883 Ced.
550 2854 573 2871 ”
586 2835 781 2889 γίνεσθαιϐειί.
818 2852 842 2868 ⁹⁸
859 2851 937 2879 ἔκλεν

989 2849 1095 2878 ναιῦοᾱ.
1114 2853 1141 2879 et
1154 2847 1233 2878 codd.
1251 2845 1334 2882 LXX,
1345 2843 1572 2891 αποκαλυφθῆναι
1584 2844 1687 2873 cteteri.
