2089 3149
284 207 337 239 723
883 204 1047 235 GEORGII
1068 205 1296 235 HAMARTOLI
1859 202 1913 236 ’124

316 266 487 294 Theodosius
508 265 686 293 nihilominus
713 265 900 300 indignatione
925 271 1071 292 succensus

1160 264 1184 280 ⁸⁰
1201 264 1257 299 (19)
1277 264 1418 296 Θεοδόσιος
1433 265 1462 292 δὲ
1485 265 1561 292 οὐδὲν
1573 263 1656 302 ἧττον
1685 265 1817 300 ἀναφθιὶς
1841 265 1913 293 ὅπλα

280 314 410 341 adversus
427 312 577 347 Eugenium
606 313 633 339 in
651 312 723 339 illius
741 312 831 339 locum
847 312 1025 338 constitutum
1042 311 1069 337 in

1124 311 1196 337 κατὰ
1215 310 1347 344 Εὐγενίου
1367 310 1415 337 τοῦ
1430 312 1470 343 εἰς
1484 312 1530 339 τὸν
1547 312 1628 339 τόπον
1655 311 1740 338 αὐτοῦ
1760 312 1915 339 καταστάν-

280 360 424 388 rindictam
449 368 525 386 arma
549 359 693 393 corripuit,
711 358 763 385 hac
785 358 919 385 sententia
937 365 951 384 a
966 356 1071 384 Joanne

1122 366 1167 389 τος
1182 357 1222 388 είς
1247 357 1389 392 ἐκδίκησιν
1416 358 1539 393 ἥρπασε,
1562 359 1611 393 τὴν
1626 358 1723 385 τούτου
1737 357 1852 392 γνώμην
1869 358 1914 385 διὰ

279 406 413 432 monacho
429 404 539 440 Egypti
572 405 697 432 solitario
717 409 841 438 accepta.
861 403 913 431 Iste
931 403 1002 430 enim
1028 401 1071 429 di—

279 452 358 478 vinus
375 451 415 477 vir
442 450 645 485 nonagenarius
663 450 697 477 ad
712 455 815 477 tantam
833 452 993 483 pervenerat
1007 453 1072 475 aeta-

255 522 259 531 ,
279 502 333 524 tem
351 497 426 524 solus
442 503 616 531 permanens,
633 503 720 529 neque
742 495 775 522 de
797 495 895 522 cellula
916 495 1070 529 egrediens,

258 548 259 552 ‘
278 550 365 576 neque
376 541 458 568 alium
480 542 555 568 intus
574 541 720 576 recipiens;
732 549 779 573 per
798 540 981 568 fenestrellam
997 540 1070 567 enim

258 593 383 626 ,tantum
413 587 591 615 benedicebat
622 591 649 614 et
672 587 822 622 accipiebat
848 594 896 614 eos
925 587 972 621 qui
999 587 1070 622 apud

258 641 366 673 ,ινδ-ιη]
386 633 584 666 devcniebant;
608 640 662 660 non
679 637 771 660 autem
790 632 865 660 omni
888 632 942 663 die.
965 632 1011 660 sed
1028 632 1070 660 bis

257 680 304 706 ‘in
324 679 505 712 hebdomada,
529 679 650 706 Sabbato
662 684 688 706 et
709 679 850 706 Dominica
870 688 876 707 :
893 679 1000 706 caeteris
1024 686 1072 705 au-

277 731 330 752 tent
347 726 443 753 diebus
468 733 523 753 non
541 734 571 754 se
594 726 678 753 videri
699 726 808 753 sinebat
824 725 871 752 ulli
893 725 1006 757 homini,
1024 725 1071 752 sed

277 772 398 807 iejuniis,
419 773 518 808 vigiliis
535 781 567 800 ac
591 773 762 800 orationibus
778 772 904 799 vacabat.
928 772 961 799 Et
980 772 1072 799 videre

277 825 336 847 erat
350 820 459 847 beatum
476 824 561 846 totum
578 827 691 854 corpore
711 823 820 853 propter
844 826 965 846 severam
989 818 1072 845 disci-

278 866 378 899 plinam
392 870 591 893 extenuatum:
618 865 687 892 nihil
712 865 784 892 enim
810 864 883 892 aliud
899 872 980 899 quam
999 864 1071 898 lcgu.

278 911 351 938 mina
364 917 520 946 pancosque
531 910 638 938 fructus
655 915 716 945 post
729 910 797 938 solis
811 917 940 938 occasum
955 910 1072 937 mandu-

278 957 378 985 cabat:
396 964 460 984 nam
481 957 515 983 de
538 964 619 990 pane,
642 956 716 988 vino,
735 956 807 988 oleo,
826 960 854 983 et
884 956 991 984 caeteris
1011 964 1072 991 quae

279 1003 305 1029 in
335 1001 396 1029 loco
420 1002 532 1030 ardente
558 1006 715 1037 eoquttntur
743 1002 817 1037 loqui
849 1002 1071 1036 supersedemus.

281 1047 328 1075 llis
356 1052 383 1075 et
420 1047 519 1076 talibus
553 1048 653 1076 divinis
688 1047 827 1075 exercitiis
862 1053 968 1075 noctem
999 1047 1072 1075 dies-

278 1102 331 1129 que
349 1101 516 1122 consumens
532 1099 645 1122 sanctus
671 1094 779 1121 celeber
804 1093 938 1121 evadebat
966 1098 993 1121 et
1008 1101 1072 1129 pro-

279 1140 376 1174 phetia:
395 1140 468 1167 dono
484 1140 649 1175 replebatur,
679 1140 865 1175 praenuntiam
882 1146 940 1167 tum
965 1139 1070 1172 futura,

279 1182 336 1213 tum
360 1186 511 1222 unicuique
536 1187 696 1214 abscondite
722 1186 793 1214 facta
810 1187 853 1214 vel
879 1186 1008 1221 cogitata.
1035 1186 1073 1214 De

279 1232 340 1260 Nilo
354 1241 418 1260 vero
436 1237 463 1261 et
477 1234 511 1261 de
529 1233 678 1261 fertilitatis
695 1233 756 1267 ejus
772 1238 821 1260 aut
837 1233 990 1261 sterilitatis
1002 1237 1072 1260 tem-

278 1287 342 1313 pore
366 1279 455 1307 minas
476 1284 522 1307 aut
541 1280 622 1307 aliam
644 1288 659 1306 a
676 1279 729 1307 Deo
747 1284 974 1314 superventuram
992 1279 1072 1314 puni—

278 1325 380 1352 tionem
396 1325 560 1361 praedicebat
574 1330 601 1352 et
617 1330 775 1360 peccatores
789 1326 875 1354 libere
890 1326 1072 1362 redarguebat

279 1371 332 1399 Sed
362 1371 427 1409 quid
457 1371 541 1398 multa
564 1371 762 1406 iimpossibile
786 1372 858 1399 enim
887 1377 929 1400 est
960 1380 991 1400 os
1024 1375 1071 1400 aut

278 1422 396 1444 mentem
422 1417 564 1444 hominum
593 1424 738 1445 numerare
760 1417 927 1444 mirabilium
956 1418 1016 1452 ejus
1039 1426 1071 1446 ac

278 1462 408 1489 virtutum
422 1469 568 1489 oceanum.
584 1462 624 1489 Ad
638 1462 712 1490 hunc
732 1462 815 1499 igitur
831 1463 906 1491 misit
920 1471 966 1491 rex
981 1464 1071 1492 Theo-

278 1507 372 1535 dosius
395 1507 429 1535 ad
452 1507 642 1535 adducendum
667 1515 742 1540 eum,
768 1508 919 1543 deprecans
943 1513 969 1536 et
993 1509 1072 1538 obse-

278 1561 370 1586 crans,
396 1558 426 1581 ut
447 1554 617 1582 orationibus
637 1554 699 1589 ejus
722 1555 845 1582 munitus
866 1563 984 1590 pugnam
1006 1563 1069 1583 cum

277 1599 442 1628 adversariis
474 1600 616 1635 inciperet.
653 1601 700 1629 Ille
745 1609 810 1629 vero
837 1602 1007 1637 praesentiam
1034 1602 1107 1638 obc

278 1646 435 1682 religionem
468 1647 627 1682 recusavit,
669 1647 716 1675 sed
748 1655 829 1682 prece
870 1647 957 1681 facta,
988 1656 1070 1683 super

277 1692 374 1720 baculo
389 1699 443 1727 quo
467 1692 604 1720 nitebatur
620 1696 647 1719 et
658 1693 758 1720 amictu
774 1700 830 1728 quo
841 1693 942 1720 collum
953 1693 1070 1720 circum-

277 1737 369 1769 dabat,
390 1737 448 1764 haec
468 1737 501 1763 ad
523 1737 612 1772 ipsum
635 1737 719 1768 misit,
744 1737 920 1770 denuntians,
944 1742 974 1765 ut
999 1738 1069 1765 ami-

277 1786 351 1808 ctum
378 1789 427 1815 pro
449 1782 525 1816 galea
543 1789 625 1816 super
650 1786 733 1815 caput
757 1782 894 1816 indueret,
919 1788 945 1810 et
972 1783 1070 1811 baculo

278 1834 328 1861 pro
345 1827 439 1854 lancea
463 1827 573 1855 dextera
594 1835 676 1854 manu
700 1832 823 1856 uteretur
837 1833 864 1855 et
883 1829 989 1864 primus
1007 1835 1070 1858 ante

278 1872 426 1899 exercitum
450 1873 621 1907 pr0eederet.
644 1872 701 1900 Rex
715 1879 806 1901 autent
827 1874 1009 1908 Theodosius,
1027 1876 1070 1904 his

278 1927 293 1944 a
311 1923 406 1944 sancto
424 1918 516 1945 missis
534 1919 576 1952 pie
591 1918 761 1953 ﬁdeliterque
777 1920 905 1955 acceptis,
919 1921 952 1948 ad
969 1921 1068 1949 bellutn

278 1972 308 1991 se
321 1964 444 1999 parabat,
464 1972 517 1992 non
534 1969 587 1992 tam
602 1973 752 1998 armorutn,
772 1965 926 2000 jaculorum
948 1972 975 1995 et
996 1968 1070 1995 utili-

279 2015 335 2037 tum
350 2009 534 2044 multitudine,
549 2018 632 2046 quam
658 2012 744 2039 sancti
758 2012 873 2047 jrjuniis
891 2020 923 2040 ac
937 2014 1070 2041 orationi-

278 2057 329 2084 bus
344 2057 474 2085 conlisus.
499 2058 554 2085 Isle
574 2058 648 2085 enim
673 2066 771 2086 novam
790 2059 842 2094 ipsi
869 2060 1071 2094 praenuntiabat

277 2103 433 2136 victoriam,
458 2112 512 2132 non
533 2109 677 2132 cruentum
696 2112 746 2140 pro
764 2105 823 2140 ipso
842 2104 901 2132 l‘ore
918 2111 1068 2139 certamen,

279 2150 326 2178 sed
344 2157 376 2177 ex
398 2154 514 2186 utraque
537 2155 614 2186 parte
634 2151 749 2178 multum
775 2158 903 2179 cruorem
929 2160 990 2180 esse
1005 2152 1069 2179 fun-

278 2196 410 2224 dendum.
434 2196 575 2225 Circuibat
596 2202 689 2225 autem
703 2204 766 2225 cum
786 2197 923 2232 episcopis
939 2204 966 2225 et
980 2206 1069 2233 popu-

277 2241 312 2269 lis
334 2249 430 2270 omnes
449 2243 583 2271 orationis
609 2244 695 2276 locos,
720 2244 964 2278 prosternebatque
987 2251 1017 2271 se
1041 2244 1068 2271 in

1123 403 1246 429 Ἰωάννου
1258 403 1377 438 μοναχοῦ
1392 404 1548 439 ἡσυχαστοῦ
1569 403 1719 438 Αἰγυπτίου
1732 402 1913 439 μεμαθηκώς.

1128 449 1158 475 '0
1173 449 1227 483 γάρ
1242 457 1284 475 τοι
1302 448 1374 480 θεῖος
1396 447 1474 481 οὗτος
1489 449 1558 485 ἀνὴρ
1575 450 1801 484 ὲνενηκονταετὴς
1823 450 1914 476 πέλων

1121 493 1171 529 τὴν
1185 495 1293 529 ἡλικίαν
1306 496 1334 521 ὲν
1351 495 1478 530 σπηλαίῳ
1492 495 1628 531 κατέμενε
1643 497 1735 529 μόνος,
1753 495 1822 531 μήτε
1831 495 1913 528 αὐτὸς

1122 540 1302 575 ἐξερχόμενος
1323 541 1372 576 τῆς
1394 541 1504 576 mm,
1521 542 1591 577 μήτε
1620 541 1700 568 ἄλλον
1726 541 1914 576 εἰσδεχόμενος

1123 587 1197 614 Ενδον
1207 596 1215 603 ο
1229 588 1340 623 ηὐλόγει
1355 588 1410 623 γὰρ
1428 589 1509 624 μόνον
1522 589 1566 615 διὰ
1584 587 1692 624 θυρίδος
1712 589 1760 615 καὶ
1773 587 1915 624 ἠσπάζετο

1122 632 1185 664 τοὺς
1200 632 1268 668 πρὸς
1282 633 1363 660 αὑτὸν
1375 633 1601 667 παραϐάλλοντας
1614 642 1621 649 ·
1634 633 1681 661 καὶ
1693 634 1805 666 τούτους
1817 634 1848 661 οὺ
1857 634 1915 662 δια⁸

1124 679 1236 711 παντὸς,
1253 679 1322 706 ἀλλὰ
1347 679 1388 712 δὶς
1415 680 1437 696 ⁸¹
1457 681 1508 716 τῆς
1526 681 1686 716 ἑϐδομάδος,
1711 681 1846 718 Σαϐϐάτῳ
1867 683 1915 709 καὶ

1123 723 1251 759 κυριακῇ
1265 732 1271 739 ·
1287 724 1338 756 τὰς
1361 725 1390 750 δὲ
1413 726 1510 758 λοιπὰς
1528 726 1636 762 ἡμέρας
1658 727 1790 762 ἁπρόῖτος
1806 728 1914 763 ὑπῆρχε

1124 770 1206 796 παντὶ
1218 769 1365 806 ἀνθρώπῳ,
1378 772 1518 806 νηστείαις
1532 773 1578 799 καὶ
1595 773 1763 809 ἀγρυπνίαις
1776 775 1822 800 καὶ
1833 781 1917 809 προσ-

1123 817 1217 850 ευχαῖς
1247 816 1403 851 σχολάζων.
1418 818 1473 844 Καὶ
1497 816 1530 854 ἦν
1556 819 1621 846 ἰδεῖν
1638 820 1684 846 τὸν
1704 820 1841 854 μακάριον
1854 820 1916 846 ὅλον

1122 860 1192 889 εἶναι
1211 863 1413 898 ὲκτετηγμένον
1426 865 1466 898 τῷ
1482 864 1589 899 σώματι
1600 866 1634 893 δι’
1646 867 1735 900 ἄκραν
1751 866 1916 901 σκληραγω-

1087 934 1108 962 B
1124 907 1187 962 :(lftv
1199 916 1206 924 ·
1220 908 1267 962 καὶ
1285 908 1340 962 γὰρ
1368 909 1462 944 ἢσθιεν
1489 911 1567 938 οὐδὲν
1594 911 1689 947 ἕτερον
1706 912 1722 947 ἢ
1748 912 1854 948 λάχανα
1867 913 1916 939 καὶ

1122 952 1215 987 ὀλίγας
1239 953 1350 990 ὀπώρας
1369 955 1460 991 (1271³)
1479 956 1549 991 μετὰ
1565 957 1642 984 δύσιν
1669 958 1759 993 ήλίου·
1777 959 1843 993 περὶ
1859 959 1915 994 γὰρ

1123 999 1207 1035 ἄρτου
1220 1000 1293 1027 οῐνου
1307 1009 1336 1027 τε
1353 1003 1401 1028 καὶ
1421 1003 1513 1029 ἐλαίου
1529 1004 1576 1030 καὶ
1598 1004 1653 1031 τῶν
1676 1005 1779 1032 λοιπῶν
1799 1006 1850 1032 ὃσα
1870 1005 1915 1032 διὰ

1123 1046 1210 1080 πυρὸς
1232 1046 1288 1081 ἔχει
1307 1046 1356 1082 τὴν
1379 1048 1489 1082 χρῆσιν,
1507 1049 1634 1083 περιττόν
1653 1051 1713 1076 ἐστι
1738 1051 1786 1077 καὶ
1813 1051 1915 1085 λέγειν.

1123 1093 1235 1125 Τούτοις
1251 1095 1298 1120 καὶ
1313 1095 1371 1126 τοῖς
1390 1095 1522 1127 τοιούτοις
1540 1096 1623 1128 θείοις
1642 1097 1840 1132 κατορθώμασι
1858 1097 1917 1125 δια-

1123 1139 1294 1173 νυκτερεύων
1316 1141 1364 1166 καὶ
1384 1140 1555 1176 διημερεύων
1571 1142 1653 1178 ηῚ
1668 1144 1682 1169 ὸ
1706 1143 1780 1175 ὅσιος
1803 1143 1917 1178 Ικδηλος

1122 1185 1233 1219 ἐγένετο
1243 1187 1289 1213 καὶ
1300 1188 1480 1222 προφητικῶν
1489 1189 1670 1224 χαρισμάτων
1680 1189 1818 1224 ἔμπλεως,
1844 1198 1915 1226 προ-

1124 1232 1265 1267 σημαίνων
1277 1232 1333 1259 ἔσθ’
1344 1234 1389 1260 ὅτε
1405 1233 1438 1260 τὰ
1453 1234 1584 1269 μέλλοντα
1605 1235 1654 1262 καὶ
1668 1236 1701 1262 τὰ
1711 1236 1834 1271 κρυφίως
1849 1236 1915 1263 ἑκά-

1124 1287 1179 1313 στῳ
1188 1279 1371 1314 πεπραγμένα
1379 1281 1426 1307 καὶ
1434 1280 1621 1315 διανοούμενα.
1628 1282 1683 1308 Καὶ
1693 1281 1785 1315 μέντοι
1793 1282 1840 1308 καὶ
1849 1281 1914 1316 περὶ

1122 1324 1170 1351 τοῦ
1187 1325 1286 1351 Νείλου
1302 1325 1348 1352 καὶ
1362 1326 1412 1360 τῆς
1429 1326 1558 1361 εὐφορίας
1580 1327 1677 1358 αὑτοῦ,
1699 1327 1715 1362 ἢ
1733 1328 1780 1354 καὶ
1795 1326 1914 1362 ἀφορίας

1123 1369 1169 1396 τοῦ
1185 1369 1295 1405 χρόνου,
1311 1368 1327 1404 ἢ
1346 1369 1472 1406 ἀπειλὴν,
1495 1371 1512 1406 ἢ
1534 1370 1632 1405 ἑτέραν
1658 1371 1824 1407 ἐπέρχεσθαι
1848 1371 1914 1405 μέλ-

1122 1415 1222 1442 λουσαν
1234 1416 1309 1451 παρὰ
1320 1415 1389 1442 Θεοῦ
1401 1416 1426 1432 ⁸⁸
1443 1416 1616 1452 προηγόρευε
1632 1418 1680 1444 καὶ
1701 1418 1764 1449 τοὺς
1786 1416 1914 1453 ἁμαρτά·

1122 1470 1218 1493 νοντας
1236 1461 1379 1497 παρρησίᾳ
1406 1461 1560 1497 διήλεγχεν.
1578 1463 1633 1489 Καὶ
1646 1463 1672 1489 τί
1686 1463 1718 1497 δὴ
1733 1462 1757 1478 ⁸³
1770 1462 1855 1489 πολλὰ
1867 1463 1914 1489 λέ-

1122 1516 1201 1542 γειν;
1216 1508 1347 1534 ἀδυνατεῖ
1359 1508 1414 1543 γὰρ
1442 1508 1528 1542 στόμα
1543 1508 1591 1535 καὶ
1609 1509 1671 1540 νοῦς
1685 1508 1837 1543 ἀνθρώπων
1852 1509 1914 1544 ἀρι-

1123 1554 1203 1588 Θμεϊν
1221 1553 1276 1580 τῶν
1293 1553 1442 1588 θαυμάτων
1458 1553 1541 1581 αὑτοῦ
1563 1554 1580 1590 ἢ
1604 1554 1659 1581 τῶν
1683 1555 1790 1589 ἀρετῶν
1808 1554 1839 1581 τὸ
1861 1554 1913 1581 πέ-

1124 1598 1217 1634 λαγος.
1236 1598 1307 1634 Πρὸς
1321 1598 1415 1625 τοῦτον
1442 1598 1490 1625 οὖν
1507 1599 1553 1626 τὸν
1578 1598 1709 1634 θεοφόρον
1724 1599 1884 1626 ἀπέστειλεν
1899 1599 1914 1625 ὁ

1128 1645 1256 1680 βασιλεὺς
1275 1645 1415 1677 Θεοδόσιος
1429 1645 1562 1680 σκυλῆναι
1575 1645 1658 1672 αὐτὸν
1680 1644 1849 1679 παρακαλῶν
1865 1645 1913 1672 καὶ

1123 1691 1290 1719 ὲκδυσωπῶν
1303 1691 1355 1723 ἕως
1380 1691 1476 1724 αὐτοῦ,
1489 1692 1565 1723 ὃπως
1581 1693 1642 1723 ταῖς
1658 1691 1765 1718 ἐκείνου
1794 1699 1914 1726 προσευο

1124 1739 1184 1774 χαῖς
1197 1738 1406 1773 ὲφοδιαζόμενος
1423 1738 1472 1773 τῆς
1485 1737 1553 1773 πρὸς
1573 1738 1636 1770 τοὺς
1659 1737 1824 1769 ἀντιπάλους
1844 1746 1914 1765 κατ-

1124 1784 1216 1819 άρξειε
1229 1784 1330 1819 μάχης.
1355 1783 1386 1810 '0
1407 1783 1435 1810 δὲ
1461 1784 1512 1819 τὴν
1529 1783 1682 1819 παρουσίαν
1712 1784 1762 1819 μὲν
1782 1783 1854 1818 ὑπὲρ
1867 1783 1915 1810 εὐ-

1124 1829 1236 1861 λαϐείας
1248 1829 1404 1862 ἀνεϐάλετο,
1425 1829 1508 1864 εὐχὴν
1525 1829 1553 1856 δὲ
1571 1830 1617 1856 ἐπὶ
1629 1830 1663 1865 τῇ
1685 1828 1822 1865 βακτηρίᾳ
1838 1828 1882 1863 ἐφ’

1124 1876 1307 1911 ὲπεστήρικτο
1335 1875 1383 1902 καὶ
1406 1875 1445 1911 τῷ
1483 1876 1667 1912 περιϐολαίῳ,
1684 1876 1698 1903 ὃ
1723 1875 1916 1911 περιαυχένιον

1124 1921 1216 1956 ἔφερε,
1235 1921 1432 1956 ποιησάμενος,
1451 1920 1540 1948 ταῦτα
1562 1921 1633 1956 πρὸς
1653 1921 1737 1948 αὐτὸν
1762 1921 1915 1955 ἐκπέμπει,

1124 1967 1324 2003 παραγγείλας,
1338 1967 1382 1993 ἵνα
1396 1967 1425 1993 τὸ
1440 1966 1490 2002 μὲν
1507 1966 1687 2002 περιϐόλαιον
1713 1967 1775 1993 ἀντὶ
1799 1967 1917 2001 κόρυθος

1124 2013 1171 2040 ἐπὶ
1184 2013 1233 2048 τὴν
1245 2012 1366 2048 κεφαλὴν
1379 2012 1580 2048 περιϐαλεῖται,
1596 2014 1629 2048 τῇ
1644 2013 1673 2041 δὲ
1687 2012 1826 2048 βακτηρίᾳ
1854 2012 1917 2039 ἀντὶ

1124 2060 1237 2096 δόρατος
1250 2061 1285 2095 τῇ
1302 2059 1378 2095 δεξιᾷ
1393 2059 1466 2095 χειρὶ
1490 2059 1627 2095 χρήσηται
1637 2059 1661 2076 ⁸⁸
1674 2059 1721 2086 καὶ
1742 2059 1852 2095 πρῶτος
1867 2058 1915 2086 τοῦ

1125 2105 1324 2141 στρατιωτικοῦ
1341 2104 1425 2132 αὑτοῦ
1449 2105 1686 2142 προπορεύσηται.
1702 2106 1733 2132 '0
1744 2105 1773 2132 δὲ
1788 2105 1915 2140 βασιλεὺς

1123 2152 1265 2184 Θεοδόσιος
1281 2151 1386 2184 πιστῶς
1406 2152 1454 2179 καὶ
1479 2152 1604 2184 εὒλαϐὦς
1619 2153 1655 2180 τὰ
1681 2153 1757 2188 παρὰ
1771 2151 1820 2179 τοῦ
1836 2152 1915 2186 ἁγίου

1125 2199 1258 2226 σταλέντα
1267 2198 1414 2232 δεξάμενος
1425 2198 1464 2230 είς
1473 2197 1519 2224 τὸν
1532 2197 1651 2234 πόλεμον
1661 2207 1735 2234 παρα
1740 2198 1916 2231 σκευάζεται,

1124 2245 1173 2280 οὐχ
1182 2243 1269 2276 οὕτως
1295 2245 1330 2280 τῇ
1357 2243 1412 2271 τῶν
1443 2243 1534 2271 ὅπλων
1551 2244 1600 2271 καὶ
1625 2243 1681 2271 τῶν
1704 2243 1789 2279 βελῶν
1804 2243 1917 2271 καὶτοῦ

278 2287 368 2316 cilicio
386 2292 448 2315 ante
461 2289 561 2324 januas
583 2295 734 2326 martyrum
747 2293 774 2317 et
787 2294 943 2318 sanctorum
960 2295 1071 2325 aposto-

1126 2291 1191 2318 λαοῦ
1208 2290 1248 2325 τῷ
1271 2290 1369 2326 πλήθει
1399 2290 1461 2317 ὅσον
1473 2291 1506 2325 τῇ
1531 2290 1586 2317 τῶν
1600 2290 1733 2326 νηστειῶν
1750 2291 1797 2318 καὶ
1811 2292 1844 2326 τῇ
1861 2290 1917 2317 τῶν

280 2333 381 2366 lorum,
395 2341 457 2361 sese
469 2340 560 2370 aperte
572 2336 764 2364 demonstrans
773 2338 930 2364 sanctorum
944 2335 1075 2364 interces-

280 2379 357 2408 sione
384 2379 574 2408 ﬂdelissimum
589 2381 642 2410 slbi
662 2389 677 2409 a
695 2381 751 2410 Deo
771 2382 904 2409 auxilium
921 2382 1071 2416 quzerebat.

278 2426 366 2453 Graeci
393 2433 459 2454 vero
480 2425 574 2455 Romae
595 2427 752 2456 sacriﬁcare
772 2428 918 2456 studebant
940 2432 967 2455 et
995 2429 1074 2456 victi-

1123 2337 1212 2372 εὐχῶν
1236 2337 1284 2364 τοῦ
1312 2336 1390 2371 ἁγίου
1422 2336 1560 2369 πεποιθώς
1574 2337 1598 2354 ⁸⁸
1612 2345 1619 2353 ·
1637 2334 1716 2369 οὗτος
1742 2338 1796 2372 γὰρ
1818 2336 1916 2372 καινὴν

1122 2382 1307 2418 ἐπηγγείλατο
1331 2382 1409 2418 αὐτῷ
1435 2383 1488 2417 τὴν
1512 2383 1603 2418 νίκην,
1617 2383 1791 2418 ἀναίμακτον
1806 2382 1915 2419 προϐήο

1122 2427 1218 2455 σεσθαι
1233 2428 1274 2459 εἰς
1286 2428 1317 2455 τὸ
1339 2428 1402 2454 κατ’
1415 2427 1508 2460 αὑτὸν,
1532 2428 1581 2455 καὶ
1596 2428 1650 2455 ἀπὸ
1664 2428 1797 2464 ἑκατέρου
1813 2428 1914 2464 μέρους

280 2479 387 2499 marum
419 2473 525 2500 viscera
557 2474 695 2508 scrutari,
726 2474 869 2502 victoriam
904 2474 1071 2509 imprudenti

1122 2474 1247 2500 πλεῖστον
1264 2473 1404 2509 ὲκχεῖσϐαι
1420 2474 1531 2509 μέλλειν
1543 2475 1567 2491 ⁸⁸
1583 2473 1664 2510 αἷμα.
1690 2474 1860 2511 Περιήρχετο
1884 2476 1914 2503 δὲ

279 2518 470 2552 promittentes
496 2519 630 2554 Eugenio,
654 2519 785 2548 Flaviano
807 2524 865 2548 tum
884 2521 1011 2555 pralecto
1026 2529 1072 2548 ar-

1127 2520 1197 2555 μετά
1214 2520 1372 2547 ἐπισκόπων
1384 2520 1406 2536 ³⁷
1420 2520 1468 2548 καὶ
1497 2521 1565 2555 μετὰ
1579 2521 1700 2556 πλήθους
1718 2522 1822 2553 πάντας
1848 2522 1914 2554 τοὺς

279 2565 387 2593 dentius
406 2565 469 2593 aliis
499 2565 558 2594 haec
579 2571 694 2600 agente;
712 2566 766 2599 hic,
790 2566 905 2594 multum
921 2567 1070 2601 prudentiae

1124 2566 1179 2593 τῶν
1205 2566 1293 2601 εὐχῶν
1321 2567 1421 2599 τόπους
1452 2567 1501 2594 καὶ
1531 2567 1665 2603 ἔρριπτεν
1678 2568 1775 2594 ἑαυτὸν
1791 2568 1845 2602 πρὸ
1858 2568 1915 2595 τῶν

279 2619 336 2639 suae
352 2612 449 2646 ﬁdens,
466 2613 594 2640 omnibus
608 2612 740 2640 suadebat
762 2612 916 2648 Eugenium
936 2613 1068 2640 victorem

1125 2612 1217 2648 θυρῶν
1242 2612 1297 2639 τῶν
1313 2612 1470 2648 Μαρτύρων
1485 2613 1601 2640 καὶτῶν
1624 2613 1724 2648 ’Δγίων
1743 2613 1914 2640 Ἄποστόλων

279 2657 339 2685 fore
360 2657 529 2695 fulgendum.
552 2659 621 2687 Cum
647 2664 739 2687 autem
765 2658 935 2687 Theodosius
958 2658 1068 2695 pietatis

1125 2659 1175 2686 ἒπὶ
1194 2659 1326 2692 κιλικίου,
1346 2659 1472 2693 ὲξαπλῶν
1487 2659 1596 2694 ἑαυτὸν,
1610 2659 1658 2687 καὶ
1669 2662 1704 2697 τῇ
1713 2659 1847 2696 πρεσϐείᾳ
1857 2660 1914 2688 τῶν

900 2729 1000 2760 Variae
1021 2728 1174 2760 lectiones
1189 2731 1219 2760 et
1238 2732 1332 2760 noue.

315 2804 339 2842 ξ’
356 2805 424 2842 περι
447 2806 570 2842 ἰωάενου
588 2805 718 2842 μοναχοῦ·
735 2803 1009 2842 ςεάθδθδιητὶίξε
1033 2804 1172 2842 ἐεπεμσε
1187 2803 1225 2842 ﬁt
1245 2803 1259 2829 ὁ
1280 2803 1373 2842 μέγας.
1389 2802 1420 2829 θ·
1441 2802 1562 2842 skies
1581 2803 1682 2842 αὐτῷ·
1697 2802 1913 2842 Remens

282 2838 341 2877 τοῦ,
353 2837 495 2877 τυράννου
507 2837 638 2877 Εὐγενίου
658 2837 714 2868 ὀὐχ
730 2841 797 2877 ίδίᾳγ
810 2837 883 2876 ίσχύγῐ
901 2840 1055 2877 ὲθᾴῥρησεν
1068 2839 1097 2867 'l.
1108 2840 1136 2866 δὲ
1151 2848 1178 2877 τ.
1187 2838 1227 2877 ᾉ.
1245 2847 1283 2877 μ..
1292 2838 1412 2877 μεγᾴλου
1425 2838 1477 2877 ei)!
1485 2839 1583 2877 ῥάϐδον
1639 2837 1663 2877 §_.
1676 2838 1732 2877 την
1745 2838 1870 2877 ἑπῳμὶδα
1883 2838 1914 2864 δι

285 2874 346 2898 αντὶ
360 2872 476 2908 κράνους
483 2872 676 2910 ὁπλισάμενος.
724 2872 881 2911 ⁶¹δὲύτερον
889 2872 977 2903 codex
990 2872 1006 2902 ἑ
1022 2883 1071 2903 con

287 2907 347 2926 nam
365 2910 414 2926 ιιι-,ι
463 2910 485 2926 u
507 2910 636 2926 αλ-ιιριιη
655 2910 684 2926 ..ι-
705 2911 772 2926 ιηιε...
822 2911 845 2926 ss
861 2910 973 2926 smn...
986 2911 1035 2926 ηπ(

1123 2874 1186 2926 pdio
1197 2872 1221 2926 ﬁ;
1231 2872 1301 2900 male
1315 2873 1417 2926 Isoluto.
1452 2872 1602 2909 ⁷⁸³τιμίανῐ
1639 2873 1662 2890 ⁸³
1676 2872 1733 2900 δειῖ
1767 2872 1792 2889 ⁸⁸
1805 2873 1907 2908 χρήσας

287 2907 349 2935 σθαι
365 2907 426 2937 cod.
463 2910 485 2926 "
506 2907 636 2946 βοηθέίᾳῖ
655 2910 691 2939 cl“.
704 2911 783 2940 infra.
822 2907 845 2927 ⁸³
861 2910 974 2945 ἔμελλεν
986 2911 1046 2938 cod.

1123 2909 1252 2936 ὲπισκόπ.
1272 2909 1332 2936 cod.
