2089 3149
225 179 234 186 ⁸
262 175 313 210 731

869 182 1032 213 GEORGII
1052 183 1275 215 HAMABTOLI

1832 186 1887 218 732

239 222 371 266 ’ῳιίιιιιιη
399 230 520 266 adjuvet,
544 231 640 259 horum
671 238 762 262 autem
800 235 923 264 humilict
946 239 1048 273 cogita-

1102 239 1151 273 τὴν
1173 239 1340 275 θρασύτητα,
1362 239 1476 273 ἐκείνοις
1491 241 1541 276 μὲν
1562 237 1611 279 τὴν
1634 245 1883 281 ταπεινοφροσύνην

255 281 325 304 tum.
345 285 355 302 ι

292 416 370 450 Quod
384 418 465 445 etiam
475 427 590 455 magnus
600 420 718 449 Basilius
731 428 823 459 aperte
838 425 926 453 dixit:
946 436 956 454 ‹
975 428 1046 456 Dicit

257 461 330 489 enim
350 463 568 498 sapientissimus
587 467 716 495 Salomon
730 477 738 495 :
751 468 830 497 Omni
853 471 890 498 rei
913 476 1021 508 tempus
1038 483 1046 509 ;

255 507 397 536 sciendum
413 513 456 537 est
479 510 639 540 humilitatis
654 519 680 541 et
696 516 840 549 potestatis
856 521 883 545 et
897 507 1045 553 “probra-

256 552 339 581 tionis
355 559 382 582 et
394 555 595 585 exhortamenli
613 564 639 586 et
656 561 795 594 parcitatis
811 567 839 590 et
856 552 1000 599 libertatis,
1017 571 1046 594 et

258 599 385 629 bonitatis
400 606 426 629 et
442 604 608 637 severitatis,
621 614 729 641 unoque
746 608 829 636 verbo
845 609 990 644 cujuslibet
1006 612 1045 640 rei

257 650 362 680 tempus
376 654 436 675 esse
451 651 603 684 proprium,
620 656 648 679 ut
667 657 724 680 tum
738 661 769 681 ea
793 662 853 689 qum
867 660 932 683 sunt
955 657 1044 685 humi-

255 689 339 717 litatis
356 693 523 722 ostendcnda
537 696 593 723 sint
607 701 634 724 et
648 697 725 732 juxta
745 698 915 727 Dominicum
930 702 1043 731 verbum

255 741 401 768 puerorum
416 736 557 767 humilitas
574 741 722 776 imitanda;
740 749 796 770 tum
822 752 886 772 vero
909 752 1044 781 potestate

257 781 397 815 utendum,
417 791 498 818 quam
523 785 596 813 dedit
624 787 693 815 Deus
717 789 743 816 in
778 790 985 820 aediﬁcationem
1018 799 1045 822 et

257 832 311 853 non
325 826 351 853 in
366 827 590 862 destructionem.
608 839 670 860 cum
686 835 835 863 necessitas
851 838 946 872 agendi
961 838 1044 866 liber-

255 875 338 899 tatem
353 874 476 908 requirit.
503 876 634 905 Similiter
645 879 844 910 exhortationis
856 887 977 919 tempore
996 887 1044 914 ho-

257 917 327 946 nitas
343 922 385 946 est
399 922 577 956 ostendenda,
592 924 663 952 sicut
678 928 896 962 exprobrationis
925 935 1044 967 tempore

256 962 331 992 zelus
357 966 592 1003 manifestandus;
619 977 646 998 et
675 972 701 1000 in
729 974 845 1003 aliorum
877 985 1044 1015 unoquoque

255 1011 356 1043 pariter
366 1013 537 1043 rationabilis
545 1021 572 1044 et
586 1018 676 1052 justus
687 1020 855 1050 adhibendus
868 1029 910 1052 est
923 1011 1021 1054 modus
1035 1036 1042 1054 :

256 1062 318 1083 nam
331 1057 451 1086 rationes
467 1058 603 1094 justorum
618 1062 726 1094 iudicia.
742 1074 751 1091 ι

291 1146 375 1176 Divus
388 1156 496 1185 quoque
513 1151 634 1181 Isidorus
649 1153 721 1183 beati
739 1156 903 1193 discipulus.
917 1168 965 1188 sua
979 1169 1044 1189 voce

256 1193 346 1221 dicit:
365 1203 374 1220 ι
393 1195 461 1223 Eum
481 1198 528 1231 qui
554 1204 652 1233 praeest
679 1206 786 1236 oportet
810 1211 871 1232 esse
888 1205 989 1234 bonum
1011 1215 1044 1234 ac

259 1241 440 1274 tremendum,
459 1247 489 1270 ut
501 1244 547 1279 qui
564 1245 632 1273 bene
656 1247 748 1275 vivunt
766 1248 893 1278 ﬁduciam
914 1251 1042 1285 habeant,

256 1288 283 1311 et
297 1286 343 1320 qui
360 1292 519 1321 peccatores
534 1295 598 1318 sunt
615 1296 688 1320 metu
711 1294 903 1323 contineantur
926 1306 934 1324 :
958 1305 1042 1325 unum

254 1331 327 1359 enim
344 1332 448 1368 absque
466 1335 551 1363 altero
567 1336 689 1365 absentia
707 1340 797 1374 potius
812 1349 893 1376 qualn
915 1351 981 1370 usus
992 1353 1042 1372 au-

257 1378 395 1407 ctoritatis
417 1383 468 1407 est.
481 1379 586 1408 Etenim
610 1383 632 1411 si
649 1385 740 1412 cuncti
751 1386 852 1415 dociles
882 1393 909 1416 et
935 1390 1043 1419 virtutis

253 1427 377 1451 amantes
394 1430 495 1459 essent,
513 1427 571 1454 sola
586 1427 706 1458 bonitate
729 1436 802 1459 esset
824 1441 914 1468 opus;
931 1435 954 1463 si
979 1445 1043 1464 vero

255 1470 346 1497 cuncti
363 1471 397 1498 ad
415 1477 559 1506 peccatum
587 1477 715 1511 prompti,
747 1482 819 1506 metu
835 1487 842 1505 :
861 1488 923 1508 cum
951 1488 1041 1510 autem

256 1513 343 1542 bonos
355 1520 382 1543 et
398 1517 484 1545 malos
504 1518 530 1546 in
546 1519 676 1555 subjectis
690 1530 750 1550 esse
764 1529 878 1558 oportet.
896 1531 1042 1563 utrumque

1101 284 1160 311 δέον
1176 285 1350 321 προσφέρειν,
1362 285 1467 318 τούτοις
1487 287 1514 314 δὲ
1533 289 1582 324 τὴν
1597 289 1724 324 ἀνδρείαν
1741 290 1885 317 σϐεννύου-

1102 339 1151 357 σαν
1165 331 1255 358 αὐτῶν
1269 331 1318 367 τὴν
1335 332 1388 359 άπδ
1407 333 1575 369 θρασύτητος
1593 335 1682 368 δόξαν,
1703 336 1746 363 ἴνα
1758 336 1821 368 τοὺς
1829 337 1885 371 -μὲν

1100 377 1238 413 ὠφελήσῃ,
1260 378 1314 404 τῶν
1329 379 1357 405 δὲ
1374 379 1530 415 ταπεινώσῃ
1546 380 1574 407 τδ
1593 381 1730 416 φρόνημα.
1750 391 1759 408 ι

1138 425 1160 440 ¹¹
1180 424 1235 459 (12)
1252 425 1339 458 Ὅπερ
1362 422 1408 451 οὖν
1423 427 1470 452 καὶ
1491 427 1506 453 ὁ
1529 427 1615 461 μέγας
1631 428 1770 460 Βασίλειος
1794 428 1883 463 δηλῶν

1097 469 1174 503 ἔλεγε
1185 476 1193 486 ⁸
1212 478 1221 494 ι
1243 469 1295 495 Τοῦ
1323 470 1479 504 σοφωτάτου
1494 471 1666 507 Σολομῶντος
1688 473 1825 508 φήσαντος
1839 473 1862 489 ⁸⁸
1873 481 1880 489 ·

1100 523 1109 540 ι
1128 514 1231 550 Καιρὸς
1254 514 1294 549 τῷ
1318 515 1400 542 παντὶ
1426 516 1581 552 πράγματι,
1598 527 1608 543 ι
1632 518 1731 544 ειδέναι
1755 520 1820 554 χρὴ,
1840 520 1881 546 ὅτι

1099 561 1145 586 καὶ
1160 560 1364 596 ταπεινότητος,
1389 561 1435 588 καὶ
1459 561 1594 596 ἐξουσίας,
1621 563 1668 590 καὶ
1687 564 1809 598 ἐλέγχου,
1835 565 1881 591 καὶ

1097 606 1308 641 παρακλήσεως,
1334 606 1381 633 καὶ
1411 606 1536 641 φειδοῦς,
1569 608 1616 635 καὶ
1639 609 1808 644 παρρησίας,
1834 610 1881 636 καὶ

1096 651 1290 687 χρηστότητος,
1304 651 1351 679 καὶ
1367 653 1531 687 ἁποτομίας,
1550 654 1597 680 καὶ
1617 654 1689 687 ἅπαξ
1704 655 1797 687 ἁπλῶς
1811 664 1880 682 παν-

1096 697 1141 729 τὸς
1162 698 1325 734 πράγματος
1349 699 1444 734 καιρός
1464 700 1537 727 ἐστιν
1562 700 1638 733 ἴδιος,
1654 700 1725 728 ὥστε
1748 702 1813 728 ποτὲ
1831 703 1881 737 μὲν

1096 743 1132 770 τὰ
1147 745 1196 778 τῆς
1207 744 1402 780 ταπεινότητος
1414 745 1548 772 δεικνύειν
1563 746 1609 773 καὶ
1629 748 1772 782 μιμεῖσθαι
1787 750 1819 784 τῇ
1835 758 1882 776 τα-

1096 789 1225 817 πεινώσει
1242 790 1276 817 τὰ
1302 790 1397 817 παιδία
1417 790 1488 818 κατὰ
1503 791 1552 827 τὴν
1579 793 1720 828 Κυριακὴν
1743 795 1834 830 φωνην
1845 795 1880 827 ⁵⁸,

1097 836 1162 862 ποτὲ
1178 836 1206 862 δὲ
1222 837 1255 871 τῇ
1271 836 1381 871 ἐξουσίᾳ.
1398 838 1549 872 κεχρῆσθαι
1560 838 1582 854 ⁸³
1599 847 1608 864 ι
1625 839 1658 873 ἢν
1675 839 1774 866 ἔδωκεν
1788 841 1801 866 ὀ
1815 841 1881 872 Θεὸς

1098 879 1136 912 είς
1152 880 1298 916 οἰκοδομὴν
1310 881 1357 907 καὶ
1369 882 1419 908 οὐκ
1430 883 1470 914 είς
1483 881 1652 918 καθαίρεσιν,
1672 893 1681 910 ι
1696 885 1758 911 ὅταν
1771 886 1787 920 ή
1802 885 1882 920 χρεία

1058 911 1084 941 Β
1098 927 1213 962 ὲπιζητῇ
1298 911 1477 963 παῤῥησῑανν·
1492 929 1540 956 καὶ
1563 911 1592 956 έν
1613 911 1701 965 καιρῷ
1722 911 1882 966 μὲνιτζάρα-

1095 972 1218 1008 κλήσεως
1231 973 1261 999 τὸ
1277 975 1395 1009 χρηστὸν
1413 974 1610 1008 ἐνδείκνυσθαι,
1623 976 1652 1003 ὲν
1665 977 1754 1012 καιρῷ
1769 978 1797 1004 δὲ
1815 979 1882 1004 ἀπο-

1094 1017 1192 1053 τομίας
1208 1019 1254 1045 τὸν
1283 1018 1364 1055 ζῆλον
1390 1020 1533 1055 ἐμφαίνειν
1559 1023 1606 1048 καὶ
1632 1023 1674 1057 ἐφ’
1689 1023 1804 1050 ἑκάστου
1828 1024 1882 1051 τῶν

1095 1063 1184 1090 ἄλλων
1202 1064 1302 1099 ὁμοίως
1318 1065 1364 1091 τδν
1385 1064 1511 1101 ἔγκριτον
1525 1067 1547 1083 ⁵⁸
1563 1067 1609 1094 καὶ
1630 1067 1734 1096 δίκαιον
1752 1070 1882 1105 λογισμὸν

1095 1111 1282 1147 ἀποφέρεσθαι
1293 1121 1299 1128 ·
1320 1113 1444 1149 λογισμοὶ
1464 1115 1518 1150 γὰρ
1533 1115 1645 1143 δικαίων
1659 1116 1791 1153 κρίματα.
1808 1127 1816 1143 ι

1128 1159 1151 1175 ⁸⁸
1164 1159 1219 1194 (15)
1240 1159 1294 1185 Καὶ
1310 1159 1342 1196 δὴ
1370 1160 1443 1187 καὶὸ
1461 1160 1590 1196 Θεοφόρος
1614 1162 1748 1198 Ἰσίδωρος
1763 1164 1810 1190 καὶ
1834 1164 1882 1191 τοῦ

1096 1205 1232 1240 μακαρίου
1259 1207 1390 1242 φοιτητής
1415 1215 1480 1233 ποτε
1506 1207 1599 1242 λέγει·
1619 1217 1628 1234 ι
1655 1209 1706 1235 Τὸν
1723 1209 1840 1245 ἄρχοντα
1854 1210 1882 1236 δὲ

1095 1250 1141 1276 καὶ
1159 1250 1260 1284 ἀγαθὸν
1287 1248 1357 1278 εἶναι
1377 1252 1417 1278 δεῖ
1444 1253 1492 1279 καὶ
1521 1253 1647 1289 φοϐερὸν,
1667 1255 1701 1281 ἶν’
1720 1256 1744 1282 οι
1775 1255 1825 1291 μὲν
1850 1254 1881 1283 εὖ

1094 1296 1217 1332 βιοῦντες
1231 1297 1367 1333 θαῤῥοῖεν,
1379 1299 1403 1325 οἱ
1418 1298 1440 1325 δ’
1452 1299 1655 1334 ἁμαρτάνοντες
1665 1301 1770 1328 ὀκνοῖεν
1780 1310 1786 1317 ·
1802 1302 1881 1329 ϐάτε-

1096 1350 1143 1376 ρον
1159 1342 1214 1377 γὰρ
1240 1341 1354 1377 θατέρου
1381 1343 1477 1378 χωρὶς,
1495 1344 1629 1380 ἀναρχίας
1651 1345 1752 1380 μᾶλλόν
1775 1347 1880 1382 ἐστινῆ

1095 1387 1192 1422 ἀρχῆς.
1212 1387 1243 1414 El
1266 1388 1346 1424 5.93
1367 1388 1417 1424 μὲν
1444 1389 1497 1424 γὰρ
1525 1390 1625 1422 πάντες
1651 1389 1720 1427 ἦσαν
1747 1393 1882 1424 εὐπειθεῖς

1095 1435 1142 1461 καὶ
1167 1434 1318 1469 φιλάρετοι,
1336 1434 1506 1470 ἀγαθότητος
1529 1435 1583 1462 ἔδει
1602 1435 1695 1472 μόνης,
1715 1438 1739 1464 εί
1761 1437 1788 1463 δὲ
1805 1437 1882 1472 φιλα-

1095 1480 1281 1515 μαρτήμονες,
1296 1479 1397 1514 φόϐουσ
1413 1480 1508 1516 ἐπειδὴ
1522 1481 1550 1508 δὲ
1567 1483 1614 1509 καὶ
1628 1482 1747 1515 ἀγαθοὺς
1768 1484 1815 1510 καὶ
1830 1491 1881 1509 πο-

1094 1526 1194 1562 νηροὺς
1207 1526 1314 1561 ἀνάγκη
1331 1526 1361 1553 ἐν
1386 1527 1443 1558 τοῖς
1456 1527 1620 1562 ἀρχομένοις
1642 1527 1722 1560 εἶναι,
1739 1529 1882 1564 ἀμφότερα

256 1567 338 1588 manu
351 1562 557 1596 ponderandum
571 1570 612 1594 est
626 1567 649 1594 ei
664 1568 712 1603 qui
727 1574 824 1604 praeest
838 1575 864 1599 et
877 1562 1041 1607 dominatur,

1098 1572 1320 1607 μεταχειριστέον
1335 1571 1374 1606 τῷ
1397 1571 1507 1608 ἄρχοντι
1524 1573 1570 1600 καὶ
1587 1562 1793 1609 πρηῖσταμένίρ,
1808 1562 1852 1601 ἵνα
1865 1576 1882 1610 ἡ

257 1608 286 1632 ut
302 1605 411 1635 bonitas
425 1609 569 1638 conllrmct
585 1611 672 1640 bonos
687 1617 714 1642 et
736 1616 882 1651 sapientes,
902 1623 930 1646 et
953 1605 1042 1649 metus

256 1658 401 1686 pravorum
418 1654 515 1684 delicta
533 1659 691 1692 prreveniat.
714 1670 724 1687 ι

291 1742 354 1772 Haec
369 1745 461 1779 igitur.
477 1750 506 1773 ut
519 1747 584 1775 mihi
600 1748 718 1781 videtur.
737 1756 763 1778 et
776 1752 874 1780 simil'a
889 1755 1042 1786 nescientes

255 1794 302 1817 aut
317 1790 388 1817 male
401 1791 588 1821 discernentes
614 1796 670 1822 divi
697 1795 809 1826 Joannis
837 1799 949 1834 inimici,
979 1810 1040 1830 enm

256 1834 481 1864 irrationabiliter
494 1842 520 1864 et
538 1838 641 1867 insulse
656 1841 739 1868 veluti
755 1844 897 1876 quemdam
914 1853 1041 1881 asperum

255 1883 283 1906 et
305 1879 480 1914 iracundum.
504 1883 619 1912 oderant
642 1890 669 1913 et
697 1879 954 1918 calumniabantur:
980 1893 1042 1921 Ideo

255 1931 364 1960 quaque
375 1933 531 1955 sermonem
547 1937 627 1964 quem
642 1931 736 1960 beatus
750 1932 868 1963 Joannes
878 1936 904 1964 in
926 1939 1041 1967 ecclesia

254 1975 350 1998 contra
367 1972 493 2001 mulieres
518 1974 661 2009 habuerat.
680 1978 805 2007 malevoli
823 1983 974 2016 garrientes
995 1985 1043 2012 ad-

254 2025 350 2046 versus
369 2018 519 2048 Eudoxiam
536 2029 597 2050 esse
607 2023 721 2057 dictum,
737 2025 775 2053 illi
791 2034 945 2056 sermonem
964 2030 1042 2058 detu.

254 2063 353 2091 lerunt.
369 2064 436 2098 Qua:
450 2066 558 2101 quidem
572 2075 602 2096 se
614 2069 690 2097 valde
706 2070 798 2099 laesam
815 2073 886 2108 apud
895 2074 1040 2104 Arcadium

253 2118 384 2144 querens,
403 2111 479 2140 illum
495 2118 592 2142 contra
606 2115 739 2144 Joannem
754 2120 934 2153 exasperavit.
954 2121 1041 2150 Cura-

254 2157 292 2184 vit
319 2161 411 2184 autem
438 2159 561 2188 mandari
595 2161 776 2198 Theophilum
808 2169 837 2191 ut
865 2166 1040 2195 manifestum

252 2202 366 2231 Joannis
383 2203 535 2233 inimicum.
549 2207 600 2240 Qui
625 2216 687 2236 cum
717 2210 874 2239 advertisset
899 2212 931 2240 ad
955 2213 1041 2247 Quer-

1098 1617 1148 1652 μὲν
1164 1617 1302 1653 άγαθότης
1318 1617 1434 1653 στηρίζη
1449 1618 1512 1650 τοὺς
1527 1618 1646 1652 ἀγαθοὺς
1662 1620 1709 1646 καὶ
1729 1620 1881 1654 σώφρονας,

1096 1662 1110 1689 ὁ
1126 1662 1155 1689 δὲ
1174 1662 1256 1696 φόϐος
1283 1662 1491 1698 προαναστέλλῃ
1504 1662 1560 1690 τῶν
1589 1664 1727 1691 κακίστων
1743 1665 1778 1691 τὰ
1802 1665 1883 1692 πταί-

1098 1715 1197 1741 σματα,
1216 1715 1225 1733 ι

1132 1755 1156 1770 ⁵⁸
1173 1753 1228 1790 (ll)
1245 1753 1339 1781 Ταῦτα
1355 1754 1455 1788 τοίνυν,
1473 1754 1510 1786 ὡς
1534 1755 1633 1788 ἔοικεν,
1659 1756 1819 1790 ἀγνοοῦντες
1835 1758 1883 1783 καὶ

1096 1799 1129 1826 τὰ
1145 1797 1248 1826 τούτων
1265 1799 1344 1834 ὃμοια
1363 1799 1400 1836 μὴ
1427 1799 1518 1830 καλῶς
1536 1801 1713 1836 ἐπιστάμενοι
1734 1802 1883 1838 διακρίνειν

1096 1846 1145 1872 καὶ
1167 1845 1326 1881 συγκρίνειν
1352 1846 1376 1873 oi
1403 1846 1498 1882 ἐχθροὶ
1516 1848 1563 1874 τοῦ
1584 1847 1728 1875 Θεσπεσίου
1759 1849 1883 1876 Ἰωάννου

1097 1890 1202 1924 ἀλόγως
1218 1891 1266 1917 καὶ
1277 1891 1397 1926 ἀνοήτως
1413 1891 1524 1926 ἑμίσουν
1540 1892 1622 1920 αὐτὸν
1638 1893 1685 1920 καὶ
1695 1893 1834 1921 διέϐαλλον
1845 1894 1884 1926 ὡς

1095 1935 1200 1971 τραχύν
1214 1944 1276 1962 τινα
1293 1937 1340 1963 καὶ
1350 1935 1469 1971 ὀργῖλον.
1487 1937 1533 1964 Διὸ
1551 1937 1583 1974 δὴ
1596 1938 1643 1965 καὶ
1658 1938 1730 1966 κατὰ
1746 1939 1883 1974 γυναικῶν

1095 1984 1109 2008 ὸ
1123 1982 1258 2017 μακάριος
1281 1982 1406 2017 Ἰωάννης
1430 1982 1475 2009 ἔπ’
1503 1983 1652 2019 ἐκκλησίας
1673 1984 1752 2018 λόγον
1779 1985 1884 2012 ἐπεδεί-

1097 2028 1170 2061 ξατο,
1191 2028 1221 2055 ὃν
1239 2028 1264 2054 οῑ
1278 2028 1421 2063 δυσμενεῖς
1435 2028 1497 2055 κατ’
1514 2029 1644 2063 Εὑδοξίας
1660 2030 1787 2066 ιίρῆσθαι
1803 2031 1884 2067 θρυλ-

1095 2074 1238 2108 λήσαντες,
1260 2072 1345 2108 ταύτῃ
1364 2072 1410 2099 τὸν
1435 2072 1514 2108 λόγον
1529 2074 1688 2110 εἰσήγαγον.
1711 2075 1743 2102 'H
1769 2077 1795 2103 δὲ
1817 2077 1883 2111 πρὸς

1101 2120 1245 2156 ’Λρκάδιον
1259 2119 1353 2151 δεινῶς
1371 2119 1537 2147 πεπονθέναι
1553 2121 1672 2155 λέγουσα
1697 2122 1768 2150 κατὰ
1790 2123 1882 2150 Ἰωάν-

1095 2175 1141 2193 νου
1157 2167 1251 2193 τοῦτον
1267 2166 1446 2202 παρώτρυνεν
1456 2175 1463 2182 ·
1488 2168 1693 2202 παρασκευάζει
1705 2169 1733 2196 δὲ
1748 2179 1885 2204 μεταστα-

1096 2212 1176 2247 λῆναι
1199 2212 1330 2247 Θεόφιλον
1354 2212 1392 2244 ὡς
1411 2212 1544 2248 πρόδηλον
1564 2214 1662 2249 ἐχθρὸν
1678 2214 1726 2242 τοῦ
1759 2216 1883 2243 Ἰωάννου

254 2257 315 2275 cum
329 2249 355 2277 in
368 2250 471 2278 aedibus
486 2251 641 2281 Ruﬂnianis
656 2255 803 2283 concilium
816 2257 945 2286 adversus
958 2258 1041 2287 Joan-

1095 2257 1265 2293 ὑπάρχοντα.
1284 2258 1333 2289 ’ος
1350 2257 1573 2292 παραγενόμενος
1591 2259 1620 2285 ὲν
1638 2259 1670 2294 τῇ
1685 2259 1753 2294 Δρυῒ
1766 2262 1799 2296 τῇ
1817 2260 1841 2276 ⁸⁸
1854 2262 1883 2288 ἐν

254 2302 316 2321 nem
331 2299 507 2332 congregavit
522 2304 548 2326 et
564 2299 638 2327 illum
657 2301 682 2328 in
696 2302 822 2330 exsilium
838 2303 971 2338 judicavit
989 2306 1042 2341 eji-

253 2339 380 2367 ciendum
402 2350 409 2368 :
426 2350 480 2377 quo
506 2345 616 2379 cognito
631 2347 746 2381 populus
763 2347 840 2375 illum
855 2356 888 2376 ex
914 2350 980 2378 urbe
997 2339 1044 2378 de-

254 2385 318 2421 pulli
335 2394 387 2415 non
407 2389 498 2417 ferens
513 2398 639 2427 magnam
656 2393 817 2422 seditionem
831 2395 904 2424 fecit.

290 2481 390 2510 lntlcxa
411 2483 502 2520 populi
518 2486 712 2521 conquestibus
739 2486 861 2516 Eudoxia
892 2488 1040 2516 Arcadium

255 2537 305 2571 pro
320 2531 424 2559 Joanne
435 2531 579 2567 deprecata
591 2536 641 2565 est,
660 2538 687 2561 et
708 2533 864 2562 Brissonem
882 2535 1040 2563 eunuchum

255 2581 366 2608 mittens
379 2588 394 2607 a
409 2578 527 2607 Preneto
543 2578 675 2607 Joannem
694 2581 811 2614 reduxit,
838 2581 875 2609 ita
893 2587 923 2609 ut
948 2581 1040 2609 Theo-

255 2624 345 2660 philus
360 2629 387 2652 et
399 2624 442 2652 sui
460 2632 521 2652 cum
537 2623 597 2659 ipso
616 2625 753 2660 perterriti
775 2625 844 2662 fugae
864 2634 894 2655 se
905 2627 1040 2655 dederint.

1100 2303 1300 2338 Ῥουφινιαναῖς
1314 2303 1363 2338 τὴν
1377 2303 1448 2330 κατὰ
1475 2303 1599 2331 Ἰωάννου
1615 2305 1761 2342 ἐπιϐουλὴν
1773 2315 1882 2342 κατειρ-

1095 2349 1199 2382 γάσατο
1227 2349 1284 2383 (καὶ
1299 2349 1394 2376 τοῦτον
1413 2348 1574 2384 κατέκρινεν
1592 2351 1621 2377 ὲν
1640 2350 1732 2387 ὲξορίᾳ
1755 2352 1881 2388 στεῖλαι),

1094 2395 1162 2430 ὅπερ
1177 2395 1260 2429 γνοὺς
1272 2394 1287 2421 6
1301 2394 1365 2426 λαὸς
1382 2395 1477 2422 στάσιν
1495 2394 1620 2430 μεγάλην
1634 2396 1745 2430 εποίησε
1761 2396 1799 2432 μὴ
1815 2405 1883 2431 συγ-

1095 2441 1191 2477 χωρῶν
1206 2441 1281 2477 αὑτῷ
1295 2441 1462 2477 ἐκϐληθῆναι
1474 2443 1523 2476 τῆς
1538 2442 1653 2474 πόλεως.

1130 2488 1152 2504 ³⁷
1168 2487 1224 2523 (15)
1255 2487 1478 2522 Ἐπικαμφθεῖσα
1493 2488 1515 2505 ⁸⁸
1540 2488 1654 2521 Εὑδοξία
1675 2491 1732 2522 τοῖς
1754 2490 1882 2525 ὀδυρμοῖς

1095 2535 1142 2562 τοῦ
1153 2535 1220 2562 λαοῦ
1234 2535 1433 2571 (παρεκάλεσεν
1446 2536 1515 2571 ὑπὲρ
1531 2537 1656 2564 Ἰωάννου
1670 2538 1716 2565 τὸν
1729 2538 1881 2572 ’Δρκάδιον,

1095 2582 1153 2617 καὶ)
1167 2581 1300 2617 πέμψασα
1315 2581 1458 2617 Βρίσσωνα
1471 2581 1494 2598 ⁸³
1505 2582 1550 2608 τδν
1563 2583 1690 2618 εὐνοῦχον
1702 2584 1755 2610 ἀπὸ
1769 2585 1882 2619 Πραινέ-

1095 2636 1141 2655 του
1156 2628 1201 2654 τὸν
1221 2627 1348 2663 Ἰωάννην
1359 2627 1518 2663 εισήγαγεν,
1532 2627 1602 2656 ὥστε
1616 2630 1746 2664 Θεόφιλον
1759 2631 1804 2656 καὶ
1817 2630 1881 2662 τοὺς

851 2698 949 2729 Varia)
962 2698 1117 2730 lectiones
1139 2702 1170 2729 et
1187 2701 1282 2729 noue.

290 2779 311 2794 "
320 2779 385 2805 (Sed.
402 2778 610 2811 579,15-5803.
623 2779 701 2808 Serb.
715 2780 845 2808 261-265.
884 2781 906 2797 ⁸⁰
923 2781 995 2808 Eccl.
1009 2790 1049 2811 ιιι.
1063 2783 1073 2809 l

457 2799 479 2810 "
488 2799 765 2848 ίιῖρὲὶἰῗέἕὸζὲἒιϊᾷ
771 2799 898 2843 ”’Ίιῗ”ιοδ
907 2799 1004 2843 Σῖἑί
1011 2799 1137 2848 Ϊ“ἐ;ἐό,ιε
1155 2799 1246 2846 δὲἲῗὶῗ

256 2821 350 2843 κριτον
367 2814 433 2841 Ced.

1137 2783 1157 2798 "
1177 2782 1271 2809 Matth.
1287 2790 1363 2826 XVIII:
1387 2782 1414 2810 5.
1461 2783 1484 2799 ³·
1498 2783 1524 2826 _ll
1546 2783 1621 2826 _Cnr.~
1634 2783 1759 2826 mnum.
1778 2783 1885 2826 "'19;-

1298 2818 1320 2833 "
1336 2817 1384 2852 τὴν
1401 2819 1431 2844 ὲν
1453 2818 1514 2845 cod.
1528 2820 1560 2854 τῇ
1591 2818 1638 2854 νῦν
1656 2818 1722 2854 Cod.
1777 2819 1800 2834 "
1815 2818 1881 2854 Ceil.

258 2847 375 2888 ὕψι-ο,
414 2849 437 2865 ⁵⁸
459 2849 487 2888 δέ
507 2849 568 2888 add.
688 2850 710 2866 "'
725 2851 849 2887 Βρίσωνα
865 2851 929 2880 Ced.
952 2852 1048 2888 Bpuss

1094 2853 1129 2880 )J.
1147 2853 1192 2881 scd
1241 2852 1271 2880 l6
1292 2847 1386 2887 Βρισσ.
1404 2867 1437 2871 -
1455 2853 1500 2881 (21.
1521 2847 1560 2885 ὡς
1580 2853 1643 2881 Call.
1660 2868 1695 2874 —-
1709 2853 1754 2881 2'2.
1779 2862 1808 2888 φ.
1833 2853 1883 2888 τὴν

259 2884 395 2917 σωτηρίαν
411 2885 572 2920 πορῖσισθαι
588 2885 652 2914 Ced.
