2089 3149
159 133 210 167 801

751 137 985 168 CHRONICON.
1008 151 1040 155 —
1063 137 1138 168 LIB.
1159 137 1207 168 IV.

1751 137 1805 169 802

159 190 313 219 ἀπώλεσεν.
330 190 418 218 Πόθεν
434 188 482 218 οὖν
501 191 600 227 ἐτέχθη
616 192 647 218 τὺ
662 192 735 227 μέγα
758 192 839 219 τοῦτο
854 193 955 224 κακὸν;

1015 192 1155 224 iudicium.
1178 191 1230 219 Ubi
1252 191 1326 218 enim
1350 191 1433 227 aliqui
1452 192 1533 219 talem
1557 196 1658 221 metum
1684 201 1699 220 a
1720 194 1806 222 corde

167 238 233 264 Ἀπὸ
248 238 354 272 τρυφῆς
371 239 419 264 καὶ
433 239 576 273 σπατάλης
593 239 641 265 καὶ
652 239 876 273 ὲγκαταλείψεως
888 239 956 265 Θεοῦ

162 285 211 310 καὶ
229 284 283 311 ἀπὸ
296 284 344 310 τοῦ
364 284 402 319 μὴ
416 284 560 319 φοϐεῖσθαι
578 286 661 311 αὑτὸν
677 286 725 311 καὶ
737 285 786 321 τὴν
804 286 957 320 μέλλουσαν

161 330 272 365 κρίσιν’
291 330 355 356 ὅταν
376 330 431 366 γὰρ
450 331 588 357 ὲκῦἀλωσί
613 339 686 363 τινες
705 332 750 357 τὸν
769 330 892 357 τοιοῦτον
909 331 957 365 φό-

162 377 209 402 ϐον
239 377 272 402 ἐκ
294 376 344 410 τῆς
376 376 493 412 καρδίας
521 377 623 410 αὐτῶν,
646 378 844 411 ὲγκαταλιμπά
870 377 956 412 (288')

162 431 256 448 νονται
270 423 312 453 εἰς
328 422 407 453 τέλος
427 423 475 449 καὶ
498 422 585 454 οὕτως
605 423 730 458 ἔρχονται
748 424 788 455 εἰς
810 423 958 458 ἐπιθυμίας

162 469 295 503 ἀνοήτους
309 468 356 495 καὶ
373 468 510 504 βλαϐερὰς
527 470 574 495 καὶ
590 470 611 485 ³⁷
633 479 641 494 ι
660 470 700 500 εἰς
716 469 792 503 πάθη
806 470 931 504 ἀτιμίας·
946 478 954 494 ι

164 514 262 549 ὥσπερ
282 514 337 549 γὰρ
359 514 454 541 πολλοὶ
471 516 606 546 πολλάκις
621 515 671 549 τὴν
683 515 737 540 τῶν
753 516 846 541 σιτίων
863 516 958 542 ἐπιθυ-

165 561 231 597 μίαν
258 561 375 595 ἀφέντες
403 562 456 596 γῆν
483 562 624 588 σιτοῦνται
651 563 699 589 καὶ
722 563 814 594 λίθους
838 563 957 598 μικράς·

163 607 211 633 καὶ
224 607 314 642 ἕτεροι
330 607 359 633 δὲ
383 607 436 633 ὑπὸ
453 607 545 642 δίψους
568 608 750 643 κατεχόμενοι
775 609 892 644 σφοδροῦ
910 609 959 636 καὶ

165 652 300 688 βορϐόρου
331 652 463 684 πολλάκις
495 653 703 686 ὲπιθυμοῦσινσ
731 654 803 680 οὕτω
836 656 959 681 κάκεῖνοι

164 698 399 734 καταλειφθέντες
424 699 469 725 διὰ
488 700 536 731 τὰς
564 701 770 736 προειρημένας
785 701 874 732 αἰτίας
890 702 959 735 πρὸς

164 745 210 771 τὸν
225 745 347 780 ἄθεσμον
374 744 478 772 τούτων
505 746 694 782 ἐξεκαύθησαν
715 748 805 783 ἔρωτα
822 748 870 774 καὶ
890 749 960 783 πρὸς

164 791 213 826 τὴν
231 793 335 827 μιαρὰν
350 792 441 828 ὖρεξιν
459 797 560 829 μανίαν
577 803 605 820 τε
623 795 669 820 καὶ
690 794 810 820 λύσσαν·
828 796 851 820 εί
867 795 895 821 δὲ
910 795 960 820 οὐκ

166 836 354 871 αἰσθάνονται,
372 839 432 865 ἀλλ’
453 840 574 874 ἥδονται.
592 839 630 874 μὴ
655 839 798 874 θαυμάσῃς
811 848 817 855 ·
833 842 880 866 καὶ
906 840 960 875 γὰρ

165 884 191 909 οἱ
208 885 370 919 μαινόμενοι
386 886 434 912 καὶ¹
446 886 580 921 φρενίτιδι
599 887 778 921 κατεχόμενοι
791 886 861 921 νόσῳ
875 887 961 913 πολλὰ

167 931 282 961 ἑαυτοὺς
300 931 459 963 ἀδικοῦντες
484 933 532 958 καὶ
553 933 659 958 ἐλεεινὰ
674 932 843 967 πράσσοντες
860 933 902 967 ἐφ’
920 930 961 964 οἷς

165 976 266 1008 αὐτοὺς
281 977 373 1013 ἕτεροι
388 977 552 1013 δακρύουσι,
573 979 675 1011 γελῶσι
703 979 752 1005 καὶ
768 980 826 1010 τοῖς
844 980 961 1014 λεγομέ-

167 1031 223 1054 νοις
240 1023 335 1054 αὐτοῖς
358 1023 526 1059 ἐντρυφῶσι.
551 1025 636 1050 Πόσαι
654 1025 749 1051 λοιπὸν
773 1025 882 1059 γέενναι
898 1026 962 1056 τοὺς

166 1069 306 1100 τοιούτους
324 1070 465 1104 ἁρκὲσωσι
491 1071 538 1097 καὶ
565 1070 639 1097 πόσει
666 1071 853 1106 κολαστήρια;
879 1072 910 1098 El
935 1072 962 1098 δὲ

167 1115 324 1151 καταγελᾷς
341 1116 456 1152 γεέννης
477 1116 585 1143 ἀκούων
606 1119 653 1143 καὶ
668 1118 793 1148 ἀπιστεῖς
810 1119 907 1153 ἐκείνῳ
922 1118 961 1153 τῷ

170 1163 248 1196 πυρὶ,
264 1162 458 1198 ἀναμνήσθητι
477 1164 559 1190 πάλιν
574 1163 619 1190 τὸν
637 1164 665 1190 ὲν
683 1164 811 1198 Σοδόμοις
826 1165 898 1191 θεῖον
914 1165 962 1199 ἐμ-

169 1209 309 1243 πυρισμὸν
335 1210 382 1236 καὶ
407 1210 457 1244 τὴν
476 1209 598 1245 φοϐερὰν
627 1210 738 1245 ἐκείνην
764 1211 910 1245 φλόγωσιν.
931 1211 963 1238 Εἰ

169 1253 216 1280 οὖν
235 1254 351 1282 τοιαῦτα
377 1255 505 1291 πράττων
531 1257 578 1282 καὶ
599 1257 631 1282 σὺ
650 1257 728 1291 δίκην
750 1256 781 1283 οὐ
808 1257 898 1289 δίδως,
925 1257 962 1292 μὴ

170 1299 336 1335 θαυμάσῃς·
365 1301 466 1327 ἐκεῖνοι
495 1301 544 1335 μὲν
568 1301 622 1337 γὰρ
648 1302 685 1333 ὡς
712 1302 748 1337 μὴ
768 1302 818 1337 τὴν
846 1302 962 1336 γέενναν

169 1346 273 1376 ειδότες
298 1346 489 1381 ἐκολάσθησαν
518 1348 595 1382 παρὰ
621 1347 722 1379 πόδας·
752 1349 784 1374 σὺ
805 1348 833 1374 δὲ
863 1349 913 1374 ὅσα
930 1349 963 1375 ἂν

170 1393 311 1428 ἁμάρτῃς,
337 1392 391 1420 κᾶν
414 1393 552 1429 μηδεμίαν
569 1393 648 1429 ἱίκην
672 1393 725 1429 δῷς
751 1394 879 1427 ἐνταῦθα,
906 1396 965 1421 ἐκεῖ

171 1439 263 1466 πάντα
292 1439 496 1474 χαλεπωτέρως
538 1440 656 1475 ἀποτίσῃ
693 1440 741 1466 καὶ
779 1441 963 1477 κολασθήσει·

171 1484 256 1518 ﬁunt;
270 1485 333 1512 ’Ὁτι
345 1485 470 1517 πλείονος
486 1485 689 1521 ἀπηλαύςαμεν
705 1486 832 1521 χάριτος·
845 1487 911 1513 ὅταν
937 1488 964 1514 δὲ

170 1532 219 1558 καὶ
228 1532 339 1558 πλείονα
346 1533 393 1559 καὶ
404 1533 517 1566 μείζονα
526 1532 798 1567 πταίωμενέκεὶνων,
806 1534 887 1566 ποίας
899 1543 964 1569 συγ·
978 1546 1000 1576 C

170 1578 284 1613 γνώμης
298 1578 426 1613 τύχωμεν
445 1579 476 1604 ἐκ
491 1578 633 1614 προγόνων
644 1579 678 1605 τὰ
697 1579 858 1614 σωτηριώδη
872 1588 962 1614 παρα-

168 1623 300 1656 λαϐόντες
323 1624 490 1659 διδάγματα,
510 1625 584 1659 ἅπερ
607 1626 707 1651 ἐκεῖνοι
733 1625 875 1656 παντελῶς
901 1625 963 1651 οὗτε

169 1671 293 1705 ἥκουσαν
306 1670 369 1697 οὒτε
383 1670 497 1705 ἔμαθον,
518 1670 590 1697 ὥστε
606 1671 652 1697 διὰ
673 1671 753 1697 τοῦτο
772 1671 905 1706 μειζόνως
922 1680 965 1698 κο-

170 1717 378 1754 λασθησόμεθα,
395 1721 446 1747 κᾶν
461 1728 489 1745 τε
516 1718 618 1753 μικρὰν
638 1719 716 1753 δίκην
742 1718 859 1745 ἐνταῦθα
873 1720 964 1754 δῶμεν

171 1764 223 1790 κᾶν
242 1773 271 1790 τε
297 1764 337 1800 μὴ
350 1765 453 1801 δῶμεν.
475 1764 582 1791 Οὐκοῦν
608 1764 705 1799 μηδεὶς
733 1765 803 1799 ὀρῶν
827 1766 964 1800 πονηροὺς

171 1810 382 1845 εὐπραγοῦντας
397 1812 585 1846 θορυῢείσθω·
608 1812 637 1837 οὺ
655 1811 708 1845 γάρ
726 1813 799 1837 εστιν
814 1812 931 1838 ἐνταῦθα
947 1813 962 1846 ἡ

170 1857 355 1889 ἁνεαπὸδοσις
372 1858 436 1884 οὕτε
463 1859 513 1893 τῆς
540 1858 642 1893 ἀρετῆς
659 1857 722 1884 οὕτε
741 1857 790 1892 τῆς
810 1859 944 1894 πονηρίας
957 1868 964 1875 ·

172 1903 198 1929 sl.
212 1903 240 1929 δὲ
255 1903 304 1930 σοῦ
320 1905 367 1930 καὶ
388 1904 495 1938 γίνεται
513 1903 563 1938 τῆς
578 1904 679 1938 ἀρετῆς
694 1904 741 1929 καὶ
755 1904 804 1938 τῆς
820 1905 964 1940 πονηρίας,

172 1949 231 1976 ἀλλ’
245 1949 308 1985 οὐχὶ
330 1951 390 1976 κατ’
404 1950 485 1982 ἀξίαν
501 1950 560 1977 ἀλλ’
574 1950 670 1981 ἁπλῶς
692 1950 794 1976 ὡσανεὶ
809 1950 902 1984 γεῦμα
917 1951 965 1985 τῆς

171 1995 303 2030 κρίσεως,
414 1997 459 2023 ἵνα
473 1997 498 2023 οἱ
521 1998 553 2031 τῇ
574 1996 723 2022 ἀναστάσει
747 1997 964 2029 διαπιστοῦντες,

171 2042 229 2072 τοῖς
254 2040 320 2076 γοῦν
347 2042 466 2070 ἐνταῦθα
495 2042 737 2077 σωφρονίζωνται·
758 2042 823 2069 ὅταν
848 2042 895 2069 οὖν
920 2044 966 2069 εὑ-

173 2088 268 2123 πραγῇ
280 2089 294 2114 ὁ
314 2089 445 2124 πονηρὸς,
471 2090 517 2115 ἐπὶ
542 2089 621 2122 κακῷ
644 2091 694 2124 τῆς
709 2089 807 2115 ἑαυτοῦ
826 2090 965 2125 κεφαλῆςο

173 2133 267 2169 (288⁵)
283 2134 327 2160 ἵνα
352 2136 407 2170 γὰρ
431 2131 469 2161 ὧν
496 2135 616 2170 ἔπραξεν
644 2134 719 2170 ἴσως]
748 2135 837 2170 (Hii!)
858 2136 967 2170 ἀγαθῶν

171 2180 223 2215 τὴν
243 2181 381 2208 ἀντίδοσιν
395 2182 417 2197 ³⁸
444 2182 563 2209 ἐνταῦθα
589 2181 679 2208 λαϐὼν
698 2183 764 2213 ἴσως
787 2184 845 2209 ἐκεῖ
872 2182 965 2209 πλεῖον

172 2226 380 2263 κολασθήσηται
395 2229 417 2244 ³⁵
430 2228 495 2255 ὅταν
507 2229 536 2254 δὲ
556 2229 649 2264 πάσχῃ
675 2230 688 2254 ὀ
703 2230 814 2263 ἀγαθὸς,
833 2229 967 2265 μακάριος

172 2273 257 2305 ὅντως
284 2275 371 2306 ἐστὶν,
397 2275 440 2301 ἶνα
461 2275 516 2310 γὰρ
542 2275 712 2310 ἀποθέμενος
746 2276 835 2302 πάντα
866 2276 913 2302 καὶ
932 2275 966 2301 τὰ

175 2319 264 2354 μικρὰ
283 2321 486 2356 ἁμαρτήματα,
499 2322 645 2356 εὐδόκιμος
659 2323 707 2348 καὶ
726 2321 849 2357 καθαρὸς
864 2322 932 2357 ἀπίῃ
945 2322 967 2337 ⁸⁸

173 2366 222 2392 καὶ
235 2366 394 2399 ἀνεύθυνος.
433 2368 507 2394 Ἐκεῖ
522 2368 576 2402 γάρ
601 2369 671 2394 εἰσιν
688 2369 713 2394 οἱ
725 2368 824 2394 τέλειοι
838 2368 968 2402 στέφανοι

172 2411 228 2437 τῶν
245 2413 368 2447 ἀγαθῶν,
385 2416 433 2440 καὶ
444 2415 503 2439 ἐκεῖ
513 2414 541 2440 αἱ
558 2413 737 2450 σφοδρότεραι
754 2414 801 2440 καὶ
819 2414 969 2448 ἀπέραντοι

174 2458 302 2490 κολάσεις
330 2460 387 2486 τῶν
412 2459 562 2494 πονηρώνο
588 2459 683 2494 ὥσπερ
711 2461 757 2486 καὶ
786 2460 799 2485 ὁ
831 2460 967 2495 σηπεδόνα

174 2504 257 2540 ἔχων,
277 2506 328 2532 κᾶν
355 2506 393 2541 μὴ
409 2506 557 2541 τέμνηται,
573 2507 713 2541 ἀρρωστεῖ
729 2506 775 2532 καὶ
790 2506 851 2532 τότε
868 2506 970 2541 μᾶλλον

174 2552 203 2576 ἐν
219 2553 330 2584 κακοῖς,
344 2553 409 2579 ὅταν
425 2552 463 2588 μὴ
482 2553 632 2587 τέμνηται·
648 2552 735 2584 οὕτως
751 2554 799 2579 καὶ
813 2554 826 2579 ὁ
845 2553 972 2588 ἁμαρτά-

175 2607 242 2630 νων,
255 2599 307 2625 κᾶν
329 2599 366 2634 μὴ
382 2600 544 2634 κολάζηται,
566 2600 677 2626 πάντων
701 2601 774 2625 ἐστὶν
792 2600 968 2634 ἀθλιώτερος.

176 2644 232 2670 Καὶ
258 2645 386 2680 καθάπερ
408 2647 433 2672 οί
460 2646 569 2681 σπλῆνα
593 2646 641 2672 καὶ
661 2645 756 2681 ὑδερὸν
772 2646 971 2680 ἕχοντες,ὂταν

181 2690 364 2719 ἀπολαύσωσι
379 2693 521 2728 τραπέζης
536 2693 651 2727 δαψιλῆς
662 2694 709 2718 καὶ
721 2693 909 2728 ψυχροποσίας
924 2692 972 2718 καὶ

1010 246 1060 265 suo
1074 239 1227 272 ejecerunl,
1246 239 1272 264 in
1289 238 1370 265 linem
1386 238 1616 272 derelmquuntur
1631 244 1658 266 et
1673 240 1708 267 ita
1721 240 1804 268 deve-

1010 286 1089 311 niunt
1108 285 1142 311 ad
1167 285 1333 319 cupiditates
1361 285 1562 312 irrationabiles
1579 291 1605 312 et
1620 287 1763 315 obscaenas
1779 293 1805 315 ct

1015 340 1023 355 ι
1038 331 1064 356 in
1082 331 1226 365 passiones
1245 331 1430 366 ignominiae.»
1446 331 1523 358 Sicut
1540 332 1612 358 enim
1630 334 1718 365 multi,
1733 342 1805 369 sirpe

1012 376 1206 403 alimentorum
1220 376 1357 404 desiderio
1371 378 1510 412 elongalo,
1528 383 1628 406 terram
1642 379 1804 414 lapillosque

1012 423 1176 455 comedunt;
1202 424 1248 450 alii
1277 430 1380 457 autem,
1394 425 1439 452 siti
1463 425 1617 453 vehementi
1637 426 1743 461 agitati,
1763 427 1804 452 vel

1012 466 1148 492 sentinam
1183 466 1339 494 desiderant
1368 476 1376 494 :
1408 469 1449 495 sic
1470 473 1497 496 et
1518 469 1556 496 illi
1584 474 1695 504 propter
1719 470 1806 497 dictas

1012 519 1112 539 causas
1126 512 1262 544 derelieli,
1282 514 1308 540 in
1327 514 1451 541 illicitum
1467 522 1561 542 eorum
1579 524 1702 543 amorem
1728 522 1755 543 el.
1778 517 1806 543 in

1011 557 1163 591 appetitum
1183 557 1286 585 fmdum
1304 560 1526 595 dementiamque
1547 569 1578 588 ac
1607 562 1709 588 rabiem
1726 569 1807 588 exar-

1011 604 1139 630 descunt.
1156 604 1184 630 Si
1199 611 1290 632 autem
1305 613 1358 631 non
1375 608 1548 639 erubescant,
1565 609 1610 634 sed
1621 609 1805 641 oblectenlur,

1012 657 1066 676 non
1084 650 1191 677 mireris
1215 661 1221 677 :
1254 656 1379 678 amentes
1396 653 1468 678 enim
1486 657 1514 679 et
1538 654 1695 688 phrenetico
1711 655 1808 681 morbo

1012 696 1178 727 laborantes,
1203 697 1287 723 multa
1311 698 1381 723 mala
1407 698 1459 725 sibi
1485 699 1607 726 inferunt
1633 705 1660 727 et
1684 701 1807 728 deﬂenda

1013 742 1128 774 faciunt,
1144 742 1179 768 ita
1196 747 1224 769 ut
1259 743 1304 768 alii
1330 751 1413 777 super
1428 745 1490 771 illos
1519 746 1653 781 lacrymas
1671 746 1807 780 fundant;

1013 788 1064 822 ipsi
1091 793 1182 814 tamen
1209 789 1299 815 rident
1315 793 1342 815 et
1358 790 1469 818 delicias
1488 791 1513 817 in
1533 792 1613 818 dii-tis
1628 792 1709 819 rebus
1732 793 1809 820 inve-

1014 835 1104 860 niunt.
1128 833 1229 866 Quales
1246 834 1355 861 tandem
1385 835 1517 870 gehenna:
1556 837 1624 864 tales
1659 837 1809 865 arcebuut?

977 875 999 902 η
1017 882 1088 913 Uuot
1104 881 1260 915 Supplicia?
1281 880 1308 907 Si
1337 889 1402 908 vero
1423 883 1575 916 gehennam
1604 884 1718 911 audiens
1746 884 1809 911 irri-

1013 929 1078 955 deas
1098 933 1125 955 et
1151 929 1195 955 isti
1223 936 1276 955 non
1299 929 1395 955 credas
1420 929 1486 963 igni,
1506 930 1652 957 recordare
1686 931 1809 959 divinum

1014 974 1041 1001 in
1060 974 1189 1001 Sodomis
1216 975 1386 1005 incendium,
1406 975 1534 1009 illamque
1563 977 1709 1003 terribilem
1741 985 1809 1004 con-

1015 1020 1210 1054 sumptionem.
1239 1021 1267 1047 Si
1285 1028 1350 1055 ergo
1375 1021 1438 1047 talia
1455 1028 1575 1055 operans
1598 1026 1624 1049 et
1648 1027 1675 1048 tu
1701 1030 1810 1056 poenam

1015 1075 1068 1093 non
1101 1066 1197 1097 sohis,
1220 1074 1253 1093 ne
1284 1068 1399 1094 miretis.
1435 1068 1473 1093 léli
1503 1069 1576 1094 enim
1603 1070 1810 1104 Ianquani,qui

1015 1113 1167 1146 gehennam
1194 1119 1247 1138 non
1277 1119 1441 1146 noscerent,
1457 1115 1590 1140 continuo
1614 1115 1701 1149 punii
1727 1121 1810 1147 sunt;

1016 1163 1043 1185 tu
1074 1166 1150 1191 vero,
1177 1167 1346 1194 quacunque
1379 1160 1537 1194 deliqueris,
1567 1161 1675 1188 etiamsi
1707 1161 1809 1188 nullatu

1016 1212 1124 1238 poenam
1153 1205 1196 1232 hic
1229 1206 1358 1240 dedcrisl,
1375 1206 1430 1234 illic
1456 1207 1579 1235 severius
1608 1208 1668 1235 lues
1702 1214 1729 1235 et
1759 1217 1811 1243 pu-

1016 1252 1111 1278 nietis.
1133 1252 1245 1285 Quare?
1269 1252 1338 1286 Quia
1362 1254 1467 1288 majore
1489 1255 1574 1289 gratia
1603 1254 1678 1281 fruiti
1703 1263 1810 1284 sumus.

1018 1298 1088 1325 Cum
1114 1303 1203 1325 autent
1225 1299 1303 1333 plura
1323 1300 1484 1335 majoraque
1509 1309 1590 1335 quant
1613 1302 1650 1329 illi
1676 1303 1812 1337 delinqui-

1018 1355 1089 1378 mus,
1103 1347 1210 1381 qualem
1228 1348 1333 1374 veniam
1347 1348 1542 1382 obtinebimus,
1557 1357 1606 1377 nos
1620 1351 1666 1384 qui
1682 1358 1714 1377 ex
1730 1350 1812 1377 Patri-

1017 1393 1068 1420 bus
1113 1394 1253 1421 salutifera
1294 1395 1449 1429 recepimus
1491 1401 1646 1431 pracepta,
1678 1404 1738 1431 qua:
1774 1397 1812 1423 illi

1017 1440 1098 1475 plane
1116 1448 1170 1467 non
1197 1441 1360 1468 audiverant
1388 1449 1438 1468 nec
1465 1441 1628 1469 didicerant.
1646 1443 1811 1477 Propterea,

1018 1488 1074 1513 sive
1093 1495 1205 1521 parvam
1236 1495 1344 1522 poenam
1369 1487 1414 1514 hic
1431 1488 1599 1521 dederitnus,
1614 1489 1671 1516 sive
1698 1490 1812 1520 nullam.

1019 1535 1104 1567 magis
1123 1534 1277 1569 punientur.
1299 1534 1394 1561 Nullus
1416 1534 1499 1569 igitur
1524 1535 1610 1562 malus
1625 1536 1720 1563 videns
1734 1544 1813 1571 ιρι-υ-

1019 1588 1098 1614 spere
1124 1586 1236 1615 agentes
1274 1581 1453 1607 conturbetur
1479 1590 1486 1607 :
1518 1589 1570 1608 non
1603 1582 1675 1608 enim
1702 1587 1742 1609 est
1769 1582 1813 1608 hic

1019 1626 1205 1652 remuneratio
1223 1633 1272 1652 nec
1297 1625 1406 1652 virtutis
1422 1634 1471 1652 nec
1484 1627 1628 1661 nequitiac;
1647 1627 1718 1662 quod
1745 1627 1767 1653 si
1784 1633 1812 1654 lu

1019 1672 1130 1699 virtutis
1149 1677 1177 1698 et
1202 1672 1328 1706 nequitia!
1360 1672 1515 1699 mercedem
1536 1673 1657 1705 obtines,
1690 1681 1744 1700 non
1771 1678 1813 1700 est

1016 1718 1094 1752 juxta
1114 1719 1288 1753 dignitatem;
1308 1719 1354 1745 scd
1383 1724 1514 1753 tanquam
1540 1719 1692 1754 degustatio
1705 1721 1811 1754 judicii.

1020 1769 1050 1790 ut
1065 1763 1111 1798 qui
1126 1764 1354 1790 resurrectionem
1373 1772 1426 1790 non
1444 1764 1570 1795 credunt,
1588 1765 1621 1790 ab
1636 1764 1669 1791 iis
1684 1774 1745 1799 qua:
1770 1766 1814 1792 hic

1021 1811 1098 1842 liunl,
1116 1810 1262 1844 ptudeutes
1276 1809 1437 1836 elliciantur.
1470 1810 1538 1837 Cum
1567 1811 1650 1846 igitur
1668 1820 1813 1846 prospera-

1021 1861 1065 1883 tur
1081 1857 1232 1891 improbus,
1249 1856 1282 1882 ad
1296 1856 1443 1890 perniciem
1460 1861 1502 1883 est
1519 1858 1616 1891 rapitis
1629 1858 1714 1892 ipsius
1729 1867 1735 1885 ε
1750 1859 1814 1893 quia

1021 1904 1093 1930 enim
1121 1911 1216 1930 eorum
1234 1911 1295 1938 qua:
1315 1903 1359 1930 hic
1377 1904 1446 1931 bene
1463 1905 1546 1939 geSsit
1564 1906 1812 1933 remunerationem

1022 1951 1137 1984 accepit,
1159 1950 1214 1977 illic
1238 1951 1323 1984 magis
1346 1951 1486 1985 punietur.
1501 1952 1568 1978 Cum
1597 1958 1689 1979 autem
1712 1954 1816 1987 patitur

1020 1996 1122 2027 bonus,
1149 2004 1211 2023 vere
1228 1996 1325 2023 beatus
1342 2001 1397 2029 est;
1428 2005 1501 2031 nam,
1527 1998 1659 2031 depositis
1684 2000 1814 2027 omnibus

1021 2042 1141 2077 peccatis
1167 2043 1273 2077 magnis
1297 2048 1324 2070 et
1343 2044 1444 2078 parvis,
1475 2044 1608 2078 probatus
1630 2052 1657 2072 et
1682 2053 1766 2079 purus
1788 2052 1814 2073 et

1022 2089 1273 2124 irrcprehensibilis
1299 2090 1396 2117 abibit.
1418 2090 1474 2117 lllic
1499 2091 1571 2118 enim
1596 2097 1661 2119 sunt
1688 2093 1814 2126 perfecta:

1023 2134 1157 2160 bonorum
1196 2142 1324 2165 eamme;
1355 2135 1410 2162 illic
1440 2136 1522 2162 etiam
1546 2143 1623 2163 acres
1636 2136 1672 2171 iet
1704 2137 1815 2165 iuliaitze

1024 2181 1160 2207 malorum
1180 2188 1280 2215 paenae.
1297 2180 1373 2207 Sicut
1388 2181 1460 2207 enim
1473 2181 1518 2215 qui
1537 2182 1628 2208 tabum
1647 2182 1738 2215 habet,
1763 2183 1814 2211 etsi

987 2230 1008 2257 Ι)
1024 2234 1078 2253 non
1102 2232 1270 2261 anqutctur,
1289 2232 1403 2261 aegrotat
1419 2232 1445 2254 et
1471 2232 1535 2254 tunc
1561 2229 1646 2263 magis
1663 2230 1814 2263 cruciatur,

1020 2281 1082 2300 cum
1119 2281 1172 2299 non
1206 2278 1365 2308 amputatur
1391 2282 1398 2300 :
1422 2273 1463 2301 sic
1503 2280 1647 2308 peccator,
1674 2277 1724 2303 etsi
1760 2285 1815 2304 non

1020 2321 1162 2355 puniatur,
1189 2321 1319 2347 omnibus
1344 2320 1471 2347 miserior
1495 2326 1545 2348 est.
1575 2321 1814 2353 Quemadmodum

1023 2373 1106 2400 porro
1125 2365 1161 2392 illi
1189 2365 1234 2400 qui
1264 2365 1357 2399 Splene
1383 2370 1409 2392 et
1439 2364 1560 2400 hydrope
1590 2366 1725 2399 laborant,
1752 2375 1814 2393 cum

1022 2419 1116 2438 mensa
1130 2411 1284 2446 splendida,
1299 2409 1454 2445 lrigidoque
1467 2415 1543 2444 potu,
1556 2414 1583 2437 ct
1597 2410 1678 2437 lautis
1689 2410 1815 2444 dapibus,

1023 2462 1049 2484 et
1062 2458 1159 2492 opimis
1176 2457 1324 2484 esculentis
1337 2456 1476 2488 fruuntur.
1501 2462 1556 2483 tum
1579 2456 1729 2488 pra-sertim
1745 2464 1813 2482 cuu-

1021 2504 1072 2532 ctis
1104 2503 1318 2530 miserabiliores
1347 2508 1432 2534 sunt,
1458 2503 1523 2538 quia
1553 2502 1658 2529 deliciis
1688 2502 1813 2528 morbum

1021 2551 1167 2585 adaugent,
1193 2549 1257 2576 dum
1279 2557 1293 2576 e
1308 2553 1404 2576 contra
1425 2549 1448 2577 si
1472 2549 1550 2582 juxta
1577 2548 1720 2575 medicinae
1742 2547 1815 2581 leges

1021 2597 1092 2624 fame
1108 2597 1207 2631 sitique
1227 2602 1412 2629 coarctautur,
1439 2596 1586 2631 quamdam
1610 2602 1686 2629 spem
1712 2595 1808 2621 saluus

1022 2644 1123 2670 habent
1141 2651 1147 2669 :
1165 2643 1206 2669 sic
1223 2642 1269 2677 qui
1297 2643 1323 2669 in
1350 2643 1453 2670 malitia
1472 2643 1578 2674 vivunt,
1603 2642 1624 2668 si
1651 2641 1812 2675 puniuntur,

1021 2698 1097 2725 spem
1111 2689 1242 2724 optimam
1257 2689 1376 2722 habent;
1392 2690 1414 2716 si
1427 2697 1491 2717 vero
1501 2696 1562 2715 cum
1578 2688 1693 2720 malitia,
1710 2687 1815 2715 deliciis

774 2764 876 2795 Variae
888 2764 1043 2795 lectiones
1062 2772 1093 2795 et
1106 2765 1190 2793 notas

211 2840 234 2857 ³⁷
250 2839 329 2869 llum.
357 2849 383 2872 I.
399 2840 445 2867 26.
474 2841 496 2856 “
511 2839 685 2875 ἀντιμισθίαν
698 2839 759 2867 cod.
787 2840 963 2868 ἀνταπόδοσιν

1015 2849 1028 2865 ι.
1043 2848 1133 2873 -γρ,
1152 2839 1287 2865 ἀντίδοσιν
1302 2837 1363 2865 coll.
1397 2837 1423 2864 in
1443 2837 1566 2872 margine
1595 2836 1737 2870 hucusque
1752 2836 1814 2865 cod.

177 2876 260 2905 Coisl.
300 2877 322 2893 "
337 2876 483 2911 llucusque
493 2876 678 2912 apographum
694 2875 797 2917 codicis
811 2875 971 2903 Cuisliuiaui
985 2875 1049 2903 505.
1089 2877 1111 2891 ⁸⁰
1124 2875 1200 2902 ἀπίει
1219 2875 1280 2901 cod.
