2094 3148
173 107 225 138 805

760 101 990 133 CHRONICON.
1009 113 1044 118 -
1063 100 1137 131 LlB.
1159 100 1209 130 1V.

1753 97 1805 129 806

173 161 228 186 τὼν
241 160 415 195 μεγιστάνων
424 159 554 186 τοιούτων
566 158 782 194 τερατομόρφων
795 158 961 193 προσώπων,

1020 163 1055 183 tes
1072 155 1244 190 molliterqne
1260 154 1403 188 loquentes
1416 153 1488 180 velut
1502 153 1658 181 indecentes
1670 159 1806 189 caputque

172 205 293 242 χρυσοῦς
314 205 464 240 μηνίσκους
481 206 527 232 ἐπὶ
542 205 699 241 τραχήλων,
715 205 796 240 φύσιν
813 205 862 239 μὲν
879 204 962 239 ἄρρε-

173 261 230 284 νος,
246 251 356 286 Θηλείας
372 251 399 278 δὲ
413 251 477 286 ὄψιν
491 251 601 286 ἔχοντες
614 251 661 278 καὶ
676 250 870 286 κεκλασμένως
887 250 961 284 βαδί-

173 297 268 329 ζοντες
288 297 337 325 καὶ
360 297 560 333 τεθρυμμένως
579 298 762 332 φθεγγόμενοι
780 296 875 331 ὥσπερ
889 297 963 322 ὲται-

175 343 248 379 ρίδες
262 343 399 377 ἀπρεπεῖς
413 339 464 369 ὦδε.
481 343 595 369 κάκεῖσε
610 343 659 377 τὴν
674 342 796 377 κεφαλὴν
814 341 964 377 περισείου·

175 395 240 415 σαι·
272 387 320 414 καὶ
358 386 479 421 γελῶσιν
515 387 644 423 ἀκρατῶς
681 395 711 413 τε
745 388 792 412 καὶ
828 385 962 419 ἀναιδῶς,

173 431 371 467 οίστρηλασίαν
397 431 533 467 πρόδηλον
560 432 792 466 ύπεμφαένοντες,
819 431 881 458 ὅθεν
905 432 963 465 μετ’

173 477 280 512 ἀνδρῶν
306 476 357 512 μὲν
379 476 417 508 ὡς
432 478 562 511 γυναῖκες
589 476 720 512 μαλακῶς
743 477 922 511 εὐναζόμενοι
940 476 962 492 ⁸⁸

174 524 222 550 καὶ
254 522 471 558 μαλακιζόμενοι
506 523 680 558 φθείρονται·
714 524 784 558 μετὰ
810 523 889 559 547
916 532 964 557 γυ-

174 569 280 596 ναικῶν
307 570 345 600 ὼς
371 569 494 603 φύλακες
518 569 577 604 ἅμα
610 570 657 596 καὶ
681 570 859 605 σωφροσύνης
883 570 965 605 δῆθεν

177 615 334 650 ίνδάλματα
371 615 548 647 καθεύδοντες
585 615 771 651 ἀναισχύντως
809 616 832 632 ’δ’
858 617 965 651 ἀπηρυ-

175 661 350 695 θριασμένως
367 661 631 696 αίσχροπραγοῦσιν.
654 662 708 688 Καὶ
728 659 801 688 οὗτοι
821 661 965 697 μὲνοῦτως

175 705 229 732 ὑπ’
242 706 347 741 ἀνδρῶν
359 706 475 733 ἀνοσίων
488 707 536 733 καὶ
554 706 678 742 βεϐήλων
691 707 866 743 φθειρόμενοι
879 707 966 742 μαλα-

175 751 298 783 κίζονται
322 752 369 777 καὶ
395 752 623 786 καταμιαίνονται
647 753 692 779 διὰ
714 753 766 788 τῆς
791 753 867 788 παρὰ
884 753 966 786 φύσιν

175 797 369 831 ἀνοσιουργίας
389 797 436 823 καὶ¹
453 797 595 832 βδελυρίας
614 805 622 814 ⁸
640 798 718 824 αὐτοὶ
745 798 773 824 δὲ
799 799 966 833 γυναικάρια

1014 202 1067 228 huc
1084 201 1149 228 illuc
1173 200 1308 235 agitantes
1332 199 1525 226 meretrieulte.
1552 199 1732 228 [inmoderate
1753 200 1805 227 im-

1014 247 1204 282 pudenterque
1224 246 1325 277 rident,
1347 244 1520 273 manifestam
1543 245 1749 274 subindicantes
1773 247 1806 273 li-

1013 293 1132 320 bidinem
1146 301 1153 325 ;
1169 292 1268 319 exinde
1285 300 1347 319 cmn
1368 291 1434 319 viris
1451 292 1523 318 velut
1545 292 1673 319 mulieres
1687 293 1806 320 molliter

1014 338 1145 366 cubantes
1170 343 1198 365 et
1223 337 1320 364 molliti
1348 338 1525 372 polluuntur;
1553 344 1616 364 cum
1645 338 1806 365 mulieribus

1015 390 1143 419 tanquam
1159 384 1289 411 custodes
1304 389 1330 411 et
1347 383 1488 418 sapientia:
1503 391 1570 410 sane
1589 383 1733 418 imagines.
1760 384 1807 410 im-

1015 435 1149 465 puuenter
1162 431 1340 462 dormientes,
1361 430 1545 457 inverecunde
1561 430 1650 465 turpia
1666 434 1760 466 agunt.
1776 429 1807 456 Et

1015 477 1056 503 sic
1084 477 1128 504 isti
1145 485 1159 503 a
1179 477 1245 504 viris
1266 476 1390 504 scelestis
1417 481 1446 503 et
1466 477 1573 511 spurcis
1595 478 1715 512 corrupti
1737 478 1807 504 mol-

1015 523 1120 550 liuntur
1135 527 1162 550 et
1184 531 1231 558 per
1246 522 1388 550 infamiam
1403 523 1622 558 spurcitiamquc
1638 528 1733 552 contra
1759 532 1808 550 na-

1015 573 1104 595 turam
1121 569 1298 603 polluuntur;
1317 568 1367 603 ipsi
1391 576 1456 595 vero
1474 569 1590 596 miseras
1605 574 1633 596 et
1652 578 1661 594 ‹
1677 569 1807 604 peccatis.

1015 613 1093 648 juxta
1106 613 1222 646 dictum,
1237 618 1362 647 onustas,
1382 623 1391 639 ι
1409 613 1545 641 seducunt
1566 614 1754 644 mulierculas.
1782 621 1808 642 ct

1016 659 1088 686 sicut
1113 658 1254 686 furibundi
1285 667 1368 687 canes
1398 659 1512 687 fwdant.
1528 658 1560 686 Et
1574 659 1647 694 quod
1659 660 1757 688 durius
1782 666 1809 687 et

1016 703 1199 731 miserabilius
1214 709 1267 737 est,
1280 704 1344 732 inde
1373 706 1413 732 rei
1443 711 1469 732 et
1499 706 1568 734 socii
1604 713 1636 733 ac
1664 706 1809 741 participes

1018 749 1085 776 fiunt
1101 749 1287 778 damnationis
1302 755 1420 783 merum.
1435 757 1460 778 et
1474 757 1649 787 corruptores
1664 756 1691 779 (rt
1711 759 1806 779 corr-.1»

1017 796 1066 830 pti.
1094 797 1154 827 Ast,
1178 803 1194 823 ο
1222 796 1377 823 demential
1396 804 1412 823 0
1431 804 1510 824 error
1539 802 1566 825 et
1591 798 1734 825 vecordia!
1759 798 1809 826 ltos

176 841 336 876 ταλαίπωρα
364 842 410 868 καὶ
426 842 449 859 ⁸⁸
480 851 490 868 ι
509 843 715 878 σεσωρευμένα,
736 843 806 870 κατὰ
831 844 861 870 τὸ
891 846 967 881 εἰρη-

1020 842 1169 876 praesertim
1198 847 1227 869 ut
1255 843 1392 876 sapientes
1432 851 1495 871 cum
1526 844 1642 872 habeam
1672 845 1809 877 homines.

177 886 269 921 μένον,
292 886 356 921 (ἐφ’)
374 886 525 922 ἁμαρτίαις
539 896 548 912 ι
576 887 796 923 καταμολύνουπι
818 888 865 914 καὶ
879 897 966 915 κατα-

176 932 343 960 ϐλάπτουσιν
359 930 403 958 οἷα
418 932 565 965 λυσσώδεις
579 935 670 965 κύνες.
685 934 740 960 Καὶ
756 935 785 960 τὸ
794 934 826 969 δὴ
843 934 966 969 χαλεπώ-

175 986 256 1012 τερον
271 979 316 1004 καὶ
332 977 525 1012 ἐλεεινότερον,
542 978 624 1005 αῐτιοι
639 978 765 1005 ἐντεῦθεν
782 979 903 1013 γίνονται
919 979 966 1006 καὶ

177 1023 302 1058 πρόξενοί
318 1032 347 1050 τε
367 1025 413 1051 καὶ
427 1025 535 1059 μέτοχοι
553 1025 604 1059 τῆς
636 1025 789 1060 ἀπεράντου
816 1026 965 1059 κολάσεως,

176 1070 205 1096 οἵ
218 1078 246 1096 τε
265 1069 421 1105 φθείροντες
444 1071 491 1096 καὶ
515 1071 539 1096 οἱ
556 1070 742 1105 φθειρόμενοι.
763 1071 846 1103 Ἀλλ’,
866 1070 889 1099 ὦ
917 1073 967 1107 τῆς

177 1116 345 1151 ἀφροσύνης,
362 1113 385 1142 ὦ
408 1117 458 1152 τῆς
477 1118 586 1151 ἀπάτης
604 1117 651 1143 καὶ
676 1119 884 1153 παραπληξὶαςί
903 1120 965 1146 τού-

176 1171 240 1194 τους
280 1162 334 1197 γὰρ
380 1161 520 1196 ἄνθρωποι
567 1164 685 1198 μάλιστα
732 1164 909 1199 προύχοντες,
944 1167 965 1182 σι

177 1207 216 1239 ὡς
261 1207 404 1242 σώφρονας
449 1208 667 1244 παραδεχόμενοι
706 1210 880 1236 πιστεύουσιν
921 1212 968 1238 καὶ

178 1253 389 1286 εἱσοικίζουσιν,
423 1254 451 1280 οῖ
476 1262 508 1287 γε
546 1255 756 1289 εὶσοικιζόμενοι
785 1256 831 1282 καὶ
860 1257 969 1292 παρρη-

180 1298 240 1330 σίας
255 1299 435 1333 τυγχάνοντες
447 1300 509 1330 τοίις
525 1299 609 1330 ὄντως
624 1299 738 1332 δικαίως
753 1300 857 1335 ἀρετῆς
870 1303 970 1337 ἐπιμε-

181 1343 327 1379 λουμένους
341 1344 482 1380 σώφρονας
493 1345 594 1380 ἀνδρας
606 1346 675 1371 κατὰ
686 1346 784 1381 μικρὸν
792 1346 968 1379 δελεάσαντες

180 1390 220 1422 είς
229 1391 260 1417 τὸ
269 1391 323 1418 τῶν
337 1391 461 1427 Σοδόμων
473 1391 609 1427 βάραθρον
620 1392 819 1426 κατηκόντισαν
833 1392 968 1424 ἐλεεινῶς·

180 1436 221 1462 διὸ
231 1435 263 1471 δὴ
278 1436 371 1464 λοιπὸν
384 1437 431 1463 καὶ
441 1437 617 1473 ἀραρὼτερον
642 1438 675 1471 ⁸¹,
695 1439 765 1465 πάνυ
781 1447 811 1473 γε
825 1440 871 1466 καὶ
887 1439 969 1475 νόμος

181 1483 360 1517 εὐαγγελικδς
375 1484 422 1510 καὶ
436 1484 546 1519 ἀριστος
570 1484 628 1519 βίος
644 1486 691 1511 καὶ
711 1485 826 1521 εὐσεϐὴς
846 1486 970 1513 πολιτεία

181 1527 353 1562 βδελύττεται
367 1529 479 1561 τούτους
496 1530 533 1561 ὡς
548 1530 686 1565 θεομισεῑς
702 1531 748 1557 καὶ
779 1532 966 1567 ἀκαθάρτους.
984 1519 1004 1547 c

181 1571 262 1602 Οὗτοι
276 1575 330 1611 γὰρ
346 1576 474 1611 τοιαύτην
488 1576 632 1610 ἐξάγιστον
651 1577 723 1613 ζωὴν
747 1579 969 1613 προτιμήσαντες

181 1621 229 1647 καὶ
242 1621 412 1656 ποθήσαντες
437 1623 499 1649 ὅσον
512 1620 580 1659 ἧκεν
606 1624 649 1650 ἐπ’
666 1624 773 1656 αὐτοὺς,
802 1624 892 1655 πόλεις
919 1625 969 1660 μὲν

180 1667 325 1702 ἠφάνισαν,
355 1668 417 1700 τοὺς
441 1669 649 1704 σπερματικοὺς
675 1669 726 1704 τῆς
745 1670 852 1704 φύσεως
875 1670 969 1704 λόγους

181 1713 416 1749 παραφθείροντες
430 1716 478 1741 καὶ
492 1714 664 1750 φθειρόμενοι
681 1724 688 1731 ·
705 1716 886 1751 εὐανδροῦσαν
900 1717 924 1732 ⁸³
942 1717 970 1743 δὲ

189 1757 300 1794 Ῥώμην
314 1760 418 1795 ἀνδρῶν
430 1761 462 1791 ⁵⁸,
478 1761 523 1787 καὶ
538 1761 646 1796 ἡλικίαν
662 1762 707 1788 καὶ
718 1762 766 1798 τὴν
775 1763 971 1798 ἀρρενοπρεπῆ

182 1804 314 1837 γενναίως
339 1805 417 1841 ἰσχὺν
433 1805 528 1837 δεινῶς
546 1806 719 1842 ὲξινὴὶιωσαν
742 1808 790 1834 καὶ
813 1808 906 1839 ἀπλῶς
920 1808 971 1844 τὴν

183 1850 309 1877 σύντονον
320 1851 368 1878 καὶ
386 1851 546 1886 σφριγῶσαν
569 1853 662 1888 ἀκμὴν
677 1853 727 1888 τῆς
743 1854 868 1889 νεότητος
880 1854 953 1890 λυμη
963 1870 970 1875 -

182 1895 296 1930 νάμενοι
315 1897 444 1931 φανερῶς
459 1897 568 1928 ἀθλίους
583 1898 629 1924 καὶ
641 1899 862 1932 καταγελάστους
879 1901 973 1936 ἐποίη-

183 1949 234 1969 σαν
259 1943 323 1973 τοὺς
335 1942 460 1975 ἁλόντας,
478 1943 524 1974 οὒς
546 1944 677 1977 φευκτέον
707 1945 898 1981 προτροπάδην
925 1947 972 1973 καὶ

183 1986 342 2021 βδελυκτέω
353 1988 468 2019 ἐνδίκως
486 1988 550 2020 τοὺς
573 1988 754 2024 ψυχοκτόνους
778 1991 826 2017 καὶ
848 1999 971 2025 σωματο-

182 2033 299 2068 φθόρους
317 2035 366 2061 καὶ
376 2035 482 2067 ἐναγεῖς
498 2035 578 2066 ὂντας
593 2036 639 2061 καὶ
654 2035 703 2070 τῆς
715 2035 823 2070 φύσεως
845 2037 971 2071 παροιχὰ-

182 2079 299 2114 ρὰκτας”
311 2080 388 2106 οὐδὲν
407 2081 462 2115 γὰρ
475 2080 582 2114 ἀληθῶς
605 2081 800 2116 μυσαρώτερσν
818 2081 834 2116 ἢ
850 2081 973 2116 ἀκαθαρ-

181 2124 300 2160 τώτιρον
312 2126 366 2152 τῶν
375 2125 446 2152 οὕτω
459 2127 665 2161 πορνευομένων
676 2135 704 2152 τε
717 2128 763 2153 καὶ
773 2127 970 2161 πορνευόντων·

181 2171 293 2198 εἰώθασι
310 2172 375 2207 γὰρ,
392 2172 430 2203 ὡς
446 2172 554 2207 ἀληθῶς
565 2173 610 2199 καὶ
623 2173 743 2208 ἀκριϐῶς
758 2173 971 2208 μεμαθήκαμεν,
990 2176 1008 2202 ι]

180 2218 213 2244 οὐ
227 2218 309 2254 μόνον
324 2219 347 2245 oi
367 2218 500 2250 σπάδονες
514 2219 562 2245 καὶ
587 2219 622 2245 τὰ
640 2221 723 2254 μόρια
751 2219 799 2253 τῆς
824 2221 973 2255 αἰσχρουρ-

180 2264 244 2298 γίας
262 2264 353 2296 ποσῶς
369 2264 477 2300 ἔχοντες
490 2265 665 2298 ἀσελγαίνειν
686 2265 812 2300 ἀμέτρως
837 2266 884 2291 καὶ
905 2267 972 2292 ἀκο-

181 2309 338 2336 λασταίνειν
353 2310 520 2344 ἀκορέστως,
541 2309 608 2336 ἀλλὰ
623 2310 670 2336 καὶ
684 2310 709 2336 οἱ
724 2309 824 2335 τέλειην
836 2309 971 2335 ἀπόκοποι

182 2356 231 2383 καὶ
255 2357 468 2392 ἐκτετμημένοι⁸
495 2357 621 2391 καθάπερ
636 2353 683 2383 οὖν
707 2356 755 2382 καὶ
766 2357 790 2382 oi
813 2356 844 2382 ἐκ
859 2355 971 2389 γενετῆς

182 2403 360 2438 ἐστερημένοι
374 2404 472 2436 ταῦτα,
498 2403 549 2439 φεῦ
573 2405 623 2438 τῆς
653 2403 770 2438 ἐσχάτης
794 2402 911 2433 ἀτοπίας
927 2402 974 2428 καὶ

183 2448 417 2483 φρενοδλαβείαςί
434 2449 477 2476 διὰ
504 2448 595 2484 χειρὸς
619 2449 666 2475 καὶ
693 2449 834 2475 δακτύλων
852 2447 973 2482 φθείρειν

183 2494 266 2530 548
279 2494 329 2527 τὰς
348 2495 444 2527 ἀθλίας
460 2497 594 2530 γυναῖκας
619 2495 689 2521 κατὰ
706 2495 758 2530 τὴν
780 2494 974 2530 ἀνοσιουργίαν

182 2540 284 2574 αὐτῶν,
298 2541 384 2573 οὕτως
399 2541 531 2577 ἐμμανῶς
544 2542 568 2568 οἱ
581 2541 682 2569 ἀνόσιοι
698 2539 919 2577 κατεργάζεσθαι
938 2540 970 2565 ⁸⁸.

183 2585 274 2622 μηδ)
301 2587 358 2613 Καὶ
388 2587 468 2614 τοῦτο
483 2587 572 2622 δηλῶν
585 2588 599 2614 ό
619 2587 699 2622 σοφὸς
714 2586 849 2622 ἀριδήλως
872 2586 924 2622 ἔφη
937 2587 969 2612 ⁵⁸⁵.

1017 886 1088 920 apud
1115 893 1145 913 se
1171 887 1344 921 recipientes,
1371 888 1497 915 fiduciam
1521 889 1644 916 tribuunt
1661 889 1701 917 eis
1728 894 1755 917 et
1782 890 1809 917 in

1017 931 1143 959 domibus
1158 932 1215 959 suis
1228 932 1363 960 collocant
1377 941 1436 966 eos,
1449 934 1497 969 qui
1512 942 1573 961 cum
1599 935 1626 962 in
1651 935 1749 962 domos
1769 936 1811 962 in-

1017 977 1136 1004 troducti
1153 982 1218 1005 sunt
1238 983 1266 1005 et
1291 978 1445 1006 libertatem
1468 980 1660 1012 obtinuerunt,
1690 989 1738 1008 eos
1764 981 1810 1016 qni

1017 1022 1106 1055 reipsa
1127 1022 1200 1056 juste
1217 1023 1344 1050 virtutem
1365 1024 1491 1051 colebant
1514 1026 1639 1053 homines
1664 1026 1812 1061 prudentes

1018 1068 1149 1102 paulatim
1175 1069 1362 1097 lenocinantes
1380 1069 1408 1097 in
1436 1070 1621 1098 Sodomorum
1649 1071 1811 1100 barathrum

1018 1114 1189 1150 demergunt.
1209 1115 1272 1142 Ideo
1286 1121 1415 1142 caeterum
1432 1122 1458 1143 et
1480 1117 1634 1151 justissintc
1661 1118 1704 1145 lex
1729 1125 1812 1145 cvan-

1018 1161 1114 1195 gelica,
1130 1161 1317 1196 optimumque
1336 1163 1443 1190 vivendi
1463 1171 1549 1197 genus
1561 1168 1587 1190 et
1600 1164 1644 1198 pia
1666 1171 1812 1192 conversa-

1019 1208 1058 1232 tio
1077 1206 1146 1234 tales
1164 1212 1192 1234 ut
1209 1207 1254 1234 Dei
1271 1208 1398 1236 inimicos
1410 1213 1437 1235 et
1452 1209 1576 1243 impuros
1588 1210 1751 1238 detestatur.
1766 1210 1811 1238 lstt

1019 1252 1092 1279 enim
1122 1252 1277 1287 hujnsmodi
1306 1254 1516 1281 abominandam
1547 1255 1629 1282 vitam
1663 1255 1812 1289 pracferen-

1021 1304 1061 1326 tes
1101 1304 1128 1326 et
1155 1308 1204 1335 pro
1235 1301 1338 1328 \iribus
1369 1301 1546 1333 adamantes,
1574 1302 1655 1329 urbes
1684 1303 1813 1330 aboleve-

1021 1349 1104 1378 runt,
1137 1346 1281 1373 seminales
1313 1351 1417 1374 natura:
1452 1352 1572 1375 ratones
1607 1355 1813 1384 corrumpeutes

1020 1396 1044 1418 et
1085 1391 1135 1426 ipsi
1170 1392 1311 1426 corrupti;
1345 1392 1458 1419 Ruinam
1495 1398 1586 1420 autetn
1625 1394 1690 1421 viris
1725 1396 1813 1422 abnu-

1021 1437 1146 1468 dantem,
1173 1437 1315 1472 ipsiusque
1338 1439 1527 1472 iuventutem,
1557 1443 1585 1467 et
1616 1440 1699 1467 robur
1737 1441 1813 1469 virile

1022 1484 1121 1511 misere
1162 1491 1416 1519 coiisnmpserunt;
1457 1493 1564 1518 tutoque
1595 1485 1677 1512 verbo
1715 1485 1812 1514 fortem

1022 1537 1240 1565 prosperumque
1254 1530 1408 1565 juventutis
1435 1529 1529 1557 florem
1554 1531 1706 1566 polluentes
1727 1533 1814 1558 mani-

1023 1575 1091 1602 feste
1118 1575 1234 1602 miseros
1265 1579 1292 1601 et
1322 1574 1543 1608 contemptibiles
1579 1573 1729 1601 effecerunt
1744 1582 1813 1609 quos

1022 1626 1164 1656 ceperunt.
1188 1621 1288 1656 quibus
1316 1621 1476 1648 vertendum
1512 1621 1538 1646 in
1580 1620 1670 1655 fugam
1702 1622 1816 1648 merito-

1023 1676 1076 1701 que
1097 1669 1287 1695 detestandum
1304 1672 1364 1695 erat
1378 1667 1534 1694 animarum
1553 1674 1692 1695 occtsores
1707 1676 1740 1695 ac
1763 1667 1815 1695 fae—

1022 1714 1132 1741 datores
1144 1721 1302 1748 corporum,
1317 1713 1389 1740 velut
1405 1713 1565 1741 maledictos
1579 1718 1606 1740 et
1620 1718 1725 1741 naturae
1740 1713 1816 1741 adul-

1023 1765 1166 1788 teratores.
1174 1760 1245 1788 Nihil
1263 1760 1334 1787 enim
1349 1759 1480 1787 infamius
1499 1760 1688 1794 impuriusque
1699 1768 1761 1787 vere
1774 1765 1816 1789 est

1023 1815 1104 1842 quam
1121 1808 1160 1834 sic
1174 1806 1315 1842 prostituti
1331 1813 1363 1833 ac
1381 1806 1575 1840 prostituentes
1589 1814 1596 1838 ;
1618 1807 1707 1833 solent
1730 1806 1815 1840 enim,

1024 1860 1053 1881 ut
1067 1861 1131 1881 vere
1147 1859 1295 1888 exacteque
1311 1852 1468 1885 didicimus,
1486 1859 1540 1879 non
1566 1852 1655 1879 solum
1679 1851 1816 1886 spadones

1023 1905 1051 1927 et
1066 1899 1241 1933 turpitudinis
1257 1898 1405 1932 particulas
1417 1903 1557 1932 utcunque
1575 1897 1714 1926 habentes.
1728 1897 1794 1925 lasci
1806 1911 1815 1917 ρ

1024 1946 1081 1972 vire
1095 1946 1154 1972 sine
1170 1945 1252 1971 modo
1268 1951 1300 1970 ac
1314 1943 1451 1971 libidinari
1469 1944 1572 1978 absque
1599 1951 1740 1976 mensura,
1767 1943 1815 1970 sed

1024 1996 1051 2018 et
1068 1991 1114 2025 qui
1134 1991 1246 2016 omnino
1262 1989 1374 2017 castrati
1387 1994 1413 2016 et
1427 1990 1510 2016 excisi
1534 1993 1608 2016 sunt.
1631 1989 1816 2022 Quemadmo-

1024 2036 1088 2063 dum
1105 2035 1187 2070 igitur
1201 2040 1227 2063 et
1242 2036 1288 2070 qui
1305 2045 1318 2062 a
1335 2035 1476 2062 nativitatc
1501 2035 1561 2062 istis
1576 2035 1718 2066 orhantur,
1745 2035 1814 2061 eheu

1024 2081 1150 2108 delirium
1182 2086 1208 2108 et
1236 2081 1331 2108 ultitna
1360 2080 1514 2108 dementia!
1550 2088 1630 2107 manu
1670 2081 1818 2114 digitisque

1026 2128 1145 2162 polluere
1163 2127 1278 2154 miseras
1291 2126 1467 2154 mulierculas
1482 2126 1636 2153 secundum
1657 2126 1819 2161 imprubilai

1027 2178 1080 2200 tem
1098 2180 1194 2203 suam,
1212 2172 1252 2199 sic
1278 2172 1305 2199 Ιιὶ
1333 2172 1442 2199 scelesti
1460 2171 1563 2199 furiose
1590 2172 1678 2199 facere
1700 2180 1817 2199 consur-

1028 2222 1136 2245 verunt.
1156 2217 1188 2245 Et
1206 2218 1260 2245 hoc
1274 2217 1434 2253 signiﬁcans
1449 2218 1558 2252 sapiens
1584 2217 1737 2250 manifeste,
1752 2219 1790 2245 ait
1808 2227 1815 2246 :

1030 2274 1038 2290 ι
1061 2265 1159 2292 Beatus
1174 2267 1317 2291 eunuchus
1333 2264 1378 2298 qui
1397 2271 1451 2291 non
1468 2272 1550 2290 mantt
1569 2264 1633 2291 fecit
1657 2264 1760 2296 illicita,
1790 2269 1818 2291 et

1028 2311 1103 2337 beata
1119 2310 1194 2345 virgo
1208 2318 1268 2345 qua:
1281 2310 1395 2336 nescivit
1411 2314 1501 2336 torum
1519 2310 1545 2336 in
1562 2309 1672 2337 delicto.
1691 2320 1700 2336 ι
1721 2309 1821 2337 Merito

1028 2358 1110 2391 igitur
1126 2356 1284 2387 effeminati,
1307 2355 1413 2388 evirati,
1435 2356 1598 2391 andmgyni,
1626 2356 1698 2383 ferro
1715 2357 1819 2388 devoti,

1029 2403 1169 2430 mulieresi
1184 2402 1365 2437 appellantur.
1382 2401 1502 2429 Audiant
1518 2410 1586 2437 ergo
1602 2403 1674 2437 puri,
1700 2407 1729 2429 et
1753 2410 1818 2437 prir-

1027 2450 1122 2476 dcntes
1143 2450 1203 2476 illos
1226 2453 1403 2484 suspectent,
1430 2457 1480 2476 nec
1506 2449 1621 2476 credant
1655 2448 1818 2479 tnendacio.

1028 2497 1073 2523 sed
1103 2501 1185 2523 casta:
1212 2495 1323 2530 puritati
1346 2503 1378 2521 ac
1409 2496 1660 2530 prudentiamquid
1688 2497 1762 2521 enim
1784 2495 1821 2521 ab

1028 2541 1135 2576 impuro
1152 2542 1351 2576 purittcabitur,
1363 2546 1388 2568 et
1402 2548 1418 2568 a
1432 2541 1574 2569 mendacio
1590 2541 1654 2575 quid
1667 2548 1761 2567 verum
1776 2541 1819 2566 de-

1028 2588 1223 2614 monstrabitur
1240 2588 1251 2613 ?

186 2644 196 2660 ι
215 2635 358 2671 Μακάριος
373 2645 383 2662 ι
405 2635 535 2671 εὐνοῦχος
547 2637 561 2663 ὁ
585 2635 622 2671 μὴ
640 2635 830 2671 ἐργασάμενος
855 2635 884 2661 ἐν
902 2634 973 2670 χειρὶ
990 2635 1131 2670 ἀνόμημα,
1153 2646 1161 2661 ι
1191 2636 1237 2661 καὶ
1256 2636 1390 2672 παρθένος
1423 2635 1484 2670 ἥτις
1500 2634 1549 2661 οὐκ
1584 2633 1654 2667 ἔγνω
1677 2633 1770 2668 κοίτην
1788 2633 1817 2658 ὲν

765 2704 863 2734 Varire
887 2703 1039 2735 lectiones
1062 2709 1093 2735 et
1115 2707 1209 2734 notae.

221 2780 242 2795 ι’
256 2780 445 2815 κοιταζόμενοι
466 2782 514 2808 καὶ
531 2790 561 2816 μ.
580 2781 687 2808 Glossa.
716 2781 746 2816 ,δ”
762 2781 830 2806 ut?
867 2780 890 2795 ⁸⁸
907 2780 927 2807 ll
942 2779 969 2805 Τι

1031 2787 1070 2810 ιιι,
1085 2779 1120 2816 6.7
1146 2779 1166 2793 ‘"
1182 2777 1351 2814 προύχοντος
1365 2778 1426 2816 cod.

185 2815 208 2831 ⁵⁸
221 2815 380 2852 εὐανδροῡσι
399 2817 460 2844 cod.
477 2815 605 2851 ἐξανδρ.ἳ
641 2816 664 2832 ⁵⁸
679 2815 775 2850 ἀνδρός
790 2817 850 2843 rod.
890 2816 912 2830 "
935 2815 1062 2842 είώθαπιν
1082 2815 1121 2842 vel
1139 2816 1365 2850 κατεργάζονται.

1470 2777 1492 2792 θ’
1511 2775 1687 2812 ἁρμοζόντως
1704 2774 1814 2802 Glossa.

1405 2814 1427 2830 ⁵⁸
1441 2813 1504 2847 Sap.
1525 2810 1566 2843 tu,
1584 2810 1675 2842 14,15.
