2094 3148
230 185 290 216 ω

237 235 412 273 ,Ειιιὶουίὶηιε
424 233 544 262 retiueor
558 234 586 259 et
601 229 638 257 illi
654 232 782 257 cunctam
799 225 917 254 aﬂerunt
943 224 1029 253 torni-
1043 227 1067 256 Α

238 271 373 314 (rationem
390 279 489 311 meam,
500 283 527 306 et
539 282 649 305 omnem
669 273 806 302 carnalem
818 271 1030 306 culpam,qaam

240 340 255 360 a
271 330 378 359 decimo
395 325 483 354 artatis
495 330 562 351 mea;
587 327 661 349 anno
682 319 766 347 miser
799 321 928 352 operatus
957 321 1030 343 sum.

242 374 452 405 Excusationem
469 376 534 398 vero
550 375 600 402 pro
610 373 654 394 me
667 364 813 401 juvenibus
824 362 878 390 illis
892 360 1033 395 alleganti-

243 423 293 449 lius
306 425 334 447 et
348 415 504 446 dicentibus
513 420 556 440 me
564 409 723 447 paenitentia
735 412 894 436 cunctorum
904 409 1032 441 peccato-

243 473 303 494 rum
320 466 347 492 in
359 462 427 491 urbe
440 458 653 488 commissorum
668 454 777 483 veniam
785 451 947 485 obtinuisse,
966 449 1034 478 «Ve-

244 520 317 544 rum,
325 509 453 546 inquiunt
460 502 766 534 iunesticriminatores,
775 503 836 534 post
846 495 1035 532 paenitentiam

245 541 343 587 rursus
358 541 386 583 in
408 551 574 582 adulterium
586 553 664 576 extra
682 546 776 573 urbem
787 544 881 579 lapsus
892 547 946 575 est.
957 546 985 570 et
998 541 1034 569 ita

245 603 358 633 interiit.
373 610 383 627 ι
395 598 473 633 Quod
483 604 546 625 cum
556 594 709 623 audiissertt
720 589 820 626 angeli,
837 589 1035 620 discesserunt,

247 645 463 678 inexcusabilem
489 649 534 670 me
555 640 753 674 relinquentes,
770 634 848 671 quasi
860 634 916 670 jam
931 633 1036 661 nullum

245 702 316 731 opus
331 693 434 720 bonum
465 688 621 717 habentem.
651 683 684 711 Et
711 682 847 717 rapientes
871 688 915 707 me
931 678 1039 731 Ethio—

247 725 358 777 pesilli,
391 744 454 765 cum
481 732 643 761 verberibus
667 736 711 757 me
740 729 767 756 in
795 732 895 755 terram
922 725 1039 754 reduxe—

247 771 324 815 runt.
347 783 381 812 Et
400 780 530 811 descendi
560 785 609 814 per
633 776 692 804 vias
717 780 808 802 arctas
822 781 855 802 ac
871 771 1040 803 tenebrosas,

246 831 434 862 lmtidissimas
463 832 547 862 atque
573 821 801 854 liorrendissimas
823 826 911 856 usque
930 817 964 847 ad
984 824 1043 853 spe-

247 881 344 908 luncas
382 876 576 904 subterraneas
589 875 617 899 et
635 876 761 898 carceres
781 866 890 899 inferni,
918 864 963 893 ubi
979 871 1043 899 pec-

248 897 344 908 ...ιιυη
382 897 574 904 ....-...._..-s_
593 897 615 899 ν
643 897 646 898 ,
883 897 888 899 γ
979 897 988 899 _

248 930 373 954 satorum
384 921 482 950 animae
494 917 695 948 concluduntur
709 915 737 942 in
752 918 851 942 terram
866 911 1042 939 tenebrosam
1057 897 1079 925 Β

249 977 277 1000 et
289 969 459 1000 horribilem,
475 966 502 993 in
528 969 630 992 terram
653 960 778 996 caliginis
793 964 912 991 aeternas,
928 957 972 985 ubi
986 956 1044 992 jam

250 1024 305 1045 non
327 1015 420 1043 lumen
435 1020 486 1040 nee
511 1011 594 1038 vitam
616 1007 773 1036 mortalium
798 1005 891 1033 videre
905 1008 957 1035 est,
974 1003 1046 1031 sicut

251 1062 385 1097 scriptum
411 1064 464 1091 est,
487 1056 535 1085 sed
575 1055 652 1083 adest
681 1051 840 1081 lamentatio
872 1055 900 1078 et
934 1049 1045 1077 aﬂlictio

252 1094 354 1135 eterna
381 1100 626 1132 etinconsolabilis
652 1103 681 1126 et
707 1094 1047 1133 géntitusinexstinguibi-

252 1153 298 1181 lis.
315 1149 512 1185 Unusquisque
539 1146 614 1173 enim
643 1151 738 1172 eorum
766 1142 814 1177 qui
833 1140 890 1168 illic
906 1144 970 1168 sunt
980 1145 1047 1166 suos

253 1204 354 1234 pravos
367 1183 445 1223 actus
462 1191 611 1220 recordans
631 1194 657 1217 et
674 1192 803 1223 reputans
831 1191 979 1221 quamnam
1000 1183 1048 1219 ju-

254 1230 447 1271 stiticationem
480 1237 556 1272 justo
589 1235 675 1271 iudici
713 1233 827 1265 afferat,
854 1236 882 1259 et
910 1230 1048 1267 quomodo

254 1294 363 1324 pcenam
386 1285 580 1320 sempiternam
601 1281 740 1309 sustinere
765 1278 862 1315 possit,
890 1277 1049 1305 terribiliter

255 1332 426 1363 conscientia
443 1332 654 1367 pmtorquetur,
681 1332 709 1355 et
724 1327 846 1361 insuper,
870 1324 1049 1352 considerans

256 1389 272 1408 a
290 1380 346 1407 Deo
373 1377 576 1413 separationem
606 1381 712 1402 necnon
734 1380 749 1400 a
777 1370 863 1407 gloria
891 1375 1048 1398 sanctorum

257 1427 330 1462 eius,
347 1429 375 1452 et
396 1432 459 1452 cum
474 1422 586 1450 diabolo
607 1420 776 1456 punitionem
796 1418 949 1445 daemonum
966 1416 1050 1443 inter-

258 1461 417 1500 minabilem
448 1474 476 1496 et
504 1466 688 1498 insolabilem,
714 1464 840 1491 tristatur
871 1467 899 1490 et
914 1461 1050 1497 gemiscit.

258 1518 328 1546 Cum
363 1515 464 1550 quibus
501 1520 552 1548 ego
578 1511 725 1540 conclusus
759 1513 786 1537 et
819 1505 1051 1543 lacrymabundus

260 1563 343 1591 video
358 1563 428 1589 duos
439 1560 554 1595 juvenes
583 1557 646 1585 illos
671 1556 814 1584 venientes
848 1554 886 1582 ibi
900 1561 1010 1582 rursum
1025 1557 1052 1580 et
1064 1569 1087 1599 α

260 1610 324 1638 illos
340 1615 407 1644 rogo
424 1611 454 1635 ut
477 1613 509 1633 ex
526 1604 570 1632 illa
591 1602 730 1631 tremenda
762 1600 887 1629 custodia
905 1599 1053 1635 supplicio-

261 1663 316 1692 que
341 1655 461 1683 educant
484 1659 540 1684 me,
570 1655 600 1678 ut
616 1648 805 1686 paenitentiam
831 1654 932 1682 agam:
949 1646 996 1681 qui
1011 1646 1053 1673 di-

261 1706 328 1730 cunt
341 1701 374 1728 ad
390 1707 434 1728 me
449 1708 458 1729 ;
475 1707 485 1725 t
500 1697 616 1725 Frustra
639 1702 720 1730 rogas
738 1703 744 1721 :
762 1701 843 1721 nemo
870 1691 1007 1728 egreditur
1020 1692 1053 1719 il-

262 1748 316 1775 linc
331 1753 418 1780 usque
428 1744 462 1771 ad
474 1749 647 1770 communem
657 1739 896 1768 resurrectionem.
909 1747 918 1763 ι
930 1736 1054 1764 Orationi

262 1798 354 1821 tamen
371 1791 444 1818 insto
459 1789 582 1816 clamans
594 1796 603 1814 :
621 1795 630 1812 ι
640 1784 808 1813 Miseremini
822 1783 901 1817 mihi;
912 1791 967 1810 non
979 1783 1053 1810 enim

263 1837 383 1866 sciebam
399 1836 452 1862 ista
469 1833 537 1860 mihi
561 1832 619 1859 fore
646 1836 760 1858 ventura
773 1830 900 1865 ;ideoque
912 1837 975 1857 vere
997 1828 1055 1864 jam

262 1892 295 1911 ex
314 1887 379 1910 tunc
394 1887 438 1908 me
459 1879 583 1915 pmnitet,
597 1882 625 1905 et
635 1877 657 1906 si
670 1878 703 1904 ad
716 1877 797 1904 vitam
809 1876 835 1904 in
849 1881 947 1904 terram
959 1882 1057 1903 rursus

262 1929 383 1960 redeam,
396 1925 505 1955 utilitati
516 1924 663 1953 multorum
678 1930 737 1950 ero.
751 1932 761 1950 ι
773 1922 804 1950 Et
812 1922 845 1950 ad
856 1922 1056 1950 miserationem

264 1974 374 2002 adducti
391 1971 480 2007 angeli
495 1979 539 1998 me
556 1970 691 1998 reducunt
724 1968 759 1997 ad
784 1975 885 2004 corpus
901 1976 908 1994 :
925 1967 1058 2002 videoque

265 2026 392 2048 naturam
410 2018 509 2046 animae
528 2024 595 2045 meas
623 2016 761 2052 propriam
780 2020 910 2051 tanquam
925 2014 1058 2050 margari-

266 2072 320 2093 tam
350 2065 511 2099 iulgentem,
540 2069 640 2098 corpus
667 2067 758 2090 autem
788 2066 868 2096 turpe
891 2065 1058 2096 tetrumque,

265 2110 337 2138 unde
356 2116 419 2137 eum
436 2116 508 2145 aegre
528 2107 628 2135 ferrem
647 2114 679 2135 ac
707 2106 826 2134 dicerem
847 2113 891 2134 me
908 2113 963 2133 non
979 2113 1059 2141 posse

266 2157 367 2184 intrare
387 2156 415 2183 in
434 2155 501 2182 illud
526 2157 637 2190 propter
658 2152 808 2181 foeditatem
830 2152 890 2188 ejus
909 2156 936 2180 et
964 2152 1061 2188 caligi-

267 2211 340 2236 nem.
357 2202 452 2230 minati
481 2205 545 2229 sunt
564 2200 631 2228 mihi
650 2200 789 2228 dicentes:
805 2209 815 2226 ε
827 2198 883 2228 Nisi
903 2199 1059 2233 intraveris,

835 169 1002 203 GEORGII
1021 167 1249 201 HAMARTOLI

1817 155 1871 189 8H

1081 224 1124 260 pot
1137 221 1303 257 ζυγοπάται
1325 220 1435 256 καὶτῆς
1451 219 1617 256 ἁεροπορίας
1626 216 1781 247 όδοοτᾶται,
1794 214 1872 250 μόλις

1081 268 1258 304 ἀπελυόμεθα
1268 275 1275 283 ·
1291 266 1537 303 ἐκδατιανηθέντων
1547 266 1577 292 δέ
1585 265 1607 282 ⁵⁸
1620 265 1731 292 πάντων
1740 262 1796 290 τῶν
1805 262 1874 295 ἁγα-

1082 314 1136 341 θῶν
1162 322 1214 349 μου
1239 313 1330 347 ἐργων
1343 312 1392 339 καὶ
1414 312 1484 347 πρὸς
1511 311 1562 347 τὴν
1586 310 1676 345 πύλην
1691 308 1739 335 τοῦ
1754 307 1873 343 οὐρανοῦ

1083 359 1237 395 φθάσαντες
1269 359 1298 384 ἐν
1318 354 1334 394 ᾖ
1350 357 1382 384 τὸ
1398 355 1526 384 τελώνιον
1542 356 1592 391 τῆς
1618 353 1747 391 πορ-είας
1764 350 1811 389 ἦν,
1827 362 1874 379 συ-

1086 405 1192 441 σχεθεὶς
1202 404 1256 431 ὑπὸ
1262 407 1318 430 τῶν
1328 405 1393 438 Carpe
1398 403 1453 438 ρῶν
1465 402 1578 430 ἐκείνων
1586 400 1733 433 Αἰθιόπων,
1740 399 1877 434 προσέφε-

1086 459 1132 487 ρον
1147 450 1238 478 πᾶσάν
1250 458 1301 485 μου
1311 447 1441 484 πορνείαν
1451 447 1515 482 (“8
1525 447 1550 482 ι’)
1561 446 1609 474 καὶ
1618 445 1779 481 σωματικὴν
1790 445 1878 480 ἁμαρ.

1085 497 1157 530 τίαν,
1171 496 1205 532 ἠν
1222 495 1275 524 ἀπὸ
1296 493 1442 526 δεκαετοῦς
1471 493 1568 529 χρόνου
1589 493 1640 527 τῆς
1663 491 1772 528 ἡλικίας
1790 499 1842 526 μου
1854 491 1878 506 ⁸⁵

1086 542 1280 578 διεπραξάμην
1292 542 1307 569 ό
1319 540 1422 572 ἄθλιος.
1443 538 1685 574 ’Δπολογουμίνων
1702 537 1731 564 δέ
1745 536 1800 564 τῶν
1816 544 1880 562 νεα-

1086 588 1189 616 νίσκων
1203 587 1316 614 ἐκείνων
1335 586 1406 621 ὑπὲρ
1418 585 1487 621 ἐμοῦ
1511 585 1560 612 καὶ
1579 583 1728 619 λεγόντων,
1741 583 1782 610 ὄτι
1797 582 1832 609 τὰ
1851 582 1880 608 ἐν

1088 637 1123 671 τῇ
1141 635 1218 662 πόλει
1235 634 1425 670 ἁμαρτήματα
1440 631 1690 668 συγκεχώρημαι¹⁰
1708 631 1881 666 μετανοήσας

1093 691 1103 708 ι
1123 681 1216 714 “Δλλὰ,
1231 689 1241 707 ι
1256 681 1339 715 φασὶν
1350 680 1371 696 ¹¹
1387 680 1412 706 οῑ
1422 679 1504 706 δεινοὶ
1519 679 1679 714 κατήγοροι,
1689 687 1698 703 ι
1712 676 1882 712 μετανοήσας

1090 728 1171 755 ἐπεσε
1187 726 1268 755 πάλιν
1277 727 1301 743 ⁸³
1312 727 1352 757 είς
1367 726 1490 761 μοιχείαν
1503 725 1556 759 ἔξω
1563 725 1613 760 τῆς
1624 725 1729 756 πόλεως
1739 722 1787 751 καὶ
1796 721 1884 754 οὕτως

1091 772 1227 800 ἀπέθανεν
1242 781 1265 804 ι,
1283 772 1353 807 ὅπερ
1367 771 1536 803 ἀκούσαντες
1562 771 1587 797 οί
1607 769 1721 804 ἄγγελοι
1742 768 1883 804 ἀνεχώρη-

1093 826 1143 846 σαν
1168 817 1298 849 ἐάσαντες
1312 825 1345 853 με
1356 817 1380 833 ⁸³
1403 817 1610 851 ἀναπόλογητον
1637 815 1675 847 ὼς
1701 814 1785 851 μηδὲν
1804 813 1886 850 ἔργον

1094 863 1197 898 ἀγαθὸν
1218 862 1328 899 ἔχοντα.
1351 863 1409 890 Καὶ
1437 862 1613 898 ἁρπάσαντές
1643 870 1678 896 με
1704 861 1730 887 oi
1756 860 1886 891 Αἰθίοπες

1095 911 1204 943 ἐκεῖνοι,
1219 908 1369 940 τύπτοντες
1380 909 1404 925 ⁵⁸
1419 917 1452 944 με
1479 907 1639 943 κατήγαγόν
1664 916 1698 943 με
1713 907 1754 939 είς
1770 906 1820 942 τὴν
1832 907 1886 940 γῆν

1095 954 1185 989 αὖθις.
1208 956 1288 992 5⁸17
1304 956 1359 982 Καὶ
1374 955 1397 971 ⁵¹
1417 954 1551 990 κατῆλθον
1567 954 1612 981 διά
1631 962 1714 980 τινων
1738 953 1888 980 στενωπῶν

1096 1003 1143 1030 καὶ
1155 1002 1301 1029 σκοτεινῶν
1309 1002 1343 1034 ⁵⁸,
1364 999 1578 1028 δυσωδεστάτων
1600 1000 1673 1028 πάνυ
1691 999 1740 1026 καὶ
1757 998 1888 1035 φρικοδε-

1097 1048 1204 1075 στάτων
1222 1047 1397 1074 καταδύσεων
1416 1046 1498 1082 μέχρι
1513 1046 1567 1073 τῶν
1583 1045 1769 1081 καταχθονίων
1784 1047 1814 1072 ὲν
1831 1045 1889 1077 τοῖς

1096 1093 1296 1129 δεσμωτηρίοις
1318 1091 1368 1120 τοῦ
1398 1091 1551 1128 ᾂδου,ἐνθα
1579 1091 1648 1118 εἰσὶν
1676 1091 1704 1118 αί
1729 1090 1814 1126 ψυχαὶ
1833 1090 1889 1118 τῶν

1096 1139 1269 1177 ἁμαρτωλῶν
1282 1139 1533 1174 ἀποκεκλεισμέναι
1553 1139 1593 1172 είς
1612 1139 1665 1173 γῆν
1683 1137 1825 1174 σκοτεινὴν
1842 1138 1890 1164 καὶ

1097 1186 1259 1223 φοσερὰνπ,
1284 1187 1324 1218 είς
1348 1186 1400 1221 γῆν
1429 1185 1544 1217 σκότους
1570 1183 1692 1217 αἰωνίου,
1715 1179 1746 1212 οὗ
1770 1182 1891 1210 adsciri"

1098 1233 1201 1268 φέγγος
1213 1232 1273 1259 οὐδὲ
1291 1232 1357 1268 ὸρᾷν
1371 1231 1476 1267 βροτῶν
1493 1230 1576 1266 ζωὴν,
1591 1231 1629 1263 ὡς
1646 1231 1813 1266 γέγραπται,
1832 1228 1891 1257 ἀλλ’

1097 1278 1178 1315 ὀδύνη
1206 1278 1253 1305 καὶ
1277 1277 1368 1312 θλίψις
1395 1277 1506 1306 ultimo:
1529 1278 1578 1304 καὶ
1594 1276 1818 1312 ἀπαραμύθητος
1844 1275 1892 1302 καὶ

1099 1324 1253 1360 στεναγμὸς
1268 1324 1415 1360 ἁσίγητος·
1433 1324 1549 1356 ἕκαστος
1568 1324 1624 1358 γὰρ
1641 1323 1696 1350 τῶν
1715 1323 1805 1349 ἐκεῖσε
1822 1330 1892 1358 μνηο

1101 1370 1223 1406 μονεύων
1233 1371 1282 1402 τὰς
1299 1369 1422 1406 πονηρὰς
1437 1369 1521 1397 αὑτοῦ
1534 1368 1648 1405 πράξεις
1663 1369 1711 1396 καὶ
1721 1368 1821 1395 ἐννοῶν
1833 1367 1893 1398 πῶς

1099 1416 1301 1452 ἀπολογήσεται
1329 1415 1368 1451 τῷ
1395 1415 1539 1450 ἀδεκάστῳ
1565 1416 1661 1450 κριτῇ,
1685 1414 1733 1441 καὶ
1764 1413 1823 1446 πῶς
1845 1413 1895 1449 τὴν

1099 1462 1253 1496 ἀπέραντον
1266 1461 1378 1488 κόλασιν
1393 1459 1626 1495 ﬁneﬁne-qut",
1640 1459 1734 1491 δεινῶς
1752 1458 1792 1494 τῷ
1807 1466 1897 1485 συνει-

1100 1508 1156 1535 δότι
1170 1506 1402 1542 προϐασανίζεται
1419 1506 1466 1533 καὶ
1480 1506 1549 1542 πρὸς
1563 1504 1643 1532 τοῦτο
1668 1503 1898 1539 ἀναλογιζόμενος

1101 1554 1148 1581 τὸν
1172 1554 1227 1581 ἀπὸ
1251 1552 1320 1580 Θεοῦ
1341 1553 1483 1589 χωρισμὸν
1505 1551 1620 1587 καὶτῆς
1645 1551 1726 1585 δόξης
1740 1550 1795 1577 τῶν
1810 1549 1897 1584 ἁγίων

1104 1601 1188 1629 αὐτοῦ
1219 1601 1265 1627 καὶ
1279 1599 1329 1634 τὴν
1344 1599 1415 1635 μετὰ
1439 1597 1485 1625 τοῦ
1501 1597 1658 1625 διαϐόλου⁶⁰
1671 1596 1821 1631 καταδίκην
1849 1596 1898 1623 καὶ

1102 1648 1158 1676 τῶν
1169 1646 1306 1682 δαιμόνων
1317 1647 1458 1674 ἄπαυστον
1472 1645 1522 1672 καὶ
1531 1643 1758 1679 ἀπαρηγόρητον,
1771 1642 1898 1669 λυπεῖται

1105 1695 1152 1722 καὶ
1166 1694 1304 1727 στενάζει.
1319 1692 1388 1720 Μεθ’
1398 1689 1436 1719 ὧν
1445 1692 1477 1726 γέ
1490 1700 1532 1719 τοι
1545 1690 1624 1725 κάγὼ
1637 1687 1898 1724 συγκατακλεισθεὶς

1105 1740 1154 1767 καὶ
1167 1738 1274 1766 πενθῶν
1286 1737 1343 1773 ὁρῶ
1358 1738 1423 1769 τοὺς
1437 1735 1484 1764 δύο
1501 1735 1661 1767 νεανίσκους
1677 1734 1798 1765 ἐκείνους
1809 1732 1900 1760 ἐλθόν-

1105 1794 1156 1817 τας
1181 1785 1271 1812 ἐκεῖσε
1295 1783 1395 1817 πάλιν,
1416 1783 1464 1814 οὓς
1474 1783 1495 1798 ⁹¹
1521 1781 1717 1817 παρακαλέσας
1751 1779 1899 1814 ἐξαγαγεῖν

1105 1832 1156 1866 τῆς
1171 1830 1290 1866 maps;
1307 1829 1416 1865 ἐκείνης
1429 1828 1556 1864 φυλακῆς
1571 1836 1600 1855 τε
1616 1827 1663 1854 καὶ
1677 1826 1802 1862 ἀνάγκης
1824 1825 1900 1857 ὅπως

1109 1877 1278 1913 μετανοήσω,
1293 1875 1319 1902 οἳ
1328 1876 1351 1892 ⁶¹
1366 1875 1412 1902 καί
1429 1883 1515 1910 φασιν
1541 1874 1609 1910 πρός
1625 1880 1676 1908 με’
1699 1882 1708 1899 ι
1726 1873 1824 1908 Μάτην
1843 1879 1900 1898 πα-

1109 1924 1241 1959 ρακαλεῖς
1252 1930 1260 1938 ·
1277 1922 1365 1954 οὐδεὶς
1380 1921 1435 1957 γὰρ
1449 1920 1592 1956 ἐξέρχεται
1607 1919 1662 1946 τῶν
1685 1917 1802 1946 ἐνταῦθα
1819 1916 1902 1952 μέχρι

1107 1969 1158 2004 τῆς
1173 1968 1267 2003 κοινῆς
1283 1967 1470 1998 ἀναστάσεως.
1493 1976 1503 1992 ι
1526 1965 1719 2001 Ἐπιμένοντος
1732 1964 1761 1991 δέ
1774 1972 1826 1998 μου
1833 1962 1855 1979 ⁸³
1867 1962 1900 1997 τῇ

1108 2015 1204 2052 δεήσει
1216 2014 1265 2042 καὶ
1291 2014 1422 2050 βοῶντος”
1443 2022 1452 2039 ι
1465 2013 1612 2048 Ἐλεήσατέ
1626 2020 1659 2048 με
1671 2020 1678 2027 ·
1693 2012 1723 2038 οὒ
1741 2009 1797 2045 γὰρ
1814 2009 1901 2045 ᾔδειν,

1108 2062 1149 2089 ὅτι
1164 2061 1250 2088 ταῦτά
1262 2070 1306 2096 μοι
1322 2059 1495 2096 ωμῦήσεται
1523 2059 1571 2086 καὶ
1591 2058 1636 2085 διὰ
1657 2057 1737 2084 τοῦτο
1751 2053 1902 2091 γνησίως⁸⁵

1109 2107 1163 2135 ἀπὺ
1178 2106 1226 2134 τοῦ
1241 2106 1290 2134 νῦν
1314 2105 1438 2142 μετανοῶ
1453 2108 1502 2132 καὶ
1520 2103 1675 2140 γενήσομαι
1687 2102 1755 2138 πρὸς
1768 2101 1902 2136 ὠφέλειαν

1110 2153 1227 2186 πολλῶν,
1255 2154 1280 2180 εί
1301 2152 1371 2188 πρὸς
1392 2152 1443 2187 τὴν
1471 2152 1519 2178 ἐπὶ
1534 2152 1587 2186 γῆς
1607 2150 1681 2185 ζωὴν
1695 2146 1775 2180 αὖθις
1801 2146 1888 2181 ἐπανή

1111 2199 1149 2232 ξω
1160 2198 1193 2226 ⁸³.
1213 2207 1223 2224 ι
1240 2199 1294 2226 Καὶ
1318 2197 1526 2232 δυσωπηθέντες
1551 2197 1576 2223 οί
1600 2195 1712 2230 ἄγγελοι
1742 2191 1840 2228 ἄγουσί
1867 2199 1902 2227 με

266 2249 430 2276 reducemus
458 2251 484 2274 te
507 2247 534 2274 in
561 2247 634 2274 illam
654 2246 847 2282 punitionem:
867 2246 937 2274 intra
964 2246 1047 2282 igitur

1113 2245 1181 2282 πρὸς
1193 2245 1224 2272 τὸ
1240 2245 1320 2280 σῶμα
1334 2244 1384 2271 καὶ
1405 2245 1456 2279 τὴν
1473 2244 1523 2279 μὲν
1533 2242 1555 2258 ⁸³
1569 2242 1637 2270 ἰδίαν
1654 2242 1735 2277 φύσιν
1749 2240 1798 2275 τῆς
1812 2238 1903 2275 ψυχῆς

267 2299 339 2322 utet
359 2293 418 2329 ipse
437 2294 530 2321 salvus
561 2294 612 2321 ﬁas
631 2297 654 2320 et
688 2293 807 2320 aliorum
831 2293 941 2321 utilitati
970 2293 1058 2320 inser-

268 2341 338 2372 vias,
353 2340 425 2368 sicut
441 2339 558 2367 Domino
578 2339 688 2375 placuit.
706 2349 715 2366 ι
728 2339 805 2367 Tunc
820 2339 896 2368 visus
915 2347 976 2367 sum
997 2344 1057 2367 tan-

267 2395 351 2423 quam
370 2395 420 2423 per
435 2395 467 2415 os
478 2387 631 2423 ingrediens
643 2392 671 2415 et
681 2387 928 2423 corpus,suscitans
938 2387 1057 2415 clamare

268 2435 356 2470 coepi:
370 2443 379 2460 ι
391 2433 555 2462 Miseremini
566 2434 645 2461 mihi.
658 2442 668 2460 ι
681 2433 815 2462 Omnibus
827 2438 918 2461 autem
932 2440 1057 2469 magnam

269 2479 480 2516 percipientibus
502 2478 659 2512 utilitatem,
673 2479 812 2514 magisque
832 2478 865 2507 de
884 2478 936 2506 bac
945 2477 1059 2506 terribili

270 2525 427 2554 narratione
452 2525 613 2561 perterritis,
650 2525 839 2559 unusquisque
874 2531 925 2552 sua
942 2522 1061 2558 .lugebat

1110 2292 1226 2319 ἐδλεπον
1239 2291 1336 2327 ὥσπερ
1364 2290 1541 2326 μαργαρίτην
1570 2288 1791 2324 ἁστράπτουσαν,
1816 2284 1848 2311 τὸ
1873 2284 1903 2311 δέ

1112 2338 1193 2373 σῶμα
1207 2336 1324 2368 δυσῶδες
1340 2337 1386 2364 καὶ
1400 2335 1614 2372 ἠμαυρωμένον,
1630 2334 1692 2361 ὅθεν
1710 2330 1904 2367 δυσχεραίνον-

1111 2384 1157 2417 τός
1179 2392 1230 2420 μου
1255 2384 1304 2411 καὶ
1335 2383 1462 2418 λέγοντος
1489 2383 1528 2418 μὴ
1551 2380 1715 2408 δύνασθαι⁶¹
1729 2378 1861 2406 εἰσελθεῖν
1873 2377 1903 2403 ἐν

1112 2431 1188 2466 αὐτῷ
1201 2430 1246 2458 διὰ
1263 2430 1313 2466 τὴν
1329 2430 1449 2464 ζόφωσιν
1476 2428 1559 2456 αὑτοῦ
1587 2427 1636 2455 καὶ
1650 2427 1701 2462 τὴν
1724 2424 1858 2453 δυσωδίαν
1869 2423 1904 2456 ⁸⁸,

1113 2477 1138 2503 οί
1150 2476 1179 2503 δὲ
1191 2475 1417 2512 προσηπείλησὰν
1432 2483 1478 2510 μοι
1489 2474 1630 2508 λέγοντων
1646 2481 1656 2499 ι
1670 2472 1702 2498 El.
1716 2471 1754 2507 μὴ
1769 2469 1905 2505 εἰσέλθῃς,

1116 2521 1198 2549 πάλιν
1206 2521 1228 2538 ⁸³
1243 2519 1390 2554 ἁπάγομέν
1410 2527 1441 2545 σε
1465 2519 1506 2551 είς
1529 2518 1639 2553 ἐκείνην
1663 2517 1714 2553 τὴν
1736 2514 1904 2550 καταδίκην·

869 2583 970 2614 Variae
984 2582 1140 2614 lectiones
1155 2584 1187 2613 et
1205 2583 1301 2613 ηοῐω.

307 2636 330 2653 ⁸⁸
350 2636 379 2663 δέ
397 2644 449 2670 μου
459 2635 586 2670 «civ-rm,
598 2634 646 2662 sed
654 2641 711 2662 om.

271 2706 296 2723 ⁸⁸
315 2706 502 2756 Καὶιταιὲτης
526 2703 782 2756 διασκεδασθείῖηςρ
813 2703 955 2756 κιῖτῆλθονΙ
976 2703 1007 2731 1,.

271 2741 407 2782 γνοφεξράν
437 2739 485 2768 ιιξ
542 2739 567 2756 ⁸⁸
588 2739 620 2766 οὗ
649 2740 699 2767 οὐκ
728 2740 786 2766 ἐστι
812 2740 914 2801 (pth
943 2739 965 2766 L

272 2777 427 2811 καταοίκην
441 2776 569 2802 ἄπαυστα
583 2776 630 2802 καὶ
643 2775 843 2811 ἀπαρηγόρητα
925 2775 965 2798 ⁸¹‹

729 2642 780 2669 μου
789 2634 860 2662 inter
873 2634 985 2668 ἀγαθῶν
1001 2638 1029 2662 et
1045 2633 1134 2669 ἐργων
1148 2632 1180 2661 L.

271 2672 334 2699 eod.
372 2664 494 2698 ⁸¹’πάλιν
506 2678 560 2698 om.
575 2664 609 2698 L.
647 2670 670 2687 ⁵³
689 2664 805 2704 ἀφέντες
822 2677 855 2704 με
881 2664 1090 2704 ἀναιιιολόγητόν⁷
1107 2670 1154 2695 καὶ
1173 2668 1211 2704 μή
1235 2664 1278 2696 ιη’
1296 2668 1330 2704 _”
1345 2668 1395 2704 atat
1409 2666 1560 2704 τύπτοντες
1572 2664 1786 2704 Δμεοιαιέήγιιγον
1813 2664 1854 2694 εἰς

1064 2704 1087 2719 ⁸⁸
1101 2703 1148 2730 καὶ
1181 2701 1330 2730 σκοτεινῶν
1354 2702 1402 2730 καὶ
1426 2701 1637 2729 δυσωδεστὰτων
1656 2701 1689 2728 L.

1048 2739 1071 2756 ⁸³
1103 2739 1287 2774 ὑποστήσεται

1229 2633 1253 2650 ⁸⁹
1270 2640 1321 2668 μου
1339 2631 1438 2668 σηιιμ
1475 2631 1502 2647 ⁸⁵
1516 2638 1709 2668 συγκεχωρητ.
1727 2628 1788 2657 cod.
1827 2628 1850 2668 ξ¹

1863 2628 1905 2690 τῖῗὲ

1745 2699 1767 2715 ⁵⁷
1783 2706 1828 2725 σι.
1857 2698 1905 2725 καὶ

1317 2737 1348 2765 L.
1422 2737 1445 2753 “
1466 2737 1590 2763 διαϐόλου
1614 2736 1662 2762 καὶ.
1686 2735 1742 2762 τῶν
1768 2735 1814 2761 δαι

1816 2734 1907 2768 μόνων

925 2759 1009 2807 ιΓὸὒς
1024 2759 1293 2812 ουσῳτῖὶίᾶᾇξΊέἐῘᾷὲ
1312 2759 1363 2807 ἧς
1378 2773 1443 2812 eu},
1467 2759 1758 2812 ξιξέἔᾷξιγῖιῖτέῇεέιέ
1773 2759 1866 2812 ιζ.
1881 2767 1909 2812 9t

272 2818 327 2837 om.
341 2810 373 2838 L.
404 2803 434 2826 ’⁸³
449 2811 513 2854 "En.
526 2811 556 2838 δὲ
569 2812 603 2846 τῇ
620 2803 856 2872 παρρᾶλᾟσὲίκαὶ
870 2803 1013 2845 λέγοντοςζ
1031 2810 1072 2837 ἐλ.
1082 2808 1116 2836 ι..
1130 2803 1136 2809 ’
1155 2803 1309 2842 ⁸⁸’γνῆσίως
1321 2803 1482 2842 genitam;
1497 2806 1529 2834 L.
1567 2807 1590 2823 "
1600 2803 1737 2837 ἐπανοίξω
1748 2804 1781 2833 1..
1819 2805 1842 2821 ⁸⁸
1855 2803 1906 2843 μέν

272 2844 370 2872 om.L.
409 2846 569 2872 ⁶⁷δυνασθαι
585 2853 638 2872 υιη.
688 2865 694 2872 .
732 2845 814 2872 “xal
824 2846 873 2872 τὴν
887 2845 1020 2872 δυσωδίαν
1049 2853 1106 2872 om.
1134 2843 1165 2871 L.
1203 2844 1225 2860 ”
1239 2845 1320 2871 πάλιν
1333 2843 1543 2872 ὑποστρέοομίν
1569 2850 1598 2869 σε
1613 2843 1652 2872 si;
1681 2842 1732 2872 τὴν
1754 2850 1782 2868 κ.
1805 2840 1906 2867 οὐκουν

272 2852 327 2871 om.
339 2844 370 2872 ι..
409 2846 430 2862 ⁸⁷
440 2846 569 2874 δύνασθαι
585 2844 638 2875 om.

273 2878 375 2907 εῐαέλθε
388 2879 420 2907 L.

732 2845 755 2862 ⁶⁸
766 2845 814 2872 καὶ
824 2846 873 2881 τὴν
887 2845 1020 2872 δυσωδίαν
1049 2853 1106 2873 om.

1134 2843 1165 2871 ιι,
1194 2838 1543 2879 ἰνπάλινᾞποστρέμμέν
1569 2850 1598 2869 σε
1613 2843 1652 2874 si;
1681 2842 1732 2876 τὴν
1754 2850 1782 2868 κ.
1805 2838 1906 2867 οὐκοῦν
