2094 3148
217 190 266 221 85¹ί

805 191 1040 222 CHRONICON.
1061 203 1094 210 --
1115 191 1190 224 LIB.
1211 191 1262 224 ιν.

1798 189 1850 222 858

217 247 311 278 αὐτοῖς
320 247 342 262 ³⁹
354 245 594 281 εὐκαταφρόνητος
607 246 732 280 φανεῖται
745 246 800 274 τῶν
815 247 896 274 θείων
908 247 1007 281 λογίων

1062 247 1206 282 logislatio,
1217 247 1265 275 sed
1275 246 1395 282 perditas
1404 254 1516 274 suarum
1526 247 1683 282 passionum
1697 246 1851 282 voluptates

217 295 234 329 ή
252 291 429 328 θεσμοθεσία,
442 292 491 324 τὰς
502 291 653 327 ὀλλυμένας
667 292 696 319 δὲ
713 291 768 319 τῶν
786 293 895 320 οίκείων
910 293 1006 320 παθῶν

217 337 313 374 ήδονάς
343 337 447 372 ἑτέροις
462 337 612 372 ὀφθαλμοῖς
627 338 865 373 ὲπισκοπήσαντες
886 338 935 365 καὶ
956 338 1007 372 τὴν

219 383 295 420 ίεράν
315 383 388 418 ζωὴν
412 380 445 418 ἧς
467 383 589 418 ἀνοήτως
614 382 856 416 ὲκπεπτώκασιθθ,
884 383 1006 418 μακαρία

219 438 326 463 σαντες,
344 428 469 460 ἐλεεινῶς
484 429 531 455 καὶ
543 428 701 465 ἀϐουλήτως
715 429 736 445 ⁸³
752 429 971 465 ἀποχωρίζονται
983 429 1006 444 "

218 477 267 503 τοῦ
285 476 350 511 τῇδε
363 475 433 510 βίου,
450 475 519 510 πρὸς
534 475 664 510 οὐδεμίαν
674 475 697 491 ⁸³
716 475 793 509 ίερὰν
809 475 905 502 ἐλπίδα
917 484 1007 510 χειρα-

218 522 391 557 γωγούμενοι
419 522 463 549 διὰ
490 522 539 556 τὴν
565 522 708 557 χειρίστην
736 521 820 556 ζωήν.
845 521 954 548 Τούτων
978 521 1007 548 δὲ

219 569 324 600 esse»;
341 568 486 603 γινομένου
507 568 579 595 κατὰ
605 568 655 598 τάς
683 568 829 602 κοιμήσεις
843 568 897 594 τῶν
925 567 1007 602 ιερῶν

219 615 324 650 ἀνδρῶν
336 615 370 648 ⁸⁸,
386 615 433 649 ἀφ’
448 612 485 642 ὧν
499 615 513 641 ό
527 614 596 649 πρὸς
606 614 636 641 τὸ
645 615 731 649 πέρας
746 614 892 650 ἐρχόμενος
905 613 940 646 ⁸³,
954 614 1008 640 τῶν

220 659 327 686 οίκείων
342 659 456 693 ἀγώνων
469 658 640 694 εὐφροσύνης
649 659 724 694 ἱερᾶς
736 658 948 694 ἀποπληροῦται
961 658 1008 684 καὶ

221 707 270 732 σὺν
286 705 365 740 ἡδονῇ
379 705 463 740 πολλῇ
476 705 544 740 πρὸς
555 705 605 740 τὴν
627 704 687 732 ὁδὸν
714 704 850 731 ἐπιϐαίνει
864 705 915 740 τῆς
931 704 1009 739 ἱερᾶς

221 748 444 783 παλιγγενεσίας.
460 758 470 774 ι

255 794 347 830 “(ll)
363 795 453 830 ὀπερ
477 792 524 822 οὗν
545 794 594 822 καὶ
620 795 635 821 ό
663 794 735 826 θεῖος
765 794 893 829 Διάδοχος
918 794 1009 830 δηλῶν

222 841 332 876 φάσκει·
350 850 359 867 ι
388 841 451 868 Ἐὰν
476 838 523 868 οὖν
551 840 588 877 μὴ
612 840 772 876 πρεπόντως
796 840 1009 875 μετανοήσωμεν

221 889 270 916 καὶ
286 887 352 924 περὶ
366 887 420 916 τῶν
437 888 581 924 ἁμαρτιῶν
593 888 616 903 ⁸⁷
630 887 711 923 ήμῶν
730 887 841 915 πάντων
854 887 938 923 586
953 888 1009 920 εξο-

1061 294 1122 322 aliis
1147 293 1235 321 oculis
1250 294 1386 321 intuentes
1411 298 1439 320 et
1462 297 1584 321 sanctam
1602 292 1686 320 vitam
1701 300 1717 320 e
1738 300 1791 328 qua
1802 293 1849 320 in-

1061 340 1135 368 sulse
1147 339 1317 372 deciderunt,
1333 339 1438 366 beatam
1458 339 1670 374 proclamantes,
1688 338 1851 365 miserabili-

1062 390 1102 414 ter
1116 391 1144 414 et
1159 385 1243 413 invito
1256 393 1288 412 ex
1306 385 1356 412 hac
1376 385 1431 413 vita
1450 385 1615 419 eripiuntur,
1631 383 1665 411 ad
1679 384 1780 411 nullam
1807 392 1851 411 sa-

1061 439 1136 460 cram
1147 439 1222 467 spem
1237 432 1271 458 ob
1283 431 1430 466 pessimam
1439 431 1522 458 vitam
1535 431 1657 458 adducti.
1671 429 1744 458 Nihil
1760 435 1851 458 autem

1061 484 1157 504 eorum
1187 477 1221 504 ad
1247 481 1404 504 sanctorum
1432 476 1573 504 hominum
1597 476 1781 503 dormitiones
1809 484 1853 503 re-

1063 522 1141 557 spicit
1158 532 1165 550 :
1184 530 1216 549 ex
1232 522 1298 553 illis.
1315 521 1361 557 qui
1380 522 1505 557 pervenit
1516 522 1551 550 ad
1576 522 1669 553 finem,
1684 522 1718 549 de
1733 521 1853 556 propriis

1062 568 1259 596 certaminibus
1276 573 1372 596 sancta
1397 568 1516 602 repletur
1540 568 1723 595 exsultatione
1743 573 1769 595 et
1789 575 1850 595 cum

1059 613 1232 649 jucunditate
1261 614 1346 642 multa
1369 614 1403 642 ad
1428 621 1514 642 sacra:
1542 614 1758 649 regenerationis
1780 614 1851 640 viam

1063 659 1245 694 progreditur.
1261 668 1272 685 ›

1097 787 1175 821 Quod
1195 787 1277 815 etiam
1300 787 1410 815 divinus
1434 786 1590 816 Diadocbus
1615 788 1776 820 ostendens.
1790 788 1849 817 ait:

1065 843 1075 860 ι
1087 833 1115 862 Si
1130 834 1213 869 igitur
1235 841 1289 862 non
1305 833 1499 862 convenienter
1511 834 1649 869 egerimus
1665 834 1850 869 paenitentiam

1063 884 1090 908 et
1103 879 1137 907 de
1153 879 1261 907 cunctis
1279 879 1399 914 peccatis
1416 881 1519 908 nostris
1535 887 1589 907 non
1612 880 1759 908 fecerimus
1783 888 1850 907 con-

223 934 450 970 μολογησώμεθα,
465 933 568 960 δειλίαν
583 934 645 960 τινὰ
657 933 755 968 ἄδηλον
766 933 795 959 ὲν
805 932 844 968 τῷ
858 932 948 968 καιρῷ
960 934 1009 967 τῆς

1062 924 1219 956 fessionem,
1238 925 1386 960 quemdam
1399 925 1590 953 absconditum
1606 930 1708 953 metum
1720 926 1747 953 in
1761 926 1853 954 exitus

222 980 312 1013 ἐξόδου
331 981 360 1006 ὲν
376 980 482 1011 ἑαυτοῖς
498 978 521 995 ⁸⁸
535 979 700 1014 εὑρήσομεν.
717 978 778 1014 Χρὴ
791 978 820 1005 δὲ
839 979 913 1014 ἡμᾶς
927 977 1008 1013 εὕχεο

223 1027 286 1053 σθαι
301 1027 364 1058 τοὺς
379 1025 550 1060 ἀγαπῶντας
567 1025 612 1052 τὸν
627 1025 729 1060 Κύριον
741 1026 789 1052 καὶ
804 1025 826 1041 ⁵³
843 1026 922 1057 me;
938 1033 1009 1052 πανι

222 1075 268 1105 τὸς
284 1072 461 1109 εὑρίσκεσθαι
476 1072 570 1107 φόϐου·
594 1073 609 1099 ό
625 1072 680 1107 γὰρ
704 1072 732 1098 ὲν
753 1071 829 1107 φόϐῳ
845 1071 1010 1107 εὑρισκόμε-

223 1127 279 1151 νος,
296 1118 406 1154 εῠδηλος
420 1119 443 1134 '°
457 1118 500 1145 ὄτι
517 1117 587 1154 πρὸς
609 1118 774 1153 ταρταρίους
793 1118 927 1152 ἄρχοντας
941 1118 1011 1144 ἀπε-

223 1165 360 1192 λεύσεται·
375 1165 392 1200 ή
407 1164 435 1191 δὲ
448 1165 476 1190 ιν
487 1165 521 1199 τῇ
532 1164 627 1200 ἀγάπῃ
642 1163 688 1190 τοῦ
703 1163 773 1190 Θεοῦ
786 1163 1009 1198 ἀγαλλιωμένηυ

223 1211 296 1247 ψυχὴ
308 1211 331 1227 ⁸³
340 1212 406 1246 ὲντῇ
422 1210 484 1247 ὥρᾳ
493 1210 545 1246 τῆς
554 1209 722 1243 ἀναλύσεως,
737 1209 830 1236 ἐπάνω
843 1209 897 1235 τῶν
905 1217 1011 1235 σκοτει-

224 1258 308 1285 νῶν¹¹
321 1257 444 1293 πράξεων
452 1257 561 1284 πάντων
576 1256 771 1292 εὑρισκομένη,
782 1256 850 1291 πρὸς
859 1256 923 1287 τοὺς
931 1255 1012 1290 ἀγγέ-

224 1304 287 1335 λους
297 1304 346 1338 τῆς
352 1303 464 1339 είρήνης
474 1302 586 1329 ἔσπευδε
599 1302 622 1319 ⁵⁵
636 1302 704 1337 μετὰ
713 1302 798 1337 χαρᾶς
809 1302 855 1328 καὶ
869 1302 1008 1336 φέρεται.»

261 1351 284 1366 ⁵⁸
304 1349 425 1385 (12)Καί
442 1358 473 1383 γε
484 1349 578 1380 Νεῖλος
589 1346 668 1380 αὖθις
682 1349 705 1364 ⁸⁸
720 1349 792 1384 ἱερός
804 1356 898 1382 φησιν·
918 1357 928 1374 ι
948 1349 1011 1374 ’ον-

224 1404 279 1428 τως
299 1394 488 1431 φοϐερώτατον
510 1395 540 1421 τὸ
556 1394 603 1421 τοῦ
629 1393 746 1421 θανάτου
776 1394 938 1429 μυστήριον,
967 1393 1011 1420 ὅτε

225 1442 280 1469 τῶν
297 1441 486 1468 ἀπαιτούντων
503 1441 553 1476 τὴν
576 1440 665 1476 ψυχὴν
689 1440 712 1456 ⁵⁷
740 1439 887 1466 ἐπιστασία
907 1439 1013 1475 φοϐερὰ

227 1488 333 1524 συνέχει
353 1488 377 1504 ⁸⁸
401 1488 568 1523 φρίττουσαν
592 1486 677 1521 αὐτὴν
697 1486 765 1521 πρὸς
783 1485 831 1521 τὴν
848 1485 948 1519 ἔξοδον,
966 1485 1013 1513 καὶ

224 1534 341 1568 δείματα
369 1534 418 1560 καὶ
445 1534 574 1569 σχήματα
601 1531 792 1568 φοϐερώτατα,
814 1531 859 1558 ὅτε
884 1531 1013 1567 δαίμονες

225 1580 401 1612 ὀνειδίζοντες
429 1578 478 1615 τὴν
490 1579 631 1614 ἁμαρτίαν
648 1579 696 1605 καὶ
708 1579 778 1614 πρὸς
789 1578 903 1610 ἑαυτοὺς
915 1578 1011 1605 ἕλκου-

227 1635 269 1653 σιν
283 1625 462 1657 ἀπειλοῦντες
479 1625 502 1643 ¹⁵
513 1625 553 1658 είς
561 1625 646 1660 ἀνηδῆ
657 1624 704 1651 καὶ
713 1624 866 1659 σκυθρωπά
878 1624 966 1660 χωρία
975 1624 1010 1656 ⁸⁸,

225 1672 263 1704 ὡς
281 1671 335 1707 πρὸ
349 1671 399 1706 τῆς
417 1670 537 1706 βασάνου
560 1669 610 1704 τὴν
631 1668 804 1703 κατάπληξιν
825 1667 920 1704 ἱκανὴν
940 1665 1012 1695 εἶναι

226 1718 294 1754 πρὸς
307 1717 430 1749 κόλασιν,
446 1717 516 1751 ὂτεή
527 1716 548 1732 ⁶¹
561 1715 713 1749 συνείδησις
721 1714 908 1750 ἐπιτρέψουσα
921 1714 1012 1749 (151»)

226 1763 295 1800 πρὸς
321 1763 355 1790 τά
377 1762 603 1799 πλημμελήματα
617 1762 640 1780 ⁸³
663 1760 761 1797 τρέμει
779 1760 829 1796 τὴν
849 1760 919 1794 πρὸς
936 1759 1014 1793 ἀξίαν

227 1811 281 1837 τῶν
304 1810 508 1845 ἡμαρτημένων
530 1807 743 1843 παραμένουσαν
766 1807 887 1835 κόλασιν.
917 1807 1015 1834 Ἔνθεν

227 1857 281 1892 γὰρ
298 1855 389 1891 ίδρῶτι
414 1856 504 1882 κεῖται
519 1854 549 1881 τὸ
564 1854 644 1889 σῶμα
666 1853 819 1889 διάϐροχον,
841 1854 942 1889 σημεῖα
955 1853 1012 1880 δει-

227 1903 293 1930 κνῦν
309 1903 332 1919 ⁸³
350 1903 397 1929 τοῦ
412 1902 487 1929 ἔνδον
501 1901 636 1936 καμάτου,
663 1901 710 1927 καὶ
733 1902 783 1935 τῆς
798 1900 898 1936 ἀδήλου
919 1901 942 1916 ⁸⁵
959 1907 1011 1927 τα-

228 1950 313 1985 ραχῆς
333 1949 367 1976 τὰ
380 1948 507 1985 ὁρώμενα
531 1947 683 1983 παρέχεται
709 1946 832 1982 πρόδηλα
860 1947 1011 1982 τεκμήρια.

233 1994 386 2027 Ἐντεῦθεν,
427 1994 553 2029 καθάπερ
586 1993 611 2019 ol
654 1988 850 2026 τῶν’πικρῶν
876 1992 1012 2026 ἀπογευό-

228 2048 302 2076 μενοι
345 2039 500 2076 φαρμάκων
544 2038 732 2073 ἀποστύφουσι
775 2039 808 2073 τῇ
837 2037 940 2072 ἀειδείᾳ
981 2037 1012 2064 τὸ

227 2087 373 2122 πρόσωπον
387 2087 437 2122 τῆς
453 2086 554 2121 ψυχῆς,
573 2085 642 2119 πρὸς
656 2084 690 2120 ἢν
707 2083 786 2118 ἔσχον
800 2084 833 2111 ὲκ
847 2083 902 2110 τῶν
916 2083 1012 2118 όφθέν·

1061 973 1185 1004 tempore
1209 969 1236 997 in
1251 970 1331 997 nobis
1344 969 1527 997 inveniemus.
1555 969 1668 1004 Oportet
1693 975 1784 998 autem
1803 978 1853 997 nos

1061 1022 1142 1043 orare
1159 1015 1306 1051 diligentes
1323 1014 1467 1043 Dominum
1479 1019 1508 1042 et
1522 1019 1599 1043 extra
1610 1023 1719 1043 omnem
1736 1016 1853 1043 invcniri

1064 1061 1189 1089 timorem
1203 1069 1211 1095 ;
1226 1061 1272 1096 qui
1292 1061 1364 1089 enim
1378 1061 1407 1088 in
1423 1065 1496 1089 metu
1513 1061 1659 1096 reperitur,
1685 1062 1798 1089 evidens
1811 1065 1854 1089 est

1061 1114 1124 1134 eum
1140 1107 1172 1134 ad
1189 1111 1325 1135 tartareos
1341 1107 1481 1142 principes
1497 1107 1649 1134 abiturum.
1670 1107 1770 1135 Anima
1787 1114 1854 1134 vero

1061 1161 1123 1189 quae
1135 1154 1163 1181 in
1177 1154 1369 1181 dissolutionis
1383 1153 1452 1181 liora
1467 1154 1493 1181 in
1510 1154 1631 1182 amicitia
1655 1154 1702 1181 Dei
1720 1155 1852 1185 exsultat.

1063 1207 1146 1234 supra
1161 1204 1259 1227 cuncta
1277 1200 1450 1227 tenebrarum
1465 1207 1547 1235 opera
1564 1200 1677 1228 invonta
1695 1200 1728 1228 ad
1740 1199 1853 1236 angelos

1063 1245 1137 1280 pacis
1154 1253 1216 1273 cum
1235 1245 1333 1281 gaudio
1348 1244 1462 1273 festinat
1475 1250 1501 1273 ct
1514 1245 1611 1274 fertur.
1627 1255 1638 1272 ι

1099 1351 1132 1378 Ει
1143 1350 1221 1378 Nilus
1236 1353 1348 1378 sanctus
1363 1342 1459 1377 iterum
1473 1349 1540 1376 dicit
1556 1357 1564 1375 :
1584 1358 1594 1375 ι
1611 1349 1680 1377 Vere
1691 1348 1853 1376 tremendis-

1063 1398 1163 1425 simum
1177 1396 1272 1424 mortis
1286 1395 1458 1431 mysterium,
1469 1402 1531 1422 cum
1544 1395 1663 1422 animam
1680 1393 1851 1429 poscentium

1064 1443 1206 1470 tremenda
1241 1442 1386 1477 pmsentia
1415 1441 1569 1469 circumdat
1595 1450 1655 1469 eam
1688 1442 1721 1469 ad
1749 1440 1852 1468 exitum

1064 1488 1269 1523 trepidantem;
1290 1487 1563 1522 borrendissimaque
1592 1487 1759 1522 spectacula,
1788 1493 1852 1513 cum

1062 1534 1212 1566 daemones,
1236 1534 1434 1568 exprobrantes
1450 1537 1592 1568 peccatum
1608 1538 1635 1560 et
1651 1533 1799 1564 minantes,
1818 1532 1852 1558 ad

1063 1588 1094 1608 se
1110 1580 1221 1608 trahunt
1237 1579 1312 1607 illam
1335 1579 1362 1606 in
1378 1579 1469 1607 tristia
1491 1578 1667 1613 desolataque
1684 1579 1754 1610 loca,
1775 1578 1809 1605 its
1824 1581 1855 1605 ut

1061 1625 1269 1661 antejudicium
1286 1629 1385 1660 stupor
1397 1625 1431 1653 ad
1450 1625 1620 1659 punitionem
1641 1624 1767 1655 sufficiat,
1789 1630 1851 1650 cum

1061 1672 1230 1700 conscientia
1245 1671 1278 1699 ad
1292 1677 1406 1707 peccata
1420 1671 1571 1707 respiciens
1584 1671 1693 1706 dignam
1710 1670 1853 1704 culparum

1062 1717 1184 1745 futuram
1219 1724 1327 1752 prenam
1363 1716 1535 1745 reformidat.
1564 1716 1633 1744 Hinc
1649 1716 1722 1743 enim
1751 1721 1853 1750 corpus

1060 1764 1135 1799 jacet
1149 1764 1249 1792 sudore
1263 1771 1443 1799 conspersum
1459 1764 1561 1791 laboris
1572 1762 1712 1791 interioris
1721 1762 1798 1797 signa
1807 1761 1855 1788 de-

1063 1815 1231 1842 monstrans,
1240 1815 1268 1838 et
1278 1810 1423 1838 invisibilis
1435 1809 1647 1845 perturbationis
1655 1815 1716 1844 quas
1725 1808 1854 1836 videntur

1065 1858 1210 1887 manifesta
1218 1864 1283 1886 sunt
1291 1859 1401 1887 indicia.
1412 1858 1480 1886 Hinc
1486 1858 1716 1893 quemadmodum
1725 1856 1772 1892 qui
1780 1862 1855 1883 ama-

1066 1910 1127 1930 rum
1158 1907 1336 1938 gustaverunt
1366 1903 1506 1939 poculum,
1534 1902 1713 1930 invisibilitati
1756 1901 1855 1928 animas

1063 1950 1168 1977 vultum
1195 1954 1374 1984 componunt,
1391 1954 1419 1977 et
1441 1950 1479 1977 ibi
1494 1957 1555 1984 qtue
1573 1954 1716 1984 apparent,
1745 1949 1854 1976 tristem

1062 1994 1136 2022 illius
1151 1995 1359 2031 dispositionem
1383 1995 1510 2027 tradunt,
1527 2002 1561 2023 ex
1579 1995 1667 2021 forma
1683 1994 1756 2020 enim
1771 2001 1855 2028 appa-

1062 2041 1159 2074 rentis,
1172 2041 1342 2075 exprimente
1357 2041 1543 2068 characterem
1562 2044 1686 2075 aspectu,
1704 2046 1781 2067 suam
1793 2040 1854 2066 ab3<

1061 2085 1198 2114 conditam
1216 2087 1352 2114 tristitiam
1369 2086 1537 2114 manifestat.
1554 2095 1564 2112 )

224 2142 279 2160 των
293 2134 315 2150 ⁸⁸
328 2134 386 2161 ἐκεῖ
401 2133 522 2168 χαλεπὴν
537 2132 667 2164 διάθεσιν,
696 2130 861 2165 cumnam;
885 2131 931 2157 τὸν
966 2133 1130 2168 χαρακτῆρα
1156 2133 1205 2169 τῆς
1225 2133 1314 2168 ὅψεως
1343 2133 1367 2151 ⁸ο
1381 2122 1420 2168 ιῖῷ
1446 2133 1569 2168 σχήματι
1607 2132 1656 2159 τοῦ
1687 2131 1853 2167 φαινομένου

224 2182 274 2217 τὴν
285 2182 385 2216 ἑαυτῆς
400 2180 596 2216 φανερώσασαν
606 2179 628 2195 ⁸⁷
672 2178 868 2214 κεκρυμμένην
879 2177 968 2205 ἀνίαν.
987 2186 997 2204 ι

262 2228 284 2244 ⁸³
302 2227 358 2262 (ίῦ)
375 2227 453 2254 Οὕτω
465 2236 497 2261 γε
516 2227 568 2262 μὴν
580 2226 628 2253 καὶ
640 2226 654 2252 ό
670 2225 864 2260 Χρυσόστομος
885 2223 938 2260 ἔφη
957 2225 1009 2252 πά-

1099 2225 1144 2253 Sic
1155 2224 1237 2253 etiam
1246 2225 1458 2260 Chrysostomus
1471 2230 1580 2252 rursum
1591 2224 1645 2252 ait:
1661 2234 1671 2250 ‹
1685 2225 1724 2252 An
1743 2226 1854 2253 nescitis

227 2274 280 2301 λιν·
292 2284 301 2300 ‹
315 2274 373 2301 Οὐκ
386 2274 443 2301 ῐστι
452 2273 510 2305 πῶς
519 2274 548 2299 ὲν
563 2273 597 2308 τῇ
607 2271 750 2307 τελευταίᾳ
761 2270 853 2306 ἡμέρᾳ.
865 2270 1012 2305 συστρέφει

226 2320 316 2355 ψυχὴν
329 2320 352 2336 "
366 2320 566 2355 ἀμαρτήματα;
585 2318 643 2350 πῶς
658 2318 781 2345 κάτωθεν
796 2318 846 2353 τήν
862 2317 977 2352 καρδίαν
989 2319 1012 2334 ⁷ο

227 2367 370 2399 ἀνακινεῖς
389 2366 472 2393 Ὅθεν
485 2365 603 2401 δείματα
628 2364 713 2391 πολλά
729 2365 804 2391 ἐστιν
828 2364 939 2392 ἀκούειν
951 2366 1012 2393 τότε

227 2412 393 2448 διηγουμένη
409 2413 429 2429 ⁷¹
447 2412 494 2439 καὶ
505 2412 582 2447 ὄψεις
600 2410 729 2446 φοϐερὰς,
744 2407 782 2439 ὧν
798 2411 859 2438 οὐδὲ
883 2411 931 2447 τὴν
943 2411 1011 2438 θεω-

230 2457 290 2494 ρίαν
306 2458 399 2486 λοιπὺν
426 2459 554 2494 φέροντες
574 2458 599 2484 οἱ
615 2457 752 2490 ἀπιόντες,
771 2456 820 2484 καὶ
840 2457 890 2493 τὴν
914 2457 1010 2494 κλίνην

1062 2271 1200 2308 quomodo
1215 2271 1242 2298 in
1263 2270 1360 2298 ultimo
1379 2271 1423 2298 die
1450 2276 1560 2306 peccata
1586 2270 1773 2306 constringant
1794 2271 1855 2299 ani—

1064 2317 1156 2345 mam?
1171 2317 1306 2353 quomodo
1321 2323 1369 2344 cor
1382 2315 1512 2343 deorsum
1528 2315 1657 2344 trahant?
1676 2316 1753 2343 Unde
1769 2318 1855 2344 multa

1064 2363 1146 2392 refert
1158 2363 1305 2396 horrenda,
1321 2370 1427 2390 necnon
1444 2366 1508 2390 tunc
1524 2362 1615 2390 vultus
1630 2363 1752 2398 aspicere
1781 2363 1854 2398 cogit

1064 2409 1232 2441 tremendos,
1253 2416 1371 2445 quorum
1391 2412 1531 2444 aspectum
1550 2407 1623 2436 ferre
1639 2413 1779 2443 nequeunt
1804 2409 1853 2435 ab-

1065 2461 1180 2484 euntes;
1196 2455 1294 2484 lectum
1317 2454 1406 2490 ipsum
1428 2455 1514 2483 multo
1530 2462 1595 2484 cum
1622 2454 1733 2483 fremitu
1763 2455 1855 2490 exagi-

833 2540 934 2572 Variae
954 2539 1107 2571 lectiones
1120 2543 1149 2570 et
1167 2543 1261 2571 notae.

264 2619 285 2633 θ’
306 2618 396 2647 αὐτοῖς
410 2624 464 2643 om.
480 2615 510 2643 L.
549 2616 572 2632 ⁸ο
585 2615 800 2642 ἀποπεπτὼκασι
815 2615 876 2642 cod.
891 2619 918 2642 et
932 2614 963 2641 L.

230 2653 252 2668 ⁸⁸
266 2654 308 2678 ἀν.
330 2652 411 2682 αὐτὸς
435 2652 484 2684 μὲν
500 2652 514 2678 ό
533 2650 565 2678 Ι).
614 2650 636 2666 ⁸⁸
661 2651 811 2685 ἀρχόμενος
828 2650 890 2677 cod.

228 2687 370 2715 Bibl.Max.
383 2685 416 2713 ν.
429 2686 499 2714 88όῖ
555 2686 577 2704 ⁴⁷
600 2684 807 2720 ἀμαρτὴμάτων
826 2684 856 2712 L.

228 2731 307 2757 ταρτ.
323 2721 355 2748 L.
393 2722 415 2737 "
433 2721 573 2757 ἀγαλμένη
658 2720 681 2757 '_'

299 2758 321 2774 ⁸⁵
335 2757 388 2797 ξΓοῦ
405 2756 482 2797 ἁγίου
499 2754 616 2797 Νείλουέ
634 2789 641 2797 _
666 2755 688 2770 "
702 2754 804 2797 ἑὶερὸξ
818 2755 880 2797 ἔφηἶ
903 2755 944 2783 Ὀ.
957 2754 1009 2797 ’φόε

1064 2754 1077 2781 ν
1095 2755 1152 2781 ἐστι
1247 2754 1269 2772 ⁸⁷
1316 2754 1390 2796 ψυχή

228 2792 252 2808 ⁸³
271 2791 444 2822 ἀπειλοῦντες
461 2790 498 2822 ὡς
518 2790 617 2824 ἀμειδῆ
634 2789 681 2826 L.”
702 2789 724 2805 ⁶⁰
739 2789 903 2826 σκυθρωπὴν
928 2789 1036 2826 φώρανς
1050 2789 1080 2816 L.
1094 2789 1217 2826 flii)?“
1243 2789 1304 2826 cod.
1319 2789 1409 2826 χοιρία
1417 2789 1441 2826 Ϋᾼ
1466 2790 1486 2806 ⁶¹
1504 2790 1520 2825 ἡ

232 2827 372 2862 μελημενα
386 2841 420 2846 —
437 2823 623 2862 περιμένουσα
643 2825 754 2862 κόλασιν
769 2826 799 2853 L.
809 2823 815 2826 ⁷
839 2825 861 2841 ⁸³
876 2823 1051 2862 δεςκνύων-[ι.
1077 2824 1113 2862 AA“
1128 2823 1209 2860 δήλου
1224 2825 1285 2862 cod.

230 2859 381 2895 σοιί.)⁷ἒσχε
401 2859 657 2895 comi-4111mm?
694 2861 716 2876 ⁶⁶

230 2897 252 2913 ε’
271 2897 341 2922 ὑπ)νῆ
363 2896 392 2922 L.
433 2897 453 2912 ⁷⁰
472 2896 519 2922 si:
536 2895 646 2922 καρδίας
664 2896 706 2922 ἀν.

271 2906 342 2933 ψύχη
363 2906 392 2924 ιι.

1013 2615 1034 2630 ⁸¹
1056 2613 1262 2649 αὑτοϐουλήτως
1277 2614 1307 2642 1...

1358 2615 1380 2631 ⁸³
1400 2615 1528 2650 ἀποσχιζ.
1547 2614 1577 2641 D.
1627 2615 1650 2631 "
1669 2614 1804 2650 μηδεμίαν
1823 2615 1853 2643 L.

938 2650 961 2666 δ’
978 2649 1031 2676 Τοῦ
1047 2649 1184 2684 Διαδόχου.
1197 2650 1317 2685 episcopi
1332 2650 1459 2678 Photices
1474 2649 1514 2678 de
1529 2649 1853 2684 perfectione’spiritunli.

909 2685 931 2701 "
945 2685 1037 2717 αὐτοῖς
1051 2685 1113 2712 cod.
1165 2684 1188 2701 ⁸⁹

695 2719 799 2756 ἡψυχὴ
826 2721 855 2756 L-
892 2720 914 2737 "
933 2719 1027 2756 πασῶν
1050 2720 1179 2756 πράξεων
1200 2719 1230 2746 L-

1220 2685 1267 2712 καί
1284 2693 1340 2712 om.
1362 2685 1392 2712 L.
1444 2686 1467 2701 '°
1501 2685 1612 2719 εὔδηλον
1638 2686 1678 2712 ὅτι
1700 2685 1769 2720 πρὸς
1792 2686 1855 2716 τοὺς

1280 2720 1303 2737 ⁵⁸
1318 2720 1367 2754 τῆς
1388 2720 1499 2756 εἰρήνης
1523 2721 1662 2761 ἐπείγεται
1685 2720 1754 2755 μετὰ
1778 2730 1805 2755 χ.
1823 2728 1854 2754 φ.

1285 2755 1301 2789 ἡ
1316 2754 1389 2789 ψυχή
1404 2755 1434 2781 L.
1485 2755 1509 2771 ⁸⁸
1524 2764 1623 2789 συνεχη
1640 2755 1671 2783 L.
1687 2756 1737 2789 τήν
1753 2763 1807 2783 om.
1822 2755 1854 2783 L.

1524 2764 1623 2790 συνεχη
1640 2764 1671 2783 L.
1687 2764 1737 2789 την
1753 2764 1807 2783 om.
1822 2764 1854 2783 ιι.

1545 2798 1600 2817 om.
1619 2790 1650 2818 L.
1688 2791 1710 2807 "
1728 2791 1855 2825 πεπλημ-

1326 2825 1349 2841 ⁶⁵
1365 2824 1398 2860 ἐκ
1408 2824 1536 2860 τῶνέκεί
1551 2826 1678 2860 χαλεπῶν
1694 2825 1725 2853 L.
1743 2824 1853 2860 (χαλεπς

727 2860 813 2894 ὄψεως
830 2862 876 2889 καὶ
889 2861 927 2893 τῷ
944 2869 986 2895 σχ.
1074 2860 1096 2876 ⁸⁷
1112 2860 1308 2896 φανερωσάσης
1320 2869 1346 2896 κ.
1358 2859 1494 2889 ἄνοιαντῐι.
1535 2859 1627 2887 “T05
1640 2861 1854 2896 Χρυσοστόμηυτ

433 2897 453 2912 ⁷⁰
472 2896 519 2931 τῆς
536 2895 646 2927 καρδίας
664 2896 706 2923 ἀν.
722 2897 745 2922 ὁ.
767 2896 812 2922 καὶ
828 2896 851 2923 ὃ.
878 2896 981 2923 πολλῶν
1000 2895 1030 2922 L.

1072 2896 1091 2911 ⁷¹
1115 2895 1299 2930 διηγουμένων
1325 2895 1353 2922 Ιλ.
1592 2910 1597 2914 -
