2094 3148
271 153 321 186 δ’ίὶ

874 152 1035 183 GEORGII
1057 153 1283 184 HAMABTOLI

1854 155 1909 185 872

270 209 444 238 miserrimus
461 210 710 246 ctimpurissimus
735 217 767 237 ac
795 208 840 238 Dei
868 210 1055 245 hominumqm

1117 212 1169 246 τῆς
1186 211 1286 238 ἑαυτοῦ
1315 211 1454 247 σωτηρίας
1471 213 1488 248 ἢ
1504 212 1527 228 ³⁸
1544 211 1695 244 ἀπωλείας.
1715 212 1746 239 '0
1763 212 1793 240 δὲ
1816 214 1910 248 τρισά-

273 255 454 291 implacabilis
467 256 602 290 _inimicus
624 264 639 283 a
666 255 785 284 nefando
805 256 984 292 mendacique
1007 257 1063 284 dae-

269 309 351 329 mone
367 301 482 328 edoctus
504 306 531 328 et
561 301 689 336 agitatus,
719 305 746 328 et
768 308 800 328 ex
818 301 951 329 dissoluta
971 301 1062 336 lingua

267 347 439 380 scientiaque
467 346 595 374 inscienti
624 347 748 380 locutus,
775 347 921 382 cujuslibet
949 347 1014 375 boui
1036 352 1063 375 et

268 394 332 421 mali
355 392 440 420 Deum
459 397 601 421 auctorem
628 393 758 421 audacter
780 395 919 426 mentitur,
933 398 960 421 et
974 393 1062 428 quod-

267 446 378 473 cunque
394 438 505 466 eveuiat
535 438 649 471 homini,
665 439 730 466 licet
743 446 775 465 ex
792 439 902 474 propria
918 439 1023 474 ignavia
1035 443 1062 467 et

267 485 386 517 incuria,
402 485 455 512 hoc
482 491 514 511 ex
541 484 698 518 praevidenti
721 483 768 511 Dei
785 485 901 512 scientia
920 485 1063 520 provenire

268 533 352 559 miser
365 531 517 558 contendit.
545 530 577 557 Et
596 530 640 557 hic
658 531 768 565 quidem
791 530 931 566 despicere
951 531 1062 560 divitias

267 577 462 610 humiliterque
491 576 592 603 sentire
612 583 644 603 ac
667 576 857 611 voluptuosam
882 577 997 612 rejicere
1019 577 1060 604 vi-

267 628 333 654 tam,
353 629 404 649 nec
422 622 523 649 malum
544 629 593 656 pro
608 622 682 649 malo
707 622 820 650 reddere
840 622 930 657 jubet.
955 623 1003 650 llle
1016 630 1061 650 ve-

266 675 298 695 ro
315 667 449 694 ditescere
472 671 499 694 et
514 667 657 701 superbire
675 672 702 694 et
721 674 830 694 omnem
846 668 1012 704 voluptatem
1026 676 1058 696 ex

266 713 419 742 substantia
453 713 583 748 diligere,
608 719 635 741 et
661 714 826 742 adversariis
856 716 956 742 acriter
977 723 1059 751 repu-

264 767 359 796 gnare,
378 759 454 798 velut
469 760 610 795 spirituale
625 765 653 787 et
676 761 797 789 salutare
812 768 843 788 ac
856 761 976 796 paradisi
992 770 1057 790 cau-

264 804 366 836 iionale
380 804 473 831 tradit.

1114 257 1189 289 θλιος
1204 258 1251 285 καὶ
1267 259 1491 294 τρισκατάρατος
1508 260 1556 286 καὶ
1570 259 1618 286 τοῦ
1638 258 1708 285 Θεοῦ
1724 259 1771 286 καὶ
1788 259 1843 286 τῶν
1858 259 1907 286 ἀν-

1114 302 1233 338 θρώπων
1249 303 1383 335 ἄσπονδος
1402 303 1501 339 ἐχθρὸς
1524 305 1557 331 tu
1584 304 1747 338 σκαιοτέρου
1763 303 1787 320 ⁸⁹
1803 304 1906 330 πλάνου

1111 349 1240 384 δαίμονος
1254 349 1438 385 ινηχούμενος
1454 351 1502 377 καὶ
1515 349 1715 386 ἔνεργούμενος
1737 350 1797 384 (καὶ
1811 350 1906 385 μέντοι

1112 396 1161 421 καὶ
1174 395 1204 428 ἐξ
1216 396 1370 424 ἀκολάστου
1391 396 1522 431 γλώσσης
1544 396 1593 423 καὶ
1607 395 1723 431 γνώμης
1746 395 1907 430 ἀγνώμονος

1113 441 1311 478 φθεγγόμενος)
1331 443 1432 475 παντὸς
1449 442 1558 478 ἀγαθοῦ
1576 443 1624 470 καὶ
1635 442 1755 478 πονηροῦ
1780 442 1826 468 τὸν
1839 442 1906 469 Θεὸν

1115 488 1202 515 αίτιον
1218 488 1364 524 τολμηρῶς
1382 489 1563 524 τερατεύεται
1578 489 1601 505 ⁸ο
1612 489 1660 515 καὶ
1678 488 1733 515 πᾶν
1756 488 1826 523 ὅπερ
1847 488 1905 524 [ἂνξ

1114 533 1217 569 ἐπέλθῃ
1244 534 1285 569 τῷ
1314 535 1464 569 ἀνθρώπῳ,
1493 534 1546 561 κάν
1572 534 1624 569 (τε)
1641 534 1670 566 ἐξ
1699 533 1836 568 ἐπηρείας
1858 533 1906 560 τοῦ

1114 579 1246 614 πονηροῦ,
1257 579 1309 607 κάν
1320 588 1348 606 τε
1359 580 1389 612 ἐξ
1397 580 1502 611 οἰκείας
1511 579 1648 615 ῥᾳθυμίας
1660 579 1708 606 καὶ
1719 579 1904 614 ἀδιακρισίας,

1111 625 1163 659 τῆς
1179 624 1255 658 θείας
1280 626 1361 652 τοῦτο
1388 627 1536 661 τυγχάνειν
1561 626 1691 661 προνοίας
1726 625 1740 652 ὸ
1756 625 1905 661 ἀλητὴριος

1111 672 1307 706 ἀποφαίνεται.
1335 672 1390 698 Καὶ
1404 673 1418 698 ὁ
1451 672 1500 707 μὲν
1516 673 1695 708 περιφρονεῖν
1723 673 1840 698 πλούτου
1859 673 1905 699 καὶ

1110 719 1337 753 ταπεινοφρονετν
1351 718 1443 753 (ίόιι)
1456 719 1503 745 καὶ
1514 718 1560 745 τὸν
1574 719 1698 754 ὲνήδονον
1710 719 1767 754 βίον
1778 719 1906 746 ἀποσείε-

1109 763 1174 790 σθαι
1202 765 1249 791 καὶ
1273 764 1311 800 μὴ
1339 763 1563 800 (ἀντ)αποδοῦναι
1594 765 1679 791 κακὸν
1722 765 1784 792 ἀντὶ
1815 763 1903 791 κακοῦ

1109 810 1340 845 παρακελεύεται.
1350 811 1431 847 596
1444 811 1473 839 Ὀ
1481 811 1510 838 δὲ
1518 811 1646 838 πλουτεῖν
1651 811 1698 838 καὶ
1706 811 1904 846 ὑψηλοφρονεῖν

264 849 314 876 καὶ
332 850 425 877 πᾶσαν
442 850 541 886 ἡδονὴν
570 851 603 878 ἐκ
628 853 790 886 περιουσίας
813 853 987 884 ἀσπάζεσθαι
1007 854 1056 882 καὶ
1075 855 1270 889 ἀντεπεξιέναι
1303 856 1407 893 σφόδρα
1420 858 1478 889 τοῖς
1490 857 1702 885 ἀντιπίπτουσιν
1731 857 1770 889 ὡς
1786 855 1903 892 ψυχικὸν

263 896 332 932 (καὶ)
349 897 485 933 σωτήριον
502 898 551 925 καὶ
564 897 612 924 τοῦ
633 899 804 934 παραδείσου
820 900 963 934 πρόξενον.

299 943 360 976 Ast,
385 951 403 971 ο
426 944 502 971 [ιιι-οι·
526 949 554 972 et
578 946 698 974 amentia
726 947 874 981 irrisioque
899 948 1055 983 impostoris

1146 949 1168 966 "
1184 948 1241 984 (19)
1267 948 1349 982 ’Δλλ“,
1365 949 1388 976 ὣ
1405 950 1455 986 τῆς
1470 950 1612 984 ἀπονοίας,
1626 951 1674 977 καὶ
1694 951 1901 987 παραπληξίας,

262 995 291 1019 et
305 991 374 1018 val’ri
390 991 527 1019 hominis!
554 999 571 1020 ο
585 992 732 1027 stnpiditas
751 994 783 1027 ζει
810 994 945 1028 pernicies
961 1001 1057 1022 eorum

264 1044 335 1073 quos
363 1038 462 1064 misere
480 1037 608 1065 submisit
635 1042 661 1065 et
683 1046 769 1075 usque
786 1040 870 1067 modo
884 1040 993 1068 seduxit
1025 1047 1057 1068 ac

263 1083 388 1119 decepit!
415 1083 474 1111 Non
489 1084 562 1111 enim
579 1085 693 1112 omnino
717 1085 875 1122 intelligunt
898 1087 944 1115 isti
963 1087 1057 1115 miseri

265 1137 297 1157 ac
320 1129 410 1157 stolidi
431 1129 569 1165 nimisque
587 1130 776 1166 imprudentes
800 1132 827 1160 in
849 1132 922 1168 quod
942 1133 1057 1160 arduum

263 1182 292 1204 et
306 1176 481 1204 tenebrosum
505 1177 589 1205 chaos
609 1181 635 1204 et
660 1177 687 1204 in
710 1185 792 1213 quam
813 1177 970 1205 Satanicam
984 1178 1056 1206 Cha-

263 1223 369 1259 rybdim
383 1223 505 1251 immersi
520 1223 577 1251 sint
593 1228 619 1251 et
635 1225 748 1252 omnino
765 1225 863 1257 vorati,
881 1232 930 1252 nec
943 1225 970 1252 in
986 1232 1056 1260 quos

262 1268 464 1304 inexpedibiles
477 1276 510 1296 ac
533 1269 738 1298 inextricabiles
762 1270 933 1306 labyrinthus
959 1271 1055 1299 diﬂici-

263 1316 359 1350 lesque
374 1322 407 1342 ac
422 1314 566 1343 lethii'eros
583 1316 718 1350 tramites,
736 1316 834 1349 allecti,
852 1315 950 1344 misere
960 1317 1055 1350 voluti,

262 1367 289 1389 et
305 1361 448 1390 constricti
469 1366 495 1390 et
511 1362 544 1390 ad
559 1362 684 1390 ultimum
699 1363 797 1398 perditi
815 1363 889 1391 sint?
904 1363 967 1391 Ideo
978 1364 1056 1392 valde

263 1407 349 1435 miror
368 1413 471 1435 tantum
497 1416 592 1436 eorum
627 1409 811 1443 insipientiam
836 1414 864 1437 et
886 1410 1053 1445 vecordiam,

263 1455 315 1481 etsi
332 1461 364 1481 se
390 1454 503 1481 credant
521 1461 583 1482 esse
601 1455 798 1483 solertissimos
820 1461 847 1483 et
873 1456 1056 1492 prudentissi-

264 1507 335 1532 mos,
351 1500 492 1534 quomodo
514 1508 569 1528 non
586 1501 729 1529 advertant
754 1502 837 1538 hujus
859 1503 935 1530 vacui
953 1503 1055 1532 erroris

261 1545 457 1580 praecipitium.
490 1545 609 1574 Decebat
634 1548 707 1575 enim
743 1557 804 1576 vcre
837 1549 997 1584 insipientes
1028 1555 1055 1577 et

263 1592 358 1619 brutos
377 1592 552 1620 manifestum
569 1598 596 1621 et
611 1592 714 1621 foedum
739 1594 773 1623 de
789 1596 990 1623 resurrectione
1007 1603 1054 1624 eo-

1111 995 1160 1023 καὶ
1179 996 1279 1031 χλεύης
1303 995 1358 1023 τοῦ
1378 996 1487 1032 γόητος,
1506 997 1555 1024 καὶ
1578 996 1763 1032 παλαμναίου.
1789 998 1835 1024 καὶ
1851 998 1903 1032 τῆς

1109 1041 1338 1077 παραφροσύνης,
1353 1043 1400 1068 καὶ
1410 1042 1551 1074 ἀπωλείας
1564 1042 1619 1070 τῶν
1634 1043 1701 1078 παρ’
1710 1043 1796 1070 αὑτοῦ
1807 1043 1903 1076 δεινῶς

1109 1087 1422 1122 ὲξανδραποδισθέντων,
1438 1088 1499 1125 [καὶ
1510 1087 1534 1105 ³⁸
1549 1089 1631 1124 μέχρι
1646 1088 1727 1124 δεῦρο
1742 1089 1764 1106 ’³
1775 1097 1903 1124 παρασυ-

1111 1134 1234 1169 ρομένων
1252 1134 1300 1161 καὶ
1322 1133 1546 1170 ἀπατωμένωνιι
1567 1150 1603 1155 -
1617 1135 1679 1162 οὐδὲ
1697 1136 1751 1172 γὰρ
1778 1135 1902 1162 συνιοῦσι

1109 1178 1252 1214 (πάμπαν)
1267 1180 1292 1206 οί
1308 1180 1379 1214 ἄγαν
1399 1180 1534 1216 μοχθηροὶ
1551 1182 1598 1207 καὶ
1623 1181 1766 1216 θηριώδεις
1781 1182 1828 1207 καὶ
1842 1181 1901 1208 λίαν

1108 1227 1232 1255 ἀσύνετοι
1257 1228 1298 1260 είς
1326 1229 1403 1255 ποῖον
1418 1229 1441 1245 ⁸⁵
1457 1229 1576 1264 χαλεπὸν
1595 1229 1654 1264 (καὶ¹
1677 1228 1802 1264 ζοφερὸν)
1835 1230 1902 1264 χάος

1108 1274 1155 1301 καὶ
1172 1275 1323 1310 σατανικὴν
1348 1275 1488 1311 Χάρυϐδιν
1502 1277 1525 1295 ’⁸
1551 1275 1804 1311 κατεποντίσθησαν
1817 1276 1840 1292 ’⁸
1853 1276 1900 1302 καὶ

1108 1321 1212 1347 τέλειον
1226 1321 1423 1358 κατεπόθησαν
1437 1323 1459 1338 ’⁷
1472 1322 1520 1349 καὶ
1544 1323 1584 1354 εἰς
1599 1322 1672 1354 οἴους
1695 1322 1834 1357 ἀφύκτους
1852 1322 1901 1349 καὶ

1108 1366 1310 1400 ἀδιεξοδεύτους
1323 1367 1503 1402 λαϐυρίνθους
1521 1369 1568 1395 καὶ
1584 1368 1735 1400 δυσὸάτους
1759 1369 1900 1404 ἀτραποὺς

1108 1414 1156 1441 καὶ
1171 1413 1363 1450 ψυχοφθόρους
1388 1415 1600 1450 φενακισθέντες
1628 1415 1754 1448 ἐλεεινῶς
1778 1415 1900 1449 ἐξεκυλί-

1115 1461 1217 1495 σθησαν
1241 1462 1288 1488 καὶ
1306 1462 1511 1498 συνεσχέθησαν
1527 1463 1732 1499 ὑποφθσρέντες
1747 1464 1786 1495 είς
1802 1464 1878 1496 τέλος
1890 1471 1897 1479 ·

1106 1506 1147 1533 διδ
1161 1507 1252 1534 τοίνυν
1267 1507 1291 1523 ⁹⁵
1302 1507 1453 1543 θαυμάζειν
1465 1508 1526 1536 λίαν
1537 1509 1627 1536 ἔπεισί
1640 1518 1686 1545 μοι
1701 1509 1751 1546 τὴν
1761 1510 1898 1546 τοσαύτην

1107 1553 1220 1588 ἀλογίαν
1235 1553 1282 1580 καὶ
1299 1554 1485 1589 ἀναισθησίαν
1511 1555 1613 1588 αὐτῶν,
1642 1556 1747 1592 καίπερ
1766 1557 1898 1591 οἰομένων

1107 1598 1339 1634 ἐντρεχεστάτους
1356 1600 1470 1632 ἑαυτοὺς
1483 1599 1612 1628 εἶναικαὶ
1629 1601 1824 1637 λογιωτάτους,
1839 1602 1897 1634 πῶς

263 1643 325 1663 rum
341 1637 470 1670 laqueum
481 1645 639 1673 agnoscere,
659 1639 733 1675 quod
749 1647 846 1674 nempe
856 1640 908 1668 cibi
917 1644 1053 1676 potusque

1107 1644 1137 1670 οὐ
1154 1644 1318 1672 κατανοοῦσι
1332 1647 1382 1681 τῆς
1394 1647 1478 1680 κενῆς
1490 1648 1599 1683 ἀπάτης
1612 1648 1704 1676 αὐτῶν
1715 1648 1875 1676 τδνδλισθον
1888 1658 1897 1682 ;

261 1682 472 1718 participatione
502 1685 656 1712 sensualem
689 1689 717 1713 et
736 1686 944 1720 corruptibilem
971 1688 1053 1714 vitam

259 1735 354 1757 essent
368 1729 501 1763 habituri,
515 1735 542 1757 et
553 1731 709 1758 necessario
724 1733 895 1767 eorruptioni
910 1733 1054 1768 subjacere

259 1778 288 1801 et
301 1775 406 1802 ratione
421 1777 602 1811 consequenti
624 1779 693 1805 mori
710 1777 841 1805 deberent
861 1787 868 1805 :
884 1779 1054 1814 impossibile

261 1818 336 1845 enim
351 1823 394 1846 est
410 1820 614 1854 corruptiliilem
629 1822 676 1856 qui
690 1821 752 1849 cibo
766 1829 798 1849 ac
810 1822 886 1857 potui
900 1824 1054 1852 communi-

260 1867 305 1890 cat
318 1864 431 1891 omnino
450 1864 683 1900 incorruptibilem
699 1871 726 1894 et
742 1866 923 1895 immortalem
940 1876 1050 1904 perma-

259 1916 335 1937 nere.
351 1909 385 1937 Et
397 1915 463 1937 tunc
481 1910 526 1938 ubi
541 1912 651 1940 tandem
668 1913 750 1940 vitam
765 1917 896 1941 aeternam
913 1918 967 1942 tam
978 1915 1052 1942 desi-

258 1955 381 1982 deratam
402 1959 430 1983 et
443 1955 521 1991 juxta
549 1957 656 1986 divinas
682 1958 840 1994 Seripturas
855 1961 1051 1995 immortalem,

258 2001 420 2035 promissam
449 2002 594 2037 ﬁdelibus,
618 2006 747 2033 mortales
772 2006 863 2034 anima
884 2011 912 2035 et
937 2015 1053 2044 corpore

257 2051 463 2082 consequentur
474 2048 486 2075 ‘l

1107 1692 1181 1718 Ἔδει
1199 1692 1264 1727 γὰρ,
1287 1693 1340 1720 ἔδει
1353 1694 1417 1725 τοὺς
1442 1694 1527 1727 ὅντως
1553 1696 1672 1731 ἄφρονας
1689 1696 1737 1722 καὶ
1754 1695 1898 1731 βοσκημασ

1104 1737 1200 1769 τώδεις
1212 1739 1364 1773 ἐπιγνῶναι
1386 1740 1433 1767 τὸν
1449 1741 1515 1776 περ).
1531 1741 1581 1777 τῆς
1609 1742 1784 1773 ἀναστάσεως
1806 1742 1897 1770 αὐτῶν

1104 1783 1237 1819 πρόδηλον
1245 1785 1292 1812 καὶ
1301 1786 1424 1821 μυσαρὸν
1434 1786 1541 1822 βρόχον,
1548 1788 1645 1824 ὅτιπερ
1657 1789 1701 1816 διά
1711 1789 1839 1824 βρώσεως
1848 1790 1897 1817 καὶ

1108 1830 1403 1867 πόσεως(αίσθητήντε
1422 1834 1468 1860 καὶ
1489 1834 1613 1870 φθαρτὴν
1633 1835 1724 1868 ἕξουσι
1744 1837 1896 1871 τηνικαῦτα

1103 1874 1154 1909 τὴν
1162 1874 1235 1911 ζωὴν
1245 1876 1293 1902 καὶ
1300 1876 1409 1913 ἀνάγκη
1419 1877 1502 1905 πάλιν
1513 1878 1614 1911 αὐτοὺς
1620 1881 1652 1916 τῇ
1663 1881 1752 1917 φθορᾷ
1760 1881 1896 1910 δουλεύειν

1104 1921 1153 1948 καὶ
1165 1922 1294 1957 θνήσκειν
1321 1925 1393 1951 κατά
1409 1925 1457 1952 τὸν
1478 1927 1586 1959 τούτοις
1612 1928 1763 1955 ἀκόλουθον
1794 1929 1873 1964 λόγον
1887 1938 1894 1945 ·

1104 1967 1247 2002 ἀμήχανον
1265 1969 1321 2005 γὰρ
1336 1970 1383 1997 τὸν
1397 1971 1529 2007 φθαρτὸν,
1546 1969 1677 2008 βρώσεως
1701 1974 1749 2001 καὶ
1776 1975 1894 2010 πόσεως)

1106 2013 1134 2038 ὲν
1152 2014 1284 2050 μετουσίᾳ
1301 2016 1471 2051 τυγχάνοντα
1486 2018 1520 2050 ⁸⁸,
1538 2018 1678 2054 ἄφθαρτον
1706 2021 1822 2048 καθόλου
1848 2023 1895 2049 καὶ

1106 2058 1240 2087 ἀθάνατον
1253 2061 1411 2097 διαμεῖναι·
1437 2065 1485 2091 καὶ
1501 2064 1567 2091 πότε
1583 2067 1632 2092 καὶ
1655 2065 1708 2092 ποῠ
1735 2066 1829 2094 λοιπὸν
1845 2068 1895 2103 τὴν

257 2093 559 2150 ἀποκαραδοκρυμένην
578 2097 651 2150 ςωὴν
674 2097 784 2126 αἰώνιον
805 2099 854 2126 καὶ
889 2100 1064 2136 ἀκέραστον¹
1085 2106 1142 2138 τοῖς
1177 2109 1286 2140 πιστοῖς
1301 2093 1384 2136 ’κατὰ
1410 2110 1459 2142 τὰς
1483 2111 1559 2145 θείας
1585 2112 1698 2149 Γραφάς
1724 2114 1748 2141 οἱ
1772 2093 1894 2150 θνητοὶιι

256 2139 330 2176 ψυχῇ
343 2142 391 2168 καὶ
409 2142 516 2178 σώματι
530 2143 671 2176 τεύξονται

292 2189 326 2216 Ει
341 2190 453 2225 insuper
469 2191 558 2219 sciant
579 2192 606 2219 hi
620 2193 672 2220 title
689 2194 839 2224 imbecilles
851 2201 878 2224 et
891 2198 985 2226 miseri
1001 2207 1048 2235 qui

257 2236 380 2263 nondum
400 2243 487 2271 usque
507 2237 540 2265 ad
561 2238 721 2266 hodiernam
739 2241 811 2268 diem
832 2249 883 2270 suo
897 2243 1011 2279 antiquo
1023 2249 1050 2272 et

257 2281 343 2316 impio
367 2288 461 2309 errore
485 2282 591 2311 liberati
615 2289 690 2318 sunt,
716 2287 763 2314 sed
786 2287 838 2315 sub
854 2289 963 2324 pietatis
989 2298 1050 2325 spe-

257 2326 301 2353 cie
323 2326 439 2353 latcnter
464 2327 545 2357 idolis
568 2330 770 2363 serviunt,sua3
791 2340 820 2361 se
835 2334 975 2370 religionis
998 2336 1049 2364 do-

258 2370 314 2398 lnm
337 2378 352 2398 a
377 2372 496 2407 pessimo
509 2374 634 2404 daemone
649 2377 840 2406 absconditum
863 2381 1048 2416 imprudentes

257 2422 286 2445 et
317 2419 432 2447 stolidos
459 2427 513 2449 non
541 2429 699 2457 agnoscere.
732 2424 801 2453 Olim
831 2426 904 2455 enim
936 2427 1050 2456 idolola-

259 2467 309 2490 ιη
330 2465 355 2491 el
380 2472 443 2500 quae
468 2468 539 2502 apud
568 2467 677 2498 Grmcos
704 2470 853 2506 Aphrodita
881 2473 994 2508 dicitur,
1022 2475 1049 2503 id

257 2513 320 2542 est,
339 2510 490 2545 voluptati,
512 2513 678 2548 servientes,
706 2516 784 2551 cujus
806 2522 908 2545 astrum
927 2525 988 2546 esse
1008 2520 1048 2547 lu-

257 2556 372 2586 ciferum
394 2559 560 2594 fabulantur,
581 2569 662 2595 quarti
684 2563 766 2591 etiam
787 2564 813 2591 in
831 2572 880 2593 sua
899 2566 1042 2595 horrisona

1139 2199 1150 2216 ³
1166 2200 1222 2234 (15)
1242 2201 1296 2227 Καὶ
1319 2202 1388 2238 πρὸς
1407 2204 1497 2240 τούτῳ
1520 2206 1641 2245 ῐστωσαν
1666 2207 1692 2233 οἱ
1725 2208 1894 2242 ὀλιγόπιστοι

1103 2246 1152 2273 καὶ
1165 2247 1281 2280 τάλανες
1310 2248 1348 2280 ὡς
1378 2249 1485 2277 οὐδέπω
1506 2251 1590 2287 μέχρι
1617 2252 1668 2288 τῆς
1682 2253 1691 2269 ⁸
1707 2254 1828 2290 σήμερον
1843 2256 1893 2291 τῆς

1103 2293 1221 2326 παλαιᾶς
1249 2294 1342 2321 αὐτῶν
1372 2296 1420 2323 καὶ
1441 2297 1524 2324 ἀθέου
1553 2298 1662 2337 πλάνης
1680 2300 1891 2338 ἀπηλλάγησαν.

1101 2337 1159 2364 ἀλλ’
1187 2338 1217 2365 ὲν
1258 2339 1435 2375 προσχήματι
1473 2341 1631 2376 θεοσεϐείας
1667 2337 1893 2382 εἰδωλολατροῦσι

1100 2382 1254 2418 λεληθότως
1266 2386 1315 2413 καὶ
1329 2387 1376 2414 τὸν
1400 2389 1629 2425 ἐγκεκρυμμένον
1646 2391 1696 2427 τῆς
1718 2391 1868 2428 θρησκείας
1881 2393 1892 2409 ⁵

1101 2429 1192 2456 αὐτῶν
1223 2430 1299 2458 δόλον
1326 2431 1374 2460 τοῦ
1403 2433 1484 2469 597
1506 2435 1663 2471 ἀρχεκάκοιο
1684 2437 1813 2473 δαίμονος
1837 2438 1892 2465 οὐδ’

1101 2475 1169 2508 ὅλως
1182 2477 1207 2503 oi
1222 2477 1384 2506 ἀνούστατοι
1396 2481 1444 2507 καὶ
1456 2481 1632 2517 ἀπόπληκτοι
1648 2483 1889 2518 ἐπιγινώσκουσιν*

1102 2524 1187 2551 πάλαι
1206 2527 1256 2560 μὲν
1273 2526 1284 2542 ⁸
1305 2527 1558 2564 είδολολατροῧντες
1574 2531 1621 2558 καὶ
1636 2532 1668 2566 τῇ
1682 2531 1749 2567 παρ’
1762 2531 1891 2567 Ἕλλησιν

1107 2570 1274 2610 ’Λφροδίτῃτ
1295 2572 1430 2611 λεγομένῃ
1459 2575 1584 2603 τουτέστι
1609 2577 1643 2612 τῇ
1659 2577 1741 2614 ἡδονῇ
1767 2586 1891 2613 προσκυ-

860 2650 959 2682 Varim
973 2652 1127 2688 lectiones
1142 2659 1172 2686 et
1193 2660 1285 2688 notae.

291 2724 313 2771 ζ’
328 2723 766 2771 emitr-599:3?etesse”
781 2727 920 2771 δυιιοιίοιξε
937 2718 986 2770 κέλ
996 2731 1055 2771 is”!

1213 2734 1236 2771 '_°
1251 2743 1275 2771 τ.
1289 2734 1490 2771 ἀποφθέγγεται
1507 2737 1554 2764 καί
1573 2738 1639 2766 Ced.
1658 2739 1680 2755 "
1691 2739 1757 2767 Ced.
1772 2739 1890 2770 745.9—

257 2759 350 2792 7MJ.
389 2760 411 2775 "
425 2759 451 2808 illi
468 2761 590 2808 margine
603 2759 752 2808 aEecnniia
766 2771 858 2808 manu;
872 2799 879 2808 ‘
898 2765 921 2781 "
934 2765 981 2808 νῦλν
1002 2767 1055 2794 Ced

1107 2768 1130 2784 ⁸⁵
1140 2766 1196 2808 οἷον
1211 2759 1276 2796 (Sed;
1287 2759 1298 2808 ξ
1312 2759 1340 2786 ‘7'-
1484 2759 1764 2808 ὸλὲῖρῶῐὲειιοῇῐῖ.
1776 2759 1784 2767 ³
1791 2759 1888 2802 ’πζῐ

258 2802 368 2828 τηκοντ.
387 2794 451 2830 cod.
489 2795 511 2810 "
528 2796 685 2824 κατεπθωτ.
700 2798 761 2824 cod.
806 2799 829 2815 "
845 2799 884 2826 διὸ
901 2802 947 2827 καὶ
961 2801 986 2828 θ.
1004 2802 1070 2830 Ced.
1084 2802 1178 2829 ἔπεισέ

257 2835 298 2867 τοι
315 2837 362 2855 κα.
380 2828 513 2867 ἀθάνατοι
526 2831 579 2867 καί
589 2831 745 2867 διαμένουσι
762 2833 827 2861 Ced.

869 2836 1108 2872 '_dxotpa=ovcoil.
1147 2839 1157 2854 '
1175 2836 1222 2865 καί
1249 2841 1311 2867 add.
1331 2841 1398 2869 Ced.

257 2864 379 2899 τήμερον
394 2865 460 2892 Ced.
500 2866 554 2900 ’τῇ
570 2864 702 2902 θρησκείᾳ
718 2870 782 2897 Ccd.
821 2871 831 2886 °
850 2870 904 2906 γάρ
919 2864 980 2900 add.
995 2864 1060 2901 (Sed;

1193 2813 1227 2838 με
1243 2804 1306 2832 cod.
1344 2806 1367 2822 "
1383 2804 1496 2842 τυγχάν.
1516 2804 1770 2844 οοὶ1.τυγχάνοντες
1783 2810 1887 2846 ἄφθαρ-

1194 2840 1222 2863 ai
1249 2841 1311 2863 mhi.
1331 2841 1397 2863 (ἶριὶ
1449 2843 1523 2863 ιιξιιιι
1562 2843 1613 2863 ἸΔιί
1633 2846 1719 2863 Α-ιλ
1770 2847 1780 2862 δ
1799 2855 1813 2863 ΙΙ
1841 2847 1885 2863 νηὶ

1102 2859 1108 2865 .
1147 2843 1157 2854 ¹
1175 2843 1222 2865 καί
1249 2843 1311 2867 add.
1331 2843 1398 2869 Ced.
1449 2843 1534 2872 ‘Ced.
1562 2843 1729 2879 744,44”.
1770 2847 1780 2862 ⁸
1797 2843 1888 2881 ti..th

1099 2874 1108 2890 "
1127 2873 1292 2910 ’Λφροὸίτιδι
1310 2875 1368 2912 λεγ.
1382 2877 1443 2905 cod.
