2094 3148
269 151 319 185 δτι

872 152 1032 183 GEORGII
1055 152 1281 184 HAMAHTOLI

1853 154 1907 184 872

267 209 442 237 miserrimus
459 213 485 237 et
500 209 707 244 impurissimus
732 216 765 236 ac
793 207 838 237 Dei
866 209 1053 244 hominumqut

1115 211 1167 245 τῆς
1183 210 1284 237 ἐαυτοῦ
1313 211 1452 247 σωτηρίας
1469 212 1487 248 ἢ
1502 211 1526 228 ⁸⁸
1542 210 1693 243 ἀπωλείας.
1714 211 1744 238 '0
1761 211 1791 239 δέ
1813 213 1908 248 τρισά-

271 255 452 290 implacabilis
465 255 600 289 ,inimicus
622 262 637 282 a
664 255 782 283 nefando
803 255 982 291 mendacique
1005 256 1061 283 dte-

267 308 349 328 mone
365 300 480 327 edoctus
502 304 529 327 et
559 300 687 335 agitatus,
717 305 744 327 et
765 307 798 327 ex
816 300 949 328 dissoluta
969 300 1059 335 lingua

265 346 437 379 scientiaque
465 345 592 373 inscienti
622 346 746 379 loculus,
773 346 918 381 cujuslibet
947 346 1012 374 boni
1033 351 1061 374 et

266 392 330 420 ntali
353 391 439 419 Deum
457 396 598 419 auctorem
626 392 756 420 audacter
778 394 917 424 mentitur,
931 397 958 420 et
972 392 1060 427 quod-

265 445 376 472 cunque
393 437 503 465 eveniat
532 437 647 470 homini,
663 438 728 464 licet
741 445 773 464 ex
790 438 900 473 propria
916 438 1021 473 ignavia
1033 442 1060 465 et

265 483 384 516 incuria,
400 484 453 510 hoc
480 490 512 510 ex
539 483 696 516 prtcvidenti
720 482 766 511 Dei
783 484 899 511 scientia
918 485 1061 519 provenire

266 531 351 558 miser
363 530 515 557 contendit.
543 529 575 556 Et
595 529 638 556 hic
656 529 766 564 quidem
789 529 929 565 despicere
949 530 1060 559 divitias

265 575 460 609 humiliterque
489 575 590 602 sentire
610 582 642 602 ac
665 575 855 610 voluptuosam
880 576 995 611 rcjicere
1017 577 1058 603 vi-

265 626 331 654 tam,
351 629 402 648 nec
420 621 521 648 malum
542 628 591 656 pro
607 621 681 648 malo
706 622 818 649 reddere
838 622 928 657 jubet.
953 622 1001 649 Ille
1014 630 1059 650 ve-

265 674 296 694 ro
312 666 448 693 ditescere
470 670 497 693 et
512 666 654 700 superbire
673 671 700 693 et
718 673 828 694 omnem
844 667 1010 703 voluptatem
1024 675 1056 695 ex

263 712 417 741 substantia
450 712 581 747 diligere,
607 718 634 740 et
659 713 824 741 adversariis
854 715 954 741 acriter
974 722 1057 750 repu-

262 766 357 795 gnare.
376 758 452 797 velut
466 759 608 794 spirituale
623 765 650 787 et
674 759 795 788 salutare
810 767 842 787 ac
855 760 974 795 paradisi
990 769 1055 789 cau-

262 803 365 835 tiouale
378 803 471 830 tradit.

1112 255 1186 288 θλιος
1202 257 1249 284 καὶ
1265 258 1489 293 τρισκατάρατος
1506 259 1554 285 καὶ
1569 258 1616 285 τοῦ
1637 257 1706 284 Θεοῦ
1722 258 1769 285 καὶ
1786 258 1842 285 τῶν
1856 259 1905 285 άν-

1112 301 1231 337 θρώπων
1247 302 1381 335 ἄσπονδος
1400 302 1499 338 ἐχθρὸς
1522 304 1555 330 ἐκ
1582 303 1745 337 σκαιοτέρου
1760 302 1785 319 ⁸⁵
1801 303 1904 330 πλάνου

1109 348 1238 383 δαίμονος
1252 349 1436 384 ἐνηχούμενος
1452 350 1500 376 καὶ
1513 348 1713 385 ἐνεργούμενος
1735 349 1795 384 (καὶ
1810 349 1904 384 μέντοι

1110 395 1159 420 καὶ
1172 393 1202 426 ἐξ
1214 395 1368 423 ἀκολάστου
1390 395 1520 430 γλώσσης
1542 396 1591 422 καὶ
1605 394 1721 430 γνώμης
1744 393 1905 429 ἀγνώμονος

1111 440 1310 477 φθεγγόμενος)
1330 442 1430 474 παντὸς
1447 441 1556 477 ἀγαθοῦ
1574 443 1622 468 καὶ
1633 441 1764 476 πονηροῦν
1778 441 1824 467 τὸν
1838 441 1904 468 Θεὸν

1113 487 1201 514 αττιον
1216 487 1362 523 τολμηρῶς
1379 487 1561 523 τερατεύεται
1576 488 1599 504 ’°
1611 488 1658 514 καὶ
1676 487 1731 514 πᾶν
1754 487 1824 522 ὅπερ
1845 487 1904 523 liv:

1112 532 1215 568 ἐπέλθῃ
1242 533 1283 568 τῷ
1312 533 1461 568 ἀνθρώπῳ,
1492 533 1544 560 κᾶν
1570 533 1622 568 (τε)
1639 533 1668 565 ἐξ
1698 533 1834 568 ἐπηρείας
1856 532 1904 559 τοῦ

1113 577 1245 613 πονηροῦ,
1255 578 1307 605 κᾶν
1318 587 1346 605 τε
1357 579 1387 611 ἐξ
1396 579 1500 610 οἰκείας
1509 578 1647 614 ῥᾳθυμίας
1658 578 1706 605 καὶ
1717 579 1902 613 άδιακρισίας,

1109 623 1161 658 τῆς
1177 624 1254 657 θείας
1279 625 1359 652 τοῦτο
1386 626 1534 660 τυγχάνειν
1559 625 1690 660 προνοίας
1724 625 1738 650 ὁ
1754 625 1903 660 ἁλητὴριος

1109 671 1306 705 ἀποφαίνεται.
1333 671 1388 697 Καὶ
1402 672 1417 697 ό
1449 671 1499 706 μὲν
1515 672 1693 707 περιφρονεῖν
1721 672 1838 698 πλούτου
1857 672 1903 698 καὶ

1108 718 1336 752 ταπεινοφρονεῖν
1350 717 1441 752 (154³)
1454 718 1501 744 καὶ
1513 717 1558 744 τὸν
1572 718 1696 753 ἐνήδονον
1708 718 1766 752 βίον
1776 718 1904 745 ἀποσείε-

1108 762 1172 789 σθαι
1199 764 1247 790 καὶ
1271 763 1309 799 μὴ
1337 763 1561 800 (ἀντ)αποδοῦναι
1593 764 1677 790 κακὸν
1720 764 1782 790 ἀντὶ
1814 762 1902 790 κακοῦ

1107 809 1338 844 παρακελεύεται.
1348 809 1429 846 596
1442 810 1471 838 '0
1479 810 1508 837 δὲ
1516 810 1644 837 πλουτεῖν
1649 810 1696 837 καὶ
1703 810 1902 845 ὑψηλοφρονεῖν

263 847 311 875 καὶ
331 849 423 876 πᾶσαν
441 849 539 885 ἡδονὴν
568 850 602 877 ἐκ
625 852 788 885 περιουσίας
811 851 985 883 ἀσπάζεσθαι
1005 853 1054 880 καὶ
1073 854 1268 888 ἁντεπεξιέναι
1301 855 1405 892 σφόδρα
1418 857 1477 888 τοῖς
1489 855 1700 884 ἀντιπίπτουσιν
1729 856 1768 888 ὡς
1785 854 1902 890 ψυχικὸν

261 895 331 930 (καὶ)
348 896 484 932 σωτήριον
500 897 549 924 καὶ
562 896 610 923 τοῦ
631 897 802 934 παραδείσου
818 899 961 933 πρόξενον.

297 941 358 974 Ast.
383 950 401 969 ο
424 944 501 970 furor
524 949 553 971 ct
577 945 696 973 amentia
724 946 872 980 irrisioque
897 947 1053 982 impostoris

1144 948 1166 964 "
1182 947 1239 984 (12)
1265 947 1347 981 Ἀλλ’,
1363 948 1386 975 ὣ
1402 948 1453 985 τῆς
1468 949 1610 982 ἀπονοίας,
1625 949 1672 977 καὶ
1692 949 1899 986 παραπληξίας,

261 994 289 1018 et
303 989 372 1017 vafri
388 990 525 1018 hominis!
552 998 569 1018 ο
583 991 730 1026 stupiditas
749 993 781 1026 let
808 993 944 1027 pernicies
959 1000 1055 1021 eorum

262 1043 333 1072 quos
360 1036 460 1064 misere
478 1036 606 1064 submisit
632 1041 659 1064 et
680 1045 767 1074 usque
784 1039 868 1066 modo
882 1038 991 1066 seduxit
1023 1047 1055 1067 ac

261 1082 386 1118 decepit!
413 1082 472 1110 Non
487 1083 561 1110 enim
577 1084 690 1111 omnino
714 1084 873 1120 intelligunt
895 1085 942 1113 isti
960 1085 1055 1114 miseri

263 1136 295 1156 ac
318 1128 408 1156 stolidi
429 1129 567 1164 nimisque
586 1129 774 1164 imprudentes
798 1131 826 1158 in
847 1131 919 1166 quod
939 1131 1055 1159 arduum

261 1180 289 1202 et
304 1175 479 1202 tenebrosum
503 1176 587 1204 chaos
607 1180 633 1203 et
658 1176 685 1203 in
708 1184 789 1211 quam
810 1176 969 1204 Satanicam
982 1169 1055 1205 Cha;

261 1221 367 1257 rybdim
381 1221 503 1249 immersi
519 1222 575 1250 sint
591 1227 618 1250 et.
634 1223 746 1251 omnino
762 1224 861 1256 vorati,
878 1231 928 1251 nec
942 1224 967 1251 in
984 1231 1055 1258 quos

260 1267 462 1302 inexpedibiles
475 1275 508 1295 ac
531 1268 736 1297 inextricabiles
760 1269 931 1305 labyrinthos
957 1270 1053 1298 diiiici-

262 1315 357 1348 tesque
372 1321 405 1340 ac
420 1313 564 1341 ietbii'eros
581 1315 715 1348 tramites,
734 1314 832 1347 allecti,
850 1315 949 1343 misere
958 1316 1053 1349 voluti,

260 1364 287 1387 et
304 1360 446 1388 constricti
467 1364 493 1389 et
509 1361 542 1388 ad
557 1360 682 1388 ultimum
697 1362 795 1396 perditi
812 1362 887 1390 sint?
902 1362 965 1390 Ideo
976 1363 1054 1391 valde

261 1406 348 1433 miror
366 1411 469 1434 tantam
495 1414 590 1434 eorum
624 1407 809 1442 insipientiam
834 1413 862 1435 et
884 1409 1051 1444 vecordiam,

262 1452 313 1478 etsi
330 1459 362 1479 se
387 1453 502 1479 credant
519 1460 580 1480 esse
599 1454 797 1481 solertissimos
817 1459 845 1482 et
871 1455 1053 1490 prudentissi-

262 1505 334 1530 mos,
349 1498 490 1532 quomodo
512 1507 567 1526 non
584 1500 727 1527 advertant
752 1501 835 1536 hujus
856 1502 933 1529 vacui
951 1502 1053 1530 erroris

260 1543 455 1578 pnecipitium.
488 1543 607 1572 Decehat
632 1546 704 1573 enim
740 1555 802 1574 vere
835 1547 995 1582 insipientes
1026 1553 1054 1576 et

261 1590 356 1617 brutos
375 1589 550 1618 manifestum
567 1595 594 1618 et
609 1591 712 1619 foedum
736 1592 771 1621 de
787 1594 988 1621 resurrectione
1005 1602 1052 1622 eo-

1109 994 1157 1022 καὶ
1177 994 1277 1030 χλεύης
1302 995 1356 1022 τοῦ-
1375 995 1485 1031 γόητος,
1504 995 1554 1023 καὶ
1577 995 1761 1031 παλαμναίου.
1787 997 1833 1023 καὶ
1849 997 1901 1031 τῆς

1107 1040 1336 1076 παραφροσύνης,
1351 1042 1398 1068 καὶ
1409 1041 1549 1073 ἀπωλείας
1562 1041 1618 1068 τῶν
1632 1042 1699 1077 παρ’
1709 1041 1795 1069 αὑτοῦ
1805 1042 1902 1075 δεινῶς

1107 1085 1420 1121 ἐξανδραποδισθέντων,
1436 1087 1497 1124 [καὶ
1508 1086 1532 1104 ³⁵
1547 1087 1629 1123 μέχρι
1644 1087 1725 1124 δεῦρο
1740 1088 1763 1104 ⁵³
1773 1096 1901 1123 παρασυ-

1108 1132 1232 1168 ρομένων
1249 1133 1298 1160 καὶ
1320 1132 1544 1169 ἀπατωμὲνωνμ
1565 1149 1601 1154 -
1615 1134 1677 1161 οὐδὲ
1695 1135 1749 1170 γὰρ
1776 1134 1900 1161 συνιοῦσι

1107 1177 1249 1213 (πάμπαν)
1265 1179 1290 1205 οἱ
1306 1178 1377 1214 ἄγαν
1397 1179 1532 1215 μοχθηροὶ
1549 1181 1596 1206 καὶ
1621 1180 1765 1216 θηριώδεις
1779 1180 1827 1206 καὶ
1840 1180 1900 1207 λίαν

1106 1225 1230 1253 ἀσύνετοι
1255 1227 1296 1259 είς
1324 1228 1401 1254 ποῖον
1415 1228 1439 1244 ’⁵
1455 1228 1574 1263 χαλεπὸν
1593 1228 1653 1264 (καὶ
1675 1227 1801 1263 ζοφερὸν)
1833 1229 1900 1263 χάος

1106 1273 1153 1300 καὶ
1170 1274 1321 1308 σατανικὴν
1347 1274 1486 1310 Χάρυὸδιν
1500 1275 1523 1294 ’⁸
1549 1274 1802 1310 κατεποντίσθησαν
1815 1275 1838 1290 ⁸⁸
1852 1275 1899 1301 καὶ

1106 1320 1210 1346 τέλειον
1225 1320 1421 1357 κατεπόθησαν
1435 1322 1458 1337 ’⁷
1470 1321 1518 1347 καὶ
1541 1321 1582 1353 είς
1597 1321 1671 1353 οῐους
1693 1321 1833 1356 ἀφύκτους
1851 1321 1898 1348 καὶ

1106 1365 1308 1399 ἀδιεξοδεύτους
1321 1366 1501 1402 λασυρίνθους
1518 1368 1566 1394 καὶ
1582 1367 1733 1399 δυσόάτους
1757 1368 1899 1403 ἀτραποὺς

1106 1413 1154 1439 καὶ
1169 1412 1360 1449 ψυχοφθόρους
1386 1415 1598 1449 φενακισθέντες
1626 1414 1753 1447 ἐλεεινῶς
1777 1414 1899 1448 ἐξεκυλί-

1113 1460 1216 1494 σθησαν
1239 1461 1287 1487 καὶ
1304 1461 1509 1497 συνεσχέθησαν
1525 1462 1730 1498 ὑποφθαρέντες
1745 1463 1784 1494 εις
1800 1463 1876 1495 τέλος
1888 1471 1896 1478 ·

1104 1505 1146 1532 διὸ
1160 1505 1250 1533 τοίνυν
1266 1506 1289 1522 "
1300 1506 1451 1542 θαυμάζειν
1463 1507 1524 1534 λίαν
1535 1508 1625 1535 ἔπεισί
1637 1517 1684 1544 μοι
1699 1509 1749 1545 τὴν
1759 1509 1897 1545 τοσαύτην

1105 1551 1218 1586 ἀλογίαν
1233 1552 1281 1579 καὶ
1297 1552 1483 1588 ἀναισθησίαν
1509 1554 1611 1587 αὐτῶν,
1640 1555 1746 1591 καίπερ
1764 1557 1896 1591 οίομένων

1105 1597 1337 1633 ἐντρεχεστὰτους
1354 1599 1468 1631 ἑαυτοὺς
1481 1598 1610 1628 εἶναικαὶ
1627 1600 1823 1636 λογιωτάτους,
1837 1601 1895 1633 πῶς

261 1642 323 1661 rum
338 1636 468 1669 laqueum
478 1643 637 1671 agnoscere,
657 1637 730 1673 quod
747 1646 843 1673 nvmpe
854 1639 906 1666 cibi
915 1643 1051 1674 potusque

1105 1643 1135 1669 οὐ
1152 1643 1316 1670 κατανοοῦσι
1329 1646 1381 1680 τῆς
1392 1645 1476 1679 κενῆς
1488 1647 1597 1682 ἀπάτης
1610 1647 1702 1674 αὐτῶν
1713 1647 1873 1675 τδνῦλισθον
1886 1657 1894 1681 ;

259 1681 470 1716 participatione
499 1682 653 1710 sensualem
687 1687 714 1711 et
734 1684 942 1719 corruptibilcm
969 1686 1051 1712 vitam

257 1733 352 1755 essent
366 1728 499 1762 habituri,
513 1733 540 1756 et
551 1729 708 1757 necessario
722 1731 893 1766 corruptioni
908 1731 1053 1767 subiacere

257 1777 285 1799 ct
299 1774 404 1801 ratione
419 1776 599 1810 consequenti
621 1776 691 1803 mori
708 1776 839 1804 deberent
859 1785 866 1804 :
882 1777 1052 1812 impossibile

259 1816 334 1843 enim
348 1822 392 1844 est
408 1819 612 1853 eorruptibilem
627 1820 674 1854 qui
688 1819 749 1847 cibo
763 1827 795 1847 ac
807 1820 883 1855 potui
898 1823 1053 1850 communi-

258 1865 303 1889 cat
315 1862 429 1890 omnino
447 1863 681 1898 incorruptibilem
696 1869 723 1892 et
739 1865 921 1893 immortalem
938 1875 1048 1902 perma-

257 1914 332 1935 nere.
349 1908 382 1936 Et
395 1914 460 1936 tunc
478 1909 523 1936 ubi
539 1910 648 1938 tandem
665 1911 747 1938 vitam
763 1915 894 1939 aeternam
911 1917 965 1940 tam
976 1913 1050 1941 desi-

256 1953 378 1980 deratam
399 1958 427 1982 et
440 1954 519 1989 juxta
546 1955 654 1984 divinas
679 1956 837 1992 Scripturas
852 1959 1049 1994 immortalem,

257 1999 417 2033 promissam
446 2001 591 2036 tidelibus,
615 2004 745 2031 mortales
769 2004 862 2032 anima
882 2010 910 2033 et
935 2013 1050 2043 corpore

255 2046 483 2080 consequentur?

1105 1690 1179 1717 Ἔδει
1196 1691 1262 1726 γὰρ,
1285 1691 1338 1719 ἔδει
1351 1692 1415 1725 τοὺς
1440 1693 1525 1726 θντως
1550 1695 1670 1730 ἄφρονας
1687 1695 1735 1722 καὶ
1752 1694 1896 1730 βόσκημα-

1102 1735 1198 1768 τώδεις
1210 1738 1362 1772 ἐπιγνῶναι
1384 1739 1431 1766 τὸν
1447 1740 1512 1775 περὶ
1529 1741 1579 1776 τῆς
1607 1741 1781 1773 ἀναστάσεως
1803 1741 1895 1768 αὐτῶν

1102 1781 1235 1817 πρόδηλον
1243 1783 1290 1810 καὶ
1299 1785 1422 1820 μυσαρὸν
1432 1785 1539 1821 βρόχον,
1546 1787 1643 1823 ὅτιπερ
1655 1788 1699 1814 διὰ
1708 1788 1837 1823 βρώσεως
1846 1789 1895 1815 καὶ

1105 1828 1364 1866 πόσεως(αίσθητήν
1372 1839 1400 1858 τε
1420 1833 1466 1859 καὶ
1487 1833 1611 1870 φθαρτὴν
1631 1834 1722 1868 ἐξουσι
1741 1835 1894 1870 τηνικαῦτα

1101 1873 1152 1908 τὴν
1160 1873 1233 1909 ζωὴν
1243 1875 1291 1900 καὶ
1298 1875 1406 1912 ἀνάγκη
1417 1876 1500 1904 πάλιν
1510 1877 1611 1910 αὐτοὺς
1618 1880 1650 1914 τῇ
1661 1880 1749 1916 φθορᾷ
1757 1880 1893 1908 δουλεύειν

1101 1920 1151 1947 καὶ
1163 1919 1292 1956 θνήσκειν
1319 1923 1391 1950 κατὰ
1407 1923 1455 1951 τὸν
1476 1925 1584 1958 τούτοις
1610 1927 1760 1954 ἀκόλουθον
1792 1928 1870 1963 λόγον
1884 1937 1892 1944 ·

1102 1965 1245 2001 ἀμήχανον
1263 1967 1318 2003 γὰρ
1334 1968 1381 1995 τδν
1395 1969 1527 2006 φθαρτὸν,
1544 1967 1675 2007 βρώσεως
1699 1973 1747 1999 καὶ
1773 1974 1892 2009 πόσεως)

1104 2011 1132 2037 ὲν
1149 2013 1281 2049 μετουσίᾳ
1298 2015 1469 2050 τυγχάνοντα
1484 2017 1519 2048 ⁹⁹,
1536 2017 1676 2053 ἄφθαρτον
1704 2019 1819 2047 καθόλου
1845 2022 1892 2047 καλ¹

1104 2057 1238 2085 ἀθάνατον
1251 2059 1408 2095 διαμεῖναι·
1434 2063 1482 2090 καὶ
1498 2063 1564 2089 πότε
1581 2065 1629 2090 καὶ
1653 2064 1705 2091 ποῦ
1732 2065 1826 2093 λοιπὸν
1843 2067 1892 2102 τὴν

254 2091 649 2150 ιῗιποξαραδοκρυμένηνξωὴν
671 2096 782 2124 αίὼνιον
803 2098 851 2124 καὶ
887 2099 1062 2135 ἁκέραστονί
1082 2105 1140 2137 τοῖς
1175 2108 1283 2139 πιστοῖς
1299 2091 1382 2135 ’κατὰ
1408 2109 1456 2141 τὰς
1481 2109 1556 2144 θείας
1583 2111 1696 2148 Γραφὰς
1722 2113 1746 2140 οἱ

254 2137 328 2174 ψυχῇ
341 2140 389 2166 καὶ
406 2140 514 2176 σώματι
527 2141 668 2175 τεύξονται

290 2187 324 2214 Et
339 2189 451 2223 insuper
466 2189 555 2217 sciant
576 2190 603 2217 hi
617 2191 669 2219 llde
686 2192 836 2222 imbecilles
848 2199 876 2223 et
889 2197 983 2225 miseri
999 2206 1046 2233 qui

255 2234 377 2261 nondum
397 2242 485 2269 usque
504 2235 537 2262 ad
558 2236 719 2265 hodiernam
736 2239 808 2267 diem
830 2248 880 2268 suo
895 2241 1008 2277 antiquo
1020 2248 1047 2270 et

1137 2198 1147 2214 ³
1163 2197 1219 2232 (15)
1239 2199 1294 2226 Καὶ
1317 2200 1386 2236 πρὸς
1406 2202 1494 2239 τούτῳ
1517 2205 1639 2244 ἴστωσαν
1664 2206 1688 2232 oi
1723 2207 1892 2242 ὀλιγόπιστοι

1100 2245 1149 2271 καὶ
1163 2245 1278 2278 τάλανες
1307 2247 1345 2279 ὡς
1376 2246 1482 2275 οὐδέπω
1504 2250 1587 2286 μέχρι
1615 2251 1666 2287 τῆς
1679 2252 1689 2268 δ
1704 2254 1826 2289 σήμερον
1840 2255 1890 2290 τῆς

255 2279 341 2314 impio
365 2286 458 2307 errore
482 2280 588 2309 liberati
613 2287 688 2316 sunt,
713 2285 760 2312 sed
783 2286 835 2313 sub
851 2287 960 2322 pietatis
986 2296 1047 2323 spe-

256 2324 298 2338 ιιὶ..
322 2324 437 2338 ΙιιοΛ-..ιη-
461 2325 542 2338 ζκιριε-
566 2328 684 2338 Α--..ε.,μ.
864 2333 880 2338 ι.
902 2333 908 2338 .
950 2334 956 2338 .
1005 2334 1010 2338 .

1105 2291 1219 2338 παλαιάς
1247 2292 1339 2320 αὐτῶν
1370 2294 1419 2322 καὶ
1439 2279 1521 2323 ἀθέου
1540 2279 1665 2335 ’πλάνης

255 2324 298 2351 cie
321 2324 437 2351 latenter
461 2325 542 2355 idolis
565 2328 697 2361 serviunt,
710 2338 767 2358 suae
789 2338 818 2359 se
832 2333 973 2369 religionis
996 2334 1046 2362 do-

255 2368 311 2397 lum
335 2377 350 2397 a
374 2370 493 2405 pessimo
506 2372 631 2402 daemone
647 2375 837 2405 absconditum
860 2379 1046 2414 imprudentes

255 2420 283 2443 et
315 2416 429 2445 stolidos
455 2425 510 2446 non
538 2427 697 2455 agnoscere.
730 2422 799 2451 Olim
828 2425 901 2453 enim
932 2425 1047 2454 idolola-

256 2465 306 2489 traa
327 2463 352 2490 ei
377 2470 439 2498 qua:
465 2466 536 2500 apud
565 2465 674 2496 Grazcos
701 2468 850 2504 Aphrodita
877 2471 991 2506 dicitur,
1019 2473 1046 2501 id

254 2511 317 2540 est,
337 2508 487 2544 voluptati,
509 2512 675 2546 servientes,
703 2514 782 2549 cujus
804 2520 905 2543 astrum
924 2524 984 2544 esse
1006 2518 1046 2545 lu-

255 2554 369 2584 ciferum
391 2557 557 2593 fabulantur,
578 2567 660 2594 quam
681 2561 763 2589 etiam
784 2562 810 2589 in
829 2571 877 2591 sua
896 2564 1040 2593 horrisona

1098 2335 1157 2362 ἀλλ’
1185 2336 1214 2363 ἐν
1255 2338 1433 2373 προσχήματι
1470 2340 1629 2375 θεοσεόείας
1664 2335 1890 2381 εἰδωλολατροῦσι

1098 2380 1252 2417 λεληθότως
1264 2385 1312 2412 καὶ
1327 2386 1373 2412 τὸν
1398 2387 1627 2424 ἐγκεκρυμμένον
1643 2390 1694 2426 τῆς
1715 2391 1866 2427 θρησκείας
1878 2393 1889 2408 ¹

1098 2428 1190 2455 αὐτῶν
1220 2429 1297 2457 δόλον
1324 2430 1371 2458 τοῦ
1401 2431 1481 2468 597
1503 2434 1661 2470 ἀρχεκάκου
1681 2436 1810 2472 δαίμονος
1834 2437 1890 2464 οὐδ’

1098 2473 1167 2506 ὅλως
1180 2475 1204 2501 οἱ
1219 2475 1381 2504 ἀνούστατοι
1393 2479 1441 2505 καὶ
1454 2480 1630 2516 ἀπόπληκτοι
1646 2481 1887 2516 ἐπιγινώσκουσιν*

1099 2522 1184 2550 πάλαι
1203 2525 1254 2559 μὲν
1271 2524 1282 2541 ⁸
1302 2526 1556 2562 είδολολατροῦντες
1571 2529 1618 2557 καὶ
1633 2531 1665 2565 τῇ
1679 2530 1747 2566 παρ’
1759 2530 1888 2566 Ἕλλησιν

1104 2568 1272 2608 ’Λφροδίτῃτ
1292 2570 1428 2609 λεγομένῃ
1457 2574 1582 2602 τουτέστι
1606 2576 1640 2611 τῇ
1656 2576 1738 2613 ἡδονῇ
1765 2585 1888 2612 προσκυ-

857 2648 957 2680 Varim
970 2650 1124 2684 lectiones
1139 2659 1169 2684 et
1189 2659 1282 2686 notae.

288 2722 310 2770 3“
325 2722 586 2770 Amiahéit.
593 2723 763 2770 αγριωτερου
778 2725 918 2770 Scholion,
934 2716 983 2770 usit
994 2730 1053 2770 λαστ

1210 2733 1233 2770 '_‘
1248 2742 1272 2770 τ.
1286 2733 1487 2770 ἀποφθέγγεται
1504 2736 1551 2762 καί
1570 2737 1636 2765 Ced.
1655 2738 1676 2754 "
1688 2738 1754 2766 Ced.
1769 2738 1887 2770 745.9—

255 2758 347 2789 7MJ-.
386 2758 408 2773 9‘
422 2758 448 2806 iln
465 2759 587 2806 margine
600 2758 749 2806 anSeCtllliit:
763 2770 856 2806 malum;
869 2798 876 2806 ‘
895 2764 918 2780 "
931 2764 978 2806 νῦλν
999 2766 1053 2806 ged

1105 2767 1127 2783 "
1137 2765 1193 2806 οἷον
1207 2758 1273 2795 (Sed;
1283 2758 1295 2806 ξ
1309 2758 1337 2784 ἶί
1773 2758 1780 2766 .
1788 2758 1885 2801 ﬁt;

254 2801 365 2826 τηκοντ,
385 2793 448 2828 eod.
486 2794 508 2809 "
525 2795 682 2823 κατεπθωτ,
697 2796 759 2823 cod.
803 2799 826 2814 ’⁸
841 2798 882 2825 διὸ
898 2801 944 2826 καὶ
959 2800 983 2827 θ.
1001 2801 1067 2828 Ceu].
1082 2793 1175 2828 ἐπεισέ

866 2835 878 2870 ¹ν
887 2835 1033 2870 ἁκοίρατον
1045 2838 1105 2864 cod.

254 2863 376 2898 τήμερον
391 2863 457 2890 Ced.
497 2864 507 2880 ‘
518 2865 550 2899 τῇ
566 2863 700 2901 θρησκεία
716 2868 779 2896 Ccd.
818 2870 828 2884 ⁸
847 2869 901 2905 γάρ
916 2863 978 2899 add.
992 2863 1058 2900 Gell.

253 2834 295 2865 τοι
313 2835 359 2854 κα.
377 2827 509 2865 ἀθάνατοι
523 2830 570 2855 καὶ
586 2830 742 2865 διαμένουσι
759 2832 824 2860 Ced.

1190 2812 1224 2840 με
1240 2803 1303 2831 cod.
1341 2805 1364 2821 ³³
1381 2803 1448 2840 cm

1144 2838 1154 2852 '
1173 2839 1219 2864 καί
1247 2840 1308 2866 add.
1329 2840 1395 2868 Ced.

1096 2873 1106 2888 ⁷
1125 2872 1289 2909 ’Λφροδίτιδι
1307 2875 1365 2911 λεγ.
1379 2876 1440 2904 cod.

1451 2806 1493 2844 άν.
1513 2809 1574 2844 cod:
1583 2809 1766 2844 τυγχάνοντες
1779 2809 1884 2844 ἄφθαρ-

1446 2842 1532 2871 ιυειι.
1559 2842 1726 2877 πάλι-ιι.
1767 2845 1776 2861 ο
1793 2842 1884 2879 ,εχει
