2086 3146
205 158 256 188 937

793 153 1025 185 CIIRONICON.
1045 163 1081 170 -·
1101 151 1174 181 LIB.
1195 151 1246 181 IV.

1792 149 1845 181 993

204 213 411 248 ταλαμῦάνεται
427 212 572 246 θεοστυγὲς
589 211 689 246 δόγμα,
703 211 774 242 οὐδὲ,
792 212 855 237 ὅσον
869 211 909 242 εἰς
927 209 996 243 μνή-

1057 218 1205 253 ιιιίειιιιιιιιο
1233 215 1372 243 memorite
1397 219 1574 247 succurrunt,
1593 216 1727 251 pessimos
1760 217 1848 243 scele-

206 268 260 292 ιιην
276 257 389 292 ἀφῖχθαι
407 257 462 284 τῶν
480 256 609 292 πονηρῶν
621 258 668 283 καὶ
685 256 816 290 μυσαρῶν
837 254 997 289 συνταγμά-

204 315 271 338 των,
298 304 388 339 ἀλλ’ἢ
421 304 502 339 μόνον
520 304 591 330 κατὰ
611 303 662 338 τὴν
693 303 793 338 δούλην
818 301 922 336 ταύτην
950 301 998 327 καὶ

206 350 462 387 ἠνδραποδισμένην
475 351 522 376 καὶ
539 349 573 376 τὰ
587 349 650 375 θεῖα
662 349 724 375 κατ’
739 347 864 380 ἐξουσίαν
880 347 996 378 παίζου-

205 405 266 429 σαν,
285 397 313 422 ὲν
365 396 396 421 τὸ
409 395 533 429 ἐμπαθὲς
547 395 595 421 καὶ
615 393 751 429 πρόπυλον
769 394 798 420 τὸ
813 394 835 409 ⁷³
860 393 926 427 περὶ
945 392 997 426 γῆν

205 442 391 477 στρεφόμενον
404 442 449 467 καὶ
468 440 658 474 ἰλυσπώμενον
670 441 763 474 γήϊνον
773 440 821 466 καὶ
834 439 997 470 ἀλαζονικὸν

205 489 252 514 καὶ
264 487 441 522 ὑπερήφανον
468 486 635 521 πρυτανεύει
648 487 788 521 φρόνημα,
807 485 872 512 ἕνοα
890 485 921 511 τὸ
936 485 999 519 φίλ-

206 543 300 566 αυτον,
313 534 344 560 τὸ
357 533 489 569 φίλαρχον
499 534 532 566 ⁷⁸,
547 534 578 559 τὸ
590 533 741 567 φιλήδονον,
771 533 801 559 τὸ
818 531 957 566 φιλόδοξον
965 531 998 563 ⁷⁸,

206 583 349 617 ὴπάντων
381 580 553 614 καταθύμιος
577 580 601 595 ⁷⁵
634 579 799 610 ἀπόλαυσις,
829 578 859 604 τὸ
888 578 1000 605 πάντων

207 620 310 654 ἐθέλειν
324 627 420 662 ἄρχειν
436 627 484 653 καὶ
503 627 573 662 μηδὲ
590 626 659 662 πρὸς
673 625 758 652 αὑτοῦ
773 621 843 651 Θεοῦ
860 625 998 660 ἄρχεσθαι

206 675 255 701 καὶ
271 675 348 709 ἡτῆς
364 674 541 709 ἀνθρωπίνης
555 673 634 708 δόξης
647 673 671 688 ⁷⁸
687 672 703 707 ἢ
728 672 829 707 μᾶλλον
852 673 941 698 εἰπεῖν
957 673 1000 698 αἰ-

207 721 309 755 σχύνης
326 721 422 755 κτῆσις
437 720 485 746 καὶ
497 720 673 756 περιποίησις
688 727 695 734 ’
712 719 788 746 ἐνθεν
797 719 819 735 ⁷⁷
835 720 851 754 ἡ
865 719 938 745 κατὰ
952 718 999 745 τοῦ

207 766 274 791 Θεοῦ
290 766 338 792 καὶ
357 766 412 791 τῶν
428 765 515 798 ἁγίων
549 765 628 801 ὔὸρις
663 766 710 791 καὶ
734 764 783 801 τῆς
808 765 973 801 Ἐκκλησίας
987 766 1000 791 ὁ

206 810 326 845 διωγμὸς
338 819 346 826 ·
363 811 491 837 ἐντεῦθεν
509 811 777 846 κατακυριευόμενον
807 811 823 846 ἢ
850 810 1001 846 τυραννού-

209 864 290 891 μενον
306 857 336 883 τὸ
351 857 483 892 ὑπήκοον,
500 859 557 889 τοῖς
570 858 684 884 ἐκείνων
706 858 730 873 ⁷³
752 857 869 892 δόγμασι
890 858 937 884 καὶ
957 857 1001 884 θε-

208 902 312 938 λήμασι
331 903 500 930 ὑποκύπτειν
517 903 687 937 ἐκϐιάζεται,
703 901 741 931 ὧν
756 904 850 930 ἕνεκεν
865 904 896 930 τὸ
914 903 1002 938 ἔμψυ-

208 958 255 984 χον
269 950 452 985 κεχάλκευται
469 951 516 977 καὶ
536 951 711 985 ἐσχεδίασται
725 952 747 968 ⁷³
761 950 856 983 ὅπλον,
874 951 997 986 σχήματι

211 996 261 1029 μὲν
275 995 321 1022 τοῦ
337 996 599 1031 σωματοφυλακτεϊν
615 997 638 1012 ⁸ο
653 997 846 1032 ἠθροισμένον,
864 998 924 1028 ταῖς
941 997 1000 1023 δὲ⁸¹

209 1042 352 1076 ἀληθείαις
369 1041 416 1068 τοῦ
432 1043 580 1078 ἐκπορθεῖν
593 1042 642 1076 τὴν
672 1043 840 1078 Ἐκκλησίαν
857 1041 1002 1079 [Χριστοῦ]

209 1088 256 1114 καὶ
273 1087 379 1124 ληΐζειν
409 1089 632 1123 ἐπινενοημένον,
659 1090 797 1124 προφάσει
824 1089 871 1115 τοῦ
893 1097 1003 1123 συμπε-

212 1135 396 1170 ριγρὰφεσοαι
427 1135 477 1170 τὴν
509 1135 631 1170 Χριστοῦ
656 1135 774 1169 θεότητα
793 1137 821 1161 ἐν
852 1135 885 1170 τῇ
915 1134 1002 1161 εἰκόνι

210 1181 453 1216 παραληροῦντες·
584 1182 622 1213 ὡς
639 1183 665 1208 εἴ
688 1191 730 1213 τις
761 1182 807 1208 καὶ
828 1182 859 1208 τὸ
889 1181 1003 1216 ἡλιακὸν

211 1228 290 1254 τοῦτο
305 1228 338 1263 δὴ
365 1229 414 1255 καί
430 1229 454 1244 “
477 1229 627 1260 δισκοειδὲς
650 1229 730 1264 σῶμα
756 1229 955 1264 γεγραμμένον
974 1228 1003 1254 ἐν

210 1282 263 1299 τινι
278 1274 364 1309 τόπῳ,
381 1273 472 1306 καθὼς
487 1275 515 1301 ἔν
534 1283 605 1301 τισιν
620 1275 718 1309 ὁρᾶται
745 1275 919 1309 γιγνόμενον,
937 1274 1005 1300 ὑπο-

211 1319 322 1351 δείξειεν
335 1320 369 1351 ⁸³,
383 1320 564 1355 ἐδογμάτισεν
577 1320 610 1347 ἂν
623 1321 670 1347 καὶ
682 1320 732 1354 τὴν
746 1320 793 1346 τοῦ
809 1320 898 1354 φωτὸς
909 1320 1005 1346 οὐσίαν

212 1366 259 1392 καὶ
276 1366 364 1400 αὐγὴν
386 1366 596 1402 συγγράφεσθαι
622 1367 670 1393 καὶ
700 1366 924 1401 περιγράφεσθαι
940 1366 964 1382 ⁸⁵
985 1366 1001 1399 ἢ

213 1412 322 1443 πάντως
338 1413 369 1439 ἐκ
387 1412 434 1439 τοῦ
448 1413 526 1447 ὴλιου
536 1412 566 1439 τὸ
578 1413 636 1446 φῶς
650 1412 854 1446 ἀποτέμνεσθαι
867 1420 873 1427 ·
891 1412 907 1446 ἧ
924 1411 1005 1438 πάλιν

214 1459 312 1485 ἀκτῖνα
331 1459 408 1494 ἡλίου
425 1459 448 1474 ⁵⁸
470 1458 539 1494 πρὸς
561 1459 668 1494 δένδρον
691 1458 917 1494 προσϐάλλουσαν
944 1457 1005 1489 ἴδοι.

213 1506 238 1531 εἰ
261 1505 414 1540 ἐκτμηθείη
435 1505 465 1531 τὸ
492 1505 601 1541 δένδρον
624 1505 658 1538 ⁸⁸,
679 1505 938 1539 συνεκκοπήσεσθαι
958 1503 1006 1530 καὶ

212 1551 262 1586 τὴν
276 1551 372 1578 ἀκτῖνα
388 1552 574 1586 παραφρόνως
596 1551 738 1586 ἐνομίσθη.
758 1551 813 1578 Καὶ
840 1550 932 1585 μέντοι
956 1550 1004 1575 καὶ

214 1596 262 1622 ἐπὶ
277 1596 362 1631 πυρὸς
377 1597 425 1623 καὶ
442 1597 530 1624 ἄλλων
547 1597 628 1624 τινῶν
647 1597 884 1632 διανοηθήσονται,
904 1595 948 1622 ἴνα
963 1596 1006 1621 ὲν-

212 1643 295 1674 δίκιυς
309 1644 384 1678 παρὶι
400 1643 505 1670 παίδων
524 1643 678 1676 παιζόντων
704 1643 917 1678 παιχθήσωνται
939 1650 1005 1676 φρο-

214 1688 323 1721 νοῦντες
340 1689 543 1725 ἀσυνετώτερα.
560 1690 591 1716 Εἰ
620 1689 674 1724 γὰρ
695 1689 742 1716 ἐπὶ
768 1689 824 1715 τῶν
848 1689 1006 1724 εἰρημένων

213 1733 276 1760 οὒτε
294 1734 417 1768 γίνεσθαι
435 1734 497 1761 οὕτε
512 1734 628 1770 ὁρᾶσθαι
641 1735 765 1768 πέφυκεν
780 1733 840 1760 οὔτε
859 1733 913 1769 μὴν
926 1734 1006 1767 λέγε-

215 1782 276 1808 σθαι
292 1782 384 1817 χώραν
401 1782 455 1814 ἕξει
468 1782 502 1814 ⁸⁷,
519 1782 595 1816 πόσῳ
609 1781 710 1816 μᾶλλον
722 1781 769 1807 ἐπὶ
781 1781 831 1815 τῆς
847 1781 1005 1816 ἀπορρήτου

215 1829 262 1853 καὶ
280 1828 356 1859 θείας
376 1828 485 1862 φύσεως
502 1827 518 1863 ἦ
536 1828 583 1854 ἐπὶ
598 1828 649 1862 τῆς
661 1827 805 1863 ἀφράστου
818 1827 866 1854 καὶ
883 1827 1008 1862 ἁνερμη-

215 1874 310 1900 νεῠτον
327 1874 447 1909 Χριστοῦ
466 1874 626 1908 οἰκονομίας
646 1874 733 1900 ταῦτα
764 1874 856 1908 λέγειν
871 1874 887 1910 ἢ
904 1875 1007 1900 ἐννοεῖν

215 1921 334 1947 ἀδύνατα
352 1921 400 1947 καὶ
415 1921 631 1956 ἀνεπιχείρητα·
664 1920 724 1946 οὐδὲ
738 1921 762 1936 ⁸⁸
783 1921 971 1954 σαρκούμενος
991 1920 1007 1954 ἢ

218 1968 328 2002 πάσχων
344 1967 415 2003 ὑπὲρ
431 1968 521 2008 ήμρν,
535 1966 574 2002 τῷ
587 1967 695 2002 σώματι
713 1967 801 2002 τούτῳ
820 1967 842 1983 ⁸⁸⁷
863 1967 984 1993 πέπονθε.
1000 1973 1007 1980 ·

215 2014 277 2039 ἐπεὶ
293 2013 365 2040 οὕτω
385 2022 416 2047 γε
433 2014 478 2039 καὶ
494 2013 520 2039 εἰ
534 2013 679 2048 ἅνθρωπος
691 2012 721 2039 τὸ
733 2014 756 2029 ⁹⁰
771 2012 833 2039 καθ’
844 2013 920 2048 ἡμᾶς
936 2014 1009 2038 εἰκο-

217 2058 285 2090 νίζοι
302 2059 323 2074 ⁸⁵
341 2059 380 2094 τῷ
394 2059 511 2094 σώματι,
527 2058 636 2094 ἀνάγκη
649 2059 697 2085 καὶ
713 2058 763 2093 τὴν
779 2058 868 2093 ψυχὴν
884 2067 1008 2088 συνειλο-

216 2103 338 2136 νίζεσθαι
356 2105 371 2139 ἢ
392 2104 503 2137 παντως
520 2104 699 2139 τεθνήξεσθαι
714 2104 907 2141 χωριζομένην
923 2106 945 2121 ⁹²
959 2114 965 2120 ·
983 2106 1009 2132 τί

217 2150 271 2185 γὰρ
289 2150 383 2186 ἕτερον
399 2151 515 2183 θάνατος
540 2150 556 2186 ἢ
573 2151 714 2186 χωρισμὸς
730 2150 822 2186 ψυχῆς
839 2152 894 2178 ἀπὸ
913 2151 1009 2186 σώμα-

216 2205 282 2230 τος;
305 2197 388 2223 Ὅθεν
407 2199 435 2224 ὲν
460 2196 567 2228 τούτοις
588 2196 730 2231 φαίνονται
756 2197 900 2233 προδήλως
931 2198 1010 2225 οὐδὲν

1053 263 1247 298 stissimosque
1277 263 1404 298 populos,
1431 263 1484 289 nisi
1509 267 1616 289 tantum
1640 263 1711 297 apud
1738 267 1845 298 gentem

1053 309 1124 336 hanc
1141 309 1277 339 servilem,
1298 308 1442 342 dejectam,
1462 315 1494 335 ac
1523 308 1577 334 Deo
1600 312 1734 340 quantunt
1760 313 1849 342 potest

1053 354 1222 386 irridenlem,
1236 353 1290 385 uhi_
1300 353 1495 388 cupiditatibus
1521 352 1677 387 indulgens,
1691 353 1847 380 materialia

1053 406 1215 436 terrenaque
1231 405 1371 436 appetens.
1388 399 1462 427 humi
1478 403 1599 434 reptans,
1612 399 1803 434 superbusqu
1821 403 1848 425 (Ι.

1053 454 1186 482 arrogans
1213 452 1308 481 regnat
1340 447 1462 481 spiritus.
1488 446 1536 473 ubi
1563 453 1642 472 amor
1672 444 1715 472 sui
1749 444 1847 480 ipsim,

1051 500 1128 519 amor
1158 492 1357 519 dominationis
1386 492 1611 525 voluptatumque
1635 494 1663 517 ct
1689 491 1847 520 honorum,

1052 538 1098 566 ubi
1124 538 1253 565 omnibus
1275 537 1418 573 indulgent
1447 536 1619 568 libidinibus,
1642 536 1772 563 oumibus
1801 543 1849 561 vo—

1052 585 1112 611 lunt
1130 584 1266 619 imperare
1279 591 1328 611 nec
1345 584 1395 618 ipsi
1413 583 1469 610 Deo
1485 583 1640 617 suhjacere.
1655 585 1682 609 et
1696 583 1846 608 humanam

1052 631 1178 664 gloriam,
1190 638 1237 657 seu
1252 629 1343 664 potius
1352 628 1544 664 ignominiam,
1555 628 1696 662 acquirere
1710 627 1846 654 nituntur.

1053 677 1118 704 lude
1133 677 1265 704 adversus
1278 676 1360 703 Deum
1373 680 1398 703 et
1410 680 1503 703 sancta
1515 674 1698 707 contumeliae,
1711 679 1737 701 et
1753 673 1848 700 Eccle-

1053 724 1099 750 siae
1125 722 1279 758 persecutio
1293 731 1300 755 ;
1316 723 1377 749 inde
1391 722 1461 749 victa
1484 721 1692 756 perdomitaque
1709 720 1847 752 voluntas,

1054 770 1161 797 illorum
1184 768 1326 802 subjacere
1339 768 1448 803 cogitur
1463 767 1638 802 dogmatibus
1653 775 1685 794 ac
1701 766 1851 793 voluntati-

1054 815 1114 847 bus,
1132 819 1242 848 propter
1257 821 1318 847 quae
1333 813 1464 840 terribilia
1484 812 1687 839 fabricaverunt
1704 816 1731 838 et
1750 819 1851 846 appro-

1054 865 1218 896 peraverunt
1243 867 1329 890 arma,
1355 860 1381 886 in
1401 859 1493 894 specie
1517 858 1628 893 quidem
1644 866 1694 893 pro
1723 859 1849 887 custodia

1055 914 1199 941 corporum
1226 907 1350 937 collecta,
1382 912 1477 932 revera
1509 909 1600 931 autem
1625 910 1783 939 comparata
1812 905 1846 931 ad

1052 952 1214 980 vastandam
1239 951 1465 987 spoliandatnque
1500 950 1657 982 ecclesiam,
1681 950 1764 977 stulte
1780 958 1850 984 pra:-

1054 1005 1178 1027 texentes
1187 999 1287 1026 Christi
1300 998 1468 1025 divinitatem
1479 997 1505 1024 in
1516 997 1635 1031 imagine
1646 997 1848 1024 circumscribi.

1054 1045 1171 1073 Perinde
1180 1053 1210 1072 ac
1219 1045 1241 1072 si
1252 1045 1314 1080 quis
1327 1044 1416 1072 solare
1428 1044 1481 1071 hoc
1491 1048 1518 1071 et
1531 1044 1608 1070 disco
1617 1043 1706 1070 simile
1715 1050 1814 1078 corpus
1825 1044 1852 1070 in

1055 1093 1148 1127 aliquo
1159 1092 1220 1119 loco
1231 1091 1410 1125 descriptum,
1423 1091 1494 1117 sicut
1510 1089 1537 1117 in
1556 1089 1721 1124 quibusdam
1734 1089 1851 1122 videtur,

1055 1138 1236 1169 ostendendo,
1253 1136 1508 1164 contenderetlucis
1519 1136 1667 1164 essuntiam
1679 1144 1711 1163 ac
1723 1135 1853 1170 splendo-

1055 1194 1111 1213 rem
1125 1184 1264 1212 conscribi
1276 1188 1303 1211 et
1317 1182 1521 1216 circumscribi,
1539 1179 1614 1209 aut'a
1627 1182 1685 1209 sole
1700 1182 1792 1209 lumen
1806 1182 1854 1209 al;-

1055 1231 1144 1263 scidi;
1171 1230 1307 1258 veladium
1323 1229 1390 1257 solis
1407 1229 1441 1256 ad
1459 1229 1584 1256 arborem
1600 1236 1792 1263 repercussum
1814 1229 1856 1255 vi-

1055 1277 1133 1309 dens,
1145 1277 1251 1303 succisa
1261 1276 1358 1303 arbore
1368 1275 1449 1302 simul
1458 1279 1486 1301 et
1495 1274 1601 1301 radium
1614 1274 1734 1300 conscidi
1742 1273 1852 1300 demen-

1058 1327 1097 1349 tcr
1109 1323 1301 1349 arbitraretur.
1317 1320 1350 1347 Et
1364 1320 1404 1346 sic
1419 1324 1507 1346 tamen
1523 1319 1557 1346 de
1568 1319 1630 1352 igne
1643 1326 1674 1345 ac
1689 1319 1722 1345 de
1738 1319 1855 1353 quibus--

1058 1369 1119 1395 dant
1132 1367 1194 1394 aliis
1202 1367 1400 1402 opinabuntur,
1411 1369 1440 1392 ut
1453 1365 1550 1392 merito
1559 1373 1573 1391 a
1584 1365 1677 1400 pueris
1689 1365 1856 1400 uugantihus

1058 1415 1208 1442 illudantnr
1235 1418 1364 1447 tanquam
1394 1411 1608 1446 imprudentiora
1636 1411 1797 1438 sentientes.
1824 1410 1855 1438 Si

1057 1461 1130 1488 enim
1141 1460 1178 1487 ita
1194 1459 1227 1487 de
1243 1458 1363 1494 pratiatis
1374 1466 1423 1485 nec
1436 1458 1505 1490 ﬁeri,
1522 1465 1573 1485 nec
1587 1457 1687 1489 videri,
1707 1465 1758 1485 nec
1773 1457 1855 1484 etiaut

1058 1507 1112 1535 dici
1139 1510 1238 1543 potest,
1258 1511 1362 1540 quanto
1383 1504 1469 1539 magis
1494 1503 1528 1531 de
1550 1503 1680 1530 inclT-abili
1706 1504 1856 1538 divinaque

1021 1562 1042 1590 ο
1060 1559 1158 1582 natura
1174 1558 1220 1580 aut
1243 1553 1277 1580 de
1292 1551 1468 1579 inenarrabili
1487 1550 1729 1585 inexplicabiliqne
1753 1550 1856 1577 Citriin

1059 1600 1213 1628 oeconomia
1232 1599 1294 1626 talia
1310 1599 1402 1626 dicere
1417 1601 1464 1624 aut
1484 1596 1605 1631 cogitare
1618 1596 1731 1623 omnino
1750 1596 1856 1630 impos-

1060 1647 1140 1674 sibiie
1170 1650 1223 1673 est.
1249 1645 1342 1680 Ncquc
1366 1651 1452 1676 enim,
1473 1643 1634 1670 incarnatus
1655 1647 1682 1669 et
1705 1650 1754 1676 pro
1777 1643 1857 1670 nobis

1059 1693 1179 1729 patiens,
1195 1699 1310 1727 corpore
1322 1691 1373 1717 hoc
1393 1690 1489 1717 liclitio
1505 1697 1602 1723 passus
1618 1694 1676 1721 est;
1695 1689 1816 1724 alioquin
1832 1688 1857 1716 si

1060 1740 1124 1775 quis
1141 1746 1192 1766 nos
1212 1745 1328 1772 corpore
1343 1740 1565 1770 repraesentant.
1591 1735 1674 1762 simul
1687 1739 1714 1762 ct
1732 1735 1854 1762 animam

1062 1784 1251 1821 repraesentari
1262 1789 1410 1818 Oporteret,
1424 1784 1476 1815 rel,
1489 1783 1578 1809 anitna
1590 1788 1725 1817 separata,
1734 1790 1859 1809 essemus

1062 1832 1192 1859 mortui:
1214 1830 1279 1865 quid
1307 1830 1380 1857 cuitu
1407 1829 1480 1856 aliud
1507 1836 1581 1855 mors
1604 1836 1686 1863 quam
1718 1828 1858 1862 separatio

1062 1879 1159 1905 anima-
1171 1885 1186 1904 a
1199 1876 1334 1909 corpore?
1345 1875 1421 1903 Unde
1435 1875 1461 1901 in
1476 1875 1528 1902 hoc
1543 1874 1690 1902 manifeste
1702 1879 1793 1908 patent
1809 1875 1859 1900 im-

1062 1925 1099 1959 pii
1112 1924 1214 1959 pariler
1229 1928 1256 1950 et
1269 1923 1354 1957 ignari
1371 1922 1488 1956 :quippe
1506 1921 1551 1956 qui
1570 1921 1698 1948 nesciunt
1723 1925 1858 1955 quantum

1061 1969 1228 2004 descriptum
1241 1976 1256 1995 a
1271 1968 1480 2001 circumscripto
1497 1971 1521 1993 et
1534 1966 1692 1993 describere
1709 1973 1724 1992 a
1739 1966 1859 1992 circum-

1063 2015 1206 2043 scribendo
1222 2014 1304 2041 distet
1319 2021 1352 2040 ac
1366 2014 1513 2047 discrepet.
1529 2013 1646 2046 ideoque
1666 2011 1772 2046 decepti
1786 2018 1857 2038 vana

1062 2061 1200 2090 cit‘utiunt.
1222 2061 1309 2087 Porro
1334 2060 1379 2087 ubi
1403 2067 1523 2094 unquam
1545 2059 1671 2085 auditum
1700 2062 1742 2084 cst
1755 2065 1856 2091 corpus

1063 2109 1181 2136 describi
1199 2113 1226 2136 ct
1247 2107 1437 2135 circumscribi
1456 2113 1509 2133 non
1528 2104 1634 2140 posse?
1651 2109 1698 2131 aut
1717 2105 1857 2138 quomodo

1064 2155 1188 2190 corporis
1212 2158 1309 2181 natura
1332 2159 1359 2180 et
1388 2153 1457 2179 ratio
1473 2152 1632 2179 servabitur
1656 2152 1679 2178 si
1701 2151 1858 2185 hujustnodi

1066 2209 1120 2228 non
1149 2201 1265 2236 gaudeat
1293 2198 1524 2235 proprietatibus?
1548 2197 1599 2231 Qui
1616 2197 1699 2232 igitur
1717 2197 1857 2225 Lhristum

216 2241 299 2278 ἦττον
313 2243 480 2275 ἀσεϐοῦντες
508 2244 524 2280 ἢ
544 2244 760 2280 ἁμαΟαίνοντες·
787 2245 818 2271 οὐ
836 2245 890 2279 γὰρ
919 2245 1006 2271 ἴσασιν,

1063 2255 1180 2281 corpore
1204 2247 1322 2274 describi
1341 2249 1388 2272 aut
1416 2243 1606 2272 circumscribi
1622 2248 1712 2278 negat,
1730 2244 1771 2270 vel
1796 2244 1860 2278 quid

218 2290 279 2316 ὅσον
291 2291 415 2324 γραπτοῦ
433 2291 481 2317 καὶ
498 2291 694 2327 περιγραπτοῦ
707 2291 754 2317 τοῦ
771 2299 800 2317 τε
817 2292 937 2326 γράφειν
963 2293 1011 2318 καὶ

218 2337 405 2372 περιγράφειν
421 2337 452 2363 τὸ
469 2337 572 2369 ἰδιάζον
597 2339 645 2364 καὶ
660 2337 873 2372 διηλλαγμένον,
903 2340 951 2365 καὶ
968 2338 1012 2366 διὰ

217 2383 300 2409 τοῦτο
315 2384 525 2420 φενακιζόμενοι
553 2385 793 2419 ματαιολογοῦσιν.
811 2385 866 2411 Ποῦ
884 2385 913 2411 δὲ
942 2385 1013 2417 ὅλως

220 2430 300 2465 σῶμα
312 2431 436 2466 ἄγραφον
453 2431 469 2466 ἢ
487 2431 679 2467 ἀπερίγραφον
692 2433 725 2459 ἐκ
736 2432 783 2459 τοῦ
802 2432 904 2464 παντὸς
914 2433 1012 2464 αὶῶνος

219 2477 371 2511 ἧκουσται;
389 2478 404 2512 ἦ
424 2477 482 2509 πῶς
494 2479 508 2503 ὁ
521 2478 568 2504 τοῦ
578 2479 704 2513 σώματος
718 2479 781 2514 ὄρος
795 2480 844 2506 καὶ
859 2479 938 2513 λόγος
954 2488 1009 2506 σω-

219 2521 348 2557 Θήσεται,
370 2525 394 2550 ει
417 2523 454 2559 μὴ
467 2524 555 2551 ταῦτα
572 2524 649 2560 ἔχοι;
672 2525 700 2551 '0
715 2525 806 2552 τοίνυν
825 2526 863 2561 μὴ
889 2525 1012 2558 δοξάζων

219 2570 375 2604 γράφεσθαι
390 2571 406 2606 ἢ
424 2571 643 2606 περ.γράφεσθαι
658 2572 703 2598 τὸν
718 2572 836 2606 Χριστὸν
853 2572 971 2607 σώματι,
986 2571 1002 2606 ἢ

1065 2293 1102 2320 sit
1118 2299 1218 2326 corpus
1245 2292 1361 2326 ignorat,
1385 2290 1554 2324 proindcque
1579 2289 1760 2316 rectam‘non
1779 2288 1860 2316 habet

1065 2338 1242 2373 opinionem;
1260 2337 1300 2364 vel
1318 2345 1418 2372 corpus
1435 2343 1605 2370 cognoscens
1618 2335 1718 2362 animae
1733 2340 1861 2362 naturam

1066 2393 1120 2412 non
1135 2389 1228 2412 servat
1251 2385 1393 2420 integram.
1415 2383 1467 2416 Qui
1481 2390 1546 2418 ergo
1563 2382 1707 2410 conﬁtetur
1719 2381 1860 2409 Christum

1066 2432 1252 2467 assumpsisse
1265 2438 1365 2466 corpus
1383 2430 1491 2465 corpori
1507 2434 1604 2457 nostro
1618 2428 1718 2460 simile,
1732 2436 1794 2455 cum
1809 2427 1861 2454 hoc

1064 2484 1189 2506 nostrutn
1203 2477 1322 2505 describi
1333 2481 1359 2504 et
1367 2475 1556 2504 circumscribi
1566 2479 1660 2510 queat,
1669 2475 1826 2502 necessario
1834 2478 1862 2499 et

1067 2525 1169 2552 Christi
1180 2532 1281 2559 corpus
1295 2523 1413 2550 describi
1423 2527 1450 2549 et
1459 2521 1647 2549 circumscribi
1659 2527 1737 2555 posse
1747 2518 1862 2546 conlitu—

1061 2572 1134 2599 bitur
1150 2581 1157 2598 :
1173 2571 1197 2599 si
1223 2578 1276 2598 non
1302 2570 1450 2605 posterius,
1475 2576 1541 2604 ergo
1560 2574 1610 2595 nec
1629 2567 1705 2602 prius
1720 2565 1861 2598 concedet,

804 2621 903 2652 Variae
916 2621 1073 2652 lectiones
1089 2625 1119 2652 et
1144 2623 1242 2651 notae.

254 2671 277 2686 7'
292 2679 341 2706 πρ.
359 2672 413 2697 τῶν
433 2681 462 2700 π.
476 2672 529 2706 γῆν
543 2671 735 2708 στρεφομένων
750 2672 798 2698 καὶ
813 2673 1011 2708 ἰλυσπωμὲνων
1028 2673 1072 2700 ed.

220 2706 295 2734 δοξον
313 2708 375 2734 add.
401 2707 432 2734 C.
460 2709 523 2734 510.
550 2706 571 2724 ⁷⁵
587 2707 764 2734 καταθυμίων
779 2707 823 2734 ed.
854 2709 877 2724 ⁷⁸
890 2708 951 2734 δ.ἁ.
969 2717 998 2734 ιι.
1015 2708 1070 2734 ὲ.(]

220 2707 295 2739 δοξον
313 2708 375 2734 add.
401 2707 432 2734 C.
460 2709 523 2735 510.
550 2707 764 2742 ⁷⁵⁷καταθυμίων
779 2707 823 2734 ed.
854 2707 951 2735 ταδπι.
969 2717 998 2743 μ.

220 2741 415 2778 ξννέσχεδίαστο
425 2743 465 2770 id.
491 2743 770 2778 ⁸⁰σχηματοφυλανκήν
781 2743 812 2770 Ρ.
825 2745 886 2772 cod.
900 2749 1006 2778 etpraem

1057 2707 1116 2749 Sed.
1129 2707 1192 2735 510.

1057 2749 1093 2770 Illl
1107 2751 1192 2778 σχημ.

218 2771 306 2819 διὰυπέῖ
320 2778 486 2819 Upile‘SlO.
510 2771 730 2819 ,δῖίῖποδξίξαςζ
802 2781 849 2819 καί
865 2771 894 2806 π.
906 2771 962 2819 om.

1057 2798 1062 2805 .
1079 2771 1142 2806 suo".
1153 2771 1199 2819 ’πῇ
1219 2777 1379 2819 διε-ςοιξζοι
1393 2775 1429 2819 ιι..
1440 2773 1675 2819 ἡ.”εῑπου“δένδίρῳ
1689 2771 1734 2819 Eu.

219 2813 243 2849 ε,
257 2813 371 2849 δέῗιιοόη
389 2813 447 2849 ᾔδει
463 2814 487 2840 εἰ
508 2815 566 2841 ἐκτ.
586 2814 615 2839 τὸ
626 2813 650 2839 δ.
668 2823 693 2840 ο.
711 2814 742 2840 Ρ.
764 2813 825 2846 ἴδοι,
840 2816 896 2842 ἐντ.
914 2815 942 2840 δὲ
958 2815 987 2840 τὺ
1000 2815 1026 2842 θ.
1040 2823 1151 2848 συνεγκ.
1168 2814 1211 2840 ed.

218 2847 241 2863 ⁸³
253 2848 332 2874 τοῦτο
346 2849 377 2875 I’.
392 2847 500 2876 τούτων
511 2858 536 2875 τι
552 2849 581 2877 C.
628 2849 651 2864 ¹¹⁰
666 2849 719 2875 τῶν
737 2858 764 2875 κ.

777 2849 804 2884 ἦ.
830 2850 960 2882 εἰκονίζοι
974 2859 1000 2876 τ.
1018 2859 1043 2876 σ.
1058 2847 1149 2876 (ξύ-τὸ
1165 2859 1190 2875 κ.
1248 2848 1273 2880 ὲ,
1292 2856 1317 2873 cr.
1337 2847 1366 2873 ιι.

219 2882 340 2917 ζοιιὲνων
357 2885 388 2910 cd
417 2885 550 2920 χωριζόμ.
579 2885 640 2912 Cod.
667 2882 852 2919 χωριζόμενον
878 2886 962 2913 Coisl.
992 2886 1054 2912 510.

1123 2673 1149 2688 ⁷³
1169 2671 1199 2698 τὸ
1216 2671 1358 2706 φίλαρχον,
1375 2670 1405 2696 τὺ
1426 2669 1556 2703 φίλαυτον
1568 2667 1598 2694 C.
1615 2666 1677 2694 510.
1715 2665 1738 2680 ⁷⁵
1753 2665 1862 2726 ignei/6-

1129 2707 1192 2732 5l0.
1240 2707 1260 2722 ⁷⁷
1277 2705 1402 2732 ἐντεῦθεν
1430 2705 1469 2731 Id.
1513 2704 1536 2718 "'
1553 2704 1610 2732 τοῖς
1639 2701 1743 2728 ἐκεῖθεν
1781 2719 1788 2725 .
1820 2700 1860 2726 1ιΙ.

1240 2712 1259 2722 ⁷⁷
1277 2712 1402 2732 εντευυεν
1430 2712 1469 2731 lu.
1516 2712 1536 2718 ”
1553 2712 1610 2733 τοις
1639 2712 1743 2728 εχειυεν
1764 2712 1788 2726 ο.
1820 2712 1860 2726 ιιι.

1220 2743 1241 2758 ⁵¹
1254 2741 1283 2768 δέ
1299 2749 1354 2767 οιιι.
1372 2740 1455 2767 Corsi.
1476 2739 1538 2766 5|0.
1571 2739 1592 2754 δ’
1605 2738 1669 2772 δὴτ.
1680 2737 1723 2763 ed.
1736 2734 1862 2772 τουτοδίῖ

1273 2777 1334 2803 cod.
1352 2780 1379 2802 et
1393 2775 1424 2801 Ρ.
1480 2774 1558 2801 εἵπου
1573 2773 1675 2808 δένδρῳ
1691 2771 1734 2799 eti.
1775 2771 1798 2787 ⁸⁸
1810 2771 1863 2805 ἢδη

1260 2812 1282 2828 ⁸⁷
1300 2811 1364 2846 ἐξῆν
1379 2811 1453 2843 ωλι..
1469 2810 1545 2846 ἕξειν
1664 2808 1721 2846 γάρ
1735 2806 1798 2846 add.
1815 2806 1861 2833 ed.

1417 2842 1511 2872 ίπείκ.
1526 2845 1611 2872 Coisl.
1625 2844 1688 2871 510.
1740 2842 1763 2858 ⁹²
1778 2849 1863 2877 χωρι-
