2082 3146
180 195 266 220 noue,
284 186 331 213 καὶ
347 185 482 220 ἐγίνωσκε
493 185 584 211 πάντα
598 184 646 211 καὶ
659 184 811 219 ἑστερέωσε
827 183 873 209 τὸν
888 183 979 216 λογισ-

186 236 236 268 μδν
252 232 346 261 αὐτοῦ.
360 232 415 258 Καὶ
427 230 471 257 ἵνα
489 230 565 266 δείξῃ
577 229 703 264 ποταπὴν
720 229 848 264 ἀνδρείαν
861 229 909 256 καὶ
920 229 981 255 τόλ-

187 289 240 315 μαν
254 280 361 314 ἔχουσιν
372 279 397 305 οί
415 277 558 313 Ῥωμαῖοι,
568 277 645 303 οὐδὲν
653 276 796 311 ἐπέμεινεν
809 275 853 302 ἴνα
864 275 982 302 ἔλθωσιν

184 327 283 353 ἐκείνοι
303 325 347 351 ἐπ’
367 323 461 356 αὑτὸν,
481 323 539 350 ἀλλ’
562 322 624 349 οὐδὲ
640 321 790 348 ἐδειλίασεν
812 321 847 348 νὰ
871 322 979 356 στραφῇ

184 370 283 401 ὀπίσω,
295 369 356 396 οὐδὲ
370 369 467 403 ⁴ι’λγάπα
477 367 511 394 νὰ
526 367 702 395 ἀποκλείεται
717 366 770 392 ἔσω
783 366 823 397 είς
835 365 865 392 τδ
880 365 981 392 παλάτι

186 416 233 442 καὶ
247 415 281 442 νὰ
293 415 448 450 κρύπτεται
471 413 566 448 ὥσπερ
591 410 730 447 τρυφερὸν
749 410 877 445 κοράσιον
890 417 896 424 ·
914 409 982 436 ἀλλὰ

184 461 234 492 τὰς
248 461 345 495 τρίχας
358 460 409 494 τῆς
425 458 547 493 κεφαλῆς
569 457 652 484 αὐτοῦ
668 457 717 488 τάς
730 465 796 482 ποτε
811 455 981 492 μυρισμένας

185 504 290 539 ἔϐαψαν
302 505 324 520 ’⁷
337 504 422 534 αύτὰς
435 503 463 529 αἱ
474 503 576 537 πάχναι
590 501 638 527 καὶ
649 500 754 536 δροσίαι
763 501 813 535 τῆς
825 501 924 535 αὐγῆς,
935 500 983 526 καὶ

185 551 202 585 ἠ
214 549 283 584 σὰρξ
293 548 376 575 αὐτοῦ
386 549 441 575 ἀπὸ
456 548 503 574 τδν
519 546 660 583 κονιορτὸν
670 546 718 574 καὶ
732 547 786 573 ἀπὸ
795 547 850 574 τῶν
863 547 983 582 ἱδρώτων

186 594 325 629 ἑκδάρθη·
342 594 390 620 καὶ
411 593 443 620 τὸ
467 593 617 627 πρόσωπον
643 593 726 619 αὐτοῦ
749 592 915 628 ἠμαύρωσεν
929 593 983 619 ἀπὸ

185 640 235 674 τὴν
247 639 335 675 πυρὰν
348 639 395 667 τοῦ
407 639 494 674 ἡλίου.
516 637 673 666 Ἀπέστειλε
692 639 721 665 δὲ
736 638 783 665 δύο
799 639 982 674 στρατηγοὺς,

186 685 301 712 ἕκαστον
322 685 406 721 870
428 685 497 720 μετὰ
520 684 697 720 καὸαλαρίων
715 684 865 718 ἐκλεκτῶν,
878 684 982 712 δώδεκα

186 731 320 766 χιλιάδας,
343 731 436 762 καθὼς
453 731 632 766 ὸρθώσουσιν,
650 731 695 758 ίνα
706 731 808 766 εὕρωσι
831 731 982 766 μονοπάτια

185 777 240 804 ἀπὸ
250 777 350 808 τόπους
360 777 513 809 δυσϐάτους
526 778 574 804 καὶ
588 777 620 804 vd
633 777 780 813 σύρωσιτὰ
795 777 880 811 ἄλογα
892 777 983 804 αὐτῶν

187 823 233 849 καὶ
247 824 279 850 νὰ
295 823 434 851 ἀναϐῶσιν
458 824 499 855 είς
512 823 542 849 τὸ
562 823 626 858 θρος
642 823 734 856 πεζοὶ,
754 823 819 849 ἔνθα
838 823 889 850 οὐκ
905 823 980 858 εἴχα-

186 876 229 894 σιν
247 868 424 904 οίλβάρὸαροι
444 868 583 905 προσοχὴν
597 869 613 904 ἢ
630 868 771 904 λογισμὸν,
785 870 833 896 καὶ
844 870 877 896 νὰ
892 878 977 896 κατα-

187 914 270 940 ϐῶσιν
282 914 335 941 ἀπὸ
348 914 447 945 τόπους
462 914 509 945 οὓς
523 914 631 940 θέλουσι
646 914 729 950 σύρον
743 914 842 946 αὐτοὺς
856 916 881 941 οἱ
911 916 979 950 πρό-

185 959 268 986 ϐοδοι.
291 959 322 986 '0
342 959 370 986 δὲ
396 960 491 995 ἕτερος
517 960 671 995 στρατηγὸς
697 961 796 995 ὁμοίως
823 961 924 996 ἐτάχθη
947 962 979 988 vi

185 1006 279 1042 ὑπάγῃ
294 1006 341 1032 καὶ
353 1006 434 1037 αὐτὸς
451 1005 487 1032 δι’
502 1005 588 1040 ἄλλης
613 1005 673 1032 ί.δοῦ
689 1007 722 1032 νὰ
740 1007 813 1042 πέσῃ
830 1008 923 1034 ἐπάνω
939 1009 978 1039 εἰς

186 1051 235 1087 τὴν
252 1052 379 1086 φύλαξιν,
396 1053 463 1078 ὅπου
482 1052 596 1088 ἐκράτει
617 1053 664 1078 τὸν
685 1053 780 1087 πόρον,
797 1055 843 1080 καὶ
860 1055 894 1081 νά
917 1055 979 1085 τοὺς

184 1097 287 1124 δώσουν
299 1097 385 1127 οὕτως
396 1097 530 1131 ἐπιδέξια,
550 1098 617 1124 ὅπου
634 1098 695 1124 οὐδὲ
712 1099 766 1126 κᾶν
781 1096 821 1130 εἷς
841 1100 869 1132 ἐξ
888 1100 979 1126 αὐτῶν

185 1146 274 1172 εἰπεῖν
291 1145 324 1171 νὰ
342 1145 425 1180 μηδὲν
442 1145 570 1181 γλητώσῃ
589 1146 622 1172 νά
639 1146 731 1182 ὑπάγῃ
756 1147 903 1180 μαντάτον.
925 1147 980 1173 Καὶ

185 1193 199 1217 ὀ
227 1192 276 1226 μὲν
299 1192 407 1224 πρῶτος
426 1192 512 1227 ἐπῆρε
528 1192 558 1218 τδ
579 1192 645 1231 ,ὅρος
665 1194 713 1219 καὶ
732 1193 778 1219 ἐπ’
804 1193 871 1219 αὐτὸ
893 1194 978 1229 ἀνέϐη

180 1239 255 1273 μετὰ
275 1239 402 1274 χιλιάδων
419 1239 452 1273 ιβ’
465 1246 472 1253 ·
487 1240 532 1266 καὶ
545 1239 655 1273 ἐγένετο
672 1240 778 1275 μεγάλη
793 1240 839 1275 βία
853 1240 924 1266 ὥστε
945 1241 978 1268 νά

185 1285 315 1312 διαϐὦσιν
331 1285 397 1312 αὐτὸ
408 1286 460 1317 ’ἐως
471 1286 580 1322 ἡμέρας
595 1288 669 1322 τρεῖς
681 1295 687 1301 ·
710 1287 758 1313 καὶ
772 1287 978 1321 ὲνυκτοπὰτησε

187 1331 234 1357 καὶ
249 1331 352 1366 κατέῦη
371 1332 412 1363 είς
427 1332 476 1366 τὴν
492 1332 576 1366 ἄλλην
594 1331 710 1366 μεραὶαν
737 1333 784 1358 καὶ
802 1333 978 1366 ἑγκρυμάτο-

187 1385 233 1402 σεν
248 1378 288 1408 εἰς
300 1377 383 1404 τόπον
398 1377 557 1413 σύνδενδρον
571 1378 619 1404 καὶ
632 1378 764 1413 κρυπτάν.
786 1379 840 1404 Καὶ
855 1379 879 1404 οί
895 1378 979 1405 Βούλ-

185 1431 265 1458 γαροι
289 1422 359 1458 ἦσαν
374 1423 500 1458 πλησίον,
517 1424 574 1451 ἀλλ’
593 1424 644 1451 οὐκ
668 1425 775 1458 είχασιν
794 1424 900 1459 εἴδησίν
916 1433 978 1451 τινα

185 1471 250 1505 περὶ
259 1471 373 1497 τσύτων.
391 1471 420 1496 Ὀ
430 1470 458 1496 δὲ
473 1470 552 1502 ἄλλος
567 1467 631 1505 εὗρε
645 1471 693 1497 καὶ
706 1471 788 1502 αὐτὸς
804 1470 904 1502 τόπους
917 1471 978 1497 λίαν

184 1516 333 1548 δυσκόλους
353 1516 401 1543 καὶ
424 1517 590 1548 δυσσάτους·
610 1517 687 1552 ὅμως
705 1517 774 1551 μετὰ
795 1517 897 1544 σκοποῦ
911 1517 978 1544 πολ-

184 1563 231 1590 λοῦ
247 1564 338 1599 ἐδιέὸη
352 1564 451 1596 αὺτούς
468 1565 515 1591 καὶ
539 1564 648 1598 ἀπῆγεν
672 1564 726 1591 ἀπὸ
741 1564 787 1591 τοῦ
800 1564 902 1591 ἔσωθεν
926 1565 974 1600 μέ-

186 1619 260 1646 ρους,
272 1610 337 1638 Ενθα
351 1608 385 1646 ἦν
401 1612 418 1646 ή
437 1610 551 1646 φύλαξις
562 1620 568 1628 ·
582 1611 630 1637 καὶ
646 1611 716 1646 πρὸς
730 1610 805 1646 ὥραν
822 1612 871 1646 τῆς
887 1612 976 1646 αὐγῆς

185 1656 290 1683 ἔδωκαν
303 1656 337 1683 τὰ
362 1656 465 1691 ὄργανα
482 1657 530 1684 καὶ
549 1656 585 1683 τὰ
615 1656 758 1691 παιγνίδια
782 1656 828 1683 τοῦ
846 1657 975 1692 πολέμου.

185 1703 241 1730 Καὶ
255 1703 430 1738 ἐφοϐήθησαν
452 1704 476 1729 οί
503 1702 656 1738 Βούλγαροι
673 1703 759 1738 φόὸον
777 1703 866 1738 μέγαν
882 1704 922 1735 είς
947 1703 978 1730 τὸ

184 1749 350 1776 ἀνέλπιστον
372 1750 472 1777 κακόν·
502 1750 643 1785 ὲπήδησαν
668 1750 734 1783 γοῦν
753 1750 777 1776 οι
799 1749 928 1786 Ῥωμαίοι
953 1752 977 1778 οἱ

187 1796 279 1823 ἐπάνω
294 1796 383 1823 αὐτῶν
397 1797 445 1823 καὶ
458 1795 617 1824 ἐκύκλωσαν
631 1796 742 1828 αὐτοὺς.
757 1798 804 1823 καὶ
817 1797 914 1829 ἄλλους
928 1797 978 1832 μὶν

186 1843 319 1879 ἔσφαξαν,
332 1844 428 1876 ἄλλους
442 1843 471 1871 δὲ
485 1843 615 1870 ἐπίασαν·
628 1844 676 1870 καὶ
695 1843 755 1870 οὐδὲ
773 1841 813 1876 εἷς
825 1844 978 1879 ἑγλήτωσεν

188 1890 242 1916 ἀπὸ
268 1890 317 1921 τὰς
344 1892 439 1925 χεῖρας
465 1890 566 1916 αὐτῶν.
596 1890 653 1917 Καὶ
679 1890 766 1922 οὕτως
790 1889 926 1925 ἑχάλασαν
949 1889 979 1916 τὸ

186 1937 258 1972 δὲμα
268 1945 274 1952 ·
290 1936 338 1963 καὶ
349 1937 363 1962 ό
381 1936 507 1972 βασιλεὺς
518 1935 556 1963 ὢν
571 1937 681 1972 ἕτοιμος
700 1936 769 1972 μετὰ
792 1936 840 1962 τοῦ
858 1937 977 1969 φοσάτου

187 1983 297 2019 εἰσῆλθε
310 1984 357 2010 καὶ
378 1984 485 2017 ἀπῆγεν
502 1982 572 2017 μετὰ
593 1982 749 2017 προθυμίας
773 1982 844 2008 κατὰ
857 1981 904 2008 τοῦ
928 1990 977 2016 με-

189 2031 271 2064 γάλου
286 2030 390 2056 ἐκείνου
410 2029 529 2064 φοσάτου
543 2029 590 2054 καὶ
608 2028 695 2059 οὕτως
713 2028 901 2062 ἀπερχόμενος
918 2027 977 2053 καθ’

188 2076 246 2103 ὁδὸν
260 2077 397 2112 ὑπήντησε
421 2075 484 2106 τοὺς
508 2073 694 2108 καὸαλαρίους
713 2073 779 2100 ὅπου
795 2073 909 2108 ἤρχοντο
936 2072 980 2099 διὰ

190 2122 295 2156 βίγλαν,
318 2123 364 2148 καὶ
380 2121 492 2148 ἐπίασεν
507 2121 647 2151 ἅπαντας·
670 2120 718 2146 καὶ
738 2119 796 2154 μετ’
819 2119 911 2153 ὀλίγον
925 2120 979 2146 πά-

187 2169 230 2194 λιν
249 2169 405 2203 ὑπήντησεν
426 2166 522 2198 ἄλλους
551 2166 662 2197 ἑκατὸν,
689 2165 784 2199 βίγλας
805 2166 853 2192 καὶ
879 2166 979 2198 αὐτοὺς

188 2213 279 2245 ὄντας,
295 2214 342 2240 καὶ
368 2213 466 2239 ὲπίασε
492 2213 540 2238 καὶ
566 2211 676 2241 αὐτούς.
697 2211 729 2236 Ol
752 2210 904 2245 Βούλγαροι
932 2210 978 2236 οὖν

189 2258 354 2294 θαρροῦντες
369 2259 410 2284 ὅτι
426 2259 518 2293 ἔχουσι
540 2257 646 2292 βίγλας,
665 2255 735 2292 ἦσαν
753 2257 914 2292 ἁμέριμνοι,
933 2257 980 2282 καὶ

188 2305 351 2336 ἐκαθέζοντο
368 2304 432 2338 δίχα
451 2303 534 2338 ιρόὸον
551 2304 623 2331 τινά.
646 2303 700 2330 Καὶ
717 2304 731 2329 ὁ
751 2302 882 2338 βασιλεὺς
899 2302 980 2329 πάλιν

188 2350 394 2386 ὲνυκτοπάτησε
423 2350 470 2377 καὶ
495 2349 563 2385 πρὸς
583 2349 659 2384 ὥραν
691 2349 740 2384 τῆς
764 2349 853 2384 αὐγῆς
879 2349 980 2376 ἔδωκεν

189 2396 281 2422 ἐπάνω
300 2396 340 2426 εἰς
355 2395 456 2427 αὐτοὺς
470 2395 548 2430 ἄφνω
571 2396 619 2422 καὶ
637 2395 692 2421 ἀπὸ
705 2394 753 2420 τοῦ
778 2395 872 2430 ἐτέρου
897 2395 980 2430 μέρος

187 2444 201 2469 ὀ
214 2442 466 2478 ὲγκρυματωμένος
483 2442 635 2477 στρατηγὸς
655 2441 773 2477 ὁμοίως·
793 2443 841 2468 καὶ
862 2442 977 2476 εὑρέθη-

190 2496 239 2514 σαν
249 2488 275 2514 οι
290 2487 441 2523 Βούλγαροι
454 2487 651 2522 ἀναρμάτωτοι
666 2487 714 2514 καὶ
731 2486 915 2522 βεϐαρημένοι
928 2487 975 2513 τοῦ

189 2533 274 2560 ὖπνου
298 2534 345 2560 καὶ
370 2533 507 2570 ὥρμησαν
534 2533 568 2560 νὰ
593 2534 728 2567 φεύγουν·
757 2532 805 2559 καὶ
829 2532 938 2567 ἐγένετο
960 2534 977 2567 ή

190 2578 320 2613 ωντριὸὴ
346 2579 394 2605 καὶ
418 2580 434 2613 ἡ
454 2578 562 2612 ἀνάγκη
582 2577 672 2604 αὐτῶν
687 2577 735 2603 καὶ
757 2578 771 2604 ὁ
785 2577 867 2612 φόϐος
892 2577 980 2604 πολλὰ

192 2624 298 2659 μέγας·
326 2625 375 2652 uel
401 2625 452 2652 οὐκ
476 2624 627 2658 ὲγίνωσιιαν
658 2623 710 2650 ποῦ
749 2623 902 2657 ὺπάγωσιν,
933 2624 980 2650 καὶ

190 2667 309 2694 ἕπιπταν
324 2668 364 2699 εἰς
381 2669 444 2700 τοὺς
455 2669 593 2704 ποταμοὺς
605 2669 652 2695 καὶ
667 2668 812 2703 ἐπνίγοντο
828 2677 835 2684 ·
851 2669 899 2695 καὶ
911 2677 977 2695 κατ-

190 2715 305 2749 έσφαξεν
317 2714 398 2751 871
415 2713 456 2747 εἷς
472 2715 517 2742 τὸν
538 2714 618 2743 ἄλλον
631 2724 639 2732 ο
657 2716 704 2742 καὶ
719 2716 743 2743 οἱ
763 2715 894 2750 Ῥωμαῖοι
910 2724 975 2742 κατ-

787 124 1020 157 CHRONICON.
1039 135 1072 144 -·
1092 125 1166 154 LIB.
1187 123 1239 156 VI.

1753 121 1822 154 1218

992 182 1016 212 Α
1030 181 1176 215 scebatque
1188 179 1279 207 omnia
1292 183 1319 206 et
1333 186 1383 206 sua
1398 180 1524 207 ﬁrmabat
1544 179 1670 208 consilia.
1685 179 1719 208 Ut
1729 185 1820 208 autem

1033 227 1190 254 ostenderet
1203 230 1334 261 quantam
1359 225 1551 254 fortitudinem
1567 232 1595 254 et
1613 227 1757 255 audaciam
1773 228 1821 255 lia-

1032 273 1114 300 beant
1134 272 1261 305 Romani,
1292 279 1347 299 non
1361 273 1529 307 etspectavit
1554 273 1642 301 donec
1657 275 1683 301 in
1700 275 1820 309 seipsum

1033 319 1125 346 hostes
1143 319 1289 350 irruerent,
1305 325 1356 345 nec
1371 318 1461 345 timuit
1484 326 1518 345 ne
1537 323 1752 354 retroageretur,
1772 327 1822 347 nec

1034 363 1119 390 voluit
1143 363 1244 390 includi
1272 363 1298 390 in
1327 363 1430 398 palatio
1445 367 1471 390 et
1496 364 1627 392 occultari
1652 371 1679 392 ut
1703 366 1821 393 delicata

1033 410 1122 444 puella
1136 417 1143 441 ;
1162 409 1209 437 sed
1224 417 1331 436 comam
1349 409 1446 448 capitis
1463 410 1504 436 sui
1522 410 1586 437 olim
1611 412 1755 446 unguentis
1772 413 1823 440 de-

1033 455 1148 483 libutam
1170 463 1242 483 nunc
1270 455 1367 490 pruina
1396 460 1423 482 et
1447 463 1509 483 rore
1529 458 1663 484 matutino
1680 458 1821 493 irrigabat,

1033 509 1099 529 caro
1110 502 1173 536 ejus
1190 501 1302 536 pulvere
1326 509 1360 528 ac
1382 501 1531 529 sudoribus
1552 503 1718 537 rugabatur;
1733 505 1824 532 vultus

1034 548 1125 575 calore
1158 548 1224 575 solis
1253 548 1389 575 obscurus
1416 547 1508 575 fiebat.
1534 548 1607 575 Misit
1633 554 1724 577 autem
1754 551 1824 579 duos

1034 593 1127 625 duces,
1145 599 1292 629 utrumque
1317 601 1379 621 cum
1397 594 1543 621 duodecim
1569 595 1692 629 equitum
1708 597 1824 625 delecto-

1035 647 1095 666 rum
1115 640 1248 671 millibus,
1269 643 1299 666 ut
1319 644 1394 667 recta
1413 645 1562 675 pergerent
1586 640 1618 667 ad
1645 641 1825 670 inveniendos

1035 685 1158 712 tramites
1178 685 1213 712 ob
1246 685 1368 712 locorum
1391 686 1579 713 difﬁcultatem
1603 689 1824 721 angustissimos,

1035 738 1118 766 utque
1142 732 1285 759 traherent
1308 740 1394 767 equos
1418 740 1494 767 suos,
1515 738 1543 760 et
1564 739 1682 761 montem
1710 735 1825 769 pedibus

1034 779 1223 811 ascenderem,
1241 779 1284 805 ubi
1303 779 1411 806 barbari
1429 787 1483 806 non
1502 781 1732 814 prtestolabantur
1745 787 1770 808 et
1789 789 1823 809 ne

1034 825 1249 859 suspicabantur
1257 825 1380 860 quidem,
1393 833 1424 852 ac
1431 826 1630 853 descenderent
1642 826 1676 853 de
1686 827 1752 854 locis
1763 836 1824 862 qua:

1034 879 1168 906 occupare
1180 872 1259 898 vellet
1270 873 1399 906 praevium
1418 872 1538 899 hostium
1548 880 1655 907 agmen.
1670 874 1746 900 Alter
1760 882 1824 901 vero

1034 918 1088 944 dux
1102 918 1204 952 pariter
1216 918 1312 952 jussus
1323 922 1364 945 est
1379 919 1526 946 succedere
1541 920 1657 951 aliavia,
1670 920 1703 947 ad
1722 921 1824 948 irrum-

1034 964 1151 998 pendum
1170 964 1197 990 in
1211 964 1341 991 custodrs
1359 963 1404 997 qui
1428 964 1573 990 transitum
1598 967 1778 999 occupabant.
1798 973 1826 994 et

1034 1009 1067 1036 ad
1088 1017 1135 1037 eos
1150 1009 1321 1037 dextrorsum
1346 1009 1386 1036 sic
1404 1009 1628 1044 aggrediendum,
1651 1015 1680 1037 ut
1707 1019 1739 1038 ne
1752 1013 1825 1039 ullus

1034 1055 1143 1089 quidem
1172 1063 1203 1081 ex
1227 1056 1268 1082 eis
1286 1055 1444 1082 mandatum
1462 1055 1538 1082 daret
1565 1060 1594 1082 ut
1621 1056 1768 1091 quisquam
1795 1066 1825 1085 so

1035 1099 1099 1134 fuga
1125 1101 1299 1128 subduceret.
1316 1101 1394 1128 Prior
1408 1101 1518 1136 quidem
1540 1105 1684 1137 occupavit
1704 1109 1822 1131 ni0ntent

1034 1147 1061 1173 in
1086 1154 1204 1181 euntque
1229 1148 1355 1173 ascendit
1383 1155 1446 1174 cum
1471 1147 1616 1175 duodecim
1640 1150 1769 1182 millibus,
1798 1156 1826 1178 et.

1034 1201 1131 1228 magna
1159 1193 1183 1219 vi
1208 1193 1279 1221 enisi
1302 1197 1376 1225 sunt,
1401 1194 1438 1220 ita
1462 1198 1491 1220 ut
1513 1194 1583 1221 intra
1599 1200 1654 1221 ties
1676 1195 1735 1222 dies
1752 1197 1824 1224 hunc

1035 1239 1198 1274 transgressi
1222 1239 1277 1266 sint
1295 1247 1302 1271 ;
1319 1245 1345 1266 et
1363 1244 1445 1265 noctu
1463 1240 1598 1274 processit
1628 1241 1824 1275 descenditque

1035 1285 1061 1311 in
1083 1285 1197 1311 alterum
1223 1290 1340 1319 partem,
1356 1289 1383 1311 et
1407 1292 1473 1311 suos
1493 1285 1636 1312 abscondit
1651 1286 1676 1312 in
1700 1287 1759 1313 loco
1775 1287 1822 1313 ab-

1032 1330 1089 1357 dito
1106 1335 1132 1357 et
1160 1330 1302 1357 arbaribns
1322 1330 1439 1357 consito.
1458 1330 1568 1365 Bulgari
1591 1336 1668 1357 erant
1693 1333 1821 1366 proximi,

1033 1376 1079 1402 sed
1112 1376 1214 1402 nullam
1243 1376 1379 1403 habebant
1405 1376 1514 1402 illorum
1533 1377 1822 1406 notitiatn.l'osterior

1032 1428 1097 1448 vero
1113 1421 1215 1448 invenit
1226 1426 1253 1448 et
1264 1422 1321 1456 ipse
1329 1421 1388 1448 loca
1399 1421 1558 1449 difﬁcillima
1571 1428 1597 1450 et
1609 1426 1751 1458 pet-ardua,
1762 1433 1823 1461 quze

1032 1471 1124 1494 tamen
1139 1475 1235 1502 magna
1246 1476 1308 1495 cum
1320 1469 1475 1496 constantia
1485 1469 1606 1503 transiit,
1624 1476 1651 1497 et
1666 1472 1778 1499 recessit
1790 1471 1824 1498 ab

992 1529 1014 1560 ο
1033 1513 1157 1540 interiori
1171 1519 1248 1548 parte
1264 1513 1309 1540 ubi
1326 1518 1385 1541 erat
1399 1515 1523 1541 custodia
1540 1523 1547 1547 ;
1563 1523 1593 1542 ne
1604 1515 1668 1542 dilu:
1679 1517 1723 1544 uio
1735 1516 1824 1551 primo

1029 1560 1187 1587 cecinerunt
1202 1560 1314 1594 organis
1333 1560 1473 1594 Iibiisque.
1490 1559 1598 1595 Bulgari
1615 1568 1705 1589 antem
1723 1570 1824 1598 magno

1027 1605 1147 1640 perculsi
1173 1610 1237 1632 sunt
1263 1610 1372 1632 terrore
1394 1606 1429 1633 ob
1452 1605 1619 1639 inopinatam
1648 1609 1821 1642 perniciem:

1029 1651 1122 1686 itaque
1148 1652 1288 1679 irruerunt
1311 1652 1337 1678 in
1368 1659 1416 1679 eos
1432 1651 1560 1684 Romani,
1577 1660 1682 1687 eosque
1701 1655 1820 1682 circum-

1029 1702 1173 1729 venerunt,
1189 1701 1217 1724 et
1240 1697 1310 1724 alios
1343 1697 1557 1732 trucidaverunt,
1583 1698 1651 1726 alios
1679 1706 1822 1734 ceperunt,

1030 1752 1080 1772 nec
1095 1745 1168 1772 ullus
1183 1753 1216 1772 ex
1235 1745 1342 1772 illorum
1361 1745 1488 1773 manibus
1501 1746 1604 1781 effugit.
1622 1746 1667 1774 Sic
1684 1747 1821 1775 vinculum

1030 1798 1084 1825 quo
1110 1791 1326 1826 impediebantur
1359 1791 1512 1819 solverunt.
1549 1792 1702 1827 Imperator
1729 1797 1821 1821 autem

1030 1841 1142 1871 paratus
1153 1843 1216 1864 cum
1231 1837 1290 1864 suis
1303 1837 1389 1872 copiis
1401 1837 1552 1872 penetravit
1565 1843 1591 1864 et
1610 1839 1743 1872 processit
1753 1847 1822 1867 eon-

1031 1884 1144 1911 lidenter
1157 1888 1253 1911 contra
1271 1883 1347 1910 illum
1372 1884 1511 1918 ingentem
1539 1884 1703 1917 exercitum,
1728 1884 1823 1920 sicque

1032 1930 1172 1964 profectus
1189 1929 1285 1956 obvios
1305 1929 1401 1957 habuit
1430 1930 1537 1963 equites
1559 1930 1607 1964 qui
1634 1930 1822 1963 praecedebant

1030 1976 1150 2010 primum
1175 1982 1284 2009 agmen.
1321 1982 1424 2008 eosque
1449 1982 1546 2000 omnes
1583 1975 1646 2002 l‘ceit
1675 1976 1821 2009 captivos;

1032 2021 1112 2055 paulo
1128 2025 1188 2054 post
1212 2027 1309 2047 rursus
1325 2020 1446 2047 occurrit
1474 2020 1535 2047 aliis
1562 2026 1685 2053 centum,
1717 2021 1750 2047 ad
1766 2022 1823 2056 pri-

1032 2074 1106 2092 mum
1132 2073 1227 2100 agmen
1256 2070 1283 2092 et
1307 2065 1373 2099 ipsis
1398 2066 1606 2099 pertinentibus,
1628 2074 1698 2101 quos
1718 2067 1822 2101 pariter

1031 2112 1113 2147 cepit.
1138 2111 1247 2146 Bulgari
1278 2111 1393 2144 interea,
1408 2112 1575 2139 conﬁdentes
1602 2113 1653 2139 sibi
1679 2120 1822 2147 superesse

1033 2160 1149 2193 primum
1168 2165 1277 2192 agmen,
1295 2162 1372 2184 erant
1388 2158 1489 2189 securi,
1506 2163 1532 2185 et
1547 2158 1679 2185 sedebant
1694 2159 1752 2185 sine
1766 2160 1821 2187 ulla

996 2202 1016 2228 D
1031 2203 1185 2231 formidine.
1213 2203 1363 2237 Imperator
1388 2204 1488 2231 iterum
1506 2208 1586 2231 noctu
1611 2205 1740 2239 perrexit,
1765 2206 1821 2239 pri-

1031 2257 1132 2284 moque
1156 2249 1277 2276 diluculo
1302 2249 1395 2276 subito
1423 2249 1451 2275 in
1476 2248 1537 2276 illos
1563 2249 1644 2276 irruit
1667 2250 1822 2284 pariterque

1030 2296 1113 2323 simul
1132 2302 1165 2323 ex
1186 2295 1293 2322 insidiis
1309 2302 1457 2330 erumpens
1473 2295 1539 2322 dux.
1554 2293 1664 2330 Reperti
1679 2302 1743 2322 sunt
1758 2294 1822 2323 Bul-

1030 2343 1088 2378 gari
1119 2342 1239 2369 inermes
1265 2347 1291 2368 et
1320 2348 1419 2368 somno
1447 2341 1562 2376 gravati,
1588 2347 1822 2376 eapesseruntque

1030 2387 1133 2422 fugam,
1160 2392 1186 2414 et
1218 2386 1318 2414 invasit
1345 2394 1393 2414 eos
1412 2386 1599 2414 consternatio
1625 2386 1771 2422 inopiaque
1795 2391 1821 2414 et

1032 2437 1121 2460 terror
1144 2433 1281 2459 maximus
1296 2441 1304 2459 :
1328 2432 1486 2460 nesciebant
1499 2431 1570 2459 enim
1585 2439 1639 2466 quo
1653 2433 1820 2464 recederent,

1027 2480 1217 2514 cadebantque
1241 2478 1270 2505 in
1298 2478 1396 2506 ﬂuvios
1416 2483 1444 2506 et
1464 2479 1670 2514 mergebantur,
1692 2483 1719 2505 et
1750 2479 1821 2506 alius

1028 2526 1112 2553 alium
1135 2525 1300 2560 jugulabat;
1323 2530 1350 2552 et
1375 2523 1491 2552 Romani
1524 2525 1705 2560 proﬂigabant
1729 2531 1775 2552 eos
1793 2529 1821 2551 et

1029 2571 1284 2600 immisericorditer
1311 2571 1503 2604 trucidabant;
1532 2577 1559 2599 et
1587 2571 1751 2599 ceciderunt
1774 2570 1820 2598 illa

1029 2619 1073 2646 die
1096 2619 1220 2646 Romano
1242 2617 1332 2653 gladio
1351 2623 1459 2644 centum
1478 2622 1505 2644 et
1532 2617 1671 2652 sexaginta
1691 2617 1821 2644 barbaro-

1033 2674 1093 2692 rum
1109 2665 1204 2697 millia,
1218 2664 1254 2692 ita
1269 2668 1299 2691 ut
1313 2663 1424 2692 ﬂumina
1437 2671 1485 2698 pro
1500 2663 1578 2699 aquis
1593 2664 1753 2698 sanguinem
1763 2663 1821 2690 vol-

1033 2717 1137 2741 vercnt.
1151 2711 1232 2747 Fugit
1246 2711 1354 2739 illorum
1362 2713 1427 2744 dux,
1437 2716 1619 2746 ceperuntque
1634 2709 1749 2738 Romani
1759 2715 1819 2738 ten-

788 2784 888 2816 Variae
900 2783 1054 2815 lectiones
1070 2785 1100 2814 et
1120 2786 1213 2812 notae.

639 2843 698 2854 ὁ...

218 2847 246 2892 1⁷
262 2848 381 2885 πειράντ
