2082 3146
207 185 274 219 125⁷1

797 185 1030 216 CHRONICON.
1052 197 1086 203 --
1106 187 1182 218 LIB.
1205 189 1254 221 VI.

1757 194 1833 227 1258

205 241 292 273 σέλιος
318 240 433 276 ὑποψίαν
456 239 591 275 παρέσχεν
613 239 650 271 ὡς
676 240 750 273 παρὰ
774 240 821 267 τοῦ
846 241 988 276 λογοθέτου

1042 241 1112 269 dedit
1129 246 1158 270 ut
1173 251 1186 270 a
1201 244 1335 278 logotheta
1350 253 1452 274 veneno
1473 247 1596 276 sublatus
1613 258 1619 276 :
1635 257 1718 284 quare
1733 250 1778 279 hic
1794 253 1833 280 ah

205 287 344 322 φαρμάκῳ
364 286 499 322 ἀνῄρητο·
516 287 556 313 διὸ
578 287 625 314 καὶ
650 286 757 322 napi”
774 287 828 314 τῶν
849 287 889 322 τῷ
914 287 990 314 Ῥου-

206 333 286 363 σελίῳ
300 333 492 368 προσηκόντων
509 332 547 369 τῷ
569 333 734 369 Βοτανειάτῃ
755 334 930 369 παραδοθεὶς,
950 335 989 365 εις

206 379 271 414 μίαν
285 377 360 413 [τῶν]
378 378 431 413 πρὸ
445 378 495 413 τῆς
511 378 648 413 βασιλίδος
667 379 722 406 τῶν
736 379 841 411 πόλεως
854 380 989 414 κειμένων

204 425 295 459 νήσων
318 423 514 459 περιορῖζεται.
543 425 573 450 υί
604 425 632 451 δέ
664 433 695 458 γε
719 425 784 459 περὶ
808 425 853 451 τὸν
880 425 991 460 βασιλέα

204 469 363 502 δεδοικότες,
380 469 417 500 ὡς
431 469 472 500 είς
488 469 549 504 ὄψιν
568 470 708 497 ἐλεύσεται
725 471 764 505 τῷ
777 470 891 506 βασιλεῖ,
907 479 992 506 προσ-

203 515 373 549 ληφοήσεται
403 515 450 542 καὶ
477 515 581 547 πάντας
610 517 864 551 παραγκωνίσεται,
895 518 991 544 ὑποτι-

205 560 247 587 θέρ
256 569 282 587 σι
296 562 334 595 τῷ
351 562 528 598 Βοτανειάτῃ,
538 562 687 598 ἀμυθήτων
698 564 826 599 εὐπορεῖν
840 564 991 599 χρημάτων

204 607 250 632 τὸν
263 606 420 642 λογοθέτην,
437 607 485 634 καὶ
499 607 585 634 ταῦτα
595 608 634 643 τῷ
649 607 781 644 βασιλικῷ
795 609 893 644 χρῆναι
904 617 991 644 προσ-

205 651 347 686 ενεχθῆναι
374 652 490 687 ταμείῳ.
516 652 658 679 Στέλλεται
679 654 769 680 τοίνυν
791 654 805 680 ὸ
830 654 990 689 Στραῦορω-

207 698 303 731 μανὸς,
320 697 407 732 μέγας
419 698 613 734 ὲταιρειάρχης
635 700 697 726 τότε
713 700 873 735 γενόμενος,
889 700 991 735 ἐρωτή-

205 750 259 768 σων
271 743 316 769 τὶν
332 742 474 778 ἄνθρωπον
486 743 538 778 ὅπη
551 744 625 779 αὐτῷ
636 745 670 772 τὰ
684 745 814 780 χρήματα
826 745 991 781 κέκρυπται.

205 787 238 813 Ol
253 787 281 812 δὲ
297 789 361 823 περὶ
378 788 425 815 τὸν
449 787 562 823 βασιλέα
587 789 634 821 οὓς
655 790 703 816 καὶ
716 791 864 818 δεδοικέναι
878 791 929 825 τὴν
944 790 991 817 τοῦ

206 831 348 865 λογοθέτου
375 832 529 867 παρουσίαν
553 834 567 860 ὁ
594 833 673 869 λόγος
697 835 914 870 προδιηγήσατο,
932 835 993 862 πεί-

206 876 281 903 θουσι
307 877 353 903 τὸν
378 878 614 914 Στραΰορωμανὸν
627 879 732 907 ἀνελεῖν
743 881 788 907 τὸν
802 880 944 916 ἄνθρωπον
960 881 992 907 ἐκ

1046 287 1145 316 Urselii
1165 289 1266 318 familia
1285 291 1420 319 Botaniati
1440 293 1564 327 traditus,
1586 295 1614 322 in
1630 303 1710 323 unam
1726 297 1834 325 insula-

1048 340 1108 360 rum
1132 339 1196 363 antc
1212 336 1319 364 urbium
1340 338 1462 373 reginam
1478 339 1590 367 sitarum
1608 342 1753 378 relegatur.
1778 344 1833 372 Int-

1047 381 1181 415 peratoris
1210 387 1298 411 autem
1326 385 1444 412 ministri
1471 387 1598 415 timentes
1623 396 1656 416 ne
1684 390 1833 426 imperato-

1047 426 1084 453 ris
1094 427 1181 455 oculis
1210 428 1255 456 ille
1275 429 1404 464 placeret,
1424 438 1665 470 assumereturque
1688 441 1716 463 et
1736 444 1834 466 omnes

1047 472 1167 506 ejiceret,
1190 473 1322 509 effingunt
1345 475 1478 504 Botaniati
1505 478 1668 512 logothetam
1692 482 1834 512 immensis

1047 517 1186 546 abundare
1201 519 1314 554 divitiis,
1324 529 1425 557 easque
1437 523 1464 550 in
1475 525 1572 552 aerario
1584 526 1716 558 imperiali
1739 530 1835 564 reponi

1047 564 1156 592 debere.
1181 565 1298 594 Mittitur
1316 567 1409 603 itaque
1426 568 1667 605 Straboromanus,
1689 577 1753 602 tunc
1775 583 1836 603 ma-

1047 617 1116 644 gnus
1144 610 1331 645 hetaeriarcha,
1368 615 1555 643 sciscitaturus
1589 617 1623 644 ab
1650 618 1761 647 homine
1786 621 1833 648 ubi

1047 662 1112 689 opes
1138 663 1203 684 suas
1225 657 1425 687 abscondisset.
1443 659 1561 689 Ministri
1577 670 1642 690 vero
1659 663 1833 698 imperatoris

1047 708 1118 735 quos
1134 701 1278 737 logothette
1293 705 1468 738 praesentiam
1490 707 1586 735 timere
1600 715 1685 743 supra
1701 710 1834 742 diximus,

1047 746 1162 774 suadent
1188 747 1400 778 Straboromano
1414 757 1442 778 ut
1455 753 1529 780 omni
1546 758 1626 788 pacto
1646 755 1733 782 virum
1750 756 1836 785 inter-

1046 790 1130 817 ficiat.
1146 791 1169 819 Is
1182 797 1285 826 autem,
1301 802 1363 821 cum
1376 796 1524 830 appulisset
1542 797 1576 824 ad
1594 798 1724 833 insulam,
1741 800 1767 827 in
1780 809 1834 836 qua

1048 835 1130 864 homo
1144 837 1298 872 exsulabat,
1310 840 1384 868 hunc
1397 846 1451 869 tam
1464 842 1530 870 dira:
1547 843 1664 878 subjecit
1676 835 1833 880 qttsestioni,

1048 885 1078 908 ut
1095 881 1122 909 in
1147 882 1216 917 ipsis
1233 886 1376 914 tormentis
1399 888 1589 923 exspiraverit,
1611 893 1739 925 quamvis
1757 893 1834 928 polii-

205 923 307 958 τρόπου
336 924 434 956 παντός
450 934 456 940 ·
474 925 504 956 ὃς
527 926 575 952 καὶ
589 926 737 961 γενόμενος
765 927 836 954 κατὰ
850 928 900 963 τὴν
918 927 988 962 νῆσον

207 968 213 975 ι
251 964 264 975 1‘
363 968 369 975 1
489 971 496 975 .
526 970 553 975 ι-
612 971 618 975 ι
656 972 666 975 ..
687 972 696 975 -
779 972 790 975 _
905 972 913 975 λ
940 974 953 975 7

1048 932 1159 955 eeretur
1175 936 1204 956 se
1217 930 1310 959 omnia
1330 932 1355 958 \‘i
1370 933 1542 969 chirographi
1559 936 1697 970 daturum,
1724 939 1746 966 si
1763 947 1824 975 qua:

205 968 234 993 ὲν
288 968 464 1004 περιώριστο,
487 970 579 1002 ἐτάζει
594 971 639 997 τὸν
652 972 735 1007 ἄνδρα
763 972 834 999 οὕτω
850 972 985 1008 σφοδρῶς,

1046 973 1129 1000 stioni
1146 975 1320 1004 eximeretur.
1337 977 1383 1004 Sic
1397 978 1479 1013 igitur
1494 980 1539 1007 ille
1552 981 1642 1016 periit.

203 1015 240 1046 ὡς
262 1015 291 1041 ὲν
303 1017 400 1048 αὑταῖς
434 1019 495 1049 ταῖς
518 1018 644 1053 βασάνοις
653 1019 819 1055 ἐναποψύξαι
830 1028 836 1035 ·
858 1020 999 1047 καὶταῦτα
1018 1020 1234 1056 ὑπισχνούμενον
1249 1024 1276 1039 ⁵⁸
1289 1024 1328 1056 ὡς
1340 1025 1427 1052 πάντα
1436 1025 1494 1062 δοίη
1519 1027 1731 1065 ἐνυπογράφως,
1746 1034 1769 1060 εἰ
1787 1035 1833 1062 τδν

205 1058 325 1097 ἑτασμδν
345 1063 540 1099 [δια]φεύξοιτο
551 1073 560 1081 ο
574 1066 587 1091 ὸ
599 1065 648 1100 μὲν
658 1064 705 1092 οὖν
733 1066 819 1098 οὕτως
841 1066 991 1094 ἀπόλωλεν.

243 1108 334 1144 ⁸⁷(Π)
357 1109 380 1124 ⁵⁸
409 1111 441 1136 Oi
465 1111 494 1137 δὲ
522 1112 661 1147 Κομνηνοὶ
685 1113 700 1139 ὁ
730 1113 865 1145 ’Ῑσαάκιος
893 1113 940 1140 καὶ
955 1112 992 1149 [ὀ]

211 1152 329 1185 meam;
355 1155 579 1190 ὑπερϐαλλόντως
615 1157 684 1192 πρὸς
711 1158 758 1185 τοῦ
786 1158 919 1193 βασιλέως
944 1159 992 1186 καὶ

205 1198 350 1234 τετίμηντο
373 1201 421 1226 καὶ
447 1202 619 1236 ἑστέργοντο,
647 1203 695 1229 καὶ
723 1203 864 1238 διαδόχους
892 1203 992 1234 αὐτοὺς

204 1242 253 1276 τῆς
271 1242 409 1276 βασιλείας
424 1245 561 1281 ὠνόμαζε.
579 1247 625 1273 Διὸ
644 1247 692 1274 καὶ
708 1248 783 1282 παρὰ
796 1248 852 1275 τῶν
865 1248 930 1283 περὶ
946 1248 991 1275 τὸν

205 1287 386 1325 Βοτανειάτην
421 1292 545 1327 σφοδρῶς
574 1293 786 1326 ὲϐασκαίνοντο,
818 1294 865 1320 καὶ
891 1294 992 1328 μᾶλλον

205 1334 280 1369 παρὰ
296 1334 351 1361 τῶν
367 1335 523 1370 εἰρημένων
534 1335 581 1362 δύο
595 1336 697 1362 δούλων
713 1336 808 1368 αὐτοῦ,
821 1336 845 1362 οἳ
859 1337 907 1363 καὶ
924 1337 992 1370 πρὸς

204 1381 307 1407 ἐκεῖνον
323 1381 386 1412 τοὺς
401 1381 502 1416 ἄνδρας
529 1381 680 1416 διέϐαλλον,
696 1382 735 1413 ὡς
749 1382 896 1418 τυραννίδα
912 1382 992 1416 μελε,

203 1425 318 1458 τῶντας.
335 1427 383 1453 καὶ
396 1426 446 1462 τὴν
462 1427 504 1459 είς
525 1427 624 1459 αὐτοὺς
651 1426 698 1454 τοῦ
723 1427 856 1463 βασιλέως
870 1427 991 1454 διάθεσιν

204 1471 365 1507 ὑπώρυττον
390 1481 420 1499 τε
445 1474 493 1499 καὶ
508 1473 714 1509 ζπαρεσάλευον.
735 1474 768 1500 ’0
793 1474 902 1508 γνόντες
916 1471 988 1500 οὗτοι

204 1518 250 1543 καὶ
275 1519 353 1553 μήτι
383 1518 491 1545 πάθωσι
510 1518 684 1554 πτοηθέντες,
708 1519 746 1551 ὡς
773 1519 801 1545 δὲ
825 1519 915 1554 λόγος,
941 1519 987 1546 καὶ

1082 1113 1218 1142 Comneni
1232 1120 1323 1144 autem
1340 1116 1451 1145 lsaacus
1462 1123 1489 1146 et
1500 1118 1613 1148 Alexius
1624 1121 1658 1149 ab
1671 1122 1834 1158 imperatore

1045 1160 1164 1187 maxime
1183 1161 1389 1190 honorabantur
1412 1164 1629 1201 amabanturque
1667 1169 1743 1203 regni
1769 1177 1834 1199 suc-

1045 1211 1170 1233 cessores
1187 1213 1234 1234 eos
1254 1213 1379 1236 vocante.
1405 1208 1499 1244 Itaque
1515 1211 1611 1240 aulicis
1628 1220 1726 1249 magno
1756 1222 1834 1244 erant

1046 1249 1073 1276 in
1088 1249 1162 1284 odio,
1178 1258 1209 1279 ac
1224 1256 1375 1286 pneserttm
1391 1254 1509 1288 praefatis
1527 1256 1635 1284 duobus
1647 1258 1707 1292 ejus
1719 1260 1807 1289 servis
1822 1271 1830 1288 :

1047 1295 1093 1329 qui
1120 1296 1192 1330 apud
1215 1297 1288 1324 hunc
1306 1298 1368 1326 illos
1387 1299 1461 1327 viros
1487 1301 1726 1331 calumniabantur
1752 1306 1831 1340 quasi

1046 1342 1217 1375 tyrannidem
1251 1343 1428 1376 atl‘ectarent,
1468 1345 1495 1373 in
1528 1354 1630 1382 eosque
1658 1349 1830 1385 imperatoris

1045 1383 1222 1412 oﬂ'ensionem
1244 1386 1411 1415 excitabant.
1427 1388 1486 1422 Quo
1507 1390 1611 1423 audito,
1629 1392 1679 1426 illi,
1697 1383 1740 1421 ine
1762 1396 1829 1429 quid

1045 1429 1108 1456 mali
1134 1430 1185 1457 sibi
1214 1431 1368 1466 accideret,
1396 1438 1422 1461 et
1455 1438 1484 1461 ut
1511 1435 1620 1470 dieitur,
1644 1438 1701 1472 jam
1725 1440 1828 1475 pridem

1044 1476 1119 1511 regni
1138 1477 1292 1512 cupidinem
1318 1479 1451 1513 foventes,
1468 1481 1640 1511 manifestato
1653 1484 1751 1518 quibus
1763 1493 1830 1514 con-

1041 1520 1161 1548 ﬁdebant
1188 1530 1238 1550 suo
1269 1524 1393 1557 consilio,
1419 1526 1521 1560 egressi
1546 1533 1610 1555 sunt
1635 1536 1667 1556 ex
1696 1531 1774 1563 urbe,
1802 1537 1831 1559 et

204 1562 288 1589 πάλαι
315 1564 380 1598 παρ’
400 1564 506 1595 ἑαυτοῖς
529 1565 573 1591 τὸν
601 1565 651 1600 τῆς
678 1565 819 1600 βασιλείας
844 1566 988 1601 τρέφοντες

1042 1567 1217 1603 Adrianopoli
1231 1574 1321 1604 capta,
1346 1570 1379 1597 ad
1395 1578 1424 1599 se
1445 1576 1531 1599 toturn
1548 1572 1605 1601 fere
1621 1562 1773 1603 exercitum
1789 1582 1831 1604 at-

203 1607 303 1644 έρωτα,
316 1611 365 1636 καὶ
379 1609 469 1642 ἄλλοις
484 1607 525 1642 οἷς
540 1610 673 1646 ἐθάρρουν
686 1611 716 1638 τδ
732 1611 869 1647 βούλευμα
894 1620 988 1639 κοινω-

1042 1619 1194 1642 traxerunt.
1227 1614 1305 1643 Tunc
1329 1616 1462 1644 salutatur
1477 1618 1624 1652 imperator
1641 1620 1753 1649 Alexius
1771 1630 1830 1649 ma‘

204 1653 328 1689 σάμενοι,
344 1655 458 1690 ἐξῆλθον
472 1656 522 1691 τῆς
535 1656 653 1688 πόλεως·
668 1656 715 1684 καὶ
729 1657 778 1693 τὴν
790 1658 868 1684 πόλιν
885 1658 990 1694 Ἀδρια-

203 1700 250 1728 νοῦ
275 1702 484 1738 κατειληφότες,
498 1703 580 1738 900
597 1704 637 1735 είς
662 1704 776 1736 ἑαυτοὺς
803 1704 834 1731 τὸ
854 1713 988 1741 στρατιω-

202 1747 277 1773 τικὸν
294 1747 403 1783 ξύμπαν
425 1749 519 1783 σχεδὸν
539 1750 730 1776 ἐπεσπάσαντο
741 1758 749 1765 ·
766 1751 813 1778 καὶ
836 1751 988 1786 ἀναγορεύ-

202 1800 262 1819 εται
282 1793 407 1828 βασιλεὺς
424 1795 438 1821 ὁ
463 1793 580 1827 Ἀλέξιος
592 1795 640 1821 τοῦ
665 1796 787 1831 μείζονος
808 1797 990 1833 προτιμηοεὶς

203 1838 331 1872 ἀδελφοῦ,
348 1839 389 1865 ὃτι
412 1848 442 1866 τε
459 1840 639 1875 προσέκειντο
667 1842 755 1878 τούτῳ
777 1844 802 1869 οἱ
822 1844 989 1879 στρατιῶται

205 1883 305 1917 μᾶλλον
320 1884 357 1915 ὡς
381 1886 640 1922 στρατηγικωτέρῳ,
654 1887 703 1914 καὶ
717 1888 758 1915 ὅτι
776 1889 877 1924 σπουδῇ
892 1897 921 1915 τε
942 1889 990 1916 καὶ

202 1929 366 1965 ὑποσχέσεσι
383 1931 458 1966 παρὰ
477 1932 532 1959 τῶν
562 1933 626 1968 περὶ
645 1933 726 1961 αὑτὸν
742 1934 988 1969 μεθειλκύσθησαν.

203 1975 295 2008 Οὕτως
312 1976 358 2003 οὖν
371 1977 537 2013 ἀναρρηθεὶς
555 1979 569 2004 ὁ
592 1978 720 2010 Ἀλέξιος.
731 1981 776 2005 καὶ
787 1979 834 2005 τοῦ
853 1980 988 2008 ἰσαακίου

204 2021 242 2057 μὴ
259 2023 328 2048 πάνυ
343 2031 369 2048 τι
387 2023 454 2057 πρὸς
468 2023 518 2057 τὴν
535 2024 687 2059 ἀνάρρησιν
703 2025 927 2059 δυσχεράναντος,
939 2026 989 2061 τὴν

204 2068 328 2103 βασιλίδα
354 2069 560 2103 καταλαμϐάνει
576 2070 623 2096 καὶ
641 2071 710 2105 πρὸς
732 2071 891 2107 πολιορκίαν
916 2073 988 2106 ἡτοί-

203 2123 300 2149 μαστο.
329 2115 358 2141 'O
378 2115 408 2142 δὲ
431 2115 611 2151 Βοτανειάτης
632 2117 689 2148 τοῖς
713 2117 832 2152 τείχεσιν
853 2118 987 2153 ἐπέστησε

202 2161 325 2196 φύλακας
347 2170 354 2176 ·
380 2160 450 2198 ἦσαν
479 2162 507 2189 δὲ
531 2163 596 2198 περί
614 2163 637 2179 ⁶⁶
650 2171 711 2190 τινα
730 2163 836 2198 πύργον
861 2163 930 2199 πρὸς
953 2165 987 2200 τῇ

203 2207 274 2244 πύλῃ
292 2209 341 2243 τῆς
356 2209 470 2242 πόλεως,
482 2211 499 2245 ἢ
510 2210 630 2244 Χαρσίου
651 2209 785 2242 καλεῖται,
803 2210 988 2245 φυλάσσοντες

1038 1659 1092 1694 jori
1124 1661 1294 1695 antepOsitus
1325 1661 1415 1696 fratri,
1433 1663 1504 1691 'tum
1538 1665 1603 1699 quia
1629 1666 1727 1694 melius
1751 1673 1829 1696 erant

1042 1705 1130 1734 allecti
1146 1707 1246 1735 milites
1263 1707 1289 1735 in
1304 1715 1365 1735 eum
1381 1713 1474 1744 utpote
1492 1710 1554 1738 belli
1574 1711 1744 1746 peritiorem,
1768 1719 1826 1742 tum

1041 1751 1103 1786 quia
1122 1752 1212 1780 studio
1232 1756 1259 1780 et
1279 1754 1422 1788 promissis
1443 1755 1582 1784 fautorum
1598 1757 1658 1793 ejus
1678 1759 1767 1787 allecti
1783 1769 1827 1788 es-

1040 1802 1112 1824 sent.
1135 1797 1182 1825 Sic
1197 1798 1277 1833 igitur
1290 1800 1473 1834 proclamatus
1495 1802 1617 1837 Alexius,
1633 1804 1725 1832 lsaaco
1747 1813 1826 1841 aequo

1040 1843 1133 1870 animo
1149 1843 1262 1877 ferente,
1281 1846 1424 1880 occuparit
1439 1847 1581 1882 imperium
1604 1857 1688 1885 seque
1701 1851 1735 1878 ad
1752 1852 1826 1880 urbis

1040 1889 1212 1917 obsidionem
1252 1891 1380 1919 accinxit.
1413 1892 1569 1922 Botaniates
1599 1903 1663 1924 vero
1690 1898 1827 1926 moenibus

1040 1936 1188 1970 praeposuit
1206 1937 1344 1964 custodes.
1363 1936 1449 1964 Porro
1473 1939 1567 1972 turris,
1584 1940 1636 1968 sita
1651 1948 1734 1976 prope
1750 1943 1826 1971 urbis

1040 1985 1144 2014 p-n'tam
1162 1989 1222 2015 qum
1238 1982 1346 2009 Charsii
1366 1978 1488 2015 vocatur.
1508 1985 1713 2013 custodiebatur
1739 1996 1754 2014 a
1771 1988 1823 2016 Ne-

1041 2026 1128 2052 mitzis
1145 2026 1271 2061 (Nemini
1287 2032 1366 2054 erant
1381 2028 1493 2055 natione
1505 2029 1618 2064 (It-lue):
1634 2031 1662 2057 hi
1677 2039 1739 2058 cum
1754 2033 1824 2060 ami-

1039 2071 1079 2098 cis
1091 2071 1223 2099 Comneni
1239 2073 1364 2100 collocuti
1377 2078 1441 2101 sunt
1454 2073 1487 2101 de
1502 2076 1569 2102 urbe
1585 2077 1737 2110 prodenda.
1747 2077 1825 2106 Mane

1039 2116 1122 2152 igitur
1145 2117 1211 2144 feria
1228 2118 1322 2153 quinta
1335 2117 1448 2154 Majoris
1474 2119 1655 2148 llebdomaJte
1675 2123 1823 2151 salutifera:

1039 2162 1188 2192 Salvatoris
1210 2164 1298 2192 nostri
1317 2164 1465 2199 Passionis,
1482 2166 1532 2194 \‘iri
1554 2166 1686 2195 Comneni
1705 2169 1823 2197 exterio-

1039 2217 1096 2237 rem
1112 2217 1221 2237 murum
1241 2211 1394 2245 oppositum
1422 2213 1489 2239 turri
1503 2220 1518 2240 a
1537 2211 1667 2241 Nemitzis
1683 2215 1824 2244 custodita:

202 2253 446 2289 Νέμιτζοι-ἒθνος
463 2255 485 2281 δ’
502 2256 526 2281 οῑ
538 2254 702 2291 Νέμιτζοι⁶¹
727 2254 986 2284 Κελτικὸν-οὗτοι

1042 2257 1158 2292 aggressi
1182 2257 1334 2292 suntjuxta
1348 2258 1569 2287 conventionem.
1595 2259 1645 2292 Qui
1661 2268 1725 2288 vero
1751 2262 1824 2290 hunc

202 2298 290 2334 λάθρα
317 2301 372 2330 τοῖς
397 2301 461 2335 περὶ
481 2301 543 2333 τοὺς
560 2301 721 2337 Κομνηνοῦς
747 2301 986 2337 ὲκοινολογήσαντο

203 2345 267 2380 περὶ
293 2346 438 2381 προδοσίας
469 2347 518 2381 τῆς
547 2347 660 2378 πόλεως.
677 2347 781 2374 Ἐωθεν
791 2347 838 2374 οὖν
851 2348 923 2374 κατὰ
936 2348 986 2383 τὴν

202 2391 324 2426 μεγάλην
353 2392 482 2427 πέμπτην
517 2393 567 2428 τῆς
601 2393 747 2428 ἑϐδομάδος
775 2392 822 2419 τοῦ
852 2393 985 2426 σωτηρίου

201 2438 304 2470 πάθους
315 2439 361 2464 τοῦ
375 2439 500 2474 Σωτῆρος
515 2439 605 2474 ἡμῶν,
620 2439 644 2465 ol
658 2439 706 2472 μὲν
722 2440 787 2474 περὶ
804 2440 865 2470 τοὺς
876 2440 988 2475 Κομνη-

201 2485 262 2515 vui»;
274 2485 312 2519 τῷ
329 2486 388 2510 κατ’
399 2484 513 2519 ἅντικρυ
529 2484 576 2510 τοῦ
593 2485 668 2521 παρὰ
681 2485 734 2511 τῶν
750 2484 895 2518 Νεμίτζων
907 2494 986 2512 κατε-

201 2530 317 2565 χομένου
335 2531 440 2566 πύργου
466 2532 591 2567 ἑξωτέρῳ
606 2532 690 2566 τείχει
706 2531 891 2565 προσέῦαλλον
913 2532 984 2558 κατὰ

202 2577 337 2612 σύνθημα.
353 2578 384 2604 οι
397 2578 419 2604 δ’
435 2578 588 2612 ὲφεστωτες
606 2577 680 2611 αὐτῷ
694 2577 757 2608 τοὺς
767 2577 983 2612 προσϐάλλοντας

200 2623 311 2649 ἐσαλλον
336 2623 384 2650 καὶ
413 2624 545 2659 ἀπεῖργον
573 2623 621 2650 τοῦ
650 2623 790 2658 προσιέναι
819 2623 922 2658 ἀγχοῦ·
946 2623 983 2654 ὡς

198 2666 221 2693 δ’
239 2667 291 2693 ὑπὸ
308 2667 361 2694 τῶν
373 2667 517 2703 Νεμῑτζων
535 2669 566 2695 ὲκ
581 2668 626 2695 τοῦ
642 2668 746 2702 πύργου
761 2669 785 2694 oi
801 2669 828 2695 ὲν
845 2668 883 2703 τῷ
897 2669 981 2703 τείχει

198 2712 350 2746 ἐϐάλλοντο,
369 2714 406 2749 μὴ
422 2713 473 2741 οἷοὶ
493 2723 521 2741 τε
537 2714 612 2746 ὄντες
639 2715 686 2741 καὶ
713 2714 780 2748 πρὸς
809 2715 873 2745 τοὺς
902 2715 981 2746 ἐκτὸς

1040 2310 1149 2330 murum
1176 2304 1374 2339 protegebant,
1406 2305 1582 2333 ascendentes
1608 2306 1772 2341 dejiciebant
1796 2315 1824 2337 et

1037 2349 1070 2376 ab
1092 2356 1202 2377 accessu
1228 2349 1426 2384 prohibebant;
1456 2349 1503 2378 sed
1521 2358 1582 2378 cum
1602 2359 1617 2378 a
1634 2351 1765 2382 Nemitzis
1788 2362 1821 2382 ex

1037 2399 1111 2422 turre
1130 2395 1191 2422 telis
1215 2394 1410 2430 impeterentur
1422 2394 1493 2422 muri
1513 2395 1682 2428 defensores,
1699 2405 1752 2425 non
1772 2406 1820 2425 vas

1037 2441 1121 2468 lentes
1138 2440 1220 2468 simul
1236 2441 1363 2469 resistere
1374 2440 1494 2468 externis
1509 2441 1672 2469 adversariis
1694 2447 1721 2470 et
1744 2444 1821 2471 oblu-

1039 2487 1106 2514 ctari
1119 2486 1330 2522 internisjacula
1345 2487 1371 2513 in
1384 2487 1458 2521 ipsos
1468 2494 1483 2513 a
1493 2487 1585 2514 dextra
1601 2488 1820 2521 immittentibus,

1038 2541 1053 2559 a
1071 2537 1167 2559 conatu
1190 2532 1360 2559 destiterunt.
1382 2531 1458 2559 Tunc
1483 2533 1613 2560 mtenium
1637 2541 1822 2568 aggressores,

1038 2578 1180 2613 applicatis
1205 2586 1283 2605 muro
1311 2578 1394 2606 scalis
1417 2579 1606 2612 ascenderunt,
1624 2584 1821 2616 portarumque

1039 2631 1115 2650 seras
1146 2624 1287 2651 securibus
1315 2624 1498 2658 abscidentes,
1530 2625 1636 2653 facilem
1668 2626 1820 2661 conjuratis

1036 2675 1200 2704 aperuerunt
1229 2670 1342 2697 aditum.
1369 2670 1430 2704 Quo
1461 2671 1531 2704 viso,
1550 2674 1621 2699 muri
1646 2673 1744 2700 interni
1776 2681 1823 2701 cu-

1035 2717 1138 2750 stodes,
1152 2717 1267 2752 gregarii
1286 2716 1410 2745 homines
1430 2721 1457 2745 et
1467 2719 1589 2755 plerique
1601 2719 1663 2747 belli
1675 2719 1766 2754 rudes,
1781 2721 1820 2748 vd

799 2789 897 2820 Variae
922 2789 1076 2821 lectiones
1098 2792 1128 2820 et
1151 2791 1246 2820 notae.

234 2850 255 2866 "
272 2850 334 2883 περί
351 2849 412 2876 Par.
436 2849 513 2877 1708.
553 2850 576 2865 ⁵⁸
593 2850 808 2884 ὑπισχνουμένου
829 2849 895 2876 Zon.
919 2857 965 2871 ——'
982 2852 988 2876 ἰ

1043 2850 1197 2882 πογράφοις
1220 2849 1287 2876 Zon.
1325 2849 1439 2876 ⁵⁷1081.

1493 2850 1514 2866 "
1529 2850 1591 2878 Par.
1621 2851 1687 2879 1708
1704 2868 1736 2872 —
1750 2852 1817 2882 Zon.

196 2886 248 2913 23o
277 2885 307 2919 υ,
339 2885 359 2911 |-;
387 2886 436 2913 251
463 2886 494 2912 Α,
533 2885 555 2900 ι’
578 2884 663 2918 μ,ιὼ;
687 2893 745 2919 στρ.
765 2886 787 2911 οξ
806 2893 846 2912 στ.
863 2885 929 2912 Zon.
969 2887 988 2902 το

1049 2886 1082 2921 pi
1098 2884 1164 2912 Zon.
1205 2885 1225 2900 “
1238 2883 1373 2920 Νέμετζοι
1388 2885 1430 2913 his
1449 2885 1517 2914 Zon.

359 2933 491 2964 PATROL.
515 2932 574 2963 Gn.
596 2931 659 2962 CX.

1590 2931 1627 2963 40
