2082 3146
254 221 323 256 1263

551 276 597 305 111.
609 276 645 303 De
654 275 738 303 mari.

288 336 378 365 Tertia
395 335 440 363 die
459 333 543 369 jussit
559 339 644 367 aquas
658 331 712 359 sub
730 330 904 358 ﬁrmamento
915 329 1040 356 inclusas

253 380 398 411 convenire
414 380 442 407 in
458 385 540 406 unam
574 386 583 403 ι
603 374 839 411 congregationem
854 383 863 399 ι
891 379 974 408 quam
994 380 1042 407 ap-

255 425 365 462 pellavit
389 434 398 450 ι
413 430 497 455 mare,
512 431 522 448 ι
547 426 577 448 ut
591 430 601 447 ε
617 424 759 456 appareret
781 418 857 446 arida
878 425 907 444 »ε
923 423 1042 449 tuncque

255 472 330 500 illam
355 471 534 503 susceperunt
555 465 683 501 profundi
721 465 799 492 sinus
825 467 921 490 natura
942 462 1041 490 cavati.

256 516 340 544 Terra
371 519 461 543 autem
489 516 583 540 vocata
598 516 641 539 est
666 510 754 543 arida,
770 509 844 545 quod
858 515 958 536 nomen
982 508 1042 543 ejus

257 566 364 589 natura;
376 559 512 594 congruit,
523 556 658 591 siquidem
670 560 741 584 terra
752 559 793 583 est
802 553 911 590 proprie
924 551 1042 580 aridum.

261 605 311 635 Ubi
325 609 416 634 autem
441 607 588 632 exonerata
604 606 648 630 est
673 601 794 637 pondere
813 607 946 636 aquarum
961 601 988 627 in
1015 605 1045 627 se

261 651 437 683 inclusarum,
452 649 581 682 deinceps
599 647 678 683 jussa
695 650 739 675 est
751 645 904 681 germinare
930 644 1044 672 herbam

261 697 404 728 virentem,
424 699 452 722 et
461 701 554 721 semen
565 693 644 728 juxta
671 699 759 727 genus
773 699 865 725 suum,
887 691 1047 726 lignumque

259 741 362 769 faciens
376 740 515 772 fructum;
530 742 557 766 et
572 737 664 765 statim
684 736 718 764 ad
733 736 970 765 fructiﬁeationem
996 736 1046 763 ad-

259 786 351 817 ducta.
365 783 514 812 innumeris
528 782 670 818 pullulavit
683 781 812 811 fruticum
837 781 1047 817 plantammque

260 831 416 867 generibus,
442 834 470 857 et
494 828 607 864 pulchra
626 827 805 862 iucundaque
833 827 893 854 visu
910 826 1046 861 apparuit.

260 877 319 905 NOII
332 876 422 904 solum
442 873 515 903 enim
531 877 653 908 segetum
665 871 846 907 productione
859 871 992 906 fulgebat,
1000 870 1048 898 sed

259 928 288 952 et
307 921 408 954 cedris,
431 919 579 956 cupressis,
601 918 717 953 aliisque
743 916 887 952 permultis
903 917 1049 944 arboribus

261 969 334 996 ultro
350 975 383 995 ex
401 967 458 1002 ipsa
489 965 559 993 natis
570 963 759 998 eratapprime
772 963 910 990 decorata.

843 213 1014 245 GEORGII
1035 211 1264 244 HAMARTOLI

1813 207 1882 241 12M

1320 267 1370 304 [Ρ]
1386 266 1455 302 Περὶ
1469 266 1638 301 θαλάσσης.

1128 325 1212 360 Αὖθις
1225 326 1254 353 δὲ
1266 327 1299 361 τῇ
1315 325 1338 359 γ’
1352 324 1445 361 ἡμέρᾳ
1462 324 1590 351 ἐκέλευσε
1606 324 1639 351 τά
1651 324 1882 359 ἐναπολειφθέντα

1094 371 1178 399 ὕδατα
1193 370 1270 398 κάτω
1282 369 1332 397 τοῦ
1345 369 1537 404 στερεώματος
1556 368 1695 395 συνελθεῖν
1717 378 1727 395 ι
1742 369 1784 401 είς
1801 378 1883 396 συνα-

1093 418 1187 453 γωγὴν
1202 417 1267 453 μίαν
1283 416 1307 433 ⁸⁸
1327 425 1350 447 ι,
1377 416 1412 451 ἢν
1430 415 1478 442 καὶ
1504 414 1667 450 ἐπωνόμασε
1691 423 1700 441 ι
1718 414 1857 442 θάλασσαν
1869 425 1879 441 ι

1095 463 1164 498 πρὸς
1187 462 1218 489 τὸ
1232 462 1348 497 ὀφθῆναι
1369 460 1418 496 τὴν
1439 460 1526 496 ξηράν
1546 468 1554 476 ·
1571 461 1620 487 καὶ
1637 460 1709 488 οὕτω
1727 461 1883 496 κοιλότητές

1094 517 1169 540 τινες
1199 507 1306 542 βαθεῖαι
1332 506 1548 542 έγγεγενημέναι
1569 505 1740 539 εἰσεδέξαντο
1777 507 1863 542 αὐτήν
1876 515 1882 522 ·

1095 553 1166 588 ξηρά
1186 553 1226 588 [δὲ
1241 554 1258 588 ή
1274 553 1311 588 γῆ
1335 552 1500 588 ὲπ]εκλήθη,
1520 552 1618 588 ἐπειδὴ
1645 551 1694 579 καὶ
1720 552 1786 579 ῐδιόν
1810 553 1885 579 ἐστιν

1095 599 1181 634 αὐτῆς
1203 598 1276 626 κατά
1292 597 1374 633 φύσιν
1389 597 1419 625 τὸ
1439 597 1589 632 πρόσρημα
1602 605 1609 613 '
1630 597 1661 624 τδ
1691 597 1760 634 [γὰρ
1782 598 1887 634 κυρίως

1097 643 1281 680 ξηρόν-έ]στιν
1295 645 1311 678 ή
1327 644 1363 678 γῆ
1375 651 1382 658 ⁸
1399 642 1494 678 ἐπειδὴ
1510 643 1538 669 El
1558 643 1654 678 ὥσπερ
1670 651 1698 669 τι
1718 643 1803 679 βάρος
1817 644 1887 669 ἀπέ-

1096 691 1159 717 θετο
1175 690 1210 717 τὰ
1222 689 1251 717 έν
1269 690 1338 725 αὐτῇ
1352 689 1567 726 [ἑναποκείμενα
1579 688 1647 725 αὐτῇ
1666 689 1762 722 ὕδατα,
1782 689 1886 725 λοιπον]

1096 735 1258 771 βλαστάνειν
1275 735 1451 770 προσετάχθη
1478 744 1488 761 ε
1509 735 1531 751 ³⁵
1552 734 1669 770 βοτάνην
1687 735 1787 771 χόρτου
1807 745 1816 762 ι
1839 735 1889 762 καὶ

1098 781 1225 817 σπ[έρμα
1246 782 1318 808 κατά
1342 780 1420 815 γένος
1447 780 1495 807 καὶ
1527 779 1606 812 ξύλον
1632 780 1785 816 κάρ]πιμον
1808 789 1816 797 ·
1839 780 1889 807 καὶ

1098 827 1181 859 εὐθὺς
1197 826 1268 862 πρὸς
1287 825 1475 862 καρπογονίαν
1491 824 1701 861 συγκινηθ[εἴσα
1712 826 1736 842 ⁸⁸
1749 827 1784 853 τὰ
1802 827 1889 862 μυρία

1099 872 1154 900 τῶν
1166 870 1378 908 βλαστημάτων]
1389 871 1480 907 (205³)
1493 879 1522 898 τε
1535 871 1583 897 καὶ
1600 871 1692 905 φυτῶν
1703 871 1891 908 προεϐάλλετο

1101 918 1168 953 γένη
1194 919 1242 945 καὶ
1263 918 1407 954 εὐπρεπὴς
1420 918 1468 945 καὶ
1492 917 1627 953 χαρίεσσα
1644 917 1816 953 συνανεφάνη
1834 926 1841 934 ·
1858 918 1890 944 οὐ

1066 957 1088 985 Β
1103 963 1184 999 μόνον
1198 964 1252 1000 γὰρ
1264 964 1296 990 ὲκ
1310 964 1359 998 τῆς
1371 964 1425 991 τῶν
1434 963 1519 998 ληῖων
1534 963 1691 996 ἀναδόσεως
1702 963 1890 1000 ιφαιδρὺνετο,

263 1015 331 1042 ἀλλὰ
345 1014 392 1040 καὶ
411 1012 515 1047 κέδρων
531 1009 578 1038 καὶ
589 1009 770 1045 κυπαρίσσων
785 1009 834 1037 σὺν
847 1010 878 1044 τῇ
901 1009 969 1045 ἄλλῃ
988 1009 1043 1037 τῶν
1062 1009 1179 1046 δένδρων
1201 1010 1304 1046 πληούῖ
1342 1010 1506 1046 αὐτομάτως
1530 1010 1560 1044 ἐξ
1577 1010 1663 1046 αὑτῆς
1691 1010 1891 1045 ἀνακυψάντων

266 1060 366 1092 ἱκανῶς
378 1060 400 1075 ⁸⁷
417 1058 626 1093 κατεκοσμεῖτο.

511 1102 555 1130 ιν.
569 1103 607 1131 De
616 1102 803 1131 luminaribue.

298 1166 401 1198 Quarta
413 1162 457 1190 die
473 1161 542 1189 diuit
557 1165 587 1188 ut
600 1161 695 1188 tierent
716 1159 884 1187 luminaria:
911 1162 940 1186 et
957 1158 1051 1186 statim

262 1211 334 1238 facta
348 1213 412 1237 sunt
425 1207 478 1241 sol,
489 1207 553 1235 luua
563 1210 597 1235 et-
607 1205 691 1234 stellae
699 1212 749 1241 pro
759 1204 882 1240 iubentis
894 1204 1033 1232 voluntate
1044 1213 1051 1230 :

265 1265 297 1285 ac
312 1255 485 1291 purissimam
499 1253 587 1281 lucem
597 1251 687 1288 prima
695 1252 739 1280 die
751 1255 883 1283 creatam,
897 1250 943 1278 illa
953 1250 998 1278 die
1010 1249 1054 1276 bis

259 1302 402 1331 sideribus
438 1306 560 1332 mensus,
591 1297 768 1333 multiplicem
792 1303 826 1324 ex
855 1295 889 1324 iis
926 1294 1052 1330 praestitit

267 1348 368 1376 mundo
383 1346 527 1374 utilitatem
539 1353 547 1371 :
559 1350 676 1379 quarum
692 1342 779 1377 prima
793 1345 836 1370 est
850 1340 923 1376 quod
942 1340 1052 1376 proprio

261 1395 389 1429 Iulgeaut
396 1390 540 1427 splendore
550 1393 693 1423 totumque
703 1387 835 1415 mundum
845 1384 1054 1414 abundanteril-

266 1440 397 1470 lustrent;
407 1436 537 1468 secunda,
545 1435 689 1470 quodortu
698 1437 726 1460 et
734 1439 835 1460 occasu
848 1436 970 1466 tempora
982 1439 1055 1458 men-

266 1480 564 1516 surent;tertia,.quod
576 1487 625 1516 per
636 1478 760 1514 quaedam
771 1478 849 1512 signa
860 1477 934 1505 varie
946 1476 1056 1511 adjuvet

268 1531 313 1566 pie
326 1533 500 1564 augurantes,
514 1533 563 1554 nec
573 1525 645 1553 ultra
656 1523 768 1552 modum
782 1523 970 1556 observantes,
987 1529 1055 1557 qua-

1307 1103 1356 1140 [Δο]
1377 1103 1447 1139 Περὶ
1462 1102 1717 1138 τῶν-ζωστήρων.

1137 1163 1223 1190 Πάλιν
1237 1164 1265 1190 ἐν
1280 1164 1314 1198 τῇ
1331 1163 1353 1190 δ’
1374 1163 1468 1198 ήμέρᾳ
1485 1162 1633 1198 φωστῆρας
1659 1160 1722 1189 εῐπε
1737 1161 1866 1196 γενέσθαι
1882 1169 1888 1177 ·

1103 1207 1150 1234 καὶ
1163 1207 1273 1241 ἐγένετο
1285 1207 1361 1242 ἥλιός
1378 1216 1408 1233 τε
1430 1208 1479 1234 καὶ
1497 1207 1598 1242 σελήνη
1617 1207 1665 1233 καὶ
1678 1207 1778 1242 ἄστρα,
1800 1206 1893 1238 καθὼς

1103 1253 1242 1289 ἠϐουλήθη
1265 1254 1280 1280 ὁ
1299 1253 1434 1284 κελεύσας
1451 1261 1459 1269 ο
1477 1251 1561 1289 904
1575 1253 1621 1280 καὶ
1640 1252 1672 1279 τὸ
1696 1252 1894 1288 καθαρώτατον

1105 1299 1194 1325 ἐκεῖνο
1209 1298 1268 1333 φῶς
1282 1298 1313 1324 τὸ
1327 1299 1356 1324 ὲν
1367 1299 1399 1333 τῇ
1416 1297 1440 1324 α’
1459 1299 1558 1331 κτίσει,
1577 1298 1601 1314 ⁸⁸
1617 1299 1645 1325 έν
1691 1299 1781 1333 μέτρα
1793 1298 1822 1325 ἑν
1834 1298 1894 1325 τού·

1104 1352 1162 1376 τοις
1182 1343 1407 1378 καταμετρήσας,
1436 1343 1581 1380 πολυμερῆ
1596 1344 1619 1360 ³⁹
1641 1344 1671 1377 ἐξ
1694 1344 1786 1371 αὐτῶν
1809 1345 1895 1381 παρέ-

1104 1397 1184 1425 σχετο
1197 1389 1237 1423 τῷ
1249 1389 1332 1416 παντὶ
1346 1389 1492 1423 ὠφέλειαν,
1509 1390 1574 1425 μίαν
1587 1390 1639 1425 μὲν
1651 1389 1701 1425 τὴν
1720 1391 1754 1417 ὲκ
1765 1389 1814 1417 τοῦ
1832 1390 1894 1425 φαί-

1104 1443 1161 1462 νειν
1177 1435 1226 1462 καὶ
1240 1435 1304 1466 ταῖς
1324 1434 1440 1466 οίκείαις
1464 1434 1622 1470 λαμπηδόσι
1637 1435 1823 1469 καταυγάζειν
1848 1435 1894 1463 τὸν

1102 1481 1208 1516 κόσμον
1225 1480 1373 1512 πλουσίως,
1387 1479 1485 1516 ἑτέραν
1499 1480 1528 1507 δὲ
1540 1480 1590 1516 τὴν
1601 1480 1634 1506 ὲκ
1644 1480 1692 1507 τοῦ
1712 1480 1833 1515 ἀνίσχειν
1847 1481 1895 1508 καὶ

1104 1525 1298 1559 καταδύεσθαι,
1312 1525 1401 1552 αίτίαν
1419 1524 1503 1552 οὖσαν
1515 1525 1565 1558 τῆς
1583 1525 1643 1551 τῶν
1660 1525 1764 1561 χρόνων
1776 1525 1895 1562 ἀπαριθ-

270 1577 305 1604 lia
318 1575 382 1603 luna
408 1580 480 1608 saepe
502 1570 720 1607 portenduntur:
733 1569 792 1597 haec
804 1569 876 1597 enim
886 1568 971 1596 radiis
984 1567 1055 1596 circa

1108 1572 1229 1607 μήσεως,
1245 1571 1330 1606 ἀλλην
1340 1571 1369 1598 δὲ
1382 1571 1432 1606 τὴν
1442 1571 1488 1598 διά
1498 1578 1581 1598 τινων
1594 1571 1718 1606 σημείων
1731 1571 1895 1607 εὐεργετοῦ-

270 1621 342 1649 diem
370 1618 455 1656 nitida
469 1621 496 1645 et
514 1624 594 1652 pura,
607 1615 705 1644 stabile
716 1615 882 1650 praenuntiat
909 1621 1055 1647 serenum;

1102 1625 1158 1643 σαν
1175 1616 1313 1652 διαφόρως
1328 1617 1393 1648 τοὺς
1407 1616 1528 1648 εὐσεϐῶς
1548 1617 1769 1652 στοχαζομένους
1791 1617 1840 1644 καὶ
1858 1617 1897 1653 μή

270 1671 364 1693 crassa
389 1670 454 1691 vero
471 1661 600 1690 cornibus
615 1665 643 1688 et
662 1660 992 1695 rubicundaapparens.
1015 1658 1055 1686 vel

1105 1663 1181 1699 «πέρα
1195 1662 1243 1690 τοῦ
1261 1663 1362 1698 μέτρου
1383 1663 1665 1698 περιεργαζομένους,
1680 1661 1726 1690 οἷά
1740 1663 1800 1690 ἐστι
1815 1663 1863 1690 καὶ
1873 1664 1897 1680 ’⁸

270 1711 489 1745 vehementeme
504 1708 623 1736 nubibus
647 1707 764 1735 imbrem
795 1707 836 1734 vel
869 1709 1055 1742 tempestatem

1108 1707 1154 1735 διὰ
1175 1707 1226 1743 τῆς
1247 1708 1365 1744 σελήνης
1382 1707 1512 1740 πολλάκις
1527 1709 1550 1725 ⁵³
1568 1709 1760 1744 σημαινόμενα
1775 1717 1784 1725 ⁶
1810 1709 1898 1745 λεπτὴ

272 1757 332 1786 fore
353 1755 509 1792 signiﬁcat;
524 1754 627 1789 pariter
657 1757 684 1781 et
699 1753 740 1781 sol
765 1753 899 1788 ignicolor
911 1752 1055 1787 sanguino-

1108 1754 1165 1789 γὰρ
1180 1752 1248 1781 οὖσα
1259 1755 1322 1786 ταῖς
1336 1755 1428 1781 ἀκτῖσι
1445 1755 1511 1790 περὶ
1520 1754 1572 1789 τὴν
1590 1754 1700 1790 ¹Ιιμέραν
1713 1756 1763 1783 καὶ
1777 1755 1897 1791 καθαρὰ,

274 1803 418 1836 lentusque
441 1801 530 1827 factus
553 1799 637 1828 radiis
654 1803 703 1830 aut
743 1799 897 1834 splendore,
925 1799 1055 1826 violentos

1112 1799 1249 1835 σταθερὰν
1272 1799 1366 1827 εὐδίαν
1389 1799 1608 1834 καταγγέλλεται
1628 1808 1636 1817 ο
1657 1802 1759 1836 παχεῖα
1781 1801 1811 1828 δὲ
1837 1802 1898 1832 ταῖς

274 1851 367 1875 motus
387 1844 489 1873 indicat
503 1849 650 1872 eventuros
672 1851 768 1878 :szepe
792 1844 876 1878 igitur
902 1844 1055 1878 hujusmodi

1111 1845 1238 1879 κεραίαις
1254 1845 1302 1872 καὶ
1330 1844 1484 1880 ὑπέρυθρος
1506 1846 1668 1881 φαινομένη,
1685 1847 1701 1881 ἢ
1717 1846 1789 1882 ὕδωρ
1800 1846 1899 1881 λάϐρον

276 1893 353 1927 signa
370 1889 532 1926 profuerunt
550 1889 644 1916 multis
663 1889 879 1924 navigatoribus,
892 1890 1021 1924 agricolis
1032 1893 1060 1918 et

275 1935 435 1965 viatoribus.

1112 1890 1167 1917 ἀπὸ
1179 1890 1269 1925 νεφῶν
1282 1890 1299 1926 ἢ
1313 1890 1437 1926 χειμῶνα
1449 1890 1560 1919 ἔσεσθαι
1575 1891 1674 1927 μηνύει
1690 1899 1696 1906 ·
1708 1892 1839 1924 ὡσαύτως
1852 1891 1900 1918 καὶ

1111 1937 1125 1963 ὀ
1145 1936 1223 1972 ἥλιος
1246 1935 1426 1972 ἀνθρακώδης
1453 1936 1597 1972 γινόμενος
1616 1937 1664 1963 καὶ
1690 1936 1812 1972 ὕφαιμος
1839 1937 1900 1968 ταῖς

275 1984 385 2012 ἀκτῖσιν
415 1979 433 2015 ἢ
454 1979 494 2015 τῷ
512 1978 723 2016 ἀπαυγασματι,
753 1981 844 2017 βιαίαν
862 1982 969 2017 κίνησιν
986 1981 1061 2018 δηλοῖ
1079 1982 1254 2017 ἐπιγενέσθαι
1274 1990 1282 1998 ·
1295 1982 1427 2014 πολλάκις
1438 1980 1485 2009 οὗν
1498 1983 1530 2009 εκ
1557 1982 1608 2018 τῆς
1621 1982 1750 2018 τοιαύτης
1778 1982 1901 2018 σημειώ-

277 2039 347 2065 σεως
359 2031 538 2068 ὠφελήθησαν
555 2029 650 2056 πολλοὶ
664 2028 809 2064 πλωτῆρές
827 2036 858 2054 τε
875 2028 922 2055 καὶ
939 2028 1059 2064 γεωργοὶ
1075 2028 1124 2055 καὶ
1139 2027 1289 2064 ὁδοιπόροι.

454 2076 489 2105 ν.
505 2076 545 2104 De
564 2076 681 2111 piscibus
694 2081 719 2103 et
739 2075 904 2104 volatilibut.

313 2125 416 2159 Quinto
424 2124 468 2153 die
483 2123 564 2160 lusit
579 2123 650 2152 Deus
666 2131 676 2149 ι
695 2124 845 2158 producere
862 2129 947 2156 aquas
968 2122 1064 2157 reptile

279 2174 377 2199 anima:
388 2169 504 2199 viventis
522 2173 550 2197 et
576 2168 685 2196 volatile
705 2168 756 2196 sub
765 2167 936 2196 ﬁrmamento
963 2168 1037 2196 c-eli.
1053 2176 1063 2194 ι

281 2215 314 2242 Et
326 2215 406 2242 simul
433 2222 493 2241 cum
515 2213 647 2241 mandato
663 2212 812 2248 perfectum
836 2217 878 2240 est
891 2220 971 2248 opus.
984 2203 1104 2248 aquisD

281 2261 336 2287 vim
362 2259 527 2287 habentibus
541 2258 707 2294 producendi
727 2259 834 2286 animas
853 2258 984 2287 viventes.
998 2259 1065 2286 Nam

284 2305 375 2332 statim
394 2311 469 2334 mare
487 2304 560 2332 varia
588 2305 856 2340 peperitnatantium
879 2312 990 2340 genera,
1013 2305 1068 2332 ilu-

285 2349 376 2385 viique
389 2354 418 2377 ct
434 2349 546 2385 paludes
572 2350 690 2385 propriis
706 2355 864 2386 naturaeque
882 2358 938 2379 suae
958 2359 1067 2387 compc-

284 2396 403 2426 tentibu-s
417 2395 519 2432 impleti
542 2400 607 2423 sunt
620 2395 751 2431 piscibus.
765 2396 955 2425 Produxerunt
966 2397 1064 2425 iterum

282 2448 359 2477 aqua:
373 2440 503 2474 volatilia,
515 2447 576 2475 quae
590 2441 736 2475 quamdam
753 2442 855 2470 habent
871 2450 933 2470 cum
952 2444 1066 2471 natanti-

282 2488 333 2515 bus
348 2486 568 2516 conformitatem
585 2491 612 2514 et
643 2487 811 2516 afﬁnitatem.
829 2487 906 2516 Sicut
930 2490 1002 2517 enim
1029 2489 1069 2524 pi-

282 2540 342 2560 sees
356 2533 383 2559 in
399 2532 477 2567 aquis
493 2532 637 2567 pinnarum
668 2538 745 2560 motu
774 2534 934 2567 procedunt,
958 2540 985 2562 et
1010 2534 1067 2562 Ire-

282 2579 374 2613 quenti
389 2578 482 2605 caudae
509 2576 655 2610 inﬂexione
676 2582 765 2606 rectos
784 2584 875 2608 motus
889 2587 952 2608 suos
970 2581 1068 2616 guber-

283 2628 359 2657 nant,
371 2624 412 2652 sic
429 2630 493 2651 aves
506 2623 603 2658 pennis
617 2623 644 2650 in
660 2630 723 2651 aere
747 2629 852 2657 natant,
871 2633 990 2661 eumque
1017 2626 1069 2653 lin-

285 2671 363 2702 dunt,
377 2675 404 2700 et
420 2677 585 2705 quocunque
596 2669 693 2697 volunt
704 2675 856 2705 penetrant.

1169 2074 1231 2111 .[E’]
1247 2075 1317 2110 Περὶ
1329 2075 1398 2102 τῶν
1412 2075 1524 2110 ιχθύων
1539 2076 1588 2102 καὶ
1600 2074 1663 2102 τῶν
1681 2075 1835 2103 πετεινῶν.

1148 2121 1171 2136 ⁵¹
1193 2121 1237 2148 Ἐν
1259 2121 1290 2148 δὲ
1309 2122 1342 2156 τῇ
1358 2120 1379 2147 ε’
1394 2121 1486 2157 ἡμέρᾳ
1508 2120 1656 2148 ἐκέλευσεν
1679 2130 1689 2147 ι
1707 2121 1853 2156 ἐξαγαγεῖν
1869 2121 1902 2148 τὰ

1114 2165 1200 2193 ὕδατα
1217 2166 1322 2201 ἑρπετὰ
1337 2165 1432 2202 ψυχῶν
1459 2166 1556 2198 ζωσῶν
1572 2167 1622 2194 καὶ
1649 2167 1762 2194 πετεινὰ
1782 2166 1851 2193 κατὰ
1871 2166 1903 2192 τὸ

1118 2213 1264 2250 στερέωμα
1283 2212 1335 2240 τοῦ
1353 2212 1471 2248 οὐρανοῦ
1496 2213 1635 2248 πετόμενα
1652 2221 1662 2238 ι
1691 2221 1698 2229 ι
1717 2214 1764 2240 καὶ
1789 2213 1838 2239 σὺν
1863 2213 1903 2248 τῷ

1116 2260 1311 2295 προστάγματι
1339 2260 1372 2286 τδ
1396 2259 1479 2296 έργον
1506 2258 1678 2291 ἐτελειοῦτο,
1706 2259 1757 2294 τῆς
1781 2259 1849 2294 πρὸς
1874 2259 1905 2284 τὸ

1116 2306 1262 2341 ζωογονεῖν
1279 2306 1502 2343 ἐπιτηδειότητος
1517 2305 1703 2341 ἐγγενομένης
1717 2307 1775 2337 τοῖς
1797 2305 1902 2332 ὕδασιν.

1116 2353 1205 2385 Εὐθὺς
1223 2353 1278 2388 γὰρ
1294 2353 1419 2380 θάλασσα
1449 2353 1500 2388 μὲν
1524 2353 1559 2379 τὰ
1581 2352 1742 2380 παντοδαπά
1759 2352 1824 2387 γένη
1849 2352 1904 2378 τῶν

1116 2397 1224 2434 νηκτῶν
1258 2399 1411 2431 ἀπέτεκεν,
1441 2398 1560 2433 ποταμοὶ
1593 2398 1622 2425 δὲ
1650 2399 1699 2425 καὶ
1729 2398 1822 2433 λίμναι
1849 2397 1904 2423 τῶν

1117 2444 1226 2472 οἰκείων
1237 2446 1284 2472 καὶ
1299 2445 1370 2472 κατὰ
1389 2444 1472 2479 φύσιν
1487 2444 1588 2480 ἰχθύων
1602 2443 1812 2480 ἐπληρώθησαν.
1832 2442 1904 2477 Προ-

1117 2490 1205 2525 ήγαγε
1224 2490 1253 2517 δὲ
1268 2489 1344 2522 αὖθις
1370 2491 1466 2518 καὶτὰ
1487 2491 1601 2517 πετεινὰ
1625 2490 1661 2518 τὰ
1682 2490 1779 2523 ὕδατα,
1802 2490 1905 2524 τρόπον

1117 2537 1180 2563 τινὰ
1197 2537 1244 2564 καὶ
1260 2537 1421 2572 συγγένειαν
1436 2537 1507 2572 πρὸς
1519 2537 1554 2563 τά
1570 2536 1658 2572 νηκτὰ
1670 2535 1779 2571 ἔχοντα.
1797 2535 1905 2569 Ὠσπερ

1117 2582 1173 2619 γὰρ
1190 2584 1214 2610 oi
1228 2582 1321 2618 ίχούες
1335 2584 1364 2610 έν
1383 2583 1440 2615 τοῖς
1458 2583 1535 2610 ὕδασι
1552 2584 1586 2618 τῇ
1605 2582 1715 2618 κινήσει
1729 2581 1782 2608 τῶν
1802 2580 1905 2615 πτερύ-

1118 2636 1176 2662 γων
1187 2629 1234 2655 ἐπὶ
1242 2629 1273 2654 τὺ
1284 2628 1378 2664 πρόσω
1386 2629 1531 2665 χωροῦσιν,
1544 2629 1615 2664 τῇδὲ
1626 2629 1712 2664 συχνῇ
1727 2627 1907 2663 μεταστροφῇ

1118 2674 1165 2701 τοῦ
1189 2674 1299 2710 οὐραίου
1317 2675 1367 2707 τὰς
1389 2675 1499 2708 εὐθείας
1520 2675 1612 2707 αὐτοῖς
1631 2675 1721 2710 ὁρμὰς
1737 2672 1907 2706 ὑακίζουσιν,

285 2714 372 2747 οὕτως
386 2716 432 2742 καὶ
447 2715 483 2742 τὰ
503 2717 614 2742 πετεινὰ
629 2717 699 2743 κατά
711 2716 755 2743 τὸν
768 2717 838 2753 ἀέρα
853 2719 992 2753 νηχόμενα
1006 2719 1134 2754 τέμνουσι
1150 2722 1199 2755 μὲν
1213 2720 1318 2753 τοῦτον,
1337 2722 1442 2757 περῶσι
1456 2721 1485 2749 δὲ
1502 2721 1569 2748 ὅπου
1584 2723 1630 2748 καὶ
1649 2719 1801 2756 βούλονται.

861 2776 961 2808 Variae
983 2777 1136 2808 lectiones
1158 2782 1189 2809 et
1212 2781 1306 2810 natm.

318 2833 342 2848 ⁸⁸
360 2832 427 2861 Gen.
440 2841 459 2863 ι,
477 2834 552 2864 9.10.
605 2835 628 2851 ³⁸
644 2835 712 2864 Gen.
728 2845 747 2866 I.
766 2836 854 2868 li,l‘2.

286 2867 316 2892 ιν
344 2875 369 2893 τ.
399 2876 468 2894 κατα
494 2871 586 2903 ερὶσας
614 2871 646 2899 Ρ.
683 2870 733 2899 Th.

286 2901 309 2917 "
326 2900 392 2928 Gen.
420 2910 437 2929 ι.
453 2877 497 2929 ἳδ.

286 2872 316 2892 ιν
344 2875 369 2893 τ.
399 2872 586 2929 καταμερίσας
614 2872 646 2899 Ρ.
683 2872 733 2899 Th.
781 2873 803 2888 ’ν
820 2872 970 2907 πολυμερεῖ
996 2875 1056 2900 end.

286 2901 309 2917 "
326 2900 392 2928 Gen.
420 2910 437 2932 ι,
453 2904 469 2929 2
492 2923 497 2929 .

904 2837 927 2853 “
939 2837 1029 2876 κινηο.
1049 2846 1055 2864 ι

1147 2837 1173 2876 ⁶’,
1185 2839 1374 2876 exemerit:
1393 2839 1455 2867 αοά-
1493 2840 1516 2856 ⁸³
1533 2841 1562 2866 ἐν
1579 2837 1700 2876 ἦὴμέρφ
1717 2839 1759 2867 νει
1774 2837 1910 2876 ﬁdem

1112 2875 1133 2890 ’°
1146 2872 1198 2900 si?
1250 2875 1270 2890 "
1290 2872 1344 2901 καί
1364 2875 1380 2910 ή
1403 2890 1434 2896 -
1456 2872 1644 2910 σημαιιίομένη
1667 2872 1698 2903 1³⁷.
1713 2889 1745 2894 -
1761 2873 1824 2900 καθ.
1847 2873 1911 2900 cod-
