2082 3146
205 176 273 210 1265

235 233 316 269 905
326 233 386 270 [ς’]
403 234 468 268 Περὶ
487 235 545 261 τῶν
559 235 679 270 κτηνῶν
694 237 742 264 καί
759 236 817 262 τῶν
828 235 949 269 θηρίων.

236 291 259 306 ’³
269 290 352 322 Αὖθις
362 291 391 317 δὲ
407 291 436 318 ὲν
451 293 483 327 τῇ
503 291 530 325 ς’
547 293 638 329 ἡμέρᾳ
653 292 795 328 ἐπετράπη
811 301 820 319 ι
839 292 985 326 ὲξαγαγείν

200 336 216 370 ὴ
231 336 265 369 γῆ
275 334 363 370 ψυχὴν
374 335 465 367 ζῶσαν
481 337 552 364 κατὰ
564 338 650 372 γένος,
661 338 815 373 τετράποδα
824 338 870 364 καὶ
880 337 984 373 ἑρπετὰ

199 381 246 406 καὶ
259 379 342 415 θηρία
352 390 359 397 ο
383 389 393 406 ι
419 381 465 408 καὶ
478 382 560 414 εὐθὺς
581 384 723 419 προήγαγε
743 383 777 410 τά
791 391 820 409 τε
835 382 920 418 ἄγρια
937 382 985 410 καὶ

198 425 290 460 ἥμερα
304 425 373 458 ζῶα.
395 427 490 463 Ψυχὴν
510 427 539 454 δὲ
556 427 647 460 ζῶσαν
663 429 810 463 ἐξαγαγεῐν
827 428 982 461 ἐκέλευσεν,

199 469 243 497 ἴνα
256 470 289 496 ὲκ
305 470 400 497 τούτου
425 471 594 508 γινώσκηται
613 473 664 507 τῆς
685 481 714 499 τε
735 472 835 506 ἀλόγου
858 472 948 507 ψυχῆς
966 474 983 508 ἡ

197 515 315 551 διαφορὰ
337 517 384 543 καὶ
399 516 450 551 τῆς
465 517 640 553 ἀνθρωπίνης
655 518 680 535 ⁸⁸
694 526 701 534 ·
722 518 754 545 ἐκ
778 518 832 554 γὰρ
845 518 896 554 γῆς
912 518 982 553 ιφὺη

197 561 251 588 τῶν
263 561 400 597 ἀλόγωνὴ
424 563 508 598 ψυχὴ,
534 564 550 599 ἡ
576 563 604 590 δὲ
631 563 686 591 τῶν
705 563 858 599 ἀνθρώπων
884 563 916 591 ὲκ
934 563 983 591 τοῦ

196 606 268 633 θείου
282 607 480 643 ἔμφυσήματος
496 609 662 644 συνέστηκεν
675 609 698 626 ’⁸
714 616 721 624 ·
741 609 791 636 καὶ
803 609 844 636 ὅτι
865 609 954 644 γεηρὰ
965 609 982 644 ἡ

195 652 250 678 τῶν
263 651 370 686 ἀλόγων
385 652 470 688 ψυχὴ,
490 653 520 685 ἐξ
536 654 622 689 αὐτῆς
637 655 694 681 ἔστι
714 655 816 688 γνῶναι
835 655 918 682 πάλιν
931 655 982 689 τῆς

196 697 307 732 Γραφῆς
321 705 331 714 ⁸
351 697 459 733 εἴρηται
473 699 530 734 γάρ
546 707 553 716 ·
572 709 582 726 ι
600 699 680 735 Ψυχὴ
697 699 795 732 παντὸς
816 700 931 735 κτήνους
952 701 981 726 τὸ

196 742 265 778 αἷμα
278 742 360 770 αὐτοῦ
374 745 448 771 ἐστιν
464 752 471 760 ⁸
489 754 498 771 ο
513 742 582 780 αἷμα
598 745 627 772 δὲ
647 746 822 782 πηγνύμενον
839 747 879 778 εἰς
893 746 981 782 σάρκα

196 788 393 822 μεταϐάλλεται
410 796 418 803 ⁸
434 788 502 824 σὰρξ
523 790 551 817 δὲ
567 790 757 827 φθει[ρομένη]
780 792 820 824 εἰς
841 791 895 826 γῆν
914 791 980 818 ἀνι‹

195 833 298 861 λύεται.
313 834 436 867 Εἰκότως
449 833 498 862 οὖν
511 836 615 872 γεώδης
629 838 645 872 ἡ
663 837 736 873 ψυχὴ
751 837 797 864 τοῦ
815 837 926 872 ἀλόγου.

251 891 302 928 [Z']
323 891 391 926 Περι
410 892 465 926 τῆς
479 892 670 928 κατασκευῆς
683 894 736 922 τοῦ
755 894 925 929 ἀνθρώπου.

234 948 345 984 Ἐπειδὴ
359 948 411 986 [δὲ]
425 949 518 976 λοιπὸν
529 949 581 986 [τῷ
589 951 765 988 καταλλ]ήλῳ
781 952 877 980 κάλλει
889 953 979 981 πάντα

193 994 374 1030 διεκοσμεῖτο,
402 995 417 1022 6
436 995 552 1030 οὐρανὸς
577 996 628 1032 μὲν
657 999 719 1030 ταῖς
738 998 792 1024 τῶν
813 999 978 1035 φωστήρων,

194 1039 499 1077 [αὺγαις,θάλασσα]...
522 1043 552 1070 δὲ
575 1042 623 1071 καὶ
638 1043 692 1078 ἀὴρ
713 1044 770 1076 τοῖς
797 1045 906 1080 νηκτοϊς
932 1045 979 1072 καὶ

193 1088 296 1123 ἀερίοις
309 1088 363 1115 τῶν
375 1088 463 1121 ζώων,
483 1089 519 1124 γῆ
532 1089 562 1116 δὲ
572 1091 632 1122 ταῖς
648 1090 803 1126 [παντοίαις
823 1091 978 1127 διαφοραῖς]

193 1133 247 1160 τῶν
258 1134 348 1168 φυτῶν
359 1143 388 1161 τε
403 1135 451 1162 καὶ
465 1135 658 1172 βοσκημάτων,
678 1136 774 1172 ὥσπερ
786 1137 849 1164 τινὰ
864 1137 979 1172 βασιλέα

192 1179 220 1212 [6
233 1178 279 1205 τοῦ
307 1180 406 1212 παντὸς
430 1182 549 1217 ποιητὴς
572 1181 691 1219 εἰσάγ]ει
713 1183 760 1210 τὸν
783 1183 927 1219 ἄνθρωπον
949 1184 978 1211 ἐν

192 1223 297 1259 κόσμῳ,
319 1225 368 1260 οὐχ
390 1225 428 1257 ὡς
447 1226 603 1263 ἀπόϐλητον
621 1228 735 1264 ἔσχατον
754 1228 845 1265 (206⁸)
870 1229 977 1262 κτίσας,

191 1269 250 1296 ἀλλ’
272 1270 310 1303 ὡς
334 1271 394 1306 ἅμα
416 1273 450 1308 τῇ
466 1273 574 1307 γενέσει
596 1273 749 1309 βασιλεύειν
771 1275 925 1309 ὀφείλοντα.
946 1275 978 1302 Τί

190 1315 245 1352 γάρ
261 1324 343 1352 φησιν
358 1317 374 1351 ἡ
398 1317 513 1352 Γραφήε
535 1327 545 1344 ι
563 1319 619 1345 Καὶ
641 1317 718 1346 εἶπεν
732 1320 747 1346 6
766 1318 834 1351 Θεός
846 1326 854 1334 ο
871 1321 894 1336 ⁸⁸
914 1321 974 1347 Ilot-

190 1362 301 1397 ἠσωμεν
315 1362 458 1396 ἄνθρωπον
482 1365 544 1390 κατ’
568 1364 661 1391 εἰκόνα
685 1364 823 1400 ἡμετέραν
849 1365 897 1392 καὶ
916 1365 978 1392 καθ’

189 1407 331 1443 ὁμοίωσιν.
352 1409 400 1435 καὶ
418 1409 580 1444 ἀρχέτωσαν
604 1410 659 1437 τῶν
682 1410 782 1445 ἰχθύων
802 1410 853 1445 τῆς
877 1410 977 1438 θαλάσ-

191 1462 242 1489 σης
260 1455 308 1481 καὶ
323 1454 378 1481 τῶν
393 1455 525 1482 πετεινῶν
542 1455 590 1483 τοῦ
612 1455 728 1491 οὐρανοῦ
748 1457 794 1483 καὶ
807 1457 861 1484 τῶν
875 1456 978 1493 θηρίων

189 1499 237 1526 καὶ
251 1499 342 1535 πάσης
356 1500 408 1535 τῆς
425 1501 488 1535 γῆς.
507 1510 517 1527 ι
538 1501 593 1528 Καὶ
610 1501 644 1529 τὰ
660 1501 711 1537 μὲν
727 1501 798 1529 ἄλλα
812 1503 901 1530 πάντα
919 1503 977 1530 κτί-

190 1554 282 1581 σματα
294 1546 400 1582 ῥήματι
412 1547 486 1583 μόνῳ
500 1548 629 1585 παρήχθη
641 1557 649 1565 ο
663 1550 677 1576 6
691 1549 727 1576 δὲ,
739 1549 882 1585 ἄνθρωπος
898 1550 977 1585 ἔσχεν

188 1590 328 1626 ἐξαίρετόν
342 1600 369 1619 τι
383 1593 454 1620 κατὰ
469 1593 518 1628 τὴν
538 1593 648 1629 ποίησιν
663 1593 740 1630 παρὰ
759 1594 856 1622 ταῦτα.
873 1595 976 1631 Βουλῆς

188 1637 243 1672 γὰρ
255 1639 489 1673 προηγησαμένης
502 1638 625 1675 ἐκτίσθη.
646 1640 689 1668 ἵνα
712 1641 744 1668 lx
760 1642 855 1669 τούτου
869 1641 974 1678 δειχθῇ.

187 1683 228 1710 ὃτι
248 1692 301 1718 περ
313 1684 403 1719 τίμιόν
418 1693 444 1711 τι
464 1685 559 1721 χρῆμα
574 1685 692 1722 ὑπάρχει
714 1695 720 1702 ·
739 1687 770 1714 τὸ
795 1687 867 1724 γάρ’
885 1697 894 1714 ι
913 1687 975 1714 Ποι-

187 1729 299 1765 ήσωμεν
316 1730 461 1766 ἄνθρωπον
486 1731 549 1758 κατ’
562 1731 657 1758 εἰκόνα
677 1732 816 1767 ἡμετέραν
839 1733 888 1760 καὶ
912 1733 974 1760 καθ’

187 1775 344 1809 ὁμοίωσιν.»
360 1775 436 1802 οὐδὲν
453 1776 547 1812 ἕτερον
565 1776 702 1804 δείκνυσιν
723 1778 739 1812 ἢ
759 1778 801 1804 ὅτι
827 1777 973 1813 συμϐούλῳ

188 1821 323 1856 ἐχρήσατο
337 1822 351 1848 6
365 1821 460 1857 Πατὴρ
473 1821 513 1858 τῷ
534 1824 675 1858 μονογενεῖ
694 1822 777 1850 αὐτοῦ
794 1823 851 1858 Υἰῷ
866 1823 913 1850 hri
938 1824 972 1859 τῇ

187 1866 285 1893 τούτου
297 1870 479 1904 κατασκευῇ]
497 1869 536 1904 τῷ
551 1869 635 1906 θος
650 1870 849 1906 ἀπαυγάσματι
868 1869 918 1905 τῆς
932 1870 975 1897 66-

188 1910 248 1946 ξης,
265 1920 274 1937 ι
300 1912 371 1939 κατὰ
383 1914 429 1940 τὸν
449 1914 622 1948 ’Λπόστολον,
644 1923 654 1941 ι
675 1915 722 1943 καὶ
744 1915 899 1951 χαρακτῆρι
925 1916 974 1950 τῆς

189 1957 364 1990 ὑποστάσεως
377 1959 471 1986 αὑτοῦ.
491 1969 500 1985 ι
523 1959 593 1988 οὔτε
605 1961 662 1996 γὰρ
674 1961 739 1995 ἐνῆν
753 1961 826 1995 ἄλλῳ
841 1960 896 1987 τινὶ
907 1968 977 1994 συμ-

187 2003 275 2040 δούλῳ
298 2005 352 2031 τινὶ
375 2005 527 2040 κεχρῆσθαι
541 2006 557 2040 ἢ
574 2006 613 2041 τῷ
632 2006 723 2037 ζῶντι
738 2007 785 2032 καὶ
801 2006 976 2040 ὲνυποστάτῳ

188 2050 270 2077 αὐτοῦ
286 2051 367 2086 Λόγῳ
380 2050 419 2085 τῷ
440 2051 645 2086 ἀπαραλλάκτῳ
659 2051 722 2078 κατ’
742 2051 833 2078 εἰκόνα
850 2051 897 2078 καὶ
911 2052 976 2085 ὁμο-

186 2097 270 2133 ουσίῳ
282 2096 329 2124 καὶ
345 2096 508 2132 ἰσοδυνάμῳ.
529 2095 590 2132 (Κβ’
602 2096 627 2113 ⁸⁸
639 2096 718 2131 ἔργα,
735 2096 772 2127 ὥς
795 2096 872 2131 λέγει
890 2096 974 2122 Μωῦτ

769 178 1000 210 CHRONICON.
1022 191 1056 199 ο
1077 179 1151 212 LIB.
1172 181 1237 213 VII.

1758 187 1826 218 1266

1231 237 1272 264 Vl.
1293 237 1330 265 De
1349 238 1476 273 jumentis
1492 244 1516 267 et
1528 241 1629 269 bestiis.

1075 291 1158 319 Sexto
1175 293 1218 320 dic
1230 293 1308 328 jussa
1334 299 1375 322 est
1393 305 1402 320 ι
1434 296 1585 329 producere
1609 302 1679 334 terra
1705 299 1822 326 animam

1039 338 1173 365 viventem
1204 339 1231 366 in
1248 347 1347 375 genere
1360 348 1422 373 suo,
1447 342 1648 376 quadrupedes,
1673 344 1778 378 replilia
1796 353 1824 373 et

1039 383 1150 412 bestias.
1166 394 1175 411 ι
1187 385 1221 413 Et
1234 386 1325 414 statim
1335 386 1463 421 produxit
1477 387 1532 415 fera
1543 393 1569 415 et
1581 389 1672 417 cicura
1685 391 1823 418 animalia.

1039 429 1123 457 Porro
1136 430 1214 464 iussa
1237 437 1278 458 est
1304 431 1350 459 illa
1369 433 1519 465 producere
1534 433 1653 461 animam
1675 435 1822 465 viventem.

1038 478 1068 503 ut
1077 475 1175 503 exinde
1187 482 1351 511 agnoscatur
1363 478 1530 506 irrationalis
1545 481 1644 508 animat
1656 481 1691 508 ab
1702 481 1820 508 humana

1036 520 1200 549 discrimen:
1219 529 1252 549 ex
1278 527 1348 550 terra
1376 524 1449 551 enim
1465 529 1593 560 generata
1620 531 1663 554 est
1679 527 1821 554 hrutorum

1036 569 1148 601 aninta,.
1172 570 1312 598 hominum
1339 578 1403 598 vero
1427 571 1519 599 anima
1544 572 1637 600 divino
1669 574 1757 601 aﬂlnta
1780 575 1823 602 ρει

1035 614 1142 649 spiritu.
1159 614 1197 642 Ac
1211 620 1345 643 terrenam
1361 624 1422 644 esse
1434 617 1576 645 brutorum
1589 619 1707 646 animam
1720 627 1751 646 ex
1764 620 1822 654 ipsa

1035 660 1132 688 iterum
1153 666 1225 696 patet
1252 661 1395 697 Scriptura
1423 663 1533 690 dicente
1548 672 1553 691 :
1570 672 1579 689 ι
1611 664 1709 690 Anima
1731 665 1821 692 omnis
1872 677 1875 679 >

1036 707 1128 734 bestite
1158 707 1185 734 in
1220 708 1352 742 sanguine
1381 708 1441 743 ejus
1463 712 1515 736 est.
1535 718 1545 735 ι
1576 709 1694 745 Sanguis
1729 713 1820 737 autem

1034 752 1193 786 coagulatus
1218 752 1244 780 in
1259 760 1368 780 carnem
1381 754 1560 787 convenitur,
1574 758 1602 782 ct
1617 762 1680 782 caro
1693 759 1820 790 corrupta

1034 797 1061 824 in
1076 801 1176 826 terram
1201 798 1356 827 resolvitur.
1379 798 1447 827 Vcre
1469 799 1552 834 igitur
1569 805 1675 829 terrena
1695 805 1736 829 cst.
1746 799 1819 829 bruti

1034 851 1134 872 anima.

1211 899 1263 929 VII.
1287 902 1323 931 De
1342 903 1454 932 hominis
1482 905 1650 940 formatione.

1064 956 1132 984 Cum
1158 958 1213 992 jam
1250 959 1341 987 omnia
1371 967 1492 995 congruo
1520 961 1571 988 sibi
1608 963 1707 990 decore
1722 965 1818 990 ornata

1029 1003 1239 1036 essent,caalnm
1253 1005 1352 1040 quippe
1361 1009 1498 1034 astrorum
1517 1007 1720 1042 splendoribus,
1741 1016 1818 1036 mare

1029 1054 1094 1075 vero
1117 1052 1144 1076 et
1160 1055 1207 1076 aer
1228 1049 1348 1083 piscibus
1376 1055 1403 1078 et
1430 1051 1513 1078 aeriis
1540 1052 1716 1085 animalibus,
1735 1059 1818 1088 atque

1030 1097 1100 1121 terra
1121 1093 1399 1129 diversisplantarum
1425 1100 1452 1123 et
1469 1097 1619 1124 bestiarum
1651 1098 1816 1132 speciebus:

1029 1139 1103 1168 velut
1116 1147 1207 1175 regem
1223 1140 1250 1168 in
1265 1141 1397 1168 mundum
1414 1142 1517 1170 Artifex
1530 1143 1653 1170 omnium
1667 1144 1818 1172 introducit

1030 1185 1179 1219 hominem,
1196 1193 1277 1221 quem
1312 1187 1441 1214 ultimum
1470 1188 1573 1215 creavit
1602 1196 1656 1216 non
1688 1193 1818 1224 tanquam

1029 1230 1176 1266 abjectum,
1205 1232 1252 1260 sed
1273 1236 1303 1259 ut
1328 1232 1419 1260 statim
1450 1233 1483 1260 ab
1500 1237 1561 1260 crtn
1585 1239 1718 1268 regnaret.
1745 1233 1817 1266 Quid

1029 1277 1103 1303 enim
1118 1276 1185 1304 dicit
1204 1277 1368 1311 Scriptura?
1385 1286 1393 1302 ι
1411 1276 1442 1304 Et
1463 1277 1530 1304 dixit
1554 1276 1646 1304 Deus:
1672 1276 1817 1305 Faciamus

1030 1322 1167 1349 hominem
1186 1321 1220 1349 ad
1244 1321 1389 1356 imaginem
1414 1326 1442 1350 et
1457 1322 1660 1350 similitudinem
1674 1327 1814 1355 nostram;

1028 1371 1055 1393 et
1080 1367 1172 1402 praesit
1200 1366 1321 1401 piscibus
1343 1367 1439 1398 maris,
1462 1372 1487 1394 et
1516 1367 1674 1396 volatilibus
1697 1368 1770 1400 coeli.
1789 1373 1817 1395 et

1028 1411 1134 1444 bestiis,
1165 1411 1352 1448 universasque
1378 1417 1489 1441 terrae.-
1523 1413 1674 1441 Et-caztcm:
1704 1413 1814 1448 quidem

1029 1460 1164 1484 creatura:
1200 1465 1255 1485 uno
1272 1458 1356 1485 vcrbo
1384 1458 1525 1493 producme
1551 1463 1635 1492 sunt;
1651 1458 1733 1491 homo
1751 1466 1817 1486 vero

1029 1501 1123 1529 in-sua
1152 1501 1318 1530 formatione
1345 1501 1472 1529 nonnihil
1488 1501 1523 1529 ab
1557 1501 1613 1530 illis
1637 1502 1812 1537 disciepuit:

1030 1547 1146 1575 consilio
1171 1546 1244 1575 enim
1273 1547 1423 1583 praehabito
1453 1552 1562 1576 creatus
1580 1553 1632 1580 est,
1656 1553 1686 1575 ut
1713 1548 1813 1576 exinde

1029 1593 1218 1620 ostenderetur
1233 1599 1294 1620 eum
1311 1600 1372 1622 esse
1386 1593 1488 1628 aliquid
1503 1593 1628 1627 pretiosi.
1640 1592 1706 1620 Illud
1716 1593 1788 1620 enim
1804 1601 1812 1619 :

1031 1647 1041 1664 ι
1055 1637 1199 1667 Faciamus
1213 1638 1351 1667 hominem
1366 1639 1400 1666 ad
1429 1639 1575 1674 imaginem
1603 1643 1632 1666 et
1656 1638 1814 1666 similitudi-

1029 1689 1090 1709 nem
1115 1687 1266 1716 nostramp
1283 1683 1351 1711 nihil
1365 1683 1438 1711 aliud
1453 1684 1590 1720 significat
1605 1688 1687 1719 quam
1705 1684 1813 1711 Patrem
1832 1704 1835 1708 .

1027 1730 1061 1758 de
1074 1730 1193 1758 hominis
1203 1730 1366 1759 formatione
1377 1731 1536 1760 consiliario
1548 1739 1628 1759 usum
1643 1730 1730 1758 fuisse
1743 1729 1814 1756 Filio

1027 1783 1076 1803 suo
1091 1776 1298 1812 unigenito,qui
1308 1780 1362 1810 est,
1375 1777 1453 1812 juxta
1467 1777 1641 1812 Apostolum,
1657 1786 1667 1802 ι
1683 1774 1813 1811 splendor

1027 1821 1128 1856 εισι-ἱππ,
1144 1826 1170 1849 et
1189 1822 1275 1857 ﬁgura
1284 1822 1442 1850 substantiae
1459 1823 1531 1857 ejus.
1549 1831 1559 1848 ι
1580 1821 1659 1849 Nullo
1669 1822 1742 1848 enim
1760 1821 1815 1848 alio

1028 1867 1186 1895 consiliario
1200 1868 1237 1895 uti
1264 1871 1370 1903 poterat
1396 1875 1480 1903 quam
1505 1869 1612 1895 vivente
1628 1873 1655 1895 et
1679 1866 1814 1902 pcrsonali

1028 1920 1080 1940 suo
1097 1912 1202 1946 Verbo,
1218 1912 1291 1947 quod
1307 1917 1349 1940 est
1360 1912 1451 1948 imago
1469 1913 1530 1948 ejus
1549 1912 1729 1940 immutabilis
1748 1920 1815 1940 con-

1025 1958 1269 1993 substantiallsque
1286 1962 1314 1986 et
1329 1958 1484 1992 cotequalis.
1501 1958 1559 1985 Duo
1575 1962 1602 1986 et
1616 1957 1711 1992 viginti
1720 1964 1814 1991 opera,

1026 2008 1054 2030 ut
1068 2003 1134 2030 dicit
1152 2002 1252 2035 Ποσει,
1264 2003 1328 2030 fecit
1342 2002 1413 2030 Deus
1424 2003 1495 2029 intra
1507 2009 1553 2029 sex
1569 2002 1627 2029 dies
1638 2010 1645 2029 :
1657 2002 1748 2036 itaque
1759 2001 1815 2029 duo

1024 2053 1052 2076 et
1062 2048 1156 2083 viginti
1167 2048 1272 2081 litterae,
1282 2047 1449 2083 totidemque
1457 2047 1518 2075 libri
1532 2047 1672 2082 suntapud
1682 2046 1814 2080 Hebreos,

1023 2099 1051 2122 et
1062 2093 1158 2129 viginti
1173 2093 1228 2121 duo
1244 2092 1435 2128 generationes
1449 2093 1483 2120 ab
1500 2093 1587 2121 Adam
1613 2092 1647 2120 ad
1661 2092 1757 2120 Jacob.

187 2143 249 2176 σῆς,
263 2142 372 2169 ἔκτισεν
385 2143 400 2169 6
420 2142 488 2174 Θεδς
503 2143 532 2168 ὲν
550 2143 609 2174 ταῖς
622 2143 649 2175 ς’
665 2143 800 2178 ἡμέραις·
832 2142 872 2169 διδ
887 2142 935 2168 καὶ
965 2139 1008 2175 κβ¹
1025 2139 1177 2176 γράμματα
1198 2139 1246 2166 καὶ
1269 2138 1359 2174 βιϐλία
1375 2139 1498 2166 τοσαῦτα
1518 2139 1585 2175 παρ’
1604 2139 1742 2175 Ἑϐραίοις
1766 2137 1813 2166 καὶ

186 2186 229 2222 »ιβ’
249 2187 409 2222 γενεαρχίαι
420 2185 475 2213 ἀπὸ
487 2185 575 2220 Ἀδὰμ
586 2186 669 2222 μέχρι
684 2186 807 2221 Ἰακώϐ.)

362 2246 417 2283 [ιιι]
432 2247 484 2279 Εἰς
496 2246 542 2278 τὸ,
563 2245 649 2273 «Κατ’
662 2245 790 2274 slxdraa

227 2302 336 2338 Ἐπειδὴ
351 2302 451 2335 τοίνυν,
463 2302 501 2334 ὼς
525 2301 647 2338 εἴρηται,
659 2301 786 2337 βασιλεὺς
801 2301 895 2336 ὥσπερ
911 2303 970 2330 εἰσ-

185 2350 255 2386 ήχθη
275 2350 305 2376 ιν
331 2349 428 2384 κόσμῳ
446 2349 460 2375 6
480 2347 635 2384 ἄνθρωπος,
651 2348 766 2380 εἰκότως
781 2348 829 2376 οὖν
848 2349 894 2375 καὶ
908 2349 969 2376 κατ’

185 2395 278 2423 εἰκόνα
291 2393 359 2422 Θεοῦ
373 2394 539 2429 γεγένηται·
553 2394 608 2421 ἔδει
629 2394 684 2429 γὰρ
698 2394 744 2421 τὸν
754 2394 898 2429 μέλλοντα
920 2394 970 2430 ἆρ-

184 2450 244 2476 χειν
259 2440 313 2467 τῶν
327 2439 427 2472 ἄλλων,
452 2439 548 2475 ὥσπερ
566 2438 628 2466 τινὰ
644 2439 737 2466 εἰκόνα
759 2437 828 2466 εἶναι
849 2439 970 2475 ἔμψυχον

184 2486 233 2520 τῆς
249 2484 297 2512 τοῦ
320 2484 454 2520 βασιλέως
467 2483 702 2519 όμοιότητος,.οὐκ
714 2485 744 2511 ἐν
761 2483 908 2519 πορφυρίδι
924 2485 971 2511 καὶ

185 2531 318 2566 σκήπτρῳ
331 2529 378 2557 καὶ
391 2529 537 2564 διαδήματι
548 2528 598 2564 τὴν
612 2527 691 2561 ἀξίαν
707 2527 884 2563 ἐμφαίνοντα,
900 2529 972 2555 ἐπει-

183 2577 215 2612 δὴ
229 2577 298 2612 μηδὲ
314 2576 345 2603 τὸ
366 2575 521 2610 ἀρχέτυπον
538 2575 568 2601 ἐν
586 2573 692 2606 τούτοις
711 2573 796 2605 ἐστὶν,
811 2573 868 2600 ἀλλ’
887 2575 917 2600 ὲν
931 2574 971 2609 τῷ

185 2623 348 2658 κοσμεῖσθαι
370 2623 405 2657 τῇ
422 2620 564 2656 ἀφθαρσίᾳ
581 2621 629 2647 καὶ
651 2619 789 2655 ἀθανασίᾳ
803 2620 850 2646 καὶ
866 2620 969 2655 ἀρετῇ·

184 2670 290 2702 τούτοις
314 2669 369 2704 γὰρ
394 2668 521 2703 τιμηθεὶς
538 2668 553 2694 6
572 2666 716 2702 ἄνθρωπος
735 2667 784 2702 τὴν
800 2667 868 2701 amb;
883 2667 906 2683 "
921 2668 971 2702 τὴν

1168 2243 1235 2272 νιιι.
1256 2243 1290 2271 In
1304 2243 1383 2271 illud:
1402 2253 1412 2269 ι
1426 2244 1466 2272 Ad
1484 2245 1643 2280 imaginem.
1659 2255 1668 2271 ι

1059 2301 1206 2334 Quoniam,
1233 2305 1263 2328 ut
1279 2300 1385 2329 dictum
1400 2306 1452 2335 est,
1469 2302 1545 2330 velut
1561 2309 1608 2329 rex
1633 2302 1660 2329 in
1676 2302 1813 2331 mundum

1025 2347 1196 2376 introductus
1212 2353 1254 2376 est
1267 2348 1360 2380 homo,
1373 2338 1567 2377 conveniénter
1586 2349 1670 2384 igitur
1693 2349 1727 2376 ad
1745 2349 1810 2376 ima-.

1024 2393 1114 2428 ginem
1130 2393 1179 2421 Dei
1199 2392 1292 2421 factus
1320 2398 1373 2421 est.
1387 2391 1509 2422 Necesse
1533 2394 1606 2422 enim
1623 2399 1735 2427 eratut,
1751 2394 1813 2422 aliis

1025 2439 1203 2475 praefuturus,
1218 2440 1374 2468 vivaesset
1399 2440 1470 2476 regis
1484 2440 1583 2475 imago.
1606 2445 1633 2469 ct
1646 2441 1810 2474 similitudo,

1023 2493 1077 2513 non
1090 2493 1210 2521 purpura
1228 2491 1395 2522 sceptroque
1416 2494 1451 2514 ac
1476 2486 1630 2515 diademate
1651 2495 1729 2515 suam
1754 2495 1806 2514 ma-

1024 2531 1158 2560 nifestans
1175 2532 1346 2567 dignitatem,
1365 2540 1427 2560 cum
1439 2532 1496 2568 ipse
1513 2533 1678 2568 archetypus
1693 2533 1736 2561 his
1754 2541 1809 2561 non

1024 2577 1167 2612 refulgeat,
1182 2577 1230 2606 sed
1245 2585 1279 2606 eo
1292 2577 1366 2613 quod
1378 2582 1497 2606 ornetur,
1518 2579 1738 2613 incorruptione,
1760 2579 1811 2606 im-

1024 2624 1190 2652 mortalitate
1205 2631 1248 2652 ac.
1263 2624 1374 2652 virtute.
1394 2624 1445 2653 llis
1454 2625 1527 2654 enim
1549 2625 1711 2653 nobilitatus
1727 2625 1810 2652 homo

1024 2674 1113 2696 si-rvat
1135 2670 1298 2706 exemplaris
1314 2670 1460 2705 imaginem
1484 2676 1510 2698 et
1526 2671 1742 2699 similittulincm.
1765 2670 1808 2698 Li-

769 2749 866 2780 Variee
880 2749 1032 2782 lectiones
1055 2756 1085 2783 et
1102 2756 1197 2784 noue.

261 2832 329 2860 Gen.
349 2833 421 2865 μοι.
460 2832 627 2875 τοῦιανου
683 2831 749 2875 Th.“
771 2832 922 2875 "fovisti;

1031 2855 1038 2862 .
1057 2836 1082 2864 τ).
1101 2836 1166 2865 ch.
1181 2845 1244 2872 xm,
1261 2837 1348 2873 ll,li.
1361 2837 1391 2874 ψ.
1406 2838 1496 2875 πάσης
1511 2840 1621 2875 σαρκός.
1660 2837 1767 2867 "1%..
1790 2854 1808 2859 ο

185 2866 208 2884 ⁸⁷
225 2867 291 2896 lleh.
308 2877 327 2904 ι,
345 2869 372 2897 5.
410 2869 432 2909 (⁸
448 2866 489 2904 κβ*
503 2882 536 2887 -
556 2866 651 2895 Ἰακώϐ
667 2867 759 2895 οιιι.Ρ.
797 2868 818 2884 ’³
837 2868 903 2903 πρίμς
921 2868 963 2895 τόν
977 2871 1037 2899 cod.
