2082 3146
279 191 345 225 1271

383 250 455 279 Xlll.
474 250 512 279 De
531 250 601 286 ligno
622 250 738 278 tciemiw
758 250 819 277 boui
836 256 860 277 et
882 250 957 277 mali.

313 343 366 371 Sed
392 351 427 371 ne
450 343 512 378 quis
534 343 684 370 arbitretur
711 342 763 370 boc
792 342 896 378 lignum
929 342 1064 378 ejusmodi

277 388 362 416 fuisse
375 393 406 416 ut
417 388 560 416 scientiam
580 388 657 415 daret
671 387 734 414 boni
750 392 776 415 et
792 388 873 421 mali;
902 388 970 416 nihil
992 389 1063 416 enim

277 437 337 460 erat
351 433 479 461 nocivum
495 433 521 460 in
538 432 682 468 paradiso;
700 432 746 460 sed
758 433 791 460 ad
807 433 878 460 hunc
891 434 971 461 tinem
982 434 1064 462 arbor

278 479 324 506 illa
356 479 502 507 constituta
528 484 589 506 erat
616 483 645 506 ιιι
671 483 846 506 exerceretur
878 480 999 507 libertas.
1031 479 1065 506 Et

276 525 380 560 lignum
396 525 467 552 haud
486 523 570 551 fuisse
583 524 689 551 Adatuo
709 532 819 551 causam
834 525 955 552 scientite
971 529 1042 560 patet
1054 533 1064 552 :

276 578 338 598 nam
360 574 523 605 prteceptum
539 570 630 597 datutn
645 576 686 598 est
706 575 834 605 tanquam
851 572 1001 599 scientibus
1015 572 1065 599 bo-

276 624 341 643 nunt
356 621 384 643 et
400 617 511 648 malum,
537 616 719 644 obedientiam
735 621 760 644 et
779 617 1002 650 inobedieutiam,
1027 617 1064 644 ita

275 667 306 689 ut
332 662 446 690 scientia
472 663 629 690 mandatum
658 664 830 698 prtecesset'it
857 673 863 691 :
894 664 946 691 hoc
972 669 1064 692 autem

275 708 368 735 datum
384 712 437 739 est,
448 709 520 736 sicut
533 709 665 743 diximus,
691 714 730 741 ut,
746 710 809 744 quia
829 710 914 737 libera
928 711 1065 738 volutttate

276 759 368 782 tuotus
382 755 465 782 homo
479 763 576 783 secure
589 756 699 789 quidem
717 757 750 783 de
765 757 893 784 omnibus
907 756 969 784 aliis
983 757 1065 784 arbo-

276 800 351 828 ribus
363 805 469 836 poterat
479 809 596 833 sumerc,
609 802 643 829 ab
654 809 707 829 una
719 806 807 829 autem
818 810 866 836 per
876 803 960 837 legem
971 803 1065 836 probi-

275 845 333 873 blla
348 846 487 874 abstinere
501 847 629 878 debebat.
645 853 824 882 cognosceret
841 855 870 874 se
885 847 1064 874 dominationi

275 892 390 920 subesse
411 893 485 920 illius
501 893 547 928 qui
574 898 736 928 praeceptum
761 894 882 921 dederat.
911 894 994 921 Erant
1019 894 1066 928 igi-

275 943 320 965 tur
336 938 364 966 in
383 939 533 974 purissimo
547 939 599 968 hoc
621 940 681 968 loco
704 940 827 968 Adamus
843 945 870 968 et
888 939 942 967 Eva
964 940 1065 975 degen-

274 989 316 1012 tes
343 985 596 1021 itnmortaliumque
622 986 718 1013 llorum
743 986 873 1014 varietate
895 985 1067 1013 abundanter

275 1030 408 1059 fruentes.

444 1136 514 1166 XIV.
536 1137 574 1165 De
593 1137 700 1165 diabolo
718 1143 742 1165 et
764 1143 893 1173 serpenle.

313 1193 348 1220 At
382 1197 485 1222 natura:
519 1198 622 1222 nostra:
654 1193 800 1226 inimicus,
840 1197 922 1221 tantae
949 1193 1067 1222 hominis

278 1238 404 1275 dignitati
421 1239 556 1273 invidens,
577 1243 673 1267 contra
689 1247 751 1267 eutn
769 1240 869 1267 bellum
891 1241 1023 1274 suscepit,
1040 1246 1068 1268 et

277 1291 430 1321 serpentem
443 1286 584 1322 ingressus
597 1286 683 1314 astitit
696 1286 814 1319 mulieri,
827 1286 938 1314 absente
949 1286 1065 1319 Adamn,

278 1337 310 1358 ac
326 1331 420 1359 dolose
437 1331 508 1359 banc
522 1331 633 1359 deﬂexit
649 1339 663 1358 a
687 1332 772 1364 bono.
795 1332 988 1366 Adamumque
1004 1340 1066 1360 eum

277 1384 309 1404 ea
326 1376 432 1410 fefellit,
457 1382 483 1405 et
505 1378 600 1406 ambos
617 1379 682 1407 fecit
708 1379 776 1414 legis
798 1379 896 1406 divinat
915 1385 1067 1414 transgres-

277 1430 366 1451 sores.
409 1423 446 1450 De
484 1423 532 1451 illo
564 1424 636 1451 ettim
672 1425 813 1459 Scriptura
846 1425 887 1452 sic
916 1425 1065 1460 loquitur:

281 1478 291 1494 ε
308 1469 427 1503 Serpens
442 1474 500 1497 erat
516 1469 641 1497 callidior
655 1469 762 1497 cunctis
776 1469 964 1498 animantibus
976 1474 1065 1503 terrte,

277 1522 339 1549 qua:
357 1514 459 1542 fecerat
472 1515 606 1543 Dominus
623 1515 705 1544 Deus.
722 1525 734 1542 ι
753 1516 874 1544 Callidus
892 1521 1006 1544 vocatus
1025 1520 1068 1543 est

279 1567 402 1595 serpens,
419 1561 483 1596 quia
498 1561 651 1595 hominem,
668 1562 771 1589 animal
786 1562 929 1595 rationale,
950 1562 1068 1597 aliisque

279 1606 456 1641 intelligentia
472 1612 658 1642 praestantem,
685 1608 850 1643 decepturus
874 1613 943 1636 erat.
965 1608 1068 1636 Deinde

279 1652 356 1679 addit
372 1661 381 1681 :
399 1661 409 1677 ι
425 1651 458 1680 Ει
472 1653 542 1681 dixit
557 1661 672 1689 serpens
689 1653 722 1680 ad
735 1653 878 1681 mulierem
901 1663 908 1681 :
928 1653 985 1681 Cur
999 1661 1069 1688 prte-

279 1697 352 1733 eepit
369 1698 448 1726 vobis
463 1698 535 1727 Deus
549 1703 580 1727 ut
593 1707 646 1726 non
662 1699 842 1727 comederetis
857 1700 891 1726 de
905 1699 979 1727 omni
996 1699 1070 1734 ligno

280 1743 424 1778 paradisi?
441 1745 491 1772 Cui
515 1745 656 1780 respondit
679 1745 777 1772 mulier
802 1754 809 1772 :
838 1745 876 1773 De
896 1745 972 1773 onttti
995 1745 1069 1780 ligno

281 1789 401 1823 paradisi
415 1791 600 1823 comedimus;
621 1791 654 1818 de
667 1790 756 1818 fructu
778 1798 844 1818 vero
859 1791 924 1826 ligni
938 1791 1010 1826 quod
1029 1796 1071 1818 est

282 1834 310 1861 itt
326 1835 417 1861 medio
439 1835 570 1869 paradisi,
596 1836 724 1870 przecepit
739 1837 819 1864 nobis
835 1837 907 1865 Deus
922 1844 957 1864 ne
980 1844 1071 1864 come-

281 1879 412 1907 deremus
432 1884 460 1907 et.
477 1887 511 1907 ne
527 1884 703 1916 tangeremus
718 1881 799 1913 illud.
824 1888 859 1908 ne
881 1881 952 1909 forte
967 1882 1070 1909 moria-

282 1933 356 1954 mur.
373 1935 383 1953 ν
405 1926 447 1953 An
476 1933 591 1962 serpens
618 1927 711 1955 verbis
734 1934 802 1955 usus
827 1932 869 1956 est
897 1927 1072 1955 articulatis?

282 1971 479 2008 Nequaquam;
507 1973 554 2001 sed
581 1972 661 2008 primi
688 1977 815 2008 parentes
840 1973 931 2001 omnis
960 1973 1072 2002 malitia:

282 2020 430 2052 immunes,
443 2027 541 2048 sensus
558 2020 694 2047 habebant
705 2019 879 2047 acutissimos
889 2024 917 2047 ct
932 2019 1011 2055 longe
1023 2027 1072 2047 no-

281 2065 349 2094 atris
364 2065 579 2101 prtestantiores,
595 2066 631 2093 ita
647 2070 677 2093 ut
688 2072 782 2092 eorum
798 2065 909 2093 auditus
922 2066 1072 2100 quamlibet

281 2118 377 2139 vocem
393 2111 532 2146 percipere
555 2115 659 2146 posset.
680 2111 816 2138 Animalia
844 2119 952 2146 quoque
977 2116 1003 2139 ct
1025 2112 1071 2147 ju-

282 2162 374 2184 meuta
390 2156 520 2184 dicuntur
534 2156 598 2184 olim
611 2156 675 2183 labii
691 2155 772 2184 unius
793 2155 893 2189 fuisse;
920 2164 982 2184 cum
1006 2164 1071 2184 vero

280 2203 406 2230 Adamus
426 2203 477 2230 fuit
494 2204 703 2235 condemnatus,
733 2207 798 2230 tunc
824 2210 855 2229 ea
880 2203 1068 2236 obmutuisse;

281 2256 314 2276 ac
340 2253 493 2284 serpentem
511 2254 667 2277 truncatum
683 2256 743 2276 eSse
758 2249 873 2283 pedibus
897 2254 925 2276 et
947 2255 1070 2284 reptasse
1086 2267 1108 2294 υ

282 2295 368 2326 humi,
381 2303 571 2330 venenumque
587 2303 670 2330 super
679 2295 839 2330 ejuslittgua
857 2303 917 2322 esse
938 2296 1069 2330 positum.

282 2341 386 2369 Deinde
410 2342 552 2376 Scriptum
578 2342 696 2370 subdit:
717 2351 725 2367 t
744 2335 814 2369 Dixit
842 2347 932 2369 autem
958 2350 1071 2377 serpens

281 2388 314 2415 ad
333 2387 473 2415 mulierem
492 2397 499 2415 :
517 2387 700 2423 Nequaquam
725 2392 813 2414 morte
832 2388 997 2421 moriemini,
1019 2388 1072 2416 scit

279 2435 352 2463 enim
371 2434 442 2462 Deus
459 2434 532 2469 quod
546 2434 572 2461 in
591 2442 756 2470 quocunque
781 2434 826 2462 die
849 2434 1022 2462 comederitis
1037 2443 1070 2461 ex

278 2490 322 2513 en,
350 2481 510 2516 aperientur
534 2481 606 2508 oculi
632 2482 730 2513 vestri,
760 2486 788 2509 et
819 2481 896 2508 eritis
924 2481 995 2508 sicut
1021 2481 1070 2514 dii,

279 2529 400 2556 scientes
410 2527 512 2555 bonum
524 2534 552 2554 et
566 2527 679 2554 malunt.
703 2527 775 2555 Vidit
789 2528 872 2563 igitur
885 2528 983 2555 mulier
997 2528 1070 2563 quod

279 2572 384 2600 bonum
399 2577 473 2600 esset
496 2572 601 2607 lignutn
619 2572 653 2599 ad
670 2573 848 2604 vescendum,
873 2578 900 2600 ct
924 2573 1068 2608 pulchrum

279 2619 386 2652 oculis.
414 2624 583 2654 aspectuque
612 2619 772 2646 delectabile
801 2628 808 2646 :
837 2624 865 2647 et
890 2621 1009 2654 sumpsit
1036 2620 1070 2647 de

279 2665 372 2692 [ructu
399 2664 482 2696 illius.
507 2669 535 2692 et
559 2665 688 2697 comedit,
716 2664 846 2700 deditque
872 2664 930 2692 viro
956 2672 1018 2697 suo,
1044 2669 1071 2692 et

875 191 1036 223 GEORGII
1057 191 1286 224 HAMARTOLI

1837 194 1904 226 1272

1116 251 1204 287 (207a)
1222 251 1284 288 [1Γ’]
1301 251 1370 287 Περὶ
1386 251 1439 279 τοῦ
1457 253 1551 284 ξύλου
1571 254 1729 288 γινώσκειν
1742 253 1839 280 καλὸν
1855 255 1903 282 καὶ

1439 288 1580 322 πονηρόν.

1157 343 1238 371 Ἀλλὰ
1255 345 1293 380 μή
1310 353 1351 376 τις
1367 344 1510 377 ὑπολάϐοι,
1530 345 1570 371 δτι
1591 345 1621 371 re
1634 344 1712 378 ξύλον
1726 345 1854 381 τοιαύτης
1870 343 1904 381 ἦν

1115 388 1234 422 φύσεως,
1251 390 1288 421 ὡς
1303 389 1405 424 γνῶσιν
1421 391 1553 426 παρέχειν
1574 391 1658 418 καλοῦ
1670 399 1700 418 τε
1713 392 1760 418 καὶ
1772 393 1857 419 κακοῦ
1869 408 1904 413 -

1114 436 1145 462 οὐ
1161 436 1214 470 γὰρ
1230 436 1262 471 δὴ
1277 436 1409 472 βλαϐερόν
1425 446 1450 464 τι
1467 435 1501 473 ἦν
1518 437 1547 464 ἐν
1562 437 1601 472 τῷ
1619 437 1778 473 παραδείσῳ
1793 453 1827 457 -
1841 439 1904 473 ὅρος

1115 481 1142 507 δὲ
1157 481 1235 517 ἐτέθη
1258 482 1304 508 ἐπὶ
1317 482 1355 517 τῷ
1372 483 1448 517 φυτῷ
1473 483 1541 517 πρὸς
1556 483 1712 518 γυμνασίαν
1735 483 1784 518 τῆς
1799 484 1903 510 ἐλευθε-

1116 526 1252 561 ριότητος.
1271 527 1325 553 Καὶ
1338 528 1378 553 ὅτι
1391 527 1420 553 οὖ
1434 527 1464 554 τὸ
1486 528 1563 560 ξύλον
1581 528 1668 554 αἴτιον
1686 528 1725 563 τῷ
1736 529 1824 563 Ἀδάμ
1834 529 1904 562 γνά-

1116 581 1185 603 σεως
1201 573 1307 606 γέγονε.
1321 573 1416 608 δῆλον·
1432 574 1448 608 ἡ
1462 573 1516 609 γὰρ
1533 574 1628 609 ἐντολὴ
1647 573 1684 605 ὡς
1701 575 1722 590 ¹⁹
1737 575 1804 609 πρὸς
1819 575 1903 601 εἰδότε

1115 619 1198 654 ἄμφω
1222 619 1310 654 ἐδόθη,
1334 620 1364 646 τό
1385 628 1414 646 τε
1433 621 1515 647 καλὸν
1532 621 1627 648 καὶτὸ
1649 621 1777 657 πονηρὸν,
1802 622 1851 656 τήν
1874 630 1903 647 τε

1116 664 1239 700 ὑπακοὴν
1255 666 1300 691 καὶ
1310 665 1359 701 τὴν
1374 666 1528 702 παρακοήν,
1543 666 1612 693 ὥστε
1625 667 1641 702 ὴ
1653 667 1750 701 γνῶσις
1766 667 1903 702 προῦλαϐε

1115 711 1164 746 τὴν
1193 711 1313 747 ἐντολήν,
1335 712 1447 739 Δέδοται
1472 713 1500 739 δὲ
1516 713 1586 749 αὐτὴ
1610 714 1654 740 διὰ
1668 713 1709 745 τὺ,
1725 713 1762 745 ὼς
1785 714 1903 749 εἴρηται,

1116 757 1282 794 αὑτεξουσίῳ
1313 758 1467 795 βουλήματι
1489 760 1651 795 κινούμενον
1677 760 1724 787 τὸν
1749 760 1904 796 ἄνθρωπον,

1115 805 1160 831 ἐπ’
1178 805 1271 837 ἀδείας
1288 814 1317 832 τε
1341 805 1438 841 ἔχοντα
1462 807 1516 833 ἀπὸ
1542 807 1652 834 πάντων
1685 806 1908 842 μεταλαμϐάνειν

1115 851 1169 878 τῶν
1182 850 1270 878 ἄλλων
1283 851 1410 887 δένδρων,
1425 852 1484 884 ἑνὸς
1501 853 1530 880 δὲ
1550 853 1632 888 μόνου
1644 853 1719 888 νόμῳ
1738 862 1906 889 προσταττο-

1119 897 1201 932 μέπιου
1228 898 1379 933 ἀπέχεσθαι
1395 899 1430 932 ὀ,
1450 899 1596 932 γινώσκειν
1626 899 1663 931 ὡς
1693 899 1745 925 ὑπὸ
1772 899 1906 934 δεσπότην

1118 944 1177 970 ἐστὶ
1192 944 1213 959 ²¹
1228 944 1277 971 καὶ
1291 944 1341 980 τὴν
1362 944 1473 980 ἐντολὴν
1486 945 1631 972 δεδωκότα.
1653 943 1745 972 Ἶισαν
1759 943 1805 972 οὖν
1827 946 1855 972 ἐν
1868 946 1907 980 τῷ

1117 988 1305 1024 καθαρωτάτῳ
1321 989 1410 1024 τούτῳ
1422 990 1499 1025 τόπῳ
1513 990 1527 1016 ὅ
1542 998 1572 1016 τε
1595 989 1681 1024 Ἀδὰμ
1691 990 1737 1016 καὶ
1750 991 1766 1025 ἡ
1782 989 1838 1017 Εὕα
1854 990 1908 1017 διά.

1117 1041 1212 1066 γοντες
1225 1034 1274 1060 καὶ
1289 1035 1322 1070 τῇ
1339 1034 1463 1069 ποικιλίᾳ
1482 1034 1537 1061 τῶν
1552 1034 1696 1062 ἀθανάτων
1709 1034 1813 1062 ἀνθέων
1829 1034 1907 1070 δαψι-

1119 1079 1171 1111 λῶς
1184 1079 1378 1112 ἀπολαύοντες.

1134 1137 1217 1172 910
1241 1136 1303 1173 [Μ’]
1318 1136 1389 1172 Περὶ
1403 1137 1456 1164 τοῦ
1475 1138 1618 1165 διαϐόλου
1638 1138 1688 1166 καὶ
1703 1138 1756 1165 τοῦ
1769 1138 1873 1173 ὄφεως.

1160 1193 1231 1219 ’Δλλ’
1250 1193 1264 1219 ὁ
1289 1193 1387 1229 ἐχθρὸς
1402 1193 1453 1228 τῆς
1470 1194 1612 1229 ἡμετέρας
1637 1193 1745 1229 φύσεως
1769 1194 1908 1228 βασκήνας

1117 1238 1163 1265 ἐπὶ
1175 1239 1208 1274 τῇ
1228 1238 1313 1274 πολλῇ
1330 1240 1396 1275 τιμῇ
1416 1239 1464 1266 τοῦ
1478 1239 1624 1276 ἀνθρώπου
1638 1240 1685 1267 καὶ
1705 1240 1801 1274 φθόνον
1816 1241 1910 1274 ἐγκισ-

1119 1283 1205 1319 σήσας
1218 1283 1252 1316 ³³,
1269 1283 1315 1309 τὸν
1341 1284 1410 1318 πρὸς
1427 1284 1510 1310 αὑτὸν
1527 1285 1612 1320 ᾔρατο
1636 1285 1766 1320 πόλεμον,
1792 1286 1840 1312 καὶ
1860 1286 1906 1311 τὸν

1117 1329 1179 1364 ὄφιν
1195 1329 1272 1361 ἐνδὺς
1290 1330 1392 1365 ὲπὲστη
1412 1331 1444 1365 τῇ
1469 1331 1590 1365 γυναικὶ,
1606 1331 1721 1362 ἀπόντος
1743 1331 1790 1358 τοῦ
1812 1331 1908 1366 Ἀδὰμ,

1119 1375 1166 1402 καὶ
1188 1375 1351 1412 πανούργως
1372 1375 1458 1411 αὐτὴν
1483 1376 1528 1402 τοῦ
1557 1377 1745 1412 συμφέροντος
1770 1385 1908 1412 παρατρε-

1117 1423 1238 1458 ψάμενος
1252 1422 1297 1449 διὰ
1317 1421 1433 1456 ψεύδους
1455 1423 1504 1450 καὶ
1521 1424 1568 1450 τδν
1582 1423 1670 1459 Ἀδὰμ
1695 1423 1781 1460 ταύτῃ
1799 1424 1910 1457 συνεξα-

1119 1469 1255 1505 πατήσας,
1275 1469 1439 1505 παραϐάτας
1459 1468 1507 1496 τοῦ
1523 1469 1595 1496 Θείου
1613 1469 1802 1506 παρεσκεὺασε
1824 1470 1908 1502 νόμου

1119 1515 1295 1550 γεγενῆσθαι.
1321 1515 1405 1550 Λέγει
1422 1515 1477 1550 γὰρ
1491 1516 1508 1550 ἡ
1533 1515 1631 1551 Γραφὴ
1646 1516 1710 1551 περὶ
1722 1516 1818 1542 τούτου
1838 1514 1889 1543 ὦδε
1900 1523 1907 1531 ·

1123 1571 1132 1588 ι
1156 1562 1186 1588 '0
1203 1561 1230 1588 δὲ
1243 1561 1305 1596 ὄφις
1319 1559 1353 1597 ἦν
1368 1561 1576 1597 φρονιμώτατος
1590 1562 1666 1596 παρὰ
1679 1561 1767 1588 πάντα
1778 1562 1812 1589 τὰ
1829 1561 1910 1597 θηρία

1120 1607 1171 1643 τῆς
1185 1607 1248 1642 γῆς,
1264 1607 1283 1634 ἃ.
1301 1607 1413 1642 ἐποίησε
1426 1606 1530 1642 Κύριος
1543 1607 1557 1633 ὁ
1571 1607 1636 1638 Θεός
1653 1607 1686 1634 ’³.
1708 1616 1717 1632 i
1735 1607 1867 1642 Φρόνιμος
1881 1607 1910 1633 δὲ

1121 1652 1224 1688 ἐκλήθη
1249 1654 1263 1679 ὁ
1275 1652 1347 1687 ὄφις,
1366 1652 1408 1679 δτι
1436 1652 1467 1678 τὺ
1489 1652 1600 1686 λογικὸν
1617 1651 1686 1684 ζῶον
1708 1651 1755 1677 τὸν
1769 1651 1911 1687 ἄνθρωπον

1121 1699 1235 1727 καὶτῶν
1251 1699 1338 1726 ἄλλων
1352 1698 1477 1734 ἀγχινοίᾳ
1499 1697 1663 1733 διαφέροντα
1683 1698 1821 1732 ἐξαπατᾷν
1831 1697 1910 1732 ἐμελ-

1121 1746 1177 1773 λεν.
1192 1743 1259 1772 Εἶτα
1273 1745 1394 1779 ἐπιλέγει
1407 1745 1440 1761 ⁸⁵·
1458 1745 1529 1772 «Καὶ
1544 1743 1620 1771 εἶπεν
1633 1745 1647 1771 ό
1661 1745 1722 1779 ὄφις
1736 1746 1768 1779 τῇ
1784 1744 1910 1778 γυναικί·

1122 1791 1154 1818 Ti
1183 1792 1227 1818 ὅτι
1257 1789 1334 1818 εἶπεν
1352 1791 1366 1817 6
1386 1790 1472 1822 Θεός·
1490 1791 1527 1818 Οὺ
1545 1790 1582 1826 μὴ
1602 1791 1709 1826 φάγητε
1735 1790 1789 1817 ἀπὸ
1813 1790 1912 1820 παντὸς

1123 1838 1201 1870 ξύλου
1219 1838 1266 1864 τοῦ
1283 1839 1312 1865 ὲν
1325 1837 1364 1873 τῷ
1386 1838 1564 1873 παραδείσῳς
1580 1838 1634 1864 Καὶ
1653 1836 1732 1865 εἶπεν
1751 1839 1767 1873 ἡ
1786 1837 1854 1872 γυνὴ
1874 1837 1912 1872 τῷ

1122 1885 1200 1918 ὄφει·
1215 1884 1282 1911 ’Λπδ
1295 1885 1396 1916 παντὸς
1407 1883 1486 1917 ξύλου
1495 1883 1541 1910 τοῦ
1552 1885 1581 1909 ὲν
1595 1883 1634 1919 τῷ
1646 1884 1803 1918 παραδείσῳ
1812 1883 1913 1918 caroti-

1125 1930 1209 1965 μεθα·
1225 1930 1278 1956 ἀπὸ
1288 1930 1317 1956 δὲ
1331 1929 1378 1956 τοῦ
1392 1929 1497 1965 καρποῦ
1511 1929 1557 1956 τοῦ
1573 1929 1662 1961 ξύλου,
1679 1930 1692 1955 δ
1707 1931 1781 1955 ἐστιν
1791 1930 1821 1955 ὲν
1838 1929 1914 1964 μέσῳ

1123 1975 1169 2003 τοῦ
1182 1975 1360 2011 παραδείσου,
1373 1972 1449 2002 εἶπεν
1462 1976 1475 2002 ό
1490 1975 1557 2007 Θεός
1567 1983 1573 1991 ’
1588 1975 1625 2001 υὺ
1639 1975 1676 2009 μὴ
1685 1975 1789 2009 φάγητε
1802 1973 1849 2001 ἀπ’
1863 1975 1913 2000 αὐ-

1121 2022 1180 2054 τοῦ,
1191 2021 1245 2048 οὐδ’
1254 2021 1284 2048 οὑ
1295 2021 1332 2057 μὴ
1345 2021 1450 2056 ἃψησθε
1462 2021 1556 2054 αὑτοῦ,
1571 2021 1615 2047 ἴνα
1627 2022 1663 2058 μὴ
1678 2021 1843 2055 ἀποθάνητε.
1857 2030 1865 2046 ›
1880 2035 1914 2040 -

1123 2066 1196 2104 Ἀρα
1215 2067 1243 2094 δὲ
1262 2068 1310 2094 καὶ
1329 2068 1343 2094 ό
1357 2067 1419 2102 ὄφις
1439 2067 1479 2102 τῷ
1497 2067 1569 2094 κατὰ
1589 2066 1731 2101 προφορᾶν
1745 2066 1817 2101 λόγῳ
1832 2066 1913 2100 ἐχρή-

1124 2120 1206 2144 σατο;
1223 2111 1260 2138 Οὺ
1274 2111 1395 2144 πάντως,
1411 2111 1468 2138 ἀλλ’
1482 2112 1506 2138 οι
1519 2111 1740 2147 πρωτόπλαστοι,
1754 2110 1801 2137 ἆτε
1815 2111 1914 2142 κακίας

1121 2158 1198 2189 ὄντες
1223 2157 1348 2192 ἀμιγεῖς,
1377 2157 1580 2192 ἀκριϐεστάτοις
1599 2154 1673 2191 εἶχον
1700 2156 1748 2187 τὰς
1774 2155 1912 2190 αἰσθήσεις

1123 2203 1169 2231 καὶ
1184 2203 1251 2230 πολὺ
1268 2204 1322 2230 τῶν
1340 2204 1484 2239 ἡμετέρων
1494 2203 1705 2234 Sullano-ica;
1719 2204 1754 2235 ",
1770 2203 1839 2229 time
1862 2203 1913 2237 τὴν

1123 2249 1209 2284 ἀκοὴν
1233 2249 1326 2275 αὐτῶν
1343 2250 1434 2284 πάσης
1453 2249 1588 2284 ὑπάρχειν
1611 2250 1704 2283 φωνῆς
1728 2249 1913 2283 ἀκουστικήν·

1123 2296 1171 2321 καὶ
1189 2294 1223 2322 τὰ
1248 2294 1330 2330 θηρία
1359 2295 1406 2320 καὶ
1432 2294 1467 2320 τά
1491 2295 1578 2329 κτήνη
1601 2294 1692 2320 λαλεῖν
1722 2293 1796 2327 λέγει
1811 2294 1834 2308 ’³
1865 2293 1914 2328 μ.ιᾷ

1119 2340 1229 2377 γλώσσῃ
1247 2341 1325 2372 ποτὲ,
1341 2341 1385 2367 ὅτε
1401 2339 1430 2366 δὲ
1453 2340 1540 2375 Ἀδὰμ
1569 2339 1765 2375 κατεδικάσθη,
1787 2340 1847 2366 τότε
1867 2339 1914 2366 xzt

1120 2388 1190 2414 αὐτὰ
1207 2387 1396 2422 πεφιμῶσθαι,
1410 2387 1457 2413 τδν
1474 2386 1503 2412 δὲ
1516 2386 1579 2419 ὄφιν
1594 2386 1643 2412 καὶ
1658 2387 1721 2417 τοὺς
1734 2386 1816 2417 πόδας
1829 2387 1913 2420 ἀφαι-

1121 2434 1235 2470 ρεθῆναι
1249 2434 1296 2460 καὶ
1317 2433 1412 2469 ἕρπειν
1429 2433 1476 2459 ἐπὶ
1493 2433 1543 2467 τὴν
1557 2433 1620 2467 γῆν,
1644 2432 1691 2459 καὶ
1705 2433 1744 2459 ἰὸν
1767 2431 1840 2466 αὐτῷ
1865 2433 1914 2459 ἐπὶ

1119 2480 1170 2516 τὴν
1184 2481 1312 2515 γλῶσσαν
1324 2479 1476 2515 ἐντεθῆναι.
1490 2477 1557 2505 Εἶτα
1572 2479 1671 2513 ἐπάγει
1683 2487 1689 2494 ·
1707 2488 1715 2504 ι
1733 2480 1754 2495 ⁸⁷
1769 2480 1822 2505 Καὶ
1837 2477 1914 2505 εἶπεν

1125 2527 1139 2552 ό
1155 2526 1216 2561 ὄψις
1234 2528 1267 2562 τῇ
1285 2526 1415 2561 γυναικί·
1432 2526 1469 2552 οὐ
1496 2525 1605 2560 θανάτῳ
1634 2525 1828 2557 ἀποθανεῖσθε,
1856 2526 1915 2559 ᾔδει

1123 2572 1178 2608 γὰρ
1194 2574 1208 2599 ὁ
1224 2572 1301 2604 Θεὸς,
1326 2572 1366 2598 ὅτι
1416 2571 1439 2587 ’⁸
1458 2571 1491 2598 ἂν
1514 2572 1607 2606 ἡμέρᾳ
1627 2571 1734 2605 φάγητε
1757 2570 1805 2596 ἀπ’
1819 2569 1914 2603 αὐτοῦ,

1124 2620 1360 2655 διανοιχθήσονται
1377 2619 1455 2654 ὑμῶν
1477 2619 1502 2645 οἱ
1525 2618 1672 2652 ὀφθαλμοὶ,
1693 2618 1740 2644 καὶ
1762 2617 1856 2643 ἔσεσθε
1878 2617 1916 2649 ὡς

1126 2667 1193 2700 θεοὶ,
1210 2667 1391 2702 γινώσκοντες
1411 2665 1493 2694 καλὸν
1514 2667 1561 2692 καὶ
1582 2664 1711 2700 πονηρόν.
1731 2665 1784 2690 Καὶ
1810 2662 1881 2690 εἶδεν
1899 2665 1915 2700 ἡ

882 2747 981 2778 Variae
993 2746 1148 2779 lectiones
1168 2750 1200 2778 et
1219 2750 1314 2778 notae.

314 2824 336 2840 ί·
351 2823 389 2856 ὡς
405 2823 543 2859 προειδότ.
559 2823 621 2851 cod.
633 2823 672 2855 ὡς
685 2822 752 2858 πρὸς
766 2823 870 2859 ,εἰδότα
898 2822 928 2850 Ρ.
941 2821 972 2849 Τ.
1009 2822 1034 2859 ξθ
1050 2830 1066 2859 κ

1119 2821 1172 2859 :o_d.
1195 2819 1286 2859 ῶσεεῖ
1306 2820 1343 2859 __"
1359 2820 1435 2859 τόνῆ
1462 2821 1484 2835 ³³
1499 2817 1747 2859 ἐγκοπείσαςεοιι.
1763 2824 1779 2844 a
1795 2815 1917 2859 secunda

279 2866 371 2885 manu.
409 2855 435 2875 ’ί
447 2858 514 2885 Gen.
531 2866 573 2891 ιιι,
590 2859 648 2887 1-5.
687 2855 856 2892 ιν’ὲπιλλέγει
869 2859 927 2887 cod.
969 2859 990 2874 "
1006 2857 1065 2886 διαλ

1120 2856 1202 2888 θύσας
1223 2855 1255 2883 Τ.

280 2901 321 2926 ιιι,
337 2892 396 2920 4-7.
436 2893 458 2909 ’³
473 2893 495 2920 δ’
511 2894 571 2922 eod.

1306 2854 1329 2870 "
1346 2856 1395 2884 sel.
1424 2851 1568 2891 ὴγραῴήῖ
1591 2854 1633 2883 vel
1648 2853 1768 2889 λέγεται.
1808 2851 1828 2867 ’⁷
1847 2851 1916 2878 Gen.
