4074 6298
1495 580 2030 594 Ἢοήιικο
2039 580 3104 594 ...ιι-...Μ

1796 580 2030 590 *οη-ιι...
2039 580 3405 594 nmmum

170 571 1960 639 maw-w
1966 580 2030 590 ..ο

1517 624 2244 636 .———-_——————————
2251 625 2312 634 -

1008 903 1764 1063 PROLEG
1790 907 2051 1064 OM
2077 906 2515 1063 ENA.

1478 1389 1728 1450 CAPUT
1771 1391 2097 1453 PRIMUM.

141 1577 210 1639 De
247 1577 528 1659 Georgio
603 1580 910 1641 monacho
955 1579 1123 1645 dicto
1171 1580 1544 1642 Hamart‘olo
1603 1589 1657 1642 ct
1701 1579 1776 1640 de
1844 1580 2396 1642 continuatoribus
2443 1579 2712 1658 ejusdem
2759 1590 2813 1641 et
2877 1583 3411 1663 cxscrr‘ptort’bus.

196 1743 382 1817 [l-V‘]
419 1743 448 1816 §
486 1744 541 1799 I.
595 1743 998 1802 Constantinus
1021 1745 1134 1816 jam
1170 1745 1722 1818 Porphyrogennetus
1769 1749 1911 1802 hanc
1945 1744 2164 1819 Georgii
2214 1749 2466 1802 monachi
2516 1747 3029 1820 Chronographiam
3064 1751 3326 1823 excerpsit
3362 1752 3415 1805 in

141 1833 310 1888 codice
341 1831 625 1890 Vaticano
656 1831 724 1889 Ν.
765 1833 926 1900 1418,
963 1850 1021 1906 p.
1056 1833 1199 1902 I75;
1235 1835 1398 1904 cujus
1445 1834 1611 1890 verba
1655 1834 1722 1890 de
1764 1834 2009 1889 Chosroe
2039 1849 2093 1904 p.
2124 1834 2228 1890 565
2266 1835 2527 1910 editionis
2600 1850 2805 1894 nostra
2839 1839 3195 1894 inveniuntur
3226 1839 3416 1896 conle-

135 1921 282 1976 reno’a
345 1937 478 1976 cum
541 1922 658 1977 illis
731 1937 852 1994 qua:
909 1938 966 1994 p.
1034 1921 1206 1977 XXIII
1263 1922 1394 1995 (col.
1461 1921 1556 1990 26)
1623 1921 1717 1976 illo
1769 1936 1800 1975 e
1881 1922 2070 1977 codice
2125 1924 2536 1996 exscripsimus.
2602 1927 2849 1982 Alterum
2938 1927 3304 1998 fragmentum
3375 1945 3403 1983 a

139 2008 658 2082 Porphyrogenneto
699 2025 731 2067 e
775 2011 903 2066 'Vita
952 2009 1156 2066 Leonis
1195 2009 1371 2066 Isauri
1407 2009 1461 2064 in
1499 2010 1688 2064 codice
1717 2008 1986 2067 Vaticano
2024 2010 2230 2068 12161⁵.
2264 2013 2335 2067 40
2381 2014 2661 2071 laudatum
2703 2017 2827 2072 vide
2890 2033 2947 2088 p.
2986 2015 3090 2072 6'29
3154 2016 3412 2072 editionis

142 2097 285 2166 hujus
313 2100 368 2154 in
401 2114 519 2170 qua
551 2099 738 2154 solum
772 2099 1104 2169 adjectivum
1147 2099 1532 2170 ’Λτραμιτινδν
1559 2099 1930 2154 desideratur.

195 2187 405 2255 Georgii
442 2187 555 2242 loci
593 2204 626 2241 a
665 2186 833 2258 Glyca
883 2187 1090 2242 laudati
1140 2187 1196 2242 in
1246 2196 1438 2242 nostro
1476 2187 1618 2242 libro
1664 2187 1842 2257 primo
1887 2197 1942 2244 et
1996 2187 2052 2243 in
2104 2189 2351 2246 secundo
2389 2206 2438 2246 c.
2477 2190 2545 2245 II
2581 2191 2788 2248 diserte
2815 2193 3106 2263 leguntur;
3145 2210 3253 2250 non
3285 2210 3416 2250 vero

138 2274 332 2346 Georgii
369 2275 627 2348 Syncelli
658 2286 807 2340 sunt,
838 2277 932 2348 qui
965 2275 1130 2331 Kaini
1163 2290 1387 2330 uxorem
1416 2291 1469 2346 p.
1512 2276 1580 2330 II
1609 2276 1839 2330 Assuam
1872 2285 2052 2342 vocat,
2099 2292 2208 2332 non
2249 2280 2489 2333 Azuram
2539 2287 2596 2333 ut
2635 2278 2834 2352 Glycas
2866 2279 3162 2352 Georgium
3193 2291 3414 2338 secutus

141 2377 180 2431 p.
209 2365 330 2428 221;
362 2364 512 2419 idem
549 2381 610 2436 p.
643 2363 908 2420 225ι1ἰοὶι
944 2382 958 2420 :
1006 2363 1069 2417 ’0
1095 2363 1152 2419 δὲ
1188 2363 1461 2435 Γεὼργιος
1479 2363 1683 2435 οἰκτρῷ
1712 2363 1750 2418 θ.

1798 2366 1930 2437 ideo)
1959 2367 2284 2436 τελευτῆσαι
2313 2367 2406 2420 τὸν
2431 2367 2575 2422 Κάῖν
2603 2369 2790 2438 φησίν,
2823 2367 3107 2440 Syncellus
3133 2386 3265 2426 vero
3300 2371 3367 2427 I9
3397 2390 3407 2424 :

141 2451 256 2506 Κάῖν
285 2453 576 2508 ἀπέθανεν
611 2453 957 2522 ἐμπεσόντος
1001 2452 1089 2507 ἐπ’
1133 2452 1302 2506 αὑτὸν
1338 2451 1491 2506 οἴκου
1517 2459 1534 2482 ⁶
1577 2454 1672 2508 sed
1703 2451 1746 2508 C

1801 2455 1969 2526 trgius
2020 2463 2206 2510 noster
2261 2471 2316 2526 p.
2365 2453 2397 2510 5
2447 2465 2502 2510 et
2537 2455 2678 2511 hanc
2719 2466 2772 2511 et
2807 2457 3131 2513 deteriorem
3180 2469 3410 2515 mortem

136 2539 304 2607 refert,
343 2542 446 2597 sci.
481 2542 558 2596 ab
598 2543 719 2611 ipso
751 2543 863 2596 tilio
897 2539 1058 2595 Kaiui
1112 2541 1340 2596 illatam.
1383 2540 1581 2614 Glycas
1623 2557 1678 2612 p.
1725 2542 1829 2598 29d
1889 2543 2157 2613 jejunium
2209 2559 2239 2599 e
2289 2544 2530 2613 Georgio
2573 2556 2843 2600 memorat
2889 2546 3086 2617 Moysis
3140 2548 3414 2616 octoginta

137 2630 328 2686 dierum
359 2637 796 2695 continuormn,
832 2631 979 2699 quod
1008 2631 1467 2702 cltronographus
1499 2632 1742 2688 monasti

1802 2646 1850 2686 IS
1881 2634 2094 2701 primus
2125 2633 2493 2689 calculavcrat
2533 2649 2586 2704 p.
2619 2634 2709 2701 85,
2750 2649 2875 2690 cum
2907 2633 3196 2705 Syncellus
3227 2651 3278 2705 ρ.
3302 2635 3411 2690 253

138 2715 253 2772 duas
280 2728 500 2774 tantum
542 2719 1020 2789 quadragesimus,
1056 2720 1149 2772 sed
1179 2718 1322 2772 inter
1355 2733 1416 2773 se
1444 2719 1735 2774 distinctas
1769 2722 1994 2777 habeat.

194 2804 339 2882 [VI]
383 2809 505 2880 52.
560 2807 808 2876 Scriptor
849 2807 965 2876 ipse
1015 2821 1076 2862 se
1115 2808 1429 2861 monachum
1464 2808 1669 2877 plurics
1714 2808 1989 2880 signiﬁcat
2038 2811 2143 2879 (cc.
2197 2811 2433 2878 CXVIII,
2480 2808 2672 2878 CXIX,
2725 2812 2985 2881 CLXXV,
3033 2812 3296 2878 CLXXX,
3351 2816 3408 2876 5,

139 2894 297 2962 CXCI,
341 2900 400 2960 5,
445 2897 552 2962 I0,
597 2894 833 2957 CXCIV.
869 2896 925 2958 5,
959 2894 1170 2962 CXCV,
1202 2896 1257 2960 5,
1293 2893 1576 2962 CXCVIII,
1610 2896 1661 2962 7,
1700 2896 1748 2960 9,

1798 2898 1878 2963 I0,
1923 2898 2030 2964 CC,
2057 2901 2111 2966 5,
2148 2901 2205 2963 4,
2241 2902 2329 2963 19,
2363 2901 2517 2967 CCV,
2545 2902 2704 2968 9-I2,
2733 2901 2961 2968 CCVIII,
2992 2903 3111 2967 4-7,
3149 2901 3407 2967 CCXXV,

141 2981 498 3049 6,CCXX\'I,
560 2993 710 3050 nota,
771 2983 1085 3049 CCXXXII,
1132 2983 1183 3050 9,
1231 2983 1564 3049 CCXXXIII,
1606 2986 1664 3049 2,
1714 2985 2134 3055 CCLI-CCLIII,
2193 2990 2290 3053 32,
2324 2989 2552 3058 CCLIV,
2585 2992 2638 3054 I,
2687 2989 2914 3056 CCLVI,
2961 2991 3006 3056 I,
3038 2990 3266 3054 CCLlX,
3320 2991 3409 3057 11,

143 3066 449 3137 CCLXVIII,
495 3072 572 3136 5,
603 3080 659 3126 et
683 3072 903 3141 quidem
933 3071 1128 3126 deserti
1164 3070 1410 3127 Nitritici
1439 3073 1690 3143 (CXCIV,
1719 3074 1798 3143 5).

203 3158 311 3230 95.
346 3161 765 3216 Alexandrinus
800 3159 905 3216 fuit
941 3159 1212 3234 Georgius
1259 3163 1565 3218 monachus
1614 3173 1708 3217 aut
1754 3163 2187 3219 Alexandrinum
2233 3167 2558 3237 scriptorem
2603 3177 2729 3223 ante
2775 3181 2970 3224 omnes
3004 3168 3308 3235 consuluit,
3361 3169 3407 3223 si

142 3249 459 3305 mentionem
502 3249 674 3319 hujus
711 3250 865 3305 urbis
901 3259 958 3305 et.
1003 3248 1228 3322 Egypti
1276 3251 1480 3321 saepius
1527 3253 1743 3307 cateris
1786 3253 2044 3307 omnibus
2095 3251 2292 3308 laetam
2329 3257 2648 3312 consideras
2688 3256 2799 3326 (ex.
2833 3272 2916 3328 gr.
2951 3271 3034 3312 cc.
3062 3256 3123 3322 C,
3151 3255 3405 3320 CLXXV,

161 3333 457 3404 TLXXXIII,
505 3336 790 3403 CXCVIII,
823 3337 933 3404 CC,
966 3337 1121 3402 CCV,
1171 3338 1260 3404 12,
1303 3337 1581 3405 CCXXIII,
1616 3340 1704 3406 II,
1734 3340 1992 3408 CCXXV,
2025 3341 2306 3410 CCXXVI,
2339 3344 2395 3408 5,
2426 3343 2711 3415 CCXXX).
2746 3345 2906 3401 Certe
2936 3346 3402 3418 Constantinopo-

177 3435 323 3482 tanus
368 3441 487 3482 non
537 3425 660 3492 fuit,
710 3433 835 3481 cum
879 3437 1071 3482 contra
1118 3426 1859 3497 Constantinopolitanorum
1906 3428 2502 3500 Cresareo-papismum
2545 3444 2601 3487 et
2644 3433 3037 3488 iconoclasiam
3070 3441 3402 3489 consensum

144 3513 273 3569 orbis
302 3514 618 3570 Christiani
647 3514 701 3568 in
734 3516 1110 3570 testimonium
1146 3514 1340 3570 all‘erat
1366 3531 1416 3572 c.
1447 3514 1699 3580 CCLXII=
1738 3517 1831 3581 26,
1865 3520 2119 3589 quamvis
2152 3520 2340 3573 urbem
2377 3522 2583 3590 regiam
2620 3521 2687 3574 ad
2721 3521 2992 3576 idolorum
3023 3533 3075 3577 et
3101 3521 3405 3577 monacho-

144 3617 243 3656 rum
272 3605 488 3660 cultum
521 3606 566 3625 "
598 3619 876 3659 reversam
913 3619 963 3658 c.
997 3602 1272 3671 CCLXIII,
1304 3605 1338 3659 5
1369 3603 1678 3675 Theupolin
1706 3607 1975 3661 nominet.

201 3691 311 3761 §4.
344 3693 408 3748 In
455 3691 813 3761 Prefatione,
868 3692 1030 3761 Cujus
1093 3693 1328 3748 formula
1401 3692 1816 3759 introductoria,
1870 3695 1934 3746 Ol
1989 3693 2096 3761 ἔξω
2149 3695 2268 3748 κτλ.
2333 3711 2422 3765 pp.
2479 3694 2564 3761 76,
2623 3697 2726 3752 546
2789 3705 2842 3752 ct
2893 3697 3014 3764 469,
3053 3697 3119 3754 de
3173 3696 3406 3764 scripto-

143 3780 274 3836 ribus
302 3781 678 3837 saecularibus
708 3795 737 3834 a
773 3779 1198 3852 chronographo
1225 3779 1547 3835 Christiano
1578 3781 1867 3848 repetitur,
1899 3785 2204 3837 monachus
2230 3793 2415 3838 noster
2449 3785 2552 3849 vel,
2594 3794 2651 3838 ut
2687 3786 2800 3854 ipse
2829 3801 2860 3841 e
2887 3801 3038 3841 more
3072 3786 3216 3840 inter
3246 3787 3396 3840 viros

144 3871 542 3926 ecclesiasticos
573 3871 778 3925 usitato
804 3886 865 3926 se
903 3880 1188 3940 nuncupat
1218 3871 1296 3943 (4,
1324 3873 1402 3940 8),
1431 3873 1461 3925 ὁ
1504 3869 1883 3940 Ἀμαρτωλδς,
1909 3872 2177 3941 promittit
2201 3887 2260 3927 se
2281 3888 2419 3943 opus
2457 3888 2616 3927 suum
2659 3886 2896 3945 quatuor
2923 3876 3079 3930 libris
3105 3876 3391 3931 absolutu-

145 3968 266 4023 tum,
299 3975 553 4031 quorum
601 3960 831 4014 ultimus
864 3961 1227 4030 imperatores
1253 3959 1604 4015 Christianos
1648 3959 1903 4012 exhibeat
1949 3958 2072 4012 inde
2112 3974 2143 4013 a
2194 3961 2372 4029 primo
2422 3959 2786 4025 Constantino
2831 3978 2994 4033 usque
3033 3963 3103 4018 ad
3147 3963 3400 4019 ultimum

145 4044 500 4114 (τελευταίου,
537 4047 612 4105 cl.
635 4065 691 4120 p.
725 4049 877 4119 225),
915 4064 1080 4119 quem
1110 4048 1347 4118 scriptor
1378 4058 1608 4105 noverat
1651 4045 1968 4101 Ilicliaelem
2007 4045 2098 4110 III,
2130 4049 2212 4102 vel
2249 4049 2431 4116 potius
2464 4065 2640 4120 usque
2683 4049 2751 4107 ad
2785 4053 3089 4106 restitutum
3121 4051 3404 4105 monacho-

143 4151 237 4190 rum
273 4142 529 4197 ordinem
572 4139 651 4210 (p.
684 4140 763 4204 2),
803 4150 851 4193 et
882 4140 1179 4209 imaginum
1207 4138 1408 4193 cultum
1436 4155 1466 4193 a
1498 4137 1731 4192 concilio
1761 4135 1892 4189 anni
1937 4133 2044 4189 842
2075 4137 2266 4190 iterum
2297 4137 2614 4192 stabilitum.

194 4225 285 4283 Hic
317 4228 679 4283 ortlaodoxiae
701 4235 1028 4282 restaurata:
1057 4242 1241 4283 annus
1271 4228 1540 4283 terminus
1588 4241 1698 4280 non
1727 4225 1927 4289 solum,
1961 4226 2054 4280 sed
2090 4227 2252 4280 etiam
2287 4227 2410 4282 linis
2459 4227 2872 4284 conscribendas
2895 4228 3138 4287 historiae
3163 4233 3397 4307 Georgio

151 4321 409 4372 monacho
437 4315 571 4378 fuit,
604 4319 748 4371 sicut
777 4324 1002 4385 apparet
1032 4329 1061 4369 e
1091 4315 1367 4383 capitibus
1388 4313 1636 4376 CCXLll,
1674 4312 1762 4376 I5,
1799 4311 2116 4378 CCXLVIII,
2151 4315 2342 4377 10--15,
2381 4316 2466 4380 I5,
2495 4313 2748 4380 CCLXII,
2783 4317 2868 4373 I8.

197 4403 308 4474 gs.
339 4404 468 4475 Ipse
501 4419 633 4458 vero
665 4405 807 4457 haud
845 4406 935 4457 diu
972 4415 1090 4473 post
1122 4405 1232 4459 lites
1269 4414 1507 4473 tempora
1551 4404 1784 4473 scripsit,
1832 4409 1976 4474 quod
2009 4404 2265 4473 colligere
2298 4405 2423 4459 licet
2453 4405 2505 4458 I°
2537 4421 2600 4461 ex
2635 4421 2702 4461 eo
2741 4407 2886 4476 quod
2919 4409 3151 4480 scriptor
3178 4411 3403 4470 Gnaeos

145 4488 418 4548 Ratiranum
460 4493 754 4547 Ecclesium
783 4509 894 4562 pra:
923 4493 1187 4547 Oricutali
1237 4493 1306 4546 ab
1355 4493 1718 4547 Iconoclastis
1765 4504 2081 4563 corruptam
2119 4493 2332 4557 extulit,
2358 4502 2411 4547 ct
2446 4495 2666 4564 quidem
2720 4496 2879 4552 talem
2926 4497 2978 4551 in
3032 4501 3252 4554 modum
3304 4505 3396 4572 qni

145 4587 368 4652 tempore
405 4582 688 4638 Phatiano
741 4582 887 4638 (inde
921 4583 990 4636 ab
1019 4597 1073 4636 a.
1107 4581 1241 4648 854)
1293 4582 1399 4645 vel,
1451 4581 1690 4636 Ecclesia
1741 4578 2000 4635 Orirntali
2055 4596 2176 4636 cum
2223 4580 2468 4636 Romana
2515 4582 2830 4650 ditnicante,
2888 4587 3112 4655 cogitati
3165 4592 3400 4658 amplius

144 4674 330 4740 nequit.
370 4670 581 4726 Confer
638 4671 802 4725 etiam
856 4687 910 4740 p.
971 4670 1077 4725 276
1137 4669 1463 4724 traditiones
1520 4667 1795 4724 Romanas
1839 4686 1868 4724 a
1911 4669 2114 4726 Graecis
2144 4670 2413 4734 diversas,
2447 4673 2540 4725 sed
2577 4672 2698 4728 ideo
2734 4674 2961 4730 minime
2994 4674 3160 4750 [VII]
3195 4677 3398 4747 impro-

148 4756 287 4812 liatas
312 4777 327 4827 ;
357 4762 419 4813 2°
454 4762 597 4828 quod
642 4775 696 4828 p.
731 4759 835 4813 654
872 4759 1180 4811 litterarum
1219 4761 1456 4811 studium
1496 4758 1592 4811 sub
1631 4757 1886 4813 llic/mele
1921 4768 1968 4813 et
2019 4758 2291 4813 Theodoro
2346 4770 2652 4814 renovatum
2701 4777 2825 4817 esse
2868 4763 3092 4828 dicitur,
3124 4781 3246 4834 qua:
3280 4770 3400 4820 iam.

146 4845 235 4907 iam
265 4847 524 4902 Ilichaeli
558 4848 683 4900 inde
714 4846 783 4900 ab
817 4861 870 4900 a.
914 4844 1020 4899 856
1066 4847 1187 4900 sine
1235 4856 1407 4899 matre
1451 4848 1700 4915 regnanti
1743 4849 1978 4917 amplius
2027 4863 2135 4901 non
2185 4848 2568 4902 conveniebat.
2625 4849 2681 4902 5ο
2719 4848 3156 4907 Vindobonensis
3189 4864 3395 4907 tantum

147 4935 397 5000 praelatio,
447 4949 476 4986 a
514 4948 680 4987 manu
714 4933 919 4986 recenti
963 4942 1286 4998 restaurata,
1322 4947 1447 4987 cum
1475 4933 1753 4987 versionib

1785 4951 1821 4988 1s
1864 4932 2166 4991 Slavouicis
2210 4935 2638 5005 τελευτήσαντος
2685 4952 2784 5006 pro
2831 4937 3142 4991 τελευταίου
3195 4940 3394 5004 habet;

148 5023 272 5074 unde
294 5023 508 5075 Hodius
533 5022 612 5090 (in
647 5020 968 5088 prmlatione
991 5022 1057 5073 ad
1097 5021 1341 5075 Ilalelam
1378 5035 1432 5092 p.
1469 5019 1661 5076 LXXV
1679 5021 1763 5077 ed.
1797 5022 2118 5092 Bonnensis)
2156 5023 2357 5093 aliique
2386 5024 2757 5093 conjecerunt,
2783 5040 2921 5090 opus
2950 5027 3094 5095 quod
3128 5027 3257 5081 ina.
3289 5026 3398 5082 86⁸1⁸.

147 5106 365 5173 desierit,
425 5125 531 5163 non
588 5124 710 5164 esse
760 5108 1005 5177 ejusdem
1061 5110 1348 5179 scriptoris
1403 5107 1496 5180 qui
1555 5124 1732 5180 usque
1777 5111 1842 5164 ad
1875 5108 2153 5166 Michaelis
2193 5123 2448 5175 mortem,
2485 5114 2586 5167 scl.
2621 5129 2792 5184 usque
2820 5114 2885 5168 ad
2923 5129 2972 5168 a.
3011 5113 3116 5170 868
3145 5115 3393 5186 progredi
3445 5163 3458 5172 .

149 5195 410 5251 Valuisset.
442 5198 575 5262 Quae
607 5196 928 5265 conjectura
954 5211 1078 5251 cum
1108 5198 1259 5250 nullo
1291 5197 1399 5253 alio
1428 5213 1591 5268 quam
1644 5199 1893 5254 lectionis
1931 5197 2366 5255 Vindoboncnsis
2391 5211 2444 5255 et
2476 5199 2775 5256 Slavonica‘.
2807 5202 3162 5259 fundamento
3190 5207 3396 5260 nitatur

150 5293 322 5338 contra
358 5285 700 5354 optimorum
757 5283 1011 5339 codicum
1052 5285 1371 5351 lectionem,
1420 5287 1476 5341 4⁵
1516 5287 1679 5342 etiam
1728 5289 1983 5342 clausula
2032 5288 2428 5359 antiquissima:
2471 5290 2824 5346 Coislinianz
2849 5291 3020 5361 (151),
3051 5291 3312 5346 Palatina:
3342 5304 3395 5346 et

149 5363 444 5438 Iosquensi
498 5377 790 5438 repugnat,
827 5385 951 5440 quas
997 5381 1119 5440 post
1160 5372 1388 5427 relatam
1427 5375 1698 5445 synodum
1727 5389 1754 5429 a

1783 5377 1856 5431 tni
1888 5375 1992 5431 842
2017 5377 2241 5430 adnotat
2271 5394 2283 5430 :
2313 5377 2458 5440 Ἕως
2492 5373 2593 5432 ἅδε
2621 5378 2716 5431 τοῦ
2756 5380 3059 5450 Γεωργεου,
3096 5381 3205 5434 ἀπὸ
3239 5381 3392 5435 τοῦδε

147 5456 228 5509 τοῦ
254 5459 554 5526 Ασγοθέτου
619 5460 695 5526 (p.
736 5457 883 5528 ⁵121).
942 5457 1096 5526 Quod
1137 5460 1182 5516 si
1249 5474 1376 5516 vero
1445 5463 1496 5516 in
1549 5462 1653 5516 line
1701 5462 1756 5516 lil

1782 5463 1822 5516 ri
1868 5463 2042 5532 quinti
2080 5465 2155 5532 (p.
2202 5463 2330 5531 85I)
2365 5464 2582 5534 legitur,
2641 5466 2968 5521 Τετέλεσται
3032 5471 3121 5521 καὶ
3182 5467 3250 5523 τὰ
3298 5467 3391 5523 τοῦ

152 5545 457 5611 Αογοθὲτσυ,
509 5543 637 5598 inde
675 5548 931 5614 sequitur
965 5547 1109 5602 hunc
1141 5549 1321 5602 solum
1358 5550 1581 5617 librum,
1611 5565 1719 5604 non
1759 5564 1886 5604 vero
1922 5548 1987 5604 IV
2018 5551 2232 5620 priores
2266 5552 2577 5623 Logotltetze
2614 5568 2754 5621 esse,
2787 5555 2946 5627 cujus
2987 5556 3178 5612 relatio
3204 5558 3395 5614 eodem

199 5761 707 5839 :‘I‘agintoneditionis
734 5765 1116 5839 Petropolnanae
1137 5770 1216 5818 hic
1251 5772 1473 5839 numeris
1503 5769 1730 5839 Romanis
1765 5774 1986 5830 inclusis,
2016 5778 2064 5822 at
2092 5774 2139 5823 in
2189 5782 2328 5823 testu
2364 5774 2534 5823 Grmco
2571 5772 2792 5823 Arabicis
2833 5775 3174 5839 grandioribus
3213 5783 3396 5838 reptar-

152 5829 390 5910 "hlnptut:
443 5829 797 5910 Cepnati-(em.
830 5831 1040 5910 Lector,
1068 5833 1224 5910 lipeas
1257 5843 1352 5879 non
1465 5832 1610 5881 inttio
1633 5835 1875 5910 co‘lumnze
1901 5829 2102 5910 nostra»,
2129 5841 2215 5885 sed
2240 5843 2354 5910 inde
2385 5851 2422 5906 a_
2444 5829 2860 5910 citt'ra'grandi‘or‘t'
2887 5841 3238 5908 (DCIIIPNIotJItlaS
3264 5829 3393 5887 esse.

275 5887 424 5932 Verba
460 5892 550 5938 \‘Il‘l
586 5889 716 5938 docti
748 5896 802 5937 et
830 5893 894 5939 de
931 5894 1069 5941 nobis
1105 5897 1234 5940 bene
1271 5895 1431 5942 meriti
1470 5909 1565 5944 non
1601 5905 1863 5950 mutamus.
1898 5906 1982 5947 sed
2015 5887 2176 5948 nostra
2214 5914 2306 5946 non
2334 5899 2552 5948 far-imus.
2583 5887 2714 5946 Ι-Ϊυιτ.
2747 5900 2897 5966 tum.
3001 5887 3008 5898 ’
3106 5905 3109 5908 ‘

453 5979 494 6037 Ρ
511 5993 723 6036 ιτιωι..
774 5981 864 6038 lin
935 5986 971 6043 ς
988 5984 1065 6042 ,\',

2979 5987 3012 6045 ‘l
