4074 6298
454 346 479 410 Ι
490 346 510 412 1
1792 352 2197 413 PROLEGUM
2209 355 2248 412 Ε
2260 358 2376 413 VA.
3640 354 3702 417 i'!

461 462 624 515 modo
659 461 818 514 linem
858 460 1056 515 habere
1080 458 1299 521 dicitur,
1334 476 1443 529 quo
1476 460 1693 531 Georgii
1740 461 1864 514 linis
1900 460 2191 516 indicatur.
2242 464 2295 518 ὃν
2328 465 2737 534 Antiquissima:
2769 468 2999 517 carnium
3041 464 3300 525 curiit-nm,
3328 464 3694 520 Coisliniaims

452 548 579 615 3w,
613 549 799 606 sterili
832 565 886 614 ι,
921 550 1064 603 sicut
1092 559 1144 602 et
1173 547 1510 603 l’arisicnscs
1544 546 1679 603 1705
1710 558 1763 603 et
1795 546 1953 615 1706,
1988 556 2184 616 νηριθιι
2214 561 2451 621 quatuor
2476 552 2648 606 libros
2674 553 2726 605 in
2759 567 2808 604 a.
2845 550 2949 606 842
2975 550 3289 606 desinentes
3314 552 3450 607 nihil
3479 554 3703 607 omnim

452 640 680 705 habent,
711 645 872 709 atq‘uc
904 639 1057 694 solus
1095 639 1187 709 qui
1226 654 1403 707 usque
1432 636 1713 693 Michaelis
1747 636 1813 690 lll
1853 638 1919 691 ad
1947 648 2177 693 mortem
2206 642 2430 709 produci
2463 643 2666 697 dicitur
2700 640 3049 707 Oxonicnsis,
3088 642 3525 697 continuatorem
3581 658 3701 698 cum

452 730 667 784 art-teris
701 729 986 784 codicibus
1014 727 1258 784 exhibet.
1294 758 1362 769 -—-
1398 727 1454 783 6⁸
1480 726 1787 782 Notandum
1826 736 1910 781 est
1944 728 1997 780 in
2044 730 2359 781 enarrandis
2393 733 2544 782 rebus
2585 746 2618 784 a
2655 729 2824 783 Leone
2858 728 3087 783 Armeno
3115 726 3428 800 (SB-820),
3454 728 3705 785 Michaele

451 816 492 869 ll
523 815 812 887 (320-829)
848 826 897 871 et
933 814 1213 886 Theophila
1246 814 1532 888 (829-842)
1571 814 1731 887 gestis
1763 815 2084 883 scriptorem
2118 819 2349 870 maxime
2381 818 2638 884 diffusum
2665 832 2827 882 esse;
2862 817 2915 870 in
2962 815 3100 871 Vitis
3125 817 3520 887 imperatorum
3566 833 3706 889 prir-

448 907 782 963 cedentium.
816 919 1052 973 quorum
1085 906 1311 974 a-qualis
1339 920 1447 959 non
1495 904 1616 969 fuit,
1660 904 1834 958 multo
1869 902 2199 958 breviorem.
2261 904 2346 958 Cl.
2385 905 2605 973 quidem
2665 903 2881 975 longam
2934 904 2997 958 de
3046 904 3337 974 originibus
3395 906 3705 961 monasticis

445 996 839 1064 digressionem
921 995 999 1065 (p.
1025 991 1161 1057 212,
1213 993 1365 1063 268),
1414 1001 1659 1062 tempore
1710 992 2198 1047 lconomachorum
2263 1000 2316 1044 ct
2360 992 2579 1060 quidem
2632 999 2753 1061 post
2814 992 3239 1046 Constantinum
3291 992 3699 1064 Copronymum

444 1082 728 1151 seriptam,
763 1080 860 1151 qui
891 1082 1197 1136 monachos
1234 1092 1415 1149 utpote
1444 1080 1744 1151 imaginum
1780 1081 2083 1135 acerrimos
2136 1076 2454 1133 defensores
2494 1078 2636 1131 haud
2679 1078 2860 1132 minus
2900 1078 3255 1148 impugnasse
3300 1079 3501 1134 dicitur
3537 1095 3703 1149 quam

445 1171 592 1239 ipsas
626 1169 923 1238 imagines;
954 1166 1076 1237 ejus
1105 1183 1237 1221 vero
1269 1168 1491 1222 ultimos
1522 1169 1578 1222 in
1618 1182 1797 1221 annos
1823 1165 2103 1237 (765-775)
2137 1167 2291 1236 plura
2320 1167 2527 1221 cadunt
2548 1181 2785 1236 quorum
2818 1166 3167 1220 traditionem
3198 1176 3487 1235 paternam
3522 1166 3705 1239 potius

441 1271 608 1325 quam
664 1258 747 1311 sui
786 1256 958 1325 ipsius
1005 1256 1385 1311 testimonium
1432 1256 1670 1325 scriptor
1715 1254 1871 1310 alfert
1918 1255 1993 1323 (e.
2022 1252 2300 1317 CCXLI",
2332 1252 2543 1323 5440).
2592 1254 2648 1305 7⁸
2684 1253 2952 1322 Theophili
3000 1263 3180 1308 autem
3227 1255 3486 1325 equuleus
3534 1255 3705 1311 fuisse

442 1343 622 1416 colligi
651 1344 850 1414 poterit
897 1359 930 1399 e
980 1358 1033 1399 c.
1080 1340 1365 1409 CCXXIV,
1420 1345 1510 1396 16.
1548 1370 1621 1382 -—-
1666 1342 1721 1397 8°
1753 1342 2026 1397 idolorum
2078 1343 2365 1415 gentilium
2403 1343 2639 1407 cultum,
2694 1358 2855 1409 quem
2904 1341 3287 1416 hellenismqm
3346 1352 3524 1408 vocat,
3575 1358 3701 1399 cum

443 1402 966 1502 εαερίῖιεήτυιιεςει
998 1429 1272 1503 Georgius
1307 1402 1413 1501 (cc.
1447 1428 1690 1497 narra,
1724 1426 1910 1493 CXCI,
1942 1426 2048 1494 cc,
2080 1402 2386 1496 ccxxv",
2421 1428 2509 1494 is,
2541 1402 2850 1491 cc’xixv,
2890 1428 2975 1490 is,
3008 1429 3095 1494 it,
3133 1402 3461 1492 enimut.
3493 1402 3607 1500 i0),
3638 1448 3706 1487 eo

441 1518 626 1575 acrius
670 1515 865 1591 [VIII]
912 1520 1218 1590 imaginum
1270 1519 1711 1575 Christianarum
1752 1518 1958 1572 cultum
1993 1515 2234 1571 defendit
2275 1517 2348 1584 (e.
2390 1513 2555 1581 CXV,
2588 1515 2769 1581 CXCI,
2795 1514 3075 1577 CCXXVI.
3115 1514 3441 1581 CCXLVill,
3476 1517 3706 1580 CCLlll,

439 1604 712 1673 CCLXII).
768 1603 924 1662 Unde
973 1607 1210 1662 edicitur
1257 1623 1384 1662 eum
1442 1607 1557 1663 haec
1597 1605 1889 1677 scripsisse
1936 1604 2027 1675 qui
2062 1606 2148 1658 cia
2183 1604 2572 1673 triumphantes
2606 1604 2865 1674 imagines
2902 1605 3091 1658 uiderit
3123 1617 3427 1675 earumque
3474 1608 3706 1661 alteram

439 1694 779 1768 eversionem
808 1693 1070 1751 omnibus
1101 1695 1285 1751 modis
1310 1693 1710 1765 prohibendam
1742 1692 1848 1749 sibi
1881 1692 2252 1763 proposuerit.

512 1834 616 1905 §6.
652 1832 773 1906 Ipse
802 1850 859 1889 se
880 1841 1182 1891 tractatum
1210 1832 1275 1884 de
1316 1828 1651 1885 Paulicianis
1698 1826 1989 1898 scripsisse
2037 1823 2324 1897 proﬁtetur
2361 1832 2434 1895 (c.
2476 1824 2852 1893 CCXXXVIII,
2890 1826 2979 1889 ﬂ,
3020 1826 3131 1897 t8),
3170 1841 3203 1884 e
3238 1843 3350 1898 quo
3379 1827 3707 1885 relatlonem

439 1922 635 1976 iisdem
685 1921 755 1977 de
798 1920 1051 1978 sectariis
1100 1917 1238 1975 Vita:
1273 1919 1532 1989 Pogonati
1568 1917 1821 1971 inseruit.
1858 1913 1985 1971 Haec
2022 1923 2202 1969 autem
2245 1923 2300 1967 et
2343 1930 2467 1984 quae
2512 1917 2576 1968 de
2629 1913 2844 1969 Maneto
2879 1916 3067 1971 retulit
3093 1915 3365 1986 Georgius
3391 1917 3456 1977 C,
3487 1916 3704 1978 CLXII.

437 2009 631 2066 Petrus
659 2007 904 2077 Siculus,
929 2012 1025 2080 qui
1056 2009 1125 2063 de
1150 2006 1484 2063 Paulicianis
1505 2006 1655 2062 circa
1688 2019 1739 2057 ει.
1772 2002 1880 2058 870
1908 2002 2155 2074 scripsit,
2185 2002 2476 2072 repetiisse
2508 2000 2727 2057 videtur
2754 2018 2845 2072 pp.
2860 2001 3051 2071 36.66,
3076 2004 3241 2062 16·18
3265 2016 3319 2060 ct
3347 2003 3418 2060 30
3446 2006 3711 2062 editionis

438 2097 762 2154 liadcriante
791 2096 1114 2171 lngolstadii
1150 2095 1306 2151 1604.

507 2211 537 2283 ς
574 2212 628 2266 7.
663 2209 863 2269 l’ratcr
893 2210 1060 2266 libros
1100 2227 1133 2264 α
1165 2207 1392 2280 Georgio
1423 2217 1719 2279 excerptas,
1745 2208 1924 2263 editos
1952 2217 2007 2262 et
2046 2206 2309 2270 int-ditus,
2342 2222 2484 2279 quos
2513 2216 2800 2263 auctorum
2837 2206 3022 2262 tabula
3061 2208 3391 2273 recensebit,
3426 2209 3522 2265 sed
3566 2222 3710 2280 quo.

436 2316 559 2355 rum
590 2301 775 2356 nullus
804 2298 1177 2370 Nicephorum
1210 2297 1273 2369 ('1-
1294 2295 1422 2369 829)
1449 2298 1691 2359 excedit,
1721 2297 2179 2367 chronographus
2209 2306 2399 2351 noster
2440 2312 2575 2352 usus
2611 2312 2732 2352 esse
2761 2296 2977 2350 videtur
3006 2300 3224 2366 scriptis
3256 2300 3325 2352 ab
3351 2299 3473 2366 ipso
3496 2300 3709 2354 diserto

438 2405 548 2443 non
589 2389 849 2453 laudatis,
881 2402 971 2443 es.
1002 2404 1085 2459 gr.
1115 2403 1167 2445 c.
1197 2386 1386 2452 XCIV,
1410 2385 1466 2451 3,
1498 2384 1592 2441 ubi
1621 2384 1778 2441 testis
1807 2386 2060 2442 oculatus
2086 2387 2218 2442 anni
2258 2386 2367 2443 370
2409 2387 2680 2459 loquitur,
2713 2403 2765 2442 c.
2795 2385 3058 2441 CXXVIII
3093 2390 3185 2442 ubi
3216 2389 3550 2459 quingentos
3582 2399 3703 2443 tan-

438 2486 552 2532 tum
591 2492 767 2533 annos
798 2475 925 2532 inde
962 2476 1032 2530 ab
1059 2474 1303 2530 Adriano
1337 2475 1662 2545 imperatore
1700 2473 1920 2545 elapsos
1953 2487 2242 2531 enumerat
2272 2478 2417 2531 alius
2452 2477 2712 2548 scriptor.

507 2590 614 2664 §8.
648 2590 805 2657 Quod
844 2603 974 2645 vero
1011 2589 1289 2658 scriptoris
1322 2586 1555 2643 indolem
1603 2587 1824 2653 attinet,
1863 2587 1918 2642 in
1968 2589 2056 2655 iis,
2092 2603 2216 2659 quae
2251 2586 2447 2658 quinto
2497 2586 2639 2642 libro
2679 2598 2733 2643 et
2778 2588 3137 2657 sequentibus
3175 2589 3434 2658 leguntur
3463 2594 3523 2643 1ο
3553 2590 3706 2647 nulla

431 2683 551 2738 loca
579 2682 888 2746 bibliorsnu,
946 2679 1170 2733 Patrum
1220 2678 1717 2733 ecclesiasticarum
1767 2680 2115 2749 aliorumque
2154 2694 2317 2743 usque
2354 2678 2421 2729 ad
2456 2676 2812 2745 Nicephorum
2865 2676 2926 2747 (1-
2948 2676 3075 2746 829)
3119 2678 3435 2749 scriptorum
3477 2681 3707 2737 laudata

434 2771 787 2827 inveniuntur
825 2782 949 2840 qua:
979 2768 1183 2840 ubique
1212 2767 1281 2822 IV
1312 2765 1502 2838 primis
1532 2768 1588 2822 in
1619 2767 1773 2822 libris
1805 2766 1965 2822 obvia
2009 2777 2157 2828 sunt.
2197 2766 2341 2820 sicut
2366 2766 2480 2836 jam
2515 2775 2806 2821 auctorum
2840 2766 3004 2820 index
3040 2768 3333 2834 ostendet;
3366 2784 3545 2840 neque
3582 2780 3708 2841 post

433 2877 486 2914 a.
518 2860 623 2915 845
660 2859 1016 2913 inveniuntur
1040 2872 1340 2926 para'neses
1376 2856 1483 2911 ilice
1510 2857 1856 2926 dogmaticae,
1890 2855 2172 2921 βοὶυηυίαιξ
2199 2864 2255 2910 et
2282 2856 2545 2921 morales,
2582 2871 2723 2925 quas
2758 2855 2875 2926 ipse
2909 2853 3178 2926 Georgius
3212 2860 3460 2912 nominat
3486 2857 3709 2930 digres-

432 2949 616 3004 siones
657 2951 733 3017 (p.
762 2947 851 3011 51,
887 2946 1011 3010 131,
1046 2944 1174 3007 150.
1199 2945 1330 3008 206,
1356 2945 1487 3007 253,
1510 2945 1637 3011 285,
1668 2944 1795 3010 327,
1826 2944 1953 3007 329,
1981 2943 2041 2997 53

2096 2988 2105 3008 ,
2143 2946 2274 3010 556,
2301 2946 2429 3009 557,
2463 2944 2593 3008 562,
2621 2944 2749 3008 369,
2776 2945 2901 3011 M5,
2933 2946 3061 3011 620,
3091 2948 3220 3013 430,
3249 2948 3374 3011 436,
3403 2949 3538 3012 482,
3572 2949 3705 3014 485,

431 3036 558 3102 541,
590 3035 715 3101 518,
750 3034 871 3097 572,
907 3033 1034 3098 581,
1067 3033 1192 3097 ξ’91,
1214 3032 1339 3097 597,
1366 3031 1494 3097 598,
1528 3032 1655 3096 601,
1683 3031 1809 3095 640,
1837 3030 1964 3097 645,
1994 3032 2040 3085 6'

2096 3038 2122 3097 ‘,
2146 3034 2273 3098 (>86,
2298 3034 2425 3099 689,
2456 3033 2581 3099 692,
2604 3033 2732 3097 694,
2757 3034 2884 3099 708,
2916 3036 3064 3102 710).
3094 3035 3255 3090 Deest
3292 3038 3417 3092 inde
3441 3052 3473 3092 a
3501 3040 3705 3106 quinto

430 3125 572 3177 libro
618 3123 709 3177 illa
751 3122 1101 3178 citumeramli
1149 3122 1426 3179 mcthodus
1474 3120 1527 3173 in
1572 3120 2008 3190 argumentando
2051 3139 2080 3176 a
2118 3122 2353 3192 Georgio
2404 3122 2607 3192 saepius
2650 3123 2899 3176 adhibita
2931 3123 3010 3192 (p.
3043 3124 3097 3183 6,
3136 3123 3536 3190 82,124,137,
3568 3125 3703 3188 2⁸52.

430 3211 557 3278 504,
592 3212 717 3275 562,
744 3211 870 3277 527,
910 3210 1055 3281 607).
1096 3208 1241 3264 Sunt
1275 3208 1384 3262 alia
1431 3208 1591 3277 plura
1623 3223 1743 3278 quae
1781 3208 2089 3275 scriptorem
2131 3213 2368 3264 outnium
2414 3220 2646 3280 quatuor
2694 3211 2935 3279 priorum
2978 3211 3238 3265 librorum
3281 3216 3527 3266 eumdem
3572 3230 3701 3269 esse

430 3301 721 3367 evincunt;
750 3314 802 3354 ν.
835 3316 885 3357 e.
921 3301 1109 3355 eadem
1156 3300 1222 3351 de
1272 3299 1624 3352 barbarorum
1662 3296 1944 3349 virtutibus
1988 3308 2038 3351 et
2082 3300 2317 3353 moribus
2361 3300 2676 3354 referuntur
2717 3304 2796 3368 (p.
2827 3299 2896 3352 26
2931 3311 2983 3352 et
3014 3298 3185 3367 264);
3221 3316 3367 3370 reges
3397 3301 3702 3358 Christiani

430 3409 549 3447 cum
574 3389 825 3445 Judaicis
855 3390 937 3444 vel
962 3404 1156 3445 eorum
1189 3389 1430 3445 inimicis
1466 3386 1618 3462 [IX]
1649 3402 1740 3442 es.
1774 3402 1857 3456 gr.
1889 3387 2281 3441 Seuacherimo
2309 3387 2515 3457 saepius
2542 3388 2892 3458 conferuntur
2921 3388 2995 3458 (p.
3032 3388 3158 3453 680,
3182 3384 3308 3455 684,
3334 3388 3486 3459 695);
3512 3394 3700 3446 eadem

436 3478 733 3549 Scriptum
761 3493 929 3531 sacra:
962 3478 1080 3531 loca
1139 3476 1433 3531 laudantur
1460 3475 1537 3545 (p.
1570 3474 1697 3535 5⁸58,
1752 3473 1877 3537 575,
1914 3472 2036 3535 589,

2092 3472 2215 3538 698,
2260 3474 2386 3538 720,
2420 3474 2549 3539 522,
2582 3476 2707 3539 680,
2742 3474 2865 3539 o95,
2904 3474 3051 3543 7L9);
3088 3475 3231 3529 idem
3287 3476 3529 3547 denique
3584 3495 3701 3535 mos

429 3584 523 3623 aer
542 3568 730 3637 jurgia
760 3566 837 3620 uel
860 3567 1003 3620 lusus
1026 3567 1297 3619 uerborum
1333 3564 1743 3636 argumentandi
1763 3561 1839 3633 (p.
1867 3563 1923 3626 2,
1952 3560 2038 3617 30l

2116 3561 2241 3629 595,
2279 3564 2405 3627 611,
2437 3561 2564 3627 614,
2601 3563 2725 3629 649,
2760 3562 2885 3629 654,
2923 3562 3049 3627 662,
3081 3563 3207 3629 685,
3238 3562 3365 3630 685,
3399 3566 3534 3633 686,
3565 3566 3701 3636 689,

430 3656 557 3720 599,
587 3655 710 3722 702,
746 3654 873 3721 707,
902 3655 1050 3725 708).
1084 3684 1157 3694 ——
1176 3655 1234 3708 2°
1263 3653 1453 3708 Altera
1481 3666 1545 3707 es
1580 3659 1737 3723 parte
1772 3659 1913 3705 noue
1941 3650 2039 3704 clm

2093 3650 2324 3721 tologicw
2362 3651 2641 3722 Symrouis
2682 3650 2832 3721 (747,
2862 3652 2988 3717 761,
3027 3651 3155 3717 788,
3188 3653 3321 3723 etc.)
3352 3663 3403 3707 et
3428 3655 3702 3727 etymolo-

428 3748 561 3819 gica
597 3755 835 3816 quatuor
860 3743 1057 3814 primis
1086 3746 1139 3798 in
1168 3744 1325 3799 libris
1356 3757 1588 3812 prorsus
1612 3738 2015 3797 desiderantur.
2043 3739 2241 3793 Onmia
2264 3754 2387 3810 qua:
2413 3741 2631 3809 Georgii
2664 3742 2845 3794 vocari
2875 3743 3092 3811 possint
3123 3742 3540 3816 chronologica,
3566 3756 3704 3800 sunt

428 3850 493 3889 ea
530 3848 655 3905 qua:
703 3848 796 3905 pp.
832 3832 960 3897 279,
1004 3832 1133 3899 διο,
1170 3831 1297 3897 6H,
1333 3830 1458 3897 657,
1488 3830 1616 3895 oss,
1648 3829 1775 3893 659,
1806 3829 1932 3892 est,
1958 3827 2031 3883 67

2117 3826 2244 3891 674,
2281 3825 2408 3891 680,
2445 3826 2540 3882 701
2582 3828 2975 3896 inveniuntur;
3018 3831 3153 3898 quin
3182 3830 3297 3887 imo
3334 3846 3423 3887 res
3462 3838 3536 3890 ab
3576 3833 3700 3906 ipso

428 3922 614 3980 relatae
638 3921 837 3995 sapius
862 3932 1049 3975 contra
1078 3935 1284 3975 omnem
1315 3931 1613 3988 temporum
1640 3919 1881 3972 ordinem
1908 3916 2037 3987 disp:

2093 3914 2183 3970 ιω
2214 3925 2343 3970 sunt
2384 3915 2462 3986 (p.
2488 3916 2614 3980 612,
2651 3916 2777 3982 674,
2815 3916 2968 3987 678).
3001 3915 3135 3983 Quae
3165 3934 3297 3975 vero
3329 3919 3383 3975 in
3415 3922 3513 3978 ed.
3545 3923 3702 3979 Pari~

427 4012 599 4071 εἱεΜί
622 4013 748 4068 inde
776 4011 844 4067 ab
873 4027 925 4066 a.
952 4010 1056 4066 813
1089 4012 1346 4081 leguntur
1375 4017 1519 4063 notae
1547 4006 1972 4076 chronologieae,
2000 4018 2128 4059 eum
2160 4018 2265 4059 nec
2306 4006 2362 4058 in
2412 4002 2770 4060 Coislinianis
2808 4005 3090 4061 codicibus
3134 4022 3233 4063 nec
3273 4008 3326 4062 in
3375 4007 3703 4081 Mosqucnsl

430 4100 800 4165 inveniantur,
832 4114 863 4154 e
890 4099 1081 4154 codice
1111 4096 1282 4168 Regio
1315 4096 1622 4153 recentiore
1648 4093 1940 4162 adjuncta,
1972 4089 2211 4164 Georgio
2238 4108 2345 4147 non
2387 4103 2517 4149 sunt
2546 4094 2931 4150 attribuenda.
2964 4093 3234 4150 Praeterea
3263 4106 3407 4167 totus
3434 4104 3702 4155 sermonis

432 4199 583 4246 tenor
609 4190 735 4245 inde
766 4206 795 4244 a
824 4191 1021 4259 quinto
1046 4188 1189 4242 libro
1218 4186 1364 4243 alius
1390 4196 1496 4252 est,
1529 4184 1742 4241 scilicet
1771 4181 1951 4253 magis
1982 4181 2339 4238 barbarizans
2379 4193 2435 4236 et
2460 4182 2779 4248 latiniaans,
2826 4182 2973 4253 quod
3007 4184 3339 4254 glossarium
3368 4186 3421 4241 in
3459 4188 3569 4242 [inc
3600 4190 3701 4244 ad-

426 4281 676 4350 iunctum
705 4279 1008 4334 luculenter
1034 4276 1308 4333 ostendet.
1346 4273 1487 4330 Sunt
1520 4284 1573 4330 et
1603 4275 1656 4326 in
1683 4273 1836 4329 rebus
1866 4270 2205 4333 discrimina,
2243 4285 2332 4324 ex.
2367 4285 2452 4339 gr.
2490 4268 2790 4341 Logothets
2848 4285 2902 4339 p.
2937 4272 3042 4325 724
3078 4271 3395 4330 Michaelem
3425 4276 3472 4329 ll
3508 4280 3700 4333 nomi-

431 4377 526 4423 nat
556 4368 875 4437 Rangaben,
929 4380 1038 4421 non
1079 4364 1470 4435 Curopalaten,
1516 4372 1579 4418 ut
1618 4362 1821 4418 fecerat
1844 4359 2150 4431 Georgius;
2183 4354 2253 4413 ad
2277 4372 2332 4411 a.
2358 4356 2465 4414 8l3
2500 4355 2738 4429 Symeon
2774 4359 2906 4413 facit
2936 4356 3251 4415 Crummum
3279 4361 3333 4416 in
3374 4362 3695 4434 Bulgariam

429 4462 817 4521 revertentem,
846 4469 955 4509 non
984 4468 1113 4507 vero
1142 4454 1377 4508 tentoria
1404 4465 1503 4506 sua
1533 4461 1661 4506 ante
1688 4450 1874 4507 urbem
1906 4448 2182 4517 ﬁgentem,
2218 4453 2279 4503 ut
2305 4445 2576 4519 Georgius
2605 4448 2672 4501 de
2699 4446 2904 4503 Crumo
2940 4449 3137 4517 refert;
3175 4448 3477 4522 Logotheta
3518 4458 3703 4525 capti-

429 4559 526 4600 vos
570 4541 890 4599 Macedones
918 4552 1070 4598 trans
1111 4540 1442 4604 Danubium,
1474 4548 1529 4595 et
1556 4554 1664 4593 non
1700 4537 1931 4594 Danubii
1971 4537 2025 4592 in
2071 4535 2231 4607 ripis,
2264 4536 2501 4592 collocat
2530 4537 2673 4591 sicut
2703 4533 3054 4593 llamartolus
3087 4556 3102 4593 :
3134 4540 3203 4595 de
3233 4538 3473 4598 Cordule
3518 4545 3698 4601 multa

427 4631 646 4703 attingit
672 4630 761 4688 ille
794 4646 917 4703 qua:
961 4644 1219 4685 narrasse
1262 4629 1513 4700 perhibet
1544 4629 1598 4683 in
1630 4626 1749 4683 Vita
1778 4625 2094 4696 Theophili,
2136 4624 2204 4681 de
2234 4625 2437 4695 quibus
2473 4625 2529 4679 in
2578 4624 2821 4696 Georgio
2848 4642 3004 4696 mque
3033 4642 3097 4684 ac
3131 4628 3187 4682 in
3222 4629 3499 4701 Symeone
3540 4634 3699 4689 edito

427 4719 729 4790 (breviario
778 4720 901 4790 ejus
944 4718 1091 4788 quod
1139 4720 1255 4788 ipse
1302 4716 1607 4787 Legotheta
1653 4714 1954 4785 scripserat
1988 4712 2259 4782 chronici)
2289 4712 2462 4768 altum
2492 4720 2579 4768 est
2612 4712 2930 4779 silentium;
2962 4716 3058 4769 sed
3090 4716 3451 4773 inveniuntur
3482 4721 3604 4777 haec
3638 4724 3697 4777 in

427 4808 825 4863 Continuatore
865 4806 938 4877 (ο.
972 4806 1112 4875 5-9),
1152 4806 1246 4875 qui
1287 4806 1477 4860 eodem
1510 4817 1542 4857 e
1586 4803 1859 4875 Symeone
1890 4818 1990 4859 sua
2030 4802 2247 4857 videtur
2287 4802 2555 4858 hausisse.
2599 4799 2863 4857 Similiter
2904 4806 2971 4858 de
3007 4802 3335 4874 Baldimere,
3381 4817 3539 4875 patre
3587 4812 3699 4882 Sy-

428 4898 639 4951 tncouis
676 4896 894 4968 Bulgari
923 4905 978 4950 et
1008 4893 1246 4957 exteris,
1274 4909 1396 4963 quae
1444 4891 1700 4947 monachi
1732 4906 1842 4946 non
1876 4891 2197 4953 intererant,
2234 4889 2330 4947 sed
2350 4892 2470 4959 ejus
2500 4890 2595 4960 qui
2630 4889 2896 4961 dynastite
2927 4892 3296 4951 Macedonicae
3322 4898 3559 4966 aequalis
3592 4898 3704 4955 fuit

424 4995 480 5039 et
510 4984 834 5039 muneribus
858 4982 1099 5045 functus,
1147 4989 1204 5033 ut
1244 4978 1563 5051 Logotheta,
1609 4977 1753 5050 apud
1797 4977 1948 5032 illum
1993 4980 2139 5033 nulla
2170 4989 2253 5034 est
2288 4979 2514 5034 mentio.
2552 4979 2796 5050 Denique
2820 4978 2946 5035 inde
2975 4995 3005 5035 a
3032 4982 3225 5051 quinto
3268 4983 3428 5045 libro.
3479 4986 3631 5041 sicut
3666 5003 3701 5043 e

428 5075 704 5145 farragine
736 5072 1011 5126 variarunt
1038 5070 1337 5124 ιοοιίοιιωιι
1375 5068 1605 5138 patebit,
1633 5067 1919 5121 discrimen
1944 5067 2189 5119 codicum
2240 5070 2391 5136 longe
2428 5066 2602 5135 majus
2646 5076 2721 5119 est
2757 5081 2922 5137 quam
2959 5070 3011 5121 iu
3047 5069 3237 5137 primis
3275 5067 3398 5144 [Χ]
3452 5088 3699 5143 quatuor

426 5163 583 5222 libris
611 5163 704 5234 qui
737 5162 983 5234 ejusdem
1009 5170 1131 5215 sunt
1166 5160 1474 5231 scriptoris,
1507 5169 1797 5230 sequentes
1830 5174 1959 5213 vero
1989 5157 2156 5211 variae
2185 5154 2499 5224 Logotheta:
2524 5157 2799 5224 epitomis.

495 5279 607 5351 ⁵ο,
636 5277 900 5336 Comum,
946 5274 1112 5340 xxv,
1159 5276 1253 5344 qui
1303 5277 1587 5343 hucusque
1650 5270 2007 5327 innotuerunt
2056 5268 2220 5339 hujus
2272 5265 2701 5338 ehronogrspbi,
2747 5268 2910 5322 varia
2953 5268 3199 5326 lectiones
3235 5287 3336 5330 nec
3362 5252 3557 5346 plures
3591 5293 3702 5334 nec

426 5369 703 5440 graviores
732 5376 864 5422 sunt
886 5380 986 5421 nec
1019 5366 1159 5420 inter
1192 5379 1315 5419 sese
1348 5361 1521 5432 magis
1555 5360 1873 5429 discrepant
1913 5373 2075 5428 quam
2111 5358 2326 5411 caeteris
2364 5356 2419 5410 in
2460 5356 2827 5427 scriptoribus
2879 5358 3081 5428 saepius
3125 5360 3419 5435 descriptis
3465 5367 3698 5425 evenire

427 5456 589 5522 solet,
624 5456 710 5512 νυὶ
738 5456 1087 5510 librariorum
1118 5451 1324 5507 incuria
1367 5452 1449 5503 vel
1484 5450 1804 5502 earumdem
1838 5446 2063 5515 augendi
2093 5455 2142 5499 et
2176 5444 2493 5499 emendandi
2526 5446 2731 5509 studia,
2777 5446 2871 5516 qui
2922 5462 3070 5503 nunc
3116 5449 3290 5507 lineas
3336 5451 3589 5521 integras
3627 5472 3696 5511 ex

434 5543 861 5601 homoioteleuto
908 5544 1168 5596 omittunt
1214 5538 1380 5608 (quod
1431 5547 1485 5591 et
1520 5538 1572 5591 iu
1608 5536 1977 5607 typographiis
2009 5533 2251 5603 quotidie
2299 5532 2547 5587 accidere
2600 5532 2782 5603 solet),
2816 5549 2962 5590 nunc
2995 5535 3211 5607 glossas
3265 5540 3605 5607 Iuargiuales
3638 5545 3695 5600 in

427 5641 638 5689 textum
672 5632 958 5703 rccipiunt.
1009 5629 1119 5685 lloc
1166 5643 1293 5682 vero
1342 5638 1389 5681 et
1433 5628 1488 5680 in
1550 5624 1729 5678 Leone
1775 5622 2148 5676 Grammatice
2177 5632 2229 5676 et
2264 5622 2533 5684 Cedreno,
2568 5619 2787 5689 Georgii
2820 5622 3255 5692 descriptoribus
3285 5628 3369 5681 vel
3404 5632 3691 5695 epitoma-

428 5722 638 5786 toribus
687 5734 742 5777 et
789 5720 955 5775 Coisl.
995 5716 1099 5771 303
1132 5715 1331 5770 factum
1364 5714 1564 5783 saepius
1592 5710 1956 5776 inveniemus,
1998 5709 2215 5767 collatis
2240 5724 2328 5765 ex.
2361 5725 2444 5780 gr.
2483 5724 2571 5778 pp.
2611 5707 2737 5777 46!,
2770 5710 2894 5779 598,
2928 5711 3030 5767 499
3061 5714 3314 5770 editionis
3346 5723 3581 5799 nostrae,
3643 5787 3645 5790 ,

503 5835 769 5890 Codicum
799 5842 977 5887 autent
1006 5826 1459 5883 Coislinianorum
1489 5822 1595 5879 3l0
1632 5831 1683 5878 et
1712 5819 1819 5877 305
1851 5819 2113 5877 lectiones
2147 5821 2313 5877 write
2349 5820 2413 5875 ad
2452 5834 2625 5875 annos
2662 5818 2902 5877 815-842
2939 5832 3155 5893 notatio,
3194 5824 3412 5885 illorum
3442 5831 3549 5901 qui
3595 5833 3704 5889 hos
