4074 6298
244 345 306 413 l3
1608 333 2166 400 PROLEGOMENA
2179 381 2192 394 .
3466 326 3532 389 la

252 457 464 519 codices
493 456 921 532 descripserunt
951 457 1254 514 exornandi.
1289 457 1552 521 studium,
1584 469 1696 510 non
1729 467 1861 510 vero
1893 451 2064 508 alium
2091 446 2572 520 chronographum
2605 459 2770 518 quam
2795 447 2889 518 qui
2915 445 3132 502 ceteris
3163 445 3216 500 in
3248 444 3533 503 codicibus

259 545 558 616 invenitur,
592 557 860 620 arguunt.

328 636 490 706 Quod
515 636 565 692 si
596 636 654 692 in
675 637 802 693 sitis
835 636 1001 694 trium
1022 635 1323 707 primorum
1353 633 1742 704 imperatorum
1769 628 2201 690 Christianorum
2239 624 2570 683 enarrandis
2607 624 2874 697 majorem
2907 623 2964 681 in
3001 624 3226 682 modum
3261 639 3434 697 quam
3474 628 3532 682 in

263 727 475 784 ceteris
501 723 821 797 discrepant
851 725 998 781 inter
1025 738 1088 780 se
1123 722 1351 779 codices
1391 717 1763 792 Mosquensis,
1794 717 2252 776 Viudohonenses
2278 715 2412 781 duo,
2447 714 2796 772 Monacensis
2829 720 3063 784 uterque
3089 723 3145 769 et
3175 710 3537 776 Venetianus.

264 831 440 885 neque
464 814 523 870 id
551 814 723 871 alin
755 813 1082 885 scriptorem
1111 810 1287 868 fuisse
1314 810 1685 873 demonstrat,
1730 806 1828 864 sed
1863 809 2049 879 potius
2079 806 2323 862 eumdem
2358 805 2497 871 haec.
2529 819 2654 875 quae
2678 803 2732 860 ci
2765 801 2993 858 maximi
3043 803 3307 860 momenti
3348 812 3534 869 erant,

269 900 598 959 Christiana
627 900 833 971 politiae
863 900 1021 956 initia
1054 899 1230 970 (2,25)
1263 897 1460 968 sapius
1493 886 1836 952 retrac'tasse.

341 986 685 1044 Venetianus
709 988 953 1058 denique
983 994 1155 1042 totam
1187 985 1351 1056 primi
1384 994 1440 1041 et
1466 983 1700 1040 secundi
1732 983 1859 1039 libri
1890 982 2178 1039 materiam
2213 980 2432 1052 paginis
2464 993 2559 1036 sex
2590 983 2902 1036 coarctavit.

337 1073 682 1133 Ceterarum
714 1085 992 1147 quotquot
1017 1075 1142 1130 loca
1173 1073 1451 1144 exscripta
1495 1072 1701 1127 habere
1736 1071 2019 1141 potuimus
2061 1071 2316 1126 codicum
2349 1068 2515 1125 lectio
2550 1083 2676 1124 cum
2718 1067 3031 1140 Mosquensi
3070 1069 3209 1125 adeo
3243 1071 3539 1132 consentit.

274 1175 334 1220 ut
361 1163 622 1236 quamvis
653 1163 888 1220 diversis
917 1163 1268 1219 ascribantur
1296 1160 1639 1226 auctoribus,
1677 1159 1916 1231 ejusdem
1954 1170 2136 1214 tamen
2170 1157 2388 1229 Georgii
2432 1156 2600 1227 fuisse
2629 1156 2994 1228 colligendum
3023 1157 3118 1213 sit.
3147 1155 3307 1224 Quod
3335 1172 3402 1212 es
3420 1159 3544 1228 ipso

268 1252 517 1306 lectionis
571 1253 831 1306 serietate
886 1250 1200 1322 apparebit,
1231 1249 1445 1304 scilicet
1475 1249 1527 1304 1·
1560 1247 1935 1320 antiquissimi
1981 1246 2194 1304 codicis
2234 1245 2563 1302 Coisliniani
2597 1244 2705 1301 3l0
2743 1245 2798 1300 in
2836 1243 2974 1301 Vitis
3003 1243 3335 1316 Copronymi
3365 1252 3423 1301 et
3453 1260 3542 1302 sc-

269 1342 562 1409 quentium
598 1340 999 1410 imperatorum
1029 1352 1208 1409 usque
1237 1337 1306 1393 ad
1336 1336 1493 1392 initia
1529 1335 1812 1392 Michaelis
1849 1335 1957 1403 lll;
1999 1334 2058 1390 2°
2086 1333 2412 1392 Coisliniani
2443 1329 2552 1388 505
2584 1333 2638 1389 in
2673 1331 2811 1389 Vitis
2841 1329 3073 1400 Tiberii,
3123 1330 3405 1403 Caligula,
3437 1331 3547 1389 Nec

273 1429 429 1484 renis
461 1434 522 1482 et
551 1426 904 1484 Constantini
935 1427 1117 1499 Magni
1145 1435 1314 1497 atque
1349 1427 1405 1481 in
1433 1425 1570 1482 locis
1599 1440 1668 1482 ex
1701 1423 1962 1480 omnibus
1987 1432 2224 1495 quatuor
2253 1422 2411 1478 libris
2457 1435 2488 1476 a
2533 1419 2944 1477 Montlauconio
2972 1420 3234 1488 laudatis,
3283 1436 3386 1479 nec
3431 1437 3546 1479 non

274 1529 368 1586 pp.
403 1514 692 1582 “7-432;
725 1514 786 1570 δ’
816 1513 1146 1572 Coisliniani
1194 1513 1299 1570 154
1335 1521 1394 1569 et
1436 1513 1699 1569 editionis
1743 1526 1776 1567 a
1809 1510 2143 1568 Combelisio
2185 1509 2595 1567 Parisiensibus
2637 1524 2671 1565 e
2714 1509 3003 1566 codicibus
3051 1506 3202 1583 [XI]
3233 1517 3435 1580 parate
3487 1509 3547 1566 in

279 1601 467 1662 Leone
497 1602 568 1658 Ill
596 1613 654 1659 et
678 1617 839 1674 seqq.
871 1601 939 1657 ad
978 1617 1145 1674 quam
1174 1599 1375 1658 llasius
1407 1601 1678 1658 lectiones
1705 1601 1874 1670 hujus
1903 1600 2113 1657 codicis
2141 1598 2467 1656 Coisliniani
2499 1611 2674 1669 usque
2703 1595 2773 1653 ad
2807 1613 2864 1668 p.
2897 1597 3005 1652 720
3052 1598 3314 1654 editionis
3343 1610 3550 1656 nostra

268 1690 627 1748 excurrentia
692 1690 1009 1758 adnotavit;
1062 1691 1121 1746 4⁸
1174 1690 1524 1746 Ambrosiani
1573 1704 1628 1761 p.
1696 1689 1877 1756 1-4;ἓ

1938 1689 1985 1756 5,
2042 1686 2187 1752 399;
2257 1685 2524 1743 476-490.
2569 1685 2625 1740 δ’
2679 1684 2922 1742 Vaticani
3003 1686 3107 1742 l5i
3179 1702 3233 1757 p.
3265 1685 3322 1752 4,
3359 1686 3547 1753 19-27,

271 1781 342 1848 6;
375 1780 440 1838 0'
470 1779 596 1837 Vat.
621 1777 725 1837 l53
759 1794 813 1837 a.
844 1778 1115 1848 842-948;
1143 1780 1202 1834 7°
1228 1789 1286 1836 et
1311 1778 1369 1836 8°
1399 1777 1795 1836 Parisiensium
1824 1779 1880 1834 l'i

1938 1775 1968 1833 5
1994 1784 2052 1834 et
2078 1773 2253 1842 "06;
2282 1777 2341 1832 9°
2367 1783 2424 1831 et
2447 1772 2538 1830 l0°
2570 1772 2890 1831 Barocciani
2923 1775 3250 1847 utriusque;
3284 1776 3376 1832 11⁸
3396 1774 3547 1833 Oxo-

278 1872 496 1928 nicnsis
529 1886 586 1944 p.
616 1870 676 1934 7.
711 1868 875 1937 6-65,
905 1870 974 1938 2;
1006 1869 1099 1926 η’
1125 1878 1184 1926 et
1213 1869 1304 1923 15·
1334 1866 1685 1926 Monacensis
1723 1868 2037 1935 utriusque,
2066 1871 2123 1920 et
2154 1864 2245 1920 li‘
2286 1870 2341 1920 et
2381 1862 2474 1920 15⁸
2507 1859 2957 1920 Vindnbonensis
2998 1864 3287 1936 utriusque
3318 1864 3373 1920 in
3409 1861 3552 1921 Vitis

277 1956 634 2015 Constantini
665 1957 766 2025 Ι..
787 1956 1138 2023 Constantis,
1164 1953 1398 2021 Juliani,
1428 1958 1486 2012 in
1517 1957 1774 2013 Heraclio
1801 1964 1860 2012 et
1885 1952 2247 2018 Heracleona,
2279 1949 2568 2008 Stauracio
2588 1961 2644 2008 et
2663 1951 2923 2008 Michaele
2943 1951 3032 2009 lll.
3049 1950 3318 2011 Pratcrea
3347 1952 3551 2025 prrrfo-

279 2048 480 2104 tionem
538 2041 864 2104 Vaticanam
892 2055 949 2104 et
970 2045 1368 2104 Coislinianam
1399 2045 1508 2102 505
1531 2061 1655 2102 cum
1691 2043 2079 2110 Ambrosiana,
2108 2043 2450 2108 Monacensi,
2478 2043 2825 2113 Augustam,
2859 2039 3276 2100 Vindobonensi
3316 2053 3553 2114 utraque

278 2144 340 2191 et
371 2130 675 2206 Lipsiensi,
704 2150 833 2207 qum
854 2149 980 2191 eam
1014 2143 1266 2192 truncam
1298 2133 1490 2190 eodem
1518 2149 1587 2189 ex
1617 2131 1920 2204 exemplari
1964 2132 2325 2202 repetierunt,
2370 2146 2474 2187 nec
2516 2145 2627 2186 non
2673 2146 2800 2186 curn
2848 2129 3123 2203 Lipsiensi
3156 2132 3384 2204 paginas
3412 2131 3548 2188 564.

284 2219 395 2278 587
426 2223 687 2278 conferre
732 2223 1039 2292 potuimus.
1091 2219 1345 2291 Denique
1374 2236 1439 2276 ea
1468 2235 1594 2292 qua
1627 2218 1827 2293 Glycas
1851 2233 1884 2276 e
1912 2218 2148 2290 Georgio
2197 2228 2254 2274 et
2299 2233 2422 2290 quae
2455 2218 2718 2274 oersiones
2761 2217 3060 2274 Slaaonicte
3107 2221 3276 2276 variis
3325 2219 3379 2275 in
3416 2219 3559 2277 locis

288 2311 527 2366 laudata
553 2309 814 2387 aderunt,
839 2318 901 2368 ot
927 2307 1043 2366 hac
1070 2307 1126 2363 in
1153 2306 1477 2378 llosqucnsi
1511 2307 1706 2364 codice
1739 2307 1854 2364 fere
1887 2307 2076 2364 omnia
2108 2306 2487 2379 reperiuntur.

351 2397 382 2469 ί
416 2397 504 2453 10.
534 2397 694 2466 Quod
722 2398 770 2456 si
803 2397 1035 2454 rubrica
1081 2396 1138 2453 in
1174 2399 1367 2452 codice
1405 2395 1720 2467 Iosquensi
1759 2395 1906 2452 baud
1953 2410 2150 2452 omnes
2191 2393 2547 2451 inveniuntur
2574 2408 2696 2466 qua:
2722 2394 2779 2449 in
2811 2393 2998 2449 tabula
3032 2394 3209 2452 codici
3241 2394 3557 2454 Monacensi

286 2486 540 2542 secundo
569 2484 858 2556 praemissa
889 2484 1190 2550 habentur,
1233 2483 1341 2539 hoc
1369 2496 1402 2538 c
1434 2481 1653 2540 delectu
1679 2483 2001 2554 neutiquam
2034 2483 2220 2556 colligi
2261 2491 2447 2556 potest
2472 2482 2798 2554 scriptorem
2833 2483 3001 2538 alium
3042 2485 3112 2538 ab
3139 2484 3245 2540 hoc
3268 2485 3459 2542 codice
3498 2497 3557 2540 et

284 2573 460 2629 alium
495 2573 571 2628 ah
595 2574 692 2629 illo
717 2572 1136 2646 representari;
1183 2570 1284 2628 sed
1333 2570 1440 2628 hoc
1487 2573 1872 2628 tantummodo
1907 2571 2037 2628 inde
2065 2573 2224 2642 sequi
2262 2571 2497 2639 videtur,
2526 2570 2779 2626 rubricas
2809 2570 2912 2626 bas
2957 2587 3081 2641 qua:
3117 2572 3339 2628 dit-crta
3387 2575 3555 2629 etiam

286 2655 699 2717 Parisiensibus
747 2656 804 2715 in
847 2658 1138 2732 codicibus
1164 2665 1222 2714 et
1264 2656 1320 2714 lu
1355 2655 1873 2716 Viudob‘onensibns
1914 2675 2021 2717 nec
2061 2673 2168 2716 non
2204 2661 2260 2715 in
2299 2657 2584 2716 Vaticanis
2613 2659 2985 2730 reperiuntur,
3035 2674 3143 2714 non
3177 2660 3249 2717 ab
3277 2661 3398 2732 ipso
3422 2663 3562 2719 scri-

289 2756 472 2819 ptore,
501 2761 695 2805 verum
732 2761 764 2802 a
810 2747 1251 2819 descriptoribus
1290 2746 1375 2802 vel
1411 2745 1658 2803 librariis
1689 2749 1774 2818 (ut
1802 2744 2046 2805 Mediceo
2075 2760 2130 2805 et
2160 2748 2498 2820 losquensi)
2529 2746 2589 2803 in
2623 2748 2871 2820 margine
2902 2748 3256 2818 ascriptasct
3285 2750 3560 2807 recentio-

290 2835 452 2893 ribus
491 2836 548 2893 in
579 2835 869 2893 codicibus
908 2834 1110 2892 tabula:
1146 2835 1205 2892 in
1238 2833 1473 2890 formam
1504 2826 1851 2908 conscriptas
1879 2850 2024 2893 esse.

371 2943 402 3017 ᾗ
435 2943 522 2999 11.
561 2941 794 3011 Quintus
825 2959 959 3002 vero
989 2943 1149 3013 liber,
1181 2943 1279 3016 qui
1303 2942 1374 2998 ab
1399 2957 1548 3000 anno
1574 2942 1680 3000 8H
1705 2943 1774 2999 ad
1804 2959 1859 3000 a.
1891 2941 2000 3000 915
2023 2943 2360 3011 extenditur,
2389 2943 2484 3001 sed
2515 2943 2585 2999 ab
2611 2951 2839 3000 auctore
2868 2944 3108 3015 scriptus
3133 2945 3228 3015 qui
3260 2945 3511 3004 Romano
3537 2949 3560 3005 l

296 3033 590 3106 (917.945)
620 3045 934 3091 coaetaneus
965 3032 1070 3092 fuit
1106 3031 1203 3102 (cf.
1229 3050 1284 3106 p.
1318 3032 1424 3089 857
1454 3044 1510 3089 et
1537 3031 1666 3098 847,
1700 3033 1778 3097 ὡς
1816 3033 1866 3086 oi
1892 3051 1905 3087 η

2048 3035 2219 3104 ὀφοὶ),
2259 3043 2315 3089 et
2352 3042 2503 3089 certe
2539 3047 2594 3090 a.
2633 3031 2738 3089 959
2767 3032 2949 3089 adhuc
2978 3035 3214 3100 vivebat,
3258 3050 3384 3091 cum
3430 3035 3571 3092 Per:
3649 3083 3657 3090 .

295 3125 700 3195 phyrogenueti
759 3137 940 3180 annos
985 3130 1290 3187 enumeret,
1322 3121 1534 3179 scilicet
1566 3136 1594 3174 a
1629 3121 1900 3194 Symeone
1931 3119 2233 3193 Logotheta
2259 3121 2384 3177 inde
2413 3122 2483 3178 ab
2520 3136 2666 3177 anno
2687 3120 2795 3176 901
2823 3128 2958 3178 noto
2988 3124 3062 3192 (p.
3093 3121 3260 3191 785);
3289 3132 3345 3178 ct
3378 3134 3562 3181 sextus

292 3211 392 3280 qui
421 3207 899 3264 continuationem
931 3206 1247 3263 ulteriorem
1282 3207 1350 3262 ad
1385 3223 1438 3261 a.
1476 3207 1608 3263 1071
1650 3207 1898 3278 ejusdem
1943 3207 2262 3280 L‘ogotbetac
2314 3211 2468 3282 operi
2503 3211 2815 3281 adjunctam
2867 3209 3112 3272 exhibet,
3155 3227 3352 3283 magna
3387 3217 3565 3271 varie-

293 3307 408 3352 tate
445 3298 501 3350 in
531 3295 770 3352 diversis
798 3310 941 3368 quos
976 3295 1247 3352 habemus
1275 3295 1587 3363 codicibus,
1622 3295 1765 3350 inter
1795 3312 1855 3354 se
1885 3297 2233 3368 discrepant;
2262 3296 2522 3352 videntur
2565 3297 2730 3369 igitur
2780 3298 2942 3354 uaria
2984 3298 3130 3354 illius
3180 3302 3568 3374 chronographi

291 3385 545 3456 epitonia:
578 3397 608 3438 a
651 3382 903 3453 pluribus
933 3381 1090 3439 facta:
1116 3383 1340 3439 diversis
1378 3381 1595 3454 Georgii
1633 3385 1900 3439 codicibus
1926 3384 2198 3454 adjuncta
2220 3397 2381 3452 esse;
2430 3400 2558 3440 nam
2591 3384 2842 3441 nonnulli
2884 3399 2954 3442 ex
2993 3385 3079 3444 bis
3104 3402 3227 3442 cum
3276 3389 3417 3445 libro
3463 3396 3563 3462 qui

297 3488 450 3528 nunc
483 3469 777 3543 Symeonis
806 3468 1123 3543 Logotlietae
1155 3471 1263 3528 sub
1293 3474 1517 3526 nomine
1549 3469 1746 3538 fertur,
1779 3481 1835 3528 et
1863 3473 1960 3544 qui
1992 3474 2109 3546 ipse
2138 3475 2520 3531 tantummodo
2553 3475 2829 3547 epitomen
2864 3475 3026 3546 linjus
3065 3478 3351 3549 scriptoris
3388 3478 3560 3554 [ΧΠ]

294 3559 528 3628 praebet,
559 3559 760 3629 sapius
787 3560 1126 3616 concordant
1186 3573 1349 3629 quam
1381 3559 1473 3614 alii
1506 3557 1723 3631 Georgii
1765 3560 2002 3617 codices.
2017 3558 2120 3615 Ex.
2148 3575 2234 3632 gr.
2259 3559 2558 3617 Vaticanus
2585 3561 2687 3616 155
2726 3575 2852 3617 cum
2881 3561 3228 3620 ve‘rsionibus
3256 3563 3567 3623 Slavonicin

293 3657 495 3704 contra
529 3647 774 3716 reliquos
810 3646 1033 3703 codices
1076 3645 1300 3702 Graecos
1344 3647 1640 3701 consentit.
1683 3644 1886 3701 Confer
1924 3648 2108 3702 varias
2137 3648 2401 3704 lectiones
2437 3649 2489 3702 in
2520 3649 2700 3722 capite
2731 3647 2913 3720 primo
2939 3646 3075 3708 Vita
3105 3649 3387 3711 Michaelis
3414 3654 3480 3710 lll
3510 3667 3568 3711 ct

295 3751 356 3807 p.
388 3734 524 3796 849.
555 3735 647 3790 ubi
675 3735 794 3804 ipse
821 3735 1062 3806 scriptor
1099 3732 1370 3805 ampliora
1399 3733 1689 3802 promittit,
1718 3748 1841 3805 qua:
1870 3735 1926 3789 in
1953 3737 2072 3793 solo
2103 3735 2504 3793 Continuatore
2551 3753 2603 3793 c.
2635 3739 2671 3794 ι
2704 3738 2840 3794 \‘itte
2867 3736 3216 3795 Constantini
3247 3741 3556 3816 Porpliyro-

293 3825 525 3896 genueti
555 3823 927 3894 reperiuntur.
965 3820 1245 3878 interdum
1284 3836 1418 3878 vero
1447 3823 1798 3878 continuator
1837 3821 2054 3894 Georgii
2086 3828 2290 3892 editus,
2325 3828 2420 3899 qui
2467 3835 2524 3882 et
2568 3826 2625 3881 in
2674 3826 2865 3883 codice
2896 3825 3216 3900 Iosquensi
3266 3830 3564 3894 invenitur.

298 3926 433 3967 cum
458 3909 734 3983 Symeono
755 3921 951 3967 contra
983 3907 1312 3965 Vaticanum
1338 3911 1632 3967 consentit.
1665 3911 1751 3966 Cl‘.
1777 3912 1832 3966 in
1856 3911 1978 3967 Vita
2000 3912 2187 3970 Basilii
2211 3931 2262 3972 c.
2288 3915 2358 3982 2;
2392 3917 2448 3972 in
2477 3913 2664 3973 Leone
2690 3916 2812 3987 ejus
2842 3915 2956 3972 lllio
2985 3930 3039 3974 c.
3064 3915 3136 3975 55
3161 3916 3322 3974 τοῦτο
3359 3920 3569 3977 codicis

304 3999 661 4074 Ilosquensis
689 4016 746 4072 p.
784 4000 891 4058 788
936 4015 968 4055 a
1015 4000 1289 4072 Symeone
1340 4002 1490 4056 edito
1537 4001 1843 4070 explicatur
1881 4017 1911 4055 τ

1954 4019 1981 4055 ν
2016 4005 2426 4074 τετραγαμῖαν,
2475 4016 2508 4061 a
2551 4004 2742 4088 codice
2778 4001 3045 4060 Vaticano
3095 4003 3198 4077 τὴν
3239 4006 3563 4079 ἱερωσύνην.

309 4089 422 4146 Sed
448 4090 658 4160 ubique
688 4090 825 4143 idem
855 4105 1033 4145 rerum
1066 4091 1200 4144 ordo
1229 4090 1576 4152 observatur,
1616 4091 1807 4144 eadem
1840 4091 2010 4145 series
2039 4092 2447 4161 cbronologica,
2497 4107 2621 4147 cum
2663 4092 3016 4163 amplitudine
3059 4101 3271 4149 tantum
3311 4105 3568 4167 excerpta

304 4176 454 4234 inter
486 4192 548 4234 se
580 4177 862 4248 diluont,
892 4186 949 4232 et
976 4175 1215 4250 Symeon
1259 4177 1439 4232 editus
1461 4178 1782 4248 plerumque
1828 4177 2045 4236 brevior
2087 4182 2159 4235 sit
2207 4179 2408 4246 verbis,
2459 4178 2552 4235 sed
2599 4181 2744 4236 notis
2781 4180 3192 4253 cbronologicis
3222 4182 3565 4252 instructior.

308 4265 555 4340 Symeon
588 4266 768 4321 editus
794 4267 849 4319 in
877 4262 1244 4321 Constantino
1269 4263 1332 4319 P.
1369 4280 1420 4321 c.
1449 4265 1483 4322 8
1518 4276 1748 4321 matrem
1783 4267 1901 4335 ejus
1925 4265 2072 4322 Zoen
2101 4277 2369 4323 memorat
2399 4267 2469 4322 ab
2497 4268 2810 4326 Alexandro
2846 4284 2877 4325 e
2925 4269 3127 4339 palatio
3167 4270 3421 4341 ejectam,
3456 4289 3566 4343 qua

302 4359 377 4414 do
426 4358 572 4416 rein
601 4355 722 4412 Vita
748 4355 1046 4412 Alexandri
1081 4356 1230 4411 edita
1271 4355 1406 4411 nihil
1455 4355 1678 4426 legitur.
1709 4353 1976 4413 Similiter
2005 4357 2242 4427 Symeon
2278 4355 2458 4412 editus
2507 4355 2738 4413 Romani
2772 4355 2792 4411 Ι
2832 4360 2886 4413 in
2918 4355 3044 4413 Vita
3088 4358 3244 4416 0.50
3282 4359 3350 4416 de
3380 4373 3572 4418 mense

307 4449 508 4519 aliquo
539 4445 789 4517 loquitur
839 4455 1102 4514 tanquam
1125 4445 1241 4516 jam
1275 4447 1596 4513 nominato;
1628 4446 1721 4500 sed
1752 4462 1804 4500 c.
1829 4446 1899 4502 49
1926 4447 1994 4501 de
2026 4444 2319 4501 Deccmbre
2348 4459 2530 4500 sermo
2558 4442 2759 4512 fuerat,
2789 4461 2897 4501 non
2928 4445 2998 4502 de
3013 4430 3399 4521 Angusto,qui
3425 4450 3567 4517 apud

304 4546 545 4594 caterua
577 4536 878 4607 scriptores
906 4535 963 4589 lt.
995 4533 1034 4589 Ι.
1059 4532 1376 4601 invenitur;
1405 4533 1553 4590 unde
1588 4534 1844 4606 sequitur
1871 4534 1926 4589 ln
1955 4534 2226 4606 Symeone
2257 4534 2405 4589 edito
2435 4531 2592 4602 plura
2622 4528 2827 4590 omissa
2859 4549 3003 4591 esse.
3031 4534 3088 4590 In
3119 4549 3171 4592 c.
3202 4522 3271 4591 58
3299 4539 3570 4608 epitoma~

309 4640 401 4684 tor
429 4625 710 4699 Symoais
744 4633 879 4695 (non
913 4635 1044 4680 vero
1068 4623 1427 4681 continuator
1456 4623 1705 4696 ejusdem
1739 4625 1864 4681 inde
1885 4625 1955 4680 ab
1983 4618 2034 4680 ἐι.
2071 4622 2175 4679 945
2202 4623 2286 4679 vel
2315 4620 2443 4691 940)
2473 4623 2713 4680 ostendit
2744 4638 2800 4679 se
2832 4624 3001 4680 multo
3032 4626 3373 4681 recentiorem
3405 4628 3572 4684 rebus

310 4731 365 4772 ε.
391 4715 504 4772 944
533 4715 774 4771 narratis
794 4713 894 4786 (tit;
916 4713 970 4766 oi
996 4710 1096 4768 νῦν
1131 4712 1336 4783 σοφοὶ),
1368 4713 1461 4770 sed
1495 4713 1784 4770 histeriam
1821 4729 1919 4772 sua

1958 4729 1978 4770 ω
2005 4714 2146 4771 sicut
2181 4710 2290 4769 Leo
2322 4709 2725 4771 Grammaticus
2757 4714 2852 4787 qni
2885 4730 2936 4768 a.
2979 4714 3118 4773 1013
3147 4717 3387 4788 scripsit.
3422 4716 3567 4774 haud

312 4803 556 4877 amplius
610 4816 775 4875 quam
809 4815 984 4874 usque
1016 4800 1086 4859 ad
1120 4801 1434 4874 dynastiam
1510 4799 2009 4877 Porphyrogenneti
2061 4811 2185 4872 post
2225 4800 2492 4872 Lecapeni
2544 4800 2776 4874 ejusque
2817 4802 3055 4860 ﬁliarum
3107 4802 3571 4876 decessum'GNSt

311 4895 502 4950 denuo
527 4891 760 4947 ﬁrmiter
784 4890 1083 4947 stabilitam
1120 4890 1423 4961 perducere
1455 4889 1726 4956 voluerat,
1775 4905 1900 4946 cum
1947 4892 2295 4947 continuator
2333 4889 2681 4960 'l'beopitanis
2719 4904 2893 4963 usque
2923 4891 2989 4946 ad
3022 4907 3074 4946 a.
3111 4890 3218 4948 983
3246 4902 3299 4950 et
3333 4890 3572 4969 Symeon

312 4986 676 5042 continuatus
709 4995 885 5054 usque
917 4980 986 5037 ad
1013 4996 1070 5037 a.
1095 4979 1204 5037 962
1235 4990 1548 5038 excurrant.
1578 4978 1869 5054 Symeonis
1895 4989 2028 5035 aetas
2056 4980 2169 5050 jam
2203 4979 2330 5036 inde
2363 4978 2636 5049 colligitur
2661 4978 2807 5049 quod
2848 4992 2901 5050 p.
2937 4978 3038 5036 7i?
3066 4989 3119 5034 ct
3151 4980 3256 5036 750
3289 4981 3356 5037 ad
3393 4991 3575 5038 annOs

312 5075 426 5132 806
452 5084 509 5130 et
530 5071 637 5129 861
663 5071 854 5145 plures
884 5069 988 5126 viri
1013 5083 1046 5125 a
1074 5069 1207 5128 liliis
1228 5083 1446 5136 eorum,
1480 5077 1730 5142 tempore
1773 5069 2058 5141 scriptoris
2095 5064 2167 5139 (c.
2223 5083 2277 5123 a.
2342 5064 2469 5132 900)
2504 5067 2648 5122 notis
2683 5065 3062 5136 designantur,
3097 5076 3152 5123 ct
3197 5071 3341 5142 quod
3371 5083 3434 5143 ν.
3475 5069 3580 5126 755

318 5161 771 5235 Theopbylactus
817 5159 1147 5216 Abastactus
1195 5167 1459 5230 tanquam
1499 5166 1655 5230 pater
1707 5156 1938 5214 Romani
1986 5156 2331 5227 imperatoris
2379 5155 2527 5227 (inde
2580 5155 2647 5210 ab
2701 5170 2752 5210 a.
2802 5154 2928 5226 920)
2963 5165 3319 5214 memoratur.
3352 5151 3437 5221 Ci.
3470 5159 3574 5212 765

317 5269 448 5310 cum
478 5251 584 5309 770
612 5249 681 5307 de
705 5247 1069 5305 Constantino
1098 5255 1159 5303 et
1191 5244 1304 5304 loc
1326 5246 1494 5305 simul
1522 5247 1883 5320 regnantibus
1900 5249 1926 5318 .(

612 5249 681 5307 de
705 5247 1069 5305 Constantino
1098 5255 1159 5303 et
1191 5244 1304 5304 loc
1326 5246 1494 5305 simul
1522 5247 1883 5320 regnantibus
1900 5244 2213 5318 ,(915-920).

397 5361 426 5436 5
462 5360 547 5418 l2.
576 5357 774 5417 Sestus
797 5356 932 5413 liber
964 5355 1087 5410 inde
1113 5367 1146 5410 a
1176 5368 1232 5426 p.
1264 5353 1370 5411 858
1409 5353 1878 5412 continuationem
1909 5354 2151 5422 exhibet,
2171 5370 2296 5427 qua
2330 5355 2383 5412 in
2415 5355 2700 5414 codicibus
2726 5352 3023 5416 Parisiensi
3058 5355 3197 5415 l708
3220 5365 3276 5414 et
3301 5354 3577 5415 ﬂarciano

325 5449 433 5508 008
458 5449 698 5523 legitur;
741 5447 796 5502 in
830 5445 934 5501 hoc
964 5440 1160 5518 [Xlll]
1194 5442 1413 5515 quidem
1446 5443 1515 5500 ab
1548 5457 1602 5500 a.
1637 5439 1744 5500 945
1769 5443 1839 5502 ad
1864 5457 1918 5500 a.
1949 5442 2090 5503 1078
2131 5454 2340 5502 tantum
2372 5454 2428 5502 ct
2451 5446 2672 5518 quidem
2712 5445 2838 5504 inde
2863 5448 2937 5503 ab
2956 5462 3008 5504 a.
3036 5447 3142 5503 963
3167 5446 3574 5508 brevissimam.

324 5537 482 5599 Vitas
511 5537 952 5611 patriarcharum
981 5533 1168 5605 potius
1192 5531 1601 5590 describentem
1632 5545 1800 5604 quam
1831 5531 2246 5604 imperatorum.
2277 5530 2453 5602 Quam
2482 5538 2552 5593 ob
2576 5549 2692 5592 rem
2717 5551 2861 5601 eam,
2891 5536 3145 5608 quamvis
3172 5535 3452 5608 antiquior
3484 5537 3576 5595 sit.

321 5629 578 5700 ampliori
605 5621 1007 5682 continuationi
1035 5619 1244 5678 codicis
1273 5619 1624 5689 Parisicnsis,
1659 5634 1771 5683 tum
1801 5635 1834 5677 e
1867 5618 2309 5695 Zonara_pctit:e,
2352 5635 2464 5680 tum
2497 5623 2790 5682 recentiori
2844 5623 3105 5684 idiomatc
3153 5625 3372 5696 scripta
3401 5625 3576 5694 subji-

321 5719 575 5774 ciendam
603 5729 729 5773 esse
755 5713 1040 5772 duximus.

407 5808 437 5882 ς
471 5807 557 5863 l3.
589 5803 866 5877 Septimus
898 5800 1036 5858 liber
1071 5797 1137 5857 de
1159 5798 1446 5857 creatione
1486 5815 1515 5856 e
1556 5797 1826 5872 Syiucone
1854 5809 1908 5860 ct
1937 5811 2150 5859 uterus
2187 5802 2322 5860 liber
2367 5802 2432 5859 ad
2487 5817 2689 5858 annum
2735 5801 2867 5857 lloii
2898 5803 3245 5860 continuatus
3293 5803 3347 5858 in
3395 5811 3579 5861 nostro
