  <div class='ocr_page' id='page_1' title='image "/cluster/home/n/w/nwhite01/storage/ocr_20150623/110/mdp.39015051317090/013.png"; bbox 0 0 4074 6298; ppageno 0'>
   <div class='ocr_carea' id='block_1_1' title="bbox 483 317 3756 410">
    <p class='ocr_par' dir='ltr' id='par_1_1' title="bbox 483 317 3756 410">
     <span class='ocr_line' id='line_1_1' title="bbox 483 317 3756 410; baseline 0.015 -51"><span class='ocrx_word' id='word_1_1' title='bbox 483 317 548 378; x_wconf 73' lang='grc' dir='ltr'><strong>ις)</strong></span> <span class='ocrx_word' id='word_1_2' title='bbox 1836 318 2427 385; x_wconf 72' lang='lat' dir='ltr'><strong>PitOLEGOMENA.</strong></span> <span class='ocrx_word' id='word_1_3' title='bbox 3691 345 3756 410; x_wconf 77' lang='lat' dir='ltr'><strong>ts</strong></span> 
     </span>
    </p>
   </div>
   <div class='ocr_carea' id='block_1_2' title="bbox 475 428 3752 534">
    <p class='ocr_par' dir='ltr' id='par_1_2' title="bbox 475 428 3752 534">
     <span class='ocr_line' id='line_1_2' title="bbox 475 428 3752 534; baseline 0.01 -48"><span class='ocrx_word' id='word_1_4' title='bbox 475 433 663 486; x_wconf 75' lang='lat' dir='ltr'><strong>codice</strong></span> <span class='ocrx_word' id='word_1_5' title='bbox 697 428 1053 484; x_wconf 80' lang='lat' dir='ltr'><strong>inveniuntur</strong></span> <span class='ocrx_word' id='word_1_6' title='bbox 1087 431 1239 495; x_wconf 89' lang='lat' dir='ltr'><strong>solo;</strong></span> <span class='ocrx_word' id='word_1_7' title='bbox 1288 431 1382 485; x_wconf 88' lang='lat' dir='ltr'><strong>sed</strong></span> <span class='ocrx_word' id='word_1_8' title='bbox 1413 433 1684 503; x_wconf 71' lang='lat' dir='ltr'><strong>interpres</strong></span> <span class='ocrx_word' id='word_1_9' title='bbox 1717 433 2048 491; x_wconf 84' lang='lat' dir='ltr'><strong>Slavonicus</strong></span> <span class='ocrx_word' id='word_1_10' title='bbox 2077 448 2287 508; x_wconf 87' lang='lat' dir='ltr'><strong>partem</strong></span> <span class='ocrx_word' id='word_1_11' title='bbox 2320 440 2501 496; x_wconf 93' lang='lat' dir='ltr'><strong>octavi</strong></span> <span class='ocrx_word' id='word_1_12' title='bbox 2531 440 2654 498; x_wconf 89' lang='lat' dir='ltr'><strong>libri</strong></span> <span class='ocrx_word' id='word_1_13' title='bbox 2701 446 2897 512; x_wconf 84' lang='lat' dir='ltr'><strong>nostri,</strong></span> <span class='ocrx_word' id='word_1_14' title='bbox 2944 463 3063 517; x_wconf 73' lang='lat' dir='ltr'><strong>qua:</strong></span> <span class='ocrx_word' id='word_1_15' title='bbox 3092 449 3158 505; x_wconf 89' lang='lat' dir='ltr'><strong>ad</strong></span> <span class='ocrx_word' id='word_1_16' title='bbox 3199 467 3248 506; x_wconf 87' lang='lat' dir='ltr'><strong>a.</strong></span> <span class='ocrx_word' id='word_1_17' title='bbox 3285 452 3391 509; x_wconf 74' lang='grc'><strong>812</strong></span> <span class='ocrx_word' id='word_1_18' title='bbox 3415 460 3752 534; x_wconf 74' lang='lat' dir='ltr'><strong>extenditur,</strong></span> 
     </span>
    </p>
   </div>
   <div class='ocr_carea' id='block_1_3' title="bbox 475 518 2186 592">
    <p class='ocr_par' dir='ltr' id='par_1_3' title="bbox 475 518 2186 592">
     <span class='ocr_line' id='line_1_3' title="bbox 475 518 2186 592; baseline 0.006 -18"><span class='ocrx_word' id='word_1_19' title='bbox 475 522 667 575; x_wconf 88' lang='lat' dir='ltr'><strong>eodem</strong></span> <span class='ocrx_word' id='word_1_20' title='bbox 702 518 866 572; x_wconf 87' lang='lat' dir='ltr'><strong>modo</strong></span> <span class='ocrx_word' id='word_1_21' title='bbox 903 521 1054 588; x_wconf 89' lang='lat' dir='ltr'><strong>operi</strong></span> <span class='ocrx_word' id='word_1_22' title='bbox 1091 535 1192 574; x_wconf 90' lang='lat' dir='ltr'><strong>suo</strong></span> <span class='ocrx_word' id='word_1_23' title='bbox 1228 529 1491 589; x_wconf 90' lang='lat' dir='ltr'><strong>tanquam</strong></span> <span class='ocrx_word' id='word_1_24' title='bbox 1523 522 1878 591; x_wconf 85' lang='lat' dir='ltr'><strong>appendicem</strong></span> <span class='ocrx_word' id='word_1_25' title='bbox 1913 525 2186 592; x_wconf 89' lang='lat' dir='ltr'><strong>adjunxil.</strong></span> 
     </span>
    </p>
   </div>
   <div class='ocr_carea' id='block_1_4' title="bbox 549 608 3749 709">
    <p class='ocr_par' dir='ltr' id='par_1_4' title="bbox 549 608 3749 709">
     <span class='ocr_line' id='line_1_4' title="bbox 549 608 3749 709; baseline 0.009 -47"><span class='ocrx_word' id='word_1_26' title='bbox 549 608 578 681; x_wconf 64' lang='grc' dir='ltr'><strong>ς</strong></span> <span class='ocrx_word' id='word_1_27' title='bbox 613 609 698 663; x_wconf 80' lang='grc'><strong>14.</strong></span> <span class='ocrx_word' id='word_1_28' title='bbox 737 608 1045 670; x_wconf 84' lang='lat' dir='ltr'><strong>Cedrenus.</strong></span> <span class='ocrx_word' id='word_1_29' title='bbox 1082 611 1174 678; x_wconf 87' lang='lat' dir='ltr'><strong>qui</strong></span> <span class='ocrx_word' id='word_1_30' title='bbox 1207 624 1383 680; x_wconf 86' lang='lat' dir='ltr'><strong>usque</strong></span> <span class='ocrx_word' id='word_1_31' title='bbox 1425 611 1492 664; x_wconf 85' lang='lat' dir='ltr'><strong>ad</strong></span> <span class='ocrx_word' id='word_1_32' title='bbox 1527 627 1577 664; x_wconf 87' lang='lat' dir='ltr'><strong>a.</strong></span> <span class='ocrx_word' id='word_1_33' title='bbox 1617 610 1754 666; x_wconf 84' lang='lat' dir='ltr'><strong>I057</strong></span> <span class='ocrx_word' id='word_1_34' title='bbox 1788 617 2033 683; x_wconf 85' lang='lat' dir='ltr'><strong>scripsit,</strong></span> <span class='ocrx_word' id='word_1_35' title='bbox 2086 627 2141 670; x_wconf 90' lang='lat' dir='ltr'><strong>et</strong></span> <span class='ocrx_word' id='word_1_36' title='bbox 2180 616 2291 672; x_wconf 80' lang='lat' dir='ltr'><strong>Leo</strong></span> <span class='ocrx_word' id='word_1_37' title='bbox 2321 617 2749 687; x_wconf 83' lang='lat' dir='ltr'><strong>Grammaticus,</strong></span> <span class='ocrx_word' id='word_1_38' title='bbox 2795 626 2890 696; x_wconf 87' lang='lat' dir='ltr'><strong>qui</strong></span> <span class='ocrx_word' id='word_1_39' title='bbox 2939 642 2994 682; x_wconf 88' lang='lat' dir='ltr'><strong>a.</strong></span> <span class='ocrx_word' id='word_1_40' title='bbox 3047 628 3185 685; x_wconf 78' lang='grc'><strong>1013</strong></span> <span class='ocrx_word' id='word_1_41' title='bbox 3244 631 3749 709; x_wconf 77' lang='lat' dir='ltr'><strong>chronOgraphiam</strong></span> 
     </span>
    </p>
   </div>
   <div class='ocr_carea' id='block_1_5' title="bbox 475 696 3752 800">
    <p class='ocr_par' dir='ltr' id='par_1_5' title="bbox 475 696 3752 800">
     <span class='ocr_line' id='line_1_5' title="bbox 475 696 3752 800; baseline 0.008 -48"><span class='ocrx_word' id='word_1_42' title='bbox 475 713 632 752; x_wconf 89' lang='lat' dir='ltr'><strong>suam</strong></span> <span class='ocrx_word' id='word_1_43' title='bbox 665 696 905 750; x_wconf 87' lang='lat' dir='ltr'><strong>absolvit</strong></span> <span class='ocrx_word' id='word_1_44' title='bbox 929 712 1108 766; x_wconf 85' lang='lat' dir='ltr'><strong>usque</strong></span> <span class='ocrx_word' id='word_1_45' title='bbox 1132 701 1197 750; x_wconf 91' lang='lat' dir='ltr'><strong>ad</strong></span> <span class='ocrx_word' id='word_1_46' title='bbox 1230 713 1283 752; x_wconf 88' lang='lat' dir='ltr'><strong>a.</strong></span> <span class='ocrx_word' id='word_1_47' title='bbox 1311 698 1416 752; x_wconf 69' lang='grc'><strong>948</strong></span> <span class='ocrx_word' id='word_1_48' title='bbox 1447 699 1786 768; x_wconf 80' lang='lat' dir='ltr'><strong>perductam,</strong></span> <span class='ocrx_word' id='word_1_49' title='bbox 1827 702 2153 773; x_wconf 86' lang='lat' dir='ltr'><strong>plerumque</strong></span> <span class='ocrx_word' id='word_1_50' title='bbox 2192 708 2465 774; x_wconf 78' lang='lat' dir='ltr'><strong>epitomen</strong></span> <span class='ocrx_word' id='word_1_51' title='bbox 2514 719 2725 765; x_wconf 86' lang='lat' dir='ltr'><strong>tantum</strong></span> <span class='ocrx_word' id='word_1_52' title='bbox 2764 711 2982 784; x_wconf 76' lang='lat' dir='ltr'><strong>Georgii</strong></span> <span class='ocrx_word' id='word_1_53' title='bbox 3029 726 3084 771; x_wconf 88' lang='lat' dir='ltr'><strong>et</strong></span> <span class='ocrx_word' id='word_1_54' title='bbox 3129 696 3581 781; x_wconf 49' lang='lat' dir='ltr'><strong>continualoi&#39;uu&#39;t</strong></span> <span class='ocrx_word' id='word_1_55' title='bbox 3626 729 3752 800; x_wconf 65' lang='lat' dir='ltr'><strong>ejus</strong></span> 
     </span>
    </p>
   </div>
   <div class='ocr_carea' id='block_1_6' title="bbox 474 785 3748 876">
    <p class='ocr_par' dir='ltr' id='par_1_6' title="bbox 474 785 3748 876">
     <span class='ocr_line' id='line_1_6' title="bbox 474 785 3748 876; baseline 0.01 -34"><span class='ocrx_word' id='word_1_56' title='bbox 474 787 756 842; x_wconf 78' lang='lat' dir='ltr'><strong>exhibent.</strong></span> <span class='ocrx_word' id='word_1_57' title='bbox 794 785 950 852; x_wconf 83' lang='lat' dir='ltr'><strong>Quod</strong></span> <span class='ocrx_word' id='word_1_58' title='bbox 988 803 1117 841; x_wconf 87' lang='lat' dir='ltr'><strong>vero</strong></span> <span class='ocrx_word' id='word_1_59' title='bbox 1142 788 1211 841; x_wconf 90' lang='lat' dir='ltr'><strong>de</strong></span> <span class='ocrx_word' id='word_1_60' title='bbox 1237 786 1416 841; x_wconf 86' lang='lat' dir='ltr'><strong>Leone</strong></span> <span class='ocrx_word' id='word_1_61' title='bbox 1441 788 1650 843; x_wconf 89' lang='lat' dir='ltr'><strong>dictum</strong></span> <span class='ocrx_word' id='word_1_62' title='bbox 1676 800 1783 853; x_wconf 89' lang='lat' dir='ltr'><strong>est,</strong></span> <span class='ocrx_word' id='word_1_63' title='bbox 1818 791 1959 845; x_wconf 89' lang='lat' dir='ltr'><strong>idem</strong></span> <span class='ocrx_word' id='word_1_64' title='bbox 1989 795 2130 848; x_wconf 89' lang='lat' dir='ltr'><strong>etde</strong></span> <span class='ocrx_word' id='word_1_65' title='bbox 2156 793 2306 849; x_wconf 83' lang='lat' dir='ltr'><strong>Julio</strong></span> <span class='ocrx_word' id='word_1_66' title='bbox 2346 795 2656 868; x_wconf 66' lang='lat' dir='ltr'><strong>Polytleuce</strong></span> <span class='ocrx_word' id='word_1_67' title='bbox 2699 809 2753 854; x_wconf 90' lang='lat' dir='ltr'><strong>et</strong></span> <span class='ocrx_word' id='word_1_68' title='bbox 2789 799 3104 859; x_wconf 83' lang='lat' dir='ltr'><strong>Theodosio</strong></span> <span class='ocrx_word' id='word_1_69' title='bbox 3131 805 3376 863; x_wconf 84' lang='lat' dir='ltr'><strong>Melitino</strong></span> <span class='ocrx_word' id='word_1_70' title='bbox 3423 814 3594 869; x_wconf 88' lang='lat' dir='ltr'><strong>valet.</strong></span> 
     </span>
    </p>
   </div>
   <div class='ocr_carea' id='block_1_7' title="bbox 475 873 3753 971">
    <p class='ocr_par' dir='ltr' id='par_1_7' title="bbox 475 873 3753 971">
     <span class='ocr_line' id='line_1_7' title="bbox 475 873 3753 971; baseline 0.009 -45"><span class='ocrx_word' id='word_1_71' title='bbox 475 890 560 945; x_wconf 84' lang='lat' dir='ltr'><strong>gr.</strong></span> <span class='ocrx_word' id='word_1_72' title='bbox 597 873 779 928; x_wconf 85' lang='lat' dir='ltr'><strong>fabula</strong></span> <span class='ocrx_word' id='word_1_73' title='bbox 805 877 872 929; x_wconf 88' lang='lat' dir='ltr'><strong>de</strong></span> <span class='ocrx_word' id='word_1_74' title='bbox 900 876 1192 930; x_wconf 84' lang='lat' dir='ltr'><strong>vulnerato</strong></span> <span class='ocrx_word' id='word_1_75' title='bbox 1226 885 1278 929; x_wconf 85' lang='lat' dir='ltr'><strong>el</strong></span> <span class='ocrx_word' id='word_1_76' title='bbox 1314 891 1526 940; x_wconf 88' lang='lat' dir='ltr'><strong>musca,</strong></span> <span class='ocrx_word' id='word_1_77' title='bbox 1557 892 1726 947; x_wconf 92' lang='lat' dir='ltr'><strong>quam</strong></span> <span class='ocrx_word' id='word_1_78' title='bbox 1759 876 2030 950; x_wconf 75' lang='lat' dir='ltr'><strong>Georgius</strong></span> <span class='ocrx_word' id='word_1_79' title='bbox 2059 879 2245 949; x_wconf 77' lang='lat' dir='ltr'><strong>CXIV,</strong></span> <span class='ocrx_word' id='word_1_80' title='bbox 2278 883 2336 945; x_wconf 71' lang='grc'><strong>2,</strong></span> <span class='ocrx_word' id='word_1_81' title='bbox 2360 897 2604 953; x_wconf 77' lang='lat' dir='ltr'><strong>enarrat,</strong></span> <span class='ocrx_word' id='word_1_82' title='bbox 2646 887 2717 940; x_wconf 78' lang='lat' dir='ltr'><strong>ab</strong></span> <span class='ocrx_word' id='word_1_83' title='bbox 2765 889 2853 942; x_wconf 90' lang='lat' dir='ltr'><strong>his</strong></span> <span class='ocrx_word' id='word_1_84' title='bbox 2898 893 3264 961; x_wconf 68' lang='lat' dir='ltr'><strong>scriptoribus</strong></span> <span class='ocrx_word' id='word_1_85' title='bbox 3311 899 3527 955; x_wconf 75' lang='lat' dir='ltr'><strong>nonnisi</strong></span> <span class='ocrx_word' id='word_1_86' title='bbox 3560 873 3753 971; x_wconf 84' lang='lat' dir='ltr'><strong>paucis</strong></span> 
     </span>
    </p>
   </div>
   <div class='ocr_carea' id='block_1_8' title="bbox 475 961 3751 1056">
    <p class='ocr_par' dir='ltr' id='par_1_8' title="bbox 475 961 3751 1056">
     <span class='ocr_line' id='line_1_8' title="bbox 475 961 3751 1056; baseline 0.009 -42"><span class='ocrx_word' id='word_1_87' title='bbox 475 962 657 1016; x_wconf 83' lang='lat' dir='ltr'><strong>verbis</strong></span> <span class='ocrx_word' id='word_1_88' title='bbox 699 964 962 1028; x_wconf 81' lang='lat' dir='ltr'><strong>tangitur.</strong></span> <span class='ocrx_word' id='word_1_89' title='bbox 997 961 1267 1017; x_wconf 72' lang='lat' dir='ltr'><strong>Simiiitcr</strong></span> <span class='ocrx_word' id='word_1_90' title='bbox 1303 964 1466 1016; x_wconf 89' lang='lat' dir='ltr'><strong>iidem</strong></span> <span class='ocrx_word' id='word_1_91' title='bbox 1512 971 1684 1018; x_wconf 88' lang='lat' dir='ltr'><strong>totum</strong></span> <span class='ocrx_word' id='word_1_92' title='bbox 1717 973 2012 1021; x_wconf 87' lang='lat' dir='ltr'><strong>tractatum</strong></span> <span class='ocrx_word' id='word_1_93' title='bbox 2052 970 2119 1024; x_wconf 88' lang='lat' dir='ltr'><strong>de</strong></span> <span class='ocrx_word' id='word_1_94' title='bbox 2149 973 2312 1026; x_wconf 82' lang='lat' dir='ltr'><strong>rebus</strong></span> <span class='ocrx_word' id='word_1_95' title='bbox 2340 981 2462 1041; x_wconf 91' lang='lat' dir='ltr'><strong>post</strong></span> <span class='ocrx_word' id='word_1_96' title='bbox 2498 983 2726 1028; x_wconf 87' lang='lat' dir='ltr'><strong>mortem</strong></span> <span class='ocrx_word' id='word_1_97' title='bbox 2757 980 3041 1033; x_wconf 84' lang='lat' dir='ltr'><strong>evenluris</strong></span> <span class='ocrx_word' id='word_1_98' title='bbox 3082 982 3204 1037; x_wconf 67' lang='lat' dir='ltr'><strong>vitae</strong></span> <span class='ocrx_word' id='word_1_99' title='bbox 3234 961 3602 1056; x_wconf 73' lang='lat' dir='ltr'><strong>Constantini,</strong></span> <span class='ocrx_word' id='word_1_100' title='bbox 3635 990 3751 1047; x_wconf 81' lang='lat' dir='ltr'><strong>He-</strong></span> 
     </span>
    </p>
   </div>
   <div class='ocr_carea' id='block_1_9' title="bbox 472 1050 3754 1136">
    <p class='ocr_par' dir='ltr' id='par_1_9' title="bbox 472 1050 3754 1136">
     <span class='ocr_line' id='line_1_9' title="bbox 472 1050 3754 1136; baseline 0.009 -34"><span class='ocrx_word' id='word_1_101' title='bbox 472 1052 630 1103; x_wconf 87' lang='lat' dir='ltr'><strong>raclii</strong></span> <span class='ocrx_word' id='word_1_102' title='bbox 664 1051 782 1115; x_wconf 87' lang='lat' dir='ltr'><strong>lilii,</strong></span> <span class='ocrx_word' id='word_1_103' title='bbox 817 1065 846 1104; x_wconf 86' lang='lat' dir='ltr'><strong>a</strong></span> <span class='ocrx_word' id='word_1_104' title='bbox 875 1061 1064 1105; x_wconf 84' lang='lat' dir='ltr'><strong>nostro</strong></span> <span class='ocrx_word' id='word_1_105' title='bbox 1100 1067 1150 1106; x_wconf 92' lang='lat' dir='ltr'><strong>c.</strong></span> <span class='ocrx_word' id='word_1_106' title='bbox 1178 1050 1462 1106; x_wconf 73' lang='lat' dir='ltr'><strong>CCXXXII</strong></span> <span class='ocrx_word' id='word_1_107' title='bbox 1506 1053 1772 1108; x_wconf 89' lang='lat' dir='ltr'><strong>insertum</strong></span> <span class='ocrx_word' id='word_1_108' title='bbox 1806 1057 2091 1120; x_wconf 85' lang='lat' dir='ltr'><strong>omittunt,</strong></span> <span class='ocrx_word' id='word_1_109' title='bbox 2117 1074 2216 1114; x_wconf 89' lang='lat' dir='ltr'><strong>nec</strong></span> <span class='ocrx_word' id='word_1_110' title='bbox 2246 1075 2354 1114; x_wconf 93' lang='lat' dir='ltr'><strong>non</strong></span> <span class='ocrx_word' id='word_1_111' title='bbox 2382 1062 2527 1129; x_wconf 88' lang='lat' dir='ltr'><strong>quod</strong></span> <span class='ocrx_word' id='word_1_112' title='bbox 2566 1062 2655 1115; x_wconf 91' lang='lat' dir='ltr'><strong>ille</strong></span> <span class='ocrx_word' id='word_1_113' title='bbox 2673 1063 2739 1115; x_wconf 82' lang='lat' dir='ltr'><strong>de</strong></span> <span class='ocrx_word' id='word_1_114' title='bbox 2775 1065 2930 1120; x_wconf 88' lang='lat' dir='ltr'><strong>clade</strong></span> <span class='ocrx_word' id='word_1_115' title='bbox 2955 1067 3202 1136; x_wconf 83' lang='lat' dir='ltr'><strong>ejusdem</strong></span> <span class='ocrx_word' id='word_1_116' title='bbox 3235 1072 3551 1130; x_wconf 76' lang='lat' dir='ltr'><strong>Constantis</strong></span> <span class='ocrx_word' id='word_1_117' title='bbox 3582 1050 3754 1133; x_wconf 77' lang='lat' dir='ltr'><strong>refert</strong></span> 
     </span>
    </p>
   </div>
   <div class='ocr_carea' id='block_1_10' title="bbox 471 1135 3749 1233">
    <p class='ocr_par' dir='ltr' id='par_1_10' title="bbox 471 1135 3749 1233">
     <span class='ocr_line' id='line_1_10' title="bbox 471 1135 3749 1233; baseline 0.009 -42"><span class='ocrx_word' id='word_1_118' title='bbox 471 1135 807 1204; x_wconf 74' lang='lat' dir='ltr'><strong>CCXXXIII,</strong></span> <span class='ocrx_word' id='word_1_119' title='bbox 838 1141 893 1204; x_wconf 72' lang='grc'><strong>4,</strong></span> <span class='ocrx_word' id='word_1_120' title='bbox 934 1149 987 1194; x_wconf 89' lang='lat' dir='ltr'><strong>et</strong></span> <span class='ocrx_word' id='word_1_121' title='bbox 1021 1141 1176 1210; x_wconf 89' lang='lat' dir='ltr'><strong>plura</strong></span> <span class='ocrx_word' id='word_1_122' title='bbox 1206 1141 1272 1194; x_wconf 88' lang='lat' dir='ltr'><strong>de</strong></span> <span class='ocrx_word' id='word_1_123' title='bbox 1302 1139 1597 1195; x_wconf 68' lang='lat' dir='ltr'><strong>Palaestina</strong></span> <span class='ocrx_word' id='word_1_124' title='bbox 1627 1141 1958 1206; x_wconf 62' lang='lat' dir='ltr'><strong>CCXXX“,</strong></span> <span class='ocrx_word' id='word_1_125' title='bbox 1993 1144 2047 1208; x_wconf 87' lang='lat'><strong>6,</strong></span> <span class='ocrx_word' id='word_1_126' title='bbox 2074 1145 2127 1198; x_wconf 89' lang='lat'><strong>9.</strong></span> <span class='ocrx_word' id='word_1_127' title='bbox 2164 1145 2267 1201; x_wconf 85' lang='lat' dir='ltr'><strong>Sed</strong></span> <span class='ocrx_word' id='word_1_128' title='bbox 2293 1151 2423 1201; x_wconf 82' lang='lat' dir='ltr'><strong>alibi</strong></span> <span class='ocrx_word' id='word_1_129' title='bbox 2454 1150 2736 1203; x_wconf 84' lang='lat' dir='ltr'><strong>Cedrcntts</strong></span> <span class='ocrx_word' id='word_1_130' title='bbox 2767 1135 3003 1221; x_wconf 82' lang='lat' dir='ltr'><strong>amplior</strong></span> <span class='ocrx_word' id='word_1_131' title='bbox 3031 1167 3118 1211; x_wconf 87' lang='lat' dir='ltr'><strong>est</strong></span> <span class='ocrx_word' id='word_1_132' title='bbox 3140 1175 3304 1226; x_wconf 82' lang='lat' dir='ltr'><strong>quant</strong></span> <span class='ocrx_word' id='word_1_133' title='bbox 3337 1159 3628 1233; x_wconf 73' lang='lat' dir='ltr'><strong>Georgius,</strong></span> <span class='ocrx_word' id='word_1_134' title='bbox 3652 1183 3749 1222; x_wconf 81' lang='lat' dir='ltr'><strong>ex.</strong></span> 
     </span>
    </p>
   </div>
   <div class='ocr_carea' id='block_1_11' title="bbox 471 1224 3745 1321">
    <p class='ocr_par' dir='ltr' id='par_1_11' title="bbox 471 1224 3745 1321">
     <span class='ocr_line' id='line_1_11' title="bbox 471 1224 3745 1321; baseline 0.009 -44"><span class='ocrx_word' id='word_1_135' title='bbox 471 1241 553 1295; x_wconf 85' lang='lat' dir='ltr'><strong>gr.</strong></span> <span class='ocrx_word' id='word_1_136' title='bbox 586 1241 635 1279; x_wconf 91' lang='lat' dir='ltr'><strong>c.</strong></span> <span class='ocrx_word' id='word_1_137' title='bbox 665 1224 829 1290; x_wconf 71' lang='lat' dir='ltr'><strong>CXV,</strong></span> <span class='ocrx_word' id='word_1_138' title='bbox 859 1227 914 1293; x_wconf 71' lang='lat'><strong>2,</strong></span> <span class='ocrx_word' id='word_1_139' title='bbox 960 1228 1014 1281; x_wconf 88' lang='lat' dir='ltr'><strong>in</strong></span> <span class='ocrx_word' id='word_1_140' title='bbox 1048 1229 1280 1296; x_wconf 89' lang='lat' dir='ltr'><strong>epistola</strong></span> <span class='ocrx_word' id='word_1_141' title='bbox 1309 1227 1512 1284; x_wconf 77' lang='lat' dir='ltr'><strong>Christi</strong></span> <span class='ocrx_word' id='word_1_142' title='bbox 1550 1230 1618 1283; x_wconf 85' lang='lat' dir='ltr'><strong>ad</strong></span> <span class='ocrx_word' id='word_1_143' title='bbox 1656 1231 1956 1300; x_wconf 82' lang='lat' dir='ltr'><strong>Abgarum,</strong></span> <span class='ocrx_word' id='word_1_144' title='bbox 1996 1233 2278 1321; x_wconf 69' lang='lat' dir='ltr'><strong>CLXXVil</strong></span> <span class='ocrx_word' id='word_1_145' title='bbox 2309 1246 2364 1289; x_wconf 89' lang='lat' dir='ltr'><strong>et</strong></span> <span class='ocrx_word' id='word_1_146' title='bbox 2395 1236 2656 1291; x_wconf 73' lang='lat' dir='ltr'><strong>CLXXIX</strong></span> <span class='ocrx_word' id='word_1_147' title='bbox 2705 1239 2758 1292; x_wconf 90' lang='lat' dir='ltr'><strong>in</strong></span> <span class='ocrx_word' id='word_1_148' title='bbox 2803 1243 2956 1297; x_wconf 82' lang='lat' dir='ltr'><strong>Actis</strong></span> <span class='ocrx_word' id='word_1_149' title='bbox 2998 1243 3056 1297; x_wconf 91' lang='lat' dir='ltr'><strong>S.</strong></span> <span class='ocrx_word' id='word_1_150' title='bbox 3097 1224 3372 1312; x_wconf 83' lang='lat' dir='ltr'><strong>Silvestri,</strong></span> <span class='ocrx_word' id='word_1_151' title='bbox 3405 1224 3745 1321; x_wconf 50' lang='lat' dir='ltr'><strong>CC&#39;XXILIV,</strong></span> 
     </span>
    </p>
   </div>
   <div class='ocr_carea' id='block_1_12' title="bbox 469 1312 3750 1403">
    <p class='ocr_par' dir='ltr' id='par_1_12' title="bbox 469 1312 3750 1403">
     <span class='ocr_line' id='line_1_12' title="bbox 469 1312 3750 1403; baseline 0.008 -37"><span class='ocrx_word' id='word_1_152' title='bbox 469 1313 603 1366; x_wconf 83' lang='grc'><strong>6-10</strong></span> <span class='ocrx_word' id='word_1_153' title='bbox 635 1315 690 1367; x_wconf 91' lang='lat' dir='ltr'><strong>in</strong></span> <span class='ocrx_word' id='word_1_154' title='bbox 726 1323 905 1366; x_wconf 88' lang='lat' dir='ltr'><strong>morte</strong></span> <span class='ocrx_word' id='word_1_155' title='bbox 934 1312 1259 1367; x_wconf 88' lang='lat' dir='ltr'><strong>Constantis</strong></span> <span class='ocrx_word' id='word_1_156' title='bbox 1294 1315 1330 1366; x_wconf 91' lang='lat' dir='ltr'><strong>f.</strong></span> <span class='ocrx_word' id='word_1_157' title='bbox 1365 1313 1624 1382; x_wconf 88' lang='lat' dir='ltr'><strong>IIeracIii,</strong></span> <span class='ocrx_word' id='word_1_158' title='bbox 1653 1315 1937 1371; x_wconf 74' lang='lat' dir='ltr'><strong>CCXXXV</strong></span> <span class='ocrx_word' id='word_1_159' title='bbox 1965 1320 2019 1372; x_wconf 89' lang='lat' dir='ltr'><strong>in</strong></span> <span class='ocrx_word' id='word_1_160' title='bbox 2051 1323 2162 1373; x_wconf 88' lang='lat' dir='ltr'><strong>vita</strong></span> <span class='ocrx_word' id='word_1_161' title='bbox 2197 1318 2616 1385; x_wconf 72' lang='lat' dir='ltr'><strong>Moltamntedis,</strong></span> <span class='ocrx_word' id='word_1_162' title='bbox 2649 1324 2740 1379; x_wconf 87' lang='lat' dir='ltr'><strong>ubi</strong></span> <span class='ocrx_word' id='word_1_163' title='bbox 2775 1333 2953 1379; x_wconf 86' lang='lat' dir='ltr'><strong>tamen</strong></span> <span class='ocrx_word' id='word_1_164' title='bbox 2986 1327 3014 1398; x_wconf 82' lang='lat'><strong>§</strong></span> <span class='ocrx_word' id='word_1_165' title='bbox 3045 1329 3111 1381; x_wconf 74' lang='grc'><strong>12</strong></span> <span class='ocrx_word' id='word_1_166' title='bbox 3138 1332 3277 1384; x_wconf 84' lang='lat' dir='ltr'><strong>duas</strong></span> <span class='ocrx_word' id='word_1_167' title='bbox 3301 1334 3539 1403; x_wconf 83' lang='lat' dir='ltr'><strong>integras</strong></span> <span class='ocrx_word' id='word_1_168' title='bbox 3569 1312 3750 1392; x_wconf 68' lang='lat' dir='ltr'><strong>lineas</strong></span> 
     </span>
    </p>
   </div>
   <div class='ocr_carea' id='block_1_13' title="bbox 468 1401 3744 1491">
    <p class='ocr_par' dir='ltr' id='par_1_13' title="bbox 468 1401 3744 1491">
     <span class='ocr_line' id='line_1_13' title="bbox 468 1401 3744 1491; baseline 0.008 -36"><span class='ocrx_word' id='word_1_169' title='bbox 468 1401 752 1457; x_wconf 88' lang='lat' dir='ltr'><strong>Cedrcnus</strong></span> <span class='ocrx_word' id='word_1_170' title='bbox 779 1417 846 1455; x_wconf 80' lang='lat' dir='ltr'><strong>ex</strong></span> <span class='ocrx_word' id='word_1_171' title='bbox 881 1402 1311 1456; x_wconf 82' lang='lat' dir='ltr'><strong>homoiOteIeuto</strong></span> <span class='ocrx_word' id='word_1_172' title='bbox 1350 1406 1606 1458; x_wconf 87' lang='lat' dir='ltr'><strong>omisisse</strong></span> <span class='ocrx_word' id='word_1_173' title='bbox 1635 1406 2103 1474; x_wconf 83' lang='lat' dir='ltr'><strong>deprehenditur;</strong></span> <span class='ocrx_word' id='word_1_174' title='bbox 2157 1412 2377 1478; x_wconf 68' lang='lat' dir='ltr'><strong>propria</strong></span> <span class='ocrx_word' id='word_1_175' title='bbox 2430 1412 2606 1464; x_wconf 89' lang='lat' dir='ltr'><strong>eidem</strong></span> <span class='ocrx_word' id='word_1_176' title='bbox 2653 1424 2782 1466; x_wconf 79' lang='lat' dir='ltr'><strong>sunt</strong></span> <span class='ocrx_word' id='word_1_177' title='bbox 2833 1427 3096 1483; x_wconf 59' lang='lat' dir='ltr'><strong>praeterea</strong></span> <span class='ocrx_word' id='word_1_178' title='bbox 3132 1436 3256 1488; x_wconf 78' lang='lat' dir='ltr'><strong>qua:</strong></span> <span class='ocrx_word' id='word_1_179' title='bbox 3285 1421 3353 1474; x_wconf 87' lang='lat' dir='ltr'><strong>ad</strong></span> <span class='ocrx_word' id='word_1_180' title='bbox 3383 1401 3744 1491; x_wconf 59' lang='lat' dir='ltr'><strong>CLXXXVII,</strong></span> 
     </span>
    </p>
   </div>
   <div class='ocr_carea' id='block_1_14' title="bbox 468 1491 3746 1578">
    <p class='ocr_par' dir='ltr' id='par_1_14' title="bbox 468 1491 3746 1578">
     <span class='ocr_line' id='line_1_14' title="bbox 468 1491 3746 1578; baseline 0.007 -31"><span class='ocrx_word' id='word_1_181' title='bbox 468 1493 524 1554; x_wconf 74' lang='grc' dir='ltr'><strong>ὅ,</strong></span> <span class='ocrx_word' id='word_1_182' title='bbox 557 1493 625 1547; x_wconf 88' lang='lat' dir='ltr'><strong>de</strong></span> <span class='ocrx_word' id='word_1_183' title='bbox 657 1492 928 1547; x_wconf 76' lang='lat' dir='ltr'><strong>fratribus</strong></span> <span class='ocrx_word' id='word_1_184' title='bbox 955 1491 1222 1562; x_wconf 83' lang='lat' dir='ltr'><strong>Pogonati</strong></span> <span class='ocrx_word' id='word_1_185' title='bbox 1254 1494 1650 1562; x_wconf 83' lang='lat' dir='ltr'><strong>apposuimus;</strong></span> <span class='ocrx_word' id='word_1_186' title='bbox 1683 1495 2020 1560; x_wconf 76' lang='lat' dir='ltr'><strong>CCXXXIX,</strong></span> <span class='ocrx_word' id='word_1_187' title='bbox 2056 1499 2107 1563; x_wconf 91' lang='grc'><strong>1,</strong></span> <span class='ocrx_word' id='word_1_188' title='bbox 2142 1500 2208 1551; x_wconf 86' lang='lat' dir='ltr'><strong>de</strong></span> <span class='ocrx_word' id='word_1_189' title='bbox 2241 1498 2544 1567; x_wconf 76' lang='lat' dir='ltr'><strong>imaginum</strong></span> <span class='ocrx_word' id='word_1_190' title='bbox 2576 1501 2762 1567; x_wconf 88' lang='lat' dir='ltr'><strong>culto;</strong></span> <span class='ocrx_word' id='word_1_191' title='bbox 2791 1501 2849 1562; x_wconf 72' lang='lat'><strong>2.</strong></span> <span class='ocrx_word' id='word_1_192' title='bbox 2877 1507 2944 1558; x_wconf 89' lang='lat' dir='ltr'><strong>de</strong></span> <span class='ocrx_word' id='word_1_193' title='bbox 2977 1512 3386 1576; x_wconf 58' lang='lat' dir='ltr'><strong>oppugnatione</strong></span> <span class='ocrx_word' id='word_1_194' title='bbox 3415 1513 3548 1578; x_wconf 78' lang='lat' dir='ltr'><strong>CP.;</strong></span> <span class='ocrx_word' id='word_1_195' title='bbox 3574 1513 3631 1576; x_wconf 85' lang='grc'><strong>8,</strong></span> <span class='ocrx_word' id='word_1_196' title='bbox 3674 1514 3746 1569; x_wconf 87' lang='lat' dir='ltr'><strong>de</strong></span> 
     </span>
    </p>
   </div>
   <div class='ocr_carea' id='block_1_15' title="bbox 421 1566 3744 1662">
    <p class='ocr_par' dir='ltr' id='par_1_15' title="bbox 421 1566 3744 1662">
     <span class='ocr_line' id='line_1_15' title="bbox 421 1566 3744 1662; baseline 0.007 -29"><span class='ocrx_word' id='word_1_197' title='bbox 421 1566 428 1576; x_wconf 70' lang='grc'><em>’</em></span> <span class='ocrx_word' id='word_1_198' title='bbox 468 1580 831 1650; x_wconf 76' lang='lat' dir='ltr'><strong>Bulgarorum</strong></span> <span class='ocrx_word' id='word_1_199' title='bbox 866 1583 1226 1650; x_wconf 86' lang='lat' dir='ltr'><strong>incursione;</strong></span> <span class='ocrx_word' id='word_1_200' title='bbox 1265 1582 1444 1636; x_wconf 78' lang='lat' dir='ltr'><strong>CCXL</strong></span> <span class='ocrx_word' id='word_1_201' title='bbox 1471 1584 1538 1638; x_wconf 89' lang='lat' dir='ltr'><strong>de</strong></span> <span class='ocrx_word' id='word_1_202' title='bbox 1571 1583 1873 1649; x_wconf 85' lang='lat' dir='ltr'><strong>Mardaitis,</strong></span> <span class='ocrx_word' id='word_1_203' title='bbox 1906 1583 2138 1639; x_wconf 74' lang='lat' dir='ltr'><strong>(ZCXLII</strong></span> <span class='ocrx_word' id='word_1_204' title='bbox 2165 1587 2232 1641; x_wconf 88' lang='lat' dir='ltr'><strong>de</strong></span> <span class='ocrx_word' id='word_1_205' title='bbox 2283 1566 2576 1640; x_wconf 68' lang='lat' dir='ltr'><strong>Iustiniani</strong></span> <span class='ocrx_word' id='word_1_206' title='bbox 2605 1587 2646 1641; x_wconf 90' lang='lat' dir='ltr'><strong>II</strong></span> <span class='ocrx_word' id='word_1_207' title='bbox 2678 1588 2854 1643; x_wconf 87' lang='lat' dir='ltr'><strong>reditu</strong></span> <span class='ocrx_word' id='word_1_208' title='bbox 2889 1566 3065 1662; x_wconf 72' lang='lat' dir='ltr'><strong>usque</strong></span> <span class='ocrx_word' id='word_1_209' title='bbox 3195 1566 3744 1658; x_wconf 42' lang='lat' dir='ltr'><strong>Artemium.&#39;In&#39;de—a</strong></span> 
     </span>
    </p>
   </div>
   <div class='ocr_carea' id='block_1_16' title="bbox 468 1667 3743 1755">
    <p class='ocr_par' dir='ltr' id='par_1_16' title="bbox 468 1667 3743 1755">
     <span class='ocr_line' id='line_1_16' title="bbox 468 1667 3743 1755; baseline 0.007 -33"><span class='ocrx_word' id='word_1_210' title='bbox 468 1667 733 1724; x_wconf 82' lang='lat' dir='ltr'><strong>Michaele</strong></span> <span class='ocrx_word' id='word_1_211' title='bbox 764 1669 778 1722; x_wconf 97' lang='lat' dir='ltr'><strong>l</strong></span> <span class='ocrx_word' id='word_1_212' title='bbox 806 1670 1036 1723; x_wconf 89' lang='lat' dir='ltr'><strong>nimium</strong></span> <span class='ocrx_word' id='word_1_213' title='bbox 1070 1672 1245 1724; x_wconf 85' lang='lat' dir='ltr'><strong>variat</strong></span> <span class='ocrx_word' id='word_1_214' title='bbox 1277 1671 1558 1725; x_wconf 87' lang='lat' dir='ltr'><strong>Cedrenus</strong></span> <span class='ocrx_word' id='word_1_215' title='bbox 1600 1688 1629 1725; x_wconf 88' lang='lat' dir='ltr'><strong>a</strong></span> <span class='ocrx_word' id='word_1_216' title='bbox 1672 1671 1904 1742; x_wconf 86' lang='lat' dir='ltr'><strong>Georgio</strong></span> <span class='ocrx_word' id='word_1_217' title='bbox 1951 1689 2116 1741; x_wconf 81' lang='lat' dir='ltr'><strong>quant</strong></span> <span class='ocrx_word' id='word_1_218' title='bbox 2161 1684 2220 1729; x_wconf 91' lang='lat' dir='ltr'><strong>ut</strong></span> <span class='ocrx_word' id='word_1_219' title='bbox 2261 1688 2386 1728; x_wconf 92' lang='lat' dir='ltr'><strong>cum</strong></span> <span class='ocrx_word' id='word_1_220' title='bbox 2419 1689 2485 1728; x_wconf 89' lang='lat' dir='ltr'><strong>eo</strong></span> <span class='ocrx_word' id='word_1_221' title='bbox 2512 1677 2746 1745; x_wconf 87' lang='lat' dir='ltr'><strong>amplius</strong></span> <span class='ocrx_word' id='word_1_222' title='bbox 2775 1681 3013 1735; x_wconf 87' lang='lat' dir='ltr'><strong>conferri</strong></span> <span class='ocrx_word' id='word_1_223' title='bbox 3045 1688 3251 1752; x_wconf 89' lang='lat' dir='ltr'><strong>possit;</strong></span> <span class='ocrx_word' id='word_1_224' title='bbox 3281 1703 3454 1755; x_wconf 85' lang='lat' dir='ltr'><strong>quare</strong></span> <span class='ocrx_word' id='word_1_225' title='bbox 3488 1692 3743 1745; x_wconf 81' lang='lat' dir='ltr'><strong>varietati</strong></span> 
     </span>
    </p>
   </div>
   <div class='ocr_carea' id='block_1_17' title="bbox 467 1759 3743 1838">
    <p class='ocr_par' dir='ltr' id='par_1_17' title="bbox 467 1759 3743 1838">
     <span class='ocr_line' id='line_1_17' title="bbox 467 1759 3743 1838; baseline 0.006 -25"><span class='ocrx_word' id='word_1_226' title='bbox 467 1759 619 1813; x_wconf 85' lang='lat' dir='ltr'><strong>illius</strong></span> <span class='ocrx_word' id='word_1_227' title='bbox 647 1761 751 1813; x_wconf 81' lang='lat' dir='ltr'><strong>sub</strong></span> <span class='ocrx_word' id='word_1_228' title='bbox 778 1767 928 1813; x_wconf 79' lang='lat' dir='ltr'><strong>textu</strong></span> <span class='ocrx_word' id='word_1_229' title='bbox 958 1759 1286 1813; x_wconf 69' lang='lat' dir='ltr'><strong>adnotandae</strong></span> <span class='ocrx_word' id='word_1_230' title='bbox 1320 1760 1520 1814; x_wconf 81' lang='lat' dir='ltr'><strong>exinde</strong></span> <span class='ocrx_word' id='word_1_231' title='bbox 1547 1760 1701 1816; x_wconf 91' lang='lat' dir='ltr'><strong>locus</strong></span> <span class='ocrx_word' id='word_1_232' title='bbox 1726 1777 1836 1814; x_wconf 92' lang='lat' dir='ltr'><strong>non</strong></span> <span class='ocrx_word' id='word_1_233' title='bbox 1861 1773 2000 1828; x_wconf 89' lang='lat' dir='ltr'><strong>erat,</strong></span> <span class='ocrx_word' id='word_1_234' title='bbox 2034 1762 2123 1816; x_wconf 87' lang='lat' dir='ltr'><strong>ubi</strong></span> <span class='ocrx_word' id='word_1_235' title='bbox 2155 1761 2296 1818; x_wconf 91' lang='lat' dir='ltr'><strong>alios</strong></span> <span class='ocrx_word' id='word_1_236' title='bbox 2319 1766 2619 1832; x_wconf 88' lang='lat' dir='ltr'><strong>scriptores</strong></span> <span class='ocrx_word' id='word_1_237' title='bbox 2651 1776 2851 1834; x_wconf 61' lang='lat' dir='ltr'><strong>praeter</strong></span> <span class='ocrx_word' id='word_1_238' title='bbox 2890 1767 3185 1838; x_wconf 82' lang='lat' dir='ltr'><strong>Georgium</strong></span> <span class='ocrx_word' id='word_1_239' title='bbox 3218 1787 3467 1830; x_wconf 86' lang='lat' dir='ltr'><strong>nostrum</strong></span> <span class='ocrx_word' id='word_1_240' title='bbox 3514 1789 3743 1834; x_wconf 83' lang='lat' dir='ltr'><strong>secutus</strong></span> 
     </span>
    </p>
   </div>
   <div class='ocr_carea' id='block_1_18' title="bbox 466 1843 3744 1935">
    <p class='ocr_par' dir='ltr' id='par_1_18' title="bbox 466 1843 3744 1935">
     <span class='ocr_line' id='line_1_18' title="bbox 466 1843 3744 1935; baseline 0.006 -33"><span class='ocrx_word' id='word_1_241' title='bbox 466 1861 587 1902; x_wconf 88' lang='lat' dir='ltr'><strong>esse</strong></span> <span class='ocrx_word' id='word_1_242' title='bbox 618 1848 856 1901; x_wconf 86' lang='lat' dir='ltr'><strong>videtur.</strong></span> <span class='ocrx_word' id='word_1_243' title='bbox 899 1845 1009 1900; x_wconf 88' lang='lat' dir='ltr'><strong>Leo</strong></span> <span class='ocrx_word' id='word_1_244' title='bbox 1038 1843 1449 1902; x_wconf 88' lang='lat' dir='ltr'><strong>Grammaticus</strong></span> <span class='ocrx_word' id='word_1_245' title='bbox 1485 1863 1636 1910; x_wconf 87' lang='lat' dir='ltr'><strong>vero,</strong></span> <span class='ocrx_word' id='word_1_246' title='bbox 1685 1848 2044 1919; x_wconf 83' lang='lat' dir='ltr'><strong>ejusdemque</strong></span> <span class='ocrx_word' id='word_1_247' title='bbox 2087 1849 2280 1906; x_wconf 77' lang='lat' dir='ltr'><strong>farina:</strong></span> <span class='ocrx_word' id='word_1_248' title='bbox 2313 1853 2612 1921; x_wconf 87' lang='lat' dir='ltr'><strong>scriptores</strong></span> <span class='ocrx_word' id='word_1_249' title='bbox 2659 1853 2837 1910; x_wconf 80' lang='lat' dir='ltr'><strong>Julius</strong></span> <span class='ocrx_word' id='word_1_250' title='bbox 2873 1855 3213 1929; x_wconf 82' lang='lat' dir='ltr'><strong>Polydeuces</strong></span> <span class='ocrx_word' id='word_1_251' title='bbox 3259 1862 3368 1935; x_wconf 84' lang='lat' dir='ltr'><strong>(P.)</strong></span> <span class='ocrx_word' id='word_1_252' title='bbox 3401 1875 3454 1920; x_wconf 87' lang='lat' dir='ltr'><strong>et</strong></span> <span class='ocrx_word' id='word_1_253' title='bbox 3485 1865 3744 1922; x_wconf 82' lang='lat' dir='ltr'><strong>Theodo-</strong></span> 
     </span>
    </p>
   </div>
   <div class='ocr_carea' id='block_1_19' title="bbox 467 1934 3745 2016">
    <p class='ocr_par' dir='ltr' id='par_1_19' title="bbox 467 1934 3745 2016">
     <span class='ocr_line' id='line_1_19' title="bbox 467 1934 3745 2016; baseline 0.007 -28"><span class='ocrx_word' id='word_1_254' title='bbox 467 1937 580 1989; x_wconf 84' lang='lat' dir='ltr'><strong>sius</strong></span> <span class='ocrx_word' id='word_1_255' title='bbox 613 1934 766 2004; x_wconf 76' lang='lat' dir='ltr'><strong>(Th.)</strong></span> <span class='ocrx_word' id='word_1_256' title='bbox 803 1937 924 2004; x_wconf 89' lang='lat' dir='ltr'><strong>puri</strong></span> <span class='ocrx_word' id='word_1_257' title='bbox 953 1944 1009 1990; x_wconf 88' lang='lat' dir='ltr'><strong>et</strong></span> <span class='ocrx_word' id='word_1_258' title='bbox 1034 1937 1151 2005; x_wconf 87' lang='lat' dir='ltr'><strong>puti</strong></span> <span class='ocrx_word' id='word_1_259' title='bbox 1186 1937 1561 2006; x_wconf 80' lang='lat' dir='ltr'><strong>exscriptores</strong></span> <span class='ocrx_word' id='word_1_260' title='bbox 1593 1936 1811 2007; x_wconf 81' lang='lat' dir='ltr'><strong>Georgii</strong></span> <span class='ocrx_word' id='word_1_261' title='bbox 1841 1936 2038 2009; x_wconf 81' lang='lat' dir='ltr'><strong>[XIV]</strong></span> <span class='ocrx_word' id='word_1_262' title='bbox 2071 1954 2195 1995; x_wconf 86' lang='lat' dir='ltr'><strong>esse</strong></span> <span class='ocrx_word' id='word_1_263' title='bbox 2225 1941 2499 2007; x_wconf 75' lang='lat' dir='ltr'><strong>videntur,</strong></span> <span class='ocrx_word' id='word_1_264' title='bbox 2525 1957 2652 1996; x_wconf 90' lang='lat' dir='ltr'><strong>cum</strong></span> <span class='ocrx_word' id='word_1_265' title='bbox 2685 1946 2892 2013; x_wconf 87' lang='lat' dir='ltr'><strong>proprii</strong></span> <span class='ocrx_word' id='word_1_266' title='bbox 2929 1949 3062 2001; x_wconf 89' lang='lat' dir='ltr'><strong>nihil</strong></span> <span class='ocrx_word' id='word_1_267' title='bbox 3105 1934 3363 2016; x_wconf 80' lang='lat' dir='ltr'><strong>habeant,</strong></span> <span class='ocrx_word' id='word_1_268' title='bbox 3398 1954 3492 2009; x_wconf 84' lang='lat' dir='ltr'><strong>sed</strong></span> <span class='ocrx_word' id='word_1_269' title='bbox 3523 1955 3745 2010; x_wconf 83' lang='lat' dir='ltr'><strong>brevio—</strong></span> 
     </span>
    </p>
   </div>
   <div class='ocr_carea' id='block_1_20' title="bbox 469 2025 3746 2101">
    <p class='ocr_par' dir='ltr' id='par_1_20' title="bbox 469 2025 3746 2101">
     <span class='ocr_line' id='line_1_20' title="bbox 469 2025 3746 2101; baseline 0.005 -22"><span class='ocrx_word' id='word_1_270' title='bbox 469 2026 620 2079; x_wconf 86' lang='lat' dir='ltr'><strong>ribus</strong></span> <span class='ocrx_word' id='word_1_271' title='bbox 648 2033 861 2078; x_wconf 89' lang='lat' dir='ltr'><strong>tantum</strong></span> <span class='ocrx_word' id='word_1_272' title='bbox 895 2025 1160 2079; x_wconf 86' lang='lat' dir='ltr'><strong>verbis-et</strong></span> <span class='ocrx_word' id='word_1_273' title='bbox 1189 2026 1583 2080; x_wconf 87' lang='lat' dir='ltr'><strong>communibus</strong></span> <span class='ocrx_word' id='word_1_274' title='bbox 1609 2035 1857 2090; x_wconf 89' lang='lat' dir='ltr'><strong>utantur,</strong></span> <span class='ocrx_word' id='word_1_275' title='bbox 1888 2027 1977 2080; x_wconf 90' lang='lat' dir='ltr'><strong>ubi</strong></span> <span class='ocrx_word' id='word_1_276' title='bbox 2008 2029 2466 2097; x_wconf 78' lang='lat' dir='ltr'><strong>chrmmgraphus</strong></span> <span class='ocrx_word' id='word_1_277' title='bbox 2491 2038 2681 2084; x_wconf 89' lang='lat' dir='ltr'><strong>noster</strong></span> <span class='ocrx_word' id='word_1_278' title='bbox 2707 2030 2926 2101; x_wconf 76' lang='lat' dir='ltr'><strong>longior</strong></span> <span class='ocrx_word' id='word_1_279' title='bbox 2953 2035 3033 2088; x_wconf 85' lang='lat' dir='ltr'><strong>vel</strong></span> <span class='ocrx_word' id='word_1_280' title='bbox 3063 2036 3318 2092; x_wconf 83' lang='lat' dir='ltr'><strong>diffusior</strong></span> <span class='ocrx_word' id='word_1_281' title='bbox 3343 2040 3424 2094; x_wconf 83' lang='lat' dir='ltr'><strong>vel</strong></span> <span class='ocrx_word' id='word_1_282' title='bbox 3449 2043 3746 2097; x_wconf 82' lang='lat' dir='ltr'><strong>obscurior</strong></span> 
     </span>
    </p>
   </div>
   <div class='ocr_carea' id='block_1_21' title="bbox 466 2111 3741 2193">
    <p class='ocr_par' dir='ltr' id='par_1_21' title="bbox 466 2111 3741 2193">
     <span class='ocr_line' id='line_1_21' title="bbox 466 2111 3741 2193; baseline 0.006 -27"><span class='ocrx_word' id='word_1_283' title='bbox 466 2115 659 2168; x_wconf 80' lang='lat' dir='ltr'><strong>iisdem</strong></span> <span class='ocrx_word' id='word_1_284' title='bbox 693 2114 993 2168; x_wconf 86' lang='lat' dir='ltr'><strong>videretur.</strong></span> <span class='ocrx_word' id='word_1_285' title='bbox 1031 2111 1216 2178; x_wconf 84' lang='lat' dir='ltr'><strong>Quare</strong></span> <span class='ocrx_word' id='word_1_286' title='bbox 1250 2113 1575 2169; x_wconf 86' lang='lat' dir='ltr'><strong>varietatem</strong></span> <span class='ocrx_word' id='word_1_287' title='bbox 1605 2115 1800 2169; x_wconf 89' lang='lat' dir='ltr'><strong>harum</strong></span> <span class='ocrx_word' id='word_1_288' title='bbox 1823 2116 2190 2185; x_wconf 87' lang='lat' dir='ltr'><strong>epitomarum</strong></span> <span class='ocrx_word' id='word_1_289' title='bbox 2222 2117 2415 2185; x_wconf 86' lang='lat' dir='ltr'><strong>paucis</strong></span> <span class='ocrx_word' id='word_1_290' title='bbox 2444 2118 2497 2171; x_wconf 91' lang='lat' dir='ltr'><strong>in</strong></span> <span class='ocrx_word' id='word_1_291' title='bbox 2533 2119 2690 2183; x_wconf 88' lang='lat' dir='ltr'><strong>locis,</strong></span> <span class='ocrx_word' id='word_1_292' title='bbox 2725 2122 2820 2190; x_wconf 89' lang='lat' dir='ltr'><strong>qui</strong></span> <span class='ocrx_word' id='word_1_293' title='bbox 2845 2126 3089 2193; x_wconf 86' lang='lat' dir='ltr'><strong>corrupti</strong></span> <span class='ocrx_word' id='word_1_294' title='bbox 3121 2128 3353 2182; x_wconf 87' lang='lat' dir='ltr'><strong>habendi</strong></span> <span class='ocrx_word' id='word_1_295' title='bbox 3384 2141 3531 2193; x_wconf 84' lang='lat' dir='ltr'><strong>sunt,</strong></span> <span class='ocrx_word' id='word_1_296' title='bbox 3560 2132 3741 2186; x_wconf 82' lang='lat' dir='ltr'><strong>adno-</strong></span> 
     </span>
    </p>
   </div>
   <div class='ocr_carea' id='block_1_22' title="bbox 465 2199 3742 2291">
    <p class='ocr_par' dir='ltr' id='par_1_22' title="bbox 465 2199 3742 2291">
     <span class='ocr_line' id='line_1_22' title="bbox 465 2199 3742 2291; baseline 0.006 -35"><span class='ocrx_word' id='word_1_297' title='bbox 465 2206 727 2258; x_wconf 85' lang='lat' dir='ltr'><strong>lavimus.</strong></span> <span class='ocrx_word' id='word_1_298' title='bbox 763 2200 874 2255; x_wconf 88' lang='lat' dir='ltr'><strong>Leo</strong></span> <span class='ocrx_word' id='word_1_299' title='bbox 902 2199 1266 2264; x_wconf 80' lang='lat' dir='ltr'><strong>corrigendos</strong></span> <span class='ocrx_word' id='word_1_300' title='bbox 1293 2210 1377 2254; x_wconf 87' lang='lat' dir='ltr'><strong>est</strong></span> <span class='ocrx_word' id='word_1_301' title='bbox 1414 2215 1445 2254; x_wconf 89' lang='lat' dir='ltr'><strong>e</strong></span> <span class='ocrx_word' id='word_1_302' title='bbox 1467 2201 1728 2271; x_wconf 80' lang='lat' dir='ltr'><strong>Georgio,</strong></span> <span class='ocrx_word' id='word_1_303' title='bbox 1761 2216 1889 2255; x_wconf 91' lang='lat' dir='ltr'><strong>cum</strong></span> <span class='ocrx_word' id='word_1_304' title='bbox 1921 2205 2246 2272; x_wconf 89' lang='lat' dir='ltr'><strong>compendia</strong></span> <span class='ocrx_word' id='word_1_305' title='bbox 2276 2205 2566 2274; x_wconf 69' lang='lat' dir='ltr'><strong>scriptura:</strong></span> <span class='ocrx_word' id='word_1_306' title='bbox 2612 2207 2682 2261; x_wconf 85' lang='lat' dir='ltr'><strong>ab</strong></span> <span class='ocrx_word' id='word_1_307' title='bbox 2722 2208 2933 2265; x_wconf 89' lang='lat' dir='ltr'><strong>editore</strong></span> <span class='ocrx_word' id='word_1_308' title='bbox 2965 2209 3166 2269; x_wconf 87' lang='lat' dir='ltr'><strong>Leonis</strong></span> <span class='ocrx_word' id='word_1_309' title='bbox 3197 2217 3400 2285; x_wconf 68' lang='lat' dir='ltr'><strong>saapius</strong></span> <span class='ocrx_word' id='word_1_310' title='bbox 3447 2234 3742 2291; x_wconf 85' lang='lat' dir='ltr'><strong>perperam</strong></span> 
     </span>
    </p>
   </div>
   <div class='ocr_carea' id='block_1_23' title="bbox 465 2287 2074 2372">
    <p class='ocr_par' dir='ltr' id='par_1_23' title="bbox 465 2287 2065 2361">
     <span class='ocr_line' id='line_1_23' title="bbox 465 2287 2065 2361; baseline 0.001 -16"><span class='ocrx_word' id='word_1_311' title='bbox 465 2295 706 2348; x_wconf 88' lang='lat' dir='ltr'><strong>resoluta</strong></span> <span class='ocrx_word' id='word_1_312' title='bbox 737 2293 867 2347; x_wconf 90' lang='lat' dir='ltr'><strong>sint.</strong></span> <span class='ocrx_word' id='word_1_313' title='bbox 905 2290 990 2346; x_wconf 88' lang='lat' dir='ltr'><strong>Cf.</strong></span> <span class='ocrx_word' id='word_1_314' title='bbox 1023 2291 1077 2344; x_wconf 90' lang='lat' dir='ltr'><strong>in</strong></span> <span class='ocrx_word' id='word_1_315' title='bbox 1109 2287 1235 2344; x_wconf 74' lang='lat' dir='ltr'><strong>Vita</strong></span> <span class='ocrx_word' id='word_1_316' title='bbox 1264 2288 1501 2344; x_wconf 78' lang='lat' dir='ltr'><strong>Romani</strong></span> <span class='ocrx_word' id='word_1_317' title='bbox 1536 2289 1609 2361; x_wconf 79' lang='lat' dir='ltr'><strong>I§</strong></span> <span class='ocrx_word' id='word_1_318' title='bbox 1637 2292 1728 2355; x_wconf 83' lang='lat'><strong>&#39;57,</strong></span> <span class='ocrx_word' id='word_1_319' title='bbox 1760 2307 1813 2360; x_wconf 88' lang='lat' dir='ltr'><strong>p.</strong></span> <span class='ocrx_word' id='word_1_320' title='bbox 1849 2290 1972 2357; x_wconf 74' lang='lat'><strong>84&#39;6,</strong></span> <span class='ocrx_word' id='word_1_321' title='bbox 2008 2301 2065 2347; x_wconf 89' lang='lat' dir='ltr'><strong>et</strong></span> 
     </span>
    </p>
   </div>
   <div class='ocr_carea' id='block_1_24' title="bbox 1841 2287 3450 2372">
    <p class='ocr_par' dir='ltr' id='par_1_24' title="bbox 1849 2290 3450 2372">
     <span class='ocr_line' id='line_1_24' title="bbox 1849 2290 3450 2372; baseline 0.007 -25"><span class='ocrx_word' id='word_1_322' title='bbox 1849 2290 1972 2357; x_wconf 74' lang='lat'><strong>84&#39;6,</strong></span> <span class='ocrx_word' id='word_1_323' title='bbox 2008 2301 2065 2347; x_wconf 89' lang='lat' dir='ltr'><strong>et</strong></span> <span class='ocrx_word' id='word_1_324' title='bbox 2095 2293 2151 2348; x_wconf 89' lang='lat' dir='ltr'><strong>in</strong></span> <span class='ocrx_word' id='word_1_325' title='bbox 2193 2294 2235 2346; x_wconf 89' lang='lat' dir='ltr'><strong>l&#39;.</strong></span> <span class='ocrx_word' id='word_1_326' title='bbox 2264 2292 2394 2359; x_wconf 82' lang='grc'><strong>851,</strong></span> <span class='ocrx_word' id='word_1_327' title='bbox 2431 2294 2768 2366; x_wconf 57' lang='lat' dir='ltr'><strong>«po-telam?</strong></span> <span class='ocrx_word' id='word_1_328' title='bbox 2811 2311 2913 2365; x_wconf 93' lang='lat' dir='ltr'><strong>pro</strong></span> <span class='ocrx_word' id='word_1_329' title='bbox 2949 2299 3450 2372; x_wconf 75' lang='grc' dir='ltr'><strong>Πρὼ(τῃ)τελευτᾶ.</strong></span> 
     </span>
    </p>
   </div>
   <div class='ocr_carea' id='block_1_25' title="bbox 536 2403 3736 2485">
    <p class='ocr_par' dir='ltr' id='par_1_25' title="bbox 536 2403 3736 2485">
     <span class='ocr_line' id='line_1_25' title="bbox 536 2403 3736 2485; baseline 0.005 -25"><span class='ocrx_word' id='word_1_330' title='bbox 536 2406 565 2477; x_wconf 78' lang='lat'><strong>§</strong></span> <span class='ocrx_word' id='word_1_331' title='bbox 604 2407 689 2461; x_wconf 84' lang='grc'><strong>15.</strong></span> <span class='ocrx_word' id='word_1_332' title='bbox 726 2403 969 2462; x_wconf 90' lang='lat' dir='ltr'><strong>ltaeismi</strong></span> <span class='ocrx_word' id='word_1_333' title='bbox 999 2420 1207 2458; x_wconf 76' lang='lat' dir='ltr'><strong>errores</strong></span> <span class='ocrx_word' id='word_1_334' title='bbox 1254 2405 1308 2458; x_wconf 90' lang='lat' dir='ltr'><strong>in</strong></span> <span class='ocrx_word' id='word_1_335' title='bbox 1360 2405 1550 2460; x_wconf 84' lang='lat' dir='ltr'><strong>codice</strong></span> <span class='ocrx_word' id='word_1_336' title='bbox 1591 2416 1782 2461; x_wconf 85' lang='lat' dir='ltr'><strong>nostro</strong></span> <span class='ocrx_word' id='word_1_337' title='bbox 1823 2408 2017 2463; x_wconf 90' lang='lat' dir='ltr'><strong>obvios</strong></span> <span class='ocrx_word' id='word_1_338' title='bbox 2049 2409 2215 2462; x_wconf 87' lang='lat' dir='ltr'><strong>tacite</strong></span> <span class='ocrx_word' id='word_1_339' title='bbox 2256 2409 2696 2473; x_wconf 86' lang='lat' dir='ltr'><strong>emendavimus,</strong></span> <span class='ocrx_word' id='word_1_340' title='bbox 2732 2421 2787 2465; x_wconf 92' lang='lat' dir='ltr'><strong>et</strong></span> <span class='ocrx_word' id='word_1_341' title='bbox 2831 2425 2954 2476; x_wconf 67' lang='lat' dir='ltr'><strong>quae</strong></span> <span class='ocrx_word' id='word_1_342' title='bbox 2980 2428 3205 2468; x_wconf 88' lang='lat' dir='ltr'><strong>sensum</strong></span> <span class='ocrx_word' id='word_1_343' title='bbox 3241 2417 3558 2485; x_wconf 87' lang='lat' dir='ltr'><strong>turbabant,</strong></span> <span class='ocrx_word' id='word_1_344' title='bbox 3583 2436 3636 2475; x_wconf 71' lang='grc' dir='ltr'><strong>ν.</strong></span> <span class='ocrx_word' id='word_1_345' title='bbox 3683 2437 3736 2480; x_wconf 89' lang='lat' dir='ltr'><strong>c.</strong></span> 
     </span>
    </p>
   </div>
   <div class='ocr_carea' id='block_1_26' title="bbox 463 2493 3738 2569">
    <p class='ocr_par' dir='ltr' id='par_1_26' title="bbox 463 2493 3738 2569">
     <span class='ocr_line' id='line_1_26' title="bbox 463 2493 3738 2569; baseline 0.005 -19"><span class='ocrx_word' id='word_1_346' title='bbox 463 2515 518 2569; x_wconf 91' lang='lat' dir='ltr'><strong>p.</strong></span> <span class='ocrx_word' id='word_1_347' title='bbox 547 2497 669 2561; x_wconf 69' lang='grc'><strong>142,</strong></span> <span class='ocrx_word' id='word_1_348' title='bbox 706 2497 829 2555; x_wconf 74' lang='grc'><strong>131.</strong></span> <span class='ocrx_word' id='word_1_349' title='bbox 866 2493 989 2557; x_wconf 86' lang='grc'><strong>160,</strong></span> <span class='ocrx_word' id='word_1_350' title='bbox 1015 2493 1348 2561; x_wconf 85' lang='lat' dir='ltr'><strong>conjecturis</strong></span> <span class='ocrx_word' id='word_1_351' title='bbox 1380 2494 1433 2546; x_wconf 92' lang='lat' dir='ltr'><strong>in</strong></span> <span class='ocrx_word' id='word_1_352' title='bbox 1469 2502 1676 2548; x_wconf 74' lang='lat' dir='ltr'><strong>textum</strong></span> <span class='ocrx_word' id='word_1_353' title='bbox 1709 2495 1949 2565; x_wconf 88' lang='lat' dir='ltr'><strong>receptis</strong></span> <span class='ocrx_word' id='word_1_354' title='bbox 1976 2511 2076 2566; x_wconf 91' lang='lat' dir='ltr'><strong>pro</strong></span> <span class='ocrx_word' id='word_1_355' title='bbox 2106 2495 2314 2549; x_wconf 87' lang='lat' dir='ltr'><strong>viribus</strong></span> <span class='ocrx_word' id='word_1_356' title='bbox 2347 2510 2549 2549; x_wconf 87' lang='lat' dir='ltr'><strong>sanare</strong></span> <span class='ocrx_word' id='word_1_357' title='bbox 2581 2498 2919 2560; x_wconf 87' lang='lat' dir='ltr'><strong>studuimus,</strong></span> <span class='ocrx_word' id='word_1_358' title='bbox 2957 2501 3166 2557; x_wconf 87' lang='lat' dir='ltr'><strong>codicis</strong></span> <span class='ocrx_word' id='word_1_359' title='bbox 3197 2511 3377 2558; x_wconf 88' lang='lat' dir='ltr'><strong>tamen</strong></span> <span class='ocrx_word' id='word_1_360' title='bbox 3414 2507 3650 2564; x_wconf 87' lang='lat' dir='ltr'><strong>lectione</strong></span> <span class='ocrx_word' id='word_1_361' title='bbox 3679 2510 3738 2566; x_wconf 82' lang='lat' dir='ltr'><strong>in</strong></span> 
     </span>
    </p>
   </div>
   <div class='ocr_carea' id='block_1_27' title="bbox 465 2582 3735 2664">
    <p class='ocr_par' dir='ltr' id='par_1_27' title="bbox 465 2582 3735 2664">
     <span class='ocr_line' id='line_1_27' title="bbox 465 2582 3735 2664; baseline 0.003 -22"><span class='ocrx_word' id='word_1_362' title='bbox 465 2586 713 2655; x_wconf 82' lang='lat' dir='ltr'><strong>margine</strong></span> <span class='ocrx_word' id='word_1_363' title='bbox 740 2582 999 2638; x_wconf 88' lang='lat' dir='ltr'><strong>inferiore</strong></span> <span class='ocrx_word' id='word_1_364' title='bbox 1032 2590 1330 2647; x_wconf 87' lang='lat' dir='ltr'><strong>annotata;</strong></span> <span class='ocrx_word' id='word_1_365' title='bbox 1362 2593 1558 2636; x_wconf 60' lang='lat' dir='ltr'><strong>caetera</strong></span> <span class='ocrx_word' id='word_1_366' title='bbox 1589 2583 1656 2637; x_wconf 92' lang='lat' dir='ltr'><strong>iis</strong></span> <span class='ocrx_word' id='word_1_367' title='bbox 1689 2585 1781 2652; x_wconf 92' lang='lat' dir='ltr'><strong>qui</strong></span> <span class='ocrx_word' id='word_1_368' title='bbox 1818 2584 2054 2638; x_wconf 84' lang='lat' dir='ltr'><strong>aliorum</strong></span> <span class='ocrx_word' id='word_1_369' title='bbox 2098 2584 2352 2639; x_wconf 87' lang='lat' dir='ltr'><strong>codicum</strong></span> <span class='ocrx_word' id='word_1_370' title='bbox 2404 2598 2508 2652; x_wconf 92' lang='lat' dir='ltr'><strong>ope</strong></span> <span class='ocrx_word' id='word_1_371' title='bbox 2555 2583 2663 2637; x_wconf 94' lang='lat' dir='ltr'><strong>frui</strong></span> <span class='ocrx_word' id='word_1_372' title='bbox 2697 2595 2982 2655; x_wconf 88' lang='lat' dir='ltr'><strong>poterunt,</strong></span> <span class='ocrx_word' id='word_1_373' title='bbox 3014 2592 3358 2646; x_wconf 86' lang='lat' dir='ltr'><strong>emendanda</strong></span> <span class='ocrx_word' id='word_1_374' title='bbox 3388 2596 3735 2664; x_wconf 79' lang='lat' dir='ltr'><strong>reliquimus.</strong></span> 
     </span>
    </p>
   </div>
   <div class='ocr_carea' id='block_1_28' title="bbox 463 2671 3734 2751">
    <p class='ocr_par' dir='ltr' id='par_1_28' title="bbox 463 2671 3734 2751">
     <span class='ocr_line' id='line_1_28' title="bbox 463 2671 3734 2751; baseline 0.004 -21"><span class='ocrx_word' id='word_1_375' title='bbox 463 2677 614 2730; x_wconf 78' lang='lat' dir='ltr'><strong>Alias</strong></span> <span class='ocrx_word' id='word_1_376' title='bbox 657 2674 1005 2741; x_wconf 84' lang='lat' dir='ltr'><strong>conjecmras</strong></span> <span class='ocrx_word' id='word_1_377' title='bbox 1042 2685 1164 2739; x_wconf 72' lang='lat' dir='ltr'><strong>qua:</strong></span> <span class='ocrx_word' id='word_1_378' title='bbox 1199 2671 1265 2723; x_wconf 88' lang='lat' dir='ltr'><strong>ad</strong></span> <span class='ocrx_word' id='word_1_379' title='bbox 1302 2685 1526 2723; x_wconf 81' lang='lat' dir='ltr'><strong>sensum</strong></span> <span class='ocrx_word' id='word_1_380' title='bbox 1559 2671 1888 2725; x_wconf 86' lang='lat' dir='ltr'><strong>eliciendum</strong></span> <span class='ocrx_word' id='word_1_381' title='bbox 1939 2674 2124 2727; x_wconf 88' lang='lat' dir='ltr'><strong>minus</strong></span> <span class='ocrx_word' id='word_1_382' title='bbox 2173 2677 2500 2728; x_wconf 71' lang='lat' dir='ltr'><strong>necessaria:</strong></span> <span class='ocrx_word' id='word_1_383' title='bbox 2547 2674 2897 2743; x_wconf 83' lang='lat' dir='ltr'><strong>videbantur,</strong></span> <span class='ocrx_word' id='word_1_384' title='bbox 2951 2681 3004 2732; x_wconf 88' lang='lat' dir='ltr'><strong>in</strong></span> <span class='ocrx_word' id='word_1_385' title='bbox 3054 2680 3386 2751; x_wconf 76' lang='lat' dir='ltr'><strong>farraginem</strong></span> <span class='ocrx_word' id='word_1_386' title='bbox 3433 2685 3734 2743; x_wconf 82' lang='lat' dir='ltr'><strong>lectionum</strong></span> 
     </span>
    </p>
   </div>
   <div class='ocr_carea' id='block_1_29' title="bbox 463 2756 3730 2841">
    <p class='ocr_par' dir='ltr' id='par_1_29' title="bbox 463 2756 3730 2841">
     <span class='ocr_line' id='line_1_29' title="bbox 463 2756 3730 2841; baseline 0.004 -22"><span class='ocrx_word' id='word_1_387' title='bbox 463 2763 829 2832; x_wconf 86' lang='lat' dir='ltr'><strong>relegavitnus</strong></span> <span class='ocrx_word' id='word_1_388' title='bbox 854 2777 868 2825; x_wconf 95' lang='lat'><strong>;</strong></span> <span class='ocrx_word' id='word_1_389' title='bbox 902 2758 1268 2827; x_wconf 87' lang='lat' dir='ltr'><strong>similiterque</strong></span> <span class='ocrx_word' id='word_1_390' title='bbox 1295 2756 1647 2822; x_wconf 71' lang='lat' dir='ltr'><strong>solmcistnis,</strong></span> <span class='ocrx_word' id='word_1_391' title='bbox 1675 2761 1878 2829; x_wconf 88' lang='lat' dir='ltr'><strong>quibus</strong></span> <span class='ocrx_word' id='word_1_392' title='bbox 1912 2761 2213 2829; x_wconf 89' lang='lat' dir='ltr'><strong>scriptores</strong></span> <span class='ocrx_word' id='word_1_393' title='bbox 2242 2761 2525 2832; x_wconf 84' lang='lat' dir='ltr'><strong>Byzantini</strong></span> <span class='ocrx_word' id='word_1_394' title='bbox 2562 2762 2723 2832; x_wconf 84' lang='lat' dir='ltr'><strong>hujus</strong></span> <span class='ocrx_word' id='word_1_395' title='bbox 2751 2767 2925 2821; x_wconf 70' lang='lat' dir='ltr'><strong>aetatis</strong></span> <span class='ocrx_word' id='word_1_396' title='bbox 2954 2766 3138 2822; x_wconf 75' lang='lat' dir='ltr'><strong>refer-li</strong></span> <span class='ocrx_word' id='word_1_397' title='bbox 3172 2779 3322 2831; x_wconf 80' lang='lat' dir='ltr'><strong>sunt.</strong></span> <span class='ocrx_word' id='word_1_398' title='bbox 3347 2776 3730 2841; x_wconf 81' lang='lat' dir='ltr'><strong>emendandis,</strong></span> 
     </span>
    </p>
   </div>
   <div class='ocr_carea' id='block_1_30' title="bbox 461 2847 2070 2926">
    <p class='ocr_par' dir='ltr' id='par_1_30' title="bbox 461 2847 2070 2919">
     <span class='ocr_line' id='line_1_30' title="bbox 461 2847 2070 2919; baseline -0.004 -11"><span class='ocrx_word' id='word_1_399' title='bbox 461 2852 675 2908; x_wconf 81' lang='lat' dir='ltr'><strong>scilicet</strong></span> <span class='ocrx_word' id='word_1_400' title='bbox 705 2848 999 2919; x_wconf 90' lang='lat' dir='ltr'><strong>participio</strong></span> <span class='ocrx_word' id='word_1_401' title='bbox 1031 2847 1257 2901; x_wconf 84' lang='lat' dir='ltr'><strong>relativo</strong></span> <span class='ocrx_word' id='word_1_402' title='bbox 1284 2847 1336 2900; x_wconf 92' lang='lat' dir='ltr'><strong>in</strong></span> <span class='ocrx_word' id='word_1_403' title='bbox 1363 2847 1676 2902; x_wconf 88' lang='lat' dir='ltr'><strong>absolutum</strong></span> <span class='ocrx_word' id='word_1_404' title='bbox 1709 2849 1973 2904; x_wconf 88' lang='lat' dir='ltr'><strong>mutando</strong></span> <span class='ocrx_word' id='word_1_405' title='bbox 1999 2855 2070 2916; x_wconf 77' lang='lat' dir='ltr'><strong>(ut</strong></span> 
     </span>
    </p>
   </div>
   <div class='ocr_carea' id='block_1_31' title="bbox 2123 2847 3732 2926">
    <p class='ocr_par' dir='ltr' id='par_1_31' title="bbox 2123 2848 3732 2926">
     <span class='ocr_line' id='line_1_31' title="bbox 2123 2848 3732 2926; baseline 0.011 -25"><span class='ocrx_word' id='word_1_406' title='bbox 2123 2865 2162 2917; x_wconf 57' lang='grc' dir='ltr'><strong>ρ.</strong></span> <span class='ocrx_word' id='word_1_407' title='bbox 2192 2849 2246 2912; x_wconf 89' lang='grc'><strong>8,</strong></span> <span class='ocrx_word' id='word_1_408' title='bbox 2271 2848 2364 2913; x_wconf 74' lang='grc'><strong>25,</strong></span> <span class='ocrx_word' id='word_1_409' title='bbox 2396 2849 2483 2915; x_wconf 87' lang='grc'><strong>15,</strong></span> <span class='ocrx_word' id='word_1_410' title='bbox 2514 2851 2640 2914; x_wconf 89' lang='grc'><strong>117,</strong></span> <span class='ocrx_word' id='word_1_411' title='bbox 2670 2852 2792 2916; x_wconf 87' lang='grc'><strong>118,</strong></span> <span class='ocrx_word' id='word_1_412' title='bbox 2827 2852 2952 2914; x_wconf 73' lang='lat' dir='ltr'><strong>I20.</strong></span> <span class='ocrx_word' id='word_1_413' title='bbox 2978 2854 3254 2922; x_wconf 76' lang='grc'><strong>151,151,</strong></span> <span class='ocrx_word' id='word_1_414' title='bbox 3283 2858 3410 2923; x_wconf 67' lang='lat' dir='ltr'><strong>“ti,</strong></span> <span class='ocrx_word' id='word_1_415' title='bbox 3440 2860 3567 2926; x_wconf 77' lang='grc'><strong>478,</strong></span> <span class='ocrx_word' id='word_1_416' title='bbox 3597 2861 3732 2926; x_wconf 75' lang='grc'><strong>489,</strong></span> 
     </span>
    </p>
   </div>
   <div class='ocr_carea' id='block_1_32' title="bbox 459 2932 2068 3017">
    <p class='ocr_par' dir='ltr' id='par_1_32' title="bbox 459 2932 2068 3005">
     <span class='ocr_line' id='line_1_32' title="bbox 459 2932 2068 3005; baseline -0.004 -8"><span class='ocrx_word' id='word_1_417' title='bbox 459 2939 586 3005; x_wconf 74' lang='lat'><strong>502,</strong></span> <span class='ocrx_word' id='word_1_418' title='bbox 619 2938 746 3002; x_wconf 67' lang='lat' dir='ltr'><strong>sor,</strong></span> <span class='ocrx_word' id='word_1_419' title='bbox 775 2937 900 3003; x_wconf 67' lang='grc' dir='ltr'><strong>διδ,</strong></span> <span class='ocrx_word' id='word_1_420' title='bbox 928 2935 1054 3001; x_wconf 73' lang='lat' dir='ltr'><strong>sit,</strong></span> <span class='ocrx_word' id='word_1_421' title='bbox 1085 2933 1217 2998; x_wconf 78' lang='lat' dir='ltr'><strong>ssr,</strong></span> <span class='ocrx_word' id='word_1_422' title='bbox 1249 2932 1376 2998; x_wconf 83' lang='lat'><strong>556,</strong></span> <span class='ocrx_word' id='word_1_423' title='bbox 1407 2935 1531 3000; x_wconf 74' lang='lat'><strong>562,</strong></span> <span class='ocrx_word' id='word_1_424' title='bbox 1560 2936 1688 2999; x_wconf 79' lang='grc'><strong>571,</strong></span> <span class='ocrx_word' id='word_1_425' title='bbox 1721 2937 1848 3003; x_wconf 84' lang='grc'><strong>589,</strong></span> <span class='ocrx_word' id='word_1_426' title='bbox 1880 2946 2032 3003; x_wconf 85' lang='lat' dir='ltr'><strong>nota,</strong></span> <span class='ocrx_word' id='word_1_427' title='bbox 2062 2939 2068 2990; x_wconf 68' lang='grc' dir='ltr'>ε</span> 
     </span>
    </p>
   </div>
   <div class='ocr_carea' id='block_1_33' title="bbox 2124 2932 3733 3017">
    <p class='ocr_par' dir='ltr' id='par_1_33' title="bbox 2124 2932 3733 3017">
     <span class='ocr_line' id='line_1_33' title="bbox 2124 2932 3733 3017; baseline 0.009 -27"><span class='ocrx_word' id='word_1_428' title='bbox 2124 2935 2189 3004; x_wconf 62' lang='lat' dir='ltr'><strong>i0,</strong></span> <span class='ocrx_word' id='word_1_429' title='bbox 2219 2937 2347 3002; x_wconf 84' lang='lat'><strong>500,</strong></span> <span class='ocrx_word' id='word_1_430' title='bbox 2375 2937 2502 3003; x_wconf 78' lang='grc'><strong>615,</strong></span> <span class='ocrx_word' id='word_1_431' title='bbox 2532 2939 2660 3003; x_wconf 74' lang='grc'><strong>055,</strong></span> <span class='ocrx_word' id='word_1_432' title='bbox 2690 2939 2817 3005; x_wconf 69' lang='grc'><strong>658,</strong></span> <span class='ocrx_word' id='word_1_433' title='bbox 2857 2932 2984 3007; x_wconf 59' lang='lat'><strong>615,</strong></span> <span class='ocrx_word' id='word_1_434' title='bbox 3022 2943 3150 3009; x_wconf 75' lang='lat'><strong>697,</strong></span> <span class='ocrx_word' id='word_1_435' title='bbox 3191 2943 3317 3010; x_wconf 84' lang='grc'><strong>719,</strong></span> <span class='ocrx_word' id='word_1_436' title='bbox 3347 2951 3594 3017; x_wconf 75' lang='lat' dir='ltr'><strong>apparet)</strong></span> <span class='ocrx_word' id='word_1_437' title='bbox 3635 2965 3733 3004; x_wconf 82' lang='lat' dir='ltr'><strong>su-</strong></span> 
     </span>
    </p>
   </div>
   <div class='ocr_carea' id='block_1_34' title="bbox 459 3022 3730 3109">
    <p class='ocr_par' dir='ltr' id='par_1_34' title="bbox 459 3022 3730 3109">
     <span class='ocr_line' id='line_1_34' title="bbox 459 3022 3730 3109; baseline 0.003 -26"><span class='ocrx_word' id='word_1_438' title='bbox 459 3025 840 3100; x_wconf 69' lang='lat' dir='ltr'><strong>persedimus;</strong></span> <span class='ocrx_word' id='word_1_439' title='bbox 871 3040 996 3078; x_wconf 90' lang='lat' dir='ltr'><strong>nam</strong></span> <span class='ocrx_word' id='word_1_440' title='bbox 1020 3024 1199 3078; x_wconf 69' lang='lat' dir='ltr'><strong>relatis</strong></span> <span class='ocrx_word' id='word_1_441' title='bbox 1219 3022 1332 3093; x_wconf 88' lang='lat' dir='ltr'><strong>jam</strong></span> <span class='ocrx_word' id='word_1_442' title='bbox 1358 3033 1486 3078; x_wconf 89' lang='lat' dir='ltr'><strong>sunt</strong></span> <span class='ocrx_word' id='word_1_443' title='bbox 1512 3024 1644 3077; x_wconf 91' lang='lat' dir='ltr'><strong>vitia</strong></span> <span class='ocrx_word' id='word_1_444' title='bbox 1675 3036 1730 3079; x_wconf 91' lang='lat' dir='ltr'><strong>et</strong></span> <span class='ocrx_word' id='word_1_445' title='bbox 1757 3027 2064 3096; x_wconf 87' lang='lat' dir='ltr'><strong>scriptoris,</strong></span> <span class='ocrx_word' id='word_1_446' title='bbox 2095 3043 2203 3082; x_wconf 91' lang='lat' dir='ltr'><strong>non</strong></span> <span class='ocrx_word' id='word_1_447' title='bbox 2230 3029 2586 3100; x_wconf 86' lang='lat' dir='ltr'><strong>descriptoris</strong></span> <span class='ocrx_word' id='word_1_448' title='bbox 2616 3042 2712 3086; x_wconf 89' lang='lat' dir='ltr'><strong>aut</strong></span> <span class='ocrx_word' id='word_1_449' title='bbox 2738 3033 2968 3096; x_wconf 89' lang='lat' dir='ltr'><strong>codicis,</strong></span> <span class='ocrx_word' id='word_1_450' title='bbox 2999 3045 3056 3088; x_wconf 91' lang='lat' dir='ltr'><strong>ut</strong></span> <span class='ocrx_word' id='word_1_451' title='bbox 3083 3045 3140 3088; x_wconf 90' lang='lat' dir='ltr'><strong>et</strong></span> <span class='ocrx_word' id='word_1_452' title='bbox 3170 3033 3361 3092; x_wconf 62' lang='lat' dir='ltr'><strong>forma</strong></span> <span class='ocrx_word' id='word_1_453' title='bbox 3392 3037 3730 3109; x_wconf 77' lang='grc' dir='ltr'><strong>θυγατέραν,</strong></span> 
     </span>
    </p>
   </div>
   <div class='ocr_carea' id='block_1_35' title="bbox 458 3111 3726 3206">
    <p class='ocr_par' dir='ltr' id='par_1_35' title="bbox 458 3111 3726 3206">
     <span class='ocr_line' id='line_1_35' title="bbox 458 3111 3726 3206; baseline 0.004 -35"><span class='ocrx_word' id='word_1_454' title='bbox 458 3118 613 3179; x_wconf 76' lang='grc' dir='ltr'>Δίαν,</span> <span class='ocrx_word' id='word_1_455' title='bbox 646 3124 779 3178; x_wconf 89' lang='lat' dir='ltr'><strong>etc.,</strong></span> <span class='ocrx_word' id='word_1_456' title='bbox 831 3112 887 3165; x_wconf 91' lang='lat' dir='ltr'><strong>in</strong></span> <span class='ocrx_word' id='word_1_457' title='bbox 936 3111 1304 3180; x_wconf 83' lang='lat' dir='ltr'><strong>scriptoribus</strong></span> <span class='ocrx_word' id='word_1_458' title='bbox 1350 3127 1573 3182; x_wconf 86' lang='lat' dir='ltr'><strong>quoque</strong></span> <span class='ocrx_word' id='word_1_459' title='bbox 1617 3114 2012 3170; x_wconf 81' lang='lat' dir='ltr'><strong>ecclesiasticis</strong></span> <span class='ocrx_word' id='word_1_460' title='bbox 2042 3117 2238 3170; x_wconf 70' lang='lat' dir='ltr'><strong>obviae.</strong></span> <span class='ocrx_word' id='word_1_461' title='bbox 2288 3115 2494 3172; x_wconf 88' lang='lat' dir='ltr'><strong>Confer</strong></span> <span class='ocrx_word' id='word_1_462' title='bbox 2537 3120 2703 3173; x_wconf 82' lang='lat' dir='ltr'><strong>etiam</strong></span> <span class='ocrx_word' id='word_1_463' title='bbox 2756 3120 2899 3190; x_wconf 76' lang='grc' dir='ltr'><strong>πλὴν</strong></span> <span class='ocrx_word' id='word_1_464' title='bbox 2952 3122 3346 3206; x_wconf 76' lang='lat' dir='ltr'><strong>adverbialiter</strong></span> <span class='ocrx_word' id='word_1_465' title='bbox 3392 3138 3726 3199; x_wconf 86' lang='lat' dir='ltr'><strong>usurpatum</strong></span> 
     </span>
    </p>
   </div>
   <div class='ocr_carea' id='block_1_36' title="bbox 456 3198 2065 3275">
    <p class='ocr_par' dir='ltr' id='par_1_36' title="bbox 456 3198 2045 3275">
     <span class='ocr_line' id='line_1_36' title="bbox 456 3198 2045 3275; baseline -0.002 -14"><span class='ocrx_word' id='word_1_466' title='bbox 456 3222 513 3275; x_wconf 86' lang='lat' dir='ltr'><strong>p.</strong></span> <span class='ocrx_word' id='word_1_467' title='bbox 542 3203 644 3259; x_wconf 80' lang='grc'><strong>109</strong></span> <span class='ocrx_word' id='word_1_468' title='bbox 677 3211 732 3256; x_wconf 90' lang='lat' dir='ltr'><strong>et</strong></span> <span class='ocrx_word' id='word_1_469' title='bbox 763 3200 884 3265; x_wconf 88' lang='grc'><strong>118,</strong></span> <span class='ocrx_word' id='word_1_470' title='bbox 917 3198 1314 3270; x_wconf 87' lang='lat' dir='ltr'><strong>appositionem</strong></span> <span class='ocrx_word' id='word_1_471' title='bbox 1347 3199 1460 3254; x_wconf 85' lang='lat' dir='ltr'><strong>aiio</strong></span> <span class='ocrx_word' id='word_1_472' title='bbox 1486 3215 1619 3255; x_wconf 83' lang='lat' dir='ltr'><strong>casu</strong></span> <span class='ocrx_word' id='word_1_473' title='bbox 1647 3202 1885 3271; x_wconf 85' lang='lat' dir='ltr'><strong>positam</strong></span> <span class='ocrx_word' id='word_1_474' title='bbox 1919 3203 2045 3269; x_wconf 71' lang='grc'><strong>471,</strong></span> 
     </span>
    </p>
   </div>
   <div class='ocr_carea' id='block_1_37' title="bbox 1445 3198 3054 3275">
    <p class='ocr_par' dir='ltr' id='par_1_37' title="bbox 1445 3198 3054 3273">
     <span class='ocr_line' id='line_1_37' title="bbox 1445 3198 3054 3273; baseline 0.007 -19"><span class='ocrx_word' id='word_1_475' title='bbox 1445 3214 1460 3254; x_wconf 73' lang='lat' dir='ltr'><strong>t</strong></span> <span class='ocrx_word' id='word_1_476' title='bbox 1486 3215 1619 3255; x_wconf 84' lang='lat' dir='ltr'><strong>casu</strong></span> <span class='ocrx_word' id='word_1_477' title='bbox 1647 3202 1885 3271; x_wconf 86' lang='lat' dir='ltr'><strong>positam</strong></span> <span class='ocrx_word' id='word_1_478' title='bbox 1919 3203 2045 3269; x_wconf 69' lang='grc'><strong>471,</strong></span> <span class='ocrx_word' id='word_1_479' title='bbox 2073 3203 2200 3270; x_wconf 71' lang='lat'><strong>622,</strong></span> <span class='ocrx_word' id='word_1_480' title='bbox 2241 3203 2368 3273; x_wconf 80' lang='lat'><strong>653,</strong></span> <span class='ocrx_word' id='word_1_481' title='bbox 2397 3207 2728 3264; x_wconf 88' lang='lat' dir='ltr'><strong>anacolutha</strong></span> <span class='ocrx_word' id='word_1_482' title='bbox 2757 3208 2884 3270; x_wconf 83' lang='grc'><strong>676.</strong></span> <span class='ocrx_word' id='word_1_483' title='bbox 2927 3198 3054 3266; x_wconf 78' lang='grc'><strong>688.</strong></span> 
     </span>
    </p>
   </div>
   <div class='ocr_carea' id='block_1_38' title="bbox 531 3311 3727 3400">
    <p class='ocr_par' dir='ltr' id='par_1_38' title="bbox 531 3311 3727 3400">
     <span class='ocr_line' id='line_1_38' title="bbox 531 3311 3727 3400; baseline 0.005 -29"><span class='ocrx_word' id='word_1_484' title='bbox 531 3317 562 3384; x_wconf 64' lang='grc' dir='ltr'>ᾗ</span> <span class='ocrx_word' id='word_1_485' title='bbox 597 3315 685 3371; x_wconf 81' lang='grc'><strong>16.</strong></span> <span class='ocrx_word' id='word_1_486' title='bbox 715 3315 848 3381; x_wconf 69' lang='lat' dir='ltr'><strong>Quae</strong></span> <span class='ocrx_word' id='word_1_487' title='bbox 872 3314 1021 3367; x_wconf 75' lang='lat' dir='ltr'><strong>uncis</strong></span> <span class='ocrx_word' id='word_1_488' title='bbox 1052 3312 1072 3384; x_wconf 88' lang='lat'>[</span> <span class='ocrx_word' id='word_1_489' title='bbox 1113 3311 1131 3384; x_wconf 91' lang='lat'><strong>]</strong></span> <span class='ocrx_word' id='word_1_490' title='bbox 1175 3312 1382 3366; x_wconf 82' lang='lat' dir='ltr'><strong>inclusa</strong></span> <span class='ocrx_word' id='word_1_491' title='bbox 1415 3323 1565 3379; x_wconf 88' lang='lat' dir='ltr'><strong>sunt,</strong></span> <span class='ocrx_word' id='word_1_492' title='bbox 1595 3315 1649 3369; x_wconf 90' lang='lat' dir='ltr'><strong>in</strong></span> <span class='ocrx_word' id='word_1_493' title='bbox 1680 3317 1868 3372; x_wconf 83' lang='lat' dir='ltr'><strong>codice</strong></span> <span class='ocrx_word' id='word_1_494' title='bbox 1900 3330 2110 3385; x_wconf 85' lang='lat' dir='ltr'><strong>nostro,</strong></span> <span class='ocrx_word' id='word_1_495' title='bbox 2136 3320 2412 3374; x_wconf 81' lang='lat' dir='ltr'><strong>excidisse</strong></span> <span class='ocrx_word' id='word_1_496' title='bbox 2429 3319 2684 3376; x_wconf 89' lang='lat' dir='ltr'><strong>videnlur</strong></span> <span class='ocrx_word' id='word_1_497' title='bbox 2706 3321 2919 3376; x_wconf 89' lang='lat' dir='ltr'><strong>librarii</strong></span> <span class='ocrx_word' id='word_1_498' title='bbox 2943 3323 3183 3393; x_wconf 79' lang='lat' dir='ltr'><strong>incuria,</strong></span> <span class='ocrx_word' id='word_1_499' title='bbox 3207 3335 3372 3400; x_wconf 86' lang='lat' dir='ltr'><strong>atque</strong></span> <span class='ocrx_word' id='word_1_500' title='bbox 3394 3340 3425 3384; x_wconf 81' lang='grc' dir='ltr'><strong>ο</strong></span> <span class='ocrx_word' id='word_1_501' title='bbox 3452 3326 3727 3397; x_wconf 82' lang='lat' dir='ltr'><strong>Cedreno.</strong></span> 
     </span>
    </p>
   </div>
   <div class='ocr_carea' id='block_1_39' title="bbox 458 3400 2896 3476">
    <p class='ocr_par' dir='ltr' id='par_1_39' title="bbox 458 3400 2896 3476">
     <span class='ocr_line' id='line_1_39' title="bbox 458 3400 2896 3476; baseline 0.002 -16"><span class='ocrx_word' id='word_1_502' title='bbox 458 3405 640 3460; x_wconf 83' lang='lat' dir='ltr'><strong>Leone</strong></span> <span class='ocrx_word' id='word_1_503' title='bbox 667 3403 747 3455; x_wconf 89' lang='lat' dir='ltr'><strong>vel</strong></span> <span class='ocrx_word' id='word_1_504' title='bbox 778 3401 901 3455; x_wconf 89' lang='lat' dir='ltr'><strong>aliis</strong></span> <span class='ocrx_word' id='word_1_505' title='bbox 924 3416 954 3454; x_wconf 91' lang='lat' dir='ltr'><strong>e</strong></span> <span class='ocrx_word' id='word_1_506' title='bbox 978 3400 1264 3454; x_wconf 86' lang='lat' dir='ltr'><strong>codicibus</strong></span> <span class='ocrx_word' id='word_1_507' title='bbox 1289 3400 1507 3470; x_wconf 76' lang='lat' dir='ltr'><strong>Georgii</strong></span> <span class='ocrx_word' id='word_1_508' title='bbox 1536 3402 1785 3473; x_wconf 89' lang='lat' dir='ltr'><strong>suppleta</strong></span> <span class='ocrx_word' id='word_1_509' title='bbox 1809 3413 1959 3467; x_wconf 87' lang='lat' dir='ltr'><strong>sunt,</strong></span> <span class='ocrx_word' id='word_1_510' title='bbox 1994 3412 2266 3475; x_wconf 90' lang='lat' dir='ltr'><strong>quotquot</strong></span> <span class='ocrx_word' id='word_1_511' title='bbox 2297 3405 2457 3461; x_wconf 89' lang='lat' dir='ltr'><strong>nobis</strong></span> <span class='ocrx_word' id='word_1_512' title='bbox 2485 3418 2685 3476; x_wconf 66' lang='lat' dir='ltr'><strong>praesto</strong></span> <span class='ocrx_word' id='word_1_513' title='bbox 2717 3420 2896 3466; x_wconf 86' lang='lat' dir='ltr'><strong>erant.</strong></span> 
     </span>
    </p>
   </div>
   <div class='ocr_carea' id='block_1_40' title="bbox 526 3487 2547 3558">
    <p class='ocr_par' dir='ltr' id='par_1_40' title="bbox 526 3487 2547 3558">
     <span class='ocr_line' id='line_1_40' title="bbox 526 3487 2547 3558; baseline 0.004 -16"><span class='ocrx_word' id='word_1_514' title='bbox 526 3490 659 3555; x_wconf 75' lang='lat' dir='ltr'><strong>Qua:</strong></span> <span class='ocrx_word' id='word_1_515' title='bbox 683 3488 848 3558; x_wconf 76' lang='lat' dir='ltr'><strong>signis</strong></span> <span class='ocrx_word' id='word_1_516' title='bbox 877 3487 1273 3555; x_wconf 76' lang='lat' dir='ltr'><strong>parent/tesiutn</strong></span> <span class='ocrx_word' id='word_1_517' title='bbox 1302 3488 1320 3556; x_wconf 90' lang='lat'><strong>(</strong></span> <span class='ocrx_word' id='word_1_518' title='bbox 1361 3491 1381 3557; x_wconf 88' lang='lat'><strong><em>)</em></strong></span> <span class='ocrx_word' id='word_1_519' title='bbox 1414 3489 1791 3556; x_wconf 79' lang='lat' dir='ltr'><strong>continentur,</strong></span> <span class='ocrx_word' id='word_1_520' title='bbox 1817 3507 1847 3544; x_wconf 91' lang='lat' dir='ltr'><strong>a</strong></span> <span class='ocrx_word' id='word_1_521' title='bbox 1877 3491 2130 3548; x_wconf 85' lang='lat' dir='ltr'><strong>Cedreno</strong></span> <span class='ocrx_word' id='word_1_522' title='bbox 2152 3494 2359 3549; x_wconf 83' lang='lat' dir='ltr'><strong>omissa</strong></span> <span class='ocrx_word' id='word_1_523' title='bbox 2394 3503 2547 3550; x_wconf 86' lang='lat' dir='ltr'><strong>sunt.</strong></span> 
     </span>
    </p>
   </div>
   <div class='ocr_carea' id='block_1_41' title="bbox 639 3594 1467 3650">
    <p class='ocr_par' dir='ltr' id='par_1_41' title="bbox 639 3594 1467 3650">
     <span class='ocr_line' id='line_1_41' title="bbox 639 3594 1467 3650; baseline -0.001 0"><span class='ocrx_word' id='word_1_524' title='bbox 639 3597 704 3650; x_wconf 86' lang='grc' dir='ltr'><strong>Λ.</strong></span> <span class='ocrx_word' id='word_1_525' title='bbox 736 3614 810 3647; x_wconf 91' lang='lat'>::</span> <span class='ocrx_word' id='word_1_526' title='bbox 847 3595 1015 3649; x_wconf 83' lang='lat' dir='ltr'><strong>codex</strong></span> <span class='ocrx_word' id='word_1_527' title='bbox 1048 3594 1467 3649; x_wconf 80' lang='lat' dir='ltr'><strong>Ambrosianus.</strong></span> 
     </span>
    </p>
   </div>
   <div class='ocr_carea' id='block_1_42' title="bbox 633 3664 1402 3737">
    <p class='ocr_par' dir='ltr' id='par_1_42' title="bbox 633 3664 1402 3737">
     <span class='ocr_line' id='line_1_42' title="bbox 633 3664 1402 3737; baseline 0.001 -17"><span class='ocrx_word' id='word_1_528' title='bbox 633 3664 775 3737; x_wconf 76' lang='lat' dir='ltr'><strong>[XV]</strong></span> <span class='ocrx_word' id='word_1_529' title='bbox 800 3666 924 3718; x_wconf 76' lang='lat' dir='ltr'><strong>Ath.</strong></span> <span class='ocrx_word' id='word_1_530' title='bbox 953 3683 1024 3737; x_wconf 79' lang='lat'><strong>_:</strong></span> <span class='ocrx_word' id='word_1_531' title='bbox 1051 3665 1402 3737; x_wconf 72' lang='lat' dir='ltr'><strong>Athanasius.</strong></span> 
     </span>
    </p>
   </div>
   <div class='ocr_carea' id='block_1_43' title="bbox 632 3733 1352 3803">
    <p class='ocr_par' dir='ltr' id='par_1_43' title="bbox 632 3733 1352 3803">
     <span class='ocr_line' id='line_1_43' title="bbox 632 3733 1352 3803; baseline -0.007 -11"><span class='ocrx_word' id='word_1_532' title='bbox 632 3733 695 3792; x_wconf 79' lang='grc' dir='ltr'><strong>Β.</strong></span> <span class='ocrx_word' id='word_1_533' title='bbox 730 3733 804 3786; x_wconf 70' lang='grc' dir='ltr'><strong>ἐς.</strong></span> <span class='ocrx_word' id='word_1_534' title='bbox 830 3735 1063 3790; x_wconf 76' lang='lat' dir='ltr'><strong>Basilius</strong></span> <span class='ocrx_word' id='word_1_535' title='bbox 1103 3733 1352 3803; x_wconf 77' lang='lat' dir='ltr'><strong>Magnus.</strong></span> 
     </span>
    </p>
   </div>
   <div class='ocr_carea' id='block_1_44' title="bbox 635 3804 1608 3865">
    <p class='ocr_par' dir='ltr' id='par_1_44' title="bbox 635 3804 1608 3865">
     <span class='ocr_line' id='line_1_44' title="bbox 635 3804 1608 3865; baseline -0.001 -3"><span class='ocrx_word' id='word_1_536' title='bbox 635 3809 766 3862; x_wconf 80' lang='lat' dir='ltr'><strong>Bar.</strong></span> <span class='ocrx_word' id='word_1_537' title='bbox 796 3807 849 3865; x_wconf 91' lang='grc'><strong>1,</strong></span> <span class='ocrx_word' id='word_1_538' title='bbox 883 3805 919 3858; x_wconf 77' lang='grc'><strong>9.</strong></span> <span class='ocrx_word' id='word_1_539' title='bbox 953 3823 1015 3855; x_wconf 89' lang='lat'><strong>::</strong></span> <span class='ocrx_word' id='word_1_540' title='bbox 1042 3804 1258 3858; x_wconf 78' lang='lat' dir='ltr'><strong>codices</strong></span> <span class='ocrx_word' id='word_1_541' title='bbox 1291 3804 1608 3861; x_wconf 85' lang='lat' dir='ltr'><strong>Barocciani</strong></span> 
     </span>
    </p>
   </div>
   <div class='ocr_carea' id='block_1_45' title="bbox 631 3875 1538 3932">
    <p class='ocr_par' dir='ltr' id='par_1_45' title="bbox 631 3875 1538 3932">
     <span class='ocr_line' id='line_1_45' title="bbox 631 3875 1538 3932; baseline -0.004 0"><span class='ocrx_word' id='word_1_542' title='bbox 631 3878 694 3932; x_wconf 72' lang='grc' dir='ltr'><strong>(Σ.</strong></span> <span class='ocrx_word' id='word_1_543' title='bbox 729 3875 1185 3929; x_wconf 82' lang='lat' dir='ltr'><strong>:Coisliniantts</strong></span> <span class='ocrx_word' id='word_1_544' title='bbox 1216 3875 1382 3930; x_wconf 81' lang='lat' dir='ltr'><strong>codex</strong></span> <span class='ocrx_word' id='word_1_545' title='bbox 1420 3876 1538 3929; x_wconf 70' lang='grc'><strong>134.</strong></span> 
     </span>
    </p>
   </div>
   <div class='ocr_carea' id='block_1_46' title="bbox 632 3946 1201 4002">
    <p class='ocr_par' dir='ltr' id='par_1_46' title="bbox 632 3946 1201 4002">
     <span class='ocr_line' id='line_1_46' title="bbox 632 3946 1201 4002; baseline -0.005 0"><span class='ocrx_word' id='word_1_546' title='bbox 632 3947 758 4002; x_wconf 78' lang='lat' dir='ltr'><strong>Ced.</strong></span> <span class='ocrx_word' id='word_1_547' title='bbox 794 3965 868 3998; x_wconf 91' lang='lat'>::</span> <span class='ocrx_word' id='word_1_548' title='bbox 895 3946 1201 4000; x_wconf 83' lang='lat' dir='ltr'><strong>Ccdrenus.</strong></span> 
     </span>
    </p>
   </div>
   <div class='ocr_carea' id='block_1_47' title="bbox 632 4014 1343 4085">
    <p class='ocr_par' dir='ltr' id='par_1_47' title="bbox 632 4014 1343 4085">
     <span class='ocr_line' id='line_1_47' title="bbox 632 4014 1343 4085; baseline -0.001 -12"><span class='ocrx_word' id='word_1_549' title='bbox 632 4018 760 4073; x_wconf 84' lang='lat' dir='ltr'><strong>Chr.</strong></span> <span class='ocrx_word' id='word_1_550' title='bbox 792 4033 865 4066; x_wconf 73' lang='grc' dir='ltr'><strong>-τ</strong></span> <span class='ocrx_word' id='word_1_551' title='bbox 891 4014 1343 4085; x_wconf 84' lang='lat' dir='ltr'><strong>Ghrysostomus.</strong></span> 
     </span>
    </p>
   </div>
   <div class='ocr_carea' id='block_1_48' title="bbox 631 4085 2231 4151">
    <p class='ocr_par' dir='ltr' id='par_1_48' title="bbox 631 4085 2231 4151">
     <span class='ocr_line' id='line_1_48' title="bbox 631 4085 2231 4151; baseline 0.005 -9"><span class='ocrx_word' id='word_1_552' title='bbox 631 4086 797 4143; x_wconf 76' lang='lat' dir='ltr'><strong>Coisl.</strong></span> <span class='ocrx_word' id='word_1_553' title='bbox 833 4085 938 4140; x_wconf 75' lang='grc'><strong>510</strong></span> <span class='ocrx_word' id='word_1_554' title='bbox 965 4095 1019 4140; x_wconf 90' lang='lat' dir='ltr'><strong>et</strong></span> <span class='ocrx_word' id='word_1_555' title='bbox 1049 4085 1155 4139; x_wconf 83' lang='grc'><strong>505</strong></span> <span class='ocrx_word' id='word_1_556' title='bbox 1193 4104 1256 4135; x_wconf 90' lang='lat'>:</span> <span class='ocrx_word' id='word_1_557' title='bbox 1287 4087 1604 4141; x_wconf 88' lang='lat' dir='ltr'><strong>Coisliniani</strong></span> <span class='ocrx_word' id='word_1_558' title='bbox 1638 4089 1857 4148; x_wconf 74' lang='lat' dir='ltr'><strong>codices</strong></span> <span class='ocrx_word' id='word_1_559' title='bbox 1891 4092 1996 4147; x_wconf 80' lang='lat' dir='ltr'><strong>3I0</strong></span> <span class='ocrx_word' id='word_1_560' title='bbox 2026 4104 2077 4149; x_wconf 87' lang='lat' dir='ltr'><strong>cl</strong></span> <span class='ocrx_word' id='word_1_561' title='bbox 2111 4093 2231 4151; x_wconf 76' lang='lat'><strong>305.</strong></span> 
     </span>
    </p>
   </div>
   <div class='ocr_carea' id='block_1_49' title="bbox 629 4157 1461 4224">
    <p class='ocr_par' dir='ltr' id='par_1_49' title="bbox 629 4157 1461 4224">
     <span class='ocr_line' id='line_1_49' title="bbox 629 4157 1461 4224; baseline -0.005 -10"><span class='ocrx_word' id='word_1_562' title='bbox 629 4159 765 4214; x_wconf 87' lang='lat' dir='ltr'><strong>Cod.</strong></span> <span class='ocrx_word' id='word_1_563' title='bbox 795 4174 868 4207; x_wconf 94' lang='lat'><strong>:::</strong></span> <span class='ocrx_word' id='word_1_564' title='bbox 893 4157 1063 4210; x_wconf 81' lang='lat' dir='ltr'><strong>codex</strong></span> <span class='ocrx_word' id='word_1_565' title='bbox 1094 4157 1461 4224; x_wconf 65' lang='lat' dir='ltr'><strong>Mosquensis.</strong></span> 
     </span>
    </p>
   </div>
   <div class='ocr_carea' id='block_1_50' title="bbox 629 4226 1703 4285">
    <p class='ocr_par' dir='ltr' id='par_1_50' title="bbox 629 4226 1703 4285">
     <span class='ocr_line' id='line_1_50' title="bbox 629 4226 1703 4285; baseline 0.001 -1"><span class='ocrx_word' id='word_1_566' title='bbox 629 4229 814 4284; x_wconf 79' lang='lat' dir='ltr'><strong>Const.</strong></span> <span class='ocrx_word' id='word_1_567' title='bbox 845 4226 1280 4282; x_wconf 83' lang='lat' dir='ltr'><strong>Coostitutiones</strong></span> <span class='ocrx_word' id='word_1_568' title='bbox 1308 4231 1703 4285; x_wconf 73' lang='lat' dir='ltr'><strong>apostolorum.</strong></span> 
     </span>
    </p>
   </div>
   <div class='ocr_carea' id='block_1_51' title="bbox 630 4243 1684 4355">
    <p class='ocr_par' dir='ltr' id='par_1_51' title="bbox 630 4243 1684 4355">
     <span class='ocr_line' id='line_1_51' title="bbox 630 4243 1682 4352; baseline 0 -68"><span class='ocrx_word' id='word_1_569' title='bbox 630 4243 814 4284; x_wconf 66' lang='lat' dir='ltr'><strong>bonst.</strong></span> <span class='ocrx_word' id='word_1_570' title='bbox 845 4243 1280 4282; x_wconf 68' lang='lat' dir='ltr'><strong>LOIISIItUIIOlIes</strong></span> <span class='ocrx_word' id='word_1_571' title='bbox 1308 4243 1682 4352; x_wconf 68' lang='lat' dir='ltr'><strong>alpostomrum</strong></span> 
     </span>
     <span class='ocr_line' id='line_1_52' title="bbox 630 4296 1684 4355; baseline 0.003 -3"><span class='ocrx_word' id='word_1_572' title='bbox 630 4297 788 4352; x_wconf 82' lang='lat' dir='ltr'><strong>Com.</strong></span> <span class='ocrx_word' id='word_1_573' title='bbox 819 4314 892 4348; x_wconf 67' lang='grc' dir='ltr'>ε</span> <span class='ocrx_word' id='word_1_574' title='bbox 917 4296 1281 4351; x_wconf 85' lang='lat' dir='ltr'><strong>Continuator</strong></span> <span class='ocrx_word' id='word_1_575' title='bbox 1366 4305 1684 4355; x_wconf 78' lang='lat' dir='ltr'><strong>heoohattis.</strong></span> 
     </span>
    </p>
   </div>
   <div class='ocr_carea' id='block_1_52' title="bbox 626 4366 1136 4441">
    <p class='ocr_par' dir='ltr' id='par_1_52' title="bbox 626 4366 1136 4441">
     <span class='ocr_line' id='line_1_53' title="bbox 626 4366 1136 4441; baseline 0.004 -24"><span class='ocrx_word' id='word_1_576' title='bbox 626 4366 753 4441; x_wconf 68' lang='lat' dir='ltr'><strong>Cyr.</strong></span> <span class='ocrx_word' id='word_1_577' title='bbox 788 4385 862 4419; x_wconf 77' lang='grc' dir='ltr'><strong>’.τ-.-</strong></span> <span class='ocrx_word' id='word_1_578' title='bbox 881 4367 1136 4441; x_wconf 82' lang='lat' dir='ltr'><strong>Cyrillus.</strong></span> 
     </span>
    </p>
   </div>
   <div class='ocr_carea' id='block_1_53' title="bbox 628 4438 1497 4510">
    <p class='ocr_par' dir='ltr' id='par_1_53' title="bbox 628 4438 1497 4510">
     <span class='ocr_line' id='line_1_54' title="bbox 628 4438 1497 4510; baseline 0.003 -18"><span class='ocrx_word' id='word_1_579' title='bbox 628 4438 696 4510; x_wconf 62' lang='grc' dir='ltr'><strong>ρ.</strong></span> <span class='ocrx_word' id='word_1_580' title='bbox 729 4449 801 4489; x_wconf 76' lang='lat'><strong>2::</strong></span> <span class='ocrx_word' id='word_1_581' title='bbox 832 4438 1125 4510; x_wconf 68' lang='lat' dir='ltr'><strong>Dionysius</strong></span> <span class='ocrx_word' id='word_1_582' title='bbox 1152 4440 1497 4510; x_wconf 78' lang='lat' dir='ltr'><strong>Areopagita.</strong></span> 
     </span>
    </p>
   </div>
   <div class='ocr_carea' id='block_1_54' title="bbox 629 4507 1223 4578">
    <p class='ocr_par' dir='ltr' id='par_1_54' title="bbox 629 4507 1223 4578">
     <span class='ocr_line' id='line_1_55' title="bbox 629 4507 1223 4578; baseline 0 -16"><span class='ocrx_word' id='word_1_583' title='bbox 629 4508 731 4578; x_wconf 70' lang='lat' dir='ltr'><strong>Ep.</strong></span> <span class='ocrx_word' id='word_1_584' title='bbox 764 4527 836 4558; x_wconf 68' lang='grc' dir='ltr'><strong>Ξ</strong></span> <span class='ocrx_word' id='word_1_585' title='bbox 866 4507 1223 4577; x_wconf 75' lang='lat' dir='ltr'><strong>Epiphanius.</strong></span> 
     </span>
    </p>
   </div>
   <div class='ocr_carea' id='block_1_55' title="bbox 623 4579 1167 4646">
    <p class='ocr_par' dir='ltr' id='par_1_55' title="bbox 623 4579 1167 4646">
     <span class='ocr_line' id='line_1_56' title="bbox 623 4579 1167 4646; baseline -0.002 -12"><span class='ocrx_word' id='word_1_586' title='bbox 623 4579 720 4634; x_wconf 75' lang='lat' dir='ltr'><strong>Gr.</strong></span> <span class='ocrx_word' id='word_1_587' title='bbox 750 4598 823 4629; x_wconf 92' lang='lat'>::</span> <span class='ocrx_word' id='word_1_588' title='bbox 849 4579 1167 4646; x_wconf 80' lang='lat' dir='ltr'><strong>Gregorius.</strong></span> 
     </span>
    </p>
   </div>
   <div class='ocr_carea' id='block_1_56' title="bbox 630 4648 2037 4714">
    <p class='ocr_par' dir='ltr' id='par_1_56' title="bbox 630 4648 2037 4714">
     <span class='ocr_line' id='line_1_57' title="bbox 630 4648 2037 4714; baseline 0.009 -12"><span class='ocrx_word' id='word_1_589' title='bbox 630 4651 790 4704; x_wconf 83' lang='lat' dir='ltr'><strong>llam.</strong></span> <span class='ocrx_word' id='word_1_590' title='bbox 822 4667 896 4699; x_wconf 91' lang='lat'>::</span> <span class='ocrx_word' id='word_1_591' title='bbox 928 4648 1175 4704; x_wconf 72' lang='lat' dir='ltr'><strong>Humilia:</strong></span> <span class='ocrx_word' id='word_1_592' title='bbox 1207 4649 1751 4711; x_wconf 80' lang='lat' dir='ltr'><strong>Pseudo-Clemealis</strong></span> <span class='ocrx_word' id='word_1_593' title='bbox 1785 4655 2037 4714; x_wconf 77' lang='lat' dir='ltr'><strong>Romani.</strong></span> 
     </span>
    </p>
   </div>
   <div class='ocr_carea' id='block_1_57' title="bbox 621 4719 1408 4787">
    <p class='ocr_par' dir='ltr' id='par_1_57' title="bbox 621 4719 1408 4787">
     <span class='ocr_line' id='line_1_58' title="bbox 621 4719 1408 4787; baseline 0.001 -14"><span class='ocrx_word' id='word_1_594' title='bbox 621 4720 740 4774; x_wconf 61' lang='grc' dir='ltr'><strong>λοι.</strong></span> <span class='ocrx_word' id='word_1_595' title='bbox 769 4738 841 4770; x_wconf 79' lang='lat'><strong>:2</strong></span> <span class='ocrx_word' id='word_1_596' title='bbox 869 4719 1139 4787; x_wconf 75' lang='lat' dir='ltr'><strong>Iosephus</strong></span> <span class='ocrx_word' id='word_1_597' title='bbox 1169 4721 1408 4776; x_wconf 81' lang='lat' dir='ltr'><strong>Flavius.</strong></span> 
     </span>
    </p>
   </div>
   <div class='ocr_carea' id='block_1_58' title="bbox 625 4790 1109 4847">
    <p class='ocr_par' dir='ltr' id='par_1_58' title="bbox 625 4790 1109 4847">
     <span class='ocr_line' id='line_1_59' title="bbox 625 4790 1109 4847; baseline -0.004 -3"><span class='ocrx_word' id='word_1_598' title='bbox 625 4792 701 4847; x_wconf 73' lang='lat' dir='ltr'><strong>Is.</strong></span> <span class='ocrx_word' id='word_1_599' title='bbox 736 4811 808 4840; x_wconf 71' lang='grc' dir='ltr'><em>Ξ</em></span> <span class='ocrx_word' id='word_1_600' title='bbox 841 4790 1109 4846; x_wconf 85' lang='lat' dir='ltr'><strong>Isidorus.</strong></span> 
     </span>
    </p>
   </div>
   <div class='ocr_carea' id='block_1_59' title="bbox 624 4859 1388 4920">
    <p class='ocr_par' dir='ltr' id='par_1_59' title="bbox 624 4859 1388 4920">
     <span class='ocr_line' id='line_1_60' title="bbox 624 4859 1388 4920; baseline 0.008 -8"><span class='ocrx_word' id='word_1_601' title='bbox 624 4863 685 4916; x_wconf 72' lang='grc' dir='ltr'><strong>ι..</strong></span> <span class='ocrx_word' id='word_1_602' title='bbox 716 4881 788 4913; x_wconf 70' lang='grc' dir='ltr'><strong>τ’.</strong></span> <span class='ocrx_word' id='word_1_603' title='bbox 829 4861 938 4914; x_wconf 89' lang='lat' dir='ltr'><strong>Leo</strong></span> <span class='ocrx_word' id='word_1_604' title='bbox 965 4859 1388 4920; x_wconf 81' lang='lat' dir='ltr'><strong>Grammaticus.</strong></span> 
     </span>
    </p>
   </div>
   <div class='ocr_carea' id='block_1_60' title="bbox 628 4932 1421 5002">
    <p class='ocr_par' dir='ltr' id='par_1_60' title="bbox 628 4932 1421 5002">
     <span class='ocr_line' id='line_1_61' title="bbox 628 4932 1421 5002; baseline 0.006 -18"><span class='ocrx_word' id='word_1_605' title='bbox 628 4934 767 5002; x_wconf 79' lang='lat' dir='ltr'><strong>L-ps.</strong></span> <span class='ocrx_word' id='word_1_606' title='bbox 793 4952 864 4984; x_wconf 67' lang='grc' dir='ltr'><strong>τ..-</strong></span> <span class='ocrx_word' id='word_1_607' title='bbox 897 4935 1068 4986; x_wconf 77' lang='lat' dir='ltr'><strong>codex</strong></span> <span class='ocrx_word' id='word_1_608' title='bbox 1100 4932 1421 5000; x_wconf 81' lang='lat' dir='ltr'><strong>Lipsiensis.</strong></span> 
     </span>
    </p>
   </div>
   <div class='ocr_carea' id='block_1_61' title="bbox 623 5003 1458 5061">
    <p class='ocr_par' dir='ltr' id='par_1_61' title="bbox 623 5003 1458 5061">
     <span class='ocr_line' id='line_1_62' title="bbox 623 5003 1458 5061; baseline 0.004 -5"><span class='ocrx_word' id='word_1_609' title='bbox 623 5007 698 5057; x_wconf 63' lang='lat' dir='ltr'><strong>AI.</strong></span> <span class='ocrx_word' id='word_1_610' title='bbox 740 5023 812 5054; x_wconf 88' lang='lat'><strong>:::</strong></span> <span class='ocrx_word' id='word_1_611' title='bbox 843 5003 1110 5057; x_wconf 77' lang='lat' dir='ltr'><strong>Maximus</strong></span> <span class='ocrx_word' id='word_1_612' title='bbox 1141 5004 1458 5061; x_wconf 78' lang='lat' dir='ltr'><strong>Confessor.</strong></span> 
     </span>
    </p>
   </div>
   <div class='ocr_carea' id='block_1_62' title="bbox 629 5074 2296 5141">
    <p class='ocr_par' dir='ltr' id='par_1_62' title="bbox 629 5074 2296 5141">
     <span class='ocr_line' id='line_1_63' title="bbox 629 5074 2296 5141; baseline 0.008 -14"><span class='ocrx_word' id='word_1_613' title='bbox 629 5076 695 5127; x_wconf 79' lang='grc' dir='ltr'><strong>Μ.</strong></span> <span class='ocrx_word' id='word_1_614' title='bbox 738 5076 786 5135; x_wconf 90' lang='grc'><strong>1,</strong></span> <span class='ocrx_word' id='word_1_615' title='bbox 819 5079 854 5126; x_wconf 66' lang='lat'>2</span> <span class='ocrx_word' id='word_1_616' title='bbox 886 5077 965 5126; x_wconf 87' lang='lat' dir='ltr'><strong>vel</strong></span> <span class='ocrx_word' id='word_1_617' title='bbox 1011 5074 1157 5126; x_wconf 77' lang='lat' dir='ltr'><strong>Man.</strong></span> <span class='ocrx_word' id='word_1_618' title='bbox 1195 5078 1242 5137; x_wconf 91' lang='grc'><strong>1,</strong></span> <span class='ocrx_word' id='word_1_619' title='bbox 1266 5076 1318 5131; x_wconf 75' lang='grc'><strong>2.</strong></span> <span class='ocrx_word' id='word_1_620' title='bbox 1346 5096 1416 5125; x_wconf 84' lang='lat'><em>=</em></span> <span class='ocrx_word' id='word_1_621' title='bbox 1445 5079 1662 5134; x_wconf 82' lang='lat' dir='ltr'><strong>codices</strong></span> <span class='ocrx_word' id='word_1_622' title='bbox 1710 5079 2061 5136; x_wconf 77' lang='lat' dir='ltr'><strong>Monacenses</strong></span> <span class='ocrx_word' id='word_1_623' title='bbox 2099 5084 2121 5136; x_wconf 90' lang='grc'><strong>1</strong></span> <span class='ocrx_word' id='word_1_624' title='bbox 2155 5093 2212 5139; x_wconf 85' lang='lat' dir='ltr'><strong>et</strong></span> <span class='ocrx_word' id='word_1_625' title='bbox 2239 5083 2296 5141; x_wconf 70' lang='grc'><strong>2.</strong></span> 
     </span>
    </p>
   </div>
   <div class='ocr_carea' id='block_1_63' title="bbox 619 5147 1344 5202">
    <p class='ocr_par' dir='ltr' id='par_1_63' title="bbox 619 5147 1344 5202">
     <span class='ocr_line' id='line_1_64' title="bbox 619 5147 1344 5202; baseline 0.011 -7"><span class='ocrx_word' id='word_1_626' title='bbox 619 5149 664 5199; x_wconf 86' lang='grc' dir='ltr'><em>υ</em></span> <span class='ocrx_word' id='word_1_627' title='bbox 696 5163 768 5192; x_wconf 78' lang='lat'><strong>2:</strong></span> <span class='ocrx_word' id='word_1_628' title='bbox 804 5147 971 5198; x_wconf 83' lang='lat' dir='ltr'><strong>codex</strong></span> <span class='ocrx_word' id='word_1_629' title='bbox 1002 5147 1344 5202; x_wconf 74' lang='lat' dir='ltr'><strong>Uxoniensis.</strong></span> 
     </span>
    </p>
   </div>
   <div class='ocr_carea' id='block_1_64' title="bbox 619 5214 2755 5289">
    <p class='ocr_par' dir='ltr' id='par_1_64' title="bbox 619 5214 2755 5289">
     <span class='ocr_line' id='line_1_65' title="bbox 619 5214 2755 5289; baseline 0.009 -23"><span class='ocrx_word' id='word_1_630' title='bbox 619 5217 686 5289; x_wconf 65' lang='lat' dir='ltr'><strong>P.</strong></span> <span class='ocrx_word' id='word_1_631' title='bbox 710 5234 788 5289; x_wconf 63' lang='grc' dir='ltr'><strong>Δε</strong></span> <span class='ocrx_word' id='word_1_632' title='bbox 816 5217 983 5289; x_wconf 82' lang='lat' dir='ltr'><strong>editio</strong></span> <span class='ocrx_word' id='word_1_633' title='bbox 1011 5214 1353 5289; x_wconf 71' lang='lat' dir='ltr'><strong>l’arisrensis,</strong></span> <span class='ocrx_word' id='word_1_634' title='bbox 1389 5219 1580 5285; x_wconf 85' lang='lat' dir='ltr'><strong>invito,</strong></span> <span class='ocrx_word' id='word_1_635' title='bbox 1617 5231 1673 5274; x_wconf 90' lang='lat' dir='ltr'><strong>ul</strong></span> <span class='ocrx_word' id='word_1_636' title='bbox 1705 5221 1902 5277; x_wconf 78' lang='lat' dir='ltr'><strong>Ilasius</strong></span> <span class='ocrx_word' id='word_1_637' title='bbox 1935 5233 2185 5289; x_wconf 86' lang='lat' dir='ltr'><strong>testatur,</strong></span> <span class='ocrx_word' id='word_1_638' title='bbox 2215 5227 2403 5281; x_wconf 75' lang='lat' dir='ltr'><strong>codice</strong></span> <span class='ocrx_word' id='word_1_639' title='bbox 2429 5226 2555 5282; x_wconf 87' lang='lat' dir='ltr'><strong>Par.</strong></span> <span class='ocrx_word' id='word_1_640' title='bbox 2601 5231 2755 5286; x_wconf 73' lang='lat' dir='ltr'><strong>I705.</strong></span> 
     </span>
    </p>
   </div>
   <div class='ocr_carea' id='block_1_65' title="bbox 619 5285 1377 5344">
    <p class='ocr_par' dir='ltr' id='par_1_65' title="bbox 619 5285 1377 5344">
     <span class='ocr_line' id='line_1_66' title="bbox 619 5285 1377 5344; baseline 0.028 -20"><span class='ocrx_word' id='word_1_641' title='bbox 619 5286 738 5340; x_wconf 72' lang='grc' dir='ltr'><em>μαι,</em></span> <span class='ocrx_word' id='word_1_642' title='bbox 785 5305 846 5334; x_wconf 73' lang='lat'><strong>:2:</strong></span> <span class='ocrx_word' id='word_1_643' title='bbox 873 5286 1042 5338; x_wconf 76' lang='lat' dir='ltr'><strong>coch</strong></span> <span class='ocrx_word' id='word_1_644' title='bbox 1082 5285 1377 5344; x_wconf 77' lang='lat' dir='ltr'><strong>Palatinus.</strong></span> 
     </span>
    </p>
   </div>
   <div class='ocr_carea' id='block_1_66' title="bbox 622 5357 2231 5440">
    <p class='ocr_par' dir='ltr' id='par_1_66' title="bbox 622 5357 2220 5440">
     <span class='ocr_line' id='line_1_67' title="bbox 622 5357 2220 5440; baseline 0.007 -32"><span class='ocrx_word' id='word_1_645' title='bbox 622 5359 752 5440; x_wconf 53' lang='lat' dir='ltr'><strong>fur.</strong></span> <span class='ocrx_word' id='word_1_646' title='bbox 880 5359 1096 5440; x_wconf 39' lang='lat' dir='ltr'><strong>codici}?</strong></span> <span class='ocrx_word' id='word_1_647' title='bbox 1124 5357 1457 5440; x_wconf 66' lang='lat' dir='ltr'><strong>I’at&#39;isicnses</strong></span> <span class='ocrx_word' id='word_1_648' title='bbox 1756 5363 1914 5427; x_wconf 80' lang='grc'><strong>1708,</strong></span> <span class='ocrx_word' id='word_1_649' title='bbox 1950 5367 2220 5440; x_wconf 58' lang='lat' dir='ltr'><strong>prteripue</strong></span> 
     </span>
    </p>
   </div>
   <div class='ocr_carea' id='block_1_67' title="bbox 1032 5357 2641 5440">
    <p class='ocr_par' dir='ltr' id='par_1_67' title="bbox 1032 5357 2641 5440">
     <span class='ocr_line' id='line_1_68' title="bbox 1032 5357 2641 5440; baseline 0.009 -31"><span class='ocrx_word' id='word_1_650' title='bbox 1032 5375 1096 5440; x_wconf 47' lang='lat' dir='ltr'><strong>es</strong></span> <span class='ocrx_word' id='word_1_651' title='bbox 1124 5357 1457 5440; x_wconf 64' lang='lat' dir='ltr'><strong>I’at&#39;isicnses</strong></span> <span class='ocrx_word' id='word_1_652' title='bbox 1756 5363 1914 5427; x_wconf 80' lang='grc'><strong>1708,</strong></span> <span class='ocrx_word' id='word_1_653' title='bbox 1950 5367 2220 5440; x_wconf 58' lang='lat' dir='ltr'><strong>prteripue</strong></span> <span class='ocrx_word' id='word_1_654' title='bbox 2256 5366 2453 5440; x_wconf 73' lang='lat' dir='ltr'><strong>Regius</strong></span> <span class='ocrx_word' id='word_1_655' title='bbox 2489 5370 2641 5425; x_wconf 63' lang='grc'><strong>1703.</strong></span> 
     </span>
    </p>
   </div>
   <div class='ocr_carea' id='block_1_68' title="bbox 618 5425 2267 5497">
    <p class='ocr_par' dir='ltr' id='par_1_68' title="bbox 618 5425 2267 5497">
     <span class='ocr_line' id='line_1_69' title="bbox 618 5425 2267 5497; baseline 0.007 -15"><span class='ocrx_word' id='word_1_656' title='bbox 618 5429 683 5482; x_wconf 81' lang='grc' dir='ltr'><strong>Ρ.</strong></span> <span class='ocrx_word' id='word_1_657' title='bbox 712 5438 764 5481; x_wconf 84' lang='lat' dir='ltr'><strong>et</strong></span> <span class='ocrx_word' id='word_1_658' title='bbox 796 5429 911 5479; x_wconf 79' lang='lat' dir='ltr'><strong>Pol.</strong></span> <span class='ocrx_word' id='word_1_659' title='bbox 943 5444 1013 5475; x_wconf 67' lang='grc' dir='ltr'><strong>εἳ.</strong></span> <span class='ocrx_word' id='word_1_660' title='bbox 1053 5425 1406 5497; x_wconf 74' lang='lat' dir='ltr'><strong>I’olydettccs,</strong></span> <span class='ocrx_word' id='word_1_661' title='bbox 1451 5437 1569 5487; x_wconf 79' lang='lat' dir='ltr'><strong>cdd.</strong></span> <span class='ocrx_word' id='word_1_662' title='bbox 1606 5434 1864 5489; x_wconf 73' lang='lat' dir='ltr'><strong>Btataconi</strong></span> <span class='ocrx_word' id='word_1_663' title='bbox 1902 5425 1962 5491; x_wconf 46' lang='lat' dir='ltr'><strong>et.</strong></span> <span class='ocrx_word' id='word_1_664' title='bbox 1991 5425 2267 5493; x_wconf 72' lang='lat' dir='ltr'><strong>Ilat&#39;dtius.</strong></span> 
     </span>
    </p>
   </div>
   <div class='ocr_carea' id='block_1_69' title="bbox 619 5499 1202 5565">
    <p class='ocr_par' dir='ltr' id='par_1_69' title="bbox 619 5499 1202 5565">
     <span class='ocr_line' id='line_1_70' title="bbox 619 5499 1202 5565; baseline 0.002 -14"><span class='ocrx_word' id='word_1_665' title='bbox 619 5499 682 5551; x_wconf 73' lang='lat' dir='ltr'><strong>li.</strong></span> <span class='ocrx_word' id='word_1_666' title='bbox 719 5517 791 5551; x_wconf 88' lang='lat'><strong>:::</strong></span> <span class='ocrx_word' id='word_1_667' title='bbox 826 5502 1028 5565; x_wconf 69' lang='lat' dir='ltr'><strong>Iteguut</strong></span> <span class='ocrx_word' id='word_1_668' title='bbox 1063 5501 1202 5552; x_wconf 78' lang='lat' dir='ltr'><strong>ltbt&#39;t.</strong></span> 
     </span>
    </p>
   </div>
   <div class='ocr_carea' id='block_1_70' title="bbox 620 5569 3685 5653">
    <p class='ocr_par' dir='ltr' id='par_1_70' title="bbox 620 5569 3685 5653">
     <span class='ocr_line' id='line_1_71' title="bbox 620 5569 3685 5653; baseline 0.01 -31"><span class='ocrx_word' id='word_1_669' title='bbox 620 5572 712 5653; x_wconf 46' lang='lat' dir='ltr'><strong>fit.</strong></span> <span class='ocrx_word' id='word_1_670' title='bbox 744 5588 823 5653; x_wconf 78' lang='lat'><strong>:_</strong></span> <span class='ocrx_word' id='word_1_671' title='bbox 849 5569 1525 5653; x_wconf 44' lang='lat' dir='ltr'><strong>&#39;1‘bentliisius&#39;Melitinus,</strong></span> <span class='ocrx_word' id='word_1_672' title='bbox 1559 5577 1716 5653; x_wconf 64' lang='lat' dir='ltr'><strong>enjtrs</strong></span> <span class='ocrx_word' id='word_1_673' title='bbox 1749 5579 2010 5653; x_wconf 77' lang='lat' dir='ltr'><strong>lectiones</strong></span> <span class='ocrx_word' id='word_1_674' title='bbox 2045 5581 2318 5637; x_wconf 77' lang='lat' dir='ltr'><strong>variantes</strong></span> <span class='ocrx_word' id='word_1_675' title='bbox 2344 5583 2634 5653; x_wconf 76' lang='lat' dir='ltr'><strong>exscripsit</strong></span> <span class='ocrx_word' id='word_1_676' title='bbox 2661 5582 3016 5644; x_wconf 65' lang='lat' dir='ltr'><strong>doctissimus</strong></span> <span class='ocrx_word' id='word_1_677' title='bbox 3071 5588 3150 5644; x_wconf 88' lang='lat' dir='ltr'><strong>vir</strong></span> <span class='ocrx_word' id='word_1_678' title='bbox 3190 5589 3255 5646; x_wconf 88' lang='lat' dir='ltr'><strong>G.</strong></span> <span class='ocrx_word' id='word_1_679' title='bbox 3289 5590 3347 5646; x_wconf 81' lang='lat' dir='ltr'><strong>L.</strong></span> <span class='ocrx_word' id='word_1_680' title='bbox 3383 5591 3474 5649; x_wconf 82' lang='lat' dir='ltr'><strong>Fr.</strong></span> <span class='ocrx_word' id='word_1_681' title='bbox 3511 5594 3685 5653; x_wconf 80' lang='lat' dir='ltr'><strong>Tafel.</strong></span> 
     </span>
    </p>
   </div>
   <div class='ocr_carea' id='block_1_71' title="bbox 629 5641 1865 5700">
    <p class='ocr_par' dir='ltr' id='par_1_71' title="bbox 629 5641 1865 5700">
     <span class='ocr_line' id='line_1_72' title="bbox 629 5641 1865 5700; baseline 0.01 -13"><span class='ocrx_word' id='word_1_682' title='bbox 629 5641 682 5693; x_wconf 83' lang='lat' dir='ltr'><strong>V.</strong></span> <span class='ocrx_word' id='word_1_683' title='bbox 708 5659 777 5687; x_wconf 80' lang='lat'>2:</span> <span class='ocrx_word' id='word_1_684' title='bbox 809 5643 854 5698; x_wconf 87' lang='lat' dir='ltr'><strong>I.</strong></span> <span class='ocrx_word' id='word_1_685' title='bbox 885 5643 918 5689; x_wconf 65' lang='grc' dir='ltr'>τε</span> <span class='ocrx_word' id='word_1_686' title='bbox 949 5642 1163 5692; x_wconf 77' lang='lat' dir='ltr'><strong>codices</strong></span> <span class='ocrx_word' id='word_1_687' title='bbox 1194 5641 1641 5699; x_wconf 53' lang='lat' dir='ltr'><strong>Vtmlohonenses</strong></span> <span class='ocrx_word' id='word_1_688' title='bbox 1678 5650 1694 5700; x_wconf 92' lang='lat' dir='ltr'><strong>I</strong></span> <span class='ocrx_word' id='word_1_689' title='bbox 1733 5662 1781 5698; x_wconf 74' lang='lat' dir='ltr'><strong>et</strong></span> <span class='ocrx_word' id='word_1_690' title='bbox 1813 5650 1865 5699; x_wconf 79' lang='lat'><strong>‘2.</strong></span> 
     </span>
    </p>
   </div>
   <div class='ocr_carea' id='block_1_72' title="bbox 630 5709 2232 5791">
    <p class='ocr_par' dir='ltr' id='par_1_72' title="bbox 630 5709 2232 5791">
     <span class='ocr_line' id='line_1_73' title="bbox 630 5709 2232 5791; baseline 0.01 -32"><span class='ocrx_word' id='word_1_691' title='bbox 630 5709 741 5791; x_wconf 56' lang='grc' dir='ltr'><strong>ρςοι.</strong></span> <span class='ocrx_word' id='word_1_692' title='bbox 777 5730 848 5760; x_wconf 89' lang='lat'><strong>::.</strong></span> <span class='ocrx_word' id='word_1_693' title='bbox 873 5711 1357 5791; x_wconf 48' lang='grc' dir='ltr'><strong>εοιιμευδμνθιινυιιι</strong></span> <span class='ocrx_word' id='word_1_694' title='bbox 1393 5717 1488 5769; x_wconf 67' lang='lat' dir='ltr'><strong>liii</strong></span> <span class='ocrx_word' id='word_1_695' title='bbox 1522 5731 1570 5771; x_wconf 88' lang='lat' dir='ltr'><strong>ct</strong></span> <span class='ocrx_word' id='word_1_696' title='bbox 1605 5719 1720 5784; x_wconf 70' lang='grc' dir='ltr'><strong>ιῖιῦ,</strong></span> <span class='ocrx_word' id='word_1_697' title='bbox 1755 5720 2023 5788; x_wconf 64' lang='grc' dir='ltr'><strong>ιιιωςῖρυυ</strong></span> <span class='ocrx_word' id='word_1_698' title='bbox 2064 5722 2232 5791; x_wconf 83' lang='lat' dir='ltr'><strong>prior.</strong></span> 
     </span>
    </p>
   </div>
   <div class='ocr_carea' id='block_1_73' title="bbox 630 5779 1345 5841">
    <p class='ocr_par' dir='ltr' id='par_1_73' title="bbox 630 5779 1345 5841">
     <span class='ocr_line' id='line_1_74' title="bbox 630 5779 1345 5841; baseline 0.006 -7"><span class='ocrx_word' id='word_1_699' title='bbox 630 5779 751 5837; x_wconf 80' lang='lat' dir='ltr'><strong>Ven.</strong></span> <span class='ocrx_word' id='word_1_700' title='bbox 781 5800 853 5833; x_wconf 78' lang='lat'><strong>:2</strong></span> <span class='ocrx_word' id='word_1_701' title='bbox 882 5785 1048 5839; x_wconf 71' lang='lat' dir='ltr'><strong>codex</strong></span> <span class='ocrx_word' id='word_1_702' title='bbox 1087 5780 1345 5841; x_wconf 74' lang='lat' dir='ltr'><strong>Venetus.</strong></span> 
     </span>
    </p>
   </div>
  </div>
