4074 6298
335 347 401 412 65
1540 350 1902 414 CHRONICf

2044 375 2116 387 -
2155 352 2301 416 LIB.
2347 353 2397 416 Ῑ.
3523 353 3594 420 66

343 461 509 535 μαίων
550 471 814 537 σειομινη
853 467 947 520 καὶ
971 467 1020 520 οί
1053 464 1214 536 δῆμοι
1248 466 1428 520 αὐτῶν
1459 467 1504 498 ⁸⁸
1534 467 1655 521 καθ’
1692 469 1902 522 ἑαυτοὺς

2025 468 2126 523 diae
2155 467 2336 522 nullus
2367 469 2488 522 finis
2531 477 2673 523 esset
2704 468 3113 536 sciscitaturus;
3169 468 3356 542 Pythia
3414 470 3592 526 hrccce

341 555 672 620 στασιάζειν,
715 557 778 623 ἐξ
827 552 891 614 οὖ
927 559 1030 630 16
1073 576 1135 612 τε
1174 558 1265 612 τὺν
1311 559 1440 612 ἴδιον
1496 559 1722 628 ἀδελφὸν
1775 561 1902 612 ἀνείε

2024 563 2338 631 respondit:
2365 582 2381 612 ι
2425 561 2586 626 Urbs,
2617 570 2669 617 te
2695 563 2836 626 vivo,
2885 562 3214 618 factionibus
3253 565 3444 634 agitari
3483 580 3590 618 non

338 648 426 702 λεν
465 648 530 701 ⁸⁸.
565 648 730 704 Ὅθεν
788 652 1076 723 ἀπορήσας
1106 652 1201 705 καὶ
1244 651 1324 716 είς
1369 651 1431 704 τὸ
1465 654 1721 722 μαντεῖον
1752 651 1902 704 ἀπελ-

2019 653 2289 717 cessabit,
2344 653 2518 709 donec
2548 653 2714 709 frater
2753 663 2880 710 tuus
2911 656 3109 709 solium
3153 657 3359 728 regium
3414 666 3589 713 tecum

339 737 448 790 θὼν
478 741 574 792 καὶ
609 740 994 813 ἐπερωτήσας,
1017 741 1084 795 δι’
1120 741 1186 814 ἣν
1217 741 1398 796 αἰτίαν
1423 740 1675 812 διηνεκὴς
1712 741 1895 809 γίνετα

2019 755 2263 814 occupet.
2280 764 2296 796 ι
2322 743 2484 800 Facta
2513 746 2674 816 igitur
2693 763 2758 801 ex
2781 761 2915 802 auro
2933 745 3114 802 fratris
3138 747 3308 817 effigie
3329 759 3379 802 et
3400 764 3596 804 secun-

339 831 587 900 σεισμὸς,
611 831 816 904 ἐρρέθη
858 833 1007 904 αὐτῷ
1049 833 1200 905 παρὰ
1235 834 1336 904 τῆς
1379 834 1586 898 Πυθίας
1618 834 1665 866 ⁶⁰
1707 833 1879 896 οὕτως

2019 837 2148 892 dum
2199 839 2406 894 oraculi
2435 847 2634 894 sortem
2681 840 2732 894 in
2787 841 2986 897 throno
3008 842 3204 912 posita,
3236 857 3319 897 res
3368 845 3596 897 turbata:

346 940 364 972 ι
397 922 462 975 Ei
498 922 575 995 μὴ
601 925 945 996 συγκαθήσει
974 943 1054 978 σοι
1091 926 1120 978 ό
1159 925 1385 990 ἀδελφός
1420 941 1514 977 σου
1557 925 1616 977 ὲν
1645 923 1724 996 τῷ
1761 924 1902 994 βασι·

2021 926 2074 979 in
2109 927 2397 996 pristinum
2421 930 2664 985 ordinem
2693 929 2989 987 redierunt.
3021 932 3111 987 Sic
3145 934 3307 1004 igitur
3340 948 3445 986 una
3468 948 3591 986 cum

340 1012 477 1086 λικῷ
501 1015 698 1088 θρόνῳ,
727 1019 791 1072 οὐ
835 1018 912 1089 μὴ
943 1018 1130 1090 παύσῃ
1159 1016 1254 1072 τοῦ
1305 1017 1547 1070 σείεσθαι
1591 1019 1623 1088 ἡ
1662 1018 1816 1079 πόλις
1856 1019 1902 1069 ἐι

2023 1018 2190 1074 fratre
2222 1035 2389 1076 aureo
2421 1023 2683 1092 regnavit,
2730 1035 2784 1078 et
2836 1025 3097 1096 quidquid
3131 1026 3428 1092 mandavit,
3453 1041 3596 1082 sem-

342 1107 466 1169 ταῖς
519 1108 756 1178 ἡμέραις
812 1124 928 1173 σου,
989 1107 1111 1162 οὐδὲ
1168 1108 1340 1178 δῆμος
1390 1107 1431 1139 ⁸⁸
1491 1105 1758 1178 ἡσυχάσει
1817 1106 1902 1159 τοί

2021 1126 2081 1164 er
2114 1128 2133 1162 ι
2167 1110 2504 1176 Mandamus,
2540 1117 2817 1171 sancimus
2853 1135 2871 1169 ι
2911 1116 3145 1172 formula
3182 1127 3265 1173 est
3297 1135 3448 1174 usus.

343 1203 677 1269 στασιάζειν.
718 1222 736 1256 ι
775 1205 883 1259 Καὶ
908 1204 1144 1276 ποιήσας
1162 1202 1394 1274 χρυσοῦν
1463 1202 1755 1274 στηθάριον
1789 1202 2095 1275 ἐκτύπωμα
2131 1206 2225 1258 τοῦ
2271 1204 2507 1274 ἀδελφοῦ
2578 1205 2744 1260 αὐτοῦ
2815 1209 2908 1262 καὶ
2951 1208 3063 1272 θεὶς
3095 1211 3198 1263 ὑπὸ
3223 1213 3238 1224 ⁵
3261 1210 3352 1263 τὸν
3383 1208 3593 1284 θρόνον,

336 1296 468 1352 ἔνθα
509 1298 750 1368 ἐκάθητο
786 1297 1014 1368 πλησίον
1056 1301 1085 1350 ὁ
1125 1296 1354 1366 ἀδελφὸς
1386 1294 1577 1360 αὐτοῦ,
1609 1295 1846 1349 ἔπαυσεν
1877 1295 1904 1348 ό
1948 1297 2173 1366 σεισμὸς
2242 1298 2466 1363 αὐτίκα,
2501 1301 2594 1351 καὶ
2664 1300 2941 1370 ἡσύχασεν
2979 1302 3012 1372 ἡ
3052 1301 3324 1373 δημοτικὴ
3350 1307 3589 1375 ταραχή.

339 1394 450 1447 Καὶ
496 1392 674 1458 οὕτως
701 1392 1036 1460 ἐϐασίλευσε,
1064 1391 1478 1464 συγκαθημένου
1501 1389 1648 1462 αὐτῷ
1676 1389 1770 1443 τοῦ
1811 1390 2010 1461 χρυσοῦ
2033 1391 2430 1463 ἐκτυπώματος
2462 1391 2555 1446 τοῦ
2602 1393 2828 1462 ἀδελφοῦ
2861 1395 3026 1449 αὐτοῦ
3071 1395 3352 1466 Ῥωμύλου
3383 1398 3448 1452 ⁸³.
3484 1399 3593 1451 Καὶ

337 1485 390 1538 εί
417 1503 468 1539 τι
503 1486 569 1539 ἀν
592 1486 872 1550 ἐκέλευσε,
906 1484 1180 1549 θεσπίζων
1225 1483 1410 1554 ἔλεγεν
1443 1485 1518 1547 ώς
1548 1482 1644 1553 ἀφ’
1670 1482 1866 1535 ἑαυτοῦ
1896 1500 1910 1513 ’
1956 1502 1973 1533 ι
2017 1483 2420 1555 Εκελεύσαμεν,
2461 1484 2849 1555 ὲθεσπίσαμεν.
2893 1505 2910 1537 ι

691 1599 789 1655 IE'.
827 1599 964 1669 Περὶ
1003 1598 1122 1654 τῶν
1153 1598 1563 1668 Βρουμαλίων.

418 1725 478 1780 '0
507 1723 670 1788 αὐτὸς
699 1722 744 1756 ⁵³
784 1719 997 1793 Ῥῶμος
1035 1717 1131 1772 καὶ
1172 1717 1242 1771 τὰ
1291 1714 1560 1785 λεγόμενα
1593 1712 1908 1786 Βρουμά).ια

2446 1595 2565 1654 XV.
2598 1629 2666 1639 —
2695 1598 2772 1654 De
2800 1598 3167 1657 Brumalibus.

2079 1711 2222 1769 Idem
2261 1713 2467 1772 Romus
2495 1715 2790 1783 Brumalia,
2824 1725 2882 1770 ut
2922 1729 3137 1784 vocant,
3171 1723 3496 1790 excogitavit
3520 1724 3591 1778 oh

335 1815 604 1886 ἐπενόησε
638 1814 725 1868 διὰ
755 1811 1012 1882 τοιαύτην
1054 1808 1258 1866 αἰτίαν.
1287 1808 1427 1863 Φασὶ
1466 1808 1569 1879 γὰρ
1622 1805 1787 1860 αὑτὸν
1814 1808 1902 1860 καὶ

2013 1807 2215 1862 hancce
2241 1824 2486 1864 causam.
2516 1809 2637 1880 lpse
2661 1822 2709 1866 et
2745 1810 2912 1866 frater
2939 1813 3079 1880 ejus,
3113 1813 3190 1867 uti
3223 1814 3365 1869 inter
3394 1831 3588 1872 omnes

333 1911 424 1964 τὸν
450 1908 684 1980 ἀδελφὸν
718 1905 882 1963 αὐτοῦ
940 1905 1201 1974 διδύμους
1247 1903 1313 1956 ὲκ
1347 1901 1603 1973 πορνείας
1645 1897 1910 1969 τεχθῆναι

332 2004 428 2058 καὶ
454 2003 689 2074 ῥιφῆναι
727 2003 787 2056 ἐν
819 1998 1048 2054 ἀλσώδει
1077 1997 1248 2067 τόπῳ,
1276 1995 1370 2048 καὶ
1401 1992 1506 2047 ὑπό
1547 2009 1694 2054 τινος
1721 1994 1912 2062 ἀγροι-

332 2097 496 2168 κικῆς
552 2094 812 2167 γυναικὸς
867 2090 1117 2164 πρόϐατα
1177 2087 1450 2160 νεμούσης
1504 2084 1829 2157 εὑρεθέντας
1863 2083 1910 2115 ⁸³

331 2190 738 2262 ἁνατραφῆναι.
774 2184 1016 2248 Ὀνειδος
1053 2182 1109 2237 δὲ
1139 2181 1353 2252 ὑπῆρχε
1405 2178 1556 2251 παρὰ
1614 2177 1906 2249 Ῥωμαίοις

328 2285 387 2339 τὸ
432 2286 494 2352 ἐξ
540 2283 837 2354 ἀὶλοτρίων
863 2279 1226 2353 ἐκτρέφεσθαι
1264 2295 1384 2331 τινα
1408 2294 1421 2308 ·
1463 2274 1544 2328 διὸ
1584 2273 1678 2329 καὶ
1707 2276 1764 2326 ὲν
1794 2275 1909 2337 τοῖς

329 2377 657 2447 συμποσίοις
698 2375 933 2438 ἕκαστος
960 2372 1022 2426 τδ
1052 2371 1184 2426 ῐδιον
1209 2369 1406 2441 βρῶμα
1430 2371 1524 2422 καὶ
1561 2365 1717 2435 πόμα
1746 2364 1908 2434 κομί-

327 2467 436 2534 ζων
497 2469 596 2522 καὶ
649 2469 729 2531 είς
783 2466 842 2520 τὸ
902 2463 1081 2520 κοινὸν
1129 2461 1200 2517 τὰ
1245 2461 1424 2515 πάντα
1474 2456 1906 2530 παρατιθέμενοι

327 2563 540 2633 ᾕσθιον,
573 2561 634 2615 τδ
663 2561 864 2625 ὄνειδος
909 2557 1291 2628 ἐκφεύγοντες,
1343 2556 1419 2626 μὴ
1472 2552 1697 2609 ἀκούειν
1747 2549 1905 2605 ἀλλο-

324 2656 639 2727 τριοφάγοι,
697 2649 758 2709 οὗ
812 2654 871 2708 δὲ
923 2652 969 2685 ⁸⁸
1015 2650 1177 2723 χάριν
1234 2649 1498 2719 ἐπενόησε
1568 2645 1780 2715 Ῥῶμος
1835 2643 1904 2697 τά

329 2751 668 2822 Βρουμάλια,
703 2745 968 2819 εἰρηκὼς,
1000 2744 1298 2814 ἀναγκαῖον
1344 2737 1482 2794 εἶναι
1538 2739 1761 2810 τρέφειν
1811 2738 1904 2791 τὸν

328 2838 557 2912 βασιλέα
586 2838 684 2909 τὴν
713 2834 906 2890 ἑαυτοῦ
937 2833 1240 2905 σύγκλητον
1277 2831 1353 2894 ώς
1382 2832 1440 2884 ὲν
1466 2829 1511 2860 '-'
1538 2830 1616 2900 τῷ
1648 2827 1903 2900 χειμῶνι,

326 2937 455 2989 ὅταν
485 2931 791 3004 ἠρεμοῦσιν
821 2933 885 2985 ὲκ
912 2928 1005 2983 τοῦ
1039 2927 1280 2998 πολέμου
1307 2942 1320 2958 ·
1355 2926 1453 2980 καὶ¹
1487 2924 1693 2998 ἤρξατο
1717 2922 1904 2978 καλεῖν

323 3030 449 3091 τοὺς
479 3028 591 3082 ἀπὸ
637 3025 783 3095 ἄλφα
828 3025 1052 3095 ἔχοντας
1095 3022 1286 3091 ὄνομα,
1315 3019 1411 3072 καὶ
1454 3015 1765 3079 ἀκολούθως
1799 3015 1904 3079 ἕως

324 3122 417 3176 τοῦ
465 3137 553 3174 ω’
597 3118 862 3180 κελεύσας
910 3116 1005 3170 καὶ
1063 3116 1162 3185 τὴν
1216 3113 1521 3182 σύγκλητον
1581 3111 1767 3164 καλεῖν
1824 3107 1903 3178 τῷ
1930 3147 1974 3204 C

327 3213 474 3286 αὖτῷ
506 3215 770 3283 σχήματι,
790 3210 886 3263 καὶ
916 3207 1202 3277 ἐκτρέφειν
1235 3205 1326 3258 τὸν
1342 3203 1383 3234 ⁸⁷
1409 3199 1637 3272 στρατὸν
1666 3199 1899 3252 ἅπαντα.

328 3306 490 3361 Ὅθεν
516 3305 570 3359 οἱ
608 3301 941 3373 στρατιῶται
990 3301 1069 3362 εἱς
1102 3298 1226 3360 τοὺς
1261 3293 1443 3358 οἴκους
1494 3293 1747 3353 ἀπιόντες
1791 3289 1900 3342 τῶν

326 3395 674 3451 καλεσάντων
700 3392 896 3454 αὐτοὺς
929 3388 1013 3443 ἐπ’
1054 3388 1280 3456 ἀρίστῳ,
1307 3383 1400 3454 ἀφ’
1424 3384 1665 3454 ἑσπέρας
1700 3379 1898 3452 ηὔλουν

328 3490 419 3541 καὶ
449 3487 704 3558 ἐχόρευον
730 3481 867 3554 πρὸς
899 3480 956 3534 τὸ
988 3480 1186 3549 γνῶναι
1213 3477 1440 3540 πάντας,
1470 3477 1548 3528 ὅτι
1588 3474 1718 3543 παρ’
1750 3472 1899 3543 αὐτῷ

326 3580 513 3650 αὔριον
551 3576 946 3648 τραφήσονται.
981 3570 1152 3624 ’Τοῦτο
1195 3563 1289 3622 οὖν
1333 3566 1600 3635 πεποίηκε
1663 3563 1895 3634 Ῥῶμος,

325 3674 396 3736 ὡς
430 3674 669 3742 εἴρηται,
702 3668 837 3741 πρὶς
869 3665 930 3721 τὸ
968 3661 1350 3732 ἀπαλλαγῆναι
1393 3661 1493 3732 τῆς
1547 3658 1758 3729 ὕϐρεως
1797 3658 1897 3710 αύ-

324 3763 440 3828 τοῦ,
484 3763 722 3822 καλέσας
775 3759 836 3814 τὸ
869 3759 1040 3828 ὄνομα
1096 3756 1192 3809 τοῦ
1230 3753 1453 3824 ἀρίστου
1487 3748 1883 3824 Βρωμαλιοὺμ.

2013 1910 2248 1965 constat,
2274 1916 2302 1954 a
2333 1902 2562 1958 muliere
2596 1902 2720 1972 lupa
2747 1915 2904 1973 partu
2935 1920 3044 1960 uno
3070 1905 3198 1960 editi
3221 1916 3272 1962 et
3301 1908 3422 1964 loco
3451 1923 3590 1979 quo-

2011 1991 2134 2048 dam
2173 1993 2437 2063 paludoso
2484 1996 2758 2065 expositi,
2795 2011 2822 2050 a
2875 1997 3072 2053 femina
3125 2001 3354 2065 rustica,
3401 2003 3583 2056 ovium

2011 2087 2254 2152 custode,
2297 2086 2500 2142 inventi
2547 2103 2611 2143 ac
2653 2088 2840 2142 nutriti
2891 2099 3047 2145 sunt.
3103 2089 3207 2146 Sed
3253 2106 3378 2147 cum
3444 2097 3588 2164 apud

2012 2174 2290 2232 Romanos
2321 2191 2420 2247 pro
2450 2177 2640 2232 infami
2674 2179 2965 2235 haberetur
2997 2182 3310 2254 quicunque
3356 2185 3424 2240 ab
3451 2187 3586 2242 alie-

2010 2271 2094 2325 nis
2125 2270 2491 2337 nutriebatur,
2560 2273 2944 2344 unusquisque
2976 2290 3156 2331 escam
3190 2286 3487 2349 potumque
3519 2281 3586 2334 ad

2010 2365 2260 2419 convivia
2295 2373 2592 2436 apportans
2620 2381 2790 2423 caena:
2812 2369 3197 2427 communione
3225 2375 3448 2442 parasiti
3489 2391 3589 2429 no-

2009 2463 2116 2509 tam
2135 2457 2391 2511 evitabat.
2415 2457 2584 2527 llujus
2605 2459 2772 2530 igitur
2791 2461 2862 2514 rei
2887 2463 3058 2531 gratia
3079 2464 3282 2520 Romus
3303 2466 3446 2536 regis
3466 2482 3588 2521 esse
3615 2457 3618 2460 ’

2007 2547 2143 2600 dixit
2172 2557 2450 2603 senatores
2483 2564 2613 2605 suos
2637 2551 2864 2614 nutrire,
2890 2555 3188 2621 praesertim
3221 2555 3415 2612 hiemis
3443 2565 3587 2610 tem-

2009 2652 2156 2705 pore,
2187 2655 2296 2707 quo
2331 2655 2481 2694 arma
2507 2641 2751 2706 silerent,
2775 2643 3004 2713 ideoque
3040 2660 3230 2701 omnes
3258 2648 3322 2702 ad
3371 2665 3583 2704 cumam

2008 2730 2256 2784 invitavit
2295 2731 2362 2786 ab
2396 2731 2487 2785 illo
2531 2733 2688 2802 cujus
2729 2748 2926 2789 nomen
2971 2737 3039 2790 ab
3067 2737 3108 2790 A
3142 2739 3206 2792 ad
3240 2739 3389 2793 illum
3428 2743 3587 2811 cujus

2007 2837 2202 2876 nomen
2255 2822 2324 2876 ab
2375 2823 2415 2876 Ω
2465 2824 3095 2898 incipiebat.jussitque
3144 2831 3490 2887 senatoribus
3527 2845 3586 2887 ut

2007 2913 2245 2968 vicissim
2270 2916 2461 2970 eodem
2491 2917 2652 2971 modo
2675 2932 2891 2972 omnem
2917 2920 3218 2975 exercitum
3270 2921 3583 2980 invitarent.

2008 3004 2160 3062 Unde
2192 3007 2391 3062 milites
2427 3009 2490 3062 ad
2523 3007 2716 3064 domos
2747 3024 2937 3065 eorum
2963 3028 2993 3065 a
3023 3013 3224 3081 quibus
3255 3014 3471 3071 fuerant
3497 3019 3583 3072 iu-

2007 3101 2180 3160 vitati.
2236 3103 2548 3165 venientes,
2589 3103 2734 3158 tibiis
2793 3106 3286 3178 saltationibusque
3361 3125 3583 3181 vespere

2010 3193 2290 3257 ludebant,
2332 3209 2442 3264 quo
2477 3210 2668 3250 omnes
2727 3198 2932 3252 scirent
2975 3214 3034 3254 se
3089 3202 3231 3270 apud
3281 3202 3424 3258 lunic
3488 3215 3585 3258 aut

2005 3286 2154 3340 illum
2208 3296 2425 3354 postero
2483 3288 2571 3342 die
2618 3299 2952 3344 cmnaturos.
3003 3291 3056 3345 ld
3111 3292 3294 3363 igitur.
3345 3306 3400 3349 ut
3443 3295 3584 3352 ditio

2005 3396 2148 3445 inus,
2183 3379 2311 3434 fecit
2353 3378 2561 3434 Romus
2594 3391 2650 3433 ut
2681 3382 3033 3451 opprobrium
3073 3383 3215 3437 istud
3268 3397 3581 3453 averteret,

2005 3472 2341 3527 Brumalium
2381 3473 2625 3528 vocando
2667 3472 2809 3542 quod
2857 3475 2997 3543 apud
3035 3474 3311 3530 Romanos
3359 3477 3584 3530 alimen-

2007 3575 2120 3620 tum
2158 3579 2222 3618 ει
2261 3564 2380 3618 aliis
2414 3574 2692 3635 sumptum
2724 3565 2946 3620 iudicat.
2971 3565 3074 3620 Sed
3101 3569 3317 3622 tandem
3346 3572 3579 3624 vindicta

2003 3658 2186 3713 divina
2230 3657 2567 3712 fratricidam
2601 3658 2811 3728 attigit;
2862 3659 3132 3729 siquidem
3188 3661 3244 3714 in
3280 3661 3459 3717 medio
3495 3677 3582 3716 se-

2005 3761 2132 3804 natu
2163 3750 2470 3806 trucidatus
2507 3759 2630 3820 post
2659 3750 2729 3805 37
2757 3765 3030 3807 annorum
3072 3767 3301 3822 regnum
3348 3755 3578 3810 interiit.

324 3866 351 3917 ὃ
401 3865 521 3916 ἐστι
591 3859 895 3929 Ῥωμαϊστὶ
954 3856 1018 3910 ἐκ
1061 3853 1171 3908 τῶν
1227 3851 1525 3922 ἀλλοτρίων
1590 3846 1889 3918 τραφῆναι.
1959 3848 2034 3918 (τὶ)
2106 3847 2170 3900 ἸΙ
2224 3848 2283 3901 δὲ
2343 3847 2462 3901 θεία
2509 3846 2632 3920 δίκη
2678 3846 2868 3902 τοῦτον
2914 3851 3050 3920 μετὰ
3114 3849 3287 3905 ταῦτα
3342 3851 3428 3905 δια
3482 3851 3580 3924 τὴν

329 3959 428 4032 17
483 3956 581 4012 τοῦ
635 3951 863 4023 ἀδελφοῦ
914 3951 1196 4022 ἀναίρεσιν
1245 3945 1502 4018 μετῆλθε,
1565 3947 1673 4000 Καὶ
1730 3945 1894 4008 αύτδς
1929 3945 2236 4015 ἀναιρεῖται
2269 3944 2500 4015 μεληδζν
2563 3944 2943 4016 κατατμηθεὶς
3010 3946 3069 3999 ἐν
3106 3946 3181 4018 τῷ
3209 3947 3310 4019 τῆς
3359 3948 3580 4022 Ῥώμης

324 4049 716 4125 βουλευτηρίῳ,
748 4045 1073 4118 βασιλεύσας
1097 4045 1177 4098 ἔτι
1216 4043 1313 4109 λζ’.

393 4148 472 4217 t5)
525 4144 680 4199 Μετὰ
733 4142 789 4195 δὲ
847 4140 1060 4212 Ῥῶμον
1115 4138 1313 4208 συνέϐη
1367 4138 1465 4207 τὴν
1524 4133 1744 4206 Ῥώμην
1793 4135 1900 4188 ὑπὸ

325 4241 549 4293 ὑπάτων
577 4232 897 4290 διοικεῖσθαι
927 4233 1022 4286 καὶ
1059 4229 1382 4302 στρατηγῶν
1414 4229 1512 4298 ἔτη
1542 4226 1661 4292 υξς⁹
1686 4242 1698 4256 ·
1740 4226 1801 4292 ἐξ
1824 4220 1899 4279 ὧν

324 4335 515 4402 γέγονέ
549 4347 630 4394 τις
662 4327 991 4397 στρατηγὸς,
1036 4324 1261 4393 ὀνόματι
1289 4321 1529 4384 Μάλιοςο
1567 4320 1662 4373 καὶ
1697 4321 1898 4389 φθονη-

324 4428 433 4490 θεὶς
471 4425 562 4478 διὰ
590 4423 687 4493 τὴν
714 4419 963 4489 ἀνδρείαν
987 4415 1151 4470 αὑτοῦ
1187 4415 1293 4470 ὑπό
1323 4431 1469 4477 τινος
1510 4411 1895 4483 συγκλητικοῦ,

321 4519 549 4588 ὀνόματι
580 4513 968 4584 Φεϐρουαρίου,
1017 4507 1396 4579 παρεσκεύασε
1437 4507 1561 4569 τοὺς
1601 4506 1889 4574 συγκλητι-

325 4612 451 4672 κοὺς
509 4606 765 4672 ὶκδιῶξαι
819 4606 884 4656 ὲκ
930 4603 1029 4673 τῆς
1075 4601 1282 4662 πόλεως
1338 4598 1426 4653 τὸν
1474 4598 1702 4652 Μάλιον.
1765 4592 1897 4650 Εἶτα

325 4701 653 4763 ἀπελθόντες
679 4700 724 4733 ⁸⁸
753 4701 802 4751 ot
833 4697 1024 4751 Γάλλοι
1059 4693 1365 4763 παρέλαϐον
1408 4692 1597 4754 νυκτὸς
1624 4691 1721 4760 τὴν
1759 4691 1897 4743 Ῥώ-

326 4813 450 4866 μην,
482 4795 575 4848 καὶ
609 4791 834 4852 πολλοὺς
867 4788 1213 4856 κατέσφαξαν
1243 4789 1306 4856 τῇ
1338 4784 1511 4838 εἰκάδι
1544 4782 1637 4835 τοῦ
1667 4782 1898 4851 λεγομέ-

326 4903 413 4940 νου
445 4884 716 4952 Σεξτιλίου
747 4881 936 4953 μηνός.
979 4880 1040 4933 Οί
1080 4880 1136 4931 δὲ
1170 4874 1527 4946 συγκλητικοὶ
1556 4873 1771 4942 γνόντες
1796 4873 1894 4942 τὴν

326 4977 642 5050 παράληψιν
683 4977 783 5046 τῆς
843 4973 1041 5034 πόλεως
1082 4972 1175 5025 καὶ
1219 4969 1482 5039 φυγόντες
1525 4963 1893 5036 προσκαλοῦσι

325 5073 483 5126 πάλιν
517 5067 658 5141 μετά
692 5065 1089 5138 παρακλήσεως
1120 5063 1209 5115 τὸν
1243 5057 1547 5131 στρατηγὸν
1577 5056 1784 5111 Μάλιον
1815 5057 1895 5118 είς

325 5162 642 5235 ἐπικουρίαν
668 5177 683 5192 ·
733 5159 825 5212 καὶ
871 5155 1252 5222 συναγαγὼν⁶⁹
1286 5152 1490 5222 πλῆθος
1522 5146 1775 5220 στρατοῦ,
1803 5147 1898 5201 κοιλ⁵

325 5253 657 5328 παραλαϐὼν
684 5255 810 5315 τοὺς
841 5249 1033 5312 ἀλλους
1072 5248 1116 5279 ⁷⁸
1147 5245 1323 5299 ἀνεῖλε
1365 5245 1591 5306 πάντας.
1626 5242 1737 5296 Καὶ
1763 5257 1897 5311 κρα-

320 5353 488 5419 τήσας
530 5343 688 5408 αὖθις
727 5343 826 5413 τὴν
863 5339 1086 5411 Ῥώμην
1122 5339 1328 5400 Μόλιος
1369 5335 1461 5388 καὶ
1505 5333 1768 5403 λυπηθεὶς
1809 5331 1898 5385 διὰ

324 5443 415 5510 τὴν
457 5435 776 5509 παράληψιν
808 5433 980 5502 αὐτῆς
1014 5434 1072 5485 ὲν
1105 5431 1180 5501 τῷ
1221 5428 1475 5497 Σεξτιλίῳ
1520 5426 1670 5496 μηνὶ,
1713 5423 1896 5477 ἐκολό-

2084 4134 2213 4188 Post
2248 4132 2481 4188 Remum
2515 4133 2767 4189 consules
2814 4149 2878 4219 ac
2925 4134 3092 4191 duces
3128 4152 3222 4207 per
3259 4137 3363 4192 466
3401 4151 3576 4194 annos

2010 4226 2137 4282 Urbi
2171 4226 2453 4297 praefuere.
2487 4225 2562 4280 Ex
2620 4226 2705 4281 his
2741 4226 2842 4282 fuit
2882 4227 3146 4295 Manlius;
3191 4230 3278 4285 cui
3330 4242 3572 4296 senator,

2006 4314 2335 4370 Februarius
2369 4317 2608 4374 nomine.
2641 4316 2712 4369 ob
2737 4315 2991 4372 virtutem
3029 4318 3274 4372 bellicam
3307 4319 3576 4383 invidens,

2004 4406 2482 4463 senatusconsulto
2509 4403 2648 4461 Urbe
2671 4423 2794 4461 eum
2821 4409 3043 4478 expulit.
3072 4408 3354 4478 lnterjecto
3381 4409 3576 4465 deinde

2007 4509 2248 4569 tempore
2288 4495 2426 4553 Galli
2464 4497 2604 4552 Urbe
2627 4513 2720 4568 per
2755 4508 2967 4554 noctem
3004 4508 3157 4570 capta
3194 4516 3444 4572 magnam
3479 4502 3576 4556 lio-

2005 4591 2212 4644 minum
2244 4589 2451 4643 cladem
2473 4630 2486 4648 .
2521 4589 2778 4644 vicesima
2826 4591 3030 4646 mensis
3062 4588 3284 4646 Sextilis
3316 4592 3422 4658 die,
3456 4593 3576 4646 edi-

2006 4682 2220 4736 derunt.
2243 4679 2362 4747 Quo
2379 4681 2616 4751 cognito,
2638 4691 2918 4737 senatores
2937 4681 3491 4752 fugieiiteleanlium
3518 4684 3573 4740 in

2000 4774 2258 4827 auxilium
2289 4785 2648 4841 revocarunt;
2695 4775 3072 4842 qui,exercitu
3124 4790 3339 4842 coacto,
3386 4780 3573 4833 hostes

1999 4881 2194 4920 omnes
2242 4865 2540 4920 interemit.
2581 4865 2672 4920 Sic
2719 4865 2890 4920 Roma
2941 4879 3283 4936 recuperata,
3330 4884 3570 4924 mensem

2002 4958 2259 5014 Sextilem
2292 4973 2400 5028 quo
2433 4959 2518 5012 illa
2555 4956 2695 5014 fmde
2737 4969 2890 5029 capta
2936 4960 3064 5014 olim
3092 4960 3286 5027 fuerat,
3318 4964 3570 5029 mutavit,

1997 5051 2267 5107 nefastum
2307 5053 2437 5108 Urbi
2473 5069 2669 5109 nomen
2700 5055 2875 5126 ipsum
2903 5055 3247 5112 declaranda.
3274 5058 3569 5131 Postquam

1995 5145 2189 5200 deinde
2220 5144 2501 5200 inimicum
2541 5145 2898 5203 Februarium
2932 5150 3198 5220 cepisset,
3250 5152 3408 5209 bonis
3451 5168 3570 5208 om-

1996 5240 2158 5296 nibus
2195 5255 2258 5294 ac
2309 5239 2649 5294 vestimentis
2682 5240 2817 5310 ipsis
2841 5255 3062 5297 exutum
3088 5282 3102 5307 ,
3147 5259 3356 5314 querna
3387 5258 3568 5302 storca

1996 5332 2398 5386 circumdatum
2436 5346 2464 5384 a
2513 5330 2788 5386 lictoribus
2805 5333 2937 5387 caedi
2985 5333 3173 5404 jussit,
3205 5354 3222 5388 ι
3257 5336 3438 5408 Apage
3465 5338 3568 5400 sis.

1997 5420 2282 5489 Februari,
2312 5441 2330 5476 ι
2370 5421 2749 5480 clamantibus.
2795 5425 2884 5481 Sic
2922 5424 3066 5483 Urbe
3099 5443 3221 5482 cum
3271 5429 3566 5498 ignominia

1522 5539 1722 5602 Varie;
1765 5538 2078 5601 lectiones
2116 5543 2178 5598 et
2213 5543 2406 5606 notae.

389 5654 434 5684 "
462 5654 510 5706 δ.
544 5653 702 5706 αὐτοὶ
744 5649 866 5715 -ὲξ

910 5650 997 5700 ὅτε
1035 5647 1126 5700 τόν
1158 5644 1242 5701 Β¹.
1281 5642 1839 5716 Α⁸⁹ᾼάδελφὸνμάνεῖχε
1867 5639 2074 5716 B‘.__‘°
2109 5637 2448 5716 τῂν-Πυθίαν
2635 5641 2700 5716 ,⁸⁸
2738 5641 2860 5716 οὗτε
2899 5647 2925 5696 ὁ
2965 5645 3135 5716 δῆμος
3176 5644 3262 5700 Bg
3339 5648 3384 5678 οι
3415 5648 3568 5701 ἀδελ,

391 5723 422 5778 ὖ
463 5725 670 5792 Ῥὴμου
721 5721 804 5774 B'.
848 5708 925 5750 ’⁸³
953 5719 1010 5771 '0
1048 5716 1208 5778 αὐτὸς
1249 5713 1340 5767 οὖν
1369 5714 1451 5767 ιιι.
1529 5708 1575 5744 ⁸⁵³
1609 5708 1902 5780 εὑρεθέντα

325 5743 405 5848 Ξῖ.
495 5794 542 5826 ⁸⁸
572 5789 886 5848 ἐπελθόντες
917 5787 1001 5843 B‘.
1079 5787 1123 5822 ⁶⁹
1154 5785 1209 5848 ὃς
1239 5789 1331 5838 καὶ
1388 5783 1707 5848 συναγαγὼν
1739 5780 1821 5836 ιιι.

2005 5712 2039 5764 ⁸.
2116 5708 2247 5761 “ob
2284 5711 2344 5778 δή
2384 5708 2470 5762 B‘.
2545 5711 2592 5742 “
2619 5711 2695 5775 ώς
2722 5714 2975 5784 ἐντίμους
3005 5708 3060 5768 ἐν
3101 5715 3185 5771 B'.
3264 5717 3420 5772 ⁶⁷τόν
3450 5734 3563 5774 om.

2005 5781 2109 5845 τοὺς
2160 5780 2394 5847 Γάλλους
2442 5778 2526 5836 B’.

495 5780 886 5854 ’δ’ὶπελθόντες
917 5787 1001 5843 B‘.
1079 5787 1123 5822 ⁶⁹
1154 5785 1209 5850 ὃς
1239 5789 1331 5838 καὶ
1388 5783 1707 5851 συναγαγὼν
1739 5780 1821 5836 ιιι.

1911 5781 1954 5813 ⁷⁸
1988 5781 2109 5845 τοὺς
2160 5780 2394 5847 Γάλλους
2442 5778 2526 5836 B'.
