4074 6298
546 339 649 400 H3

1746 342 2068 403 GEORGII
2108 342 2319 402 ΗΑΜΛ
2331 342 2554 403 ΒΤΟΙᾸ

3683 341 3782 404 lli

543 462 783 506 attamen
807 450 1058 506 homines
1084 451 1288 521 aliquid
1316 452 1368 504 iu
1417 451 1610 522 seipsis
1640 451 1841 506 habent
1868 454 2099 509 liberum

2218 472 2307 518 νος
2330 455 2424 508 τοῦ
2450 454 2709 522 θανάτου,
2738 457 2907 527 φησὶν
2954 459 2980 510 ὁ
3014 456 3270 527 βασιλεύς
3295 472 3308 485 ·
3347 473 3366 508 ι
3428 454 3570 524 Ἐγὼ
3609 457 3782 527 σήμεο

542 544 810 600 nativitati
837 560 941 596 non
968 544 1260 611 suhjaccns
1279 559 1343 598 eo
1366 545 1507 613 quod
1539 545 1991 611 nativitatejstud
2017 560 2115 599 an-

542 637 747 704 tiquius
765 636 855 699 sit;
880 645 932 687 et
956 633 1086 687 illud
1119 644 1201 687 est
1229 634 1284 686 in
1312 633 1628 689 hominibus
1648 634 1816 688 libera
1849 642 2110 702 potestas,

538 745 661 799 qua:
688 743 719 781 a
761 727 1039 781 Deouohis
1068 727 1192 780 data
1230 740 1335 788 est,
1367 742 1473 795 qua
1498 726 1673 781 brutis
1691 727 2103 796 praestantiores

539 822 657 892 ipsa
699 818 1061 874 interﬁciendi
1098 830 1293 873 natura
1321 818 1591 873 licentiam
1632 820 1918 873 habemus.
1948 818 2113 873 Nobis

536 913 626 982 qui
678 910 849 964 nostri
903 909 1044 975 juris
1103 924 1293 963 sumus
1320 917 1375 962 tu
1410 911 1752 978 pra-stantior
1788 922 1875 974 es,
1911 911 2005 979 qui
2056 911 2110 963 in

538 1016 639 1055 nos
689 999 963 1054 licentiam
1009 999 1197 1053 habes.
1258 998 1727 1063 Quemadmodum
1787 1000 1948 1070 igitur
2010 1015 2110 1055 nos

540 1093 717 1147 brutis
740 1131 756 1157 ,
804 1107 927 1148 cum
978 1091 1228 1147 meliores
1264 1092 1459 1156 simus,
1496 1092 1848 1162 imperamus,
1884 1094 1957 1147 ita
2008 1108 2112 1148 no-

540 1186 650 1246 bis,
688 1194 743 1237 tu
788 1198 916 1249 rex,
962 1197 1087 1237 cum
1140 1184 1486 1253 prastantior
1532 1185 1646 1249 sis,
1685 1184 1839 1251 juxta
1893 1183 2107 1254 imperii

540 1278 805 1332 rationem
839 1277 1113 1331 licentiam
1147 1275 1471 1341 habes,'non
1496 1278 1651 1345 quasi
1686 1284 1738 1329 te
1769 1278 2111 1345 prastantior

536 1371 609 1425 sit
668 1370 866 1433 homo,
921 1368 1014 1421 sed
1064 1368 1205 1421 Deus
1238 1367 1522 1421 invisibilis
1554 1366 1797 1419 otuuiunt
1835 1370 2011 1422 factor
2054 1377 2111 1423 et

537 1462 803 1516 Dominus
834 1475 864 1513 a
912 1474 1025 1529 quo
1082 1459 1211 1528 quid
1258 1458 1507 1529 expediat
1546 1472 1725 1529 petere
1779 1464 2053 1517 convenit.
2082 1482 2100 1514 ι

534 1555 672 1608 Cum
702 1556 871 1607 multa
910 1553 1105 1607 similia
1126 1552 1355 1606 dixisset
1380 1551 1579 1605 Abram
1604 1554 1900 1620 spectantia
1929 1564 2102 1608 astro.

536 1643 731 1711 lugiam
762 1684 776 1708 ,
810 1657 934 1712 rege
977 1642 1343 1711 approbante,
1391 1642 1592 1694 multos
1621 1656 1685 1695 ex
1718 1641 1988 1713 Algyptiis
2032 1654 2108 1699 at-

532 1736 700 1787 traxit
735 1734 800 1787 ad
843 1734 1156 1802 religionem
1187 1740 1244 1786 et
1274 1732 1466 1785 falsam
1500 1747 1689 1785 eorum
1716 1735 2002 1790 scientiam
2037 1737 2105 1792 de

2217 564 2310 617 ρον
2345 549 2535 601 τοῦτον
2564 548 2860 616 ἀπαλλάξω
2882 549 2975 602 τοῦ
2997 549 3083 601 διὰ
3109 547 3281 616 πυρὸς
3313 549 3564 611 θανάτου,
3593 548 3786 602 κελεύ-

2213 656 2313 703 σας
2346 639 2500 695 ὕδατι
2542 641 2709 695 αὐτὸν
2762 642 3147 714 ἀναιρεθῆναι,
3198 644 3290 697 ἵνα
3331 643 3464 714 ὑμίν
3491 644 3640 714 ἔργῳ
3677 659 3789 697 πα-

2214 735 2471 803 ραστήσω
2518 735 2821 807 προδήλως,
2873 737 2957 789 ὅτι
2996 736 3224 791 δύναταί
3285 754 3338 792 τι
3374 740 3527 807 παρὰ
3564 738 3788 808 γένεσιν

2213 825 2488 891 γενέσθαν
2524 844 2544 878 a
2583 827 2678 880 καὶ
2705 827 2878 888 οὕτως
2902 829 3134 902 ήλεγξεν
3164 830 3347 883 αὐτῶν
3385 824 3447 884 εὖ
3496 830 3645 900 μάλα
3686 830 3791 899 τὴν

2212 913 2343 983 περὶ
2370 915 2479 967 τῶν
2515 916 2722 986 χρόνων
2752 919 2882 991 περὶ
2906 919 3005 990 τῆς
3041 920 3185 989 ζωῆς
3216 921 3525 993 πρόρρησιν
3562 924 3659 974 καὶ
3687 917 3791 989 τῆς

2212 1004 2472 1075 τελευτῆς
2518 1008 2816 1077 ἀπόφασιν.
2876 1009 3307 1081 Ἡσυχασάντων
3345 1009 3440 1065 οὖν
3480 1015 3728 1077 πάντων,
3762 1014 3793 1066 6

2216 1099 2439 1172 ’Δθραμ
2461 1101 2556 1154 τοῦ
2586 1101 2768 1171 λέγειν
2793 1102 3030 1173 ἤρξατο·
3070 1122 3087 1155 ι
3122 1104 3364 1172 Μέγιστε
3404 1106 3497 1157 καὶ
3548 1105 3790 1175 φιλαλη-

2212 1192 2440 1246 θέστατε
2465 1193 2708 1263 βασιλεῦ,
2732 1193 2923 1264 ἐπειδὴ
2949 1193 3062 1266 6ρῶ
3092 1211 3152 1247 σε
3179 1196 3534 1266 φροντίζοντα
3576 1198 3793 1268 σφόδρα

2209 1286 2309 1355 τῆς
2339 1280 2710 1357 προκειμένης
2739 1285 3050 1358 ζητήσεως,
3084 1287 3144 1341 τὸ
3171 1288 3536 1358 ἀληθέστερον
3562 1291 3677 1357 ἐγώ
3708 1305 3794 1343 σοι

2214 1376 2436 1448 παρέξω
2490 1376 2559 1431 δι’
2620 1378 2917 1448 ἐπιτομῆς,
2955 1378 3243 1449 ἀληθεύων
3275 1381 3335 1433 ὲν
3357 1382 3546 1446 πᾶσιν,
3576 1381 3651 1444 ὼς
3688 1380 3794 1451 τῆς

2215 1469 2477 1539 ἀληθείας
2504 1470 2675 1535 ὅντως
2710 1470 2916 1534 δοῦλος.
2947 1491 2967 1523 ι
3005 1470 3112 1525 Τοῦ
3135 1471 3190 1524 δὲ
3219 1472 3488 1543 βασιλέωε
3510 1472 3791 1538 ἀπόντος

2220 1580 2239 1612 ι
2280 1563 2543 1634 Μεγάλην
2577 1580 2666 1632 μοι
2706 1562 2911 1634 ταύτην
2955 1567 3209 1635 ποιήσεις
3268 1568 3449 1638 χάριν,
3491 1584 3511 1618 ο
3561 1568 3740 1636 φησὶν
3766 1567 3796 1619 ὁ

2218 1653 2442 1724 Ἀϐραμ
2466 1671 2480 1686 ο
2506 1674 2523 1706 ι
2553 1653 2629 1707 Οὐ
2655 1656 2815 1723 μόνον
2843 1656 2892 1708 oi
2917 1656 3220 1725 ἄνθρωποι,
3240 1658 3377 1711 ἀλλὰ
3395 1658 3493 1711 καὶ
3516 1658 3586 1711 τὰ
3613 1659 3797 1726 ἄλογα

2214 1745 2329 1809 ζῶα
2357 1746 2567 1810 γενέσει
2600 1747 2916 1799 ὑπόκεινται
2941 1761 2955 1775 °
2985 1748 3036 1799 οί
3079 1749 3264 1817 μέντοι
3288 1749 3568 1818 ἄνθρωποι
3597 1749 3795 1821 ἔχουσί

535 1825 827 1893 astrologia
876 1834 931 1877 et
964 1823 1139 1892 magia
1189 1823 1499 1877 emendavit
1527 1824 1749 1879 dicens;
1798 1846 1817 1876 ι
1851 1828 2103 1898 Magnum

2214 1854 2269 1888 τι
2300 1838 2358 1889 ιν
2385 1838 2601 1899 ἑαυτοῖς
2642 1836 2947 1907 ἐλεύθερον,
2995 1841 3213 1904 γενέσει
3258 1839 3335 1908 μὴ
3386 1840 3789 1909 ὑποκείμενον,

535 1916 831 1971 discrimen
875 1926 993 1978 est,
1027 1929 1098 1989 κο
1145 1913 1266 1976 viri,
1344 1914 1483 1967 inter
1542 1918 1824 1969 veritatem
1874 1928 1928 1971 et
1965 1934 2100 1973 con-

530 2011 869 2063 suetudinem
896 2022 913 2069 ;
944 2005 1142 2059 veritas
1173 2006 1341 2069 enim,
1372 2020 1497 2059 cum
1552 2007 1765 2061 sincere
1816 2010 2100 2078 queritur,

529 2101 753 2153 omnino
806 2097 1121 2163 invenitur;
1177 2097 1516 2151 consuetudo
1574 2111 1701 2151 vero
1746 2100 1862 2154 sive
1907 2116 2104 2157 secun-

528 2195 658 2245 dum
711 2193 1019 2257 veritatem,
1065 2190 1179 2245 sive
1229 2192 1529 2245 secundum
1570 2188 1907 2258 falsitatem,
1965 2196 2103 2251 citra

525 2283 794 2354 judicium
868 2298 962 2353 per
1033 2282 1267 2350 seipsam
1325 2281 1720 2348 confirmatur,
1782 2292 1837 2337 et
1883 2285 1976 2351 qui
2042 2287 2105 2339 il-

531 2378 641 2433 iam
696 2377 934 2447 suscepit
984 2392 1053 2430 ne
1120 2376 1343 2429 veritate
1412 2379 1632 2443 quidem
1691 2377 1928 2447 gaudet,
2001 2396 2102 2436 nec

532 2473 670 2530 falso
698 2473 1047 2546 indignatur;
1084 2487 1192 2525 non
1223 2472 1370 2525 enim
1416 2471 1643 2541 judicio,
1680 2473 1774 2527 sed
1808 2474 2097 2544 anticipata

532 2567 814 2636 opinione,
842 2566 890 2620 is
912 2579 1173 2619 assensus
1193 2573 1277 2619 est
1297 2566 1579 2618 sententia:
1626 2579 1815 2619 eorum
1849 2568 1941 2637 qui
1972 2577 2097 2623 aute

531 2674 590 2713 se
608 2658 848 2722 fuerunt,
873 2656 1091 2712 incerta:
1110 2657 1340 2711 fortuna:
1356 2671 1454 2711 sua
1480 2658 1653 2729 ipsius
1671 2674 1765 2729 spe
1785 2662 2102 2716 commissa.

531 2747 716 2821 Neque
748 2748 861 2819 jam
894 2747 1052 2803 facile
1105 2748 1339 2816 patrium
1383 2747 1655 2817 deponere
1689 2750 2096 2815 vestimentum,

530 2842 658 2897 licet
716 2854 941 2912 prorsus
997 2841 1047 2894 ei
1103 2852 1437 2896 monstretur
1492 2843 1783 2897 stultitiam
1837 2844 1939 2899 hoc
1980 2860 2106 2901 esse

533 2934 646 2989 risu
683 2934 924 3004 dignam.
966 2931 1227 3001 bquidem
1260 2932 1378 2987 sine
1409 2947 1557 2988 mora
1595 2934 1733 2989 hanc
1766 2949 2102 3004 paganorum

529 3024 874 3095 disciplinam
922 3033 977 3080 et
1027 3025 1391 3094 nugacitatem
1427 3025 1552 3079 mali
1598 3025 1867 3081 daemonis
1918 3028 2102 3096 perni-

530 3118 898 3174 ciosissimam
932 3116 1334 3188 suggestionem
1371 3131 1491 3171 esse
1520 3116 1678 3181 dico;
1710 3119 1929 3187 quidam
1959 3122 2100 3172 enim

2212 1927 2405 1981 καθότι
2431 1926 2533 1995 τῆς
2562 1929 2828 1994 γενέσεως
2848 1930 3029 1982 ἐκεῖνο
3052 1932 3447 2003 πρεσϐύτερον,
3477 1932 3617 2003 ὅπερ
3641 1933 3797 1986 ἐστὶν

2209 2018 2267 2069 ἐν
2302 2016 2611 2086 ἀνθρώποις
2641 2019 3078 2090 αὐτεξονσιότης,
3131 2021 3256 2090 ἥτις
3278 2024 3351 2074 εκ
3383 2022 3521 2076 Θεοῦ
3567 2022 3796 2077 δοθεῖσα

2212 2110 2367 2176 ἡμῖν,
2402 2107 2525 2160 ὅθεν
2579 2110 2690 2161 τῶν
2723 2110 2938 2177 ἀλόγων
2981 2112 3272 2182 κρείττους
3326 2114 3481 2177 ὄντες
3529 2117 3628 2168 καὶ
3663 2116 3792 2169 κατ’

2211 2198 2465 2263 ἐξουσίαν
2535 2202 2784 2269 ἀναιρεῖν
2837 2203 2940 2269 μεν
3003 2203 3167 2271 ἡμεῖς
3220 2204 3363 2257 αὐτὰ
3429 2204 3792 2275 πεφύκαμεν·

2218 2292 2377 2362 ἡμῶν
2439 2291 2497 2344 δὲ
2536 2293 2636 2362 τὴν
2701 2290 2949 2355 ἐξουσίαν
2984 2293 3167 2346 αὐτῶν
3213 2295 3472 2363 ἐχόντων,
3505 2295 3571 2349 σὺ
3622 2296 3795 2351 πάλιν

2210 2385 2475 2456 κρείττων
2502 2383 2549 2417 ’⁸
2573 2385 2858 2453 ὑπάρχεις,
2891 2383 3050 2453 ἡμῶν
3080 2384 3219 2454 ἔχων
3250 2386 3349 2454 τὴν
3378 2386 3653 2453 ἐξουσίαν.
3702 2388 3795 2450 Ὧς

2207 2474 2301 2533 οὖν
2371 2479 2534 2547 ἡμεῖς
2583 2478 3095 2549 καταλογικὼτερον
3160 2475 3271 2531 τῶν
3340 2478 3553 2546 ἀλόγων
3600 2478 3791 2546 ζώων,

2208 2571 2432 2642 ἄμεινον
2461 2568 2639 2634 ὄντες,
2683 2570 2951 2640 ἄρχομεν,
2991 2572 3167 2633 οὕτως
3202 2574 3231 2641 ἡ
3244 2571 3364 2641 μῶν
3397 2573 3487 2636 σὺ,
3521 2572 3795 2642 βασιλεῦ,

2207 2656 2476 2730 κρείττων
2523 2658 2567 2690 ¹’
2622 2660 2905 2730 ὑπάρχων,
2961 2664 3101 2713 κατὰ
3134 2661 3229 2715 τὸν
3273 2661 3375 2731 τῆς
3410 2662 3583 2732 ἀρχῆς
3624 2661 3796 2730 λόγον

2207 2754 2308 2819 τὴν
2337 2752 2587 2816 ἐξουσίαν
2633 2752 2801 2821 ἔχεις,
2834 2751 3027 2822 ὥσπερ
3064 2752 3129 2823 δὴ
3157 2751 3252 2805 καὶ
3302 2753 3397 2806 σού
3440 2756 3716 2822 κρείττων
3748 2755 3798 2787 ⁸³

2206 2846 2310 2897 ούκ
2345 2843 2657 2915 ἄνθρωπος,
2686 2845 2804 2898 ἀλλ’
2831 2847 2859 2898 ὁ
2884 2844 3017 2907 Θεὸς
3065 2846 3093 2898 ὁ
3127 2846 3361 2914 ἀόρατος
3406 2845 3503 2898 καὶ
3551 2845 3796 2917 ποιητὴς

2207 2936 2428 2990 πάντων
2457 2936 2553 2989 καὶ
2579 2936 2873 3007 δεσπότης.
2901 2934 3035 3004 παρ’
3058 2928 3120 2988 οὗ
3153 2936 3246 2988 καὶ
3273 2935 3333 2989 τὸ
3364 2934 3652 3008 συμφέρον
3701 2937 3798 2990 cl-

2205 3025 2419 3079 τείσθαι
2473 3029 2763 3097 προσήκει.
2808 3044 2826 3077 ι
2865 3024 3042 3080 Πολλὰ
3079 3025 3137 3078 δέ
3188 3040 3246 3095 γε
3290 3025 3515 3080 τοιαῦτα
3563 3028 3733 3093 λέξας
3760 3030 3795 3082 ὁ

2210 3119 2434 3188 Ἀϐραμ
2475 3121 2556 3182 είς
2586 3119 2679 3171 τὸν
2711 3119 2809 3187 τῆς
2838 3118 3199 3189 ἀστρολογίας
3228 3119 3429 3172 σκοπὸν
3459 3119 3536 3188 τῷ
3567 3118 3797 3188 βασιλεῖ

530 3228 596 3267 ex
644 3212 751 3266 illis
784 3211 987 3265 multos
1015 3210 1149 3264 deos
1185 3209 1607 3265 introduxerunt
1639 3222 1693 3265 et
1724 3214 1822 3265 hos
1858 3215 1992 3265 viles
2048 3224 2101 3265 et

2210 3183 2595 3282 χαριζδμενος,
2638 3183 2868 3275 πολλοὺς
2912 3183 3023 3265 cti
3068 3183 3391 3279 ⁸λίγυιιττίων
3430 3183 3795 3266 ἐπεσπάσατο

533 3303 791 3360 omnibus
825 3301 1216 3372 cupiditatibus
1280 3302 1515 3369 deditos,
1565 3312 1625 3356 ut
1665 3306 1848 3359 volens
1903 3307 2103 3373 aliquis

2210 3306 2290 3365 εἰς
2343 3302 2681 3369 θεοσέϐειαν,
2741 3301 2841 3355 καὶ
2861 3301 2960 3372 τὴν
3009 3301 3364 3372 ἐσφαλμένην
3417 3300 3553 3374 (10⁸)
3600 3302 3793 3356 αὐτῶν

532 3396 734 3451 similia
787 3410 953 3466 agere
1012 3408 1120 3448 non
1154 3396 1463 3458 erubescat,
1511 3396 1651 3463 quod
1701 3396 1938 3451 lt0minis
1976 3413 2103 3465 pru-

2210 3394 2409 3461 γνῶσιν
2444 3396 2540 3446 καὶ
2580 3394 2834 3447 παιδείαν
2862 3395 2993 3464 περὶ
3027 3394 3388 3465 ἀστρολογίας
3418 3395 3511 3447 καὶ
3546 3394 3791 3463 μαγείας

535 3488 711 3559 prium
735 3498 821 3543 est
846 3488 1125 3556 exemplar
1171 3487 1378 3542 habens
1409 3489 1703 3557 pessimam
1756 3498 1810 3542 et
1869 3488 2104 3542 inhone-

2210 3483 2553 3555 διωρθώσατο
2589 3485 2812 3552 φάσκων
2832 3502 2846 3515 ·
2888 3504 2905 3537 ι
2947 3484 3124 3554 Πολλή
3153 3503 3259 3549 τις,
3294 3479 3340 3539 ὧ
3368 3486 3582 3557 ἄνδρες,
3609 3489 3643 3556 ἠ
3669 3485 3792 3541 δια·

539 3589 679 3634 stam
725 3580 893 3633 vitam
930 3578 1197 3633 falsorum
1227 3578 1443 3633 illorum
1474 3581 1723 3641 deorum,
1782 3580 2104 3649 sublatoque

2210 3578 2349 3646 φορά
2379 3579 2525 3629 ἐστιν
2558 3576 2817 3646 ἀληθείας
2849 3578 2941 3629 καὶ
2972 3575 3293 3647 συνηθείαςο
3323 3578 3355 3647 ὴ
3393 3578 3492 3648 μὲν
3514 3578 3624 3649 γὰρ
3644 3578 3793 3648 ἁλή-

510 3671 744 3742 λνυιιοτε
798 3686 864 3726 ne
898 3670 1230 3740 poenitentia:
1274 3670 1495 3740 quidem
1549 3685 1702 3742 spem
1732 3670 1824 3724 ille
1878 3672 2105 3724 omnino

2210 3669 2327 3721 θεια
2368 3669 2606 3739 γνησίως
2642 3668 2952 3739 ζητουμένη
2995 3670 3214 3733 πάντως
3249 3670 3589 3739 εὑρίσκεται,
3623 3671 3690 3725 τὸ
3726 3671 3790 3725 δί

532 3766 760 3836 praebet.
795 3762 901 3816 Alii
930 3778 1056 3817 vero
1098 3760 1194 3817 fati
1225 3762 1351 3817 ticto
1384 3777 1595 3829 errore,
1622 3762 1767 3817 aliud
1803 3763 2103 3817 nativitatis

532 3857 754 3909 nomine
786 3856 904 3909 sine
934 3870 1040 3922 qua
1070 3853 1205 3908 nihil
1227 3854 1335 3924 pati
1369 3864 1463 3909 aut
1486 3854 1665 3909 facere
1690 3855 1897 3924 aliquis
1913 3854 2093 3925 possit

534 3948 771 4002 absurde
810 3944 1074 4017 elﬁnguut
1121 3946 1307 4000 ethoc
1341 3945 1460 4016 ipso
1514 3958 1702 4001 errore
1733 3954 1788 4000 et
1829 3946 2105 4017 impietate

531 4039 851 4106 oﬂ‘endunt;
894 4039 941 4093 si
969 4036 1242 4107 putaverit
1272 4036 1419 4092 enim
1458 4037 1658 4108 aliquis
1682 4045 1883 4108 praeter
1908 4040 2106 4092 nativi-

532 4139 719 4194 tatem,
755 4130 871 4185 sive
910 4129 1104 4193 fatum,
1143 4127 1276 4182 nihil
1305 4127 1585 4183 hominem
1633 4131 1742 4199 pati
1768 4138 1863 4183 aut
1927 4128 2106 4185 facere

532 4238 714 4296 posse,
751 4221 907 4277 facile
933 4220 1235 4290 pecudibus
1263 4220 1459 4276 similis
1484 4220 1551 4275 ad
1584 4230 1806 4292 peccata
1833 4222 2101 4277 deﬂectet.

532 4313 601 4367 Et
631 4322 755 4383 post
795 4319 1014 4381 peccata
1039 4324 1145 4363 non
1185 4310 1335 4363 illum
1367 4314 1595 4380 panitet
1650 4311 1968 4381 impietatis.
2001 4327 2103 4366 cx-

2206 3757 2325 3821 ῑθος
2342 3762 2524 3812 ὁποῖον
2552 3758 2617 3812 ἂν
2642 3758 2975 3830 παραληφθῇ
3008 3761 3118 3812 είτε
3142 3757 3380 3830 ἀληθῶς,
3406 3759 3517 3812 εἴτε
3544 3759 3787 3825 ψευδῶς,

2205 3850 2447 3921 ἀκρίτως
2503 3852 2593 3920 ὑφ’
2632 3848 2831 3909 ἑαυτοῦ
2889 3850 3245 3920 κρατύνεται,
3270 3849 3367 3903 καὶ
3412 3849 3535 3904 οὕτε
3588 3850 3793 3923 ἀληθεῖ

2206 3942 2357 4013 αύτῷ
2385 3942 2427 3973 ³¹
2460 3944 2648 4013 ἥδεται
2678 3945 2706 3995 ὁ
2731 3942 3091 4013 παραλαϐὼν,
3119 3940 3232 4013 69
3256 3941 3381 3996 οὔτε
3399 3941 3476 4006 ὡς
3506 3941 3707 4012 ψευδὲς
3737 3944 3787 3978 ⁸³

2206 4032 2433 4102 ἄχθεται
2461 4048 2476 4063 ·
2512 4032 2574 4085 ού
2609 4034 2719 4101 γὰρ
2750 4031 2955 4102 κρίσει,
2988 4030 3127 4085 ἀλλὰ
3177 4031 3450 4102 προλήψει
3478 4033 3507 4085 δ
3538 4031 3789 4097 τοιοῦτος

2208 4123 2541 4178 πεπίστευκε
2569 4122 2765 4197 γνώμῃ
2789 4124 2900 4178 τῶν
2956 4123 3065 4194 πρὸ
3104 4121 3293 4185 αὑτοῦ,
3315 4123 3405 4178 tu‘
3426 4122 3607 4195 ἀδήλῳ
3641 4124 3789 4199 τύχῃ

2206 4219 2307 4289 τὴν
2340 4218 2478 4273 ίδίαν
2531 4218 2879 4281 ἐπιδεδωκὼς
2930 4219 3147 4274 ἱλπίδα.
3187 4217 3302 4270 Καὶ
3335 4219 3523 4271 οὐκέτι
3576 4217 3786 4287 ῥᾳδίως

2206 4312 2584 4367 ἀποδύσασθαι
2615 4312 2713 4384 τὴν
2731 4314 2960 4381 πάτριον
2986 4310 3305 4382 περιϐολὴν,
3330 4311 3436 4364 κᾶν
3457 4311 3600 4363 πάνυ
3628 4308 3787 4378 αὐτῷ

530 4406 870 4461 eusatiouem
923 4401 1215 4456 absurdam
1272 4401 1584 4465 habentem,
1642 4401 1927 4457 nativitate
1948 4418 2010 4457 se
2036 4402 2101 4456 ad

2210 4406 2482 4459 δείκνυται
2544 4406 2725 4475 μωρία
2777 4405 2871 4457 καὶ
2924 4403 3333 4471 καταγέλαστος
3364 4399 3523 4458 οὖσα.
3572 4400 3789 4455 Λύτίκα

532 4499 635 4553 ista
676 4494 921 4550 facienda
961 4504 1234 4547 coactum.
1281 4489 1553 4547 Caeterum
1619 4492 1712 4561 qui
1760 4493 2101 4548 nativitatem

2210 4498 2300 4551 οὖν
2326 4497 2437 4565 ἐγὼ
2469 4496 2566 4567 τὴν
2591 4498 2722 4567 παρ’
2759 4496 3031 4566 Ἐλλήνων
3056 4494 3308 4549 παιδείαν
3338 4495 3434 4547 καὶ
3473 4492 3790 4563 φληναφίαν

530 4590 807 4659 corrigere
834 4585 1042 4656 nequit,
1061 4585 1207 4639 hunc
1230 4598 1338 4639 non
1364 4584 1530 4653 pudet
1552 4599 1827 4653 peccasse.
1850 4585 1956 4640 Alii
1971 4600 2099 4642 vero

2210 4588 2384 4642 κακοῦ
2408 4587 2664 4659 δαίμονος
2690 4587 3089 4657 χαλεπωτάτην
3120 4586 3379 4640 ὑπόθεσιν
3422 4580 3564 4637 εἶναι
3592 4583 3744 4653 λέγω
3768 4599 3785 4612 ·

530 4680 903 4737 inconsultum
938 4677 1231 4748 impulsum
1284 4677 1569 4741 inducunt,
1615 4678 1858 4733 dicentes
1914 4682 2099 4734 omnia

2210 4683 2260 4737 οί
2293 4683 2391 4753 μὲν
2445 4681 2555 4753 γὰρ
2584 4680 2766 4734 αὐτῶν
2799 4680 3029 4743 πολλοὺς
3079 4678 3236 4741 θεοὺς
3275 4676 3640 4748 είσηγήσαντο
3684 4676 3788 4728 καὶ

530 4783 735 4827 temere
762 4769 1065 4825 consistere
1086 4777 1140 4822 et
1168 4767 1296 4821 ferri
1340 4767 1489 4822 nullo
1540 4767 1767 4836 iuvante
1791 4769 2017 4824 domino
2046 4781 2102 4824 et

2210 4775 2433 4838 τούτους
2454 4773 2694 4842 φαύλους
2724 4774 2821 4827 καὶ
2860 4771 3249 4835 παντοπαθείς,
3293 4770 3381 4824 ἵνα
3430 4771 3460 4823 ὁ
3513 4769 3583 4822 τὰ
3616 4768 3785 4837 ὃμοια

531 4875 763 4921 rectore.
802 4862 1009 4918 Idcirco
1026 4861 1169 4917 haud
1189 4860 1368 4927 facile,
1384 4877 1451 4916 ne
1470 4862 1647 4917 dicam
1669 4878 1972 4932 nunquam,
2008 4866 2099 4933 qui

2210 4867 2471 4937 πράττειν
2498 4864 2698 4919 ἐθέλων
2741 4864 2876 4936 μηδὲ
2903 4863 3117 4935 αίδῆται
3148 4864 3215 4929 ³⁸,
3242 4862 3379 4933 ὅπερ
3403 4861 3536 4917 tam
3564 4862 3782 4929 ἀνθρώ-

532 4959 658 5012 talia
694 4958 937 5011 sentiunt
968 4954 1329 5011 emendantur
1357 4963 1413 5010 et
1440 4954 1506 5007 ad
1562 4955 1884 5023 sapientiam
1940 4955 2103 5009 redu-

2211 4973 2338 5023 που,
2374 4957 2727 5027 παράδειγμα
2761 4957 2871 5011 τῶν
2920 4955 3408 5027 μυθολογουμένων
3457 4954 3597 5008 θεων
3638 4953 3784 5023 ἔχων

532 5054 757 5100 cuntur.
781 5064 800 5096 ι
834 5043 941 5100 Rex
971 5057 1296 5115 magnopere
1317 5042 1556 5098 laudavit
1585 5059 1731 5107 eum,
1754 5042 1824 5097 ab
1850 5044 2105 5099 omnibus

2210 5049 2334 5113 τοὺς
2361 5048 2657 5113 κακίστους
2686 5050 2779 5102 καὶ
2806 5050 3085 5121 ἀσέμνους
3113 5047 3288 5118 βίους,
3331 5047 3412 5117 τῷ
3440 5048 3487 5081 ³⁵
3515 5046 3574 5101 δὲ
3600 5046 3676 5117 μὴ
3706 5048 3785 5098 ai-

532 5138 795 5208 siquidem
832 5138 884 5192 in
919 5136 1280 5192 admiratione
1309 5136 1495 5190 haberi
1528 5134 1733 5198 ridens,
1764 5144 1812 5188 et
1852 5134 2103 5189 maximis

2210 5140 2417 5197 δεῖσθαι
2450 5140 2572 5195 οὐδὲ
2606 5142 2900 5211 μετανοίας
2948 5140 3143 5195 ἐλπίδα
3204 5139 3425 5204 πάντως
3465 5138 3496 5193 δ
3534 5137 3782 5201 τοιοῦτος

1720 5388 1914 5450 Variae
1943 5388 2249 5454 lectiones
2293 5400 2354 5455 et
2397 5400 2588 5457 nota).

603 5621 645 5651 "
678 5620 919 5691 κρεῖττον
957 5617 1079 5671 cod.
1156 5620 1199 5651 "
1235 5621 1481 5689 κρεῖττον
1528 5622 1649 5676 cod.
1737 5621 1781 5653 ”
1815 5625 2060 5691 κρεῖττον
2094 5624 2212 5679 cod.

603 5624 645 5651 "
678 5624 919 5688 κρεῖττον
957 5624 1079 5671 cod.
1156 5624 1199 5651 "
1235 5624 1481 5689 κρεῖττον
1528 5624 1649 5676 cod.
1737 5624 1781 5653 "
1815 5625 2060 5691 κρεῖττον
2094 5638 2107 5677 ‹

538 5691 665 5745 (ted.
746 5688 791 5720 "
828 5691 885 5743 τό
925 5692 1047 5743 cod.

2210 5665 2212 5674 ,
2306 5624 2347 5657 “
2379 5625 2535 5696 ἁληθ.
2572 5628 2731 5683 αὐτόν
2776 5631 2898 5686 cod.

559 5718 665 5745 ἓυυ-
751 5718 785 5720 ή⁷
838 5718 885 5743 U'l
925 5718 1047 5743 Ulllla

2990 5632 3033 5665 ⁸⁸
3067 5630 3237 5703 ψευδῆ
3274 5634 3396 5690 cod.
3474 5635 3516 5668 ⁸³
3551 5634 3777 5691 αἰδεῖται
