4042 6282
297 362 394 426 251

1531 364 2001 429 CHBONICON.
2040 389 2108 404 -
2149 365 2297 426 LIB.
2339 365 2425 425 II.

3482 360 3591 424 258

310 483 374 533 τά
404 477 432 534 ι’
492 482 803 554 σκῆπτρειο
842 485 936 537 καὶ
981 483 1071 535 δύο
1129 485 1384 553 σκῆπτρα
1430 480 1589 535 δώσω
1623 478 1773 550 αύτῷ
1815 478 1905 532 διά

2017 477 2303 546 dentiaque
2357 477 2557 546 dignus
2597 475 2805 531 caelesti
2883 473 3210 537 astimatus,
3261 483 3450 545 postea
3502 475 3596 532 ille

323 573 478 628 Δαυῖδ
496 575 592 627 τὸν
628 575 823 628 δοῦλόν
849 593 950 646 μου
977 576 1065 629 καὶ
1102 574 1465 646 Ἰερουσαλὴμ
1493 573 1591 644 τὴν
1626 570 1783 644 146
1813 572 1911 625 πό-

321 662 397 716 λιν
429 680 560 733 μου,
590 664 664 736 ἢν
687 664 1029 736 ἐξελεξάμην
1057 667 1122 719 ὲκ
1152 664 1344 718 πατῶν
1375 664 1423 697 ’⁸
1454 664 1637 733 φυλῶν
1665 662 1909 734 Ἰσραὴλ,

323 754 438 809 ἀνθ’
468 749 546 808 ὢν
580 756 947 824 εγκατὲλειπέ
982 775 1048 827 με
1083 758 1179 810 καὶ
1213 756 1493 811 ἐδούλευσε
1520 759 1585 824 τῇ
1614 756 1912 828 Ἀστάρτῃ,

327 845 659 916 βδελύγματι
692 848 987 914 Σιδωνίων,
1008 849 1104 903 καὶ
1123 848 1202 918 τῷ
1225 847 1455 920 Χαμὼς,
1485 846 1691 917 εἰδώλῳ
1715 847 1912 913 Mutati,

323 940 416 991 καὶ
468 939 547 1008 τῷ
611 939 876 1010 Μελχὼμ,
933 939 1378 1012 προσοχθίσματι
1435 939 1568 993 υἱῶν
1635 938 1838 1010 Ἀμών.
1889 956 1908 991 ι

325 1031 470 1098 "(7)
521 1032 585 1084 Ἠ
617 1031 717 1102 μὲν
764 1029 1157 1103 οὖν’Δστάρτη
1214 1033 1366 1085 ἐστὶν
1415 1034 1449 1103 ἡ
1497 1029 1629 1103 παρ’
1657 1031 1915 1099 Ἕλλησιν

335 1108 629 1193 Ἀφροδίτη
660 1122 932 1194 λεγομένη
959 1124 1046 1195 (ἐκ
1076 1121 1171 1177 τοῦ
1219 1123 1421 1195 ἄστρου
1466 1124 1564 1194 τὴν
1595 1124 1914 1194 ἐπωνυμίαν

321 1216 690 1284 πεποιηκόσιν
717 1217 730 1247 ⁸
763 1232 775 1247 °
814 1215 985 1284 αὐτῆς
1023 1216 1134 1288 γάρ
1162 1212 1302 1270 εἶναι
1325 1217 1418 1270 τὸν
1468 1216 1781 1288 Ἑωσφόρον
1813 1233 1917 1286 μυ-

322 1306 690 1377 θολογοῦσιν).
738 1308 796 1363 ’0
821 1309 878 1362 δι
902 1308 1109 1380 Χαμὼς
1132 1309 1253 1374 θεὸς
1281 1305 1350 1380 ἧν
1381 1308 1620 1379 Τυρίων.
1655 1310 1703 1379 (ι
1743 1307 1834 1377 Τῷ
1858 1307 1916 1360 δὲ

321 1399 575 1471 Μελχὼμ
623 1401 1064 1472 προσοχθίσματι
1113 1420 1133 1453 ι
1184 1401 1402 1456 εἴδωλον
1449 1397 1518 1473 ἦν
1568 1403 1666 1455 καὶ
1714 1400 1911 1454 τοῦτο’

325 1490 789 1562 προσοχθίσματα
807 1493 918 1563 γὰρ
949 1495 1044 1546 καὶ
1065 1491 1414 1563 βδελύγματα
1441 1492 1509 1547 τὰ
1535 1492 1729 1546 εῐδωλα
1753 1508 1919 1561 προσο

323 1581 618 1650 αγορεὺειν
674 1581 857 1635 εἰώθει
889 1584 909 1613 ⁸
947 1583 980 1652 ἡ
1029 1583 1246 1653 Γραφὴ,
1284 1583 1420 1653 ὅπερ
1464 1582 1616 1652 δηλοῖ
1655 1583 1718 1637 τὸ
1747 1585 1917 1653 μύσος

320 1674 419 1724 καὶ
470 1673 533 1726 τὸ
580 1673 938 1746 ἀπόϐλητον.)
972 1675 1046 1743 (8)
1078 1674 1365 1745 Θαυμάσει
1439 1673 1538 1744 μέν
1577 1691 1661 1738 τις
1690 1673 1710 1705 ³
1771 1673 1918 1744 μάλα

320 1761 579 1825 εἰκότως,
607 1762 801 1834 ὥσπερ
831 1764 928 1818 επὶ
972 1764 1066 1818 τοῦ
1102 1764 1383 1818 θειοτάτου
1421 1765 1724 1831 Μωῦσέως,
1771 1764 1917 1819 οὕτω

2013 585 2137 624 cum
2198 570 2250 623 in
2301 567 2729 639 indignationem
2799 575 2852 622 et
2910 566 3253 622 iracundiam
3310 567 3596 634 movisset,

2017 661 2106 716 Dei
2155 660 2567 731 promissionem
2620 676 2754 724 non.
2792 660 2863 715 sit
2925 666 3290 727 consecutus;
3345 659 3433 715 hic
3466 675 3597 717 vero

2014 768 2137 805 cum
2178 752 2230 806 in
2272 751 2406 806 iram
2453 750 2812 821 furoremque
2844 750 3141 807 excitasset
3178 764 3326 816 cum,
3355 765 3461 806 non
3499 750 3596 808 ob-

2016 843 2288 898 stantibus
2312 859 2453 913 quos
2482 842 2659 914 primo
2680 843 3022 898 sustinuerat
3052 841 3265 915 magnis
3293 843 3596 908 laboribus.

2016 933 2308 987 damnatus
2342 931 2509 987 fuerit
2539 947 2809 1003 suamque
2845 934 3084 988 animam
3118 933 3450 1003 perdiderit!
3487 930 3592 990 Ubi

2021 1027 2163 1080 enim
2189 1036 2272 1081 est
2302 1027 2442 1097 apud
2488 1025 2656 1081 Deum
2682 1025 2771 1081 illa
2791 1026 3135 1082 familiaritas
3155 1027 3471 1091 etlihertas,
3502 1025 3598 1084 ttLi

2018 1117 2093 1172 illi
2128 1117 2360 1183 labores,
2405 1117 2805 1174 sollicitudines
2834 1129 2886 1173 et
2922 1119 3106 1188 praelia
3138 1118 3312 1175 divini
3343 1117 3548 1193 Moysis
3574 1118 3600 1174 2

2018 1209 2247 1282 Propter
2299 1203 2579 1283 peceatum
2655 1211 2799 1283 quod
2861 1213 3003 1282 apud
3041 1227 3215 1282 aquas
3280 1221 3599 1283 peccaverat

2019 1319 2086 1358 ne
2121 1305 2173 1358 in
2209 1313 2409 1359 terram
2446 1304 2831 1374 promissionis
2861 1303 3093 1360 intraret
3145 1305 3458 1376 prohibitus
3487 1314 3594 1370 est.

2017 1397 2199 1450 statim
2233 1407 2356 1466 post
2391 1405 2671 1467 peccatum
2718 1411 2859 1452 sava
2911 1394 3003 1453 Dei
3036 1399 3292 1453 vindicta.
3344 1395 3452 1456 Ubi
3495 1396 3592 1456 Dei

2020 1488 2073 1542 in
2110 1489 2455 1543 Salomonem
2509 1501 2685 1552 amor,
2732 1489 2948 1560 istaque
2984 1489 3156 1560 gratia
3184 1499 3240 1546 et
3281 1491 3549 1562 sapientia
3573 1492 3599 1546 ?
3679 1533 3682 1536 .

2019 1580 2158 1648 Quid
2211 1580 2431 1649 prodest
2483 1582 2572 1636 illa
2630 1580 2861 1651 plurima
2907 1581 3196 1651 sapientia,
3246 1586 3491 1650 scieut'a,
3541 1593 3597 1641 et

2021 1673 2338 1728 acutissima
2387 1674 2666 1745 cogitatio,
2714 1672 3008 1744 theologis.
3059 1675 3419 1746 physiologia.
3467 1690 3592 1733 eum

2023 1776 2299 1837 postremo
2332 1783 2424 1836 per
2451 1767 2770 1822 muliebrem
2793 1766 3106 1836 cupidinem
3141 1769 3196 1822 in
3229 1768 3594 1826 idololatriam

322 1858 418 1906 xui.
467 1855 564 1906 snt
601 1853 806 1928 [τοῦδε]
865 1855 961 1909 τοῦ
1013 1857 1327 1925 σοφωτάτου
1383 1856 1747 1928 Σολομῶντος,
1797 1858 1914 1922 πῶς

2022 1835 2291 1925 inciderit,
2331 1835 2471 1912 sicut
2503 1859 2649 1913 clare
2681 1835 3041 1914 monstratum
3068 1857 3184 1914 est?
3201 1856 3399 1915 Verum
3420 1861 3598 1917 enim-

319 1944 591 2013 ἑκάτερος
617 1944 800 1998 αύτῶν
821 1946 1088 2016 τοσαύτης
1111 1947 1279 2001 πάλαι
1305 1947 1454 2010 θείας
1481 1946 1639 2016 δόξης
1664 1948 1760 2001 καὶ
1786 1964 1917 2018 προσ

321 2031 566 2102 μηθείας
600 2032 880 2102 ἀξιωθεὶς,
933 2034 1160 2107 ὕστερον
1190 2038 1218 2090 6
1255 2035 1358 2106 μὲν
1405 2037 1486 2102 είς
1536 2036 1916 2107 ἀγανάκτησιν

321 2125 418 2176 καὶ
456 2124 644 2196 λύπην
672 2127 765 2181 τὸν
787 2126 921 2182 Θεὸν
949 2132 1201 2200 κινήσας,
1234 2129 1331 2199 τῆς
1363 2129 1695 2198 ἐπαγγελίας
1726 2129 1918 2196 ἐξέπε-

321 2231 438 2282 σεν,
467 2217 499 2270 6
530 2217 592 2270 δὲ
617 2219 698 2281 είς
728 2219 898 2290 ὀργὴν
923 2220 1018 2274 καὶ
1044 2220 1215 2290 θυμὸν
1233 2220 1396 2274 αύτδν
1421 2219 1692 2294 διεγείρας
1720 2220 1763 2288 ⁸,
1789 2220 1916 2284 τούς

317 2326 378 2362 τε
408 2312 928 2382 προειργασμινους
947 2314 1204 2385 ἀρίστους
1230 2314 1426 2378 πόνους
1445 2315 1616 2388 ἄρδην
1640 2314 1917 2386 ἐζημίωτο

319 2402 417 2454 καὶ
429 2408 537 2472 τὴν
554 2402 736 2473 ψυχὴν
759 2405 1210 2473 προσαπώλεσεν.
1228 2405 1339 2460 [ἰοῦ
1357 2408 1426 2475 γὰ
1434 2423 1465 2478 ρ
1483 2409 1516 2478 η
1535 2406 1762 2478 τοιαύτη
1779 2407 1916 2479 πρὸς

318 2491 455 2545 Θεὸν
475 2495 757 2558 οἰκείωσις
780 2494 877 2548 καὶ
900 2497 1201 2568 παρρησία,
1219 2495 1358 2570 [καὶ]
1374 2498 1424 2551 οί
1441 2497 1685 2552 τοσοῦτοι
1703 2499 1800 2552 καὶ
1820 2514 1916 2571 τη-

319 2583 569 2639 λικοῦτοι
595 2587 769 2650 πόνοι,
800 2587 894 2641 καὶ
932 2588 1115 2654 κόποι,
1146 2589 1241 2643 καὶ
1256 2589 1468 2659 άγῶνες
1502 2589 1595 2644 τοῦ
1624 2588 1913 2646 θεσπεσίου

316 2679 611 2743 ὶίωῦσέως
627 2696 642 2745 ;
663 2679 862 2744 οἵτινες
883 2678 1017 2755 [διὰ]
1033 2681 1130 2754 τὴν
1146 2682 1257 2737 άπδ
1269 2681 1364 2736 τοῦ
1379 2681 1572 2748 ὓδατος
1591 2684 1689 2754 τῆς
1699 2683 1916 2739 ἀντιλο-

318 2773 446 2839 γίας
475 2771 764 2844 ἁμαρτίαν
790 2774 1197 2846 παροραθίντες
1233 2778 1278 2843 ³,
1304 2777 1404 2848 τὴν
1436 2779 1518 2840 είς
1550 2778 1649 2845 τὴν
1684 2777 1788 2849 γῆν
1814 2777 1914 2850 τῆς

319 2865 663 2933 ἐπαγγελίας
691 2865 898 2920 είσοδον
926 2866 1142 2935 ἁθρόως
1169 2869 1198 2921 6
1225 2869 1436 2932 δίκαιος
1459 2870 1557 2923 καὶ
1587 2869 1917 2942 άσυγχωρὴο

322 2973 429 3020 τως
461 2957 834 3027 ἀπεστέρητο,
866 2958 1050 3023 καθὼς
1085 2960 1177 3013 καί
1213 2959 1451 3031 πρόσθεν
1491 2960 1510 2991 ⁸
1537 2961 1775 3033 εἴρηται.
1805 2961 1914 3016 Ποῦ

321 3046 374 3099 δὲ
405 3047 504 3099 καὶ
540 3047 573 3114 ἡ
613 3047 750 3116 πρὸς
783 3047 874 3100 τὸν
910 3048 1233 3118 Σολομῶντα
1276 3049 1394 3103 θεία
1435 3050 1791 3123 φιλοστοργία
1819 3050 1915 3105 καὶ

324 3138 358 3206 ἡ
381 3135 629 3207 τοσαύτη
661 3138 823 3208 χάρις
843 3155 903 3191 τε
925 3139 1020 3192 καὶ
1046 3139 1239 3208 σοφίας
1268 3142 1362 3196 καὶ
1381 3143 1464 3205 τίς
1495 3146 1529 3213 η
1552 3141 1790 3211 ὠφέλεια
1814 3145 1912 3214 τῆς
1939 3184 1986 3248 c

325 3228 531 3300 πολλῆς
563 3230 784 3302 ἐκείνης
807 3231 1130 3303 φρονήσεως
1153 3232 1250 3286 καὶ
1282 3234 1574 3298 συνέσεως.
1608 3234 1703 3287 καὶ
1726 3236 1759 3304 ὴ
1791 3251 1917 3304 προ·

324 3317 572 3372 λαϐοῦσα
615 3320 842 3390 τοιαύτη
889 3319 1286 3390 νηφαλεωτάτη
1317 3321 1497 3376 ιννοια
1539 3321 1635 3374 καὶ
1685 3321 1916 3392 (σοφία),

325 3413 585 3484 θεολογία
622 3417 727 3485 (τε)
780 3415 876 3468 καὶ
911 3414 1256 3485 φυσιολογία,
1283 3413 1514 3485 ἔσχατον
1550 3416 1614 3467 ὲκ
1664 3429 1920 3482 γυναικοο

326 3507 532 3578 μανίας
582 3509 665 3570 εις
699 3507 1095 3578 είδωλομανίαν
1143 3505 1584 3567 εκπεπτωκότος,
1613 3504 1690 3570 ώς
1730 3503 1915 3573 σαφῶς

323 3600 664 3670 δεδήλωταις
703 3598 793 3670 Τῷ
825 3599 942 3653 δντι
977 3599 1086 3669 γὰρ
1125 3599 1278 3652 οὐδὲν
1324 3598 1518 3667 ὄφελος
1555 3615 1573 3649 ε
1614 3593 1916 3670 ἐναρξάμε-

323 3709 414 3747 νον
439 3693 462 3725 ⁷
499 3691 798 3762 πνεύματι,
833 3693 927 3747 καὶ
969 3692 1136 3764 σαρκὶ
1168 3690 1500 3746 επιτελὲσαι.
1536 3708 1554 3742 ι
1594 3689 1672 3760 (9)
1698 3691 1790 3743 Διδ
1826 3690 1919 3743 καὶ

323 3783 883 3854 προασφαλιςόμενος
907 3782 1164 3856 Ἰωάννης
1197 3782 1331 3854 φησί
1358 3783 1381 3815 ⁸
1401 3796 1416 3813 ’
1448 3779 1589 3852 (36-)
1622 3799 1641 3833 ε
1678 3780 1917 3833 Βλέπετε

321 3877 579 3942 ἑαυτοὺς,
606 3876 696 3930 ἵνα
726 3875 802 3947 μὴ
844 3875 1180 3946 άπολείπητε
1210 3874 1246 3929 ἃ.
1274 3873 1631 3946 είργάσασθε,
1657 3870 1796 3926 ἀλλὰ
1829 3889 1918 3938 μι-

324 3969 456 4023 σθδν
487 3970 675 4040 πλήρη
703 3968 1050 4042 ἀπολάϐητεο
1080 3985 1101 4022 s
1137 3970 1196 4022 οὺ
1220 3970 1330 4040 γὰρ
1350 3970 1380 4022 6
1409 3967 1591 4030 καλῶς
1615 3966 1917 4038 ἀρχόμενος

323 4060 422 4114 καὶ
440 4059 632 4124 κακῶς
658 4061 1082 4134 μετερχόμενος,
1100 4077 1256 4123 ουτος
1279 4059 1508 4124 τέλειος,
1540 4059 1655 4112 ἀλλ’
1681 4063 1709 4113 6
1734 4057 1916 4122 καλῶς

323 4154 670 4225 ἀποθέμενος
689 4155 784 4208 καὶ
808 4153 1115 4226 θεαρέστως
1137 4152 1494 4224 διαπεράνας,
1517 4151 1785 4222 επείιιτερ⁹
1808 4169 1826 4202 t
1854 4148 1918 4204 '0

2018 1948 2160 2020 vero:
2178 1950 2324 2004 nulla
2363 1949 2569 2006 utilitas
2609 1968 2626 2001 ι
2662 1951 2707 2004 si
2749 1950 2948 2020 spiritu
2983 1952 3283 2021 (πωροι-ἱεὶς,
3341 1961 3398 2006 ut
3427 1966 3595 2017 carne

2014 2040 2492 2096 consummemiui.
2522 2059 2542 2093 ι
2577 2040 2765 2111 Itaque
2787 2055 2909 2098 sese
2930 2043 3315 2100 commttuiens
3355 2040 3598 2102 Joannes

2014 2131 2187 2186 dicit:
2241 2150 2258 2182 ε
2315 2131 2591 2199 Respicite
2628 2132 2987 2203 vosmetipsos
3026 2149 3096 2190 ne
3127 2135 3444 2206 relinquatis
3471 2151 3595 2209 qua

2015 2223 2221 2293 operati
2250 2223 2403 2286 estis,
2423 2224 2516 2278 sed
2539 2223 2840 2280 mercedem
2861 2225 3073 2297 plenam
3093 2227 3388 2298 rec’piatis.
3413 2245 3434 2282 ε
3459 2226 3592 2287 Nam

2014 2329 2124 2367 non
2156 2313 2242 2369 ille
2274 2315 2366 2384 qui
2407 2314 2546 2369 bene
2588 2314 2818 2385 ceperit
2849 2324 2904 2371 et
2943 2318 3086 2373 male
3127 2319 3597 2382 consumtttavcrit

2015 2403 2290 2472 perlectus
2313 2412 2419 2468 est,
2457 2406 2551 2460 sed
2585 2406 2677 2475 qui
2703 2406 2841 2462 bene
2871 2407 3162 2479 incipiens,
3183 2411 3484 2468 secundum
3515 2411 3590 2470 le-

2014 2509 2132 2566 gem
2174 2495 2265 2550 Dei
2287 2498 2772 2553 consummaverit.
2813 2515 2831 2550 ι
2866 2494 3002 2553 Nam
3042 2499 3136 2570 qui
3168 2507 3597 2570 perseveraverit

2016 2602 2186 2658 usque
2210 2588 2264 2642 in
2294 2589 2478 2653 linem,
2515 2588 2604 2642 hic
2633 2588 2818 2643 salvus
2848 2591 2973 2644 erit.
3009 2605 3028 2642 ι
3072 2589 3248 2658 Unde,
3278 2601 3334 2647 ut
3362 2607 3460 2663 par
3485 2604 3594 2662 est,

2015 2679 2309 2735 edocetnur
2349 2695 2417 2735 ne
2481 2680 2697 2736 beatum
2758 2681 3006 2739 dicamus
3071 2682 3348 2739 hominem
3393 2695 3600 2744 temere

2015 2780 2141 2827 ante
2161 2780 2390 2827 mortem
2421 2771 2538 2840 ejus
2561 2814 2586 2837 ,ν
2607 2785 2674 2826 eo
2699 2775 2844 2843 quod
2871 2776 3052 2830 exitus
3099 2774 3219 2845 ejus
3245 2784 3301 2832 et
3341 2791 3600 2835 consum-

2017 2863 2190 2919 ntatio
2213 2865 2330 2933 ejus
2360 2865 2542 2933 ignota
2567 2873 2720 2920 sunt.
2742 2862 2842 2931 Qui
2867 2867 3012 2920 enim
3038 2867 3103 2921 ad
3124 2883 3266 2924 Viam
3289 2869 3601 2941 iniquitatis

2017 2958 2168 3028 proni
2190 2965 2311 3012 sunt
2325 2994 2343 3021 ,
2364 2965 2567 3011 avertet
2588 2972 2683 3012 eos
2708 2955 2971 3013 Dominus
2988 2973 3111 3012 cum
3125 2963 3478 3030 cperantibtts
3497 2962 3602 3018 ini-

2016 3048 2299 3118 quitatem.
2322 3047 2472 3102 Multi
2498 3058 2626 3102 sunt
2646 3050 2737 3118 qui
2757 3063 2880 3102 cum
2906 3048 3083 3118 primo
3101 3050 3524 3109 ambulaverunt
3541 3054 3596 3111 in

2018 3138 2233 3193 virtutis
2259 3139 2365 3202 via,
2383 3137 2746 3207 maximisque
2760 3139 3054 3194 virtutibus
3069 3141 3402 3206 ettituerunt,
3423 3143 3598 3212 prima

2020 3229 2204 3285 suhito
2231 3229 2532 3286 oﬂ'ensionc
2563 3238 2766 3286 cadunt
2807 3231 2964 3286 ruina
3012 3229 3242 3287 terribili
3279 3232 3600 3308 iethaliquc.

2020 3320 2169 3378 Talis
2195 3331 2315 3377 erat
2347 3324 2650 3379 monachus
2679 3325 2769 3380 ille
2797 3325 2863 3380 ad
2903 3339 3067 3396 quem
3099 3340 3331 3396 magnus
3364 3327 3600 3387 Basilius

2020 3413 2133 3470 haec
2155 3415 2428 3469 scribebat
2459 3432 2474 3469 :
2516 3433 2534 3468 I
2568 3415 2718 3472 Eheu
2741 3415 2872 3486 quid
2897 3418 3159 3480 scribam,
3180 3429 3274 3476 aut
3295 3421 3423 3491 qttid
3450 3422 3603 3493 cogi-

2019 3507 2149 3562 tabo
2191 3506 2244 3560 in
2281 3506 2443 3562 trivio
2482 3508 2774 3578 receptus?
2821 3507 2956 3565 Nam
3004 3511 3053 3568 si
3094 3511 3148 3567 in
3182 3523 3418 3569 mentem
3454 3520 3602 3572 venit

2021 3611 2197 3652 meam
2246 3607 2335 3652 tua
2360 3598 2534 3667 prima
2560 3613 2696 3654 vana
2719 3602 3025 3667 conversio,
3049 3618 3176 3659 cum
3203 3604 3300 3660 tibi
3318 3605 3602 3664 aﬂluerent

2024 3689 2231 3745 divitia:
2279 3704 2530 3761 vanaque
2560 3691 2766 3762 gloria,
2794 3694 3086 3761 exhorreo,
3116 3710 3241 3750 cum
3270 3704 3322 3751 te
3354 3699 3600 3755 iovi-rent

2019 3780 2308 3836 multitudo
2339 3782 2732 3837 assentantium
2761 3784 3037 3856 voluptas,
3081 3786 3426 3860 felicitasqne
3453 3791 3599 3862 peri-

2018 3875 2202 3930 culosa
2222 3892 2237 3942 ;
2257 3890 2380 3930 cum
2395 3877 2755 3942 exercereris,
2775 3877 2840 3932 ad
2862 3879 3214 3934 mutationem
3234 3881 3406 3936 sancti
3426 3891 3600 3938 statua

2019 3965 2337 4037 respiciens,
2363 3975 2512 4022 tuam
2550 3967 2969 4032 abundantiam,
3018 3985 3392 4042 recusansque
3437 3975 3600 4028 iami-

2018 4058 2103 4114 liae
2133 4058 2449 4114 servitutem
2475 4068 2874 4132 parentumque
2900 4059 3352 4127 familiaritatem,
3385 4065 3601 4121 alienus

2017 4160 2074 4208 et
2102 4151 2460 4223 vagabundus
2487 4151 2802 4218 videbaris;
2851 4155 3052 4225 quippe
3083 4155 3178 4226 qui
3219 4159 3364 4229 agris
3401 4159 3602 4227 patria-

325 4247 636 4319 ὑπομείνας
678 4249 759 4308 εἰς
810 4247 982 4310 τέλος,
1041 4241 1195 4310 οὗτος
1241 4244 1567 4317 σωθήσεται.
1601 4263 1620 4296 s
1671 4240 1918 4298 Κάντεῦ-

324 4339 439 4406 θεν,
469 4340 546 4403 ώς
574 4339 780 4405 ἔοικεν,
824 4338 979 4411 147
1006 4339 1232 4402 εἰκότως
1253 4335 1618 4407 διδασκόμεθα
1639 4337 1713 4406 μὴ
1733 4352 1917 4406 μακα-

2019 4351 2137 4392 cem
2168 4336 2545 4402 existimabas,
2597 4339 2649 4392 in
2693 4339 3020 4396 athletarum
3067 4341 3352 4400 labaribns
3383 4353 3599 4416 tempus

325 4432 502 4502 ρίζειν
527 4431 818 4502 ἄνθρωπον
851 4433 1053 4504 κυρίως
1103 4431 1211 4503 πρὸ
1244 4431 1501 4500 τελευτῆς
1530 4429 1718 4496 αὑτοῦ,
1747 4428 1917 4483 διὰτὸ

2022 4430 2225 4487 terens,
2278 4431 2409 4480 tunc
2436 4441 2560 4479 cum
2614 4427 3009 4485 hebdomaticis
3058 4430 3282 4489 circulis
3325 4434 3596 4506 jejunium

321 4523 523 4595 ἄδηλον
547 4526 652 4595 τῆς
677 4524 958 4589 ἐκϐάσεως
987 4525 1081 4579 καὶ
1115 4523 1567 4596 συμπληρώσεως
1590 4537 1606 4555 ο
1647 4523 1775 4584 τοὺς
1809 4521 1917 4593 γὰρ

2025 4516 2349 4586 perliceres,
2387 4520 2497 4574 Deo
2529 4535 2775 4582 vacares,
2818 4523 3102 4579 hominum
3152 4527 3423 4598 colloquia
3461 4529 3601 4586 σπυ-

325 4617 682 4682 ικκλίνοντας
701 4619 780 4682 εἰς
804 4619 900 4683 τὰς
927 4615 1301 4688 στραγγαλιὰς
1327 4616 1526 4682 ἀπάξει
1545 4612 1748 4684 Κύριος
1775 4615 1916 4684 μετά

2022 4623 2198 4679 geres,
2235 4624 2417 4678 pacem
2447 4620 2501 4665 et
2527 4611 2879 4668 solitudinem
2916 4613 3012 4668 tibi
3060 4630 3319 4685 parares;
3367 4633 3602 4690 cumque

323 4709 435 4762 τών
462 4708 854 4782 ἐργαζομένων
871 4711 972 4780 τὴν
988 4708 1241 4779 ἀνομίανο
1262 4707 1449 4762 πολλοὶ
1465 4706 1573 4780 γὰρ
1589 4703 1917 4778 εὐδρομοῦν-¹

2018 4701 2206 4756 civiles
2259 4703 2527 4758 tumultus
2597 4703 2888 4775 aufugeres
2945 4715 3000 4761 et
3032 4722 3194 4762 sacco
3242 4709 3362 4764 rudi
3403 4723 3602 4781 corpus

324 4815 414 4864 τες
432 4800 685 4872 ινάρετοι
707 4800 802 4855 καὶ
818 4800 911 4854 ἐπὶ
928 4798 1210 4872 μεγίστοις
1227 4797 1621 4872 κατορθώμασι
1637 4796 1915 4868 θαυμαζό-

2022 4802 2175 4846 tuum
2221 4792 2509 4864 allligeres,
2568 4795 2789 4864 cingulo
2835 4796 2975 4852 duro
3033 4807 3276 4853 ventrem
3329 4802 3599 4873 cingeres,

2019 4259 2125 4314 que
2157 4244 2531 4310 commutatis,
2577 4246 2872 4302 recesseris
2913 4245 3220 4303 Jerusalem
3262 4250 3354 4306 uloi
3389 4260 3442 4307 te
3475 4250 3599 4308 i‘eii-

326 4909 523 4962 μενοι,
577 4892 992 4963 προσκύψαντες
1055 4891 1288 4958 ἑξάπινα
1336 4891 1658 4946 πεπτώκασι
1716 4889 1917 4961 πτῶμα

2020 4885 2358 4956 viriliterque
2393 4896 2657 4941 attereres
2687 4903 2813 4942 ossa
2848 4898 2959 4954 tua,
2993 4890 3158 4946 latera
3186 4892 3416 4962 jejuniis
3437 4910 3602 4951 exca—

323 4984 501 5039 δεινὺν
548 4987 647 5038 καὶ
671 4985 930 5051 ἐξαίσιον.
981 4985 1093 5058 (i0)
1133 4980 1257 5050 Οἶος
1321 4981 1391 5055 ἦν
1445 4985 1542 5039 καὶ
1591 4986 1620 5038 6
1680 4986 1916 5055 μοναχὺς

2023 4989 2197 5038 ται-οε,
2238 4991 2411 5045 usque
2438 4976 2505 5032 ad
2533 4977 2783 5032 lmmidas
2817 4988 2996 5048 partes
3024 4981 3406 5050 tumefaciens,
3436 4995 3602 5055 atque

327 5077 558 5140 εκεῖνος,
582 5077 718 5147 πρὸς
745 5075 804 5130 ὃν
841 5079 872 5131 6
902 5077 1076 5147 μέγας
1104 5075 1384 5139 Βασίλειος
1409 5075 1452 5106 ⁸⁸
1472 5073 1682 5145 ἔγραφε
1702 5073 1910 5140 λέγων·

2027 5069 2119 5123 tibi
2149 5070 2423 5125 sermonis
2458 5070 2636 5126 mollis
2664 5085 2882 5127 omnem
2911 5089 3067 5129 usum
3100 5075 3418 5145 denegares.
3457 5077 3604 5134 inte-
3646 5066 3654 5075 ’

333 5185 352 5219 t
385 5167 548 5238 οἶμοι
577 5168 631 5220 τί
664 5168 898 5238 γράψω;
929 5168 963 5240 ἢ
1000 5168 1054 5221 τί
1104 5167 1393 5238 λογίσομαι
1421 5169 1479 5221 ιν
1518 5165 1714 5237 τριόδῳ
1755 5164 1914 5218 ἀπει-

2023 5163 2185 5219 rioris
2210 5165 2459 5233 corporis
2478 5175 2683 5233 partem
2710 5181 2833 5234 quae
2851 5166 2992 5222 inter
3024 5178 3205 5224 costas
3223 5176 3310 5225 est
3330 5179 3382 5224 et
3407 5171 3599 5238 latera,

329 5259 636 5332 λημμινοςς
664 5262 761 5315 ιάν
781 5260 950 5332 γάρ¹¹
979 5259 1118 5315 ἔλθω
1149 5262 1227 5323 είς
1254 5263 1477 5332 μνήμην
1508 5258 1608 5328 τῆς
1635 5257 1917 5328 προτέρας

2023 5265 2079 5310 et
2096 5255 2325 5310 melonis
2346 5257 2514 5311 instar
2530 5257 2748 5322 crescit,
2766 5258 3096 5325 abstraxisti,
3119 5269 3399 5332 totamque
3416 5264 3599 5319 carnis

1529 5423 1730 5485 Variae
1775 5419 2083 5485 lectiones
2121 5427 2182 5481 et
2226 5423 2416 5482 nota.

394 5571 439 5604 ”
469 5570 582 5624 τῶν
613 5569 751 5626 Ced.
846 5571 892 5602 "
932 5570 1063 5626 Ced.
1098 5568 1306 5642 70,6_,7.
1387 5570 1401 5603 ⁸
1437 5571 1760 5638 πεποιηκὸτ.
1803 5569 1917 5642 cod.

2017 5570 2024 5599 '
2060 5566 2242 5622 εἰώθει
2287 5567 2320 5622 Ι.
2361 5567 2553 5642 εἴωθεν
2583 5570 2706 5624 eod.
2785 5572 2802 5602 ³
2829 5573 3140 5642 θαυμάσειε
3171 5573 3215 5627 δ’
3248 5573 3315 5628 ἄν
3346 5589 3430 5639 τις
3464 5573 3594 5631 Cod.

330 5628 478 5708 iil,l
513 5642 599 5697 i8.
679 5641 699 5713 ξ
732 5645 817 5712 ιτ.
851 5644 906 5696 ὰ.
940 5642 1068 5707 Cod.
1149 5628 1279 5696 ⁸’ὦν
1313 5628 1874 5713 -ηπαροραθὲντιυνξ
1910 5660 1917 5684 ι

2019 5655 2104 5702 νες
2133 5666 2198 5713 _--_-
2240 5639 2683 5713 παρωραθέντων
2701 5642 2831 5697 (led.
2911 5628 3131 5713 ⁸ὶμπρ.
3181 5645 3315 5702 Ccd.
3389 5628 3600 5713 τίὗάρ-

333 5714 546 5781 ξάμενοι
591 5712 693 5766 cod
750 5709 824 5767 ei.
856 5713 976 5767 Gal.
1016 5725 1095 5777 Ili,
1129 5713 1180 5767 3.
1260 5714 1280 5746 ⁸
1311 5714 1348 5767 ll
1381 5709 1689 5768 Joanﬂvm.
1768 5713 1787 5744 θ
1815 5710 1917 5766 Mal

2040 5727 2092 5775 κ,
2120 5709 2209 5765 ‘22.
2292 5709 2333 5741 ‘°
2365 5709 2468 5764 Τοῦ
2528 5712 2682 5780 άγίου
2714 5709 3003 5770 Baetasios
3035 5709 3123 5772 ed.
3158 5716 3292 5773 1618
3321 5714 3365 5773 il
3393 5715 3493 5772 787
3529 5709 3592 5769 [i-

334 5784 428 5837 769
460 5787 522 5835 Λ.
606 5786 647 5814 ¹¹
684 5784 793 5853 γάρ
819 5801 930 5838 om.
961 5784 1020 5836 Β.
