4044 6312
569 379 673 442 799

1780 375 2100 437 GEORGII
2140 373 2624 435 ΗΑΜΑιιΤιΜι

3733 375 3830 441 800

567 497 1113 568 experitneutumque
1156 497 1464 554 divinarum
1499 497 1769 552 ultionum
1799 492 2145 565 et'l'ugiainus.

2257 490 2364 544 τῶν
2399 491 2628 546 ἐκείνων
2669 491 3106 564 ίχνηλατούντων
3142 493 3237 547 καὶ
3286 492 3689 564 ἐργαζομένων
3721 512 3828 547 οια-

568 591 625 644 Si
695 591 819 660 quis
869 599 1050 645 autem
1129 607 1193 646 ex
1265 592 1331 647 iis
1402 591 1496 662 qui
1559 600 1759 645 tetram
1818 589 1976 644 istam
2039 602 2146 642 non

568 684 824 738 viderunt
883 699 970 740 res
1030 685 1105 738 ita
1157 701 1218 740 se
1261 685 1464 740 habere
1534 699 1642 737 non
1699 682 1908 746 credat,
1964 682 2152 735 auuiat

567 773 809 828 divinam
880 773 1222 844 Scripturant
1277 775 1345 830 tle
1399 774 1667 844 sapientia
1722 773 2032 842 loquentem
2095 779 2148 825 et

566 869 836 920 ("(Zr'lllelll
896 887 909 922 :
969 888 986 920 ι
1037 866 1164 922 llaec
1217 870 1471 939 justum,
1523 867 1876 936 pereuntibus
1943 867 2148 938 impiis,

568 960 823 1015 liberavit
891 961 1191 1033 fugientem
1262 963 1441 1032 ignem
1503 962 1594 1031 qui
1660 961 2039 1015 'descendcrat
2096 961 2148 1014 in

566 1051 906 1122 Pentapolim
966 1073 978 1107 :
1032 1053 1196 1124 cujus
1247 1055 1426 1109 adhuc
1506 1054 1561 1106 in
1613 1054 1987 1108 testimmiiutn
2053 1069 2149 1107 ne-

565 1144 753 1212 qultitc
802 1145 1192 1216 lumigahuuda
1245 1146 1464 1201 exsistit
1503 1147 1719 1202 deserta
1763 1157 1908 1200 terra
1953 1155 2007 1200 et
2069 1145 2150 1198 in-

568 1248 718 1294 certo
747 1247 988 1308 tempore
1021 1239 1233 1294 fructus
1261 1241 1624 1311 producontes
1658 1241 1938 1294 arbores.»
1983 1237 2152 1293 Sinti-

569 1333 690 1386 liter
721 1342 897 1387 autcin
915 1329 1104 1396 Iudas,
1132 1332 1298 1388 frater
1325 1331 1534 1399 Jacobi,
1559 1333 1671 1388 ait:
1698 1331 1886 1389 «Sicut
1914 1332 2151 1387 Sodoma

569 1434 621 1476 et
672 1421 977 1477 Gomorrlta
1041 1429 1095 1476 et
1152 1421 1396 1476 finitima:
1443 1420 1715 1484 civitates,
1771 1418 1938 1473 simili
1989 1419 2152 1474 modo

568 1517 942 1579 exi’ornicatae,
1003 1523 1058 1568 et
1112 1517 1376 1568 abeuntes
1441 1523 1565 1584 post
1626 1528 1846 1567 carnem
1899 1510 2149 1577 alteram,

572 1608 729 1663 facta:
768 1617 896 1663 sunt
930 1609 1265 1677 exemplum,
1315 1607 1456 1678 ignis
1487 1606 1676 1660 πίει-υἱ
1710 1621 1926 1676 pinnam
1966 1605 2149 1659 susti—

570 1709 813 1756 nentes.»
858 1700 923 1754 Et
958 1719 970 1754 :
1018 1719 1035 1752 ι
1073 1700 1285 1767 Quibus
1312 1699 1626 1755 obscuritas
1661 1699 2005 1754 tenebrarum
2037 1714 2153 1754 ser-

570 1807 692 1847 vata
724 1803 804 1847 est
835 1794 886 1846 in
923 1803 1205 1848 :cteruum.
1247 1813 1265 1846 ι

566 1890 776 1953 τοότοις
800 1890 1001 1960 τρόπον
1019 1889 1456 1962 ἐκπορνεύσασαι
1484 1890 1576 1943 καὶ
1627 1887 1964 1943 ἀπελθοῦσαι
2025 1890 2203 1946 ὀπίσω
2242 1893 2448 1959 σαρκὸς

2255 585 2428 654 στυγῆ
2460 583 2662 656 πρᾶξιν
2686 603 2698 616 ·
2735 587 2830 639 καὶ
2883 585 3071 656 μέντοι
3118 587 3214 641 καὶ
3252 585 3359 640 τῶν
3391 585 3492 658 τὴν
3533 585 3834 656 μέλλουσαν

2252 675 2633 732 ἀπιστούντων
2667 678 2854 750 κρίσιν
2879 679 3162 748 προδήλως
3188 680 3286 750 τὴν
3317 681 3636 751 παράηιοιάν
3665 697 3722 732 τε
3749 681 3834 732 καὶ

2254 771 2500 841 πόρωσιν
2539 771 2608 836 ³⁸,
2658 771 2747 824 ἵνα
2786 771 2874 825 διὰ
2902 773 3011 826 τῶν
3051 773 3221 826 πάλαι
3251 773 3349 836 τὰς
3377 773 3539 836 δίκας
3571 775 3834 842 εἰσπρατο

2251 865 2499 933 τομένων
2533 865 2695 934 ἡμεῖς
2721 865 2819 934 τὴν
2852 863 2974 935 δψιν
3021 867 3112 918 καὶ
3147 867 3246 936 τὴν
3278 868 3477 936 πεῖραν
3526 867 3644 920 τῶν
3685 866 3838 920 θείων

2251 955 2632 1028 κολαστηρίων
2662 956 3019 1028 ὲκφύγωμεν.
3059 958 3119 1010 Εἰ
3151 959 3206 1012 δέ
3236 976 3318 1022 τις
3347 959 3456 1012 τῶν
3486 959 3568 1030 μὴ
3598 959 3699 1030 τὴν
3739 957 3835 1027 γῆν

2252 1047 2470 1119 ἐκείνην
2537 1049 2872 1120 ἑωρακότων
2942 1051 3202 1122 ἀπιστοίη
3269 1051 3346 1122 μὴ
3418 1050 3603 1115 οὕτως
3678 1052 3818 1121 ἔχειν

2252 1143 2500 1196 ἀκουέτω
2531 1141 2632 1211 τῆς
2680 1141 2834 1204 Θείας
2887 1142 3114 1214 Γραφῆς
3148 1143 3518 1216 διηγουμένης
3573 1143 3708 1216 περὶ
3749 1145 3840 1213 τῆς

2266 1236 2460 1305 σοφίας
2486 1239 2595 1291 καὶ
2621 1236 2924 1308 λεγούσηςο
2960 1255 2976 1288 ι
3010 1236 3163 1308 Αὕτη
3199 1237 3425 1305 δίκαιον,
3461 1235 3856 1306 ἐξαπολλυμέι,

2252 1347 2358 1382 νων
2413 1328 2668 1394 ἀσεϐῶν,
2719 1331 2996 1402 ἐρρύσατο
3055 1331 3304 1400 φυγόντα
3361 1329 3714 1386 καταϐάσιον
3741 1329 3841 1400 πῦρ

2254 1423 2680 1486 Πενταπόλεως·
2724 1417 2792 1495 ἧς
2839 1422 2924 1476 ἔτι
2977 1423 3017 1455 ³⁵
3057 1422 3364 1495 μαρτύριον
3413 1424 3514 1493 τῆς
3571 1423 3844 1493 πονηρίας

2253 1515 2631 1587 καπνιζομένη
2681 1515 2992 1589 καθέστηκε
3037 1516 3197 1590 543
3231 1517 3429 1589 χέρσος
3461 1519 3561 1570 καὶ
3597 1515 3846 1573 ἀτελέσιν

2253 1607 2427 1678 ὥραις
2487 1609 2952 1682 καρποφοροῦντα
3002 1615 3181 1679 φυτά⁶
3238 1629 3256 1662 ι
3309 1609 3584 1674 ὡσαύτως
3649 1609 3711 1664 δὲ
3758 1610 3846 1663 καὶ

2265 1701 2438 1756 Ἰούδα
2497 1703 2761 1758 Ἰακώϐου
2815 1704 2859 1736 ³³
2894 1703 3236 1774 φάσκοντος·
3290 1723 3310 1758 ι
3358 1704 3453 1767 Ὠς
3488 1703 3718 1776 Σόδομα
3762 1701 3850 1756 καὶ

2252 1795 2512 1867 Γόμορρα
2567 1797 2659 1849 καὶ
2706 1795 2812 1871 [at]
2867 1798 2998 1870 περὶ
3046 1797 3216 1861 αύτάς
3266 1797 3455 1860 πόλεις
3507 1797 3611 1851 τὸν
3660 1799 3842 1866 ὅμοιον

2526 1893 2723 1966 ἑτέρας
2774 1894 3096 1965 πρόκεινται
3150 1895 3353 1967 δεῖγμα
3398 1895 3574 1965 πυρὸς
3631 1895 3847 1949 αἰωνίου

565 1986 724 2055 δίκην
754 1985 1084 2057 ὑπέχουσαι’
1129 2006 1147 2039 ι
1180 1987 1274 2040 καί
1301 2003 1313 2015 ·
1362 2005 1380 2039 ι
1412 1980 1510 2051 Οἷς
1536 1988 1564 2040 ό
1591 1987 1754 2056 ζόφος
1783 1985 1877 2040 τοῦ
1913 1987 2138 2050 σκότους
2179 1989 2259 2054 είς
2288 1991 2492 2055 αἰῶνας
2521 1992 2843 2062 τετήρηται.
2888 2010 2906 2042 ι

638 2082 778 2136 Dicit
827 2095 1008 2136 au‘em
1063 2083 1226 2136 etiam
1267 2083 1429 2137 divus
1474 2082 1906 2153 Clirysostomus
1957 2102 1971 2136 :

567 2173 693 2245 quis
739 2176 805 2227 de
855 2175 1104 2244 gelieuna
1151 2172 1390 2240 dubitat,
1445 2174 1742 2229 Sodomam
1777 2182 2012 2243 reputet,
2049 2172 2159 2228 Go-

568 2267 848 2322 ntorrliatn
923 2266 1163 2336 cogitet,
1228 2266 1491 2322 inﬂictam
1550 2281 1767 2337 ptenam
1850 2277 1906 2321 et
1975 2266 2158 2322 adhuc

571 2367 912 2421 manentem,
962 2367 1017 2414 et
1050 2360 1102 2414 in
1136 2368 1400 2415 aeternum
1437 2359 1698 2414 duranda}
1723 2359 2029 2430 punitionis
2059 2374 2152 2414 va-

573 2452 742 2506 lidum
790 2451 1124 2523 prmbenteui
1173 2460 1578 2524 argumentum.
1637 2451 1754 2506 Non
1809 2453 1954 2507 enim
2009 2460 2154 2507 terra

572 2554 809 2607 tantum,
831 2544 925 2600 sed
955 2556 1010 2599 et
1044 2544 1156 2614 ipse
1194 2561 1288 2599 aer
1321 2556 1374 2602 et
1404 2561 1558 2617 aqua:
1587 2545 1952 2602 calamitatem
1987 2546 2157 2616 parti-

571 2638 930 2709 cipaverunt,
967 2647 1020 2692 et
1050 2639 1534 2708 quemadmodum,
1582 2654 1810 2708 corpore
1860 2654 2150 2703 succenso,

573 2735 750 2786 t'ornta
775 2733 993 2800 quidem
1024 2742 1076 2786 et
1110 2742 1266 2801 typus
1289 2741 1342 2785 ct
1375 2742 1554 2787 tumor
1576 2741 1630 2786 et
1657 2732 1905 2801 analogia
1930 2732 1982 2785 in
2012 2732 2155 2801 ignis

573 2836 822 2896 aspectu,
854 2825 947 2881 sed
993 2841 1098 2879 non
1141 2826 1222 2880 vis
1256 2836 1442 2881 manet
1476 2843 1489 2878 :
1523 2827 1603 2880 sic
1633 2836 1686 2878 et
1718 2826 1828 2880 illic
1859 2826 2043 2880 videre
2068 2836 2154 2880 est

577 2929 798 2984 terram,
848 2933 969 2988 qua:
1015 2919 1152 2972 nihil
1201 2919 1365 2974 habet
1413 2928 1591 2981 terrae,
1651 2920 1746 2973 sed
1796 2919 1979 2974 omnia
2025 2929 2156 2974 sunt

575 3012 749 3077 cinis;
797 3013 1023 3066 arbores
1053 3021 1106 3066 et
1153 3011 1389 3078 fruetus,
1424 3011 1518 3066 sed
1547 3013 1679 3066 nihil
1713 3014 1970 3068 arborum
2010 3012 2156 3069 fruc-

575 3115 839 3174 tuumque
864 3106 1164 3170 habentes;
1190 3121 1369 3159 aerem
1405 3117 1457 3160 et
1483 3107 1814 3175 aquam.sed
1844 3106 1978 3160 nihil
2001 3123 2157 3176 aqua:

577 3212 675 3251 nec
696 3201 874 3265 aeris;
902 3197 1166 3266 siquidem
1185 3200 1368 3253 omnia
1392 3213 1650 3253 conversa
1680 3199 1879 3254 suntin
1915 3201 2152 3255 cineres.

576 3289 718 3344 Nihil
750 3293 893 3344 ettim
939 3291 1086 3345 aliud
1119 3300 1203 3345 est
1243 3306 1405 3361 quam
1443 3292 1692 3346 caminus
1744 3307 1856 3359 aer,
1902 3292 2155 3347 caminus

576 3399 740 3454 aqua,
792 3393 987 3438 cuneta
1034 3383 1262 3449 sterilia,
1315 3394 1509 3439 cuneta
1545 3385 1908 3447 infructuosa,
1959 3393 2155 3441 cuneta

2035 2081 2224 2146 tSiB

2325 2086 2404 2157 (7)
2427 2087 2591 2156 Λέγει
2624 2087 2682 2141 δὲ
2712 2089 2810 2142 καὶ
2833 2089 2859 2141 ὁ
2886 2086 3030 2150 θεῖος
3063 2084 3489 2158 Χρυσόστομος·
3530 2105 3550 2140 ι
3603 2087 3850 2143 Ἀπιστεί

2257 2194 2342 2243 τις
2375 2178 2420 2212 ³³
2454 2182 2518 2252 τῇ
2557 2181 2772 2253 γεέννῃ,
2819 2181 2888 2235 τά
2925 2179 3140 2250 Σόδομα
3185 2179 3618 2248 διαλογιζέσθω,
3649 2183 3721 2238 τὰ
3753 2185 3846 2237 Γό·

2260 2272 2440 2344 μοῤῥα
2473 2270 2746 2336 ἐννοείτω,
2778 2273 2877 2343 τὴν
2915 2271 3298 2343 γεγενημένην
3341 2272 3390 2305 ³⁸
3435 2274 3728 2344 τιμωρίαν
3759 2275 3846 2328 καὶ

2257 2365 2339 2418 ἔτι
2395 2365 2669 2435 μένουσαν
2709 2384 2727 2418 ι
2767 2367 2864 2419 καὶ
2917 2366 3014 2420 τοῦ
3076 2366 3410 2432 διαιωνίζειν
3462 2367 3570 2438 τὴν
3631 2367 3846 2423 κόλασιν

2257 2458 2487 2529 ἐναργὲς
2531 2460 2836 2528 τεκμήριον
2872 2460 3263 2531 παριστῶσαν·
3303 2459 3543 2533 καὶγὰρ
3580 2461 3768 2530 (287⁵)
3791 2463 3844 2516 οὐ

2260 2553 2424 2622 μόνον
2464 2553 2497 2622 ἠ
2532 2553 2629 2623 γῆ,
2664 2553 2800 2607 ἀλλὰ
2853 2555 2945 2607 καὶ
2990 2554 3156 2617 αὐτὸς
3181 2555 3210 2606 ό
3251 2552 3360 2624 ἀὴρ
3408 2553 3507 2609 καὶ
3563 2555 3638 2609 τά
3680 2555 3843 2609 ὕδατα

2259 2646 2491 2716 μετέσχε
2521 2648 2618 2717 τῆς
2657 2649 2971 2716 συμφορᾶς,
3005 2647 3102 2700 καὶ
3147 2646 3401 2718 καθάπερ
3447 2650 3715 2720 σώματος
3757 2652 3846 2720 lp-

2257 2737 2593 2807 πρησθέντος
2627 2739 2686 2791 τὸ
2727 2739 2829 2808 μὲν
2864 2739 3054 2809 σχῆμα
3093 2740 3248 2809 μένει
3293 2741 3389 2794 καὶ
3433 2743 3462 2794 ό
3485 2743 3668 2805 τύπος
3697 2742 3756 2796 ὲν
3787 2745 3842 2811 τῇ

2257 2829 2352 2883 τοῦ
2394 2831 2568 2900 πυρὸς
2603 2829 2725 2900 ὄψει
2772 2831 2866 2884 καὶ
2910 2833 2937 2883 ὁ
2971 2831 3136 2898 δγκος
3166 2830 3260 2882 καὶ
3302 2832 3334 2900 ἡ
3380 2830 3680 2900 ἀναλογία,
3735 2832 3840 2899 ἠδὲ

2257 2919 2488 2990 δύναμις
2532 2918 2754 2973 ούκέτι·
2803 2917 2947 2972 οὕτω
2992 2918 3057 2988 δὴ
3089 2920 3314 2970 κάκεῖσε
3351 2918 3460 2986 γῆν
3506 2918 3668 2972 εστιν
3703 2919 3840 2978 ίδείν,

2258 3013 2374 3066 ἀλλ’
2409 3014 2563 3067 οὐδὲν
2602 3016 2834 3085 ἔχουσαν
2867 3013 2992 3083 γῆς,
3021 3013 3158 3067 ἀλλά
3185 3013 3363 3067 πάντα
3400 3013 3624 3083 τέφρα·
3659 3013 3846 3085 δένδρα

2259 3109 2353 3161 καὶ
2406 3109 2696 3178 καρποὺς,
2739 3107 2856 3159 ἀλλ’
2901 3106 3055 3160 οὐδὲν
3121 3106 3357 3180 δένδρων
3407 3106 3532 3161 οὐδὲ
3584 3108 3842 3176 καρπῶν·

2260 3199 2398 3269 ἀέρα
2427 3199 2521 3250 καὶ
2545 3197 2714 3267 ὕδωρ,
2742 3197 2858 3252 ἀλλ’
2879 3195 3033 3250 οὐδὲν
3058 3195 3250 3260 ὓδατος
3273 3197 3392 3250 οὐδὲ
3421 3197 3587 3268 ἀέρος
3616 3215 3634 3230 ο
3660 3197 3845 3267 ἐπειδὴ

2259 3293 2367 3363 γὰρ
2404 3291 2496 3344 καὶ
2527 3292 2702 3345 ταῦτα
2737 3291 3107 3361 τετέφρωνται
3133 3305 3146 3318 ·
3179 3289 3474 3360 τοιγαροῦν
3537 3292 3702 3344 οὐδὲν
3735 3291 3845 3344 ἓτε-

2263 3402 2355 3455 ρον
2390 3385 2420 3456 ἢ
2454 3385 2685 3454 κάμινός
2716 3387 2864 3438 ἐστιν
2890 3383 2918 3436 ό
2942 3383 3071 3454 ἀὴρ,
3104 3383 3334 3451 κάμινος
3365 3383 3428 3437 τὸ
3458 3382 3635 3454 ὕδωρ,
3671 3386 3844 3437 πάντα

580 3476 864 3544 ιιτωιειοίιιιι
894 3476 986 3529 ira:
1016 3477 1276 3530 ultionem
1313 3477 1659 3532 ostendentia
1687 3488 1738 3533 et
1773 3477 1970 3533 futura:
2005 3478 2154 3548 puni-

2261 3479 2512 3549 ἄκαρπα,
2568 3479 2744 3532 πάντα
2793 3477 2986 3545 ἄγονα,
3027 3477 3208 3530 πάντα
3256 3474 3397 3545 προς
3442 3477 3726 3545 τιμωρίαν
3752 3476 3844 3543 τῆς

577 3568 744 3622 tioiiis
776 3569 1062 3638 imagines.
1086 3568 1294 3638 lleputa
1329 3586 1460 3640 ergo
1489 3583 1751 3641 quantum
1776 3571 1848 3626 sit
1872 3580 2154 3641 peceattlztt

579 3669 637 3715 ut
690 3671 815 3715 ante
869 3673 1083 3732 tempus
1135 3663 1436 3734 gehennam
1484 3680 1747 3734 apparere
1801 3666 1925 3735 quis
1977 3675 2155 3734 cogat.

581 3755 1028 3812 l‘lxtraordinaria
1072 3774 1309 3826 namque
1356 3757 1460 3813 fuit
1492 3760 1607 3814 haec
1649 3759 1848 3828 pluvia,
1888 3758 2154 3828 siquidem

579 3855 636 3899 et
671 3861 858 3902 contra
890 3861 1137 3904 naturain
1171 3859 1222 3904 et
1249 3850 1419 3921 legem
1455 3860 1574 3906 erat
1608 3850 1710 3906 ista
1732 3851 2072 3916 commistio;
2105 3859 2161 3905 et

583 3940 883 3996 submersit
945 3952 1185 4009 terram,
1247 3943 1516 4015 siquidem
1567 3953 1622 4000 et
1675 3947 1889 3999 animas
1941 3958 2159 4005 eorum,

582 4032 797 4087 t‘niicsta
844 4045 899 4090 et
939 4038 1294 4092 exsecrabilis
1326 4038 1594 4106 voluptas.
1622 4037 1737 4104 Ast,
1773 4052 1806 4091 ο
1832 4037 2157 4091 dementiam

580 4140 769 4179 eorum
803 4130 895 4195 qui
924 4129 1025 4182 hoc
1054 4130 1252 4200 aguntl
1283 4143 1317 4185 o
1363 4129 1641 4187 miseriam
1698 4140 1751 4186 et
1805 4131 2159 4185 stoliditatem

583 4219 882 4276 infelicium
925 4223 1041 4292 qui,
1074 4224 1205 4292 proli
1244 4224 1432 4280 dolorl
1467 4234 1661 4295 sponte
1698 4225 1812 4279 ha'c
1854 4225 2162 4295 patiuntur,

583 4315 862 4385 corrumpi
930 4317 1340 4373 consentientes
1392 4333 1425 4374 α
1469 4318 1744 4389 corruptis
1775 4328 1831 4372 ct
1859 4318 2076 4387 pollutis
2110 4325 2165 4373 et

584 4407 816 4474 impuris
843 4424 1026 4463 annua
1073 4419 1130 4465 et
1183 4425 1434 4481 corpore,
1465 4413 1758 4482 porcisque
1794 4411 2009 4482 pejores
2041 4424 2162 4466 sese

587 4510 978 4568 monstrantes,
1007 4508 1124 4559 sive
1146 4517 1496 4574 corruptores
1529 4506 1644 4562 sive
1682 4505 1926 4576 corrupti
1958 4504 2166 4575 absque

589 4606 735 4650 nu-tu
767 4610 830 4650 ac
861 4598 1105 4667 pudore!
1163 4597 1225 4652 lli
1257 4608 1404 4656 certe
1450 4599 1627 4656 brutis
1673 4599 2166 4656 irrationabiliorcs

585 4697 642 4741 ct
690 4686 919 4742 canibus
974 4689 1403 4760 impudentiores
1462 4692 1617 4745 suntl
1676 4687 1966 4760 Nunquam
2015 4690 2163 4744 enim

586 4782 729 4850 apud
758 4779 892 4837 istos
923 4782 1046 4836 talis
1066 4781 1124 4838 llt
1151 4784 1482 4849 commistio,
1505 4783 1599 4840 sed
1626 4783 1875 4854 proprios
1904 4782 2167 4837 terminos

591 4883 784 4926 natura
817 4875 1114 4946 cegnoseit.
1157 4874 1266 4932 Hos
1321 4892 1422 4946 ego
1462 4877 1677 4947 pejores
1709 4875 1997 4930 hotnicidis
2043 4891 2165 4930 esse

589 4965 745 5030 dico;
795 4983 1122 5038 quocunque
1154 4969 1375 5024 nomine
1410 4978 1695 5038 peccatqu
1726 4967 1988 5038 appelles,
2044 4966 2162 5019 uul-

593 5059 702 5112 lutn
758 5061 883 5116 huic
916 5062 1169 5131 Pravitati
1217 5078 1314 5131 par
1362 5062 1626 5118 invenies.
1691 5060 1975 5116 llomicida
2019 5059 2161 5114 enim

593 5156 831 5208 animam
874 5171 903 5208 a
959 5171 1186 5225 corpore
1219 5165 1505 5227 segregat;
1563 5155 1650 5210 hic
1690 5163 1871 5209 autem
1925 5152 2161 5207 animant

594 5260 716 5298 cum
772 5260 1000 5316 corpore
1049 5247 1334 5317 disperdit.
1400 5247 1555 5304 Unde
1597 5247 1764 5317 igitur
1807 5253 2030 5299 enatum
2084 5254 2168 5298 est

597 5337 701 5392 tale
729 5338 970 5392 malum?
1019 5339 1063 5393 Λ
1103 5341 1336 5406 deliciis,
1373 5356 1400 5396 a
1439 5339 1684 5404 mollitie,
1734 5355 1763 5392 a
1811 5338 2167 5392 derelictioue

601 5430 715 5498 Dei,
770 5435 838 5488 ab
865 5448 929 5488 eo
972 5435 1114 5505 quod
1166 5434 1280 5504 ipsc
1333 5451 1440 5492 non
1489 5435 1742 5490 timeatur
1784 5448 1883 5486 nec
1921 5430 2164 5484 futurum

2263 3570 2646 3643 προλαϐούσης
2678 3569 2848 3641 ὀργῆς
2881 3571 2976 3623 καὶ
3015 3569 3227 3630 εἰκόνες
3274 3567 3376 3637 τῆς
3419 3569 3734 3638 μελλούσης
3759 3585 3844 3622 κον

2261 3664 2474 3728 λάσεως
2496 3680 2509 3694 ·
2543 3664 2799 3734 ἐννόησον
2845 3662 3028 3715 τοίνυν
3059 3661 3251 3732 ἡλίκον
3289 3661 3405 3713 ἐστὶ
3447 3663 3508 3712 τὸ
3542 3663 3860 3738 ἁμάρτημα.

2262 3755 2338 3819 ὡς
2388 3755 2682 3826 βιάσασθαι
2740 3754 2848 3826 πρὸ
2891 3753 3087 3824 καιροῦ
3132 3753 3232 3821 τὴν
3295 3753 3525 3820 γέενναν
3579 3754 3840 3822 φανῆναι·

2266 3851 2360 3904 καὶ
2385 3851 2495 3918 γὰρ
2540 3845 2848 3919 παράδοξος
2887 3841 2954 3918 ἦν
2979 3849 3006 3899 ὁ
3035 3844 3192 3909 ὑετὸς
3230 3847 3438 3908 ἑκείνος
3463 3862 3477 3874 ·
3523 3847 3716 3914 ἐπειδὴ
3756 3847 3846 3896 καὶ

2265 3946 2418 4016 παρά
2450 3944 2613 4015 φύσιν
2649 3942 2742 3996 καὶ
2781 3942 3102 4012 παράνομος
3130 3941 3163 4011 η
3193 3938 3370 4010 μίξις*
3407 3941 3502 3992 καὶ
3541 3939 3842 3992 κατέκλυσε

2265 4038 2366 4111 τὴν
2398 4038 2525 4108 γῆν,
2561 4034 2755 4106 ἐπειδὴ
2803 4037 2900 4087 xui.
2947 4035 3044 4097 τάς
3098 4033 3325 4085 ἐκείνων
3354 4033 3534 4103 ψυχὰς
3569 4034 3603 4103 ἡ
3637 4031 3842 4103 χαλεπὴ

2265 4133 2363 4187 καὶ
2396 4133 2676 4201 ἐπάρατος
2726 4127 2995 4197 ἐπιθυμία
3020 4143 3034 4158 ’
3073 4125 3215 4191 ἀλλ’,
3243 4120 3289 4180 ὦ
3328 4127 3429 4195 τῆς
3457 4126 3843 4196 παραπληξίας

2266 4225 2372 4280 τῶν
2426 4224 2589 4278 τοῦτο
2641 4223 3146 4293 κατεργαζομένων
3193 4220 3421 4287 καὶτῆς
3468 4218 3840 4289 ταλαιπωρίας

2265 4319 2360 4372 καὶ
2417 4317 2707 4380 κακονοίας
2757 4315 2866 4368 τῶν
2914 4313 3168 4368 ἐλεεινῶν
3218 4314 3311 4365 καὶ
3366 4312 3568 4377 ἀθλίως
3601 4314 3648 4346 ³⁸
3693 4311 3840 4366 τοῦτο

2267 4416 2585 4484 πασχόντων
2614 4409 2879 4472 ἑκουσίως
2922 4409 3161 4479 μάλιστα
3193 4407 3288 4460 καὶ
3333 4406 3716 4477 φθειρομένων
3742 4405 3836 4459 ὑπὸ

2265 4505 2378 4559 τῶν
2412 4503 2836 4574 διεφθαρμένων
2869 4501 2963 4554 καὶ
3001 4499 3249 4570 βεϐήλων
3283 4516 3344 4552 τε
3378 4500 3473 4551 καὶ
3518 4499 3836 4569 ἀκαθάρτων

2265 4601 2412 4671 ψυχῇ
2440 4599 2534 4653 καὶ
2561 4599 2779 4668 σώματι
2819 4596 2915 4650 καὶ
2957 4595 3161 4666 χοίρων
3198 4594 3420 4664 χείρους
3453 4595 3682 4656 ἑαυτοὺς
3712 4594 3831 4646 ἀπο-

2270 4693 2556 4755 φαίνοντες
2608 4691 2680 4755 ³⁸,
2735 4689 2849 4742 οἵτε
2902 4687 3220 4759 φθείροντες
3261 4688 3356 4742 καί
3407 4688 3458 4740 οί
3498 4687 3828 4758 φθειρόμενοι

2271 4785 2493 4853 ἀφόϐως
2535 4784 2630 4837 καὶ
2661 4782 3037 4852 ἀναισχύντως
3060 4797 3073 4811 ·
3115 4782 3170 4835 οῖ
3199 4798 3262 4850 γε
3300 4782 3398 4836 καὶ
3438 4782 3654 4849 ἀλόγων
3691 4783 3826 4846 ἀνοη-

2272 4877 2487 4944 τότεροι
2557 4877 2654 4929 καὶ
2723 4874 2903 4928 κυνῶν
2957 4873 3368 4941 ἀναιδέστεροι·
3426 4873 3670 4943 οὐδαμοῦ
3732 4873 3822 4940 γὰρ

2271 4967 2498 5039 τοιαύτη
2556 4967 2704 5039 μίξις
2759 4967 2889 5036 παρ’
2920 4966 3152 5028 ἐκείνοις
3199 4965 3312 5018 ἀλλ’
3340 4967 3697 5037 ἐπιγινώσκει
3722 4965 3829 5024 τοὺς

2273 5062 2439 5125 ἰδίους
2476 5063 2637 5130 ὅρους
2675 5061 2706 5128 ἡ
2745 5061 2928 5127 φύσις.
2967 5057 3200 5118 Τούτους
3236 5056 3346 5125 ἐγὼ
3378 5059 3471 5110 καὶ
3512 5058 3832 5128 ἀνδροφόνων

2276 5154 2492 5225 χείρους
2526 5147 2665 5205 εἶναι
2706 5151 2850 5219 λέγω
2879 5151 2974 5202 καὶ
3013 5150 3152 5220 ὅπερ
3185 5152 3249 5203 ἀν
3305 5151 3463 5222 εἴπῃς
3512 5149 3835 5222 ἁμάρτημα·

2275 5248 2427 5301 οὐδὲν
2457 5246 2569 5299 ἴσον
2618 5246 2761 5316 ἐρεῖς
3005 5244 3104 5313 τῆς
3151 5243 3501 5313 παρανομίας
3552 5242 3836 5314 ταύτηςοό

2283 5339 2380 5407 μὲν
2429 5339 2534 5407 γὰρ
2595 5337 2920 5405 ἀνδροφόνος
2969 5333 3067 5405 τὴν
3099 5333 3282 5405 ψυχὴν
3316 5335 3424 5387 ἀπὶ
3464 5334 3560 5387 τοῦ
3598 5333 3834 5404 σώματος

2281 5431 2593 5502 ἐχώρησεν·
2628 5423 2780 5490 οὗτος
2825 5428 2880 5479 δὲ
2929 5427 3028 5497 τὴν
3077 5426 3256 5497 ψυχὴν
3289 5426 3429 5495 μετά
3474 5428 3566 5480 τοῦ
3600 5426 3835 5496 σώματος

1795 5572 1991 5635 Varia:
2032 5572 2339 5635 lectiones
2371 5576 2429 5631 et
2463 5579 2649 5631 notati.

675 5723 720 5755 ⁸⁸
752 5724 1039 5794 ἐποίησενῖ
1062 5728 1188 5794 Sap.
1229 5743 1280 5792 κ,
1306 5725 1360 5778 6.
1412 5726 1524 5794 πῦρ
1575 5741 1694 5778 κατ.

609 5796 696 5848 ubi
723 5796 820 5851 cod
874 5798 1203 5858 67.l05.lt)6
1233 5797 1428 5860 αἰῶνας
1461 5798 1678 5851 habent.
1755 5796 1795 5827 ³³

604 5867 649 5898 ³⁵
674 5868 912 5923 suum?
985 5871 1025 5904 "
1059 5868 1504 5934 ἀποραινόντωνξί

1776 5724 1816 5756 ³⁸
1843 5715 1920 5783 οἷς
2084 5740 2120 5789 μ
2173 5721 2299 5788 Sap.
2334 5720 2386 5780 7.
2451 5722 2542 5772 M'tl
2588 5720 2830 5789 plerique
2864 5719 3074 5771 codices
3130 5726 3187 5772 ttt
3227 5718 3394 5789 Coisl.

1826 5794 1874 5846 εἴ
1905 5809 1986 5852 τις
2021 5793 2116 5844 ἀπ.
2160 5792 2287 5846 Cltt'.
2326 5789 2392 5847 Vl
2421 5792 2525 5846 ‘2‘)?
2549 5792 2609 5845 (1.

3476 5716 3518 5745 δ’
3545 5712 3669 5769 Juil.
3698 5715 3832 5775 7,15,

2691 5786 2813 5844 ³δτ.
2845 5789 2938 5862 την
2971 5789 3070 5861 ἤδη
3101 5806 3149 5857 γ,
3186 5790 3274 5841 καὶ
3307 5787 3464 5859 μέχρι
3495 5786 3586 5840 νῦν
3623 5804 3682 5857 μ.
3715 5786 3831 5840 (λιιι.
