4044 6312
198 429 294 497 801

1373 431 1840 497 CHRONICON.
1887 462 1947 470 -α
1993 435 2144 495 LIB.
2182 433 2282 494 IV.

3366 424 3474 488 802

198 542 498 601 ἀπώλεσεν.
531 545 708 600 Πόθεν
740 541 836 603 οὖν
873 546 1070 619 ἐτέχθη
1102 547 1164 600 τδ
1194 547 1340 617 μέγα
1387 546 1548 600 τοῦτο
1579 547 1780 610 κακὸν;

1914 544 2179 600 udicium.
2223 541 2327 597 Ubi
2373 541 2519 596 enim
2566 541 2732 612 aliqui
2770 542 2931 596 taletn
2979 548 3182 596 metunt
3233 555 3262 594 a
3306 541 3476 594 corde

207 639 338 691 Ἀπὸ
365 641 584 710 τρυφῆς
614 642 711 694 καὶ
738 642 1024 712 σπατάλης
1058 642 1152 694 καὶ
1176 640 1622 711 ἐγκαταλείψεως
1646 638 1783 693 Θεοῦ

1903 653 1991 692 suo
2016 637 2322 706 ejecerunt,
2361 639 2412 689 in
2446 635 2607 690 linem
2639 635 3099 704 dereltnquuntur
3127 643 3182 689 et
3210 634 3282 689 ita
3307 633 3475 689 dere-

198 733 292 784 καὶ
327 731 436 786 ἀπὸ
461 731 562 786 τοῦ
601 734 677 804 μὴ
704 733 990 804 φοϐεῖσθαι
1028 736 1193 788 αὑτὸν
1223 736 1320 788 καὶ
1345 733 1443 806 τὴν
1478 733 1786 805 μέλλουσαν

196 824 412 894 κρίσιν·
448 824 586 878 ὅταν
624 826 737 900 γὰρ
772 827 1048 881 ἐκϐάλωσι
1097 844 1244 892 τινες
1279 827 1370 880 τὸν
1408 823 1656 880 τοιοῦτον
1689 823 1786 894 φάο

198 917 287 969 δον
344 917 410 970 ἑκ
454 918 563 988 τῆς
624 918 858 992 καρδίας
912 919 1118 987 αὐτῶν,
1163 920 1559 990 ίγκαταλιμπά
1610 918 1784 990 (288')

195 1024 378 1063 νονται
406 1011 491 1072 εἰς
525 1009 688 1075 τέλος
727 1011 824 1066 καὶ
869 1010 1042 1077 οὕτως
1081 1012 1332 1084 ἔρχονται
1367 1015 1447 1077 είς
1490 1011 1786 1085 ἐπιθυμίας

196 1103 457 1173 ἀνοήτους
483 1103 586 1158 καί⁸
619 1102 895 1178 βλαϐερὰς
926 1106 1021 1160 καὶ
1051 1106 1094 1137 ³⁷
1137 1124 1155 1157 ι
1191 1107 1272 1169 εἰς
1304 1104 1456 1174 πάθη
1484 1105 1732 1177 ἀτιμίας·
1760 1122 1781 1156 ι

197 1193 387 1264 ὥσπερ
426 1195 546 1267 γὰρ
591 1196 782 1250 πολλοὶ
814 1197 1084 1262 πολλάκις
1113 1199 1215 1269 τὴν
1237 1197 1346 1250 τῶν
1377 1199 1565 1252 σιτίων
1595 1197 1789 1253 ἐπιθυο

200 1290 326 1360 μίαν
378 1289 626 1359 ἀφέντες
680 1292 786 1362 γῆν
837 1292 1121 1346 σιτοῦνται
1174 1294 1269 1347 καὶ
1315 1293 1498 1357 λίθους
1547 1293 1786 1364 μικράς·

196 1379 286 1434 καὶ
310 1380 496 1453 ῑτιροι
529 1381 592 1435 δὶ
640 1383 746 1436 ὑπὸ
777 1383 965 1453 δίψους
1006 1385 1371 1456 κατεχόμενοι
1420 1385 1658 1457 σφοδροῦ
1691 1383 1790 1441 καὶ

199 1469 465 1544 βορϐόρου
530 1474 798 1537 πολλάκις
862 1475 1234 1545 ἐπιθυμοῦσιν
1265 1491 1278 1505 ·
1333 1476 1478 1530 οῦτω
1541 1478 1789 1532 κάκεῖνοι

197 1565 672 1636 καταλειφθέντες
720 1566 811 1620 διὰ
847 1569 945 1633 τὰς
999 1571 1412 1643 προειρημένας
1441 1569 1620 1633 αἰτίας
1651 1569 1792 1642 πρὸς

197 1658 284 1711 τὸν
312 1659 569 1731 ἄθεσμον
622 1659 830 1714 τούτων
881 1661 1262 1736 ἐξεκαύθησαν
1300 1664 1482 1736 ἔρωτα
1515 1665 1612 1718 καὶ
1651 1665 1793 1736 πρὸς

196 1749 291 1821 τὴν
323 1754 541 1824 μιαρὰν
573 1755 755 1828 δρεξιν
791 1764 994 1830 μανίαν
1024 1775 1084 1813 τε
1117 1760 1212 1812 καὶ
1252 1757 1460 1813 λύσσαν
1481 1776 1494 1789 ·
1527 1760 1576 1813 εί
1605 1758 1661 1812 δὲ
1691 1759 1791 1812 οὐκ

200 1843 584 1913 αἰσθάνονται,
616 1848 738 1902 ἀλλ’
779 1850 1023 1922 ἥδονται,
1057 1850 1134 1922 μὴ
1180 1849 1469 1921 θαυμάσῃς
1492 1866 1506 1880 ⁸
1537 1853 1632 1904 καὶ
1683 1850 1793 1922 γὰρ

196 1938 244 1990 οι
277 1940 614 2012 μαινόμενοι
645 1944 741 1998 καὶ
764 1945 1035 2015 φρενίτιδι
1069 1944 1430 2015 κατεχόμενοι
1453 1944 1595 2014 νόσῳ
1621 1945 1795 1998 πολλά

201 2031 429 2093 ἑαυτοὺς
464 2033 792 2101 ἀδικοῦντες
841 2037 936 2090 καὶ
978 2037 1192 2090 ἐλεεινά
1220 2035 1558 2107 πράσσοντες
1591 2037 1676 2106 ἀφ’
1711 2031 1794 2101 οἷς

197 2124 394 2188 αὐτοὺς
425 2125 619 2198 ιτεροι
649 2126 978 2200 δακρύουσι,
1020 2129 1223 2197 γελῶσι
1279 2130 1376 2183 καὶ
1408 2130 1524 2194 τοῖς
1561 2130 1795 2201 λεγομέ-

199 2233 309 2280 νοις
343 2218 539 2281 αύτοῖς
587 2219 926 2292 ἐντρυφῶσι.
974 2221 1146 2275 Πόσαι
1180 2221 1372 2275 λοιπὸν
1417 2221 1638 2291 γέενναι
1667 2222 1796 2286 τοὺς

199 2311 478 2376 τοιούτους
516 2313 803 2383 ἀρκὲσωσι
855 2315 950 2368 καὶ
1002 2314 1151 2368 πόσα
1203 2314 1580 2386 κολαστήριας
1629 2315 1694 2369 Et
1741 2315 1797 2369 δὲ

200 2404 520 2475 καταγελᾷς
554 2405 786 2478 γεέννης
825 2406 1046 2461 ἀκούων
1084 2411 1179 2461 καὶ
1209 2408 1461 2473 ἀπιστεῖς
1492 2407 1686 2480 ἐκείνῳ
1716 2408 1795 2481 τῷ

204 2497 352 2569 πυρὶ,
386 2498 497 2553 ἀνα
513 2497 791 2572 μνήσθητι
827 2500 992 2554 πάλιν
1019 2501 1114 2555 τὸν
1146 2502 1204 2555 ἐν
1238 2500 1496 2572 Σοδόμοις
1524 2501 1670 2556 θεῖον
1700 2503 1799 2573 ἑμ-

205 2591 482 2663 κυρισμδν
540 2594 638 2647 καὶ
686 2593 788 2665 τὴν
825 2593 1069 2665 ipchin
1127 2594 1349 2666 ἐκείνην
1399 2594 1692 2664 φλόγωσιν.
1733 2595 1798 2651 Εἰ

205 2679 294 2737 οὖν
330 2681 575 2740 τοιαῦτα
627 2684 884 2758 πράττων
934 2689 1030 2740 καὶ
1071 2687 1136 2740 σὺ
1172 2686 1332 2758 δίκην
1372 2687 1436 2741 οὐ
1487 2686 1668 2752 δίδως,
1722 2688 1798 2761 μὴ

208 2773 499 2846 θαυμάσῃς
531 2791 546 2805 ·
604 2777 807 2830 ἐκεῖνοι
862 2776 963 2847 μὲν
1008 2777 1117 2852 γάρ
1168 2779 1245 2841 ὡς
1295 2780 1371 2851 μὴ
1409 2778 1510 2850 τὴν
1564 2781 1798 2848 γέενναν

207 2867 408 2931 ειδότες
459 2867 852 2940 ἐκολάσθησαν
908 2870 1064 2942 παρὰ
1115 2870 1318 2935 πόδας·
1376 2873 1443 2925 σὺ
1483 2871 1540 2925 δὲ
1599 2872 1699 2926 ὅσα
1733 2872 1800 2926 ἂν

210 2961 488 3035 ἁμάρτῃς,
548 2961 656 3016 κᾶν
702 2961 978 3035 μηδεμίαν
1011 2962 1172 3036 δίκην
1217 2961 1325 3035 δῷς
1374 2963 1632 3032 ἐνταῦθα,
1685 2967 1805 3021 ἐκεῖ

215 3055 388 3109 πάντα
447 3053 866 3126 χαλεπωτίρως
949 3057 1187 3127 ἀποτίσῃ
1259 3057 1356 3111 καὶ
1429 3056 1801 3130 κολασθήσειο

217 3145 374 3216 διατί;
402 3147 541 3201 Ὅτι
565 3147 813 3211 πλείονος
845 3147 1253 3222 ἀπηλαύςαμεν
1283 3148 1538 3220 χάριτοςο
1562 3149 1696 3204 ὅταν
1746 3150 1802 3204 δὲ

1888 732 2047 786 niuut
2086 731 2152 784 ad
2204 731 2533 801 cupiditates
2589 728 2991 784 irrationabiles
3023 739 3075 784 et
3104 728 3392 784 oliscmnas
3423 738 3477 784 et

1898 842 1916 875 ε
1947 824 2000 878 in
2033 825 2320 894 passiones
2358 824 2728 894 ignominiae.»
2757 820 2912 878 Sicut
2945 822 3092 876 enim
3124 823 3303 888 multi,
3331 838 3477 893 saepe

1892 915 2283 970 alimentorum
2308 914 2584 970 desiderio
2611 917 2887 986 elongato,
2922 926 3124 970 terram
3149 915 3477 987 lapillosque

1894 1009 2222 1074 comedunt;
2274 1010 2368 1064 alii
2424 1022 2630 1076 autem,
2657 1010 2747 1065 siti
2793 1009 3102 1066 vehementi
3139 1010 3353 1082 agitati,
3391 1009 3474 1064 vel

1894 1097 2169 1152 sentinam
2237 1096 2549 1153 desiderant
2605 1114 2620 1152 :
2685 1099 2766 1152 sic
2808 1106 2862 1153 et
2905 1098 2980 1154 illi
3034 1109 3257 1170 propter
3303 1099 3479 1155 dictas

1894 1204 2095 1245 causas
2121 1188 2395 1254 derelicti,
2434 1191 2487 1244 in
2521 1190 2772 1245 illicitmu
2802 1206 2991 1246 eorum
3023 1209 3269 1248 amorem
3322 1205 3376 1248 et.
3421 1193 3477 1247 in

1892 1282 2196 1351 appetitum
2235 1281 2442 1337 {uadum
2476 1282 2920 1353 dementiamque
2961 1299 3025 1338 ac
3081 1284 3285 1338 rabiem
3319 1299 3480 1338 exar-

1891 1375 2148 1430 descuut.
2182 1373 2240 1429 Si
2267 1385 2450 1430 autem
2479 1390 2587 1429 non
2619 1380 2966 1440 erubescant,
2997 1380 3089 1432 sed
3111 1378 3480 1443 oblecteutur,

1893 1482 2002 1522 non
2036 1468 2252 1523 mireris
2298 1486 2313 1523 :
2378 1477 2628 1523 amentes
2660 1470 2806 1523 enim
2841 1477 2897 1524 et
2944 1470 3258 1540 phrenetico
3289 1472 3482 1525 morbo

1894 1558 2228 1625 laborantes,
2275 1560 2444 1615 multa
2491 1561 2632 1614 mala
2683 1560 2790 1617 sibi
2838 1562 3085 1617 inferunt
3134 1573 3189 1618 et
3235 1563 3484 1619 deﬂenda

1896 1650 2127 1718 faciunt,
2158 1652 2229 1707 ita
2262 1661 2320 1706 ιιι
2386 1653 2478 1706 alii
2530 1668 2696 1723 super
2725 1654 2848 1711 illos
2905 1657 3176 1728 laerymas
3211 1656 3438 1710 fundant
3467 1674 3483 1725 ;

1897 1745 2000 1816 ipsi
2052 1753 2235 1800 tamen
2289 1746 2470 1800 rident
2500 1754 2554 1800 et
2585 1746 2810 1803 delicias
2844 1747 2897 1802 in
2934 1750 3096 1805 dictis
3125 1749 3287 1806 rebus
3333 1749 3487 1804 inve-

1899 1840 2082 1892 niunt.
2127 1836 2329 1904 Quales
2362 1836 2581 1892 tamletn
2639 1837 2904 1910 gehennae
2979 1841 3116 1896 tales
3185 1840 3489 1897 arcebunt?

1824 1921 1870 1978 Β
1905 1935 2048 1999 Quot
2078 1931 2392 2002 supplicia?
2431 1929 2486 1985 Si
2544 1948 2674 1987 vero
2716 1935 3019 2004 gehennam
3076 1937 3304 1990 audiens
3360 1935 3488 1990 irri-

1897 2029 2028 2082 deas
2066 2038 2122 2082 et
2173 2027 2262 2082 is:i
2316 2042 2422 2081 non
2467 2027 2662 2082 credas
2709 2027 2842 2097 igni,
2880 2030 3173 2084 recordare
3241 2030 3488 2086 divinum

1899 2121 1954 2175 in
1992 2118 2248 2175 Sodomis
2302 2120 2642 2182 incendium,
2680 2121 2936 2191 illamque
2994 2122 3287 2177 terribilem
3351 2140 3488 2179 con-

1899 2212 2291 2281 sumptionem.
2346 2211 2405 2267 Si
2441 2228 2570 2283 ergo
2620 2213 2746 2267 talia
2780 2228 3018 2282 oper-aus
3065 2224 3118 2270 et
3164 2226 3219 2270 tu
3271 2232 3488 2286 pinnam

1900 2321 2008 2358 non
2073 2305 2264 2369 soliis,
2310 2321 2377 2360 ne
2437 2307 2670 2361 miretis.
2740 2306 2816 2360 liii
2876 2309 3022 2361 enim
3075 2297 3490 2381 Ianquanhqui

1902 2399 2206 2468 gehennam
2257 2411 2365 2453 non
2425 2409 2753 2465 noscerent,
2785 2402 3049 2455 continuo
3099 2401 3273 2472 punii
3322 2413 3489 2469 sunt;

1904 2499 1960 2544 tu
2020 2506 2173 2558 vero,
2223 2507 2564 2563 quascunque
2629 2492 2944 2564 deliqueris,
3003 2494 3220 2552 etiamsi
3284 2495 3489 2550 nullam

1903 2597 2122 2653 prauam
2175 2584 2265 2639 hic
2327 2586 2589 2654 dederisl,
2621 2586 2732 2643 illic
2782 2587 3028 2645 severius
3086 2588 3206 2645 lues
3273 2602 3326 2645 et
3387 2607 3492 2661 pu-

1904 2678 2095 2733 nietis.
2138 2678 2363 2745 Quare?
2410 2679 2549 2748 Quia
2595 2682 2806 2752 majore
2848 2682 3021 2753 gratia
3077 2682 3227 2739 fruiti
3275 2700 3491 2744 sumus.

1909 2771 2048 2826 Cum
2099 2783 2279 2828 autem
2322 2773 2478 2844 plura
2518 2775 2841 2848 majoraque
2888 2793 3054 2848 quam
3097 2779 3173 2834 illi
3221 2781 3496 2851 delinqui-

1909 2886 2052 2934 mus,
2078 2870 2294 2941 qualem
2327 2871 2541 2926 reniam
2565 2872 2958 2942 obtinehimus,
2985 2890 3085 2931 nos
3110 2877 3205 2948 qui
3235 2892 3300 2932 ex
3329 2877 3497 2933 Patri-

1905 2962 2010 3018 bus
2099 2965 2381 3020 salutifera
2461 2965 2773 3036 recepimus
2854 2978 3164 3039 praecepta,
3226 2985 3350 3041 qua:
3418 2972 3496 3024 illi

1907 3057 2070 3129 plane
2105 3072 2213 3112 non
2266 3060 2593 3114 audiverant
2649 3073 2749 3113 nec
2802 3057 3128 3116 didicerant.
3163 3062 3494 3133 Propterea,

1906 3152 2022 3206 sive
2058 3165 2283 3220 parvam
2344 3166 2560 3221 pinnam
2610 3150 2700 3205 hic
2735 3153 3069 3219 dederimus,
3099 3155 3213 3210 sive
3266 3158 3496 3218 nullam,

216 3242 298 3295 καὶ
315 3240 552 3296 πλείονα
565 3242 660 3295 καὶ
681 3242 908 3311 μείζονα
925 3242 1209 3313 πταίωμεν
1223 3244 1473 3309 ἐκείνων,
1485 3229 1649 3310 ποίας
1670 3262 1799 3316 συγ-

1909 3246 2082 3313 ntagis
2118 3246 2427 3316 puniemur.
2470 3244 2660 3300 Nullus
2705 3245 2870 3316 igitur
2919 3249 3093 3303 malos
3121 3249 3312 3304 videns
3368 3266 3497 3321 pro-

213 3333 433 3405 γνώμης
460 3333 726 3405 τύχωμεν
762 3336 827 3387 ὲκ
854 3334 1140 3407 προγόνων
1161 3335 1230 3390 τά
1266 3335 1591 3407 σωτηριὼδη
1616 3351 1800 3406 παρα-

210 3423 467 3491 λαϐόντες
518 3425 855 3496 διδάγματα,
894 3427 1042 3499 ἀπερ
1087 3429 1290 3482 ἐκεῖνοι
1336 3426 1623 3491 παντελῶς
1674 3425 1802 3481 οὔτε

210 3520 451 3590 ἥκουσαν
480 3516 613 3572 οὕτε
639 3519 870 3590 ἔμαθον,
908 3518 1054 3573 ὥστε
1085 3519 1177 3573 διὰ
1219 3519 1381 3574 τοῦτο
1415 3517 1684 3590 μειζόνως
1715 3536 1805 3574 κο-

212 3613 630 3688 λασθησόμεθα,
663 3618 766 3673 κάν
795 3631 853 3668 τε
904 3614 1111 3686 μικρὰν
1149 3613 1306 3686 δίκην
1357 3613 1592 3670 ἐνταῦθα
1619 3616 1802 3687 δῶμεν

213 3706 310 3760 κᾶν
348 3725 408 3761 τε
464 3707 548 3781 μὴ
573 3709 781 3780 δῶμεν.
823 3706 1036 3762 Οὐκοῦν
1089 3705 1284 3777 μηδεὶς
1338 3707 1481 3780 ὁρῶν
1527 3710 1803 3778 πονηροὺς

211 3797 638 3871 εὐπραγοῦντας
669 3801 1011 3872 θορυόείσθω
1032 3817 1046 3830 °
1088 3802 1150 3854 οῦ
1181 3800 1291 3871 γάρ
1323 3803 1473 3855 ἐστιν
1499 3801 1736 3855 ἐνταῦθα
1765 3803 1798 3872 ἠ

210 3892 584 3957 ἀνταπόδοσις
618 3894 746 3948 οὔτε
800 3893 900 3966 τῆς
953 3894 1158 3965 ἀρετῆς
1191 3892 1317 3947 οὔτε
1353 3893 1454 3965 τῆς
1491 3895 1763 3968 πονηρίας
1785 3913 1802 3930 ο

214 3985 262 4038 ει
290 3986 344 4038 δὲ
374 3983 482 4040 σοῦ
515 3989 608 4039 καὶ
651 3987 864 4054 γίνεται
898 3985 1000 4056 τῆς
1029 3987 1232 4058 ἀρετῆς
1261 3985 1357 4038 καὶ
1382 3985 1480 4056 τῆς
1513 3987 1804 4059 πονηρίας,

214 4077 329 4132 ἀλλ’
357 4077 490 4151 οὐχὶ
535 4080 655 4132 κατ’
683 4079 844 4143 ἀξίαν
876 4079 994 4132 ἀλλ’
1022 4078 1213 4142 ἁπλῶς
1257 4079 1461 4132 ὡσανεὶ
1490 4077 1677 4147 γεῦμα
1706 4081 1804 4150 τῆς

215 4172 480 4241 κρίσεωβ.
701 4173 789 4226 ἵνα
818 4172 870 4224 οῖ
915 4174 981 4243 τῇ
1021 4171 1318 4225 ἀναστάσει
1365 4170 1803 4241 διαπιστοῦντες,

215 4263 326 4326 τοῖς
374 4261 516 4330 γοῦν
568 4264 806 4319 ἐνταῦθα
864 4263 1347 4334 σωφρονίζων-ται·
1389 4263 1520 4317 ὃταν
1569 4263 1662 4319 οὖν
1711 4268 1805 4318 εῦ-

219 4357 405 4427 πραγῆ
431 4356 463 4407 ὁ
503 4357 764 4427 πονηρὸς,
814 4359 908 4409 ἒπί
958 4356 1116 4423 κακῷ
1161 4360 1260 4429 τῆς
1291 4357 1488 4410 ἑαυτοῦ
1523 4358 1802 4431 κεφαλῆςο

219 4445 402 4518 (Ξ88δ)
438 4447 528 4500 ἵνα
579 4450 689 4519 γὰρ
735 4441 813 4501 ὧν
867 4448 1106 4520 ἔπραξεν
1159 4448 1313 4522 ἴσως]
1368 4450 1548 4522 (illa)
1587 4453 1808 4520 ἀγαθῶν

217 4540 316 4610 τὴν
354 4541 637 4596 ἀντίδοσιν
663 4542 708 4574 ³⁸
760 4542 999 4597 ἐνταῦθα
1051 4542 1230 4596 λαϐὼν
1267 4544 1400 4607 ἴσως
1447 4547 1564 4599 εκεῖ
1617 4543 1802 4599 πλεῖον

1910 3353 2071 3407 spere
2120 3348 2346 3410 agentes
2419 3339 2782 3394 conturbetur
2829 3357 2845 3394 :
2907 3357 3013 3396 nou
3078 3342 3223 3396 enim
3275 3353 3357 3400 est
3409 3344 3497 3400 hic

1911 3431 2285 3483 remuneratio
2318 3444 2418 3483 uec
2466 3427 2685 3484 virtutis
2715 3446 2814 3484 nec
2841 3432 3129 3502 nequitiae;
3165 3436 3310 3504 quod
3361 3435 3405 3488 si
3439 3447 3496 3488 tu

1911 3522 2133 3577 virtutis
2170 3531 2226 3576 et
2276 3521 2530 3592 nequitia:
2592 3524 2903 3579 mercedem
2942 3526 3186 3590 obtines,
3253 3542 3361 3581 non
3412 3539 3498 3583 est

1905 3613 2061 3684 juxta
2099 3617 2450 3686 dignitatem;
2487 3615 2581 3671 sed
2637 3625 2900 3687 tanquam
2951 3617 3494 3691 degustatiojudicii,

1913 3715 1973 3759 ut
2001 3705 2097 3775 qui
2124 3706 2582 3760 resurrectionem
2618 3722 2726 3761 non
2759 3708 3011 3772 credunt,
3045 3710 3115 3764 ab
3141 3709 3211 3765 iis
3240 3727 3361 3781 quae
3410 3714 3499 3766 hie

1912 3801 2068 3864 liuut,
2103 3799 2397 3868 prudentes
2424 3799 2746 3854 eiiiciantur.
2811 3801 2948 3871 Cum
3006 3803 3171 3874 igitur
3206 3821 3498 3875 prospera-

1915 3900 2002 3946 tur
2032 3892 2336 3961 improbus,
2371 3891 2436 3946 ad
2462 3892 2758 3964 perniciem
2790 3902 2874 3949 est
2908 3897 3103 3966 capitis
3128 3897 3298 3966 ipsius
3327 3916 3342 3952 :
3369 3902 3498 3970 quia

1913 3987 2060 4040 enim
2113 4000 2304 4040 eorum
2339 4001 2462 4056 qua:
2501 3986 2590 4043 hic
2624 3988 2763 4043 bene
2796 3992 2963 4059 gessit
2997 3995 3495 4051 remunerationem

1913 4080 2147 4150 accepit,
2189 4079 2300 4134 illic
2347 4081 2519 4150 magis
2564 4083 2842 4152 punietur.
2871 4085 3007 4139 Cum
3063 4099 3249 4143 autem
3296 4091 3501 4160 patitur

1914 4172 2116 4235 bonus,
2169 4187 2295 4228 vere
2328 4173 2524 4229 beatus
2553 4184 2666 4240 est;
2725 4192 2874 4243 nam,
2924 4179 3190 4248 depositis
3239 4186 3498 4242 oniuibus

1915 4266 2155 4337 peccatis
2207 4267 2418 4335 magnis
2465 4277 2518 4321 et
2556 4269 2759 4338 parvis,
2821 4271 3087 4342 probatus
3131 4288 3185 4329 et
3233 4291 3404 4345 pttrus
3446 4291 3500 4334 et

1916 4359 2419 4431 irreprebensibilis
2468 4362 2662 4417 abibit.
2707 4363 2818 4420 Illic
2869 4367 3014 4420 enim
3063 4378 3194 4424 sunt
3245 4373 3499 4440 perlecta:

1917 4449 2186 4504 bonorum
2263 4465 2518 4513 coronae;
2579 4453 2691 4508 illic
2750 4456 2915 4509 etiam
2963 4472 3117 4513 acres
3143 4458 3216 4530 [et
3279 4460 3501 4518 inﬁnita:

1919 4543 2192 4597 malorum
2232 4559 2430 4614 poenae.
2464 4545 2618 4600 Sicut
2645 4546 2791 4600 enim
2817 4548 2907 4616 qui
2944 4550 3126 4603 tabum
3165 4552 3347 4619 habet,
3396 4557 3498 4610 etsi

219 4632 633 4705 κολασθήσηται
663 4635 709 4668 ³⁸
733 4635 863 4690 ὅταν
885 4635 946 4688 δὲ
985 4636 1172 4708 πάσχῃ
1221 4639 1249 4690 ὁ
1277 4638 1501 4706 ἀγαθὸς,
1537 4638 1799 4710 μακάριος

1920 4649 2028 4688 non
2075 4647 2412 4706 amputetur,
2448 4649 2676 4709 aegrotat
2707 4650 2761 4693 et
2812 4649 2941 4695 tunc
2990 4645 3163 4713 magis
3195 4649 3498 4714 cruciatur,

219 4724 384 4790 ὅντως
440 4727 615 4791 ἐστὶν,
668 4729 754 4781 ἵνα
795 4730 905 4800 γὰρ
956 4728 1296 4800 ἀποθέμενος
1363 4732 1542 4783 πάντα
1603 4732 1698 4784 καὶ
1735 4731 1799 4784 τὸ

1909 4744 2037 4783 cum
2109 4744 2216 4783 non
2283 4741 2602 4801 amputatur
2652 4747 2666 4787 :
2714 4731 2797 4788 sic
2874 4745 3165 4803 peccator,
3217 4741 3319 4793 etsi
3389 4758 3499 4796 non

225 4818 398 4891 μικρά
437 4821 844 4893 ἁμαρτήματα,
870 4821 1162 4892 εὐδόκιμος
1190 4825 1287 4876 καὶ
1324 4821 1570 4894 καθαρὸς
1600 4822 1738 4895 ἀπίῃ
1761 4824 1799 4856 ιι

1910 4823 2196 4893 puniatur,
2249 4825 2510 4878 omnibus
2557 4825 2812 4879 miserior
2858 4837 2960 4881 est.
3019 4828 3496 4894 Quemadmodum

223 4912 314 4964 καὶ
341 4911 661 4978 ἀνεύθυνος.
739 4914 887 4968 Ἐκεῖ
917 4914 1025 4985 γάρ
1073 4916 1214 4969 εἰσιν
1247 4915 1298 4968 οῖ
1323 4913 1520 4969 τέλειοι
1547 4915 1808 4985 στέφανοι

220 5002 329 5056 τῶν
360 5004 609 5072 ἀγαθῶν,
641 5009 738 5059 καὶ
761 5007 877 5058 ἐκεῖ
897 5006 954 5060 αἱ
987 5005 1346 5078 σφοδρότεραι
1381 5008 1476 5060 καὶ
1507 5005 1808 5077 ἀπέραντοι

223 5095 476 5160 κολάσεις
532 5098 646 5152 τῶν
696 5097 995 5168 πινηρῶν·
1045 5097 1239 5169 ὥσπερ
1292 5101 1386 5151 καὶ
1441 5099 1470 5151 δ
1532 5099 1806 5170 σηπεδόνα

227 5188 386 5258 ἔχων,
427 5190 529 5242 κᾶν
582 5191 657 5261 μὴ
689 5191 984 5261 τέμνηται,
1016 5191 1298 5263 apponet
1328 5191 1423 5244 καὶ
1451 5192 1574 5244 τότε
1606 5191 1811 5261 μᾶλλον

227 5283 282 5333 ὲν
311 5285 530 5347 κακοῖς,
558 5283 690 5338 ὃταν
721 5283 798 5355 μὴ
834 5283 1136 5355 τέμνηται*
1166 5283 1341 5348 οὕτως
1373 5287 1467 5338 καὶ
1496 5288 1525 5339 ὀ
1558 5284 1814 5356 ἁμαρτά-

229 5390 358 5442 νων,
383 5377 484 5430 κᾶν
527 5376 606 5447 μὴ
636 5378 959 5448 κολάζηται,
1002 5377 1226 5431 πάντων
1271 5379 1420 5431 ἐστὶν
1454 5378 1822 5448 ἀθλιώτερος.Δ

231 5465 338 5519 Καὶ
388 5469 644 5540 καθάπερ
686 5471 737 5523 οῖ
790 5471 1010 5541 σπλῆνα
1056 5471 1153 5522 καὶ
1192 5469 1382 5540 ύδερὸν
1413 5469 1653 5540 ἔχοντες,
1681 5472 1812 5524 ὅταν

241 5559 598 5616 ἀπολαύσωσι
627 5563 911 5635 τραπέζης
941 5563 1170 5634 δαψιλής
1194 5565 1288 5616 καὶ
1311 5564 1686 5634 ψυχροποσίας
1717 5563 1813 5616 καὶ

1914 4927 2084 4982 porro
2119 4911 2194 4966 illi
2247 4913 2340 4983 qui
2397 4913 2584 4982 Splene
2635 4923 2688 4968 et
2745 4914 2990 4986 hydrope
3048 4919 3318 4984 laborant,
3372 4936 3496 4974 cum

1915 5018 2104 5059 mensa
2130 5003 2438 5073 splendida,
2467 5002 2777 5073 lrigidoque
2801 5014 2954 5073 potu,
2981 5013 3035 5060 et
3060 5005 3224 5059 lautis
3245 5006 3496 5075 dapibus,

1914 5104 1969 5149 et
1993 5097 2188 5166 opimis
2221 5095 2517 5151 esculentis
2543 5094 2820 5159 fruuntur,
2869 5107 2980 5151 tum
3027 5099 3327 5162 praesertim
3356 5115 3495 5152 cuu-

1912 5189 2015 5244 ctis
2077 5188 2504 5242 miserabiliores
2563 5199 2732 5252 sunt,
2784 5191 2914 5260 quia
2971 5189 3184 5244 deliciis
3243 5193 3494 5246 morbum

1910 5280 2205 5351 adaugent,
2254 5280 2385 5334 dum
2427 5295 2456 5335 e
2485 5290 2676 5336 contra
2718 5280 2765 5337 si
2811 5281 2968 5350 juxta
3021 5283 3307 5338 medicina:
3351 5285 3497 5353 leges

1910 5372 2054 5429 fame
2085 5373 2283 5444 sitique
2323 5384 2693 5441 coarctantur,
2745 5376 3040 5446 quamdam
3086 5392 3239 5447 spem
3290 5380 3483 5436 salutis

1913 5467 2116 5521 habent
2151 5483 2163 5519 :
2200 5467 2280 5520 sic
2315 5466 2409 5536 qui
2463 5467 2515 5521 in
2569 5469 2774 5523 malitia
2811 5469 3022 5537 vivunt,
3071 5472 3116 5524 si
3168 5473 3492 5542 puniuntur,

1909 5576 2063 5631 spem
2090 5559 2352 5629 optimam
2383 5559 2619 5628 habent;
2650 5562 2695 5617 si
2721 5578 2850 5618 vero
2868 5577 2992 5617 cum
3023 5564 3252 5630 malitia,
3285 5566 3495 5622 deliciis

1417 5707 1618 5769 Vurim
1645 5706 1955 5770 lectiones
1993 5725 2054 5769 et
2081 5711 2246 5767 natm

303 5859 344 5891 ³⁷
376 5859 529 5917 Rom.
583 5876 635 5922 ι,
668 5859 759 5914 ‘26.
817 5859 862 5892 ³⁸
892 5858 1238 5929 ἀντιμισθίαν
1265 5859 1386 5913 cod.
1443 5859 1799 5913 ἀνταπόδοσιν

1914 5899 1927 5930 .γ
1955 5888 2020 5900 --
2045 5876 2132 5927 γρ.
2172 5859 2440 5912 ἀντίδοσιν
2473 5859 2592 5914 cod.
2661 5859 2712 5913 in
2751 5861 2994 5929 margine
3055 5860 3337 5930 hucusque
3369 5862 3493 5919 cod.

237 5929 393 5986 Coisl.
470 5932 513 5964 ³ο
544 5931 834 6001 llucusque
855 5934 1224 6003 apographum
1259 5929 1460 5986 codicis
1491 5930 1810 5985 Coisliniani
1840 5929 1965 5984 305.
2046 5934 2089 5962 δυ
2116 5931 2266 5984 ἀπίει
2305 5933 2427 5985 ρυιι.
