4044 6312
219 391 321 454 949

1410 404 1869 472 CHRONICON.
1909 433 1982 450 -
2016 411 2164 475 LIB.
2207 415 2308 480 IV.

3340 420 3453 484 950

219 499 481 556 θεοτόκον
513 502 735 576 Μαρίαν
765 504 1193 580 ἐπικαλουμένου
1225 510 1318 564 καὶ
1367 514 1503 569 πᾶσι
1536 531 1782 585 παρακε-

1887 531 2092 591 mante,
2144 532 2200 580 et
2228 533 2490 595 astantes.
2525 530 2668 601 quod
2707 537 2956 604 oporteat
2984 547 3103 589 eam
3137 533 3355 605 proprie
3394 545 3454 593 ιιι

217 593 510 664 λιυομὲνου
544 597 638 650 καὶ
674 597 1095 667 δογματίζοντος
1129 601 1203 666 ὡς
1234 603 1340 676 χρὴ
1379 607 1646 676 τιμᾶσθαι
1689 608 1786 663 καὶ

219 688 644 754 προσκυνεῖσθαι
665 688 741 752 ὡς
765 690 968 763 κυρίως
985 693 1244 749 Θεοτόκον
1263 697 1359 767 την
1376 695 1566 752 Ἀειπα
1576 700 1784 770 ρθένον,

213 776 406 843 δεινῶς
432 779 530 832 καὶ
557 780 808 851 χαλεπῶς
837 784 935 857 την
963 784 1153 841 ἀθλίαν
1202 787 1370 844 αὖτοῦ
1395 790 1578 864 ψυχὴν
1614 793 1786 868 ἀπέρ-

215 872 363 940 rw.

282 961 396 1036 (‘9)
433 964 572 1035 Περὶ
606 958 668 1021 οὖ
705 967 800 1022 καὶ
837 969 866 1022 ό
915 969 1057 1034 θεῖος
1089 970 1404 1045 Νικηφόρος
1440 979 1787 1052 πατριάρχης

218 1058 844 1126 κωνσταντινουπόλεως
873 1064 1053 1119 τοιάδε
1088 1067 1252 1135 φησίν
1275 1068 1385 1140 (α)·
1423 1088 1442 1124 ι
1487 1071 1705 1144 Ἐπειδὴ
1730 1073 1788 1129 σι

215 1164 337 1203 τινα
366 1150 522 1220 παρά
569 1154 682 1217 τοῖς
715 1155 1123 1228 Χριστομάχοις
1153 1161 1593 1233 περιθρυλλείται
1641 1165 1788 1239 ἅπερ

218 1241 394 1306 αὐτοῖς
422 1243 454 1296 ό
480 1242 580 1298 τοῦ
617 1244 846 1314 ψεύδους
891 1251 1071 1320 πατὴρ
1105 1253 1430 1322 ἑμπνεύσειε
1451 1295 1468 1321 ,
1510 1259 1642 1326 φέρε
1694 1262 1789 1316 καὶ

217 1331 386 1388 ταῦτα.
439 1334 889 1409 διασκεψώμεθα.
921 1342 1367 1412 Καταψεύδονται
1401 1349 1510 1421 γὰρ
1554 1350 1644 1405 διὰ
1691 1354 1789 1425 τὴν

219 1427 294 1488 sic
320 1425 559 1498 Χριστὸν
602 1430 698 1484 καὶ
738 1432 837 1499 τὴν
881 1432 1207 1506 Ἐκκλησίαν
1242 1439 1407 1494 αὑτοῦ
1456 1441 1613 1514 ὓϐριν
1663 1447 1791 1518 χρό-

219 1533 338 1581 νους
366 1520 682 1610 μηκίστους
729 1525 824 1578 καὶ
871 1530 1332 1601 παρατεταμένην
1365 1531 1510 1605 ζωὴν
1553 1537 1647 1592 καὶ
1675 1539 1791 1610 βίον

218 1609 423 1681 εὐπειθῆ
479 1615 856 1686 μεμετρῆσθαι
885 1616 962 1687 τῷ
989 1618 1263 1693 Μαμωνᾷ,
1289 1624 1380 1676 καὶ
1416 1609 1715 1697 εὐημερίας
1742 1626 1789 1664 ³⁸

220 1703 295 1766 είς
322 1702 492 1774 ἀκρον
521 1704 740 1771 ἐλάσαι,
767 1707 919 1773 νίκας
949 1725 1008 1763 τε
1032 1711 1174 1766 κατὰ
1200 1713 1497 1784 ϐαρϐάρων
1519 1719 1670 1790 αὐτῷ
1698 1721 1791 1776 καὶ

218 1793 690 1867 ἀνδραγαθήματα
735 1800 811 1864 ὡς
858 1801 1087 1858 πλείστα
1145 1806 1566 1878 ἐπιγράφονται,
1603 1812 1640 1866 ἃ
1675 1815 1790 1878 τοῖς

222 1882 493 1954 σώφροσιν
521 1888 646 1943 οὐδὲ
689 1893 770 1954 εἰς
816 1893 1082 1962 ἀκρόασιν
1127 1895 1382 1967 ἔρχεσθαι
1430 1901 1660 1960 δίκαιον.
1702 1905 1788 1970 Ὠς

218 1977 262 2030 δ’
287 1976 355 2034 ἄν
395 1978 507 2033 τῶν
556 1981 1006 2056 ἀπλουστέρωνῆ
1052 1990 1445 2064 ἀμαθεστέρων
1497 1996 1648 2060 τινὰς
1675 2001 1788 2063 τοῖς

221 2071 280 2124 ἑκ
307 2071 403 2142 τῆς
425 2074 650 2143 ἀπάτης
679 2078 1064 2148 ἀναπλασμοῖς
1095 2081 1193 2153 μὴ.
1219 2083 1529 2154 βλάπτοιεν,
1566 2089 1788 2155 τούτους

220 2163 614 2232 ἀπευθύνοντες
645 2167 876 2225 ἕκαστον
919 2171 1113 2239 δεινοῖς
1144 2174 1325 2244 λόγοις
1356 2178 1584 2244 ἑαυτοὺς
1619 2199 1787 2251 φενα-

222 2254 462 2320 κίζοντας
495 2258 892 2332 ἀποιραίνωμεν
921 2266 1036 2329 τοῖς
1069 2268 1484 2340 ματαιόφροσιν.
1517 2273 1640 2326 Ὅτι
1687 2275 1788 2342 μὲν

221 2349 324 2419 γὰρ
350 2345 445 2406 οὖν
497 2351 714 2408 ἐκείνου
757 2356 866 2410 πᾶν
894 2358 1120 2436 αίσχρδν
1161 2359 1375 2428 γέγονε,
1411 2362 1698 2431 βδελυκτός
1729 2383 1786 2419 τε

220 2439 332 2512 θεῷ
383 2445 479 2497 καὶ
532 2445 794 2513 ἀγγέλοις
847 2449 940 2501 καὶ
991 2449 1302 2521 ἀνθρώποις
1355 2455 1468 2518 τοῖς
1505 2457 1786 2511 εὐσεϐέσιν

220 2533 476 2605 ὑπῆρχεν,
496 2535 602 2590 οὐκ
630 2538 970 2609 όισυμφανίς.
1001 2542 1106 2594 Καὶ
1131 2543 1240 2614 γὰρ
1263 2545 1344 2608 είς
1369 2547 1437 2599 τὰ
1462 2547 1559 2616 τῆς
1585 2550 1786 2619 σαρκὸς

223 2627 360 2696 πάθη
384 2632 854 2702 κατασυρόμενος,
879 2635 972 2688 καὶ
1004 2637 1116 2698 τοῖς
1144 2635 1623 2709 ἀπηγορευμένοις
1644 2641 1787 2713 ὄαρ-

223 2717 398 2790 6άροις
433 2721 531 2775 καὶ
567 2722 792 2795 Ἕλλησι
830 2725 989 2794 σῶμα
1025 2728 1116 2780 καὶ
1157 2728 1337 2798 ψυχὴν
1366 2730 1393 2782 ό
1425 2729 1658 2796 δείλαιος
1685 2735 1784 2804 εμ-

225 2810 616 2882 μολυνόμενος,
672 2817 773 2887 τὴν
834 2817 944 2870 τῶν
1014 2818 1225 2888 ἀλόγων
1282 2819 1437 2884 ζώων
1497 2825 1785 2896 παρήλασε

225 2903 534 2971 κτηνωδίαν.
562 2907 672 2960 Καὶ
695 2907 868 2963 ταῦτα
899 2910 998 2963 οὐκ
1029 2910 1200 2978 ὀλίγοι
1229 2911 1338 2964 τῶν
1365 2919 1785 2987 παραιτησαμέ-

225 3009 316 3047 νων
337 2996 383 3028 ³¹
405 2996 558 3066 αὐτῷ
591 2998 756 3067 μέχρι
779 3000 940 3070 δεῦρο
966 3004 1245 3074 περιόντες
1275 3007 1781 3076 ὲπαγγελλίτωσαν,

229 3083 345 3139 Μεθ’
364 3079 440 3140 ὧν
475 3089 574 3143 καὶ
607 3089 780 3145 τάλλα
811 3090 878 3145 δι’
907 3091 942 3144 ᾱ
969 3095 1095 3164 περὶ
1126 3094 1185 3149 τὸ
1218 3098 1377 3166 σῶμα
1408 3098 1556 3169 αὐτῷ
1585 3103 1785 3172 κατήν-

1887 612 2169 686 Deipsrsm
2222 627 2508 692 etsempcr
2537 618 2811 694 Virginem
2851 625 3141 692 honorare,
3192 639 3444 684 monente

1888 707 2121 779 turpiter
2143 720 2200 767 et
2220 724 2364 782 egre
2388 710 2643 772 miseram
2672 714 2908 773 animam
2943 715 3194 774 reddidit.

1960 989 2037 1047 De
2069 1005 2179 1062 quo
2201 1001 2257 1050 et
2277 992 2496 1050 divinus
2517 992 2857 1067 Nicephorus
2881 995 3189 1069 patriarcha
3216 994 3454 1068 Cpolita-

1886 1096 1994 1138 nus
2015 1084 2086 1139 ita
2111 1083 2383 1155 loquitur:
2417 1103 2437 1138 ι
2466 1085 2732 1155 Quoniam
2755 1101 2886 1146 vero
2900 1086 2970 1145 ab
2988 1087 3224 1146 inimicis
3248 1085 3451 1145 Christi

1887 1174 2147 1231 nonnulla
2181 1175 2461 1246 iactantur
2494 1191 2564 1234 ex
2622 1177 2888 1235 mendacii
2950 1179 3191 1251 parentis
3239 1179 3448 1243 afﬂatu.

1887 1280 1987 1336 age
2024 1280 2155 1321 vero
2173 1265 2285 1337 iam
2311 1267 2618 1338 cuiusmodi
2639 1268 2750 1326 sint
2773 1283 2836 1326 ea
2865 1269 3295 1329 consideremus.
3319 1270 3454 1328 Nam

1888 1355 1955 1409 ad
1983 1355 2187 1411 Christi
2217 1356 2432 1413 Domini
2475 1356 2839 1428 Ecclesiteque
2878 1360 3262 1416 contumeliam
3298 1376 3456 1416 mcu-

1892 1447 1978 1502 tiri
2015 1448 2116 1503 ista
2157 1447 2356 1516 solent,
2389 1449 2660 1505 diuturna:
2689 1448 2812 1506 vitae
2834 1450 3010 1522 spatia
3037 1465 3165 1507 cum
3204 1451 3458 1508 maximis

1889 1539 2262 1610 voluptatibus
2301 1537 2541 1611 pessimo
2571 1539 2700 1597 huic
2725 1538 3052 1597 Hammona:
3081 1556 3202 1599 esse
3229 1555 3459 1599 conces-

1888 1646 1972 1699 sa,
1997 1630 2356 1704 eumdemque
2382 1631 2658 1688 felicitatis
2683 1646 2900 1689 summa
2925 1633 3241 1706 contigisse.
3269 1633 3374 1693 Sed
3403 1645 3459 1690 et

1890 1724 2132 1797 insignes
2173 1724 2242 1781 de
2290 1722 2547 1781 Barbaris
2599 1724 2878 1793 victorias,
2931 1736 2990 1786 et
3014 1729 3227 1801 egregia
3289 1728 3456 1785 multa

1892 1817 2134 1872 facinora
2175 1815 2440 1881 tribuunt,
2477 1832 2598 1888 quze
2647 1831 2719 1874 ne
2755 1818 2943 1875 auditu
2994 1819 3216 1890 quidem
3247 1833 3348 1890 par
3377 1828 3461 1877 est

1891 1908 2196 1965 admittere.
2241 1906 2350 1964 Sed
2376 1923 2444 1963 ne
2481 1908 2906 1978 imperitioribus
2935 1909 3270 1980 minimeque
3301 1909 3460 1966 malis

1891 2001 2208 2059 hominibus
2222 2016 2285 2057 ea
2311 2001 2590 2057 mendacia
2615 2002 2791 2058 fraudi
2825 2005 2956 2069 sint,
2989 2003 3352 2075 redarguendi
3381 2003 3458 2058 illi

1890 2089 2049 2146 nobis
2076 2098 2258 2157 erunt,
2292 2097 2350 2144 ut
2374 2100 2707 2160 quantopere
2737 2105 2798 2148 se
2826 2090 2926 2163 ipsi
2950 2092 3206 2148 inanibus
3234 2094 3319 2149 his
3342 2109 3460 2147 scr-

1891 2181 2149 2238 monibus
2179 2179 2532 2237 luditlceutur
2551 2182 2881 2251 intelligant.
2905 2181 3071 2254 Igitur
3095 2185 3278 2240 omnia
3313 2185 3457 2241 illius

1888 2287 2053 2343 quam
2111 2272 2428 2343 turpissima
2456 2272 2646 2341 fuisse,
2699 2289 2934 2345 cumque
2971 2273 3104 2340 Deo,
3145 2276 3349 2348 angelis
3395 2294 3458 2334 ac

1892 2365 2160 2437 religiosis
2180 2365 2493 2422 hominibus
2511 2365 2902 2422 exsecrabilem
2927 2367 3220 2431 exstitisse.
3255 2381 3460 2438 nequeo

1888 2472 2054 2529 quam
2076 2469 2158 2516 est
2183 2459 2495 2514 obscurum.
2523 2456 2658 2514 Nam
2678 2475 2802 2514 cum
2821 2460 2968 2516 enini
2989 2474 3050 2518 se
3088 2461 3140 2516 in
3170 2459 3456 2518 libidinum

1887 2565 2087 2622 genere
2120 2551 2412 2615 volutaret.
2458 2551 2636 2621 iisque
2660 2566 2860 2622 corpus
2895 2566 3056 2608 suum
3107 2563 3162 2609 et
3211 2554 3455 2610 animum

1887 2652 2280 2714 conspurcaret
2327 2657 2451 2713 qute
2489 2651 2596 2699 tam
2631 2641 2892 2700 Barbaris
2944 2659 3109 2716 quam
3163 2645 3457 2717 gentilibus

1887 2743 2016 2791 sunt
2049 2733 2234 2796 vetita.
2266 2732 2426 2804 longe
2455 2737 2686 2804 pecudes
2715 2734 2862 2803 ipsas
2891 2733 3134 2793 fmditate
3155 2735 3454 2807 superavit.

1887 2826 2063 2896 Atque
2093 2824 2208 2880 haec
2242 2839 2349 2879 nou
2373 2823 2528 2892 pauci
2552 2823 2644 2894 qui
2675 2839 2798 2879 cum
2826 2839 2892 2881 eo
2921 2825 3172 2881 vixerunt
3189 2835 3243 2882 et
3263 2827 3456 2885 hodie-

1888 2933 1995 2988 que
2027 2927 2320 2987 supersunt
2340 2915 2616 2972 testiiicari
2640 2925 3048 2986 poterunt;nec
3088 2934 3196 2976 non
3226 2927 3282 2976 et
3301 2920 3453 2977 varia

1888 3010 2133 3078 corporis
2178 3010 2519 3064 incommoda
2564 3007 2785 3079 quidem
2825 3008 2966 3065 idem
3018 3007 3124 3064 fuit
3160 3008 3455 3066 obnoxius.

1889 3101 2175 3159 Doloribus
2197 3100 2340 3155 enim
2370 3115 2432 3156 ac
2463 3099 2816 3165 cruciatibus,
2851 3099 2944 3172 qui
2976 3099 3236 3170 explicari
3267 3100 3454 3158 dicen-

230 3189 396 3270 τησαν.
423 3176 618 3243 Πόνοις
647 3181 755 3253 γὰρ
777 3183 870 3236 καὶ
897 3183 1187 3254 ἀλγηδόσιν
1219 3188 1500 3260 ἀρρήτοις.
1531 3187 1619 3246 οἷα
1639 3193 1785 3259 είκδς

1890 3195 1960 3249 do
2014 3201 2310 3264 nequeunt,
2362 3192 2804 3256 excarniﬁcatus.
2864 3191 3171 3262 cuiusmodi
3208 3193 3454 3249 ulcerosa

225 3265 334 3358 sub;
402 3269 760 3343 ήλκωμένους
811 3277 1080 3347 πάσχειν,
1139 3279 1468 3352 βαλλόμενος
1529 3288 1783 3358 πονήρως

224 3356 348 3424 ἄγαν
376 3363 468 3417 καὶ
517 3363 840 3433 ἀνηκέστως
889 3367 1140 3432 διέκειτο,
1171 3373 1266 3426 καί
1305 3390 1428 3428 τινα
1463 3356 1662 3446 (Ιϐἳδὶ-
1677 3378 1784 3432 τῶν

229 3449 390 3516 μελῶν
418 3453 524 3508 ὑπὸ
555 3458 652 3525 τῆς
690 3457 976 3524 ἑλκὼσεως
1006 3461 1098 3515 καὶ
1130 3461 1474 3533 διαθρὼσεως
1498 3468 1784 3541 ἀπερρυη-

225 3541 385 3598 κότων
417 3546 568 3619 αὐτῷ
619 3548 869 3614 ἐλεεινῶς
899 3553 1304 3625 κατετρύχετοε⁵
1333 3559 1699 3628 συνεχέστατα
1726 3561 1783 3617 δι

225 3633 320 3688 ὑπὸ
358 3637 464 3691 τῶν
503 3639 801 3711 Ἐριννύων
836 3643 1327 3716 ὲκδειματούμενος
1349 3650 1560 3720 πικρῶς
1587 3667 1648 3704 τε
1688 3655 1785 3707 καὶ

225 3725 430 3792 ἀΰπνως
472 3731 738 3796 πολλάκις
789 3732 881 3788 τὸν
926 3738 1244 3806 νυκτερινὸν
1295 3741 1489 3812 καιρὸν
1540 3742 1780 3813 διήνυσε.

227 3816 499 3890 Παρείσθω
528 3823 596 3876 τὰ
626 3823 723 3877 νῦν
746 3824 928 3893 λέγειν
961 3826 1021 3878 τὺ
1054 3827 1149 3897 τῆς
1178 3827 1386 3900 διαίτης
1421 3832 1582 3902 ἀηδές
1606 3851 1662 3886 τε
1690 3837 1785 3889 καὶ

227 3908 523 3982 αἴσχιστονο
565 3916 704 3989 ὅπερ
736 3917 843 3988 γὰρ
878 3917 947 3973 ἂν
975 3920 1110 3991 πρὸς
1153 3919 1380 3992 ἄριστον
1413 3911 1670 3995 βρώσεως
1713 3927 1781 3996 ³³,

224 4004 282 4056 οὐ
326 4005 520 4073 τελέως
576 4010 889 4065 καταποθὲν
936 4014 1090 4086 παρὰ
1135 4015 1260 4080 τοὺς
1315 4017 1546 4086 ὲμετοὺς
1583 4021 1783 4089 ἔφθανε

227 4094 553 4168 κρινόμενον.
584 4100 750 4173 657
780 4101 852 4156 Τὸ
881 4103 938 4158 δὲ
974 4105 1103 4176 περὶ
1133 4106 1261 4170 τοὺς
1308 4109 1784 4181 ὑπηρετουμένους

231 4189 409 4259 ἰταμόν
437 4194 530 4248 καὶ
570 4193 838 4267 θηριῶδες
861 4196 952 4251 τοῦ
992 4199 1196 4270 τρόπου
1234 4201 1327 4254 καὶ
1354 4202 1452 4272 τῆς
1478 4202 1783 4274 ὑπηρεσίας

227 4277 282 4332 τὸ
302 4279 729 4353 δυσαχθέστατον
761 4286 878 4350 πῶς
911 4287 977 4342 ἄν
999 4305 1082 4351 τις
1111 4288 1255 4343 εἴποι
1285 4289 1376 4362 [τὰ
1403 4290 1643 4360 φέροντα
1677 4293 1782 4346 σώ-

231 4369 420 4441 ματα1;
451 4375 689 4442 Μάστιξι
715 4375 824 4449 γὰρ
857 4378 1093 4450 ἑκάστης
1131 4379 1343 4450 ἡμέρας
1378 4381 1600 4445 πολλαῖς
1647 4381 1776 4438 πολ-

229 4459 327 4516 λῶν
374 4467 751 4533 κατεξαίνοντο
788 4468 1051 4540 σώματα·
1101 4471 1197 4525 καὶ
1253 4471 1349 4535 τὰς
1402 4472 1556 4541 bist;
1604 4474 1781 4529 παίων

1887 3300 2116 3356 corpora
2143 3285 2346 3355 perpeti
2380 3291 2805 3340 consentaneum
2830 3291 2935 3351 est,
2980 3285 3216 3354 pessime
3248 3299 3313 3342 ac
3333 3284 3456 3340 sine

1886 3378 1998 3434 ullo
2015 3377 2254 3432 remedio
2283 3387 2399 3430 erat
2430 3373 2675 3431 aﬂ‘ectus.
2701 3374 2882 3441 Quare
2920 3374 3179 3429 nonnulla
3212 3372 3455 3429 membra

1888 3468 2161 3524 ulceribus
2194 3465 2357 3522 adesa
2397 3481 2463 3523 ac
2484 3474 2807 3536 consumpta
2849 3479 2975 3521 cum
3002 3464 3330 3520 intolerabili
3353 3463 3456 3520 do-

1885 3543 2001 3617 lore
2031 3558 2364 3625 dimuebant,
2401 3557 2495 3614 sed
2527 3565 2581 3614 et
2614 3565 2872 3629 perpetuo
2913 3554 3249 3628 intemperiis
3278 3555 3455 3626 agita-

1887 3663 1972 3709 tus
2028 3653 2349 3722 plerumque
2384 3660 2572 3706 noctes
2601 3651 2881 3705 insomnes
2919 3664 2985 3705 ac
3039 3648 3456 3705 molestissimas

1885 3744 2137 3800 (lucebat.
2171 3741 2378 3799 Omitto
2416 3741 2590 3798 victus
2638 3741 2987 3797 acerbitatem
3043 3755 3108 3797 ac
3166 3741 3456 3813 turpitudio

1886 3851 2006 3892 nem
2040 3853 2054 3891 :
2087 3834 2351 3906 quidquid
2376 3833 2522 3889 enim
2545 3834 2599 3887 in
2622 3831 2852 3903 prandio
2875 3830 2978 3887 cibi
3003 3846 3097 3902 per
3125 3828 3310 3887 fauces
3340 3841 3451 3886 tra-

1880 3930 2104 4001 iecerat,
2127 3926 2180 3982 id
2211 3924 2439 3981 subinde
2463 3924 2759 3980 vomitihus
2774 3922 3120 3979 excernebat.
3143 3919 3279 3976 Nam
3307 3919 3454 3975 illaut

1887 4021 1941 4075 in
1979 4018 2212 4075 famulos
2233 4018 2600 4084 arrogantiam
2643 4030 2708 4071 ac
2737 4011 3008 4070 feritatem
3042 4025 3204 4086 atque
3252 4013 3304 4068 in
3332 4014 3452 4068 exi-

1886 4112 2076 4184 gendis
2106 4109 2387 4180 obsequiis
2413 4108 2786 4163 morositatem
2821 4105 2946 4179 quis
2977 4106 3199 4179 assequi
3225 4105 3458 4161 dicendo

1885 4203 2091 4276 possit?
2128 4202 2488 4257 Cmtlcbantur
2518 4199 2760 4272 quotidie
2793 4199 2959 4272 virgis
2997 4198 3246 4270 pluribus
3281 4197 3454 4268 pluri-

1885 4311 2099 4352 morum
2150 4307 2401 4363 corpora.
2453 4291 2510 4345 In
2555 4305 2694 4362 quos
2756 4289 2846 4345 illc
2897 4290 3088 4363 pugnis
3128 4299 3181 4345 et
3215 4288 3457 4346 calcibus

1885 4387 2130 4445 insiliens
2162 4384 2334 4440 nihilo
2367 4398 2426 4440 se
2456 4382 2759 4439 carnivoris
2785 4380 2973 4439 bestiis
2997 4382 3266 4438 mitiorem
3319 4396 3456 4452 prae-

1885 4482 2081 4539 stabat.
2109 4479 2241 4547 iam}
2262 4478 2630 4535 membrorum
2671 4475 3068 4549 oculorumque
3087 4477 3456 4532 mutilationes

232 4560 459 4626 πυγμαῖς
489 4559 586 4614 καὶ
617 4559 717 4628 λάξ
743 4560 1099 4631 ὲναλλόμενος
1122 4563 1273 4617 οὐδὲν
1298 4564 1406 4617 τῶν
1429 4565 1781 4638 σαρκοϐόρων

1887 4588 1952 4630 ac
2009 4573 2214 4644 reliqua
2262 4571 2315 4628 id
2361 4585 2533 4640 genus
2561 4570 2758 4626 acerba
2806 4569 3095 4642 supplicia.
3129 4577 3244 4625 tum
3291 4570 3450 4625 inno-

232 4644 422 4716 θηρίων
444 4651 953 4724 φιλανθρωπότερον
979 4653 1264 4730 ζπραττεν.
1309 4656 1405 4710 Ἐκ
1437 4657 1702 4727 στόματος
1721 4658 1778 4712 δὲ

1887 4674 2071 4722 centes
2095 4661 2342 4720 homines
2380 4660 2525 4718 ferro
2555 4660 2787 4717 llarnmis
2817 4662 3193 4728 interemptos.
3224 4675 3456 4729 praesera

232 4740 396 4805 μελῶν
446 4743 542 4798 καὶ
572 4745 865 4818 ὀφθαλμῶν
916 4747 1216 4818 πηρώσεις,
1251 4750 1345 4802 καὶ
1391 4749 1460 4802 τά
1491 4749 1627 4804 ἀλλα
1676 4750 1778 4804 ὅσα

1887 4758 1980 4812 lim
2013 4755 2374 4818 orthodoxos,
2400 4754 2530 4825 quid
2553 4754 2743 4811 attinet
2766 4752 2985 4809 dicere?
3010 4751 3219 4808 Etenim
3253 4751 3454 4809 furoris

234 4829 364 4886 δεινά
385 4837 733 4910 κολαστήρια,
746 4840 845 4916 καὶ
865 4840 1079 4909 σφαγὰς
1097 4840 1315 4906 ἀδίκους
1335 4841 1544 4912 ἀνδρῶν
1557 4840 1773 4907 ἀθώων,

1887 4847 2031 4904 illius
2069 4846 2331 4903 satellites
2389 4860 2452 4902 ac
2513 4844 2750 4900 ministri
2804 4859 2966 4901 nosos
3014 4844 3449 4916 quamplurimos

235 4923 318 4974 καὶ
343 4926 462 4993 τοὺς
485 4928 574 4984 διὰ
601 4912 775 5000 πυρδξ
812 4931 1177 5004 πικροτάτους
1213 4929 1499 4996 θανάτους,
1537 4931 1774 5003 μάλιστα

1887 4938 2091 4994 sanctis
2143 4937 2278 4995 viris
2326 4936 2603 4995 abscissos
2643 4937 2696 4993 in
2759 4937 2933 5002 disco.
2986 4912 3201 4993 utolim
3249 4936 3450 4993 Herodi

235 5012 286 5068 ὃδ
310 5020 440 5074 κατά
471 5021 580 5076 τῶν
602 5023 1028 5094 όρθοδοξούντων
1057 5024 1561 5095 ἐπιδεικνυμένους,
1593 5025 1647 5079 τί
1675 5025 1781 5098 χρὴ

1887 5029 2241 5094 Ρηεευτεοιιῑο
2267 5039 2455 5101 caput,
2489 5030 2568 5084 sic
2593 5043 2736 5085 novo
2769 5027 2968 5083 Herodi
2995 5027 3304 5086 suavissimi
3330 5029 3450 5085 loco

238 5106 322 5158 καὶ
374 5107 587 5182 λέγειν;
633 5114 697 5168 Ol
735 5113 844 5186 γάρ
897 5115 994 5185 τῆς
1045 5116 1242 5182 μανίας
1278 5114 1445 5170 αὑτοῦ
1495 5115 1782 5186 δυσμενεῖς

1887 5123 2123 5179 numeris
2150 5121 2474 5178 offerebant.
2510 5121 2590 5176 Ad
2617 5121 2731 5177 haec
2760 5119 2957 5178 eﬂossa
2988 5120 3261 5192 plerisque
3289 5120 3447 5176 lumi-

238 5193 555 5260 ὑπασπισταὶ
584 5205 683 5260 καὶ
727 5205 1015 5278 δορυφόροι
1067 5209 1222 5279 ῥῖνας
1265 5207 1363 5278 μὲν
1409 5207 1486 5269 ὠς
1524 5207 1783 5273 πλείστας

1887 5227 1953 5270 na
1988 5214 2382 5282 ambustasque
2424 5225 2614 5281 genas,
2664 5219 2719 5266 et
2774 5211 3099 5267 exhaustum
3126 5210 3452 5279 sanguinem

237 5284 518 5362 ἀνθρώπων
540 5297 703 5351 ὁσίων
737 5299 1123 5370 ἀποτεμόντες,
1159 5298 1347 5370 ὥσπερ
1384 5300 1482 5372 τὴν
1507 5297 1602 5355 τοῦ
1637 5301 1781 5371 Προ-

1887 5308 2156 5356 testantur
2187 5299 2223 5355 ii
2248 5299 2342 5370 qui
2367 5301 2421 5354 in
2460 5298 2787 5356 hodiernum
2815 5299 2959 5355 dietn
2985 5314 3174 5357 earum
3206 5296 3444 5356 cladium

239 5374 421 5454 δρόμου
457 5387 624 5445 πάλαι
677 5390 921 5462 κεφαλὴν
955 5391 1191 5462 ’ὶιρώδῃ,
1239 5390 1382 5446 οὕτω
1422 5392 1515 5445 καὶ
1566 5391 1644 5464 τῷ
1696 5392 1782 5462 ἐφ’

1887 5392 2110 5463 vestigia
2149 5389 2561 5448 circumferunt.
2614 5388 2874 5448 inusitata
2917 5404 3055 5464 pert.
3120 5390 3444 5448 *thorreuda

1420 5528 1614 5591 Varias
1656 5527 1966 5593 lectiones
2007 5532 2068 5590 et
2105 5533 2298 5591 notte.

307 5663 345 5698 "
369 5664 609 5741 εὐμιρίον
648 5670 830 5744 vulgo.
906 5672 950 5704 ”
974 5672 1508 5745 συνδιαιτησαμένων
1543 5671 1785 5730 Petavius

1895 5675 1938 5708 ³³
1969 5674 2299 5748 προσάροιτο
2319 5673 2452 5748 39.?

299 5798 364 5864 (⁸)
387 5801 435 5855 lu
461 5805 787 5862 .iutlrrbctico
808 5821 863 5862 tu
887 5806 996 5861 adv.
1022 5806 1393 5860 Constantinum
1418 5807 1797 5876 Cupronymum,
1822 5807 2120 5876 Ραιῑοίοσὶιε
2160 5816 2196 5862 ι.
2220 5809 2272 5874 C,
2296 5811 2393 5865 eoi.
2417 5807 2532 5876 503,
2555 5813 2607 5864 et
2634 5808 2836 5876 plenius
2861 5809 2957 5864 col.
2994 5810 3100 5864 989.
3126 5809 3263 5866 Eutr.
3289 5809 3442 5863 Pan.
