4016 6338
370 207 503 272 1207

1608 214 1930 277 GEORGII
1969 216 2420 279 ΗᾹΜΑΒΤΟΜ

3492 210 3631 276 1208

368 341 483 395 quo
523 323 746 393 cognito
783 324 997 381 Phocas
1046 328 1269 383 mmruit
1300 336 1354 384 et
1386 327 1619 386 forsitan
1670 326 1944 384 aﬂ'ectavit

2055 329 2109 385 τὸ
2139 327 2203 384 u'.
2239 309 2481 385 Ἤκουσὲ
2518 329 2576 385 δέ
2614 327 2788 383 ταῦτα
2820 328 2848 383 ό
2889 327 3085 391 Quid;
3115 326 3211 381 xci
3246 324 3498 396 ἐλυπήθη
3532 324 3629 377 καὶ

375 416 700 473 beneﬁcium
727 432 954 481 navare,
997 420 1219 489 pepulo,
1253 430 1416 491 atque
1450 421 1689 477 decrevit
1726 428 1782 475 ut
1813 436 1944 491 ape-

364 509 606 563 rirentur
629 508 779 565 urbis
810 507 1005 564 horrea
1031 519 1084 564 et
1108 511 1356 566 caucium
1381 513 1793 585 quadringentis
1813 529 1943 567 vcn-

366 604 589 657 dcretur
618 602 836 658 assibus
889 604 1074 657 :adeo
1131 614 1248 659 erat
1301 605 1561 667 liberalis,
1618 615 1674 660 et
1723 605 1940 675 quidem

364 695 587 765 quando
638 704 797 765 erant
831 696 981 751 mille
1036 695 1294 751 frumenti
1348 698 1541 751 horrea
1573 714 1640 752 ex
1699 708 1943 767 tempore

364 787 734 842 abundantize.
762 786 872 841 Nec
927 788 1212 842 aemulatus
1263 798 1345 843 est
1381 788 1639 844 Basilium
1688 788 1940 843 Macedo-

365 892 487 932 nem
521 880 928 947 imperatorem.
960 877 1058 933 llic
1096 880 1240 934 enim
1286 878 1520 935 Basilius
1544 881 1631 935 die
1657 881 1942 935 Paschalis

365 971 504 1024 resto
539 970 891 1040 obequitabat
921 971 1445 1041 Constantinopolim
1473 987 1591 1027 cum
1625 974 1855 1028 ducibus
1890 982 1944 1027 et

364 1062 691 1131 primatibus
714 1062 1030 1132 splendidas
1062 1065 1286 1119 indutus
1320 1075 1522 1128 vestes,
1580 1066 1709 1119 dum
1745 1082 1940 1135 magna

365 1156 537 1207 fames
565 1154 842 1209 saeviebat.
889 1155 966 1209 lbi
1011 1155 1307 1224 imperator
1353 1156 1484 1211 vidit
1517 1158 1943 1227 patresiatnilias

367 1257 422 1299 et
470 1246 780 1301 sacerdotes
836 1248 1085 1302 obscuris
1123 1248 1341 1304 indutos
1392 1249 1635 1304 vestibus
1685 1260 1739 1304 et
1789 1251 1942 1304 valde

364 1337 610 1393 alnictos.
649 1340 755 1393 Eos
788 1340 1147 1411 interrogavit
1178 1343 1474 1411 imperator
1497 1357 1594 1396 cur
1625 1358 1728 1396 non
1760 1344 1941 1413 splen-

362 1429 519 1484 didas
553 1440 733 1486 vestes
765 1431 1073 1489 induissent
1099 1432 1166 1487 ad
1198 1433 1577 1488 houorandam
1615 1435 1822 1489 Christi
1858 1452 1942 1487 re-

364 1523 1221 1594 surrectionem.Responderunt
1258 1542 1272 1578 :
1307 1544 1325 1576 ε
1351 1525 1639 1590 Quomodo
1660 1526 1943 1596 splendide

364 1616 547 1670 vestiti
582 1616 693 1671 sint
744 1617 837 1686 qui
869 1632 977 1671 non
1031 1620 1231 1672 habent
1292 1634 1487 1688 panem
1538 1636 1649 1689 quo
1693 1630 1941 1675 ventrem

2046 421 2189 491 τάχα
2216 420 2581 493 ἐφιλοτιμήθη
2613 421 2681 475 νά
2704 422 2904 493 ποιήσῃ
2939 419 3108 474 καλὸν
3142 419 3223 483 είς
3245 417 3337 472 τὸν
3370 416 3500 470 λαδν
3534 417 3631 469 καὶ

2047 511 2216 581 ὥρισε
2248 512 2314 566 νά
2346 511 2601 579 ἀνοίξωσι
2630 511 2732 575 τάς
2781 511 3071 582 ἀποθήκας
3096 512 3193 581 τῆς
3227 509 3400 580 μέσης
3441 508 3535 562 καὶ
3564 509 3633 559 vi

2049 603 2342 677 πωληθοῦν
2368 605 2575 660 καυκία
2610 607 2691 669 είς
2722 605 2783 660 τὸ
2815 611 2861 659 u'
2885 621 2900 637 ο
2934 605 3088 658 τόσον
3125 600 3256 674 ἦτον
3281 600 3629 672 ἀφιλότιμος,

2046 696 2339 753 καὶταῦτα
2368 700 2490 752 ἐκεῖ
2517 697 2653 752 ὀποῦ
2681 693 2824 769 ἦσαν
2858 697 3030 768 χίλιαι
3066 695 3343 764 amcam
3380 692 3628 764 σιταρίου

2047 790 2156 845 ἀπὸ
2192 787 2289 843 τοῦ
2343 790 2536 861 καιροῦ
2567 790 2671 860 τῆς
2718 788 3013 855 εὐθηνίας·
3042 789 3138 842 καὶ
3183 786 3335 841 οὐδὲν
3383 785 3633 855 ὲθυμήοη

2046 883 2139 936 τὸν
2166 883 2455 937 Μακεδόνα
2498 881 2783 936 Βασίλειον
2811 882 2903 936 τὸν
2938 880 3192 952 ἀληθινὸν
3223 876 3453 949 βασιλέα
3478 890 3494 905 '
3538 869 3630 929 οὗο

2046 991 2138 1037 τος
2167 975 2275 1045 γὰρ
2305 975 2334 1029 6
2366 972 2650 1038 Βασίλειος
2692 976 2762 1045 τῇ
2804 976 2967 1046 ἐορτῇ
2994 972 3091 1027 τοῦ
3132 972 3324 1042 Πάσχα
3373 967 3627 1024 ἐκαϐαλί-

2047 1084 2213 1121 κευσε
2246 1066 2387 1137 μετά
2432 1066 2544 1121 τῶν
2574 1065 2909 1138 στρατηγῶν
2941 1066 3033 1119 καὶ
3065 1064 3346 1135 ἀρχόντων
3381 1062 3633 1132 λαμπρο-

2046 1158 2360 1229 φορημένος
2404 1157 2516 1212 ἐσω
2547 1160 2629 1222 είς
2683 1156 2783 1227 τὴν
2829 1154 3456 1212 Κωνσταντινούπολιν·
3501 1148 3635 1224 ἦτον

2043 1252 2100 1305 δὲ
2132 1253 2227 1304 καὶ
2255 1252 2377 1305 τότε
2410 1251 2586 1322 μέγας
2626 1251 2807 1321 λιμός.
2837 1251 2949 1305 Καὶ
2979 1251 3055 1314 ὡς
3086 1249 3384 1303 ἐδιέσαινεν
3417 1248 3447 1301 6
3479 1244 3636 1317 βασι-

2046 1345 2196 1409 λεὺς,
2234 1344 2483 1415 ἐστράφη
2539 1347 2636 1400 καὶ
2678 1343 2821 1399 εἶδεν
2871 1345 3260 1406 οίκοδεσπότας
3311 1340 3637 1411 ἀνθρώπους

2046 1441 2143 1491 καὶ
2201 1440 2393 1507 ἱερεῖς,
2436 1440 2532 1491 καὶ
2588 1438 2741 1492 ἵσταν
2799 1438 3283 1509 μαυροφορημένοι
3318 1434 3416 1488 καὶ
3464 1432 3635 1486 πολλὰ

2044 1533 2331 1601 θλιμμένοι
2354 1548 2366 1562 ·
2388 1533 2484 1585 καὶ
2509 1530 2794 1603 ἠρώτησεν
2823 1531 2853 1583 6
2893 1530 3149 1602 βασιλεὺς
3172 1529 3271 1600 τὴν
3295 1528 3479 1581 αίτίαν
3499 1523 3635 1578 ὀποῦ

2044 1623 2133 1676 δέν
2175 1623 2687 1695 ἐλαμπροφόρησαν
2746 1623 2844 1676 καὶ
2871 1621 3031 1675 αὐτοὶ
3085 1620 3153 1675 νά
3206 1621 3489 1691 τιμήσωσι
3539 1616 3637 1684 τὴν

362 1707 661 1778 expleant?
689 1727 707 1759 ι
736 1708 861 1763 Haec
881 1710 1108 1766 audiens
1131 1710 1445 1779 imperator,
1470 1710 1616 1766 ﬂevit
1640 1728 1704 1766 ac
1724 1712 1943 1768 mceruit

2055 1716 2351 1769 ἀνάστασιν
2398 1714 2495 1768 τοῦ
2545 1712 2785 1785 Χριστοῦ
2816 1730 2829 1743 ·
2884 1712 2981 1766 καὶ
3025 1709 3416 1781 ἀποκριθέντες
3444 1703 3639 1760 εἶπον·

365 1799 420 1851 in
492 1799 686 1856 intimo
751 1803 916 1856 corde
982 1817 1108 1865 suo,
1176 1804 1474 1873 statimque
1526 1803 1693 1873 jussit
1742 1805 1941 1875 aperiri

2054 1826 2075 1860 ε
2112 1808 2247 1861 Τίνα
2291 1807 2715 1879 λαμπροφορίαν
2750 1805 3003 1861 θέλουσιν
3046 1806 3095 1859 oi
3143 1804 3427 1874 ἄνθρωποι
3474 1802 3524 1853 ot
3564 1797 3640 1868 μὴ

365 1891 754 1960 imperatoria,
822 1902 878 1948 et
940 1894 1337 1964 negotiatorum
1408 1898 1622 1961 horrea,
1678 1904 1731 1950 et
1780 1898 1940 1950 vendi

2055 1900 2387 1969 εὑρίσκοντες
2408 1899 2574 1967 ἄρτον
2601 1898 2669 1951 νὰ
2687 1898 3000 1970 χορτάσωσι
3017 1894 3119 1967 τὴν
3141 1894 3351 1949 κοιλίαν
3371 1890 3583 1961 αὑτῶνλ
3613 1906 3637 1939 ν

366 1982 506 2034 duos
572 1984 786 2037 modios
823 1983 1239 2053 quadringentis
1284 1985 1523 2049 assibus,
1562 1994 1617 2040 et
1656 1987 1736 2042 sic
1780 1986 1943 2041 solvit

2055 1993 2151 2045 Kal
2188 1992 2350 2045 τοῦτο
2400 1991 2643 2055 ἀκούσας
2678 1994 2708 2045 6
2740 1990 2996 2061 βασιλεὺς
3042 1988 3313 2061 ἐδάκρυσε
3366 1985 3463 2040 καὶ
3508 1984 3635 2037 ἐλυ-

367 2070 528 2127 t‘amis
560 2078 943 2131 necessitatem
974 2086 1031 2131 et
1063 2077 1247 2147 populi
1281 2080 1617 2149 angustiam.
1654 2078 1833 2148 Atque
1866 2080 1939 2134 ita

366 2164 570 2221 factum
612 2176 716 2224 est.

2036 2083 2184 2153 πήθη
2231 2084 2379 2136 ἔνδον
2413 2083 2558 2137 κατὰ
2602 2082 2783 2154 ψυχὴν
2814 2081 2983 2136 αὐτοῦ
3007 2097 3024 2115 ⁶
3063 2082 3160 2137 καὶ
3215 2079 3505 2135 ἐκέλευσεν
3547 2074 3640 2129 εὖ·

2038 2176 2135 2241 θίις
2183 2177 2269 2229 ῐνα
2301 2175 2560 2242 ἀνοίξωσι
2600 2176 2701 2240 τὰς
2733 2174 3023 2248 βασιλικὰς
3064 2174 3354 2246 ἀποθήκας
3393 2169 3495 2225 καὶ
3532 2167 3643 2223 τῶν

365 2260 829 2329 πραγματευτῶν,
863 2263 956 2315 καὶ
988 2262 1302 2336 διελάλησεν
1349 2264 1417 2319 νά
1485 2266 1781 2339 πωληθῶσι
1824 2267 1985 2339 μὸὁια
2019 2268 2115 2322 δύο
2138 2271 2217 2333 et;
2246 2270 2307 2322 τὸ
2336 2269 2381 2320 n'
2402 2286 2419 2301 ο
2451 2270 2543 2323 καὶ
2572 2267 2746 2333 οὕτως
2771 2267 2933 2324 ἔλυσε
2994 2266 3092 2324 τοῦ
3119 2264 3281 2337 λιμοῦ
3313 2264 3415 2337 τὴν
3465 2263 3641 2329 ἀντίγ’

368 2366 473 2422 κην
503 2353 597 2405 καὶ
626 2353 725 2423 τὴν
759 2355 1124 2427 στενοχωρίαν
1166 2356 1261 2409 τοῦ
1304 2357 1437 2412 λαοῦ
1460 2376 1472 2390 ·
1504 2360 1601 2413 καὶ
1631 2358 1806 2413 ταῦτα
1843 2361 1945 2430 μὲν
1978 2361 2174 2427 οὕτως.

440 2444 839 2515 Suspicabatur
884 2446 1097 2503 Phoeas
1144 2449 1435 2507 Ziiniscem
1486 2452 1558 2509 ab
1595 2453 1948 2524 imperatrice

368 2537 634 2603 deamari,
656 2547 710 2593 et
735 2542 958 2596 rescivit
975 2558 1101 2595 eum
1125 2544 1336 2599 ambire
1360 2556 1419 2600 ut
1440 2560 1668 2616 regnum
1694 2546 1946 2616 eriperet.

368 2630 553 2701 Itaque
599 2631 669 2685 ab
706 2635 1045 2687 exercituum
1097 2633 1419 2704 praefectura
1465 2653 1589 2692 eum
1641 2639 1954 2706 detrusum,

370 2722 521 2776 omni
549 2736 654 2793 qua
684 2725 921 2794 pollebat
943 2727 1269 2783 auctoritate
1293 2743 1359 2782 ac
1387 2738 1656 2799 potestate
1682 2730 1950 2799 privatum

366 2815 534 2882 jussit
577 2818 801 2871 domum
851 2833 972 2874 sese
1012 2821 1279 2889 recipere,
1318 2822 1506 2893 ibique
1536 2824 1753 2889 vivere;
1807 2823 1951 2878 aliud

369 2921 500 2962 vero
534 2912 732 2964 malum
773 2911 823 2965 ei
854 2926 1135 2985 nunquam
1167 2914 1373 2970 intulit.

446 3103 782 3172 lmperatrici
813 3121 942 3161 vero
974 3106 1025 3162 id
1053 3109 1433 3175 gravissimum
1462 3110 1638 3166 visum
1666 3122 1768 3178 est,
1800 3110 1945 3182 quod

371 3196 487 3264 jam
534 3212 639 3250 non
676 3196 989 3267 frequenter
1034 3198 1322 3256 Zimisccm
1378 3203 1432 3257 in
1483 3204 1688 3273 palatio
1720 3206 1947 3271 videret,

375 3298 431 3342 rt
473 3287 713 3344 Phocam
765 3293 941 3363 coegit
989 3293 1313 3364 impulitque
1348 3305 1409 3350 ut
1438 3296 1591 3351 illum
1633 3308 1951 3365 revocaret;

374 3382 465 3451 qui
494 3384 541 3436 ei
580 3384 813 3439 reddidit
842 3387 1138 3451 potentiam
1181 3405 1289 3458 qua
1334 3390 1486 3458 prius
1515 3393 1808 3461 gaudebat.
1847 3392 1951 3446 [le-

380 3490 566 3529 \ersns
611 3485 791 3529 autem
848 3476 1131 3544 Zimisces,
1190 3480 1386 3536 vulnus
1438 3485 1602 3536 corde
1653 3484 1953 3553 intitnaquc

375 3567 557 3620 anima
595 3569 859 3623 malitiam
898 3568 1110 3634 fovens,
1150 3587 1335 3627 coram
1369 3574 1694 3644 imperatore
1730 3577 1950 3645 quidem

375 3675 437 3714 se
476 3660 768 3716 simulabat
818 3662 1023 3724 laetum,
1049 3665 1196 3719 intus
1237 3681 1365 3720 vero
1395 3667 1608 3721 celabat
1640 3678 1695 3723 et
1724 3668 1953 3722 medita-

383 3755 544 3809 batur
574 3755 802 3811 consilia
838 3771 1093 3825 perversa
1124 3757 1553 3828 innumerasque
1580 3760 1867 3815 machinas
1900 3770 1955 3814 et

280 3854 287 3861 '
380 3857 546 3911 artes,
600 3858 765 3917 atque
804 3865 1022 3918 semper
1071 3853 1294 3919 laqueos
1328 3853 1547 3905 texebat
1588 3860 1647 3904 ut
1685 3868 1779 3905 eos
1827 3852 1953 3905 data

377 3937 668 3991 occztsione
692 3937 994 3991 adhiberet.
1030 3939 1327 4007 Imperator
1355 3955 1484 3993 vero
1509 3942 1785 3995 nesciebat
1809 3941 1957 3995 frau-

382 4029 479 4085 des
530 4028 633 4085 sibi
688 4032 924 4084 intentas
981 4032 1317 4101 insidiasque
1383 4034 1435 4086 in
1506 4037 1724 4103 propria
1791 4035 1956 4089 domo

383 4133 645 4181 structas.
690 4122 844 4178 Sicut
876 4125 1021 4179 enim
1058 4124 1239 4194 aquila
1276 4126 1525 4182 sublimis
1557 4128 1609 4179 in
1644 4143 1768 4180 aere
1798 4127 1955 4181 inde-

386 4216 571 4271 fessim
596 4215 766 4280 volat,
797 4216 875 4270 sic
902 4226 953 4269 et
986 4216 1071 4268 ille
1107 4216 1157 4268 in
1182 4218 1399 4271 virtutis
1424 4217 1632 4286 apicem
1664 4218 1910 4272 ascendit
1941 4234 1955 4270 :

382 4308 470 4361 die
498 4307 765 4377 siquidem
801 4307 1013 4361 videbat
1056 4307 1315 4375 primates
1347 4318 1400 4361 et
1449 4310 1664 4378 imperii
1715 4311 1953 4378 negotia,

2131 2459 2177 2489 "
2209 2456 2285 2528 (⁷)
2322 2459 2367 2489 ⁹⁶
2409 2458 2467 2511 Ὀ
2495 2456 2553 2510 δε
2601 2458 2797 2521 Φωκᾶς
2828 2450 2977 2529 εἶχεν
3003 2452 3241 2523 ὑποψίαν
3271 2454 3351 2517 είς
3376 2451 3469 2506 τδν
3512 2446 3644 2513 τζι-

2060 2548 2288 2619 μισχῆν,
2309 2548 2390 2601 ὅτι
2421 2551 2614 2621 ἀγαπᾷ
2638 2549 2805 2621 863
2835 2549 3001 2603 αὐτὸν
3030 2549 3065 2619 ἡ
3103 2544 3395 2617 βασίλισσα
3415 2559 3431 2573 ·
3466 2539 3642 2612 ἐμαθε

2056 2640 2112 2694 δέ
2142 2641 2224 2693 ὅτι
2254 2641 2480 2711 γυρεύει
2511 2641 2579 2695 νά
2599 2643 2783 2714 ἐπάρῃ
2811 2642 2913 2713 τὴν
2938 2638 3243 2712 βασιλείαν,
3264 2636 3363 2691 καὶ
3389 2633 3645 2688 καθεῖλεν

2055 2732 2222 2786 αὑτὸν
2260 2732 2371 2785 ἀπὸ
2408 2731 2506 2803 τῆς
2549 2732 2922 2804 στρατηγίας
2974 2730 3070 2785 καὶ
3120 2729 3329 2800 ἐπῆρεν
3369 2724 3433 2791 ἐξ
3474 2720 3645 2777 αὑτοῦ

2056 2826 2240 2879 πᾶσαν
2278 2824 2508 2895 δύναμιν
2539 2825 2634 2877 καὶ
2660 2822 2913 2888 ἐξουσίαν
2934 2823 3003 2894 ἦν
3036 2814 3204 2890 εἶχεν,
3232 2817 3331 2871 καὶ
3358 2814 3650 2869 ἐκέλευσεν

2049 2920 2212 2974 αὐτὸν
2250 2918 2340 2973 ἵνα
2365 2918 2604 2989 κάθηται
2632 2919 2712 2981 είς
2744 2917 2836 2971 τὸν
2868 2912 3017 2970 οἶκον
3043 2911 3232 2978 αὐτοῦ,
3263 2909 3361 2965 καὶ
3395 2908 3471 2972 ὡς
3496 2902 3649 2959 οἶδεν

1976 3015 2017 3073 C
2052 3016 2116 3069 νά
2152 3016 2217 3085 ζῇ
2237 3032 2252 3047 ο
2285 3014 2415 3068 ἄλλο
2441 3013 2497 3068 δέ
2526 3014 2579 3066 τί
2618 3027 2750 3066 ποτε
2779 3011 2949 3066 κακδν
2972 3010 3076 3065 οὒκ
3106 3006 3367 3078 ἐποίησεν
3396 3000 3572 3073 αὐτῷ.

2126 3107 2204 3179 (8)
2231 3108 2277 3141 ’⁷
2300 3106 2412 3176 Τὴν
2475 3104 2801 3175 βασίλισσαν
2830 3102 2968 3173 γοῦν
3018 3100 3197 3170 ἐφάνη
3253 3096 3416 3153 τοῦτο
3470 3092 3647 3148 πολλά

2056 3199 2221 3270 βαρὺ,
2252 3196 2389 3251 διότι
2435 3197 2589 3251 οὐδὲν
2624 3196 2823 3250 ἐδλεπε
2852 3196 2947 3249 τὸν
2996 3190 3308 3263 Τζιμισχῆν
3339 3186 3514 3258 συχνὰ
3563 3186 3646 3248 ιῑς

2052 3292 2145 3344 τὸν
2175 3291 2411 3343 παλάτιν
2439 3307 2452 3320 ·
2502 3290 2598 3342 καὶ
2653 3289 2939 3355 ἠνάγκασε
2976 3286 3067 3339 τδν
3108 3283 3305 3338 ⁴ῑωιιᾶν
3338 3281 3434 3336 καὶ
3476 3277 3644 3333 κατέ-

2056 3398 2245 3434 πεισεν
2289 3382 2373 3435 ὅτι
2407 3382 2570 3435 πάλιν
2627 3380 2826 3450 ἔφερεν
2874 3377 3037 3432 αὑτὸν
3073 3375 3304 3446 πλησίον
3346 3390 3447 3426 του
3473 3387 3488 3402 ⁸
3544 3370 3641 3423 καὶ

2056 3474 2258 3528 ἔδωκεν
2287 3472 2438 3542 αὐτῷ
2469 3473 2562 3525 καὶ
2607 3472 2707 3542 τὴν
2742 3469 3017 3536 ἐξουσίαν,
3043 3470 3111 3539 ἦν
3158 3464 3273 3536 εἶχε
3303 3465 3402 3521 καί
3444 3463 3641 3534 πρότε-

2060 3582 2172 3635 ρον.
2216 3594 2286 3604 ——
2332 3565 2419 3627 Ὠς
2441 3565 2499 3618 δέ
2529 3559 2693 3632 ἦλθεν
2727 3565 2755 3615 ὁ
2782 3561 3091 3633 Τζιμισχῆς
3113 3559 3276 3613 πάλιν
3304 3556 3644 3627 καρδιότρω-

2056 3675 2167 3722 τος,
2194 3658 2289 3709 xal
2321 3654 2436 3725 εἶχε
2458 3655 2555 3725 τὴν
2584 3655 2781 3708 κακίαν
2806 3655 2916 3707 ἔσω
2942 3655 2976 3722 ή
3008 3652 3157 3724 ψυχὴ
3187 3648 3374 3714 αὐτοῦ,
3405 3647 3644 3719 ἐμπροσ-

2057 3751 2151 3803 θεν
2191 3750 2289 3819 μὲν
2346 3747 2439 3801 τοῦ
2481 3746 2744 3817 βασιλέως
2777 3746 3031 3815 ἐφαίνετο
3062 3742 3370 3815 περιχαρὴς
3410 3741 3507 3795 καί
3537 3738 3645 3792 ισω

2059 3838 2176 3911 εἶχε
2205 3840 2599 3911 κεκρυμμένας
2636 3839 2730 3892 καὶ
2778 3837 3161 3907 μελετημένας
3191 3836 3290 3898 τὰς
3322 3831 3520 3904 βουλὰς
3551 3829 3644 3885 καὶ

2059 3935 2158 3997 τὰς
2173 3933 2471 4003 πονηρίας,
2503 3934 2598 3984 καὶ
2624 3932 2803 3992 πάσας
2828 3930 3031 4002 μυρίας
3054 3926 3275 3997 σκέψεις
3300 3926 3396 3979 καὶ
3426 3922 3643 3987 δόλους,

2061 4032 2155 4085 καὶ
2188 4030 2275 4083 ἀεὶ
2307 4028 2508 4082 ἐπλεκε
2536 4030 2662 4090 τοὺς
2689 4027 2917 4099 βρόχους
2937 4027 3086 4089 ὅπως
3110 4025 3177 4079 νά
3209 4025 3309 4096 ἐχῃ
3338 4020 3539 4083 αὐτοὺς
3568 4023 3647 4081 εἰς

2063 4122 2254 4192 καιρὸν
2279 4120 2487 4191 χρείας.
2532 4121 2592 4173 '0
2626 4120 2881 4190 βασιλεὺς
2919 4119 2977 4173 δέ
3005 4119 3106 4171 οὐκ
3141 4116 3409 4186 ἐγίνωσκε
3438 4113 3507 4176 ἃς
3540 4128 3644 4165 πα-

2062 4214 2217 4282 γίδας
2244 4214 2493 4266 στένουσι
2537 4211 2606 4264 δι’
2655 4212 2847 4276 αὐτοῦ,
2896 4209 3022 4265 οὔτε
3072 4211 3171 4274 τάς
3222 4206 3516 4270 ἐπιϐουλὰς
3553 4202 3645 4259 τοῦ

2064 4307 2216 4359 οἷκον
2251 4304 2442 4358 αὑτοῦ.
2481 4304 2692 4373 Ὥσπερ
2722 4304 2831 4374 γὰρ
2864 4304 2892 4356 6
2918 4301 3076 4363 ἀετὸς
3099 4300 3328 4355 πέτεται
3357 4295 3541 4367 ὑψηλά
3570 4297 3648 4357 είς

384 4409 599 4454 noctem
630 4414 758 4452 vero
788 4408 956 4453 totam
989 4400 1295 4453 insonmem
1340 4401 1573 4454 ducebat
1625 4402 1679 4455 in
1710 4401 1950 4457 oratione

2065 4399 2159 4450 τὸν
2188 4397 2327 4469 ἀέρα
2357 4396 2603 4460 άκόπως,
2644 4394 2817 4457 οὕτως
2847 4394 2942 4447 καὶ
2972 4394 3183 4453 ἐκεῖνος
3215 4389 3449 4460 ἀνῆλθεν
3478 4390 3561 4451 είς
3584 4387 3645 4439 τδ

382 4502 437 4546 σοι
470 4493 793 4560 psalmodia,
832 4490 1261 4559 psalterimnque
1288 4491 1517 4560 legebat.
1546 4501 1598 4545 et
1622 4491 1710 4545 vix
1737 4490 1959 4560 quando

384 4585 602 4639 volebat
630 4586 845 4639 brevem
875 4598 1128 4637 somnum
1167 4598 1383 4652 capere,
1426 4596 1554 4641 ante
1585 4600 1799 4641 sacram
1829 4585 1965 4639 ima-

386 4676 566 4742 ginem
634 4675 985 4729 recumbebat
1038 4691 1199 4745 super
1246 4676 1530 4746 tegeticula
1578 4686 1632 4731 et
1682 4678 1961 4747 paululum

391 4768 721 4821 dormiebat.
755 4769 791 4818 Α
826 4768 1116 4821 mulierum
1150 4768 1589 4837 concupiscentia
1612 4777 1666 4823 et
1694 4769 1816 4824 aliis
1845 4785 1967 4824 car-

392 4860 608 4913 nalibus
652 4860 815 4912 rebus
867 4860 1000 4911 adeo
1052 4858 1402 4923 abhorrebat,
1451 4868 1514 4915 ut
1564 4873 1740 4927 neque
1796 4859 1965 4912 menti

391 4951 510 5019 ejus
538 4960 924 5005 succurrerent
959 4966 1133 5020 neque
1166 4952 1218 5003 in
1255 4966 1450 5006 somno
1479 4962 1838 5021 apparerent;
1870 4958 1965 5004 sed

391 5052 509 5096 erat
531 5043 650 5111 ejus
681 5043 790 5096 vita
827 5058 980 5109 pura,
1020 5052 1279 5111 tanquam
1309 5045 1435 5099 boni
1470 5045 1657 5115 piique
1686 5044 1965 5105 monachi,

392 5145 448 5188 ct
478 5149 670 5188 omnes
713 5135 831 5203 ejus
876 5135 1107 5191 allectus
1155 5138 1221 5190 ad
1274 5138 1439 5192 Deum
1489 5148 1544 5193 et
1592 5138 1820 5207 iustitiae
1853 5140 1966 5206 pri-

394 5228 585 5298 vilegia
624 5228 935 5281 tendebant.

1864 5320 1967 5339 3‘“

2062 4487 2195 4559 ὕψος
2233 4490 2333 4557 τῆς
2360 4487 2567 4557 ἀρετῆς
2590 4503 2603 4520 ο
2646 4487 2730 4540 ὅτι
2759 4487 2861 4556 τὴν
2900 4484 3000 4557 μιν
3033 4485 3247 4556 ἡμέραν
3293 4482 3492 4534 ἐελεπε
3521 4480 3646 4543 τοὺς

2062 4586 2332 4654 ἄρχοντας
2361 4581 2459 4635 καὶ
2508 4581 2609 4645 τὰς
2653 4580 2939 4645 ὑποθέσεις
2971 4580 3074 4651 τῆς
3123 4576 3425 4650 βασιλείας,
3458 4578 3558 4647 τὴν
3590 4575 3647 4627 δέ

2063 4676 2269 4730 νύκταν
2307 4672 2581 4737 διεσίόαζε
2631 4674 2814 4727 πᾶσαν
2863 4675 3150 4745 ἄγρυπνος
3200 4673 3280 4736 είς
3334 4669 3647 4740 προσευχὴν

2066 4770 2163 4821 καὶ
2210 4770 2288 4833 είς
2325 4766 2668 4839 ψαλμῳδίαν,
2701 4771 2796 4821 καὶ
2829 4767 3052 4839 ἐκράτει
3102 4765 3165 4819 τδ
3206 4764 3510 4837 ψαλτήριον
3554 4764 3646 4817 καὶ

2067 4863 2406 4929 ἀνεγίνωσκε
2428 4876 2443 4890 ·
2474 4862 2567 4913 καὶ
2602 4860 2759 4930 μόλις
2797 4862 2928 4913 ὅταν
2952 4858 3144 4932 ἦθελεν
3174 4857 3306 4931 ἔλθῃ
3333 4858 3472 4929 πρὸς
3516 4856 3644 4926 βρι-

2066 4954 2167 5025 χὺν
2224 4952 2425 5017 ὕπνον,
2485 4950 2799 5023 ἔμπροσθεν
2852 4954 2950 5006 τοῦ
3008 4951 3418 5007 είκονοστασίου
3478 4948 3645 5003 αὑτοῦ

2066 5046 2296 5099 ἔπιπτεν
2325 5045 2511 5098 ἐπάνω
2538 5044 2780 5115 emotae,
2810 5046 2907 5098 καὶ
2940 5046 3099 5098 ὑπνεῖ
3129 5044 3331 5110 ὀλίγον.
3379 5042 3513 5096 Ἀπὸ
3549 5060 3647 5107 γυ-

2066 5138 2270 5190 ναικῶν
2311 5137 2442 5205 γοῦν
2475 5138 2772 5208 ἐπιθυμίας
2802 5139 2897 5191 καὶ
2917 5137 3085 5200 ἄλλας
3109 5136 3382 5207 σαρκικὰς
3414 5136 3639 5206 ὀρέξεις,

2064 5229 2320 5281 τοσοῦτον
2355 5230 2535 5298 ἐμίσει
2589 5229 2779 5296 αὐτὰς,
2830 5231 2913 5283 ὅτι
2960 5229 3078 5283 οὒδέ
3130 5231 3271 5285 κατᾶ
3317 5228 3445 5283 νοῦν
3477 5227 3639 5282 αὐτοῦ

1602 5489 1797 5550 Varia;
1848 5488 2149 5582 lccliones
2180 5498 2239 5548 et
2277 5496 2461 5548 notae.

469 5633 513 5665 ”
550 5631 669 5686 ‘Jti'J.
750 5633 1018 5688 ηδώδεκα
1045 5634 1137 5689 τοῦ
1172 5636 1504 5707 νομίσματος
1528 5636 1658 5693 (led.
1740 5639 1781 5669 ’⁷
1822 5636 1945 5691 l’ar.

2056 5636 2109 5689 l8
2145 5635 2214 5689 cf.
2248 5635 2377 5689 Ct‘ti.
2428 5634 2623 5696 573,7.
