4016 6338
245 415 376 483 1217
1433 409 1896 475 CHRONICON.
1936 431 2001 449 -'
2042 410 2188 470 LIB.
2230 409 2334 473 VI.
3357 403 3499 470 1218

243 551 396 600 πους,
430 534 522 585 καὶ
553 530 822 599 ἐγίνωσκε
845 531 1027 585 πάντα
1053 531 1150 584 καὶ
1178 530 1478 600 ὲστερέωσε
1513 529 1604 582 τὸν
1633 528 1815 596 λογισ·

1923 523 2208 593 scebatque
2231 521 2413 576 omnia
2440 531 2494 575 et
2524 536 2621 576 sua
2653 521 2904 576 firmabat
2942 520 3195 577 consilia.
3222 517 3292 575 Ut
3313 532 3495 576 autem

245 634 337 696 μον
366 625 552 681 αὐτοῦ.
580 625 689 678 Καὶ
712 621 800 678 ἵνα
835 622 988 697 δείξῃ
1012 622 1264 693 ποταπὴν
1299 621 1554 693 ἀνδρείαν
1580 621 1817 674 x1116).-

1924 616 2237 672 ostenderet
2262 611 2525 686 qua‘ntam
2574 613 2958 670 fortitudinem
2991 624 3046 669 et
3081 614 3371 670 audaciam
3401 616 3497 670 ha-

245 739 345 792 μαν
371 719 581 792 ἔχουσιν
604 720 652 773 oi
690 715 976 789 Ῥωμαῖοι,
993 715 1149 771 οὐδὲν
1164 716 1451 786 ἐπέμεινεν
1475 715 1564 768 ἵνα
1585 713 1817 769 ἔλθωσιν

1923 709 2084 764 beant
2125 707 2379 774 Romani,
2441 721 2550 762 non
2578 708 2914 777 exspectavit
2963 707 3138 763 donec
3169 708 3222 763 in
3255 708 3496 780 seipsnm

240 815 428 866 ἐκεῖνοι
466 813 556 865 ἐπ’
593 810 781 877 αὐτὸν,
820 808 938 865 ἀλλ’
983 807 1106 862 οὐδὲ
1137 807 1438 862 ἔδειλίασεν
1481 807 1551 860 vi
1599 808 1817 878 στροφῇ

1923 801 2108 856 hostes
2143 802 2434 865 irruerent,
2467 814 2569 855 nec
2598 800 2778 854 timuit
2825 815 2892 854 ne
2927 808 3360 869 retroageretur,
3399 815 3500 855 nec

225 903 427 966 enim,
451 901 573 956 οὐδὲ
599 901 794 970 ἠγάπα
812 899 882 952 νὰ
910 898 1263 954 ἀποκλείεται
1292 897 1399 950 ἔσω
1424 898 1506 962 είς
1529 895 1590 948 τὸ
1619 895 1824 949 παλάτι

242 995 331 1048 καὶ
355 995 422 1048 νὰ
447 992 756 1065 κρύπτεται
801 989 992 1062 ὥσπερ
1040 989 1318 1061 τρυφερὸν
1355 987 1614 1058 κοράσιον
1637 1000 1652 1015 ⁶
1685 984 1822 1039 ἀλλὰ

238 1086 332 1149 τὰς
359 1086 550 1155 τρίχας
576 1084 677 1154 τῆς
710 1081 952 1154 κεφαλῆς
995 1081 1163 1136 αὐτοῦ
1194 1082 1292 1144 τάς
1318 1097 1449 1134 ποτε
1480 1078 1822 1152 μυρισμένας

238 1175 443 1244 εϐαψαν
465 1175 510 1207 ³⁷
534 1173 705 1236 αὑτὰς
728 1173 786 1226 αί
807 1172 1012 1243 πάχναι
1039 1171 1136 1225 καὶ
1155 1168 1366 1241 δροσίαι
1384 1168 1485 1239 τῆς
1507 1169 1708 1239 αὐγῆς,
1726 1166 1824 1220 καὶ

238 1266 270 1335 ἠ
291 1264 427 1336 σὰρξ
445 1263 613 1319 αὑτοῦ
631 1264 742 1318 ἀπὸ
770 1262 866 1318 τὸν
897 1262 1180 1334 κονιορτὸν
1200 1261 1296 1317 καὶ
1322 1263 1430 1317 ἁπδ
1448 1261 1559 1317 τῶν
1584 1262 1824 1333 ἱδρώτων

239 1354 512 1427 ἑκδάρθηο
543 1355 639 1410 καὶ
681 1355 744 1409 τὸ
794 1354 1095 1425 πρόσωπον
1145 1355 1312 1408 αὐτοῦ
1357 1353 1689 1427 ἠμαύρωσεν
1717 1353 1826 1407 ἀπὸ

236 1447 333 1518 την
352 1445 532 1520 πυρὰν
554 1445 650 1502 τοῦ
673 1448 847 1519 ἡλίου.
889 1446 1205 1502 Ἀπέστειλε
1243 1447 1301 1502 δὲ
1331 1448 1424 1502 δύο
1458 1448 1821 1518 στρατηγοὺς,

219 1539 462 1594 latae-rev
503 1540 672 1612 87o
715 1540 854 1610 μετὰ
897 1539 1254 1611 καϐαλαρίων
1290 1541 1588 1606 ἐκλεκτῶν,
1612 1539 1823 1594 δώδεκα

219 1631 502 1703 χιλιάδας,
545 1632 732 1695 καθὼς
765 1634 1125 1705 όρθώσουσιν.
1158 1633 1248 1688 ἵνα
1272 1632 1476 1705 εὕρωσι
1521 1634 1824 1704 μονοπάτια

233 1725 338 1778 ἀπὸ
360 1725 559 1789 τόπους
580 1725 885 1791 δυσϐάτους
909 1728 1007 1782 καὶ
1034 1726 1100 1782 νὰ
1126 1728 1334 1799 σύρωσι
1350 1727 1420 1780 τὰ
1449 1726 1618 1795 ἄλογα
1643 1727 1825 1781 αὐτῶν

235 1818 324 1871 καὶ
351 1819 416 1873 νὰ
447 1817 728 1875 ἀναϐῶσιν
776 1821 858 1884 είς
884 1819 945 1872 τδ
982 1819 1111 1891 ὅρος
1143 1819 1326 1885 πεζοὶ,
1368 1817 1496 1873 ἔνθα
1535 1819 1637 1874 οὐκ
1669 1820 1819 1888 εἴχα·

233 1924 315 1962 σιν
350 1911 401 1962 οί
436 1908 708 1982 βάρϐαροι
747 1910 1026 1983 προσοχὴν
1055 1911 1086 1983 ἢ
1119 1910 1403 1983 λογισμὸν,
1431 1912 1526 1965 καὶ
1549 1913 1612 1967 va
1643 1930 1812 1965 καεα-

235 2001 399 2054 ϐῶσιν
421 2001 530 2055 ἀπὸ
555 2001 753 2066 τόπους
782 2001 879 2066 οὓς
903 2001 1121 2056 θέλουσι
1150 2004 1317 2075 σύρον
1344 2003 1544 2066 αὐτοὺς
1571 2006 1622 2056 et
1683 2005 1817 2074 πρό-

225 2092 393 2148 ηϐοδοι.
440 2093 502 2147 '0
542 2093 601 2147 δὲ
650 2093 842 2166 ετερος
892 2096 1201 2166 στρατηγὸς
1252 2097 1453 2166 ὁμοίως
1505 2095 1709 2166 ἐτάχθη
1752 2099 1818 2151 vit

225 2187 414 2260 ὑπάγῃ
443 2187 542 2241 καὶ
565 2187 730 2250 αὐτὸς
760 2187 834 2240 δι’
863 2186 1038 2258 ἄλλης
1084 2188 1206 2241 ὀδοῦ
1237 2188 1303 2242 vd
1339 2190 1485 2262 πέσῃ
1519 2191 1706 2243 ἐπάνω
1736 2193 1817 2253 είς

232 2277 326 2349 τὴν
359 2280 618 2349 φύλαξιν,
652 2282 787 2335 ὅπου
823 2281 1054 2354 ἐκράτει
1093 2283 1188 2336 τὸν
1229 2283 1419 2351 πόρον,
1453 2284 1547 2336 καὶ
1579 2285 1646 2338 νὰ
1694 2286 1818 2346 τοὺς

219 2370 430 2426 δὼσουν
454 2370 629 2431 οὕτως
650 2372 920 2442 ἐπιδέξια,
959 2373 1094 2428 ὅπου
1126 2374 1251 2428 οὐδὲ
1284 2374 1391 2429 κᾶν
1422 2370 1503 2437 εἷς
1539 2374 1598 2440 ἐξ
1636 2376 1819 2428 αὐτῶν

220 2467 402 2522 είπεῖν
436 2467 505 2522 νὰ
538 2467 709 2539 μηδὲν
742 2469 1001 2541 γλητὼσῃ
1037 2469 1104 2524 νὰ
1136 2470 1321 2542 ὑπάγῃ
1372 2471 1665 2540 μαντάτον.
1709 2472 1819 2524 Καὶ

224 2563 259 2614 ὁ
309 2562 406 2633 μὲν
453 2562 673 2628 πρῶτος
710 2562 884 2633 ἐπῆρε
916 2563 978 2615 τὸ
1022 2561 1151 2634 ὅρος
1189 2564 1287 2619 καὶ
1324 2565 1416 2617 ἐπ’
1467 2563 1601 2617 αὐτὸ
1645 2564 1816 2636 ἀνέϐη

230 2659 366 2726 μετὰ
406 2657 663 2729 χιλιάδων
696 2656 764 2727 ιβ’
789 2671 805 2687 ⁸
831 2659 924 2710 καὶ
949 2658 1170 2726 δγένετο
1204 2658 1417 2730 μεγάλη
1447 2658 1536 2731 βία
1565 2659 1706 2713 ὥστε
1749 2661 1816 2712 νὰ

226 2750 488 2804 διαϐὦσιν
522 2751 655 2804 αὐτὸ
675 2750 781 2815 ἕως
803 2751 1020 2825 ἡμέρας
1050 2755 1200 2823 τρεῖς
1221 2769 1236 2783 ·
1281 2752 1374 2807 καὶ
1405 2755 1816 2823 ἐνυκτοπάτησε

230 2844 320 2896 καὶ
351 2841 566 2915 κατιϐη
602 2845 685 2908 είς
713 2843 814 2913 τὴν
843 2843 1014 2914 ἄλλην
1047 2843 1281 2912 μεραίαν
1334 2847 1428 2898 καὶ
1464 2847 1816 2915 ἐγκρυμάτο-

231 2949 320 2986 σιν
349 2937 431 2998 εις
454 2934 626 2990 τόπον
657 2935 976 3008 σύνδενδρον
1003 2939 1098 2991 καὶ
1125 2938 1390 3009 κρυπτάν.
1432 2939 1541 2991 Καὶ
1570 2940 1617 2992 ot
1650 2938 1817 2992 Βούλ-

226 3043 386 3099 γαροι
430 3025 581 3102 ἦσαν
608 3028 860 3100 πλησίον,
892 3030 1010 3084 ἀλλ’
1044 3030 1151 3084 οὐκ
1197 3032 1410 3101 είχασιν
1450 3031 1661 3102 εἴδησιν
1691 3048 1816 3086 τινα

227 3125 356 3194 περὶ
371 3123 608 3177 τούτων.
641 3122 700 3176 ’0
720 3122 778 3176 δι
805 3120 966 3187 ἄλλος
994 3115 1124 3193 εὗρε
1151 3125 1246 3178 καὶ
1273 3125 1436 3188 αὐτὸς
1467 3125 1669 3188 τόπους
1693 3125 1815 3180 λίαν

1925 891 2096 946 voluit
2143 890 2346 946 includi
2401 892 2452 945 in
2511 892 2716 961 palatio
2746 899 2799 945 ct
2847 891 3110 947 occultari
3158 902 3216 947 ut
3261 892 3496 947 delicata

1924 983 2101 1054 puella
2129 1001 2144 1050 ;
2183 984 2276 1040 sed
2305 999 2519 1039 comam
2555 984 2750 1054 capitis
2783 984 2866 1040 sui
2899 986 3029 1039 olim
3076 987 3367 1056 unguentis
3400 987 3502 1044 de-

1925 1077 2153 1133 libutam
2197 1092 2343 1134 nunc
2397 1078 2591 1148 pruina
2649 1087 2704 1133 et
2751 1093 2876 1133 rore
2911 1079 3183 1133 matutino
3215 1081 3498 1151 irrigahat,

1923 1185 2056 1226 caro
2085 1171 2205 1240 ejus
2237 1170 2462 1240 pulvere
2509 1185 2576 1226 ac
2621 1171 2918 1226 sudoribus
2959 1171 3503 1242 rugabatur;vu|tus

1925 1263 2109 1319 calore
2174 1264 2305 1320 solis
2363 1264 2634 1320 obscurus
2687 1262 2871 1318 (iebat.
2924 1263 3070 1320 Misit
3121 1275 3306 1321 autem
3363 1267 3504 1323 duos

1925 1355 2113 1420 duces,
2147 1365 2444 1426 utrumque
2490 1373 2616 1412 cum
2652 1355 2943 1412 duodecim
2992 1357 3239 1427 equitum
3270 1359 3503 1416 delecto-

1927 1465 2047 1502 rum
2087 1449 2354 1512 millibus,
2396 1457 2456 1502 ut
2496 1458 2644 1504 recta
2681 1457 2981 1520 pergerent
3027 1450 3093 1504 ad
3140 1450 3505 1508 inveniendos

1927 1540 2174 1596 tramites
2214 1541 2284 1595 ob
2348 1541 2593 1596 locorum
2638 1542 3014 1597 difficultatem
3062 1545 3502 1613 angustissimos,

1927 1643 2094 1705 utque
2142 1636 2429 1690 traherent
2473 1652 2646 1706 equos
2693 1652 2844 1707 suos,
2885 1647 2942 1692 et
2983 1647 3221 1692 montem
3274 1640 3505 1710 pedibus

1926 1730 2304 1793 ascenderem,
2338 1729 2427 1783 ubi
2463 1730 2681 1784 barbari
2715 1746 2824 1784 non
2861 1732 3320 1801 prestoiahantur
3344 1744 3397 1788 et
3434 1749 3501 1789 ne

1927 1821 2357 1891 suspicabantur
2372 1822 2618 1894 quidem,
2642 1839 2705 1878 ac
2718 1824 3116 1879 descenderent
3138 1823 3208 1880 de
3228 1827 3360 1882 locis
3381 1843 3504 1898 qua:

1926 1930 2195 1985 occupare
2217 1916 2376 1971 vellet
2397 1918 2656 1986 przevinm
2693 1918 2932 1972 hostium
2953 1932 3167 1988 agmen.
3196 1920 3347 1973 Alter
3374 1935 3503 1976 vero

1926 2010 2033 2064 dux
2061 2009 2265 2078 pariter
2290 2009 2482 2080 jussus
2504 2019 2586 2064 est
2616 2010 2910 2065 succedere
2939 2011 3046 2065 alia
3064 2012 3172 2075 via,
3197 2012 3264 2067 ad
3299 2014 3504 2069 irrum.

1927 2101 2160 2171 peotlum
2199 2102 2253 2155 in
2281 2103 2541 2156 custodes
2574 2101 2666 2171 qui
2711 2102 3002 2156 transitum
3052 2107 3414 2175 occupabant,
3450 2119 3506 2162 ct

1927 2193 1994 2248 ad
2034 2209 2130 2249 eos
2158 2194 2501 2249 dextrorsum
2550 2195 2631 2250 sic
2664 2194 3111 2264 aggrediendont,
3157 2206 3216 2251 ut
3267 2214 3334 2252 ne
3361 2201 3504 2254 ullus

1927 2282 2146 2354 quidem
2201 2301 2265 2339 ex
2312 2287 2395 2340 eis
2428 2288 2746 2340 mandatum
2781 2287 2934 2341 daret
2984 2297 3045 2343 ut
3097 2288 3392 2360 quisquam
3444 2307 3505 2347 se

1929 2373 2057 2447 fuga
2108 2377 2457 2432 subduceret.
2490 2378 2645 2433 l’rior
2674 2379 2894 2449 quidem
2937 2388 3224 2451 occupavit
3263 2395 3500 2439 montem

1925 2470 1981 2524 in
2030 2485 2268 2538 euntque
2318 2476 2566 2526 ascendit
2622 2487 2749 2527 cum
2797 2472 3090 2529 duodecim
3137 2476 3395 2542 millibus,
3450 2489 3506 2533 et

1926 2579 2121 2634 magna
2175 2566 2225 2616 vi
2274 2564 2415 2620 enisi
2460 2573 2608 2628 sunt,
2659 2566 2733 2619 ita
2781 2573 2839 2620 ut
2881 2566 3023 2620 intra
3055 2578 3164 2621 tres
3207 2567 3325 2622 dies
3360 2570 3504 2626 hunc

1929 2658 2255 2726 transgressi
2302 2657 2413 2710 sint
2447 2673 2462 2722 ;
2494 2667 2548 2712 ct
2584 2666 2747 2711 noctu
2781 2660 3053 2727 processit
3111 2659 3504 2731 descenditque

1930 2748 1982 2802 in
2025 2749 2253 2803 alterunt
2305 2760 2540 2819 partem,
2571 2758 2626 2803 et
2672 2764 2805 2804 suos
2844 2750 3131 2806 abscondit
3159 2754 3211 2804 in
3258 2754 3375 2808 loco
3407 2755 3501 2809 ab-

1923 2840 2038 2896 dito
2071 2850 2124 2896 et
2179 2841 2463 2897 arboribus
2503 2843 2736 2898 consito.
2776 2842 2993 2914 Bulgari
3037 2855 3194 2898 erant
3243 2848 3500 2914 proximi,

1924 2934 2018 2988 sed
2083 2935 2288 2989 nullam
2343 2935 2618 2990 habebant
2669 2935 2887 2990 illorum
2926 2939 3196 2993 notitiam.
3227 2938 3503 2994 Posterior

1923 3039 2053 3078 vero
2085 3025 2291 3080 invenit
2311 3035 2366 3080 et
2387 3027 2501 3097 ipse
2518 3027 2636 3081 loca
2657 3026 2975 3083 difﬁcillima
3001 3038 3053 3084 et
3076 3036 3361 3100 pet-ardua,
3380 3048 3503 3105 quae

1925 3126 2108 3173 tamen
2137 3135 2330 3188 magna
2349 3135 2475 3175 cum
2499 3123 2808 3175 constantia
2827 3123 3070 3189 transiit,
3106 3133 3160 3177 et
3191 3126 3413 3180 recessit
3436 3127 3504 3180 ab

225 3213 527 3280 δυσκόλους
565 3214 663 3270 καὶ
708 3216 1041 3280 δυσϐάτουςο
1079 3217 1233 3288 ὅμως
1270 3218 1408 3287 μετὰ
1450 3216 1654 3272 σκοποῦ
1682 3217 1816 3272 πολ-

1924 3207 2174 3263 intertori
2202 3221 2355 3279 parte
2388 3210 2479 3264 ubi
2510 3220 2628 3266 erat
2655 3212 2904 3266 custodia
2938 3230 2952 3278 ;
2982 3229 3046 3266 ac
3065 3215 3196 3268 diiUl
3215 3216 3304 3271 nlo
3328 3215 3504 3286 primo

226 3309 318 3365 ἰοῦ
349 3311 537 3382 ἑδιὲϐη
562 3311 763 3376 αὺτοὺς
795 3313 892 3365 καὶ
938 3311 1159 3382 ἀπῆγεν
1204 3312 1313 3366 ἀπὸ
1342 3312 1436 3365 τοῦ
1460 3311 1665 3367 ἔσωθεν
1710 3313 1808 3384 μὲ-

1917 3303 2234 3358 ceciuerunt
2264 3304 2487 3373 organis
2524 3305 2804 3374 tibiisque.
2837 3303 3053 3375 Bulgari
3089 3318 3267 3362 autem
3303 3324 3504 3381 magno

217 3421 374 3476 ρους,
397 3404 536 3460 ἔνθα
561 3400 630 3478 ἦν
661 3407 696 3478 η
733 3403 963 3475 «potest;
982 3423 998 3440 ο
1026 3407 1122 3460 καὶ
1152 3405 1292 3478 πρὸς
1319 3405 1471 3478 ὥραν
1505 3407 1602 3477 τῆς
1635 3408 1812 3478 αὐγῆς

1923 3394 2152 3464 perculsi
2204 3402 2334 3450 sunt
2385 3405 2602 3451 terrore
2646 3397 2717 3450 ob
2761 3396 3097 3464 iunpinatam
3153 3403 3500 3469 perniciem:

228 3495 436 3552 ἔδωκαν
461 3496 535 3550 τὰ
582 3497 792 3568 ὄργανα
825 3499 923 3553 καὶ
960 3496 1032 3554 τὰ
1091 3496 1376 3568 παιγνίδια
1425 3497 1518 3552 τοῦ
1552 3497 1809 3569 πολέμου.

230 3590 338 3645 Καὶ
365 3591 721 3662 εφοϐήθησαν
763 3592 813 3645 οί
865 3589 1174 3662 Βούλγαροι
1207 3590 1380 3660 φόϐον
1414 3592 1592 3664 μέγαν
1623 3594 1703 3655 είς
1753 3591 1816 3646 τὸ

227 3684 562 3740 ἀνέλπιστον
603 3685 806 3740 κακόν·
864 3685 1147 3757 ἔπήδησαν
1196 3685 1329 3753 γοῦν
1363 3688 1415 3740 οί
1458 3684 1717 3759 Ῥωμαῖοι
1764 3689 1816 3742 oi

232 3779 416 3835 ittde
443 3777 628 3833 αὐτῶν
655 3779 751 3832 καὶ
776 3777 1096 3833 ικύκλωσαν
1124 3778 1345 3844 αὐτοὺς,
1373 3780 1469 3835 καὶ
1494 3779 1688 3845 ἄλλους
1717 3779 1817 3850 μὶν

232 3870 499 3943 ισφαξαν,
525 3873 718 3938 ἄλλους
745 3873 803 3928 δὲ
830 3872 1092 3928 ὶπίασαν·
1116 3874 1212 3928 καὶ
1249 3873 1371 3928 οὐδὲ
1405 3866 1486 3939 εἷς
1510 3875 1816 3944 ὲγλὴτωσεν

234 3968 341 4022 ὰπὸ
392 3968 495 4032 τὰς
548 3970 740 4038 χεῖρας
791 3966 992 4022 αὐτῶν.
1053 3967 1167 4022 Καὶ
1218 3965 1392 4032 οὕτως
1440 3966 1712 4037 ὲχάλασαν
1757 3967 1818 4020 τὸ

219 4060 370 4132 “ita
390 4079 405 4094 ο
436 4061 537 4115 καὶ
558 4062 589 4113 ὁ
623 4059 877 4132 βασιλεὺς
898 4058 974 4113 ὣν
1003 4061 1224 4130 ἕτοιμος
1261 4061 1398 4130 μετὰ
1444 4058 1540 4113 τοῦ
1565 4061 1814 4128 ’φοσάτου

235 4155 453 4226 είσῆλθε
478 4154 576 4208 καὶ
617 4155 832 4224 ἀπῆγεν
864 4151 1005 4223 μετὰ
1046 4151 1359 4223 προθυμίας
1406 4152 1548 4207 κατὰ
1573 4151 1669 4206 τοῦ
1716 4169 1816 4222 με-

235 4250 400 4316 γάλου
429 4248 643 4303 ἐκείνου
680 4248 920 4318 φοσάτου
947 4247 1043 4300 καὶ
1075 4246 1251 4310 οὕτως
1285 4246 1661 4316 ἀπερχόμενος
1694 4247 1815 4299 καθ’

233 4343 351 4396 ὁδὸν
376 4342 658 4414 ὑπήντησε
701 4340 830 4404 τοὺς
877 4339 1248 4408 καϐαλαρίους
1287 4339 1420 4392 ὅπου
1451 4339 1679 4409 ἤρχοντο
1731 4338 1818 4393 διὰ

239 4433 450 4503 βίγλαν,
496 4435 590 4488 καὶ
621 4431 847 4487 ιπίασεν
873 4434 1155 4496 ἅπαντας·
1200 4433 1297 4486 καὶ
1335 4431 1454 4502 μετ’
1497 4432 1683 4501 ὀλίγον
1710 4433 1818 4486 πά-

235 4525 318 4579 λιν
355 4528 672 4598 ὺπήντησεν
712 4523 906 4588 ἄλλους
963 4524 1185 4590 ἑκατὸν,
1237 4521 1428 4595 βίγλας
1471 4525 1566 4578 καὶ
1617 4525 1818 4589 αὐτοὺς

1916 3486 2104 3558 itaque
2154 3488 2435 3544 irruernnt
2480 3489 2534 3542 in
2594 3503 2691 3545 eos
2722 3487 2978 3554 Romani,
3013 3505 3222 3560 eosque
3259 3495 3499 3551 circum-

1916 3587 2206 3645 venerunt,
2236 3589 2294 3636 et
2340 3579 2478 3635 alios
2542 3581 2974 3650 trucidaverunt,
3022 3583 3161 3639 alios
3216 3597 3501 3654 ceperunt,

1920 3690 2019 3730 nec
2050 3673 2196 3731 ullus
2225 3691 2292 3731 ex
2329 3677 2543 3732 illorum
2580 3677 2836 3733 manibus
2859 3678 3067 3749 effugit.
3100 3677 3194 3735 Sic
3225 3681 3500 3738 vinculum

1918 3783 2028 3837 quo
2080 3767 2512 3838 impediebantur
2576 3770 2881 3825 solverunt.
2955 3771 3262 3842 Imperator
3314 3782 3498 3831 autem

1919 3870 2144 3930 paratus
2165 3874 2290 3916 cum
2320 3860 2438 3916 suis
2463 3861 2637 3932 copiis
2658 3861 2962 3931 penetravit
2986 3872 3039 3915 et
3077 3865 3343 3931 processit
3362 3880 3499 3922 con--

1921 3955 2148 4010 fidenter
2173 3964 2364 4009 contra
2399 3955 2552 4008 illum
2602 3955 2880 4025 ingentem
2935 3956 3263 4022 exercitum,
3310 3957 3502 4029 sicque

1921 4046 2205 4118 profectus
2235 4048 2427 4102 obvios
2467 4048 2660 4101 habuit
2717 4048 2930 4117 equites
2974 4048 3070 4118 qui
3124 4050 3502 4117 praecedebant

1919 4139 2158 4210 primum
2209 4155 2427 4210 agmen,
2501 4154 2708 4210 eosque
2754 4156 2951 4194 omnes
3023 4142 3151 4195 fecit
3207 4142 3498 4210 captivos;

1922 4235 2083 4303 paulo
2115 4242 2237 4301 post
2282 4247 2476 4286 rursus
2508 4234 2751 4287 occurrit
2807 4233 2928 4288 aliis
2981 4247 3229 4299 centum,
3291 4235 3357 4289 ad
3389 4235 3502 4305 pri-

1923 4341 2071 4379 mum
2122 4338 2315 4394 agmen
2370 4334 2424 4378 et
2472 4324 2605 4394 ipsis
2654 4326 3070 4393 pertinentibus,
3112 4342 3254 4397 quos
3294 4328 3500 4398 pariter

1921 4418 2087 4488 cepit.
2136 4416 2354 4488 Bulgari
2413 4418 2643 4483 interea,
2673 4419 3008 4473 confidentes
3060 4421 3163 4474 sibi
3214 4436 3502 4489 superesse

1924 4515 2158 4581 primum
2194 4524 2413 4581 agmen,
2448 4519 2604 4565 erant
2634 4511 2836 4573 securi,
2869 4523 2923 4566 et
2950 4513 3216 4567 sedebant
3244 4515 3362 4568 sine
3389 4516 3499 4571 ulla

234 4618 415 4682 ὄντας,
448 4619 546 4672 καὶ
595 4618 792 4672 ἑπίασε
843 4619 940 4670 καὶ
992 4617 1212 4678 αὐτούς.
1254 4616 1318 4669 Οἱ
1364 4615 1668 4686 Βούλγαροι
1723 4615 1815 4669 οὖν

1923 4601 2231 4657 formidine.
2283 4601 2584 4671 Imperator
2634 4603 2832 4658 iterum
2869 4614 3030 4658 noctu
3079 4606 3338 4675 perrexit,
3385 4608 3499 4675 pri-

238 4709 569 4783 θαρροὐντες
597 4710 681 4762 ὅτι
710 4711 897 4781 ἔχουσι
939 4708 1153 4778 βίγλας,
1190 4704 1330 4780 ἦσαν
1365 4708 1688 4779 ἀμέριμνοι,
1724 4709 1821 4760 καὶ

238 4803 563 4868 ἐκαθέζοντο
596 4802 724 4872 δίχα
761 4801 928 4871 φόϐον
961 4802 1107 4857 τινά.
1151 4801 1261 4856 Καὶ
1292 4803 1321 4856 ό
1362 4799 1623 4871 βασιλεὺς
1658 4799 1820 4852 πάλιν

238 4896 648 4967 ινυκτοπάτησε
705 4896 800 4950 καὶ
849 4894 987 4966 πρὸς
1025 4893 1178 4964 ὥραν
1240 4893 1337 4964 τῆς
1387 4894 1565 4962 αὐγῆς
1617 4893 1820 4948 ἔδωκεν

236 4988 422 5041 ἐπάνω
459 4987 540 5050 είς
570 4985 771 5051 αὐτοὺς
799 4985 955 5054 ἄφνω
1002 4987 1098 5038 καὶ
1133 4984 1244 5038 ἀπὸ
1269 4982 1366 5038 τοῦ
1414 4984 1604 5055 ἑτέρου
1652 4985 1819 5056 μέρος

236 5083 264 5133 ό
286 5081 792 5153 ἐγχρυματωμένος
826 5079 1130 5150 στρατηγὸς
1170 5080 1407 5151 ὁμοίωςο
1444 5081 1540 5132 καὶ
1585 5078 1812 5149 εὑρέθη-

1921 4709 2123 4765 moque
2170 4692 2413 4748 diluculo
2462 4694 2649 4748 subito
2701 4692 2758 4748 in
2809 4693 2931 4749 illos
2984 4693 3146 4748 irruit
3191 4695 3501 4764 pariterque

1918 4787 2086 4844 simul
2123 4800 2188 4841 ex
2229 4785 2444 4841 insidiis
2476 4800 2772 4856 erumpens
2801 4786 2936 4841 dux.
2964 4783 3183 4857 Reperti
3215 4799 3344 4841 sunt
3371 4786 3500 4842 Bul-

1918 4880 2034 4951 gari
2096 4878 2337 4934 inermes
2387 4889 2442 4934 et
2497 4891 2694 4933 somno
2751 4879 2980 4950 gravati,
3033 4890 3500 4950 capesseruntque

1917 4970 2125 5040 fugam,
2176 4979 2229 5025 et
2292 4969 2493 5025 invasit
2546 4983 2643 5025 eos
2681 4968 3056 5024 consternatio
3106 4969 3398 5040 inopiaque
3444 4979 3498 5026 et

1923 5071 2100 5116 terror
2145 5061 2420 5115 maximus
2449 5077 2464 5114 :
2513 5059 2828 5116 nesciebant
2854 5059 2996 5114 enim
3027 5075 3135 5130 quo
3163 5063 3497 5129 recederent,

240 5188 338 5225 σαν
358 5151 409 5224 οί
440 5151 741 5242 Βούλγαροι
767 5171 1161 5242 ἀναρμάτωτοι
1192 5170 1288 5225 καὶ
1321 5169 1689 5241 βεϐαρημένοι
1714 5169 1810 5222 τοῦ

1923 5156 2293 5225 cadebantque
2341 5153 2396 5208 in
2454 5151 2648 5210 ﬂuvios
2689 5163 2745 5208 et
2785 5154 3196 5225 mergebantur,
3239 5162 3296 5209 et
3355 5157 3498 5211 alius

241 5262 408 5318 ὕπνου
457 5264 549 5317 καὶ
599 5262 873 5336 ὥρμησαν
928 5262 994 5315 νὰ
1045 5264 1315 5330 φεύγουιν
1373 5263 1468 5316 καὶ
1519 5261 1734 5330 ἐγένετο
1779 5263 1812 5331 ἡ

1923 5249 2082 5302 alium
2127 5247 2455 5317 jugulabat;
2504 5257 2557 5300 et
2606 5244 2839 5300 Romani
2906 5247 3266 5319 proﬂigabant
3313 5261 3406 5302 eos
3444 5258 3496 5302 et

241 5353 499 5423 συντριϐὴ
552 5354 646 5406 καὶ
695 5355 726 5421 ἡ
768 5354 983 5421 ἀνάγκη
1023 5351 1205 5404 αὐτῶν
1235 5351 1329 5403 καὶ
1373 5353 1400 5403 ὁ
1428 5351 1592 5419 φόϐος
1643 5351 1817 5404 πολλὰ

245 5443 455 5514 μέγας·
512 5447 608 5499 καὶ
660 5447 761 5499 οὐκ
811 5443 1115 5512 ὲγίνωσκαν
1176 5442 1278 5498 ποῦ
1357 5443 1663 5510 ὑπάγωσιν,
1724 5445 1818 5498 καὶ

243 5532 477 5585 επιπταν
507 5535 586 5596 εἰς
620 5535 748 5596 τοὺς
769 5535 1045 5604 ποταμοὺς
1071 5535 1163 5587 καὶ
1195 5533 1483 5602 ἐπνίγοντο
1514 5551 1527 5565 ⁸
1561 5535 1656 5588 καὶ
1681 5551 1812 5587 κατ·

242 5625 469 5696 ἔσφαξεν
492 5627 655 5698 8⁷1
687 5622 771 5692 εἷς
803 5630 893 5682 τὸν
937 5626 1096 5682 ἄλλον
1123 5644 1137 5661 ·
1174 5628 1266 5682 καὶ
1297 5630 1344 5682 οί
1385 5628 1646 5698 Ῥωμαῖοι
1678 5646 1806 5682 κατ-

1916 5340 2424 5396 immisericorditer
2479 5340 2863 5405 trucidabant;
2918 5352 2974 5396 et
3031 5342 3357 5396 ceciderunt
3402 5341 3494 5396 illa

1917 5435 2003 5488 die
2050 5435 2296 5487 Romano
2340 5431 2521 5503 gladio
2557 5444 2774 5486 centum
2811 5442 2865 5486 et
2920 5433 3197 5502 sexaginta
3237 5434 3498 5488 barbaro-

1924 5544 2043 5582 Intn
2076 5526 2266 5594 millia,
2293 5526 2365 5582 ita
2394 5533 2454 5580 ul
2482 5524 2702 5580 ﬂumina
2731 5542 2826 5596 pro
2856 5525 3012 5596 aquis
3043 5527 3360 5594 sanguinein
3383 5526 3496 5582 vol-

1923 5633 2130 5678 vcrent.
2159 5619 2322 5692 Fugit
2349 5621 2709 5688 illorumdux,
2730 5630 3094 5691 ceperuntque
3123 5617 3352 5674 Romani
3374 5631 3492 5675 ten-

1435 5765 1633 5828 Variw
1659 5763 1966 5827 lectiones
1997 5769 2057 5824 et
2097 5769 2282 5824 nota).

312 5891 354 5928 "
387 5894 622 5968 πειράντ
