4016 6338
268 455 399 524 1257

1437 440 1905 510 CHRONICON.
1947 466 2017 481 -··
2055 443 2209 508 LIB.
2249 447 2352 511 VI.

3358 445 3461 510 125
3475 448 3509 508 8

266 567 435 630 σέλιος
482 562 714 636 ὑποψίαν
755 559 1030 634 παρέσχεν
1071 559 1150 626 ὡς
1195 557 1348 626 παρά
1393 557 1490 612 τοῦ
1536 556 1823 627 λογοθέτου

1950 553 2068 612 ledit
2101 565 2161 611 ut
2189 573 2219 612 a
2245 557 2515 626 logotbeta
2542 570 2750 613 veneno
2790 557 3038 613 sublatus
3070 575 3083 611 :
3113 572 3282 628 quare
3311 559 3402 615 hic
3430 563 3510 616 ab

264 655 540 728 φαρμάκῳ
576 654 845 728 ἀνῄρητο·
878 655 960 709 διὸ
1001 655 1098 709 καὶ
1145 651 1360 724 napi”
1394 652 1504 705 τῶν
1544 649 1625 721 τῷ
1673 649 1825 704 Ῥου-

265 747 423 811 σελίφ
448 747 832 819 προσηκόντων
863 744 942 817 τῷ
985 745 1316 818 Βοτανειάτῃ
1357 743 1707 815 παραδοθεὶς,
1746 743 1826 804 είς

267 841 393 911 μίαν
418 835 570 912 [τῶν]
603 838 712 910 πρὸ
737 836 838 907 τῆς
870 836 1144 908 βασιλίδος
1181 836 1294 890 τῶν
1319 835 1529 899 πόλεως
1555 835 1827 904 κειμένων

263 932 441 1002 νήσων
485 928 877 1001 περιορίξεται.
931 929 995 983 0i
1053 929 1114 982 δέ
1176 945 1239 997 γε
1286 927 1416 997 περὶ
1462 926 1555 980 τὸν
1607 926 1830 997 βασιλέα

261 1021 579 1088 δεδοικότες,
610 1020 683 1083 ὡς
710 1021 794 1084 εις
823 1019 948 1090 ὄψιν
984 1020 1266 1075 ἐλεύσεται
1299 1019 1377 1089 τῷ
1402 1018 1632 1089 βασιλεῖ,
1661 1032 1832 1088 προσ⁴

262 1112 597 1182 ληφθήσεται
655 1113 751 1167 καὶ
804 1111 1014 1178 πάντας
1068 1112 1580 1184 παραγκωνίσεται,
1640 1111 1832 1163 ὑποτι-

262 1203 416 1260 θέισι
441 1206 520 1274 τῷ
552 1204 906 1280 Βοτανειάτῃ.
924 1204 1226 1278 ἀμυθήτων
1244 1205 1502 1276 εὐπορεῖν
1530 1201 1831 1274 χρημάτων

263 1296 354 1349 τὸν
377 1295 692 1368 λογοθέτην,
724 1297 822 1352 κα)⁸
847 1295 1022 1350 ταῦτα
1041 1294 1119 1367 τῷ
1147 1292 1415 1366 βασιλικῷ
1441 1294 1637 1365 χρῆναι
1660 1307 1832 1363 προσ-

263 1384 549 1456 ενεχθῆναι
598 1386 832 1458 ταμείῳ.
883 1385 1169 1443 memmi
1208 1385 1390 1440 τοίνυν
1433 1384 1464 1437 ὁ
1510 1381 1833 1455 Στραϐορω·

267 1479 459 1548 Pam:
492 1475 667 1548 μέγας
688 1478 1078 1550 δταιρειάρχης
1122 1479 1247 1533 τότε
1276 1477 1567 1548 γενόμενος
1585 1515 1600 1540 ,
1629 1473 1835 1546 ἱρωτή.

263 1584 370 1621 σων
393 1567 485 1622 τὸν
515 1566 802 1640 ἄνθρωπον
823 1568 930 1640 δπη
953 1567 1105 1640 αὐτῷ
1123 1568 1195 1624 τά
1221 1567 1482 1640 χρήματα
1505 1565 1836 1637 κέκρυπται.

264 1657 330 1712 οι
356 1656 414 1711 δι
447 1659 579 1730 περὶ
609 1656 705 1713 τδν
749 1657 979 1729 βασιλέα
1027 1658 1124 1724 οὓς
1162 1659 1262 1714 καὶ⁵
1286 1657 1582 1712 δεδοικέναι
1611 1657 1713 1726 τὴν
1743 1652 1837 1709 τοῦ

264 1745 552 1815 λογοθέτου
603 1745 913 1819 παρουσίαν
960 1749 990 1802 δ
1041 1747 1202 1819 λόγος
1247 1746 1683 1820 προδιηγήσατο,
1719 1742 1842 1799 πεί-

265 1835 416 1891 θουσι
467 1837 564 1891 τὸν
611 1837 1084 1912 Στραϐορωμανδν
1109 1836 1321 1894 ἀνελεῖν
1341 1837 1435 1892 τδν
1458 1836 1745 1907 ἀνθρωπον
1775 1835 1840 1889 ἐκ

1937 647 2135 704 Urselii
2173 647 2377 704 familia
2416 650 2685 705 Botaniati
2724 650 2973 717 traditus,
3019 651 3074 705 in
3106 665 3266 706 unam
3298 652 3513 708 insula-

1941 754 2061 794 rum
2110 750 2238 795 ante
2269 740 2485 797 urbium
2526 742 2770 813 reginam
2801 744 3028 798 sitarum
3060 743 3353 815 relegatur.
3400 746 3513 801 lm-

1939 833 2210 902 peratoris
2267 844 2444 891 autem
2499 836 2736 891 ministri
2787 838 3041 892 timentes
3092 852 3159 893 ne
3213 838 3512 909 imperato-

1941 925 2017 978 ris
2036 925 2210 982 ocnlis
2268 926 2358 982 ille
2399 925 2656 997 placeret,
2696 939 3175 1000 assumereturque
3223 939 3280 988 et
3319 946 3516 989 omnes

1941 1015 2182 1085 ejiceret,
2228 1016 2492 1088 efﬁngunt
2538 1017 2804 1075 Botaniati
2857 1021 3185 1091 logothetam
3229 1024 3516 1083 immensis

1943 1106 2220 1164 abundare
2251 1108 2477 1177 divitiis,
2497 1124 2699 1182 easque
2722 1111 2776 1166 in
2797 1113 2991 1168 σειστίο
3015 1113 3282 1180 imperiali
3327 1118 3517 1188 reponi

1945 1199 2162 1256 debere.
2212 1200 2447 1257 Mittitur
2482 1203 2668 1274 itaque
2701 1202 3184 1272 Straboromanus,
3225 1215 3356 1264 tunc
3398 1224 3520 1264 ma-

1944 1306 2083 1362 gnus
2139 1293 2514 1358 hetaeriarcha,
2585 1295 2961 1351 sciscitaturus
3026 1299 3097 1351 ab
3150 1299 3372 1355 homine
3422 1300 3517 1356 ubi

1946 1396 2077 1450 opes
2127 1397 2259 1439 suas
2301 1383 2702 1440 abseondisset.
2737 1385 2972 1442 Ministri
3003 1401 3134 1444 vero
3169 1389 3518 1460 imperatoris

1946 1488 2088 1542 quos
2120 1474 2408 1546 logothetae
2438 1476 2788 1545 praesentiam
2830 1479 3024 1534 timere
3050 1493 3222 1550 supra
3252 1480 3520 1544 diximus.

1947 1564 2177 1620 suadent
2227 1563 2654 1623 Straboromano
2679 1578 2737 1622 ut
2763 1569 2918 1636 omni,
2945 1579 3105 1640 pacto
3145 1572 3318 1626 virum
3351 1573 3525 1630 inter-

1947 1653 2114 1708 ficiat.
2145 1651 2194 1709 ls
2217 1663 2424 1720 autem,
2454 1670 2579 1712 cum
2605 1657 2903 1727 appulisset
2936 1658 3005 1714 ad
3038 1659 3301 1727 insulam,
3334 1661 3388 1716 in
3412 1677 3521 1733 qua

1948 1742 2117 1800 homo
2143 1745 2452 1811 exsulabat,
2475 1747 2624 1804 hunc
2648 1759 2756 1804 tam
2783 1749 2915 1803 dira:
2947 1751 3182 1820 subjecit
3205 1754 3521 1822 quaestioni,

1951 1841 2012 1889 ut
2045 1834 2101 1890 lu
2150 1836 2289 1907 ipsis
2321 1837 2609 1896 tormentis
2654 1842 3035 1912 exspiraverit,
3078 1847 3333 1913 quamvis
3366 1846 3525 1916 polli-

265 1930 469 2002 τρόπου
526 1931 727 1996 παντός
755 1949 769 1963 ·
803 1930 864 1996 δς
908 1935 1006 1986 καὶ
1033 1930 1333 2004 γενόμενος
1366 1931 1530 1997 ,κατά
1556 1931 1658 2002 τὴν
1691 1927 1843 1999 νῆσον

1954 1937 2174 1983 ceretur
2205 1943 2267 1984 se
2291 1930 2475 1986 omnia
2515 1931 2566 1986 vi
2595 1932 2939 2005 chirographi
2972 1935 3252 2004 daturum,
3302 1937 3350 1994 si
3379 1953 3520 2010 quae-

263 2014 384 2094 ένῇ
429 2019 786 2094 περιῶριστο,
831 2023 1015 2088 ἐτάζει
1044 2022 1137 2076 τὸν
1160 2021 1328 2094 ἀνδρα
1381 2020 1526 2076 οὕτω
1557 2017 1828 2090 σφοδρῶς.

1947 2017 2114 2074 stioni
2149 2021 2497 2078 eximeretur.
2530 2021 2623 2077 Sic
2649 2023 2814 2094 igitur
2843 2025 2934 2080 ille
2961 2026 3141 2097 periit.

259 2111 336 2180 ὣς
377 2117 439 2168 ἓν
459 2116 658 2182 αὐταῖς
725 2119 848 2184 ταῖς
891 2118 1148 2189 βασάνοις
1161 2115 1530 2188 έναποψῠξαιο
1573 2111 1857 2170 καὶταῦτα
1893 2112 2327 2186 ὑπισχνούμενον
2356 2117 2410 2149 ⁸⁸
2435 2116 2514 2182 ὡς
2535 2119 2712 2172 πάντα
2729 2117 2844 2191 δοίη
2894 2120 3319 2196 ὲνυπογράφως,
3347 2128 3395 2182 εί
3429 2129 3523 2184 τὸν

265 2196 507 2280 δτασμδν
547 2209 939 2284 [δια]φεύξοιτο
960 2226 978 2246 ο
1005 2212 1034 2266 ὁ
1058 2210 1156 2284 μιν
1174 2206 1270 2266 οὖν
1323 2209 1498 2275 οὕτως
1541 2206 1843 2264 ἀπόλωλεν.

339 2301 526 2376 "(17)
570 2298 620 2336 ⁸·
675 2303 741 2358 οι
790 2304 847 2359 δι
903 2304 1182 2376 Κομνηνοὶ
1229 2305 1260 2358 δ
1320 2304 1591 2367 unam;
1645 2300 1740 2355 καὶ
1768 2297 1844 2374 [ό]

277 2391 518 2458 Ἀλέξιος
568 2392 1019 2466 ὑπερϐαλλόντως
1091 2395 1230 2466 πρὸς
1282 2393 1378 2450 τοῦ
1431 2392 1699 2464 βασιλέως
1747 2391 1844 2447 καὶ

265 2483 563 2555 τετίμηντο
606 2485 704 2539 καὶ
753 2487 1099 2556 ἑστέργοντο,
1154 2485 1252 2538 καὶ
1307 2482 1589 2554 διαδόχους
1643 2480 1844 2544 αὐτοὺς

266 2571 363 2641 τῆς
398 2571 680 2641 βασιλείας
709 2573 985 2646 ὠνόμαζε.
1020 2575 1114 2628 Διὸ
1150 2574 1245 2628 καὶ
1278 2573 1428 2644 παρὰ
1452 2572 1567 2626 τῶν
1592 2571 1721 2642 περὶ
1753 2569 1844 2624 τὸν

268 2660 636 2738 Βοτανειάτην
705 2667 954 2739 σφοδρῶς
1009 2667 1436 2731 έϐασκαίνοντο,
1498 2667 1593 2719 καὶ
1644 2663 1847 2734 μᾶλλον

267 2756 420 2827 παρά
451 2755 566 2810 τῶν
597 2754 910 2828 είρημένων
931 2754 1027 2810 δύο
1053 2753 1260 2808 δούλων
1287 2750 1480 2815 αὐτοῦ,
1505 2750 1554 2804 οῖ
1582 2751 1678 2805 καὶ⁵
1710 2750 1848 2820 πρὸς

267 2851 477 2904 έκεῖνον
506 2848 638 2914 τοὺς
665 2848 869 2921 ἄνδρας
921 2847 1226 2914 διέϐαλλον,
1257 2845 1333 2910 ὡς
1362 2843 1658 2916 τυραννίδα
1690 2842 1847 2911 μελεο

265 2940 499 3006 τῶντας,
533 2940 631 2995 καὶ
657 2939 759 3013 τὴν
788 2938 872 3005 είς
913 2939 1113 3003 αὐτοὺς
1164 2936 1262 2993 τοῦ
1312 2936 1576 3008 βασιλέως
1605 2933 1847 2989 διάθεσιν

269 3031 595 3104 ὕπώρυττόν
645 3048 706 3087 τε
755 3033 850 3087 καὶ
881 3030 1295 3104 [παρεσάλευον.
1337 3030 1402 3084 Ὃ
1452 3028 1671 3097 γνόντες
1698 3021 1845 3080 οὗτοι

269 3124 362 3178 καὶ
411 3127 488 3197 μή
517 3141 574 3178 τι
631 3123 850 3178 πάθωσι
885 3122 1236 3195 πτοηθέντες,
1283 3121 1360 3184 ὡς
1412 3119 1469 3174 δὲ
1517 3119 1696 3186 λόγος,
1748 3118 1842 3170 καὶ

2023 2297 2296 2356 Comneni
2324 2309 2506 2356 autem
2539 2300 2760 2358 Isaacus
2783 2311 2837 2359 et
2858 2303 3083 2363 Alexius
3106 2308 3175 2364 ab
3198 2309 3526 2381 imperatore

1950 2390 2187 2448 maxime
2226 2392 2638 2448 honorabantur
2672 2383 3116 2468 amabanturque
3191 2403 3344 2472 regni
3395 2418 3526 2460 suc-

1951 2496 2199 2539 cessores
2234 2496 2329 2540 eos
2367 2493 2618 2540 vocante.
2670 2485 2857 2556 itaque
2889 2489 3080 2545 aulicis
3113 2505 3312 2562 magno
3369 2506 3527 2550 erant

1952 2571 2006 2626 in
2038 2571 2186 2641 odio,
2217 2588 2280 2630 ac
2309 2576 2608 2644 pnesertlm
2641 2577 2878 2646 praefatis
2914 2579 3129 2637 duobus
3153 2582 3276 2651 ejus
3299 2584 3473 2643 servis
3504 2604 3520 2641 :

1955 2663 2050 2734 qui
2102 2664 2247 2735 apud
2290 2665 2439 2722 hunc
2473 2666 2600 2724 illos
2636 2667 2783 2726 viros
2836 2670 3315 2730 calumniabantur
3365 2677 3522 2747 quasi

1955 2759 2298 2827 tyrannidem
2364 2757 2720 2826 aﬂectarent,
2800 2763 2852 2817 in
2918 2779 3123 2834 eosque
3180 2767 3522 2838 imperatoris

1956 2844 2309 2901 oﬂ'ensionem
2352 2847 2686 2904 excitabant.
2717 2849 2836 2917 Quo
2877 2851 3086 2916 audito,
3122 2853 3222 2920 illi,
3274 2869 3342 2910 ne
3388 2857 3521 2926 quid

1955 2937 2082 2990 mali
2133 2937 2237 2992 sibi
2291 2937 2600 3006 accideret,
2657 2949 2708 2995 et
2773 2947 2832 2995 ut
2885 2941 3106 3010 dicitur,
3152 2944 3266 3015 jam
3313 2946 3521 3017 pridem

1954 3029 2104 3100 regni
2140 3029 2451 3098 cupidinem
2499 3031 2767 3098 foventes,
2800 3034 3144 3091 manifestato
3169 3036 3367 3106 quibus
3391 3055 3523 3095 con-

1949 3119 2186 3174 ﬁdebant
2241 3135 2341 3176 suo
2402 3121 2651 3187 consilio,
2703 3123 2908 3193 egressi
2957 3135 3085 3181 sunt
3133 3141 3201 3181 ex
3256 3129 3412 3193 urbe,
3470 3140 3526 3185 ct

268 3215 437 3269 πάλαι
491 3215 628 3285 παρ’
666 3215 880 3278 ἑαυτοῖς
923 3215 1015 3269 τδν
1070 3215 1169 3285 τῆς
1224 3211 1506 3283 βασιλείας
1555 3212 1843 3282 τρέφοντες

1950 3212 2300 3282 Adrianopoli
2331 3221 2510 3283 capta,
2557 3215 2623 3270 ad
2656 3229 2714 3270 se
2756 3225 2928 3270 totum
2963 3215 3076 3274 fere
3109 3221 3412 3276 exercitum
3443 3232 3526 3277 at-

266 3305 469 3378 ιρωτα,
497 3307 600 3361 καλ⁵
624 3305 807 3372 ἀλλοις
835 3301 917 3372 οἷς
948 3306 1216 3380 έθάρρουν
1240 3305 1302 3360 τδ
1333 3303 1606 3376 βούλευμα
1655 3319 1843 3358 κοινω-

1951 3315 2257 3361 traxerunt.
2322 3303 2478 3361 Tunc
2525 3307 2791 3362 salutatur
2820 3308 3113 3378 imperator
3150 3312 3372 3370 Alexius
3410 3329 3528 3368 [ηας

270 3398 523 3470 σάμενοι,
555 3397 785 3469 έξῆλθον
813 3399 914 3469 τῆς
940 3397 1175 3462 πόλεως’
1204 3397 1300 3452 καὶ
1325 3397 1425 3468 τὴν
1450 3396 1606 3450 πόλιν
1637 3395 1850 3468 Ἀδριαο

270 3492 365 3548 νοῦ
413 3493 838 3565 κατειληφότες,
864 3493 1030 3564 900
1064 3493 1145 3555 είς
1194 3491 1422 3555 ἑαυτοὺς
1473 3490 1539 3545 τδ
1579 3505 1847 3562 στρατιω-

268 3585 418 3638 τικδν
452 3584 678 3656 ξύμπαν
721 3584 910 3655 σχεδὸν
948 3583 1332 3638 έπεσπάσαντο
1353 3597 1369 3613 °
1401 3583 1497 3639 καὶ
1543 3582 1846 3655 ἀναγορεύ-

271 3691 391 3730 εται
430 3675 686 3749 βασιλεὺς
719 3678 751 3730 ό
796 3673 1031 3741 ’Δλέξιος
1056 3674 1152 3729 τοῦ
1200 3675 1447 3747 μείζονος
1487 3676 1849 3748 προτιμηθεὶς

273 3767 532 3838 ἀδελφοῦ,
565 3768 649 3822 δτι
692 3783 757 3822 τε
790 3767 1152 3838 προσέκειντο
1205 3765 1382 3839 τούτῳ
1426 3770 1476 3823 οἱ
1517 3768 1850 3840 στρατιῶται

275 3858 478 3929 μᾶλλον
509 3857 587 3922 ὡς
633 3857 1153 3930 στρατηγικωτέρῳ,
1181 3858 1278 3913 καὶ
1308 3859 1389 3913 δτι
1423 3859 1628 3929 σπουδῇ
1658 3874 1715 3912 τε
1758 3859 1852 3912 καὶ

273 3952 607 4025 ὑποσχέσεσι
638 3950 792 4021 παρά
828 3951 939 4005 τῶν
997 3951 1127 4021 περὶ
1163 3951 1327 4006 αὐτὸν
1357 3949 1848 4022 μεθειλκύσθησαν.

274 4042 462 4109 οὕτως
494 4042 590 4098 οὖν
616 4042 948 4116 ἀναρρηθεὶς
984 4044 1015 4097 ό
1059 4040 1316 4107 ’Δλέξιος,
1335 4044 1426 4096 καὶ
1448 4042 1543 4097 τοῦ
1580 4042 1850 4098 Ἰσαακίου

279 4136 356 4210 μὴ
387 4137 532 4193 πάνυ
561 4153 613 4190 τι
647 4136 784 4208 πρὸς
810 4136 912 4208 τὴν
945 4136 1249 4209 ἀνάρρησιν
1281 4137 1730 4209 δυσχεράναντος,
1753 4137 1853 4208 τὴν

279 4231 530 4302 βασιλίδα
582 4229 997 4300 καταλαμϐάνει
1028 4231 1124 4285 καὶ
1157 4230 1296 4302 πρὸς
1339 4230 1658 4304 πολιορκίαν
1706 4233 1853 4301 ἡτοί-

276 4339 476 4394 μαστο.
532 4323 592 4376 '0
632 4323 692 4378 δι
737 4323 1100 4396 Βοτανειάτης
1141 4327 1255 4389 τοῖς
1300 4322 1541 4396 τείχεσιν
1581 4325 1850 4395 ἐπέστησε

276 4416 525 4486 φύλακας
571 4432 585 4448 °
635 4412 777 4489 ἦσαν
834 4416 892 4471 5's
939 4416 1071 4489 περί
1104 4417 1152 4450 ⁸⁸
1177 4433 1301 4471 τινα
1338 4416 1548 4489 πύργον
1599 4416 1738 4488 πρὸς
1783 4419 1852 4488 τῇ

239 4582 242 4586 ἢ
279 4509 424 4584 πύλῃ
458 4511 560 4581 τῆς
589 4509 820 4576 πόλεως,
841 4513 876 4584 ἢ
897 4511 1139 4582 Χαρσίου
1179 4510 1450 4575 καλεῖται,
1483 4510 1854 4580 φυλάσσοντες

1945 3397 2053 3466 jori
2116 3399 2456 3469 antepositus
2519 3397 2697 3466 fratri,
2764 3409 2876 3456 tum
2945 3401 3075 3471 quia
3126 3405 3321 3460 melius
3370 3416 3524 3462 erant

1952 3489 2130 3546 aﬂ‘ecti
2162 3491 2362 3546 milites
2393 3491 2448 3545 in
2477 3507 2599 3546 eum
2631 3501 2816 3563 utpote
2852 3492 2976 3548 belli
3016 3494 3355 3564 peritiorem,
3406 3508 3519 3554 tum

1952 3582 2079 3652 quia
2114 3582 2295 3638 studio
2333 3590 2388 3637 ct
2427 3581 2712 3651 promissis
2756 3584 3033 3641 fautorum
3065 3587 3186 3658 ejus
3225 3590 3404 3648 alicui
3433 3608 3521 3647 es.

1951 3682 2095 3729 sent.
2141 3671 2236 3728 Sic
2264 3673 2425 3744 igitur
2452 3673 2816 3744 proclamatus
2858 3678 3103 3747 Alexius,
3133 3679 3319 3738 lsaaco
3363 3698 3522 3754 aquo

1952 3765 2138 3819 animo
2169 3765 2396 3832 ferente,
2433 3767 2719 3836 occuparit
2748 3768 3031 3838 imperium
3077 3787 3244 3844 seque
3270 3775 3337 3829 ad
3372 3777 3521 3831 urbis

1950 3856 2296 3913 obsidionem
2374 3859 2630 3914 accinxit.
2695 3859 3007 3918 Botaniates
3067 3878 3195 3920 vero
3248 3868 3521 3924 mcenibus

1952 3949 2249 4020 praeposuit
2283 3950 2559 4006 custodes.
2598 3948 2768 4005 Porro
2817 3952 3007 4020 turris,
3039 3955 3142 4010 sita
3171 3970 3336 4028 prope
3368 3958 3521 4014 urbis

1954 4051 2162 4113 pur-tam
2196 4058 2318 4114 quae
2348 4043 2564 4098 Charsii
2605 4055 2848 4110 vocatur,
2886 4048 3297 4104 custodiebatur
3347 4066 3378 4104 a
3413 4051 3516 4107 Ne-

1954 4135 2133 4191 rnitzis
2163 4134 2416 4207 (Nernitzi
2448 4145 2606 4191 erant
2636 4137 2858 4192 natione
2883 4138 3108 4210 Celtae):
3141 4140 3195 4194 hi
3225 4155 3349 4196 cum
3380 4144 3520 4196 ami-

1952 4227 2033 4284 cis
2057 4227 2323 4284 Comneni
2352 4228 2603 4285 collocuti
2627 4237 2755 4285 sunt
2781 4229 2849 4284 de
2876 4233 3012 4286 urbe
3042 4233 3344 4301 prodenda.
3366 4232 3522 4290 Mane

1953 4319 2121 4392 igitur
2165 4319 2297 4376 feria
2330 4319 2519 4391 quinta
2546 4318 2770 4389 Majoris
2821 4318 3184 4377 Hebdomada
3222 4323 3520 4380 salutifera:

1955 4411 2253 4471 Salvatoris
2295 4413 2473 4498 nostri
2508 4412 2804 4478 Passionis,
2838 4414 2939 4470 viri
2981 4413 3245 4471 Conmeni
3283 4417 3521 4474 exterio-

1955 4519 2070 4561 rem
2100 4521 2317 4561 murum
2358 4505 2665 4575 oppositum
2719 4506 2852 4561 turri
2881 4521 2910 4560 a
2946 4503 3208 4562 Nemitzis
3239 4510 3523 4568 custodita

277 4601 772 4674 Νέμιτζοι-έθνος
803 4602 850 4656 δ’
880 4603 932 4657 oi
953 4600 1216 4674 Νέμιτζοι
1237 4603 1281 4636 ⁸⁸
1332 4601 1686 4657 Κελτικὸν-ο
1705 4596 1843 4656 οὗτοι

1955 4598 2194 4671 aggressi
2241 4611 2367 4654 sunt
2390 4598 2544 4668 juxta
2573 4597 3012 4656 conventionem.
3066 4597 3166 4665 Qui
3197 4615 3325 4654 vero
3377 4602 3521 4658 hunc

277 4693 456 4765 λάθρα
511 4697 626 4758 τοίς
673 4695 803 4765 περὶ
839 4693 966 4758 τοὺς
999 4694 1322 4766 Κομνηνοῦς
1372 4693 1853 4764 ἑκοινολογήσαντο

282 4786 412 4858 περὶ
462 4787 757 4859 προδοσίας
817 4787 915 4858 τῆς
974 4786 1200 4850 πόλεως.
1232 4786 1441 4840 Ἐωθεν
1459 4783 1556 4840 οὖν
1581 4785 1724 4838 κατά
1750 4784 1852 4854 τὴν

282 4877 529 4950 μεγάλην
586 4878 844 4949 πέμπτην
911 4877 1014 4948 τῆς
1081 4876 1374 4946 ἑϐδομάδος
1429 4874 1525 4929 τοῦ
1583 4875 1853 4941 σωτηρίου

280 4972 488 5037 πάθους
510 4971 604 5025 τοῦ
630 4972 880 5042 Σωτῆρος
911 4969 1091 5040 ημῶν,
1119 4969 1170 5022 oi
1195 4969 1294 5038 μὲν
1323 4969 1454 5038 περὶ
1489 4969 1610 5029 τοὺς
1635 4968 1856 5038 Κομνηο

281 5066 404 5129 νοῦς
428 5065 507 5135 τῷ
539 5065 658 5117 κατ’
679 5064 908 5133 ἀντικρυ
938 5057 1034 5114 τοῦ
1066 5061 1217 5133 παρά
1242 5061 1350 5113 τῶν
1380 5059 1672 5127 Νεμίτζων
1693 5074 1852 5113 κατε.

282 5158 517 5228 χομένου
552 5157 764 5229 πύργου
813 5157 1064 5227 ἐξωτέρω
1093 5155 1261 5224 τείχει
1291 5153 1683 5223 προσέϐαλλον,
1707 5152 1850 5205 κατά

287 5251 557 5320 σύνθημα,
588 5251 652 5304 0i
676 5249 721 5302 δ’
751 5251 1056 5318 έφεστωτες
1094 5244 1243 5314 αὐτῷ
1270 5245 1394 5307 τοὺς
1413 5243 1847 5314 προσϐάλλοντας

283 5341 505 5396 εϐαλλον
555 5342 652 5396 καὶ
709 5342 973 5411 ἀπεῖργον
1029 5339 1123 5393 τοῦ
1180 5337 1462 5408 προσιέναι
1519 5335 1725 5406 ἁγχοῦ’
1771 5334 1849 5398 ὡς

280 5428 327 5482 δ’
363 5430 468 5485 ὑπὸ
500 5430 608 5484 τῶν
629 5429 917 5500 Νεμὶτξων
953 5430 1016 5482 ἐκ
1045 5426 1134 5482 τοῦ
1167 5428 1374 5495 πύργου
1404 5427 1453 5478 oi
1483 5428 1538 5480 ὲν
1571 5426 1648 5495 τῷ
1674 5427 1842 5494 τείχει

282 5522 587 5588 ιϐάλλοντο,
622 5523 697 5594 μὴ
726 5518 829 5576 οἶοί
869 5537 928 5574 τε
957 5520 1107 5582 (οντες
1161 5520 1256 5572 καὶ
1309 5519 1444 5588 πρὸς
1501 5517 1628 5580 τοὺς
1686 5519 1844 5580 ἐκτὸς

1958 4706 2174 4748 murum
2228 4691 2625 4763 protegebant,
2687 4691 3042 4746 ascendentes
3092 4692 3418 4760 dejiciebant
3467 4707 3522 4751 et

1951 4785 2020 4839 ab
2062 4799 2282 4840 accessu
2333 4782 2730 4854 prohibebant;
2789 4779 2883 4838 sed
2919 4798 3041 4838 cum
3079 4797 3110 4837 a
3143 4781 3405 4841 Nemitzis
3451 4803 3516 4843 ex

1952 4885 2102 4930 turre
2140 4875 2261 4930 telis
2307 4873 2699 4944 impeterentur
2722 4870 2864 4927 muri
2903 4870 3241 4938 defensores,
3272 4890 3380 4929 non
3419 4891 3516 4930 va.

1952 4967 2123 5024 lentes
2155 4964 2317 5022 simul
2349 4966 2605 5022 resistere
2626 4963 2866 5019 externis
2896 4963 3224 5018 adversariis
3265 4973 3318 5020 et
3363 4966 3518 5021 oblu-

1956 5059 2091 5116 ctari
2117 5057 2541 5128 internisjacula
2569 5055 2621 5110 in
2647 5056 2795 5126 ipsos
2816 5071 2844 5110 a
2864 5057 3049 5110 dextra
3079 5056 3517 5122 immittentibus,

1956 5167 1987 5207 a
2021 5159 2213 5204 conatu
2259 5149 2601 5203 destiterunt.
2642 5147 2793 5203 Tunc
2844 5146 3103 5202 moenium
3151 5162 3520 5218 aggressores,

1956 5243 2240 5314 applicatis
2290 5256 2448 5295 muro
2501 5240 2667 5295 scaiis
2713 5239 3092 5305 ascenderunt,
3127 5249 3519 5312 portarumque

1958 5351 2112 5390 seras
2171 5333 2455 5388 securibus
2510 5331 2876 5398 abscidentes,
2938 5332 3149 5387 iacilem
3214 5333 3516 5402 conjura:is

1954 5435 2282 5496 aperuerunt
2339 5424 2566 5478 aditum.
2618 5422 2740 5490 Quo
2801 5425 2942 5488 \‘iso,
2980 5429 3120 5479 muri
3172 5427 3366 5480 interni
3429 5441 3522 5482 cuo

1952 5519 2158 5585 studes,
2185 5517 2416 5589 gregarii
2451 5516 2698 5573 homines
2740 5526 2794 5573 et
2815 5521 3057 5591 plerique
3081 5519 3204 5574 belli
3227 5519 3410 5586 rudes,
3439 5522 3520 5576 vti

1479 5666 1676 5728 Varia:
1725 5667 2032 5731 lectiones
2077 5670 2136 5726 et
2183 5667 2372 5724 notae.

356 5798 400 5834 ⁵⁸
430 5797 555 5865 περί
588 5794 711 5847 Par.
758 5791 910 5846 i708.
952 5792 1036 5865 ﬂ"
1068 5791 1499 5865 ὑπισχνουμένου
1539 5787 1674 5865 lori.
1721 5804 1833 5865 -—'_

1950 5781 2455 5865 meveé'9°=:..z:>n-
2531 5779 2760 5865 1‘93!-

2855 5781 2911 5815 ιιι
2939 5781 3060 5837 par.
3119 5782 3255 5841 1708
3287 5815 3350 5825 -
3379 5784 3513 5843 Ζοιι.

282 5867 387 5925 230
441 5850 516 5934 Βξ
564 5865 605 5919 Ε
660 5865 759 5919 231
810 5867 873 5917 Δ.
950 5862 996 5894 ⁸⁸
1039 5850 1374 5930 μ.ιιὶ›ς”στρ.
1411 5862 1459 5914 oi
1495 5875 1576 5914 στ.
1606 5857 1742 5913 Ζυιι.
1819 5861 1837 5891 ⁶

1950 5856 2047 5928 ιρά
2079 5854 2212 5911 Ζοιι.
2291 5855 2332 5887 ⁶¹
2358 5850 2627 5925 Νέμετζοι
2657 5854 2742 5910 bis
2779 5851 2915 5910 Zon.

603 5959 870 6022 PATROL.
915 5956 1006 6018 Gn
1020 6000 1034 6016 .
1076 5954 1202 6018 CX.

3061 5942 3136 6008 40
