4036 6370
271 356 3515 421 Ἥ

992 711 1703 802 ῖυιυιῇΝδῐςἋῠιέΑτιε
1722 702 1829 802 ἘΤ
1859 702 2243 804 nooUN'TINI
2275 697 2795 806 ARCHIEPISCDPI

514 919 1166 1038 OPERUM
1265 889 1916 1040 OMNIUM
2017 925 2421 1040 PARS
2521 910 3274 1047 SECUNDA

1831 1163 1968 1207 SIVE

867 1305 1147 1400 Scripta
1175 1309 1258 1378 ab
1294 1310 1440 1400 ipso
1479 1309 1661 1378 edita
1706 1323 1857 1400 post
1887 1312 2191 1383 relictam
2227 1315 2629 1386 abbatialem
2664 1280 2925 1390 curant.

1238 1649 1245 1664 ’
1357 1601 2664 1806 ΗΟΜΙιΙλἘέ

1279 1945 1410 2026 (ΑΒ
1450 1946 1668 2010 ANNO
1721 1947 1840 2009 826
1882 1947 1992 2031 AD
2035 1945 2314 2044 ANNUM
2355 1944 2525 2026 8414.)

348 2457 811 2590 ΗθΜΙῐιΙᾹῐ
889 2455 1025 2588 DE
1101 2448 1457 2589 FESTIS
1535 2454 1855 2591 Μαι

1951 2457 2135 2606 HIS,
2212 2459 2472 2590 ITEM
2547 2457 2680 2590 DE
2755 2458 3427 2589 VIRTUTIBUS.

871 2746 1242 2805 PREFATIO

585 2853 651 2895 AD
687 2854 1022 2895 BAISTULFUH
1066 2849 1536 2896 ARCBIEPISCOPUH.

346 2925 552 2984 Sancto
597 2945 660 2984 ac
707 2929 992 2985 venerabili
1041 2927 1189 2983 Patri
1234 2928 1538 2984 HAISTULFO
1579 2927 1846 2999 archiepi-

266 3034 461 3090 se0po,
491 3018 758 3086 Ramnes,
789 3019 910 3074 vilis
939 3020 1173 3075 servitor
1200 3020 1524 3074 servitorum
1553 3018 1670 3074 Dei.

341 3108 676 3164 JuSsionibus
721 3109 824 3164 tuis
864 3110 1272 3180 obtemperans,
1318 3110 1631 3166 beatissime
1671 3109 1848 3175 Pater,

265 3212 574 3254 sermonem
599 3199 804 3254 confeci
829 3200 896 3254 ad
917 3200 1316 3269 praedicandum
1346 3201 1564 3272 populo,
1586 3201 1652 3256 de
1677 3199 1852 3256 omni-

268 3289 371 3345 bus
410 3303 531 3360 qua:
573 3288 878 3344 necessaria
927 3290 1006 3344 eis
1055 3291 1290 3356 credidi;
1339 3293 1442 3346 hoc
1481 3299 1582 3357 est,
1618 3290 1852 3361 primum

265 3379 482 3450 qualem
517 3380 918 3435 observantiam
944 3381 1202 3436 deberent
1229 3381 1429 3437 habere
1459 3382 1511 3436 in
1543 3381 1851 3437 festivitati-

271 3470 372 3525 bus
397 3470 682 3541 prtecipuis
703 3485 822 3540 quae
851 3479 977 3527 sunt
1004 3471 1056 3526 in
1086 3473 1213 3526 anni
1245 3471 1464 3537 circulo,
1506 3483 1566 3527 ut
1599 3480 1854 3528 vacantes

273 3562 344 3616 ab
362 3577 524 3632 opere
551 3551 844 3628 mundano,
875 3579 980 3618 non
1001 3565 1155 3620 vacui
1182 3563 1374 3620 tierent
1402 3580 1434 3619 a
1461 3565 1626 3620 verbo
1649 3564 1852 3632 divino,

271 3651 368 3705 sed
397 3651 782 3721 cognoscentes
807 3654 902 3708 Dei
923 3653 1277 3718 voluntatem,
1302 3653 1458 3708 factis
1484 3669 1605 3708 eam
1631 3654 1855 3723 implere

272 3740 553 3796 studerent
583 3760 596 3794 :
628 3741 823 3797 deinde
861 3743 1130 3798 tenuimus
1167 3744 1600 3813 praedicationem
1643 3744 1746 3798 illis
1789 3743 1858 3800 de

273 3830 503 3887 diversis
549 3832 827 3903 speciebus
871 3834 1151 3900 virtutum,
1182 3836 1235 3890 id
1266 3844 1367 3900 est,
1409 3837 1474 3891 de
1509 3835 1630 3902 ﬁde,
1673 3850 1764 3905 spe
1802 3843 1856 3890 et

259 3920 558 3987 .charitate,
587 3923 653 3977 de
681 3924 946 3990 castitate,
989 3925 1345 3992 continentia,
1385 3935 1440 3981 et
1487 3927 1695 3982 caeteris
1738 3943 1856 3997 spe-

273 4012 460 4067 ciebus
507 4012 798 4079 virtutum,
847 4014 1076 4085 qualiter
1123 4031 1215 4071 cas
1263 4024 1574 4086 appetentes
1600 4025 1655 4072 et
1682 4026 1856 4071 custo-

1872 2753 1926 2812 Α
1947 2755 2008 2803 ut
2035 2762 2169 2804 mete
2192 2747 2443 2820 parvitati
2469 2749 2770 2820 impendas,
2795 2756 2856 2804 ut
2882 2749 3289 2820 quibuscunque
3313 2747 3381 2805 de
3409 2750 3534 2807 sub-

1941 2839 2126 2911 jectis,
2153 2841 2266 2898 sive
2299 2842 2527 2906 devotis,
2557 2842 2660 2898 hoc
2688 2841 3002 2912 opusculum
3031 2841 3102 2896 ad
3140 2841 3422 2913 legendum
3450 2841 3538 2911 vel

1951 2936 2017 2991 ad
2040 2935 2440 3004 prazdicandum
2466 2933 2792 2999 committes,
2821 2949 2994 2990 meam
3021 2933 3367 3005 fragilitatem
3393 2933 3536 3004 apud

1943 3023 2303 3092 iustissimum
2330 3025 2574 3081 Iudicem
2601 3024 2940 3080 orationibus
2967 3025 3080 3080 suis
3108 3023 3363 3093 adjuvare
3398 3039 3538 3094 pra:-

1952 3112 2140 3182 cipias,
2176 3120 2443 3183 quatenus
2485 3113 2768 3183 praesentis
2812 3113 2939 3166 vitae
2980 3127 3196 3167 cursum
3245 3127 3342 3181 per
3383 3127 3538 3166 suam

1953 3203 2181 3272 gratiam
2207 3203 2408 3258 diutius
2433 3211 2667 3268 teneam,
2694 3209 2749 3256 et
2775 3201 2842 3256 ad
2873 3200 3105 3255 futuram
3145 3199 3538 3255 beatitudinem

1952 3293 2181 3350 feliciter
2215 3293 2498 3364 pervenire
2539 3306 2769 3352 merear.
2818 3291 3082 3345 Divinitas
3124 3289 3338 3346 Domini
3366 3288 3540 3344 nostri

1951 3383 2080 3440 Jesu
2100 3385 2301 3440 Christi
2331 3384 2719 3440 beatitudinem
2744 3390 2982 3438 vestram
3009 3381 3157 3436 omni
3187 3389 3426 3451 tempore
3454 3379 3537 3433 in-

1954 3475 2220 3531 columem
2248 3489 2570 3531 conservare
2594 3474 2862 3545 dignetur,
2890 3478 3074 3528 sancte
3102 3469 3263 3525 Pater
3287 3487 3303 3524 :
3331 3482 3541 3526 memor

1955 3568 2031 3623 sis
2057 3566 2248 3622 nostri.

2712 3662 2778 3673 o—

2464 3741 2745 3802 HOMILIA
2798 3744 3030 3800 PRIMA.

2092 3855 2231 3893 ANTE
2267 3854 2514 3893 NATALESI
2555 3852 2738 3892 DOMINI
2776 3851 2966 3892 NOSTBI
3002 3848 3123 3891 τεεί]
3151 3845 3387 3890 οηκιδτι.

2025 3929 2499 3999 Appropinquante
2519 3928 2632 3998 jam
2661 3927 3025 3982 sacratissima
3067 3925 3407 3981 solemnitate
3427 3939 3537 3995 qua

1959 4021 2205 4076 Salvator
2251 4029 2436 4076 noster
2477 4021 2620 4074 inter
2657 4019 2902 4073 homines
2938 4017 3087 4072 nasci
3116 4015 3540 4072 misericorditer

275 4105 486 4160 dientes
518 4105 629 4160 Deo
670 4104 962 4176 placerent,
1003 4116 1059 4161 et
1101 4108 1266 4161 vitam
1305 4117 1559 4162 mternam
1602 4109 1656 4162 in
1701 4108 1852 4164 cmlis
1881 4091 1927 4149 Β
1955 4112 2155 4177 voluit,
2186 4111 2380 4165 fratres
2409 4110 2734 4171 charissimi,
2761 4108 3020 4162 attentius
3045 4106 3383 4162 considerate
3406 4119 3542 4174 qua-

276 4207 399 4250 cum
441 4194 642 4249 sanctis
681 4194 883 4264 angelis
912 4196 1189 4266 percipere
1214 4205 1453 4265 possent.
1503 4196 1695 4252 Postea
1724 4213 1853 4253 vero

275 4283 442 4339 alium
471 4281 814 4354 adiunximus
851 4300 1155 4341 sermonem
1201 4286 1267 4340 de
1306 4287 1472 4341 variis
1515 4301 1758 4343 errorum
1800 4297 1854 4345 et

274 4375 530 4430 vitiorum
583 4374 981 4430 seductionibus
1031 4391 1155 4430 cum
1209 4375 1405 4445 quibus
1453 4378 1705 4448 antiquus
1753 4380 1852 4435 lto-

275 4465 378 4522 stis
417 4465 710 4520 humanum
756 4481 923 4536 genus
971 4465 1172 4521 deludit
1215 4482 1279 4522 ac
1323 4469 1519 4538 decipit
1551 4488 1564 4524 :
1597 4472 1700 4525 hoc
1746 4480 1852 4538 est,

276 4559 345 4616 de
376 4560 519 4616 malo
546 4559 808 4629 superbia:
831 4566 884 4614 et
903 4558 1196 4628 jactantiae,
1227 4561 1340 4626 iraa,
1369 4561 1600 4628 invidiae,
1627 4562 1853 4629 fraudis,

277 4650 539 4716 avaritia},
583 4648 719 4721 gula:
758 4657 812 4704 et
855 4647 1247 4716 fornicationis,
1275 4659 1330 4706 et
1362 4652 1446 4706 his
1480 4650 1764 4720 similibus,
1798 4661 1858 4708 ut

276 4741 482 4797 scirent
501 4738 702 4795 Christi
729 4755 855 4795 oves
877 4741 1142 4809 quomodo
1167 4742 1279 4812 lupi
1307 4741 1625 4797 ferocissimi
1653 4751 1720 4806 et.
1733 4745 1858 4798 dra-

279 4829 434 4885 conis
459 4828 739 4884 saavissimi
766 4843 980 4884 morsus
1012 4828 1260 4893 evadere,
1298 4837 1352 4884 et
1383 4830 1638 4899 prmvisos
1663 4845 1856 4886 cavere

278 4927 518 4991 possent.
578 4918 780 4975 Verum
823 4920 950 4988 quia
988 4921 1122 4985 haec,
1165 4920 1392 4976 diversis
1419 4921 1858 4990 occupationibus

281 5010 782 5076 intervenientibus,
825 5011 982 5065 simul
1009 5012 1169 5067 edere
1194 5026 1301 5067 non
1326 5012 1508 5081 potui;
1548 5013 1643 5068 sed
1675 5012 1857 5068 diver-

284 5101 355 5155 sis
389 5099 743 5168 temporibus,
769 5108 928 5168 prout
959 5102 1328 5170 opportunitas
1356 5102 1672 5168 dictaverat,
1705 5118 1859 5174 sepa-

286 5190 444 5244 ratim
485 5187 685 5257 scripta
716 5187 769 5240 in
803 5188 1033 5242 scedulis
1061 5189 1155 5242 tibi
1191 5192 1616 5257 transmiseram,
1646 5200 1768 5262 peto
1798 5201 1860 5248 ut

285 5279 464 5334 omnia
493 5277 551 5332 in
587 5291 751 5331 unum
778 5275 1024 5330 volumen
1051 5279 1364 5347 congregari
1383 5279 1592 5346 jubeas,
1618 5290 1673 5332 et
1701 5283 1860 5333 istam

288 5366 568 5437 epistolam
617 5366 897 5437 praeponi:
931 5373 989 5420 ut
1032 5367 1206 5422 sciant
1253 5367 1517 5436 legentes,
1561 5368 1606 5423 si
1657 5367 1858 5438 aliquid

293 5456 536 5511 utilitatis
579 5455 632 5511 in
668 5456 747 5510 eis
777 5457 1091 5524 repererint,
1128 5473 1235 5512 non
1265 5457 1369 5512 mei
1397 5472 1516 5513 esse
1545 5459 1707 5513 studii
1735 5460 1857 5513 dili-

293 5544 549 5613 gentiam,
575 5544 670 5599 sed
705 5545 871 5599 vestri
908 5546 1118 5616 imperii
1152 5547 1532 5602 obedientiam.
1582 5547 1695 5603 Hoc
1729 5563 1862 5618 quo-

292 5647 396 5704 que
438 5634 694 5700 maxime,
740 5634 856 5689 vice
896 5625 1364 5706 remunerationis,
1407 5638 1649 5708 obsecro,
1679 5640 1862 5708 Pater,

647 5723 920 5787 Parant.
966 5727 1101 5788 CX.

1952 4203 2076 4257 liter
2103 4209 2349 4271 oporteat
2380 4214 2479 4254 nos
2509 4200 2563 4253 in
2604 4200 2835 4253 adventu
2864 4205 3028 4252 tanta}
3055 4196 3307 4266 potentia:
3333 4209 3543 4265 praepa-

1949 4293 2084 4358 rari,
2110 4300 2172 4346 ut
2201 4306 2380 4361 regem
2401 4297 2456 4345 et
2483 4289 2765 4344 Dominum
2796 4296 3038 4344 nostrum
3076 4287 3185 4342 laeti
3223 4293 3385 4356 atque
3407 4301 3540 4356 gau-

1953 4382 2142 4436 dentes
2180 4395 2302 4434 cum
2335 4378 2504 4450 gloria
2544 4385 2599 4431 et
2633 4377 2880 4432 laudibus
2913 4391 3218 4432 mereamur
3245 4375 3542 4444 suscipere,

1954 4481 2010 4528 et
2035 4473 2087 4526 in
2117 4478 2405 4541 conspectu
2444 4470 2560 4540 ejus
2601 4470 2744 4524 inter
2783 4477 2957 4524 cattus
3007 4467 3190 4524 felices
3231 4476 3542 4524 sanctorum

1954 4562 2345 4633 gratulabunda
2372 4559 2644 4616 exsultare
2681 4558 2872 4629 magis,
2905 4573 3066 4628 quam
3101 4558 3170 4612 ab
3206 4571 3294 4623 eo,
3321 4564 3545 4626 propter

1955 4651 2254 4708 foeditatem
2299 4659 2543 4705 nostram
2594 4648 2815 4718 repulsi,
2855 4649 2995 4703 inter
3030 4655 3345 4718 peceatores
3380 4655 3545 4701 teter-

1956 4759 2082 4798 nam
2118 4741 2487 4798 confusionem
2517 4740 2735 4795 mereri.
2787 4740 2856 4794 Et
2884 4739 3004 4794 ideo
3039 4753 3171 4808 rogo
3196 4745 3253 4792 et
3276 4736 3542 4791 admoneo

1955 4839 2034 4895 ut,
2072 4838 2329 4899 quantum
2362 4829 2659 4893 valeamus,
2707 4844 2829 4882 cum
2871 4828 2967 4880 Dei
3020 4825 3288 4895 adjutorio
3325 4824 3539 4882 labore-

1956 4934 2107 4985 mus;
2148 4919 2286 4973 utin
2321 4917 2411 4972 illo
2437 4918 2524 4973 die
2559 4932 2684 4973 cum
2721 4916 2933 4971 sincera
2954 4923 3007 4969 et
3030 4929 3162 4983 pura
3188 4912 3540 4982 conscientia,

1957 5009 2160 5065 mundo
2203 5009 2366 5065 corde
2407 5017 2464 5064 et
2507 5016 2658 5063 casto
2702 5020 2947 5075 corpore,
2997 5005 3065 5060 ad
3105 5003 3277 5061 altare
3322 5003 3540 5060 Domini

1958 5101 2226 5171 possimus
2252 5099 2529 5165 accedere,
2557 5106 2612 5153 et
2645 5111 2838 5169 corpus
2868 5110 2932 5150 ac
2953 5093 3267 5165 sanguinem
3287 5093 3405 5165 ejus
3427 5107 3541 5149 non

1959 5195 2030 5248 ad
2057 5192 2340 5262 judicium,
2384 5190 2478 5245 sed
2512 5189 2581 5244 ad
2615 5187 2911 5244 remedium
2945 5185 3139 5240 animae
3167 5193 3367 5240 nostra:
3395 5183 3542 5238 acci-

1959 5298 2108 5348 pere.
2166 5282 2224 5335 In
2257 5280 2457 5336 Christi
2487 5279 2631 5332 enim
2657 5291 2883 5345 corpore
2909 5275 3018 5329 vita
3046 5283 3231 5330 nostra
3252 5272 3539 5338 consistit;

1963 5369 2076 5439 ipse
2105 5367 2362 5422 Dominus
2397 5367 2532 5422 dixit
2564 5385 2576 5420 ε
2607 5366 2730 5419 Nisi
2767 5363 3203 5419 manducaveritis
3232 5378 3444 5418 carnem
3475 5361 3547 5430 βο
3633 5351 3636 5353 Α
3725 5395 3733 5404 -

1962 5462 2020 5515 lii
2043 5461 2288 5526 hominis,
2318 5471 2365 5515 et
2392 5460 2620 5514 biberitis
2651 5458 2764 5528 ejus
2788 5457 3112 5527 sanguinem,
3153 5471 3257 5510 non
3286 5453 3543 5510 habebitis

1963 5553 2120 5606 vitam
2147 5552 2201 5606 in
2229 5551 2367 5605 vobis
2395 5549 2576 5622 (Joan.
2600 5547 2697 5618 vi).
2749 5545 2917 5602 Mutet
2943 5561 3071 5617 ergo
3089 5545 3276 5611 vitam,
3302 5543 3395 5616 qui
3421 5541 3545 5599 vult

1962 5641 2163 5697 habere
2186 5640 2352 5696 vitam
2378 5658 2395 5723 με
2427 5653 2552 5695 nam
2573 5638 2618 5695 si
2641 5651 2746 5693 non
2775 5643 2948 5694 mutet
2965 5635 3326 5707 peccatricem
3350 5632 3544 5696 vitam,

3034 5732 3066 5787 1
