4036 6370
534 345 593 399 il
1159 342 1219 397 Β.
1261 341 1511 396 ΒᾹΒΑΝῘ
1549 340 1767 398 MAURI
1802 339 2119 397 ARCHIEP.
2166 341 2474 399 MOGUNT.
2516 340 2798 398 OPERUM
2834 341 3012 398 PARS
3048 341 3113 398 ll.
3706 345 3771 399 12

533 464 593 508 ut
639 453 784 508 vivat
820 460 986 522 juste.
1039 451 1107 506 ad
1143 449 1404 520 judicium
1446 451 1672 522 accipiet
1703 465 1888 507 veram
1916 451 2104 517 vitam,
2132 455 2185 514 Α
2208 460 2269 507 ιιι
2304 467 2428 508 cum
2472 450 2588 508 dies
2623 450 2811 521 judicii
2853 450 3150 520 advenerit,
3199 468 3305 509 non
3352 469 3474 511 cum
3513 455 3687 526 impiis
3718 464 3775 513 et

534 558 654 612 quae
678 550 763 598 est
786 556 983 612 corpus
1015 538 1237 605 Christi,
1262 549 1321 596 et
1345 540 1518 612 magis
1558 556 1629 598 ex
1665 542 1778 613 ipsa
1813 541 2112 612 corrumpi-

536 640 624 687 tur
650 645 814 702 quam
842 638 1083 697 sanetur,
1102 628 1280 700 magis
1306 629 1572 685 occiditur
1597 644 1760 699 quam
1782 628 2108 685 viviﬁcetur.

538 722 629 778 Sic
653 720 799 777 enim
831 720 970 776 dixit
995 720 1317 791 Apostolus:
1344 720 1447 787 Qui
1479 722 1763 781 manducet
1787 737 1974 793 corpus
2003 720 2111 776 Do-

536 810 666 865 mini
699 817 750 864 et
786 808 911 863 bibit
955 809 1259 877 sanguinem
1299 808 1416 879 ejus
1454 808 1686 880 indigne,
1718 809 1979 880 judicium
2014 808 2114 865 sibi

537 902 821 956 mandarat
846 913 894 956 et
918 900 1041 956 bibit
1067 899 1119 973 (I
1145 897 1267 956 Cor.
1292 901 1392 976 χι).
1435 903 1506 959 Ει
1533 903 1657 959 licet
1677 919 1776 960 nos
1797 904 1944 960 omni
1970 913 2112 962 tem-

536 1008 671 1067 pore
700 994 856 1052 bonis
879 994 1133 1065 operibus
1157 1003 1379 1051 ornatos
1409 1010 1473 1053 ac
1500 996 1807 1067 splendidos
1834 1013 1953 1055 esse
1985 1013 2114 1056 con-

549 1085 736 1150 reniat,
780 1085 1051 1167 praecipue
1085 1092 1263 1163 tamen
1290 1085 1345 1157 in
1376 1085 1463 1158 die
1478 1085 1691 1159 Natalis
1718 1086 1949 1153 Domini,
1977 1088 2116 1144 sicut
2164 1142 2173 1143 ,

536 1178 595 1234 in
630 1164 1072 1247 Evangelio’ipse
1115 1177 1249 1233 dixit
1292 1175 1508 1248 (ιιαιιιι.
1551 1176 1608 1250 v)
1632 1197 1647 1235 ς
1668 1178 1877 1237 Lucere
1919 1180 2117 1238 debent

536 1269 846 1326 hominibus
862 1283 1027 1339 opera
1046 1276 1228 1324 nostra
1251 1261 1413 1335 bona,
1434 1269 1566 1325 utin
1587 1270 1835 1326 omnibus
1853 1271 2117 1343 gloriﬁce-

534 1372 629 1418 tur
664 1363 825 1418 Deus.
870 1361 1216 1431 Perpendite,
1258 1359 1497 1417 fratres:
1525 1361 1571 1418 si
1611 1374 1708 1417 vos
1745 1377 1841 1418 rex
1868 1371 2116 1421 terrenus

540 1460 636 1508 aut
663 1454 967 1523 quicunque
989 1459 1179 1521 potens
1201 1450 1587 1521 paterfamilias
1623 1453 1690 1508 ad
1723 1468 1880 1509 suum
1918 1455 2116 1512 natali-

539 1543 677 1599 tium
706 1542 976 1607 invitaret,
999 1540 1247 1611 qualibus
1269 1541 1605 1597 vestimentis
1624 1543 1915 1600 studeretis
1937 1546 2115 1601 ornati

534 1631 809 1694 incedere,
835 1645 995 1702 quam
1029 1631 1200 1694 novis,
1234 1645 1396 1701 quam
1425 1630 1631 1698 nitidis,
1677 1646 1838 1702 quam
1883 1633 2119 1704 splendi-

2208 544 2581 617 peccatoribus
2614 545 2934 615 puniantur,
2961 545 3054 601 sed
3079 556 3202 602 cum
3219 545 3382 616 justis
3402 556 3459 604 et
3477 547 3775 605 misericor-

2210 635 2367 689 dibus
2388 634 2671 704 pervenire
2700 633 2767 689 ad
2792 642 2991 689 aeterna
3016 636 3235 706 pueritia
3264 646 3571 694 mereantur
3600 656 3614 693 :
3641 655 3774 709 prae-

2211 733 2388 781 stante
2431 726 2658 780 Domino
2689 733 2878 782 nostro
2918 724 3045 783 Iesu
3081 727 3319 796 Christo,
3350 729 3442 801 qui
3471 744 3592 785 cum
3621 729 3777 786 Patre

2211 822 2268 870 et
2301 814 2503 885 Spiritu
2532 822 2722 870 sancto
2754 815 2890 872 vivit
2922 824 2978 873 et
3011 826 3203 888 regnat
3237 818 3293 874 in
3330 819 3526 874 saecula
3561 818 3777 875 sarculo-

2212 919 2354 959 rum.
2399 903 2592 959 Amen.

2801 990 3085 1050 HOMILIA
3120 994 3188 1049 ΙΙ.

2462 1134 2467 1137 .
2536 1132 2549 1135 μ
2586 1098 2719 1139 ῙΤΕΜ
2746 1098 2885 1139 ANTE
2906 1100 3152 1140 Μτλιιειι
3175 1100 3384 1146 DOIINI.

2281 1172 2720 1245 Quotiescunque
2742 1174 2976 1245 aliquam
3007 1174 3351 1233 festivitatem
3379 1194 3412 1234 e
3437 1179 3787 1235 solemnitati-

2210 1263 2313 1318 bus
2338 1273 2645 1319 sanctorum
2670 1280 2790 1335 qua:
2819 1264 2949 1319 ﬁunt
2972 1280 3069 1335 per
3094 1274 3266 1321 totum
3292 1283 3493 1324 annum
3515 1270 3786 1326 celebrare

2211 1353 2553 1420 desidentis,
2582 1353 2779 1411 fratres
2809 1357 3134 1424 charissimi,
3163 1359 3307 1414 omni
3334 1362 3515 1417 studio
3545 1377 3611 1418 ac
3642 1363 3787 1419 solli-

2212 1442 2452 1523 citudine
2481 1459 2761 1499 sacrarqu
2794 1445 3051 1522 virtutum
3079 1457 3400 1523 ornamento
3433 1452 3787 1522 vosmetipsos

2212 1548 2518 1605 praeparare
2540 1536 2780 1601 statuite,
2809 1543 2868 1591 ut
2902 1536 3148 1608 coudigni
3176 1538 3291 1593 fieri
3320 1541 3549 1596 valeatis
3581 1541 3789 1598 ctrlesti

2208 1625 2459 1680 convivio
2488 1633 2543 1680 et
2568 1625 2824 1681 societate
2861 1634 3195 1691 sanctorum,
3242 1642 3365 1682 cum
3410 1630 3612 1698 quibus
3657 1645 3787 1700 gau-

540 1721 655 1787 dis;
683 1735 913 1791 quorum
939 1733 1041 1775 nec
1067 1727 1326 1785 vetustas,
1344 1734 1447 1776 nec
1465 1720 1667 1788 vilitas,
1687 1735 1789 1779 nec
1813 1722 1993 1796 aliqua
2019 1720 2119 1781 ἰω-
2146 1793 2179 1796 _
2216 1712 2343 1771 dere
2374 1716 2643 1786 appetitis.
2695 1715 2753 1769 In
2787 1715 2968 1770 divina
3000 1731 3128 1787 ergo
3166 1732 3350 1773 mensa
3385 1734 3495 1773 non
3532 1721 3686 1776 cibus
3713 1722 3791 1775 in-

539 1811 698 1875 ditas,
734 1809 919 1865 oculos
955 1808 1233 1865 invitantis
1276 1808 1570 1867 oll‘enderet
1593 1830 1607 1865 :
1632 1811 1727 1867 tali
1752 1793 1922 1892 gergo—
1939 1815 2117 1872 studio
2144 1793 2191 1852 Β
2219 1806 2433 1862 venitur
2477 1807 2752 1869 homian
2775 1845 2790 1871 θ
2843 1805 2938 1861 sed
2983 1806 3139 1876 Ρεηίε
3182 1809 3399 1877 Ponitur
3443 1810 3786 1880 ειιιςθιοινηις

541 1901 596 1955 in
646 1908 904 1970 quantum
947 1898 1271 1969 przevaletis,
1307 1898 1524 1957 Christo
1556 1902 1868 1970 auxiliante,
1898 1912 2120 1961 conten-

539 1989 672 2053 dite,
698 1996 760 2043 ut
784 1988 1012 2044 diversis
1045 1987 1303 2044 virtutum
1335 1993 1667 2049 ornamentis
1702 1994 1896 2050 animae
1924 2005 2119 2054 vestrae

539 2079 869 2150 compositae,
910 2078 1269 2149 simplicitatis
1299 2082 1527 2152 gemmis
1553 2092 1608 2138 et
1631 2085 1940 2142 sobrietatis
1974 2086 2120 2143 ﬂori-

539 2170 643 2224 bus
686 2168 981 2235 adornatae,
1018 2169 1085 2224 ad
1115 2169 1512 2227 solemnitatem
1539 2174 1749 2241 aeterni,
1789 2175 1844 2231 id
1874 2185 1974 2242 est,
2014 2176 2121 2233 Na-

541 2258 704 2314 talem
751 2259 963 2315 Domini
1015 2258 1342 2327 Salvatoris,
1391 2277 1515 2318 cum
1557 2278 1750 2320 secura
1790 2268 2118 2325 conscientia

540 2350 833 2420 procedant
871 2367 887 2403 :
927 2350 1178 2405 castitate
1220 2351 1442 2417 niti-ite,
1490 2353 1755 2412 charitate
1803 2357 2117 2428 splendidae,

539 2439 895 2510 eleemosynis
918 2441 1178 2505 candida),
1201 2442 1409 2512 justitia
1447 2452 1504 2499 et
1538 2445 1841 2505 humilitate
1881 2448 2117 2522 fulgidae,

541 2529 638 2585 Dei
664 2536 788 2584 ante
809 2529 990 2584 omnia
1018 2528 1305 2586 dilectione
1330 2532 1538 2590 lueidte.
1577 2535 1824 2594 Christus
1844 2538 1992 2595 enim
2015 2540 2119 2597 Do-

540 2619 739 2684 minus,
764 2620 806 2675 si
838 2635 932 2675 vos
959 2620 1033 2675 ita
1074 2622 1402 2691 compositos
1437 2623 1752 2683 Natalitium
1787 2643 1943 2684 suum
1979 2630 2119 2686 cele-

538 2708 697 2763 brare
719 2709 1049 2780 cognoverit,
1078 2710 1190 2779 ipse
1208 2726 1307 2780 per
1324 2726 1384 2767 se
1404 2714 1589 2769 venire
1609 2723 1664 2769 et
1682 2716 1890 2772 animas
1911 2726 2119 2775 vestras

538 2810 648 2851 non
682 2795 901 2852 visitare
928 2796 1123 2863 solum,
1150 2801 1244 2853 sed
1272 2800 1434 2855 etiam
1460 2801 1800 2871 requiescere
1827 2813 1881 2859 et
1911 2804 1963 2860 in
1993 2820 2117 2875 per-

538 2894 757 2956 petuum
784 2887 836 2942 in
875 2887 979 2943 illis
1010 2888 1320 2960 dignabitur
1361 2891 1630 2959 habitare,
1682 2895 1822 2950 sicut
1859 2898 2117 2967 scriptum

538 2985 625 3032 est
653 2996 666 3031 :
690 2975 829 3043 Quia
852 2994 968 3034 ecce
989 2995 1083 3050 ego
1100 2981 1303 3035 veniam
1322 2989 1370 3036 et
1396 2981 1696 3039 inhabitabo
1716 2995 1761 3040 et
1784 2986 2117 3045 inambulabo

537 3069 595 3122 in
632 3068 729 3134 eis,
770 3078 821 3124 et
857 3068 958 3141 ipsi
999 3080 1152 3125 erunt
1193 3071 1319 3126 mihi
1355 3071 1600 3142 populus,
1645 3084 1695 3130 et
1729 3092 1822 3146 ego
1849 3092 1938 3133 ero
1966 3080 2041 3134 eis
2064 3079 2120 3134 in

2218 1895 2355 1951 sicut
2381 1897 2637 1967 scriptum
2664 1905 2749 1951 est
2778 1914 2792 1951 :
2820 1893 3021 1950 Panem
3044 1897 3108 1952 de
3131 1899 3255 1952 corio
3283 1899 3425 1954 dedit
3460 1902 3575 1964 eis;
3607 1919 3791 1968 panem

2217 1987 2521 2057 angelorum
2553 1972 2884 2040 manducavit
2922 1986 3076 2040 homo
3118 1985 3288 2060 (Psal.
3325 1990 3557 2061 Lxxvn).
3608 1990 3791 2045 Probet

2217 2085 2411 2142 autem,
2439 2076 2729 2132 secundum
2754 2074 3091 2145 Apostolum,
3131 2077 3354 2147 seipsum
3396 2080 3591 2145 homo;
3631 2089 3681 2153 et
3718 2081 3795 2135 sic

2216 2166 2281 2220 de
2312 2182 2445 2237 pane
2471 2165 2564 2221 illo
2596 2165 2738 2232 edat,
2762 2174 2811 2221 et
2837 2165 2902 2220 de
2935 2165 3101 2221 calice
3126 2167 3265 2222 bibat
3291 2166 3345 2239 (Ι
3372 2166 3497 2224 Cor.
3522 2170 3625 2241 ιι).
3658 2168 3793 2224 Nam

2216 2254 2464 2331 Christus
2496 2255 2754 2312 Dominus
2783 2266 2986 2323 noster,
3026 2256 3154 2313 licet
3186 2266 3311 2327 post
3350 2259 3663 2329 passionem
3698 2277 3791 2315 re-

2217 2344 2513 2400 surrexerit
2538 2354 2595 2400 et
2609 2345 2664 2400 in
2686 2345 2882 2401 caelum
2906 2347 3231 2413 ascenderit,
3253 2348 3561 2404 considerat
3592 2358 3792 2413 tamen,

2218 2445 2280 2492 ut
2301 2437 2588 2500 credimus,
2622 2446 2679 2492 et
2704 2437 2989 2508 diligenter
3016 2439 3496 2509 attenditqualiter
3534 2455 3594 2496 se
3630 2455 3799 2514 unus—

2219 2528 2448 2598 quisque
2472 2542 2753 2584 servorum
2781 2528 2897 2599 ejus
2930 2528 3049 2584 sine
3082 2530 3329 2595 avaritia,
3367 2531 3489 2586 sine
3535 2531 3635 2595 ira,
3679 2531 3800 2587 sine

2218 2618 2468 2688 superbia
2493 2625 2654 2687 atque
2681 2618 2915 2683 luxuria,
2932 2619 3002 2673 ad
3033 2619 3409 2675 celebrandum
3429 2619 3801 2695 solemnitates

2220 2715 2530 2763 sanctorum
2578 2722 2838 2784 suorum,
2887 2716 2942 2764 et
2985 2710 3217 2765 maxime
3261 2709 3567 2773 Natalitium
3610 2699 3794 2776 suuin,

2219 2796 2434 2853 studeat
2467 2812 2797 2869 praeparare,
2834 2806 2995 2870 atque
3024 2814 3363 2869 componere,
3407 2810 3463 2855 et
3498 2801 3795 2855 secundum

2218 2888 2363 2958 quod
2389 2901 2828 2959 unumquemque
2851 2898 3102 2945 ornatum
3123 2888 3278 2945 bouis
3304 2888 3556 2959 operibus
3580 2889 3799 2954 viderit,

2219 2978 2297 3034 ita
2339 2975 2417 3033 illi
2463 2980 2694 3050 gratiam
2736 2994 2847 3035 suae
2891 2980 3275 3036 misericordia:
3327 2980 3677 3049 dispensabit.
3742 2978 3801 3034 Si

2220 3067 2364 3123 enim
2402 3067 2600 3125 viderit
2644 3062 2925 3124 charitatis
2970 3068 3089 3122 luce
3135 3068 3409 3133 vestitum,
3450 3068 3677 3138 justitite
3718 3067 3805 3122 vel

536 3157 728 3224 Deum,
766 3159 893 3215 dicit
933 3159 1191 3216 Dominus
1230 3161 1373 3217 Deus
1407 3161 1493 3233 (II
1532 3161 1656 3219 Cor.
1697 3181 1785 3232 vi;
1823 3166 1956 3223 Isai.
1997 3168 2115 3229 ιιι).
2145 3150 2191 3215 C
2221 3160 2608 3215 misericordiae
2636 3157 2941 3229 margaritis
2963 3166 3235 3223 ornatum,
3258 3146 3825 3235 castum,humilcm,,

536 3245 586 3303 0
610 3262 770 3316 quam
801 3247 925 3304 felix
949 3257 1035 3304 est
1054 3248 1145 3304 illa
1174 3265 1293 3319 qum
1321 3250 1477 3306 bonis
1505 3252 1757 3322 operibus
1781 3264 2122 3326 promeretur

538 3333 815 3392 Christum
842 3338 1109 3409 hospitem
1136 3347 1192 3393 et
1218 3340 1577 3397 habitatorem
1608 3346 1876 3416 excipere,
1908 3361 2123 3419 semper

538 3426 685 3493 laeta,
732 3443 948 3499 semper
995 3429 1203 3496 hilaris,
1246 3445 1461 3502 semper
1495 3432 1755 3503 jucunda,
1788 3447 1844 3495 et
1879 3439 1947 3495 ab
1974 3444 2121 3498 omni

538 3518 794 3573 vitiorum
836 3518 1060 3574 horrore
1097 3518 1269 3575 aliena
1306 3539 1320 3574 :
1354 3521 1494 3577 sicut
1540 3538 1573 3579 e
1616 3529 1910 3596 contrario,
1960 3545 2123 3600 quam

539 3605 725 3662 infelix
751 3614 834 3662 est
860 3607 950 3661 illa
973 3607 1302 3662 conscientia
1329 3622 1449 3678 qua:
1474 3624 1533 3665 se
1571 3612 1645 3667 ita
1682 3614 1839 3672 malis
1868 3618 2125 3687 operibus

540 3697 842 3753 cruentavit
868 3704 928 3751 ut
950 3696 1006 3751 in
1027 3711 1094 3752 ea
1117 3712 1221 3753 non
1249 3697 1497 3756 Christus
1515 3703 1877 3772 requiescere,
1898 3707 1992 3763 sed
2012 3708 2121 3764 dia-

539 3787 695 3842 bolus
722 3786 944 3856 incipiat
971 3782 1271 3854 dominari;
1303 3788 1426 3846 talis
1458 3791 1657 3858 anima,
1689 3794 1733 3848 si
1760 3795 2124 3853 medicamen-

539 3886 654 3934 tum
683 3876 1014 3949 ptenitentite
1041 3892 1147 3934 non
1170 3878 1278 3934 cito
1302 3880 1642 3946 subvenerit,
1670 3896 1698 3935 a
1726 3880 1845 3937 luce
1875 3882 2126 3955 relinqui-

541 3976 649 4036 tur,
697 3984 730 4024 a
771 3968 1009 4026 tenebris
1039 3979 1334 4040 occupatur
1357 3988 1370 4025 :
1392 3978 1659 4027 vacuatur
1685 3972 1986 4041 dulcedine,
2019 3975 2123 4032 im-

539 4060 717 4130 pletur
741 4058 1120 4127 amaritudine,
1164 4075 1197 4116 a
1240 4069 1414 4117 morte
1446 4062 1739 4130 invaditur,
1769 4079 1801 4119 a
1835 4065 1948 4121 vita
1973 4080 2127 4138 sepa-

541 4158 711 4206 ratur.
763 4149 880 4205 Non
928 4157 1109 4207 tamen
1152 4151 1222 4206 de
1259 4152 1461 4222 pietate
1503 4152 1714 4209 Domini
1752 4152 1988 4222 diffidat,
2033 4157 2125 4225 qui

2219 3250 2530 3320 benignum,
2578 3247 3004 3313 misericordem,
3050 3254 3391 3303 mansuetum
3441 3259 3495 3305 et
3536 3238 3802 3313 sobrium,

2219 3340 2287 3394 ad
2324 3353 2567 3394 mensam
2611 3354 2763 3393 suam
2809 3339 3103 3417 accedere,
3142 3355 3336 3409 corpus
3389 3347 3444 3395 et
3488 3336 3827 3411 sanguinem,

2221 3445 2397 3495 suum,
2427 3428 2503 3483 illi
2529 3443 2636 3482 non
2660 3427 2727 3482 ad
2755 3427 3039 3499 judicium,
3088 3429 3180 3484 sed
3232 3430 3300 3484 ad
3344 3430 3667 3496 remedium,
3706 3426 3827 3499 per

2220 3520 2559 3577 sacerdotum
2593 3534 2812 3575 suorum
2851 3520 3151 3575 ministeria
3184 3521 3516 3592 dispensab't
3544 3539 3555 3574 :
3589 3521 3636 3575 si
3673 3536 3804 3575 vero

2221 3611 2457 3682 aliquem
2484 3610 2681 3666 viderit
2715 3610 3040 3677 adulterum,
3081 3613 3377 3679 ebriosum,
3410 3610 3686 3682 cupidum,
3716 3612 3806 3666 su-'

2221 3704 2468 3774 perbum,
2521 3702 2782 3770 invidum,
2830 3703 3096 3770 dolosum,
3145 3719 3389 3768 avarum,
3442 3704 3803 3758 detractorem

2221 3802 2386 3865 atque
2432 3794 2781 3866 injuriosum,
2839 3795 3004 3850 timeo
3050 3809 3120 3849 ne
3166 3793 3240 3848 illi
3295 3794 3507 3848 dicatur
3553 3794 3699 3863 quod
3747 3793 3805 3848 in

2223 3886 2517 3957 Evangelia
2542 3885 2658 3955 ipse
2692 3885 2939 3955 praedixit
2964 3903 2976 3938 :
3006 3885 3203 3949 Amice,
3229 3883 3484 3955 quomodo
3514 3885 3616 3938 huc
3642 3886 3807 3939 intra-

2223 3975 2310 4040 sti,
2357 3990 2463 4029 non
2510 3974 2702 4027 habens
2734 3982 2919 4027 restem
2956 3972 3237 4042 nuptialem
3271 3972 3483 4044 (Matth.
3514 3973 3695 4044 xxn);
3729 3972 3819 4038 et,’

2223 4062 2367 4133 quod
2388 4068 2598 4116 avertat
2630 4060 2791 4126 Deus,
2826 4060 2921 4114 ﬁat
2963 4060 3090 4116 illud
3137 4062 3278 4130 quod
3316 4062 3562 4131 sequitur
3586 4077 3600 4115 :
3624 4062 3808 4134 Ligate

2224 4153 2302 4208 illi
2324 4168 2511 4207 manus
2538 4160 2587 4206 et
2615 4151 2768 4223 pedes
2797 4160 2846 4206 et
2874 4146 3113 4223 projicite
3139 4152 3194 4205 in
3223 4152 3457 4206 tenebras
3478 4154 3756 4209 exteriores
3785 4168 3805 4206 :

543 4238 666 4295 talis
692 4247 797 4304 est,
831 4253 933 4294 nec
966 4238 1243 4295 mortifera
1281 4241 1654 4311 desperatione
1692 4244 1999 4314 frangatur;
2033 4247 2128 4301 sed
2227 4245 2299 4300 ibi
2318 4246 2416 4299 erit
2439 4247 2592 4315 ﬂetus
2615 4255 2663 4298 et
2687 4244 2883 4298 stridor
2910 4244 3141 4298 dentium
3175 4244 3387 4317 (Ibid.).
3423 4246 3562 4304 Ecce
3588 4248 3806 4319 qualem

545 4327 719 4397 magis
757 4328 828 4383 ad
870 4328 1245 4397 paenitentiam
1273 4330 1382 4385 cito
1413 4341 1678 4398 recurrat,
1712 4333 1916 4389 etdum
1951 4334 2129 4389 adhuc
2228 4336 2549 4391 sententiam
2605 4334 2662 4389 in
2718 4335 2804 4390 die
2843 4333 3031 4406 judicii
3085 4337 3353 4406 excipiet,
3402 4340 3493 4409 qui
3541 4340 3658 4395 sine
3715 4356 3807 4396 re—

550 4431 680 4472 nova
709 4426 836 4475 sunt
855 4426 911 4473 et
932 4417 1110 4474 calent
1140 4418 1362 4475 vulnera
1393 4431 1737 4490 peccatorum
1775 4438 2016 4487 suorum,
2048 4424 2128 4479 sic
2228 4424 2406 4480 medio
2436 4423 2768 4494 poenitentiae
2812 4424 2881 4479 ad
2926 4422 3274 4482 festivitatem
3302 4428 3515 4484 Domini
3550 4429 3807 4485 vitiorum

556 4508 647 4567 tibi
695 4508 949 4565 adhibeat
988 4508 1354 4581 lacrymarum
1407 4513 1799 4569 medicamenta
1858 4513 2089 4568 salubria
2108 4552 2122 4578 ,
2151 4497 2204 4558 Ῑ)
2229 4516 2479 4572 sordibus
2501 4515 2814 4586 inquinatus
2838 4518 3147 4572 accesserit.
3178 4518 3248 4573 Et
3272 4520 3410 4586 ideo,
3437 4519 3649 4586 fratres,
3674 4537 3810 4592 quo-

542 4600 670 4671 quia
700 4600 939 4656 medicus
960 4608 1150 4657 noster
1175 4602 1517 4672 omnipotens
1540 4613 1641 4667 est,
1666 4612 1723 4658 et
1748 4604 1827 4658 sic
1846 4603 2130 4658 consuevit

543 4690 729 4762 plagas
750 4699 967 4747 nostras
990 4704 1206 4757 curare,
1237 4699 1300 4745 ut
1320 4706 1421 4747 nec
1433 4692 1760 4748 cicatricum
1781 4691 1946 4748 faciat
1964 4690 2129 4746 vesti-

544 4781 632 4850 gia
660 4793 960 4836 remanere.
1019 4776 1251 4833 Tantum
1277 4778 1438 4836 (idem
1474 4781 1530 4835 in
1557 4780 1706 4834 illum
1735 4781 2047 4846 habeamus,
2068 4789 2131 4835 et

546 4869 704 4925 bonis
729 4867 1006 4938 operibus,
1036 4878 1299 4935 quantum
1348 4869 1608 4934 valemus,
1655 4886 1867 4942 semper
1912 4872 2131 4928 insista-

545 4972 687 5025 mus,
730 4965 786 5013 et
820 4970 1094 5027 nunquam
1118 4957 1185 5013 de
1208 4955 1326 5026 ejus
1352 4957 1721 5014 misericordia
1755 4961 2122 5030 desperemus.

546 5049 677 5129 litae
699 5064 849 5120 ergo,
876 5048 1073 5106 fratres
1090 5050 1423 5116 charissimi,
1444 5051 1671 5106 assidue
1695 5053 2014 5121 cogitantes,
2035 5053 2129 5124 qui

548 5133 674 5199 boni
708 5149 856 5209 sunt,
887 5156 1009 5197 cum
1052 5142 1146 5198 Dei
1195 5144 1371 5213 gratia
1418 5144 1744 5200 contendant
1783 5160 2132 5216 perseverare

548 5216 607 5319 ip
652 5230 906 5300 operibus
943 5232 1121 5288 bonis.
1168 5233 1323 5299 Quia,
1363 5249 1470 5289 non
1512 5236 1600 5303 qui
1638 5236 1888 5306 emperit,
1918 5238 2012 5293 sed
2044 5238 2133 5309 qui

545 5323 944 5403 perseuerauerit
978 5340 1141 5394 usque
1171 5326 1227 5379 in
1257 5324 1436 5393 ﬁnem,
1471 5327 1556 5379 hic
1582 5327 1759 5393 saluus
1784 5330 1883 5381 erit
1911 5328 2127 5396 (Matth.

552 5412 633 5485 ιι).
669 5414 771 5483 Qui
807 5430 937 5472 vero
974 5416 1041 5473 ad
1068 5410 1459 5487 eleemosynam
1500 5418 1702 5483 tardos,
1732 5425 1787 5472 et
1816 5416 1887 5472 ad
1913 5416 2130 5471 iracun-

555 5508 697 5565 diam
714 5516 1017 5581 promptos,
1047 5517 1102 5564 et
1130 5509 1198 5563 ad
1218 5508 1574 5564 exercendam
1597 5508 1863 5563 luxuriam
1888 5504 2135 5577 ιιιωοίρὶ-

551 5607 639 5655 tes
662 5613 721 5655 se
748 5604 1097 5670 cognoscunt,
1125 5597 1419 5655 auxiliante
1443 5597 1692 5661 Domino,
1726 5596 1980 5651 festinent
2012 5610 2073 5650 se
2101 5610 2132 5648 a

558 5690 716 5746 malis
741 5704 949 5755 eruere,
987 5696 1046 5743 ut
1074 5704 1194 5759 quae
1220 5689 1359 5745 bona
1389 5696 1513 5745 sunt
1542 5695 1852 5744 mereantur
1887 5685 2130 5755 implere,

2228 4607 2544 4676 tiescunque
2584 4614 2679 4661 aut
2723 4606 2838 4663 dies
2874 4608 3078 4663 Natalis
3106 4610 3338 4678 Domini,
3374 4620 3464 4667 aut
3493 4612 3712 4681 reliquae
3736 4612 3811 4667 fe-

2228 4696 2499 4752 stivitates
2526 4695 2839 4762 adveniunt,
2873 4706 2999 4752 ante
3020 4699 3204 4768 plures
3228 4701 3342 4756 dies
3375 4715 3482 4755 non
3510 4703 3579 4757 ab
3603 4701 3807 4758 infelici

2228 4784 2650 4840 concubinarum
2681 4786 2974 4852 consortio,
3006 4787 3100 4842 sed
3130 4788 3291 4842 etiam
3330 4804 3363 4842 a
3404 4789 3634 4860 propriis
3677 4806 3812 4846 uxo-

2229 4874 2381 4929 ribus
2397 4873 2702 4941 abStinete;
2734 4882 2921 4930 contra
2962 4875 3166 4929 nullum
3213 4876 3487 4930 hominum
3535 4877 3716 4932 odium
3754 4879 3809 4934 in

2230 4964 2395 5021 corde
2415 4972 2598 5020 vestro
2623 4970 2830 5025 tenete;
2857 4963 3000 5031 quod
3026 4963 3235 5018 solebat
3258 4977 3357 5033 per
3379 4962 3558 5030 gulam
3582 4966 3811 5034 perdere

2229 5057 2462 5120 vanitas,
2491 5054 2716 5123 incipiat
2734 5052 2945 5121 justitia
2981 5067 3082 5122 per
3118 5053 3545 5108 misericordiam
3587 5069 3812 5125 erogare

2229 5149 2578 5220 pauperibus.
2626 5145 2761 5200 Nam
2808 5153 2934 5200 sunt
2977 5144 3190 5214 quidam
3235 5145 3327 5214 qui
3376 5144 3691 5201 ebrietatem
3715 5155 3812 5202 aut

2234 5240 2443 5296 nullum
2456 5244 2557 5292 aut
2577 5250 2804 5306 parvum
2830 5235 3019 5289 vitium
3048 5249 3168 5289 esse
3194 5243 3404 5304 putant,
3435 5246 3490 5291 et
3515 5252 3621 5291 non
3648 5240 3812 5292 remi-

2235 5329 2518 5380 hiscuntm‘
2545 5323 2828 5378 Dominum
2849 5323 3050 5379 dixisse
3076 5324 3329 5395 apostolis
3363 5325 3476 5381 suis
3507 5343 3520 5379 :
3549 5326 3812 5381 Attendite

2233 5427 2405 5471 autem
2433 5416 2593 5481 vobis,
2617 5432 2679 5470 ne
2696 5415 2834 5487 forte
2857 5427 3138 5487 graventur
3155 5417 3312 5472 corda
3333 5428 3500 5472 vestra
3522 5418 3577 5471 in
3594 5417 3813 5489 crapula

2233 5519 2282 5563 et
2305 5508 2567 5571 ebrietate,
2607 5516 2657 5561 et
2696 5507 2836 5561 curis
2873 5507 3031 5577 Imjus
3062 5508 3199 5572 vitm,
3230 5517 3279 5561 et
3305 5508 3619 5577 superveniet
3648 5507 3703 5560 in
3723 5522 3813 5563 vos

2235 5596 2498 5666 repentina
2526 5596 2635 5648 dies
2664 5594 2789 5659 illa;
2822 5604 3073 5663 tanquam
3095 5596 3319 5664 laqueus
3345 5593 3490 5647 enim
3517 5593 3699 5648 veniet
3721 5609 3812 5649 stt--

2233 5702 2332 5757 per
2355 5703 2540 5744 omnes
2559 5688 2649 5756 qui
2677 5688 2864 5743 sedent
2883 5702 3042 5755 super
3065 5687 3255 5743 faciem
3279 5687 3454 5745 omnis
3476 5695 3634 5746 terrae
3654 5686 3805 5759 (Luc.
