4036 6370
267 336 334 391 l3
1133 333 1136 335 Α
1221 331 1525 390 IIOMlLl/E
1567 331 1654 387 DE
1689 328 1926 384 FESTIS
1962 324 2375 391 PRAECIPUIS,
2418 323 2569 379 ETC.
3450 319 3522 378 1.!

263 444 404 516 xxI).
457 443 526 500 Et
565 442 850 514 Apostolus
881 462 893 496 :
929 443 1128 508 Nolite,
1167 443 1360 514 inquit,
1403 441 1651 496 inebriari
1696 440 1835 503 vino,
1865 449 1919 507 Α
1939 441 2243 490 coronaret.
2288 433 2423 488 Huic
2451 443 2631 488 autem
2655 432 2828 504 operi,
2858 430 3229 496 dilectissimi,
3260 446 3380 485 eum
3407 445 3524 485 οων

262 539 319 593 in
347 555 450 608 quo
488 547 564 592 est
606 537 851 601 luxuria;
881 545 936 591 et
968 537 1162 591 iterum
1188 555 1202 590 :
1225 536 1304 588 An
1342 535 1549 588 nescitis
1583 532 1705 603 quia
1741 533 1843 584 ini-

261 627 352 696 qui
379 642 594 696 regnum
619 624 716 679 Dei
746 642 847 679 non
884 624 1263 695 possidebunt?
1299 623 1481 678 Nolite
1509 638 1730 685 errare;
1755 637 1844 674 ne-

261 731 362 785 que
386 714 682 784 fornicarii,
710 730 872 783 neque
895 713 1050 767 idolis
1075 715 1374 778 servientes,
1409 728 1569 782 neque
1594 710 1841 775 adulteri,

262 820 426 874 neque
451 802 653 868 molles,
685 819 846 874 neque
883 803 1235 857 masculorum
1269 801 1646 865 concubitores,
1682 817 1844 870 neque

262 892 428 961 fures,
458 907 622 963 neque
645 893 810 956 avari,
843 907 1004 961 neque
1031 891 1242 957 ebriosi,
1271 908 1430 962 neque
1467 889 1722 949 maledici.
1756 905 1847 942 ue-

261 999 362 1054 que
405 999 639 1053 rapaces,
679 999 892 1053 regnum
937 983 1036 1036 Dei
1075 981 1426 1052 possidebunt.
1481 982 1547 1035 Et
1585 980 1844 1051 propheta

263 1075 396 1130 dicit
427 1092 440 1128 :
487 1075 573 1129 Va:
594 1075 684 1145 qui
706 1075 1016 1144 consurgitis
1041 1091 1194 1128 mane
1215 1076 1281 1127 ad
1312 1075 1610 1127 ebrietatem
1642 1081 1846 1125 sectan-

263 1166 388 1220 dam
420 1175 468 1220 et
492 1167 775 1236 potandum
797 1183 957 1237 usque
989 1166 1057 1220 ad
1084 1182 1368 1235 vesperam,
1397 1174 1451 1218 ut
1479 1166 1594 1218 vino
1617 1162 1845 1217 wstuetis

266 1256 404 1327 (Isa.
436 1256 522 1327 v);
564 1264 619 1310 et
661 1256 852 1311 iterum
885 1273 898 1308 :
943 1254 1033 1310 Va:
1070 1256 1232 1320 vobis,
1281 1256 1472 1324 inquit,
1500 1255 1587 1323 qui
1619 1263 1846 1324 potentes

264 1350 388 1403 estis
408 1348 478 1401 ad
502 1347 774 1401 bibendum
802 1348 994 1412 vinum,
1023 1357 1071 1401 et
1099 1349 1201 1401 viri
1226 1347 1385 1416 fortes
1421 1347 1490 1399 ad
1533 1345 1845 1398 miscendam

263 1437 564 1490 ebrietatem
600 1435 807 1506 (lbid.).
855 1436 1042 1504 Itaque
1077 1437 1381 1504 quicunque
1422 1434 1488 1487 ad
1532 1433 1847 1487 ebrietatem

265 1539 470 1593 pronus
500 1523 679 1589 fuerit,
711 1533 765 1580 et
800 1525 934 1579 alios
978 1525 1044 1579 ad
1091 1525 1192 1579 hoc
1243 1524 1492 1591 adjurare
1529 1523 1612 1576 vel
1659 1537 1848 1592 cogere

264 1613 530 1680 voluerit,
556 1621 610 1668 et
632 1629 730 1684 pro
752 1630 812 1668 se
835 1623 891 1668 et
913 1629 1010 1683 pro
1035 1614 1138 1670 illis
1168 1614 1220 1666 in
1249 1602 1336 1667 die
1351 1613 1538 1683 judicii
1567 1628 1691 1668 reus
1718 1613 1846 1678 erit,

263 1715 320 1759 et
366 1705 596 1759 Domino
634 1706 823 1760 reddet
861 1707 1146 1761 rationem.
1189 1705 1295 1760 Sed
1322 1707 1448 1776 quia
1479 1721 1621 1761 nunc
1646 1705 1848 1762 Natalis

1943 528 2034 582 nia
2083 533 2380 596 opportuna
2419 525 2526 579 sint
2570 533 2849 593 tempora,
2901 523 3002 578 hoc
3058 537 3200 576 nunc
3251 521 3523 591 praecipue

1943 624 2125 688 aptum
2167 624 2250 670 est
2288 622 2450 683 atque
2491 613 2836 677 conveniens,
2883 611 2937 665 in
2988 626 3093 680 quo
3133 611 3303 665 sancti
3339 619 3522 680 patres

1943 706 2133 769 nostri,
2166 720 2262 775 per
2289 705 2460 776 legem
2486 703 2734 760 instructi
2763 719 2826 759 ac
2852 702 3110 757 divinitus
3135 701 3401 771 inspirati,
3427 702 3525 757 de-

1943 796 2067 851 cimi
2097 795 2296 850 mensis
2324 809 2554 849 sanxere
2573 793 2836 862 jejunium
2855 833 2870 858 ,
2900 801 2958 846 ut
2982 793 3221 847 omnium
3249 789 3522 845 fructuum

1944 885 2260 940 collectione
2311 885 2603 947 conclusa,
2656 882 2990 938 rationabilis
3034 882 3143 936 Deo
3196 881 3523 935 abstinentia

1945 975 2238 1040 dicaretur,
2270 985 2322 1030 et
2351 977 2685 1032 meminisset
2714 975 2939 1046 quisque
2971 975 3045 1029 ita
3073 975 3148 1029 uti
3171 973 3526 1041 abundantia,

1945 1075 2081 1120 utet
2105 1066 2246 1121 circa
2287 1081 2344 1121 se
2379 1067 2754 1129 abstinentior,
2801 1074 2856 1120 et
2901 1065 3046 1120 circa
3087 1077 3349 1134 pauperes
3386 1073 3530 1120 esset

1944 1157 2180 1212 effusior.
2231 1155 2609 1212 Efficaeissima
2653 1157 2798 1212 enim
2831 1172 2930 1227 pro
2959 1157 3191 1226 peccatis
3221 1156 3528 1225 deprecatio

1945 1257 2029 1302 est
2055 1247 2110 1301 in
2144 1247 2496 1318 eleemosynis
2521 1257 2683 1316 atque
2700 1246 2940 1314 jejuniis,
2968 1255 3023 1300 et
3051 1247 3307 1302 velociter
3342 1249 3409 1302 ad
3449 1248 3530 1302 di-

1945 1338 2100 1393 vinas
2142 1339 2457 1392 conscendit
2492 1353 2652 1392 aures
2683 1337 2879 1393 talibus
2906 1337 3080 1393 oratio
3105 1337 3310 1392 elevata
3340 1337 3530 1393 suffra-

1947 1429 2070 1499 giis,
2094 1438 2145 1483 et
2174 1429 2306 1483 nihil
2329 1439 2414 1485 est
2439 1429 2860 1499 uniuscujusque
2891 1438 2999 1483 tam
3024 1431 3300 1499 preprium
3319 1470 3335 1494 ,
3366 1445 3530 1499 quam

1947 1523 2090 1593 quod
2133 1525 2393 1593 impendit
2433 1523 2490 1578 in
2537 1524 2860 1592 proximum.
2910 1523 3045 1577 Pars
3087 1523 3230 1577 enim
3279 1537 3532 1592 corpora-

1947 1616 2077 1670 lium
2107 1615 2421 1672 facultatum
2449 1632 2568 1687 qutc
2594 1617 2955 1687 indigentibus
2984 1616 3338 1678 ministratur,
3368 1616 3423 1671 in
3453 1616 3534 1670 di-

1948 1707 2108 1762 vitias
2137 1709 2328 1764 transit
2353 1717 2603 1763 aeternas.
2639 1707 2823 1778 Igitur,
2855 1706 3069 1771 fratres,
3097 1707 3396 1776 suscepturi
3423 1705 3534 1760 Na-

266 1795 481 1851 Domini
519 1795 785 1861 imminet,
825 1795 1042 1862 fratres,
1095 1796 1162 1850 ab
1203 1797 1350 1850 omni
1397 1797 1650 1850 vitiorum
1693 1798 1851 1852 sorde
1880 1800 1926 1858 B
1956 1801 2117 1855 talem
2148 1800 2378 1866 Domini,
2413 1802 2481 1855 ab
2510 1801 2656 1855 omni
2693 1815 2790 1854 nos
2824 1799 3139 1854 delictorum
3179 1798 3309 1854 faece
3341 1814 3536 1870 purge-

266 1902 366 1941 vos
393 1887 669 1953 mundate,
703 1902 766 1943 ac
803 1888 960 1944 bonis
997 1889 1250 1958 operibus
1283 1889 1574 1944 studiosius
1597 1905 1691 1944 vos
1713 1905 1852 1958 pra:-

266 1985 489 2046 parate:
507 1977 810 2031 castitatem
832 1993 953 2031 cum
973 1978 1204 2048 propriis
1225 1979 1481 2034 uxoribus
1501 1987 1846 2045 conservato;

268 2067 466 2122 nullius
487 2083 602 2123 rem
632 2077 726 2123 aut
750 2083 970 2124 uxorem
1002 2070 1392 2138 concupiscite;
1423 2071 1626 2124 nemini
1647 2070 1850 2140 aliquid

267 2173 366 2228 per
393 2157 500 2211 vim
526 2164 620 2211 aut
648 2157 891 2212 fraudem
928 2156 1160 2224 auferte;
1210 2159 1278 2212 ad
1323 2157 1624 2214 conviviola
1668 2167 1850 2213 vestra

268 2266 533 2320 pauperes
587 2250 923 2320 frequentius
963 2259 1240 2316 revocate;
1290 2252 1357 2305 ad
1403 2251 1612 2321 vigilias
1667 2266 1851 2306 sacras

275 2341 533 2395 maturius
575 2340 891 2406 convenite;
930 2340 984 2394 in
1025 2340 1252 2394 ecclesia
1295 2348 1518 2405 stantes,
1566 2347 1660 2394 aut
1699 2347 1852 2395 orate

269 2439 370 2486 aut
388 2431 628 2501 psallite;
659 2431 822 2485 verba
850 2431 1021 2486 otiosa
1060 2439 1152 2484 aut
1198 2432 1444 2486 scurrilia
1493 2445 1591 2486 nec
1637 2432 1738 2501 ipsi
1778 2432 1851 2487 ibi

266 2537 336 2576 ex
366 2536 464 2577 ore
487 2532 674 2578 vestro
700 2520 956 2594 proferte,
985 2530 1041 2576 et
1059 2537 1153 2576 eos
1181 2522 1273 2591 qui
1301 2522 1542 2592 proferre
1562 2522 1851 2586 voluerint,

265 2615 562 2684 castigate;
605 2628 796 2683 pacem
829 2628 954 2668 cum
983 2612 1234 2667 omnibus
1265 2612 1478 2677 habete,
1507 2621 1563 2668 et
1589 2627 1723 2682 quos
1745 2612 1853 2667 dis-

265 2701 466 2755 cordes
507 2701 836 2771 agnoscitis,
887 2700 958 2755 ad
1012 2701 1354 2758 concordiam
1407 2709 1674 2755 revocate.
1727 2700 1854 2756 Hmc

267 2793 507 2849 fideliter
530 2795 574 2848 si
594 2794 868 2850 volueritis
895 2793 1112 2849 Christo
1136 2792 1421 2863 adiuvante
1445 2793 1689 2863 implere,
1717 2803 1774 2848 et
1798 2795 1853 2848 in

271 2885 384 2938 hoc
411 2885 604 2939 saeculo
635 2888 700 2939 ad
731 2885 898 2940 altare
936 2885 1146 2939 Domini
1188 2900 1310 2939 cum
1344 2900 1536 2941 secura
1574 2885 1854 2941 conscien-

272 2973 350 3026 tia
377 2974 622 3041 poteritis
643 2975 906 3038 accedere,
937 2983 991 3029 et
1013 2975 1068 3028 in
1096 2973 1275 3028 futuro
1302 2974 1368 3028 ad
1396 2973 1656 3032 mter-nail!
1683 2974 1854 3029 beati-

265 3061 516 3116 tudinem
537 3062 764 3117 feliciter
785 3064 1086 3133 pervenire.

840 3155 1121 3210 IIOMILIA
1175 3155 1261 3211 III.

667 3260 734 3300 DE
777 3261 986 3301 JEJUNIO
1030 3262 1210 3301 DECIDII
1257 3262 1459 3302 MENSIS.

341 3350 371 3378 ει
408 3336 725 3392 Sublimitas
761 3339 1001 3409 quidem,
1031 3339 1387 3405 dilectissimi,
1423 3339 1609 3411 gratiae
1634 3340 1726 3395 Dei
1751 3341 1853 3396 hoc

268 3431 514 3498 quotidie
552 3439 808 3501 operatur
839 3431 892 3484 in
932 3432 1185 3487 cordibus
1218 3433 1563 3498 Christianis,
1598 3442 1657 3487 ut
1695 3449 1855 3488 omne

274 3517 597 3575 desiderium
624 3530 869 3576 nostrum
894 3536 925 3574 a
952 3523 1182 3578 terrenis
1202 3524 1268 3577 ad
1297 3523 1535 3579 coelestia
1563 3523 1857 3579 transfera-

276 3617 381 3663 tur.
425 3609 533 3664 Sed
557 3611 720 3664 etiam
749 3626 982 3680 prmsens
1007 3613 1114 3666 vita
1143 3628 1238 3682 per
1273 3614 1548 3670 Creatoris
1571 3630 1725 3685 opem
1751 3614 1856 3670 du-

272 3699 435 3765 citur,
485 3707 540 3754 et
583 3715 678 3770 per
731 3700 897 3769 ipsius
931 3702 1318 3770 providentiam
1365 3705 1699 3760 sustinetur:
1729 3707 1857 3776 quia

272 3791 420 3846 idem
455 3791 680 3862 largitor
720 3799 806 3846 est
855 3793 1262 3862 temporalium,
1306 3796 1398 3865 qui
1435 3797 1734 3866 promissor
1773 3807 1859 3854 est

271 3893 622 3939 aeternorum.
678 3884 946 3955 Quidquid
981 3901 1110 3956 ergo
1141 3886 1209 3940 ad
1243 3904 1370 3943 usus
1401 3890 1677 3945 hominum
1707 3905 1859 3960 sege-

273 3985 376 4040 tes,
420 3976 610 4041 vineze,
648 3976 884 4045 olemque
922 3979 1249 4047 pepererint,
1276 3987 1446 4034 totum
1482 3981 1583 4036 hoc
1618 3997 1648 4034 a
1679 3982 1858 4036 divina

272 4067 517 4122 bonitate
548 4066 821 4137 proﬂuxit,
860 4083 996 4136 quae,
1038 4068 1420 4124 elementorum
1470 4069 1726 4138 qualitate
1766 4086 1860 4125 va-

277 4156 434 4219 riata,
467 4157 659 4211 dubios
693 4156 1051 4226 agricolarum
1077 4157 1292 4212 labores
1316 4159 1608 4214 clementer
1635 4160 1857 4228 adjuvit,

276 4255 337 4301 ut
374 4247 698 4301 utilitatibus
737 4248 935 4302 nostris
987 4249 1132 4303 venti
1179 4256 1234 4302 et
1279 4249 1479 4303 imbres
1504 4290 1518 4314 ,
1564 4248 1772 4321 frigora
1808 4260 1864 4306 et

273 4347 462 4403 aestus,
493 4339 713 4408 diesque
748 4347 1040 4408 noctesque
1075 4339 1357 4393 servirent.
1413 4339 1530 4395 Non
1568 4343 1712 4396 enim
1760 4343 1862 4397 sibi

276 4430 345 4483 ad
371 4429 596 4484 effectus
620 4445 841 4500 operum
872 4445 1091 4486 suorum
1120 4432 1258 4485 ratio
1294 4431 1526 4487 humana
1572 4433 1860 4498 sufﬁceret,

275 4522 380 4575 nisi
429 4497 853 4590 plantationibus
886 4532 940 4577 et
977 4522 1329 4592 rigationibus
1369 4525 1544 4579 solitis
1589 4525 1728 4580 Deus
1777 4497 1860 4581 in?
1890 4497 1940 4557 D

275 4602 556 4666 crementa
586 4614 869 4679 prmbcret.
929 4611 1080 4667 Unde
1111 4611 1324 4681 plenum
1351 4615 1570 4682 pietatis
1594 4614 1859 4684 atqueju-

277 4701 443 4756 stitia:
488 4709 592 4765 est,
648 4711 708 4756 ut
750 4703 816 4756 de
855 4703 939 4756 his
976 4718 1095 4771 qua:
1127 4702 1281 4757 nobis
1310 4704 1546 4758 caelestis
1570 4705 1731 4758 Pater
1754 4705 1858 4758 mi-

278 4787 632 4842 sericorditer
670 4789 916 4853 contulit,
968 4803 1066 4843 nos
1106 4804 1318 4858 quoque
1351 4790 1485 4845 alios
1525 4792 1857 4860 adjuvernus.

280 4876 432 4932 Sicut
467 4876 650 4949 [Sunt]
681 4879 825 4932 enim
855 4879 1069 4948 plurimi
1099 4880 1188 4949 qui
1221 4879 1421 4934 nullam
1451 4881 1505 4935 in
1546 4882 1706 4951 agris,
1741 4883 1861 4935 nul-

278 4969 388 5024 lam
428 4971 484 5024 in
533 4970 726 5035 vineis,
769 4971 970 5026 nullam
1017 4973 1218 5028 habent
1266 4974 1320 5028 in
1364 4973 1496 5029 oleis
1539 4975 1860 5044 portionem,

280 5075 514 5130 quorum
560 5060 772 5130 inepite,
804 5063 870 5116 de
898 5076 962 5116 ea
1010 5078 1170 5132 quam
1209 5064 1468 5119 Do‘minus
1504 5064 1650 5120 dedit
1686 5066 1860 5134 copia,

281 5152 671 5207 consulendum
700 5160 812 5217 est;
840 5161 899 5206 ut
928 5162 984 5208 et
1008 5154 1107 5222 ipsi
1134 5155 1414 5209 nobiscum
1441 5156 1552 5210 Deo
1577 5171 1674 5225 pro
1706 5166 1864 5212 terrae

284 5243 616 5300 fecunditate
660 5245 1011 5306 benedicant,
1060 5252 1114 5298 et
1155 5246 1421 5313 gaudeant
1466 5247 1865 5315 possidentibus

285 5335 454 5393 fuisse
497 5337 712 5402 donata,
759 5353 880 5407 qua:
910 5339 1073 5392 etiam
1115 5337 1440 5407 pauperibus
1469 5351 1533 5391 ac
1568 5339 1867 5406 peregrinis

286 5427 506 5485 fuerunt
548 5429 688 5485 facta
730 5430 1057 5486 communia.
1120 5428 1266 5496 Quos
1319 5429 1440 5482 ideo
1491 5428 1590 5482 sub
1639 5427 1866 5481 diversis

288 5521 549 5576 molestiis
571 5520 781 5589 justitia
811 5522 905 5576 Dei
933 5521 1184 5577 laborare
1216 5520 1481 5591 permisit,
1520 5528 1578 5574 ut
1615 5527 1669 5574 et
1706 5519 1870 5573 mise-

291 5624 381 5664 ros
407 5626 506 5680 pro
527 5610 782 5681 patientia
807 5650 822 5675 ,
853 5619 908 5665 et
929 5612 1308 5667 misericordes
1349 5625 1450 5681 pro
1493 5609 1867 5665 benevolentia

1948 1906 2069 1946 mus
2105 1909 2119 1944 :
2156 1890 2459 1960 repleamus
2501 1891 2783 1945 thesauros
2811 1887 2928 1957 ejus
2956 1890 3289 1944 diversorum
3337 1904 3530 1944 mune—

1950 1997 2068 2035 rum
2101 1981 2277 2046 donis,
2309 1989 2369 2035 ut
2402 1981 2457 2035 in
2492 1981 2579 2035 die
2617 1988 2802 2035 sancta
2830 1980 2900 2034 sit
2924 1980 3066 2034 unde
3096 1979 3366 2050 peregrini
3391 1981 3536 2034 acci-

1951 2073 2122 2142 piant,
2151 2071 2464 2126 reficiantur
2483 2072 2676 2135 vidum,
2706 2085 2971 2140 pauperes
3002 2071 3323 2135 vestiantur,
3351 2079 3410 2124 ut
3439 2085 3537 2140 per

1951 2161 2148 2216 multos
2173 2163 2468 2232 gratiarum
2493 2162 2635 2216 actio
2667 2160 2934 2215 referatur
2975 2161 3087 2216 Deo
3133 2175 3232 2230 pro
3271 2162 3446 2226 nobis,
3483 2170 3540 2215 et

1951 2252 2047 2307 fiat
2095 2253 2294 2308 oblatio
2349 2262 2532 2307 nostra
2583 2251 2917 2308 sanctiﬁcata
2973 2252 3028 2305 in
3075 2251 3278 2321 Spiritu
3328 2260 3536 2306 sancto.

1952 2339 2153 2407 Quarta
2185 2342 2350 2411 igitur
2382 2352 2437 2396 et
2465 2349 2615 2396 sexta
2657 2340 2788 2394 feria
2818 2340 2873 2394 in
2907 2339 3162 2409 prtesenti
3205 2339 3541 2395 hebdomada

1945 2430 2252 2500 jejunemus
2285 2445 2300 2485 :
2333 2430 2559 2486 sabbato
2583 2439 2764 2484 autem
2789 2429 2947 2500 digne
2970 2427 3175 2499 jejunia
3198 2429 3542 2485 cxsolventes

1952 2520 2443 2576 sacratissimarum
2471 2519 2732 2575 solemnia
2754 2519 2892 2589 apud
2916 2526 3226 2573 sanctorum
3253 2518 3533 2589 reliquias,

1952 2612 2043 2682 qui
2069 2613 2123 2666 in
2151 2613 2252 2667 hoc
2272 2622 2463 2667 saneto
2485 2612 2603 2666 loco
2624 2620 2967 2676 venerantur,
2992 2611 3152 2665 simul
3173 2611 3540 2667 celebremus:

1954 2712 2008 2758 et
2045 2704 2280 2758 maxime
2312 2705 2453 2774 apud
2475 2703 2648 2758 sancti
2678 2703 2824 2757 Petri
2847 2703 3072 2772 apostoli
3105 2703 3444 2767 memoriam,
3474 2704 3545 2757 ad

1953 2797 2107 2867 cujus
2140 2796 2567 2850 sacratissimum
2605 2809 2800 2862 corpus
2841 2794 2996 2848 istius
3025 2793 3130 2847 diei
3165 2791 3399 2848 officium
3429 2794 3544 2847 Ilo—

1953 2902 2114 2942 mana
2160 2887 2419 2958 persolvit
2471 2885 2733 2941 Ecclesia.
2797 2884 2896 2939 Hic
2945 2884 3110 2955 igitur
3164 2884 3543 2938 sanctissimus

1954 2975 2230 3046 apostolus
2274 2992 2399 3031 cum
2443 2976 2654 3030 caeteris
2698 2975 2902 3028 sanctis
2949 2974 3044 3028 Dei
3097 2974 3197 3044 (sic
3233 2973 3546 3042 experimur

1956 3076 2012 3122 et
2037 3065 2330 3138 credimus)
2359 3081 2458 3135 pro
2483 3065 2874 3120 commendatis
2907 3065 3009 3118 sibi
3035 3080 3066 3118 a
3094 3064 3321 3119 Domino
3352 3063 3545 3117 ovibus

1877 3147 1924 3212 C
1957 3158 2323 3213 indesinenter
2359 3156 2665 3226 pastorales
2697 3156 2986 3224 praetendit
3033 3153 3308 3219 excubias,
3355 3167 3548 3208 exora-

1954 3254 2107 3302 turus
2132 3245 2599 3316 deprecationibus
2619 3245 2734 3300 suis
2755 3253 2814 3298 ut
2836 3245 3076 3299 Ecclesia
3097 3244 3213 3308 Dei,
3235 3258 3355 3313 quae
3380 3242 3550 3312 ipsius

1952 3346 2036 3392 est
2062 3336 2536 3407 prmdicationibus
2566 3335 2812 3389 instituta
2834 3375 2849 3399 ,
2878 3335 2946 3390 ab
2973 3335 3123 3388 omni
3155 3348 3340 3389 errore
3381 3334 3449 3388 sit
3487 3331 3552 3385 li-

1953 3426 2084 3482 bera
2119 3433 2174 3482 et
2209 3427 2261 3480 in
2294 3433 2444 3481 recta
2481 3423 2586 3480 fide
2630 3439 2694 3480 ac
2732 3425 2873 3480 bono
2898 3437 3060 3493 opere
3089 3431 3398 3494 perseveret
3421 3422 3552 3478 soli-

1956 3517 2098 3572 data.
2186 3551 2190 3554 -

2542 3606 2825 3663 HOMILIA
2879 3606 2968 3662 IV.

2156 3718 2221 3758 DE
2263 3717 2458 3756 NA'I‘ALI
2500 3716 2684 3756 DONINI
2724 3715 2920 3755 NOSTRI
2958 3713 3082 3759 JESU
3116 3714 3349 3754 CHRISTI.

2031 3799 2182 3871 Rogo
2209 3815 2326 3864 vos,
2359 3798 2554 3856 fratres
2581 3797 2905 3862 charissimi,
2934 3805 2994 3851 ut
3019 3797 3206 3851 libenti
3233 3796 3414 3852 animo
3437 3811 3554 3852 ser-

1961 3903 2151 3944 mones
2177 3904 2312 3958 quos
2339 3888 2596 3942 Dominus
2633 3887 2801 3950 dabit,
2837 3886 3145 3956 suscipiatis
3195 3887 3248 3940 in
3293 3887 3396 3942 hac
3435 3887 3554 3942 dul-

1963 3981 2180 4036 cissima
2207 3980 2311 4042 die,
2345 3980 2398 4034 in
2436 3993 2542 4048 qua
2572 3978 2914 4048 compunctio
2953 3978 3114 4031 etiam
3155 3976 3461 4032 infidelibus
3494 3984 3553 4034 et

1962 4070 2336 4140 peccatoribus
2383 4071 2531 4124 venit
2572 4087 2585 4122 :
2623 4069 2677 4122 in
2732 4085 2839 4138 qua
2890 4069 3261 4123 misericordia
3312 4070 3554 4140 tangitur

1964 4163 2180 4232 impius,
2210 4162 2422 4215 veniam
2450 4169 2631 4228 sperat
2657 4167 3027 4228 compunctus,
3057 4159 3288 4213 reditum
3319 4173 3424 4213 non
3453 4161 3550 4214 de-

1966 4261 2147 4324 sperat
2175 4253 2440 4322 captivus,
2470 4251 2769 4307 remedium
2801 4252 3071 4307 desiderat
3107 4251 3455 4315 vulneratus;
3496 4251 3553 4304 in

1966 4361 2069 4414 qua
2101 4343 2343 4398 nascitur
2367 4343 2545 4412 Agnus
2585 4342 2674 4411 qui
2714 4341 2848 4395 tollit
2890 4350 3102 4411 peccata
3147 4340 3331 4394 mundi
3368 4340 3549 4411 (Joan.

1968 4435 2032 4506 ι).
2075 4434 2320 4490 Christus
2355 4435 2541 4502 utique
2577 4431 2828 4486 Salvator
2853 4440 3059 4494 noster,
3092 4431 3144 4484 in
3175 4429 3329 4498 cujus
3358 4431 3554 4484 nativi-

1967 4532 2096 4590 tate,
2138 4525 2230 4594 qui
2263 4523 2646 4578 conscientiam
2685 4535 2929 4576 securam
2962 4520 3142 4584 habet,
3182 4519 3390 4574 dulcius
3421 4534 3554 4590 gau-

1965 4617 2087 4680 det;
2137 4614 2228 4684 qni
2267 4614 2543 4678 miseram,
2581 4611 2839 4666 attentius
2881 4611 3065 4672 timet;
3108 4610 3200 4679 qui
3239 4611 3412 4663 bonus
3448 4617 3553 4672 est,

1967 4705 2258 4760 affectuose
2281 4712 2430 4768 orat;
2461 4704 2552 4772 qui
2579 4711 2854 4771 peccator,
2885 4700 3228 4756 devotissime
3255 4698 3551 4768 supplicat:

1967 4795 2137 4851 dulcis
2165 4795 2301 4857 dies,
2324 4808 2451 4847 vere
2488 4792 2678 4856 dulcis,
2709 4802 2760 4845 et
2789 4793 2999 4846 cunctis
3035 4790 3422 4860 paenitentibus
3455 4803 3552 4844 ve-

1965 4887 2112 4941 niam
2140 4892 2380 4954 porta-ns.
2423 4882 2687 4937 Promitto
2707 4881 2883 4945 vobis,
2917 4879 3085 4943 ﬁlioli,
3113 4889 3169 4933 et
3193 4887 3376 4936 certus
3408 4895 3551 4946 sum,

1970 4978 2095 5048 quia
2121 4978 2174 5032 in
2201 4979 2303 5032 hac
2332 4976 2418 5031 die
2442 4977 2486 5030 si
2518 4977 2640 5045 quis
2661 4966 2733 5031 ex'
2752 4975 2915 5030 corde
2937 4975 3269 5044 pmnituerit,
3297 4981 3351 5031 et
3371 4975 3438 5030 ad
3460 4991 3554 5030 vo-

1969 5071 2160 5124 mitum
2198 5069 2403 5140 peccati
2443 5083 2693 5124 reversus
2719 5083 2823 5121 non
2849 5067 3031 5132 fuerit,
3063 5067 3425 5137 quodcunque
3452 5082 3549 5136 pe-

1969 5160 2117 5214 tierit
2143 5161 2358 5214 dabitur
2387 5160 2456 5225 ei,
2486 5166 2694 5212 tantum
2723 5158 2826 5212 fide
2865 5172 2930 5210 ne
2972 5157 3179 5211 dubitet
3211 5165 3373 5228 atque
3411 5157 3555 5212 dele-

1971 5251 2262 5305 ctationem
2305 5265 2414 5303 non
2454 5256 2678 5318 repetat.
2733 5248 2904 5303 Hodie
2937 5247 3104 5302 totius
3137 5247 3322 5302 mundi
3364 5261 3573 5316 pecca-"

1971 5349 2084 5390 tum
2116 5339 2336 5400 tollitur,
2367 5346 2419 5390 et
2441 5345 2694 5407 peccator
2720 5337 3012 5405 desperat?
3048 5335 3155 5392 Sed
3179 5338 3357 5392 videte
3379 5335 3557 5406 qualis

1971 5440 2092 5480 esse
2123 5425 2316 5479 debeat
2335 5427 2670 5496 paenitentia,
2701 5426 2823 5494 quia
2854 5425 3006 5480 multi
3034 5426 3246 5482 assidue
3282 5441 3340 5480 se
3371 5423 3558 5479 dicunt

1972 5527 2302 5586 peccatores,
2329 5524 2384 5570 et
2412 5527 2587 5571 tamen
2621 5517 2796 5570 adhuc
2833 5515 2951 5571 illos
3002 5517 3234 5572 delectat
3278 5527 3504 5586 peccare
3538 5530 3552 5566 :

1973 5606 2238 5678 professio
2264 5615 2347 5661 est
2374 5607 2536 5674 istud,
2568 5622 2674 5664 non
2697 5607 3030 5675 emendatio;
3055 5613 3340 5664 accusatur
3357 5604 3552 5664 anima.

360 5741 388 5771 ι
428 5727 509 5783 Ex
558 5741 804 5785 sermone
851 5726 1047 5784 Leonis
1093 5726 1271 5799 Magni
1321 5728 1386 5785 de
1431 5723 1634 5797 jejunio
1675 5725 1869 5794 decimi
1906 5723 2128 5790 mensis,
2164 5723 2384 5794 passim.
