4036 6370
515 357 583 413 15

515 483 623 524 ηοη
665 470 905 519 sanatur.

515 556 698 612 odium
724 550 929 623 peccati
957 558 1011 604 et
1039 562 1190 602 amor
1219 545 1336 608 Dei,
1373 542 1587 613 quando
1633 539 1713 594 sic
1758 532 2089 592 convertitur

513 646 654 717 quis,
694 653 753 699 ut
789 658 894 698 non
928 648 1260 717 revertatur;
1286 634 1499 706 quando
1524 633 1602 687 sic
1628 629 1870 702 panitet,
1900 633 1958 679 ut
1982 637 2086 677 non

514 714 743 809 repetat.
790 734 1055 789 Nascente
1086 714 1245 786 hodie
1263 726 1510 789 Domino,
1537 723 1736 779 fratres
1762 714 2089 781 cbarissimi,

513 830 892 903 promittamus
921 825 1021 897 ipsi
1050 820 1395 893 Redemptori
1430 826 1615 875 nostro
1647 824 1771 870 vota
1808 822 1864 869 et
1894 810 2089 865 redda-

516 901 659 988 mus,
689 921 828 977 sicut
851 918 1110 987 scriptum
1138 921 1223 970 est
1255 931 1269 967 :
1308 909 1492 966 Vovele
1534 917 1583 963 et
1626 906 1824 961 reddite
1865 901 2087 956 Domino

519 1013 628 1067 Deo
654 1020 817 1066 vestro
855 1006 1029 1081 (Psal.
1056 1004 1254 1076 Lxxv);
1286 1018 1391 1057 nos
1418 999 1647 1056 dulciter
1676 1004 1732 1051 et
1758 992 2091 1050 confidenter

518 1114 832 1162 voveamus,
854 1079 944 1152 ille
968 1095 1115 1150 dabit
1140 1090 1545 1164 possibilitatem
1569 1093 1630 1140 ut
1652 1083 1875 1140 reddere
1915 1079 2090 1151 possi-

515 1206 658 1259 mus,
704 1201 803 1242 nos
856 1195 1034 1241 tamen
1081 1180 1340 1253 quidquid
1384 1178 1460 1232 illi
1501 1174 1886 1247 promittimus,
1911 1169 1977 1223 de
2002 1169 2092 1224 illo

518 1294 815 1349 speremus.
872 1273 980 1329 Sed
1007 1273 1059 1327 in
1096 1273 1198 1326 hac
1230 1267 1588 1340 promissione
1615 1279 1719 1318 non
1748 1261 1980 1317 aestimet
2008 1272 2093 1311 me

518 1367 714 1438 aliquis
737 1366 1017 1436 designare
1052 1377 1137 1417 res
1162 1360 1394 1415 caducas
1428 1367 1483 1413 et
1524 1365 1795 1417 terrenas;
1832 1366 1956 1405 nam
1990 1350 2094 1403 hoc

419 1519 430 1525 _
519 1457 887 1526 unusquisque
908 1462 1149 1508 nostrum
1170 1449 1362 1508 oll‘crat
1381 1447 1522 1518 quod
1550 1446 1602 1500 in
1631 1460 1689 1499 se
1719 1441 1966 1499 Salvator
1995 1454 2091 1492 no-

520 1557 635 1603 ster.
661 1545 904 1610 redemit,
933 1544 1036 1599 hoc
1059 1551 1139 1598 est
1163 1542 1397 1596 animam
1423 1537 1713 1610 propriam.
1752 1535 1820 1591 Et
1841 1534 1886 1587 si
1912 1548 1997 1586 me
2024 1531 2094 1585 ita

520 1641 819 1709 interrogas
860 1634 1127 1707 quomodo
1169 1632 1391 1688 offeram
1433 1630 1665 1684 animam
1706 1641 1907 1690 meam,
1933 1638 2094 1695 quam

520 1714 637 1800 ipse
670 1727 832 1785 habet
867 1727 920 1781 in
954 1732 1239 1795 potestate,
1271 1721 1443 1777 dicam
1483 1718 1578 1774 tibi
1604 1716 1889 1787 quomodo,
1927 1712 2092 1767 mori-

1150 344 1212 399 B.
1254 339 1506 397 RABANI
1544 335 1761 394 MAURI
1799 330 2114 389 ARCHIEP.
2156 324 2465 384 MOGUNT.
2507 317 2789 378 OPERUM
2827 314 3004 371 PARS
3041 313 3106 371 ll.

950 457 1329 515 Ptenitentiam
1371 461 1575 508 certam
1626 464 1734 505 non
1776 445 1905 500 facit
1921 485 1935 507 ,
1991 440 2092 495 nisi
2122 442 2171 502 Α
2196 444 2253 493 et
2272 434 2475 505 Spiritu
2505 439 2694 487 sancto
2718 400 2852 483 vivit
2877 435 2932 481 ct
2951 431 3137 498 regnat
3156 423 3318 491 Deus,
3343 436 3441 494 per
3465 420 3665 479 omnia
3698 434 3808 479 se-

3732 308 3802 365 l6

2189 526 2309 583 cula
2337 524 2675 581 seculorum.
2714 520 2905 575 Amen.

2785 628 3066 686 llOMlLIA
3101 626 3169 682 Υ.

2638 741 2768 780 ιτειι
2796 739 2849 777 IN
2878 736 3073 776 NATALI
3105 734 3312 774 DOMINI.

2259 819 2603 877 Exsultemus
2650 820 2707 872 in
2756 816 3001 879 Domino,
3056 812 3417 883 dilectissimi,
3449 818 3506 867 et
3564 808 3809 881 spiritali

2184 910 2523 980 iucunditate
2548 908 2828 963 lmtemur:
2875 906 3002 975 quia
3031 904 3203 959 illuxit
3238 903 3353 959 dies
3400 901 3812 972 redemptionis

2192 1009 2413 1064 nostrae,
2442 997 2797 1069 reparationis
2825 1010 2999 1061 novae,
3029 993 3305 1048 felicitatis
3323 1001 3573 1058 uterum,
3602 991 3663 1045 in
3696 1004 3812 1061 qua

2191 1091 2409 1158 dignum
2454 1097 2540 1143 est
2574 1103 2676 1143 nos
2725 1100 2938 1141 sursum
2988 1084 3186 1139 erectis
3240 1083 3494 1139 cordibus
3548 1081 3811 1136 divinum

2192 1182 2417 1235 adorare
2441 1179 2780 1251 mysterium,
2806 1186 2866 1231 ut
2891 1175 3031 1246 quod
3055 1190 3250 1245 magno
3287 1173 3382 1229 Dei
3410 1187 3651 1228 munere
3676 1171 3806 1241 agi-

2193 1281 2301 1337 tur,
2330 1273 2541 1343 magnis
2582 1271 2837 1326 Ecclesia:
2879 1268 3088 1340 gaudiis
3131 1268 3458 1323 celebretur.
3486 1263 3816 1335 Ingreditur

2193 1378 2321 1433 ergo
2353 1362 2468 1417 hzec
2500 1359 2701 1414 mundi.
2733 1358 2914 1413 inﬁma
2946 1356 3115 1411 Filius
3141 1356 3258 1421 Dei,
3298 1355 3366 1409 de
3413 1351 3638 1408 ωειθαὶ
3679 1350 3817 1406 sede

2196 1453 2545 1516 descendens,
2575 1461 2629 1505 et
2651 1467 2683 1503 a
2707 1458 2931 1519 paterna
2958 1446 3126 1517 gloria
3176 1460 3282 1499 non
3312 1443 3580 1498 recedens
3607 1459 3628 1494 ι
3665 1453 3818 1495 novo

2194 1544 2383 1599 ordine
2418 1550 2745 1613 generatus;
2776 1555 2917 1594 novo
2960 1538 3175 1602 ordine,
3217 1535 3363 1605 quia,
3410 1533 3718 1588 invisibilis
3756 1531 3816 1585 in

2196 1638 2330 1701 suis,
2360 1635 2591 1691 visibilis
2614 1634 2788 1687 factus
2835 1639 2919 1687 est
2946 1631 3003 1685 in
3041 1628 3241 1683 nostris
3269 1647 3285 1681 :
3332 1624 3820 1695 incomprehensi-

2197 1727 2341 1790 bilis,
2386 1726 2553 1781 voluit
2598 1722 3017 1792 comprehendi;
3070 1726 3196 1773 ante
3243 1727 3489 1786 tempora
3537 1729 3809 1778 manens,

519 1819 622 1874 bus
659 1815 882 1882 sanctis,
913 1811 1325 1886 cogitationibus
1362 1810 1546 1874 castis,
1579 1806 1830 1878 operibus
1861 1802 2100 1858 fructuo-
2128 1811 2175 1870 Β
2202 1832 2322 1873 esse
2351 1814 2516 1885 eam“
2539 1827 2605 1868 ex
2633 1822 2917 1881 tempore;
2957 1809 3325 1863 ιιηίγθι-εδωιίε
3361 1806 3655 1870 omnium,
3690 1818 3818 1858 εειι..

520 1909 617 1974 sis,
643 1906 932 1962 avertendo
960 1920 991 1959 a
1021 1902 1183 1967 malo,
1217 1898 1577 1956 convertendo
1602 1894 1669 1951 ad
1694 1895 1915 1958 bonum,
1940 1893 2092 1946 dam-

520 2000 699 2056 nando
734 1998 948 2063 vitium,
987 1994 1219 2050 amando
1249 1994 1439 2055 Deum,
1474 1987 1741 2059 diligendo
1771 1976 2097 2056 proximum,

523 2091 880 2163 impendenda
922 2084 1344 2142 misericordiam
1382 2081 1619 2145 miseris,
1644 2079 1769 2149 quia
1793 2086 1848 2132 et
1874 2077 1973 2147 ipsi
2003 2075 2102 2130 mi-

523 2182 629 2237 seri
654 2181 850 2236 fuimus
882 2185 1172 2247 antequam
1202 2174 1617 2237 redimeremur;
1653 2169 1968 2225 dimittendo
1997 2166 2103 2220 illis

523 2273 614 2342 qui
645 2272 700 2326 in
730 2269 883 2326 nobis
909 2274 1156 2340 peccant,
1185 2264 1309 2335 quia
1338 2271 1392 2318 et
1421 2277 1519 2317 nos
1544 2275 1733 2316 omnes
1761 2260 1859 2314 sub
1880 2264 2102 2327 peccato

524 2362 754 2426 fuimus;
806 2357 1112 2428 superbiam
1155 2353 1435 2417 calcando,
1479 2351 1607 2422 quia
1648 2363 1745 2420 per
1796 2346 2103 2418 superbiam

522 2452 780 2521 deceptus
799 2456 881 2504 est
905 2447 1109 2519 primus
1135 2445 1329 2507 homo;
1357 2441 1656 2510 abjiciendo
1682 2438 1954 2502 invidiam,
1977 2436 2103 2506 quia

524 2557 623 2612 per
657 2539 911 2596 invidiam
955 2535 1166 2605 decepit
1196 2532 1440 2590 diabolus
1478 2546 1646 2601 genus
1687 2530 1981 2585 humanum
2015 2546 2028 2580 :
2058 2526 2103 2581 si

524 2632 644 2703 quis
674 2629 979 2685 luxuriosus
1005 2627 1265 2681 hactenus
1290 2623 1411 2689 fuit,
1438 2622 1698 2692 spondeat
1726 2618 1978 2688 deinceps
2013 2632 2107 2672 ca-

523 2726 794 2785 stitatem;
840 2720 885 2776 si
927 2719 1049 2790 quis
1086 2717 1343 2772 invidiam
1387 2723 1578 2771 contra
1625 2713 1847 2767 fratrem
1898 2710 2105 2775 habuit,

526 2816 746 2886 abiiciat
769 2828 888 2869 eam
926 2820 981 2868 et
1009 2817 1300 2868 eomtet
1322 2824 1426 2877 pro
1455 2806 1539 2859 illa
1571 2803 2028 2868 benevolentiam;
2061 2801 2106 2856 si

525 2907 647 2976 quis
668 2902 1015 2959 homicidium
1037 2900 1192 2965 fecit,
1209 2898 1487 2970 promittat
1511 2894 1692 2961 hodie,
1715 2904 1768 2948 et
1795 2892 1959 2947 faciat
1983 2891 2108 2946 inde

526 2996 686 3052 modo
731 2986 922 3067 dignos
964 2993 1173 3047 fructus
1214 2988 1573 3063 pmuitentix,
1612 2995 1669 3042 et
1708 2984 2109 3043 communicare

524 3088 834 3144 nullatenus
851 3092 1142 3156 praesumat
1170 3091 1294 3137 ante
1315 3080 1604 3151 perfectam
1622 3078 2020 3148 pmnitentiam,
2047 3083 2109 3130 ut

2200 1908 2359 1987 vilem
2391 1906 2639 1966 formam,
2674 1901 2998 1957 obumbrata
3035 1898 3337 1968 maiestatis
3369 1913 3481 1952 suae
3510 1896 3820 1966 dignitate,

2202 1998 2439 2068 suscepit
2482 2014 2497 2050 :
2552 1992 2906 2064 impassibilis
2969 1990 3132 2054 Deus,
3188 2004 3295 2042 non
3340 1987 3673 2057 dedignatus
3727 1992 3823 2039 est

2201 2093 2367 2147 homo
2391 2103 2510 2144 esse
2542 2086 2851 2157 passibilis;
2882 2092 2938 2138 et
2986 2081 3328 2146 immortalis,
3374 2079 3572 2134 mortis
3600 2077 3825 2146 legibus

2203 2177 2498 2247 subiacere.
2528 2175 2784 2245 Quisquis
2830 2174 2996 2245 igitur
3043 2172 3351 2227 Christiano
3380 2168 3604 2223 nomine
3635 2168 3730 2236 pie
3760 2173 3821 2221 et

2205 2273 2435 2329 ﬁdeliter
2460 2270 2730 2342 gloriaris,
2755 2264 3175 2337 dispensationis
3200 2263 3360 2334 huius
3396 2261 3632 2332 gratiam
3656 2258 3821 2327 iusto

2204 2362 2474 2433 perpende
2498 2359 2740 2428 iudicio:
2775 2357 2869 2412 tibi
2898 2357 3041 2411 enim
3065 2354 3331 2425 quondam
3350 2359 3574 2421 propter
3593 2363 3820 2420 praeva-

2204 2458 2518 2511 ricationem
2568 2451 2801 2520 abiecto,
2841 2450 2941 2505 tibi
2980 2457 3206 2504 extruso
3237 2463 3268 2502 e
3292 2444 3526 2514 paradisi
3566 2443 3816 2505 aedibus,

2208 2547 2300 2602 tibi
2326 2562 2425 2617 per
2457 2544 2646 2600 exsilia
2693 2544 2849 2613 longa
2899 2540 3168 2603 morienti,
3221 2537 3318 2592 tibi
3364 2538 3417 2592 in
3463 2536 3713 2592 cinerem
3757 2540 3821 2589 et

2205 2640 2480 2711 pulverem
2514 2636 2795 2701 dissoluto,
2828 2634 2914 2690 cui
2949 2631 3064 2701 iam
3102 2647 3207 2687 non
3250 2637 3367 2683 erat
3413 2643 3539 2699 spes
3575 2627 3696 2681 ulla
3727 2626 3818 2681 vi-

2206 2733 2388 2795 vendi,
2416 2746 2514 2800 per
2540 2729 2961 2785 incarnationem
2994 2723 3156 2779 Verbi
3197 2729 3435 2791 potestas
3463 2721 3587 2773 data
3621 2725 3712 2771 est
3751 2721 3818 2769 ut

2208 2822 2276 2878 de
2311 2820 2601 2891 longinquo
2629 2819 2697 2873 ad
2722 2826 2867 2873 tuum
2895 2812 3181 2869 revertaris
3212 2819 3512 2873 auctorem,
3539 2820 3818 2876 recogno-

2211 2927 2335 2968 scas
2354 2918 2660 2981 parentem,
2693 2908 2830 2962 liber
2868 2903 3122 2960 efﬁciaris
3141 2918 3209 2957 ex
3238 2915 3420 2964 servo,
3449 2899 3515 2953 de
3539 2906 3822 2951 extraneo

2208 3000 2527 3072 provebaris
2553 3001 2606 3054 in
2662 2999 2870 3053 ﬁlium:
2908 3004 2969 3050 ut
3017 2995 3109 3064 qui
3161 3008 3228 3047 ex
3257 2987 3594 3059 corruptibili
3644 2998 3822 3040 carne

2212 3100 2373 3146 natus
2399 3106 2479 3156 es,
2516 3104 2583 3143 ex
2623 3088 2719 3143 Dei
2751 3086 2955 3157 Spiritu
2997 3082 3327 3144 renascaris,
3352 3087 3408 3133 et
3436 3077 3688 3132 ohtineas
3718 3088 3824 3143 per

526 3195 633 3234 nou
659 3176 945 3247 dupliciter
972 3174 1154 3229 infelix
1199 3173 1436 3241 seipsum
1478 3169 1718 3234 damnet,
1760 3182 1824 3222 eo
1846 3166 1990 3237 quod
2023 3166 2108 3220 in-

2215 3183 2439 3253 gratiam
2485 3179 2629 3249 quod
2693 3193 2798 3231 non
2847 3176 3014 3229 habes
3058 3186 3157 3241 per
3207 3177 3478 3224 naturam.
3534 3165 3829 3220 Habentes

525 3271 687 3339 digne
707 3284 904 3338 corpus
925 3266 1139 3322 Domini
1163 3265 1427 3353 percipit;
1446 3264 1498 3321 si
1526 3261 1647 3333 quis
1674 3261 1913 3331 linguam
1933 3260 2113 3314 detra-

528 3359 746 3413 hentem
792 3356 876 3412 vel
915 3349 1324 3411 maledicentem
1355 3353 1565 3418 habuit,
1596 3351 1760 3407 faciat
1788 3365 1909 3406 eam
1941 3349 2113 3420 magis

528 3462 689 3503 orare
715 3446 976 3503 etlaudes
995 3445 1089 3501 Dei
1116 3459 1407 3511 resonare;
1437 3444 1484 3498 si
1514 3442 1636 3513 quis
1655 3442 1834 3496 nimiae
1854 3437 2115 3510 potationi

531 3538 745 3594 deditus
777 3544 882 3603 est,
915 3535 1260 3592 sobrietatem
1286 3550 1355 3591 ex
1383 3535 1509 3590 hinc
1539 3540 1760 3598 voveat;
1794 3532 1839 3586 si
1867 3532 1990 3600 quis
2013 3530 2119 3584 ira-

526 3631 738 3687 cundus
772 3629 891 3694 fuit,
923 3628 1388 3685 mansuetudinem
1429 3626 1635 3693 discat;
1680 3625 1726 3680 si
1775 3624 1897 3695 quis
1940 3623 2117 3678 aliena

529 3737 629 3793 per
651 3722 762 3776 vim
790 3730 1013 3791 autper
1048 3719 1294 3781 fraudem
1339 3718 1537 3789 rapuit,
1587 3717 1805 3788 propria
1857 3716 2119 3787 largiatur

531 3814 891 3887 pauperibus;
923 3814 969 3869 si
1003 3814 1126 3883 quis
1150 3812 1405 3868 mentitus
1441 3811 1637 3881 saepius
1672 3809 1794 3875 fuit,
1823 3808 2016 3864 amodo
2036 3807 2119 3862 lo-

534 3917 735 3978 quatur
768 3908 1083 3974 veritatem;
1110 3907 1162 3962 si
1198 3906 1319 3977 quis
1353 3904 1624 3962 crudelem
1648 3920 1708 3962 se
1732 3904 1922 3970 sentit,
1953 3903 2118 3958 mise-

532 4001 825 4059 ricordiam
857 3999 1024 4056 animi
1057 4006 1299 4065 moveat;
1323 3999 1370 4055 si
1395 3998 1515 4069 quis
1543 3999 1809 4070 superbus
1839 4005 1895 4051 et
1932 3995 2118 4052 iuobe-

533 4092 689 4149 diens
730 4099 885 4156 erat,
940 4091 1201 4161 spondeat
1252 4088 1612 4144 humilitatem
1657 4096 1715 4143 et
1759 4085 2120 4144 obedientiam

530 4197 721 4238 coram
747 4180 858 4241 Deo
880 4180 1269 4237 ethominibus
1289 4195 1347 4236 se
1369 4180 1700 4235 habiturum.
1748 4179 1817 4233 Et
1848 4193 1969 4233 cum
2007 4178 2124 4233 brec

534 4273 798 4339 feceritis,
828 4271 1152 4330 charissimi.
1183 4271 1389 4327 offertis
1414 4282 1597 4325 votum
1619 4268 1882 4338 placabile
1913 4268 2039 4334 Deo,
2069 4276 2125 4323 et

538 4362 716 4435 angeli
743 4362 836 4433 qui
862 4363 1113 4419 custodes
1136 4363 1261 4418 vita:
1298 4370 1493 4418 vestra:
1538 4369 1683 4427 sunt,
1729 4369 1855 4416 ante
1896 4373 2125 4427 conspe-

536 4464 689 4510 ctum
715 4453 908 4509 divina:
944 4453 1245 4524 maiestatis
1293 4451 1455 4506 talem
1490 4450 1821 4506 oblationem
1866 4448 2121 4513 offerunt,

536 4553 596 4601 et
626 4553 747 4616 post
774 4544 891 4600 haec
915 4545 1091 4599 veniet
1112 4543 1265 4601 vobis
1291 4541 1596 4599 benedictio
1620 4549 1676 4596 et
1698 4541 1844 4596 salus
1875 4556 2125 4611 perman-

540 4650 692 4702 sura,
716 4642 771 4691 et
790 4633 930 4689 sicut
954 4633 1090 4689 dixit
1117 4632 1370 4688 Salomon
1393 4630 1542 4703 (Sap.
1567 4629 1678 4702 ενι)
1705 4648 1719 4685 :
1748 4628 2127 4684 Monimentum

541 4736 770 4782 vestrum
796 4742 899 4780 non
923 4725 1140 4795 accipiet
1162 4722 1489 4778 oblivionem.
1534 4722 1600 4776 Et
1621 4722 1831 4778 dicetur
1851 4722 1919 4776 de
1938 4721 2124 4777 vobis:

544 4816 683 4872 Ecce
709 4814 930 4886 populus
952 4830 1122 4879 meus,
1147 4828 1299 4884 quem
1324 4811 1574 4882 acquisiui
1596 4812 1849 4881 sanguine
1873 4827 2008 4876 meo,
2041 4827 2131 4864 sa-

546 4906 739 4961 turavit
760 4919 841 4958 me
873 4904 1023 4967 votis,
1054 4901 1285 4971 implevit
1308 4916 1389 4953 me
1411 4900 1762 4954 odoramemis
1788 4913 1807 4951 :
1825 4915 1919 4969 ego
1939 4916 2026 4953 ero
2055 4900 2131 4953 eis

546 4990 698 5068 quasi
726 4993 1004 5057 Dominus,
1026 4999 1075 5044 et
1103 4989 1201 5061 ipsi
1224 4996 1381 5043 erunt
1405 4987 1531 5041 mihi
1564 4988 1616 5041 in
1650 4988 1933 5057 populum;
1958 4995 2007 5041 et
2031 5004 2136 5042 non

549 5088 646 5143 erit
669 5087 724 5141 in
747 5086 822 5140 eis
852 5083 993 5137 ultra
1019 5081 1288 5152 captivitas
1320 5088 1368 5133 et
1404 5078 1680 5144 desolatio,
1716 5080 1842 5133 dicit
1875 5079 2134 5152 Dominus

549 5178 714 5232 Deus.
736 5176 888 5231 Hanc
908 5189 1038 5246 ergo
1056 5171 1466 5244 promissionem
1496 5171 1776 5235 habentes,
1801 5150 2131 5237 charissimi,

549 5267 874 5322 mandemus
902 5278 1000 5318 nos
1031 5262 1099 5316 ab
1123 5260 1267 5315 omni
1298 5259 1702 5327 inquinamento
1736 5259 1916 5313 carnis
1951 5266 2007 5312 et
2032 5258 2139 5328 spi-

554 5356 716 5419 ritus,
744 5352 1085 5425 perficientes
1113 5346 1593 5404 sanctilieationem
1619 5346 1675 5399 in
1698 5347 1900 5403 timore
1926 5347 2055 5411 Dei;
2083 5355 2139 5403 et

553 5446 637 5504 sic
681 5446 821 5500 hanc
856 5450 1175 5513 prmeentem
1212 5437 1560 5493 festivitatem
1596 5435 1875 5491 celebrare
1919 5437 2134 5492 studea-

558 5549 700 5598 mus,
731 5541 788 5587 ut
814 5529 1017 5586 etelesti
1052 5537 1359 5584 sanctorum
1388 5525 1583 5597 gaudio
1617 5526 1673 5581 in
1711 5535 1972 5581 aeternum
2014 5542 2134 5596 per-

551 5620 665 5678 frui
695 5633 1034 5675 mereamur:
1064 5626 1351 5688 praestante
1378 5619 1479 5672 hoc
1508 5624 1732 5672 auctore
1755 5617 1909 5671 istius
1943 5616 2135 5671 solem-

553 5713 749 5768 nitatis
776 5709 1006 5766 Domino
1043 5717 1227 5766 nostro
1252 5708 1379 5767 Jesu
1417 5710 1654 5781 Christo,
1696 5711 1785 5782 qui
1829 5727 1948 5768 cum
1978 5710 2138 5767 Patre

2213 3285 2343 3341 ergo
2366 3278 2528 3324 tanta:
2556 3267 2671 3337 spei
2718 3265 2988 3328 ﬁduciam,
3042 3259 3399 3323 dilectissimi,
3451 3257 3506 3310 in
3549 3256 3657 3310 fide
3706 3270 3822 3325 qua

2216 3359 2421 3415 fundati
2460 3357 2591 3413 estis
2619 3356 2841 3410 stabiles
2862 3358 3210 3422 permancte;
3255 3350 3358 3403 hoc
3394 3346 3649 3416 operibus
3678 3359 3823 3399 con-

2216 3452 2394 3523 dignis
2419 3447 2697 3511 exhibete,
2727 3444 2870 3514 quod
2901 3442 3031 3497 dicti
3069 3440 3232 3495 estis:
3268 3438 3477 3508 insigne
3524 3436 3670 3490 enim
3716 3449 3822 3488 no-

2216 3557 2341 3597 men
2372 3538 2581 3595 Domini
2613 3535 2778 3591 vestri
2815 3532 3065 3603 portatis,
3092 3539 3147 3585 et
3175 3546 3206 3584 a
3249 3528 3466 3583 Christo
3511 3523 3818 3580 Christiani

2216 3628 2510 3700 nuneupati
2539 3627 2708 3691 estis;
2751 3623 2894 3694 quod
2941 3629 3072 3676 tunc
3098 3634 3225 3674 vere
3263 3616 3321 3672 fit
3354 3617 3397 3670 si
3423 3613 3622 3671 Christi
3671 3628 3820 3683 pm:-

2217 3728 2370 3790 ccpta
2402 3716 2651 3782 servetis,
2698 3722 2755 3769 et
2791 3712 2967 3768 Patris
2997 3709 3235 3766 caelestis
3278 3705 3604 3762 voluntatem
3643 3702 3819 3757 facia-

2219 3813 2307 3867 tis.
2337 3809 2513 3865 Nolite
2536 3806 2814 3877 deSpicere
2865 3805 3062 3857 fratres
3111 3808 3320 3855 vestros
3368 3796 3640 3857 minimos,
3689 3807 3819 3847 cum

2219 3901 2414 3972 quibus
2440 3897 2770 3953 consortium
2811 3892 3046 3948 nominis
3065 3889 3268 3946 Christi
3298 3886 3496 3942 tenetis
3522 3899 3536 3937 :
3568 3884 3665 3938 sed
3692 3882 3820 3937 illos

2221 3998 2289 4052 ad
2318 3992 2564 4050 convivia
2611 3998 2814 4055 vestra,
2860 3983 3155 4041 secundum
3204 3979 3416 4035 Domini
3461 3983 3818 4047 praeceptum,

2222 4085 2557 4157 frequentius
2586 4088 2857 4138 revocate.
2888 4076 3005 4131 Non
3051 4080 3137 4129 est
3180 4072 3385 4142 iustum
3428 4075 3488 4122 ut
3535 4066 3587 4119 in
3625 4071 3819 4119 sancta

2223 4156 2585 4238 solemnitate,
2618 4175 2671 4228 in
2702 4170 2899 4243 populo
2943 4165 3251 4222 Christiano
3294 4161 3363 4216 ad
3412 4171 3580 4214 unum
3626 4156 3818 4210 Domi-

2224 4285 2351 4324 num
2379 4267 2702 4337 pertinente,
2735 4261 2825 4315 alii
2856 4257 3214 4319 inebrientur,
3240 4252 3330 4307 alii
3375 4250 3532 4305 famis
3575 4247 3821 4318 periculo

2224 4359 2552 4429 crucientur.
2601 4354 2670 4408 Et
2718 4367 2834 4414 nos,
2883 4358 2940 4404 et
2968 4347 3145 4404 omnis
3191 4343 3420 4413 p0pulus
3452 4340 3820 4403 Christianus,

2226 4447 2384 4503 unius
2412 4442 2624 4499 Domini
2649 4440 2791 4495 servi
2818 4452 3023 4501 smnus,
3055 4448 3163 4489 uno
3199 4432 3373 4503 pretio
3412 4429 3680 4497 redempti
3717 4444 3816 4483 su-

2230 4552 2368 4599 mus,
2402 4534 2518 4605 pari
2548 4530 2859 4587 conditione
2893 4527 2947 4580 in
2993 4525 3137 4580 hunc
3166 4520 3426 4577 mundum
3476 4518 3820 4578 intravimus,

2231 4628 2393 4686 simili
2420 4626 2581 4681 etiam
2609 4622 2756 4677 exitu
2781 4614 3064 4689 migraturi
3108 4627 3314 4673 sumus,
3361 4617 3417 4664 et
3455 4609 3499 4664 si
3538 4609 3676 4662 bene
3702 4606 3821 4676 agi-

2231 4733 2370 4782 mus,
2400 4717 2463 4771 ad
2489 4694 2662 4768 unam.
2680 4708 3066 4766 beatitudinem
3093 4704 3296 4774 pariter
3320 4701 3616 4754 veniemus.
3634 4697 3823 4762 Quare

2230 4822 2359 4878 ergo
2386 4819 2590 4876 panper
2635 4812 2811 4857 tecum
2855 4813 2963 4853 non
2993 4794 3223 4863 accipiat
3256 4792 3479 4855 cibum,
3503 4787 3607 4857 qui‘
3642 4795 3841 4863 tecum,

2232 4877 2551 4966 accepturus
2576 4900 2659 4948 est
2702 4903 2962 4961 regnum:
2994 4900 3164 4956 quare
3211 4895 3417 4952 pauper
3458 4894 3564 4932 non
3595 4877 3825 4944 accipiat

2240 4986 2324 5042 vel
2349 4992 2585 5039 veterem
2625 4981 2885 5044 tunicam,
2926 4976 3018 5047 qui
3060 4982 3237 5028 tecum
3269 4976 3583 5038 recepturus
3611 4974 3695 5020 est
3725 4966 3828 5018 im-

2242 5074 2589 5132 mortalitatis
2621 5071 2813 5127 stolam
2838 5086 2853 5135 ;
2882 5082 3050 5137 quare
3076 5077 3279 5135 pauper
3309 5075 3416 5116 non
3444 5065 3718 5115 mereatur
3735 5070 3826 5110 ac,

2241 5168 2641 5237 ciperepanem
2678 5170 2853 5226 tuum,
2879 5158 2974 5229 qui
3004 5165 3183 5211 tecum
3222 5150 3422 5207 meruit
3461 5149 3708 5218 accipere
3729 5147 3826 5201 ba-

2239 5234 2424 5327 ptismi
2450 5234 2891 5309 sacramentum:
2930 5262 3029 5303 cur
3070 5245 3320 5314 indignus
3357 5248 3444 5297 est
3470 5238 3717 5308 accipere
3741 5234 3826 5292 vel

2241 5323 2497 5411 reliquias
2522 5342 2765 5394 ciborum
2788 5344 3022 5402 tuorum,
3052 5334 3144 5406 qui
3169 5342 3345 5389 tecum
3373 5336 3633 5385 venturus
3655 5333 3741 5381 est
3758 5323 3826 5378 ad

2237 5434 2542 5491 convivium
2562 5431 2918 5503 angelorum?
2952 5429 3097 5495 Haec,
3121 5428 3337 5491 fratres,
3365 5422 3621 5479 attentius
3650 5416 3825 5474 consi-

2239 5528 2445 5591 derate,
2475 5526 2591 5580 haec
2612 5524 2728 5579 sine
2752 5538 2902 5578 mora
2937 5520 3161 5591 implere
3189 5516 3457 5579 festinate,
3484 5520 3544 5565 ut
3566 5523 3691 5565 cum
3710 5506 3827 5562 dies

2235 5616 2423 5688 iudicii
2453 5615 2678 5680 venerit,
2709 5629 2836 5679 non,
2873 5626 2996 5666 cum
3019 5610 3101 5664 eis
3142 5609 3235 5677 qui
3263 5620 3404 5661 nunc
3425 5613 3693 5672 pauperes
3727 5595 3824 5679 de-

2242 5709 2494 5780 spiciunt,
2546 5709 2867 5765 audiamus:
2913 5702 3173 5759 Discedite
3212 5717 3245 5756 a
3290 5713 3394 5765 me,
3438 5680 3726 5756 maledicti,
3768 5686 3821 5740 in
