4036 6370
240 382 298 437 17
1191 377 1496 436 HOMlLl/E
1537 377 1623 432 DE
1661 374 1901 433 FESTIS
1936 372 2343 443 PRA‘ICIPUIS,
2383 374 2535 432 ETC.
3425 378 3490 434 18

206 492 399 565 'ignem
427 502 678 549 teternum
725 491 941 564 (Matth.
963 489 1093 562 xxv)
1119 509 1135 558 ;
1165 492 1260 547 sed
1287 508 1408 548 cum
1441 492 1602 562 justis
1629 498 1683 547 et
1709 492 1810 546 mi-
1837 491 1887 549 Α
1912 502 2033 541 nem
2068 502 2191 542 cum
2228 487 2437 543 actibus
2466 487 2603 558 ejus,
2647 485 2739 557 qui
2789 485 3155 557 corrumpitur
3194 492 3488 548 secundum

237 587 590 643 sericordibus
636 586 824 640 audire
873 599 1219 640 mereamur:
1290 583 1505 649 Venite,
1557 584 1806 639 benedicti

238 677 409 732 Patris
437 678 558 742 mei,
589 676 839 747 percipite
867 660 1079 745 regnum
1100 689 1121 727 :
1150 676 1273 748 quia
1296 675 1487 730 csuriri
1511 683 1560 728 et
1587 675 1804 729 dedistis

235 766 356 821 mihi
409 767 777 830 manducare;
835 766 973 819 sitivi
1000 805 1016 831 ,
1077 774 1126 819 et
1174 765 1392 819 dedistis
1452 765 1580 818 mihi
1639 765 1806 819 bibere

238 856 441 929 (Ibid.).
474 856 646 923 Quam
675 855 1083 911 desiderabilem
1120 871 1304 910 vocem
1352 855 1611 910 concedat
1649 853 1805 909 nobis

233 948 435 1011 audire,
465 946 558 1018 qui
577 945 739 1000 hodie
768 953 926 999 natus
963 952 1065 1009 est,
1094 944 1423 1012 Redemptor
1446 950 1665 997 noster:
1712 942 1805 1011 qui
1838 1010 1843 1015 δ

232 1035 359 1089 vivit
385 1042 438 1090 et
465 1042 653 1105 regnat
685 1049 807 1088 cum
849 1032 1010 1089 Patre
1054 1033 1106 1086 in
1136 1032 1341 1087 unitate
1375 1031 1607 1101 Spiritus
1630 1031 1805 1086 sancti

231 1123 386 1191 Deus,
409 1137 508 1194 per
533 1123 713 1179 omnia
739 1122 933 1178 saecula
961 1122 1299 1176 saeculorum.
1327 1121 1518 1176 Amen.

822 1212 1105 1270 HOMlLlA
1140 1212 1229 1268 Vl.

748 1321 803 1359 IN
834 1320 1056 1359 OCTAVIS
1084 1319 1289 1359 DOHINI.

295 1396 538 1452 Audistis
564 1395 722 1450 modo
749 1409 817 1449 ex
854 1393 1085 1449 lectione
1111 1391 1440 1462 evangelica,
1470 1391 1666 1448 fratres
1687 1392 1807 1446 cha-

227 1485 445 1550 rissimi,
471 1499 688 1539 causam
716 1482 873 1537 istius
898 1481 1273 1537 sacratissima:
1292 1481 1597 1536 festivitatis
1620 1499 1633 1534 :
1658 1482 1802 1551 quia,

225 1589 285 1635 ut
308 1578 523 1648 scripsit
541 1584 758 1632 sanctus
782 1576 957 1630 Lucas
983 1575 1341 1644 evangelista:
1372 1572 1652 1644 Postquam
1678 1591 1806 1628 con-

223 1670 468 1726 summati
505 1678 626 1723 sunt
672 1668 782 1722 dies
814 1678 927 1722 octo
957 1674 1010 1719 ut
1040 1666 1496 1719 circumcideretur
1531 1682 1679 1736 puer,
1716 1682 1803 1720 vo-

222 1770 397 1815 catum
422 1768 496 1814 est
524 1776 708 1813 nomen
734 1759 848 1829 ejus
872 1758 1044 1823 Iesus,
1089 1758 1226 1827 quod
1252 1766 1487 1812 vocatum
1517 1767 1591 1813 est
1621 1758 1685 1812 ab
1710 1775 1807 1813 an-

1905 578 2167 634 desideria
2217 579 2458 634 erroris:
2515 584 2570 634 et
2616 577 2913 633 induamini
2956 592 3153 633 novum
3195 579 3488 647 hominem,

1903 668 1995 738 qui
2035 678 2327 724 renovatur
2352 669 2420 725 de
2461 669 2550 724 die
2590 669 2646 724 in
2676 664 2835 724 diem'
2862 668 3160 724 secundum
3202 666 3489 742 imaginem

1906 758 2025 828 ejus
2051 759 2143 830 qui
2172 762 2379 817 creavit
2401 775 2524 815 eum
2556 759 2769 833 (Ephes.
2797 760 2894 833 ιν).
2917 760 3132 818 Veteris
3152 776 3302 832 ergo,
3332 764 3385 819 id
3409 774 3495 820 est

1904 850 2223 918 peccatoris,
2255 850 2492 905 hominis
2514 856 2667 906 actus
2692 856 2855 905 sunt:
2902 849 3196 919 Iactantia,
3247 853 3491 921 avaritia,

1910 938 2213 1007 fornicatio,
2252 937 2622 1004 immunditice,
2665 937 2916 1003 luxuriaz,
2943 937 3208 993 idolorum
3250 942 3493 1007 servitus,

1904 1028 2171 1097 veneﬁcia,
2201 1028 2511 1094 inimicitiae,
2539 1027 2915 1093 contentiones,
2963 1026 3348 1097 mutationes,
3374 1031 3492 1096 iraa,

1903 1119 2051 1183 rixaz,
2083 1119 2452 1184 dissensiones,
2480 1125 2653 1185 sectaz,
2703 1116 2941 1184 invidiat,
2981 1118 3286 1186 homicidia,
3327 1121 3497 1193 furta,

1903 1210 2195 1273 ebrietates,
2237 1211 2656 1275 comessationes,
2704 1219 2753 1264 et
2802 1210 2882 1265 his
2917 1210 3114 1266 similia
3138 1225 3158 1265 :
3203 1230 3322 1284 qum
3352 1230 3496 1284 prte-

1902 1298 2020 1353 dico
2055 1298 2217 1365 vobis,
2246 1302 2495 1371 quoniam
2520 1300 2609 1370 qui
2650 1299 2779 1355 talia
2808 1308 2992 1370 agunt,
3024 1317 3239 1372 regnum
3266 1301 3364 1357 Dei
3392 1319 3497 1357 non

1904 1402 2285 1464 consequentur
2318 1391 2465 1464 (Gal.
2495 1392 2572 1463 v).
2608 1390 2751 1448 Novi
2796 1401 2975 1455 autem
3018 1393 3274 1459 hominis,
3314 1393 3368 1448 id
3417 1404 3503 1449 est

1900 1481 2057 1553 justi,
2085 1498 2249 1553 opera
2278 1492 2443 1539 sunt:
2476 1484 2730 1551 charitas,
2765 1484 3044 1555 gaudium,
3098 1500 3225 1554 pax,
3261 1483 3501 1554 longani-

1905 1578 2084 1643 mitas,
2115 1578 2338 1644 bonitas,
2376 1578 2685 1649 benignitas,
2723 1577 2877 1647 ﬁdes,
2907 1578 3184 1644 modestia,
3219 1579 3496 1650 patientia,

1907 1669 2245 1733 continentia,
2275 1670 2568 1735 humilitas,
2615 1670 2890 1737 sobrietas,
2935 1678 2991 1725 et
3020 1670 3105 1726 his
3134 1669 3331 1726 similia
3358 1686 3373 1734 ;
3406 1669 3499 1739 qui

1906 1767 2090 1813 autem
2120 1759 2174 1813 in
2204 1759 2291 1815 his
2314 1760 2503 1826 servit,
2522 1760 2700 1830 placet
2725 1760 2859 1827 Deo,
2890 1768 2946 1817 et
2981 1763 3245 1831 probatus
3289 1770 3371 1817 est
3402 1763 3500 1816 ho-

223 1850 338 1920 geio
373 1851 682 1921 priusquam
726 1851 781 1904 in
814 1859 959 1904 utero
983 1851 1340 1920 conciperetur
1380 1849 1529 1921 (Luc.
1572 1849 1655 1921 ιι).
1711 1851 1806 1907 Ille
1833 1835 1879 1896 Β
1906 1849 2157 1904 minibus.
2182 1849 2295 1906 Hac
2320 1865 2469 1920 rogo,
2486 1851 2700 1917 fratres,
2723 1851 3134 1908 circumcisione
3147 1853 3502 1923 vosmetipsos

222 1957 357 2011 puer
403 1941 651 1996 videlicet
703 1941 795 2010 qui
847 1949 957 1995 erat
1001 1941 1057 1993 in
1106 1941 1360 2010 principio
1416 1940 1559 2011 apud
1594 1941 1810 1998 Patrem

240 2031 484 2097 Verbum,
511 2044 558 2087 et
580 2032 723 2086 Deus
749 2043 859 2087 erat
903 2031 1141 2086 Verbum.
1185 2030 1299 2086 Hoc
1326 2042 1436 2087 erat
1475 2032 1528 2086 in
1555 2031 1810 2104 principio

226 2123 365 2193 apud
405 2122 598 2188 Deum,
622 2123 796 2176 omnia
822 2139 913 2193 per
938 2123 1105 2192 ipsum
1134 2121 1280 2191 facta
1306 2132 1460 2189 sunt,
1486 2132 1533 2177 et
1564 2124 1674 2176 sine
1699 2123 1811 2193 ipso

228 2215 420 2285 factum
443 2223 520 2268 est
550 2212 682 2266 nihil
712 2211 975 2283 (Joan.1).
1003 2213 1107 2268 Sed
1130 2213 1256 2281 quid
1285 2213 1512 2277 esthoc,
1538 2220 1596 2266 ut
1623 2220 1811 2267 octava

232 2302 322 2358 die
342 2303 820 2359 circumcideretur
847 2318 1001 2373 puer,
1030 2302 1131 2356 nisi
1161 2302 1284 2373 quia
1314 2317 1439 2358 cum
1464 2318 1627 2358 verus
1666 2310 1813 2358 esset

231 2394 389 2460 Deus,
418 2402 475 2449 et
521 2401 638 2449 erat
676 2408 889 2463 semper
924 2394 1064 2464 apud
1091 2393 1343 2449 Patrem:
1392 2393 1466 2448 ita
1501 2403 1620 2449 erat
1654 2410 1815 2450 verus

226 2484 387 2541 homo
408 2492 631 2555 propter
656 2499 756 2539 nos
788 2492 843 2538 et
862 2498 1046 2538 veram
1071 2498 1287 2539 carnem
1324 2484 1559 2552 suscepit
1592 2492 1817 2554 propter

222 2573 459 2629 salutem
483 2583 743 2628 nostram.
788 2572 857 2626 Et
892 2573 968 2627 ita
995 2579 1113 2627 erat
1153 2571 1401 2628 Christus
1427 2573 1683 2629 Dominus
1707 2590 1812 2628 una

221 2678 455 2735 persona
484 2664 541 2718 in
567 2663 773 2719 duabus
800 2662 1137 2729 substantiis,
1184 2663 1237 2718 id
1284 2670 1369 2719 est
1414 2663 1469 2718 in
1514 2663 1812 2719 substantia

223 2754 344 2820 Dei,
380 2762 436 2810 et
460 2754 513 2808 in
539 2754 839 2810 substantia
867 2754 1098 2809 hominis
1123 2755 1324 2824 absque
1350 2763 1610 2825 peccato;
1652 2763 1709 2811 et
1736 2746 1813 2811 ita

220 2852 316 2898 est
346 2859 533 2898 verum
580 2844 721 2913 quod
771 2844 1151 2915 subsequentia
1197 2845 1472 2916 Evangelii
1510 2846 1578 2901 de
1627 2861 1693 2902 eo
1726 2856 1807 2902 te—

219 2943 486 3009 stantur:
521 2934 589 2988 Et
614 2935 833 3001 verbum,
869 2936 1059 3007 inquit,
1090 2953 1215 2990 caro
1239 2936 1437 3005 factum
1458 2945 1556 3002 est,
1594 2947 1640 2991 et
1664 2937 1815 2991 habi-

218 3025 359 3078 tavit
385 3024 447 3077 in
470 3025 636 3078 nobis.
668 3024 802 3092 Quia
832 3027 995 3096 igitur
1035 3026 1365 3096 Redemptor
1409 3038 1594 3082 noster
1620 3027 1688 3081 ad
1713 3027 1817 3082 hoc

220 3112 283 3168 in
323 3114 529 3168 mundo
569 3115 717 3185 nasci
757 3116 943 3184 voluit,
987 3124 1048 3171 ut
1089 3118 1381 3172 secundum
1422 3132 1615 3173 nomen
1657 3132 1815 3172 suum

1913 1937 2305 2006 circumcidito,
2336 1947 2398 1994 ut
2439 1939 2557 2010 ejus
2605 1940 2723 1996 ﬁeri
2765 1942 3008 1997 membra
3039 1940 3376 2003 mereamini,
3406 1941 3501 2011 qui

1914 2029 2075 2085 hodie
2118 2040 2340 2101 propter
2388 2046 2487 2086 nos
2515 2030 2826 2087 circumcidi
2871 2031 3062 2098 voluit,
3108 2039 3380 2087 ctnomen
3410 2045 3501 2086 ac—

1914 2119 2114 2190 cipere,
2140 2122 2285 2190 quod
2321 2121 2472 2191 prius
2499 2121 2743 2193 angelica
2771 2122 2838 2177 de
2879 2136 2944 2177 oo
2983 2120 3348 2192 praecinebant
3371 2136 3499 2175 ora-

1913 2208 2052 2269 cula,
2090 2206 2247 2263 Jesus
2275 2209 2523 2264 Christus
2546 2209 2790 2264 salvator
2814 2217 3037 2264 noster:
3065 2208 3155 2277 qui
3185 2223 3306 2264 cum
3339 2208 3502 2267 Patre

1913 2305 1968 2353 et
1995 2298 2202 2369 Spiritu
2251 2308 2437 2355 sancto
2459 2299 2592 2354 vivit
2620 2307 2675 2353 ct
2705 2306 2895 2371 regnat
2931 2299 3074 2355 Deus
3101 2313 3197 2370 per
3231 2300 3412 2355 omnia
3442 2308 3500 2356 et

1915 2388 2123 2445 inﬁnita
2154 2390 2368 2446 saecula.
2403 2391 2596 2445 Amen.

1954 2482 1957 2483 ⁷
2490 2480 2776 2537 HOMILIA
2802 2481 2912 2537 VII.

2421 2592 2476 2630 IN
2510 2591 2795 2631 EPIPHANIA
2819 2590 3025 2631 DOMINI.

1986 2664 2170 2736 Nuper
2209 2664 2606 2722 solemnitatem
2659 2664 2802 2720 illam
2847 2660 3260 2730 celebraviinus,
3309 2666 3508 2720 fratres

1916 2759 2243 2826 charissimi,
2292 2774 2399 2830 qua
2449 2759 2590 2814 Deus
2624 2758 2897 2814 hominem
2935 2773 3059 2815 cum
3102 2757 3509 2814 inﬁrmitatibus

1917 2850 2121 2917 induit;
2153 2866 2219 2907 ac
2261 2849 2420 2921 paulo
2459 2858 2583 2920 post
2618 2850 2760 2919 quod
2795 2849 3044 2904 eumdem
3073 2849 3388 2905 circumcidi
3413 2864 3503 2904 se-

1920 2939 2156 2993 cundum
2184 2938 2359 3010 legem
2384 2939 2571 2993 voluit.
2608 2937 2767 2993 Modo
2798 2952 2929 2993 vero
2956 2936 3085 2992 illud
3116 2937 3413 2994 excolimus
3439 2951 3506 2992 ac

1920 3030 2115 3086 divinis
2137 3030 2385 3085 laudibus
2409 3045 2754 3095 veneramur,
2784 3029 2926 3099 quod
2954 3043 3014 3084 se
3043 3029 3096 3083 in
3124 3028 3341 3083 homine
3367 3028 3508 3083 Deus

1918 3120 2211 3183 virtutibus
2235 3120 2550 3176 declaravit.
2600 3118 2727 3174 limo
2754 3133 2968 3189 quoque
3005 3116 3271 3173 festivitas
3317 3117 3503 3174 Gra‘co

215 3220 394 3275 genus
419 3204 656 3260 salvaret
678 3206 992 3273 humanum,
1023 3208 1311 3276 unicuique
1355 3207 1531 3263 ordini
1575 3223 1635 3263 se
1667 3224 1815 3264 com—
1843 3194 1888 3257 C
1919 3211 2180 3266 vocabulo
2213 3210 2510 3281 Epiphania
2561 3216 2935 3279 nuncupatur:
2975 3207 3117 3278 quod
3144 3223 3243 3264 nos
3286 3208 3508 3277 manife-

216 3304 469 3364 peteuter
494 3298 720 3367 aptavit.
752 3297 1074 3354 Circumcidi
1111 3300 1403 3354 secundum
1428 3299 1598 3369 legem
1625 3299 1812 3368 voluit,

224 3392 289 3438 ut
320 3401 415 3441 eos
437 3387 529 3456 qui
569 3387 669 3443 sub
694 3388 810 3460 lege
852 3399 1007 3444 erant
1044 3391 1352 3446 redimeret.
1383 3391 1600 3447 Hostias
1622 3408 1722 3463 pro
1755 3408 1814 3448 se

228 3478 411 3547 templi
444 3478 705 3536 Dominus
750 3496 857 3535 non
889 3481 1094 3551 respuit
1119 3479 1327 3547 offerri,
1375 3490 1434 3536 ut
1482 3497 1667 3537 eorum
1709 3483 1815 3538 Re-

230 3564 480 3636 demptor
505 3578 795 3638 appareret
847 3570 937 3640 qui
982 3569 1049 3623 ab
1093 3571 1313 3625 exordio
1347 3572 1529 3627 mundi
1558 3586 1728 3643 usque
1749 3572 1816 3627 ad

222 3667 471 3730 tempora
501 3660 642 3717 data:
691 3660 1136 3728 circumcisionis,
1187 3662 1270 3717 vel
1317 3671 1441 3733 post
1489 3663 1669 3717 datam
1709 3664 1817 3720 cir-

221 3749 634 3816 cumcisionem,
665 3750 732 3806 de
764 3750 884 3805 aliis
914 3751 1221 3807 nationibus
1245 3752 1356 3808 Deo
1393 3753 1730 3824 placuerunt,
1762 3764 1816 3810 et

222 3840 308 3897 vel
336 3841 634 3897 hostiarum
662 3842 1043 3907 oblationibus,
1080 3843 1165 3898 vel
1204 3852 1351 3901 certe
1393 3845 1506 3900 sola
1539 3846 1661 3902 ﬁdei
1708 3846 1816 3901 vir-

219 3936 339 3984 tute
363 3946 492 3985 suas
540 3947 870 4002 suorumque
907 3934 1116 3989 animas
1158 3933 1402 3991 Creatori
1430 3937 1817 3992 commendan—

218 4028 327 4086 tes,
359 4038 389 4076 a
419 4023 585 4092 primi
614 4033 798 4079 reatus
846 4024 1070 4080 vinculis
1113 4027 1392 4082 absolvere
1422 4028 1700 4083 curabant.
1732 4028 1817 4085 Ad

220 4120 533 4166 extremum
556 4127 790 4183 quoque,
838 4115 892 4169 id
936 4122 1020 4169 est
1047 4115 1160 4185 jam
1204 4116 1475 4172 tricesimo
1503 4119 1679 4174 {etatis
1704 4134 1816 4175 sum

220 4214 389 4265 anno,
415 4200 720 4272 baptizatus
759 4220 789 4259 a
832 4202 1061 4271 Joanne,
1089 4213 1148 4260 ut
1175 4207 1573 4264 demonstraret
1617 4217 1816 4266 nostra:

216 4289 504 4345 munditiae
526 4307 647 4348 esse
690 4303 989 4361 auctorem,
1032 4304 1088 4351 et
1131 4298 1273 4366 quod
1307 4297 1422 4367 ipse
1459 4308 1602 4354 esset
1635 4300 1815 4373 Agnus

214 4379 313 4448 qui
346 4379 481 4434 tollit
506 4391 717 4451 peccata
741 4384 911 4440 totius
947 4385 1131 4440 mundi
1176 4387 1357 4459 (Joan.
1400 4388 1462 4460 ι).
1498 4388 1605 4445 Sed
1630 4400 1685 4447 et
1713 4392 1816 4447 hoc

215 4467 352 4536 quia
377 4469 570 4524 eodem
595 4471 680 4527 die
707 4487 819 4528 sua:
853 4474 1281 4532 circumcisionis
1324 4494 1521 4534 nomen
1557 4488 1618 4534 ut
1654 4480 1814 4538 Jesus

1915 3304 2191 3359 stationem
2221 3301 2564 3372 interpretari
2588 3315 2897 3373 possumus,
2926 3315 3025 3371 pro
3053 3314 3121 3355 eo
3158 3299 3301 3369 quod
3322 3298 3375 3352 in
3400 3298 3507 3354 hac

1918 3393 2004 3449 die
2027 3392 2093 3447 de
2121 3391 2261 3447 C(elo
2288 3391 2455 3446 stella:
2498 3399 2651 3446 ortus
2677 3391 2858 3446 divina
2905 3389 3096 3445 nuntia
3139 3388 3390 3460 praebuit,
3438 3401 3515 3453 ac,

1918 3483 2100 3555 Magos
2130 3483 2416 3553 diligenter
2457 3489 2763 3552 quaerentes
2799 3479 2869 3537 ad
2904 3479 3171 3536 cunabula
3210 3478 3500 3551 perduxit:

1917 3575 2033 3630 sive
2071 3575 2213 3645 quod
2245 3575 2300 3628 in
2337 3572 2590 3629 Iordanis
2634 3573 2795 3628 undis
2836 3572 3084 3628 Salvator
3120 3587 3383 3643 aquarum
3409 3585 3513 3628 na-

1915 3671 2093 3718 turam
2118 3663 2187 3717 ad
2216 3662 2613 3735 reparationem
2638 3662 2856 3717 humani
2883 3663 3097 3735 generis
3118 3678 3218 3719 suo
3240 3663 3511 3733 baptismo

1917 3753 2271 3819 consecravit,
2312 3767 2376 3807 ac
2415 3750 2649 3822 Spiritus
2687 3753 2863 3809 sancti
2904 3752 3139 3808 adventu
3186 3761 3243 3808 et
3270 3761 3510 3824 paternae

1915 3845 2066 3899 vocis
2110 3844 2382 3913 praeconio
2413 3858 2574 3898 verus
2609 3843 2753 3899 Deus
2804 3843 3068 3899 innotuit:
3118 3844 3233 3900 sive
3278 3843 3422 3915 quod
3451 3845 3509 3898 in

1917 3935 2065 3991 Cana
2091 3935 2323 3991 Galihea:
2361 3935 2415 3990 in
2442 3935 2693 3991 convivio
2719 3935 2969 4005 nuptiali,
3002 3951 3197 4007 aquam
3239 3936 3294 3992 in
3323 3937 3508 3991 vinum

1916 4029 2224 4095 convertit;
2257 4035 2332 4094 et,
2375 4028 2517 4084 sicut
2561 4028 2911 4099 Evangelium
2962 4035 3212 4093 testatur,
3258 4027 3511 4083 initiosi-

1917 4135 2148 4193 gnorum
2192 4135 2413 4175 suorum
2450 4118 2823 4175 manifestavit
2850 4119 3076 4189 gloriam
3108 4126 3539 4183 suam,-et.~cre--

1916 4209 2172 4265 diderunt
2200 4209 2253 4264 in
2275 4224 2399 4264 eum
2423 4209 2669 4279 discipuli
2690 4208 2837 4278 ejus:
2871 4210 2984 4265 sive
3006 4210 3131 4280 quia
3148 4209 3391 4280 quinque
3411 4223 3510 4279 pa-

1917 4299 2079 4355 nibus
2122 4299 2361 4370 quinque
2408 4299 2578 4354 millia
2606 4299 2886 4355 hominum
2933 4300 3187 4366 satiavit;
3235 4308 3292 4354 et
3339 4299 3542 4356 turbat.

1916 4388 2285 4460 professione:
2313 4387 2418 4442 Hic
2455 4398 2530 4444 est
2572 4405 2685 4443 vere
2726 4395 3000 4461 propheta,
3031 4392 3122 4461 qui
3154 4399 3404 4445 venturus
3431 4400 3530 4445 est:

1915 4480 1972 4534 in
2009 4480 2265 4535 mundum
2305 4478 2491 4551 (Joan.
2517 4479 2614 4553 vt),
2645 4482 2972 4551 praedicatus
2995 4489 3096 4538 est.
3129 4481 3225 4537 His
3250 4496 3381 4552 ergo
3409 4496 3508 4536 au-

216 4569 514 4614 vocaretur
538 4564 766 4635 accepit,
795 4565 862 4619 ad
892 4566 1247 4623 imitationem
1275 4570 1513 4640 antiquae
1551 4572 1810 4628 observa-
1839 4542 1891 4602 D
1918 4568 2046 4624 ditis
2071 4569 2324 4625 omnibus
2353 4570 2729 4637 sacramentis,
2760 4572 2903 4627 sicut
2945 4571 3116 4627 sancti
3141 4580 3324 4642 patres
3352 4572 3508 4627 nobis

216 4651 388 4707 tionis
414 4653 584 4708 fecit:
628 4656 755 4727 quia
801 4656 1095 4725 Abraham,
1147 4659 1239 4729 qui
1274 4661 1484 4731 primus
1527 4663 1814 4720 circumci-

217 4743 434 4798 sionem
475 4746 704 4816 accepit,
756 4748 947 4803 eodem
992 4750 1077 4805 die
1124 4765 1236 4806 sua:
1274 4753 1701 4812 circumcisionis
1744 4758 1815 4813 ob

217 4834 483 4891 meritum
529 4850 737 4907 magna;
776 4837 922 4905 ﬁdei,
956 4839 1252 4908 Abraham,
1284 4841 1339 4896 id
1372 4851 1457 4900 est
1490 4853 1647 4913 pater
1672 4847 1813 4901 mul-

212 4931 403 4981 tarum
430 4927 695 4996 gentium,
721 4931 987 4986 nominari
1015 4935 1316 5003 promeruit
1344 4934 1495 5009 (Gen.
1518 4939 1692 5013 xvn);
1723 4942 1815 5011 qui

216 5022 387 5071 antea
424 5026 576 5087 pater
613 5019 847 5075 excelsus
892 5021 1068 5078 dictus
1106 5033 1213 5091 est,
1259 5033 1316 5081 et
1347 5027 1422 5081 ita
1460 5028 1516 5082 in
1555 5028 1695 5102 lege,
1725 5032 1818 5101 qui
1853 5020 1861 5027 ’

221 5105 327 5160 sub
356 5104 478 5177 lege
517 5116 693 5177 erant,
722 5111 1081 5181 circumcisis,
1113 5116 1297 5170 statim
1325 5119 1544 5174 nomina
1578 5120 1822 5192 impone-

219 5194 379 5253 bant.
422 5199 492 5255 Et
521 5201 602 5257 sic
622 5200 916 5259 Christiani
936 5206 1114 5271 modo,
1137 5208 1328 5263 eodem
1356 5210 1624 5281 exemplo,
1646 5212 1824 5269 solent

221 5294 479 5361 tempore
506 5293 848 5364 baptismatis
879 5297 1165 5366 baptizatis
1188 5299 1407 5354 nomina
1440 5299 1736 5371 imponere,
1760 5312 1820 5356 ut

216 5382 543 5439 auctoritati
572 5387 877 5452 conveniat,
903 5388 1028 5456 quia
1056 5388 1245 5459 religio
1278 5390 1635 5445 commendat.
1680 5391 1820 5458 Quid

216 5481 412 5552 autem
455 5477 575 5534 haec
620 5480 961 5536 circumcisio
1011 5481 1197 5552 legalis
1226 5482 1509 5553 signiﬁcet,
1556 5483 1818 5554 propheta

215 5567 473 5622 ostendit
505 5568 729 5625 dicens:
780 5570 1150 5626 Circumcidite
1185 5572 1345 5627 corda
1380 5583 1571 5639 vestra,
1614 5582 1663 5628 et
1714 5591 1817 5630 non
1854 5622 1861 5657 τ

218 5671 479 5733 corpora.
534 5658 709 5727 Quam
766 5661 1232 5719 circumcisionem
1293 5656 1474 5719 cordis
1530 5662 1819 5736 Apostolus

220 5744 391 5804 nobis
417 5750 800 5811 commendat:
834 5752 1116 5826 Deponite,
1148 5754 1341 5827 inquit,
1368 5764 1605 5813 veterem
1638 5756 1816 5811 homi-

1919 4659 2278 4727 tradiderunt,
2334 4659 2595 4715 hodierna
2647 4659 2765 4716 dies
2809 4660 3134 4717 venerabilis
3172 4660 3397 4724 exstitit,
3441 4675 3509 4715 eo

1919 4751 2063 4822 quod
2088 4751 2287 4806 talibus
2311 4751 2528 4807 indiciis
2561 4752 2723 4808 hodie
2746 4751 2890 4808 Deus
2926 4754 2981 4808 in
3013 4752 3230 4807 homine
3256 4751 3529 4806 Christus.

1919 4840 2297 4898 manifestatus
2336 4851 2444 4899 est.
2490 4841 2705 4898 Habent
2756 4842 2977 4912 quidem
3022 4855 3211 4897 omnes
3257 4842 3375 4897 ista:
3418 4857 3509 4899 res

1921 4933 2182 5005 mysteria
2210 4933 2537 4999 veneranda,
2569 4934 2664 4991 sed
2709 4940 2837 4988 tunc
2865 4932 3002 4987 nihil
3042 4932 3187 4989 aliud
3224 4933 3508 4989 nobiscum

1924 5034 2092 5099 agunt
2116 5041 2277 5096 quam
2307 5024 2452 5096 quod
2492 5024 2652 5082 ﬁdem
2685 5023 3006 5079 catholicam
3046 5023 3204 5080 nobis
3227 5038 3507 5080 commen—

1924 5116 2073 5182 dent,
2101 5115 2247 5170 illam
2274 5115 2527 5171 videlicet
2550 5129 2671 5185 qum
2709 5129 2807 5185 per
2842 5112 3180 5170 dilectionem
3209 5100 3466 5184 operatur
3488 5131 3527 5180 ;,

1925 5216 1981 5262 et
2004 5222 2104 5262 nos
2132 5206 2312 5262 taliter
2339 5193 2526 5260 vivere
2566 5204 2820 5269 doceant,
2864 5210 2923 5257 ut
2953 5211 3138 5258 nostro
3182 5216 3281 5272 per
3322 5203 3507 5258 omnia

1923 5296 2233 5365 placeamus
2258 5294 2522 5351 Creatori.
2542 5286 2671 5348 Sed
2705 5292 2857 5357 libet,
2883 5290 3099 5356 fratres,
3126 5290 3328 5361 aliquid
3353 5291 3509 5347 vobis

1925 5388 2106 5444 dicere
2130 5388 2197 5443 de
2221 5387 2328 5443 illis
2369 5388 2543 5444 tribus
2584 5386 2899 5443 muneribus
2921 5402 3041 5459 qua:
3067 5386 3205 5458 Magi
3246 5386 3523 5443 hodierna;

1924 5482 2010 5537 die
2041 5480 2392 5550 Redemptori
2424 5489 2612 5536 nostro
2655 5462 2982 5537 oﬂerebaut,
3020 5479 3343 5537 Obtulerunt
3385 5479 3509 5550 qui-

1924 5573 2045 5628 dem
2074 5572 2172 5637 illi,
2208 5558 2351 5628 sicut
2372 5571 2533 5627 modo
2559 5568 2805 5634 audistis,
2837 5585 2962 5625 cum
2998 5569 3341 5640 evangelium
3363 5568 3507 5639 lege-

1922 5664 2486 5731 retur,kaurum,,thus
2508 5670 2563 5717 et
2602 5661 2897 5734 myrrham.
2927 5661 3035 5717 Sed
3069 5662 3297 5716 istorum
3338 5659 3506 5731 tripli-

1922 5757 2067 5813 cium
2109 5771 2394 5813 munerum
2432 5754 2626 5825 triplex
2675 5754 3000 5827 signiﬁcatio
3026 5748 3398 5811 continetur:
3446 5751 3502 5807 in
