4036 6370
546 334 616 391 19
1205 335 1266 390 Β.
1307 335 1558 390 RABANI
1593 333 1811 391 MAUBI
1846 333 2160 390 ARCHIEP.
2199 333 2506 391 MOGUNT.
2543 334 2827 392 OPERUM
2863 334 3039 390 PARS
3076 334 3137 388 ll.
3722 339 3784 397 20

545 449 704 504 thure
749 447 1059 503 obtulerunt
1101 447 1334 504 Christo.
1361 449 1456 503 Dei
1504 450 1764 504 honorem
1799 466 1814 512 ;
1859 449 1912 502 in
1961 464 2112 512 auro,
2142 451 2195 511 Α
2221 464 2438 514 remus;
2483 449 2556 503 ita
2584 450 2748 504 etiam
2798 451 2954 504 beata
2993 450 3223 518 geniti-ix
3269 449 3434 514 illius,
3479 465 3577 520 pro
3621 462 3788 508 ostcn-
3824 491 3850 514 .

543 539 750 609 regiam
776 538 1086 607 dignitatem
1111 556 1126 604 ;
1156 539 1207 593 in
1236 540 1472 609 myrrha,
1501 540 1740 609 corporis
1766 539 2113 609 sepulturam.

543 627 846 683 Olleramus
874 643 1003 698 ergo
1032 637 1085 682 et
1119 642 1238 693 nos,
1277 629 1610 682 dilectissimi
1649 628 1865 696 fratres,
1908 629 2116 684 sincera

543 725 598 772 et
619 723 803 770 sancta
828 731 1051 770 munera
1081 717 1192 771 Deo
1217 725 1421 782 nostro,
1453 717 1508 773 id
1537 727 1643 782 est,
1676 718 1853 782 ﬁdem,
1888 733 2036 786 spem
2063 727 2118 772 et

542 809 882 864 cliaritatem.
913 809 1212 865 Oﬁ'eramus
1235 826 1422 864 aurum
1455 812 1750 881 sapientiae,
1773 813 1895 866 thus
1912 812 2118 867 devotre

540 900 819 965 orationis,
852 901 1126 971 myrrham
1175 901 1230 955 in
1276 901 1687 958 mortiﬁcatione
1735 903 1932 958 carnis.
1977 901 2118 958 Oll‘e-

539 1003 725 1044 ramus
773 989 1108 1045 devotionem
1159 992 1366 1056 carnis,
1425 991 1758 1047 honestatem
1812 993 2116 1058 locutionis,

536 1083 856 1153 probitatem
885 1086 1080 1156 operis.
1115 1086 1413 1143 OlTeramus
1447 1089 1734 1156 puritatem
1783 1090 1997 1155 mentis,
2029 1106 2120 1145 ca-

537 1173 778 1227 stitatem
832 1175 1076 1244 corporis
1122 1186 1176 1231 et
1231 1177 1528 1231 custodiam
1580 1177 1918 1233 humilitatis.
1973 1178 2116 1236 Oﬂ'e-

537 1277 722 1317 ramus
746 1265 1205 1332 compatientiam,
1242 1266 1702 1338 longanimitatem
1743 1275 1798 1323 et
1839 1269 2120 1326 continen-

536 1353 690 1407 tiam.
720 1353 1022 1409 Otl‘eramus
1067 1355 1473 1426 benignitatem,
1505 1357 1850 1413 sobrietatem
1878 1368 1933 1414 et
1961 1360 2121 1415 mise-

533 1442 846 1499 ricordiam.
897 1444 1022 1501 Hmc
1064 1455 1188 1501 sunt
1230 1448 1371 1502 enim
1415 1447 1614 1518 placita
1660 1451 1772 1507 Deo
1816 1450 1978 1517 dona,
2004 1452 2121 1507 haec

534 1539 686 1601 grata
714 1547 957 1599 munera,
988 1550 1107 1604 quae
1142 1535 1216 1589 illi
1255 1536 1469 1605 quidem
1500 1536 1815 1604 oll‘eruntur,
1862 1541 1956 1595 sed
1985 1540 2118 1596 oll'e-

533 1624 780 1680 rentibus
805 1633 1031 1695 prosunt
1058 1645 1072 1679 :
1118 1626 1260 1681 nulla
1309 1628 1450 1682 enim
1483 1643 1542 1683 re
1571 1628 1676 1693 ille,
1727 1629 1874 1685 nullo
1897 1646 2121 1686 munere

532 1722 690 1783 eget';
722 1718 814 1770 sed
845 1716 946 1770 hoc
973 1716 1048 1772 illi
1077 1732 1270 1773 munus
1296 1719 1557 1788 Optimum
1586 1727 1669 1775 est
1698 1729 1758 1774 ut
1794 1735 1986 1776 causas
2016 1722 2116 1775 ha-

2218 540 2392 594 dendo
2420 540 2743 594 humilitatis
2768 541 3035 609 exemplo,
3056 541 3319 608 legalibus
3343 541 3502 595 subdi
3524 559 3624 597 non
3656 546 3765 600 rcfu

2217 629 2295 699 git
2327 629 2608 684 institutis.
2654 630 2720 683 Et
2751 641 2808 684 ut
2844 631 3051 696 darent,
3096 632 3295 701 inquit,
3322 631 3563 696 hostium,
3615 651 3790 688 secun-

2218 719 2345 774 dum
2366 722 2504 792 quod
2533 721 2728 775 dictum
2758 732 2830 774 est
2876 722 2932 774 in
2963 720 3071 792 lege
3115 721 3349 788 Domini,
3391 739 3490 792 par
3511 733 3790 788 turturum,

2218 821 2308 866 aut
2339 813 2469 866 duos
2503 812 2672 882 pullos
2705 811 3082 866 columbarum.
3127 811 3312 867 Hostia
3363 813 3478 868 hanc
3505 829 3789 883 pauperum

2217 912 2348 968 erat,
2378 905 2736 974 prwccpitque
2791 904 3048 960 Dominus
3097 906 3151 959 in
3183 905 3300 976 lege
3340 913 3402 959 ut
3439 906 3529 974 qui
3558 913 3792 975 possent,

2219 1009 2414 1064 agnum
2455 1010 2552 1064 pro
2584 994 2691 1048 ﬁlio
2718 994 2802 1049 vel
2851 995 2982 1060 ﬁlia,
3011 995 3168 1049 simul
3198 1005 3254 1050 et
3281 1004 3544 1050 turturem
3574 997 3686 1051 sive
3710 1011 3794 1052 co-

2219 1083 2454 1139 lumbam
2491 1083 2778 1139 olferrent:
2804 1085 2895 1155 qui
2945 1100 3072 1140 vero
3097 1086 3202 1140 hoc
3239 1101 3349 1139 non
3394 1094 3636 1156 possent,
3669 1085 3797 1142 duos

2214 1173 2325 1243 jam
2357 1183 2592 1230 turtures
2613 1175 2697 1230 vel
2721 1177 2854 1231 duos
2897 1177 3067 1245 pullos
3097 1177 3361 1232 columba:
3389 1176 3663 1232 oﬂ'errent.
3690 1176 3794 1231 Re-

2221 1264 2469 1334 demptor
2517 1265 2700 1334 itaque
2752 1273 2954 1328 noster,
2994 1280 3093 1336 per
3136 1267 3320 1320 omnia
3369 1275 3570 1321 nostra:
3620 1265 3797 1321 salutis

2219 1370 2448 1420 memor,
2471 1370 2577 1410 non
2603 1354 2773 1410 solum
2803 1355 2964 1409 homo
3006 1354 3142 1422 ﬁeri,
3172 1370 3295 1409 cum
3329 1356 3471 1410 Deus
3501 1363 3677 1419 esset;
3710 1353 3798 1409 sed

2220 1442 2405 1509 etiam,
2435 1457 2555 1497 cum
2575 1443 2724 1497 dives
2750 1450 2912 1508 esset,
2940 1457 3144 1512 pauper
3166 1442 3284 1497 fieri
3311 1442 3484 1497 voluit
3507 1457 3605 1511 pro
3629 1441 3798 1506 nobis,

2220 1544 2280 1592 ut
2306 1551 2403 1591 nos
2427 1543 2744 1606 paupertate
2776 1551 2874 1589 sua
2918 1535 3110 1589 divites
3140 1532 3366 1597 faceret,
3392 1541 3447 1586 et
3475 1530 3802 1586 humanitate

2221 1641 2315 1682 sua
2345 1626 2455 1681 Deo
2500 1625 2638 1680 ﬁlios
2687 1626 2986 1695 adeptaret.
3035 1623 3143 1678 Sed
3171 1623 3302 1692 quia
3330 1621 3495 1676 hodie
3545 1620 3802 1674 adventus

2223 1717 2518 1774 Salvatoris
2544 1732 2664 1773 cum
2704 1715 2960 1786 genitrice
2993 1730 3089 1770 sua
3132 1714 3200 1768 ad
3235 1713 3497 1782 templum
3546 1709 3798 1766 solemnia

529 1803 658 1859 beat
687 1807 1089 1860 remunerandi.
1123 1805 1266 1861 Nihil
1292 1822 1322 1861 a
1348 1808 1504 1863 nobis
1523 1808 1752 1879 amplius
1771 1809 1954 1880 exigit,
1982 1810 2116 1865 nihil
2144 1795 2190 1854 Β
2217 1809 2468 1874 colimus,
2498 1807 2774 1863 imitemur
2800 1821 2898 1860 nos
2929 1819 3188 1874 personas
3216 1803 3342 1858 illas
3359 1818 3482 1871 qum
3503 1801 3713 1857 obviam
3750 1798 3801 1854 ei

533 1894 761 1965 amplius
781 1896 938 1965 petit,
964 1897 1066 1951 nisi
1094 1897 1319 1953 salutem
1339 1908 1578 1954 nostram
1605 1917 1619 1952 :
1643 1899 1823 1954 omnia
1851 1900 1993 1955 enim
2015 1900 2116 1955 sibi

531 2000 564 2040 a
595 1985 749 2040 nobis
777 1987 1021 2056 praestari
1050 1995 1220 2057 putat,
1253 1988 1300 2043 si
1349 1988 1423 2042 ita
1451 2004 1550 2044 nos
1577 1990 1844 2060 egerimus
1876 1997 1937 2043 ut
1963 1990 2118 2044 nobis

530 2073 601 2130 ab
625 2074 716 2130 illo
742 2083 934 2131 cuncta
958 2085 1300 2146 praestentur.
1333 2077 1440 2134 Sed
1469 2079 1535 2132 ab
1555 2078 1646 2134 illo
1673 2078 1829 2148 hujus
1860 2079 1936 2134 rei
1962 2080 2119 2135 nobis

527 2169 757 2235 petenda
781 2173 864 2222 est
909 2165 1164 2234 efﬁcacia,
1195 2176 1255 2222 ut
1293 2168 1659 2224 misericordia
1699 2167 1816 2238 ejus
1860 2184 1958 2225 nos
1981 2185 2120 2239 pra:-

529 2261 733 2328 veniat,
781 2271 836 2318 et
882 2263 1252 2319 misericordia
1291 2264 1408 2334 ejus
1450 2266 1810 2335 subsequatur
1857 2283 1958 2322 nos
2003 2284 2120 2324 om-

528 2353 688 2408 nibus
738 2353 929 2409 diebus
972 2356 1096 2410 vitae
1123 2364 1343 2423 nostrae,
1374 2365 1434 2411 ut
1469 2358 1834 2415 inhabitemus
1874 2361 1927 2415 in
1959 2362 2117 2418 domo

525 2443 742 2498 Domini
793 2444 848 2499 in
897 2445 1286 2516 longitudinem
1336 2448 1588 2504 dierum:
1636 2449 1778 2518 quod
1832 2451 1946 2522 ipse
1981 2467 2119 2523 prae-

528 2539 677 2588 stare
704 2533 954 2603 dignetur
981 2536 1074 2606 qui
1122 2537 1254 2592 vivit
1297 2545 1353 2593 et
1396 2547 1584 2610 regnat
1613 2539 1670 2594 in
1715 2541 1908 2597 saecula
1950 2557 2119 2598 samu-

526 2619 723 2678 lorum.
753 2623 945 2680 Amen.

1106 2715 1382 2774 HOMILIA
1415 2719 1545 2775 VIII.

596 2818 656 2860 ll
682 2821 981 2864 HYPAPANTI
1011 2823 1127 2864 SIVE
1158 2825 1454 2866 OBLA'I‘IONE
1496 2827 1681 2868 DOII‘NI
1725 2829 1778 2868 IN
1808 2830 2041 2872 TEIPLO.

603 2893 861 2951 Sanctam
885 2913 949 2954 ac
972 2899 1380 2956 celeberrimam
1415 2901 1813 2958 solemnitatem
1843 2905 2116 2960 hodiernae

529 2980 879 3051 celebritatis,
909 2984 1104 3042 fratres
1133 2988 1456 3053 charissimi,
1493 3004 1601 3060 qua
1650 2992 2116 3062 quadragesimam

525 3069 822 3128 Dominicae
849 3073 1157 3132 Nativitatis
1182 3079 1324 3133 diem
1344 3079 1538 3136 debitis
1561 3096 1884 3136 veneramur
1903 3082 2112 3148 oﬂiciis,

525 3162 766 3218 maxima
790 3164 1029 3234 ejusdem
1076 3167 1288 3223 Domini
1318 3169 1602 3225 salvatoris
1631 3171 1826 3237 nostri,
1874 3170 2032 3225 simul
2062 3180 2114 3226 et

524 3249 864 3309 intemeratae
915 3256 1191 3326 genitricis
1240 3256 1356 3326 ejus
1414 3259 1713 3315 humilitate
1765 3259 2065 3315 dedicatam
2098 3301 2114 3327 ,

527 3356 688 3397 sacra
717 3342 992 3414 Evangelii
1012 3345 1171 3401 lectio
1199 3362 1318 3417 qua:
1344 3349 1503 3405 modo
1528 3349 1807 3420 legebatur
1832 3351 2105 3421 designat;

527 3444 806 3500 exponens
836 3447 930 3489 eos
954 3434 1045 3504 qui
1080 3436 1182 3507 legi
1212 3438 1286 3492 nil
1335 3438 1615 3505 debebant,
1649 3440 1930 3512 implendis
1958 3456 2014 3496 se
2040 3441 2115 3496 le-

528 3521 741 3591 galibus
787 3537 885 3593 per
929 3525 1109 3580 omnia
1165 3527 1467 3584 subdidisse
1519 3530 1790 3586 decretis:
1846 3539 1901 3584 et
1941 3529 2010 3586 ob
2037 3531 2113 3595 id,

528 3619 744 3682 tempus
769 3616 1101 3686 purgationis
1130 3620 1420 3675 secundum
1445 3621 1615 3692 legem
1645 3621 1812 3694 Moysi
1840 3623 1999 3678 modo
2021 3638 2114 3678 eos

528 3702 852 3760 observasse
918 3718 1327 3764 commemorat.
1402 3712 1663 3784 Praecepit
1732 3728 1963 3782 namque
2027 3713 2113 3769 lex

531 3791 723 3865 (Levit.
760 3795 861 3866 xu)
893 3806 952 3851 ut
974 3798 1168 3854 mulier
1192 3816 1311 3870 quae
1341 3811 1588 3872 suscepto
1631 3803 1835 3858 semine
1877 3804 2115 3874 peperis-

527 3890 613 3939 set
642 3882 830 3951 tilium,
863 3885 1137 3942 immunda
1183 3897 1325 3944 esset
1371 3901 1576 3960 septem
1623 3893 1832 3958 diebus,
1861 3905 1916 3949 et
1944 3894 1997 3948 in
2026 3894 2114 3949 die

526 3979 724 4028 octavo
749 3973 1160 4031 circumcideret
1187 3977 1507 4033 infantulum
1553 3996 1854 4053 nomenque
1881 3992 2110 4053 aptaret.

526 4061 732 4120 Deinde
757 4066 920 4121 etiam
949 4068 1070 4123 aliis
1101 4070 1319 4139 triginta
1359 4072 1533 4127 tribus
1559 4072 1747 4128 diebus
1771 4075 1838 4129 ab
1866 4075 2112 4146 ingressu

526 4155 714 4223 templi
741 4171 805 4210 ac
831 4157 932 4212 viri
961 4167 1082 4214 toro
1133 4161 1448 4226 abstineret,
1481 4163 1650 4219 donec
1697 4166 2114 4237 quadragesimo

527 4245 831 4301 nativitatis
859 4247 943 4302 die
967 4247 1134 4304 ﬁlium
1162 4266 1283 4305 cum
1312 4252 1504 4308 bostiis
1531 4254 1598 4309 ad
1626 4255 1880 4326 templum
1901 4256 2112 4312 Domini

527 4334 784 4391 deferret.
850 4337 1271 4410 Primogenitnm
1334 4351 1513 4398 autem
1563 4360 1776 4400 omnem
1831 4348 2111 4403 masculini

528 4441 710 4492 sexus,
737 4437 982 4483 sanctum
1033 4431 1260 4486 Domino
1305 4435 1510 4500 vocari,
1558 4444 1718 4507 atque
1764 4438 1884 4493 ideo
1910 4439 2109 4493 munda

529 4531 756 4587 qumque
779 4515 962 4575 offerri
991 4521 1122 4588 Deo,
1156 4521 1430 4578 immunda
1463 4533 1638 4580 autem
1669 4528 1882 4584 mundis
1912 4531 2109 4584 mutari

526 4607 612 4661 vel
638 4610 809 4665 ozcidi
837 4627 851 4678 ;
884 4621 941 4667 et
970 4612 1207 4669 hominis
1248 4615 1661 4687 primogenitum
1691 4620 1928 4690 quinque
1965 4621 2110 4675 siclis

530 4701 739 4772 argenti
771 4702 968 4760 debere
986 4706 1203 4772 redimi,
1230 4714 1285 4760 et
1313 4707 1517 4777 reliqua
1541 4725 1660 4779 quae
1685 4709 1818 4765 liber
1842 4710 2114 4766 chiticns

529 4802 814 4846 enumerat
839 4794 1186 4849 sullicienter.
1220 4795 1354 4851 Cum
1380 4800 1520 4853 enim
1551 4800 1696 4854 dicat
1722 4799 1806 4855 lex
1834 4801 2111 4856 mulierem

530 4897 650 4950 quze
679 4891 927 4952 suscepto
954 4883 1160 4939 semine
1181 4887 1494 4956 peperisset,
1517 4889 1847 4945 immundam
1873 4891 2110 4956 decerni,

530 4977 585 5023 et
623 4984 720 5039 per
765 4969 920 5040 longa
955 4979 1197 5041 tempora
1244 4975 1403 5030 simul
1445 4993 1567 5032 cum
1610 4978 1760 5048 prole
1805 4995 1968 5049 quam
2018 4994 2109 5049 ge-

534 5062 764 5129 nuisset,
806 5063 1002 5120 oblatis
1030 5065 1138 5120 Deo
1174 5067 1428 5135 victimis,
1465 5071 1660 5126 debere
1683 5071 1956 5138 mundari,
1987 5088 2110 5143 pro-

531 5152 676 5208 fecto
705 5162 853 5223 patet
881 5157 1005 5226 quia
1052 5157 1195 5212 illam
1229 5173 1348 5228 quae
1393 5159 1509 5215 sine
1554 5159 1723 5214 virilis
1771 5162 2109 5230 susceptione

535 5243 755 5300 seminis
783 5246 935 5316 virgo
961 5249 1190 5318 peperit,
1214 5264 1321 5302 una
1343 5264 1463 5303 cum
1489 5247 1600 5303 ﬁlio
1621 5250 1713 5318 qui
1744 5259 1900 5304 natus
1924 5261 2008 5305 est
2033 5252 2104 5316 ei,

535 5345 711 5402 neque
741 5336 1069 5392 immundam
1098 5338 1387 5402 describat,
1416 5350 1590 5405 neque
1633 5353 1731 5406 per
1781 5339 1985 5393 hostias
2016 5341 2110 5393 do-

539 5432 658 5478 seat
692 5440 811 5480 esse
836 5427 1217 5482 mundandam.
1264 5427 1391 5493 Sed,
1440 5427 1580 5482 sicut
1611 5428 1870 5483 Dominus
1899 5444 1964 5482 ac
2009 5429 2113 5483 sal-

547 5523 693 5570 vator
721 5527 923 5582 noster,
952 5519 1044 5588 qui
1076 5519 1249 5590 legem
1277 5518 1536 5574 divinitus
1565 5518 1732 5585 dedit,
1765 5535 2032 5590 apparens
2057 5519 2112 5574 in

541 5606 780 5672 nomine,
817 5607 932 5662 ﬁeri
972 5609 1140 5664 voluit
1184 5611 1282 5664 sub
1317 5611 1454 5682 lege,
1496 5619 1554 5665 ut
1581 5625 1674 5665 eos
1714 5611 1808 5681 qui
1857 5613 1955 5667 sub
1995 5611 2114 5682 lege

543 5706 699 5754 erant
744 5700 1060 5766 redimeret,
1117 5710 1172 5756 ut
1229 5702 1569 5772 adoptionem
1631 5703 1861 5760 ﬁliorum
1907 5704 2113 5774 recipe-

2218 1901 2344 1956 illuc
2373 1907 2649 1961 venerunt,
2682 1898 2821 1953 sicut
2854 1885 3012 1951 modo
3031 1911 3099 1950 ex
3142 1894 3429 1965 evangelio
3467 1893 3799 1956 audivimus;

2217 1990 2357 2058 quod
2385 1995 2602 2045 sanctus
2628 1986 2866 2051 Simeon,
2907 2001 2938 2040 a
2982 1982 3183 2053 Spiritu
3215 1991 3404 2039 sancto
3451 1981 3506 2035 in
3551 1978 3800 2049 templum

2217 2081 2498 2145 adductus,
2533 2079 2586 2133 in
2624 2077 2778 2133 ulnas
2822 2091 2948 2132 suas
2987 2090 3214 2146 puerum
3243 2072 3543 2143 acceperit,
3569 2079 3623 2126 et
3639 2069 3800 2123 bene-

2218 2172 2414 2228 dixerit
2447 2169 2769 2234 Dominum;
2825 2175 2881 2221 et
2922 2165 3048 2235 quia
3097 2165 3253 2218 Anna
3301 2161 3557 2233 religiosa
3609 2157 3802 2214 femina

2217 2270 2380 2330 atque
2404 2260 2585 2323 vidua,
2626 2257 2815 2313 eadem
2857 2257 2992 2309 hora
3018 2252 3410 2324 superveniens
3452 2248 3804 2306 conﬁtebatur

2217 2351 2326 2406 Deo
2351 2359 2405 2405 et
2430 2349 2750 2419 loquebatur
2773 2347 2841 2402 de
2869 2361 2935 2401 eo
2985 2345 3235 2400 omnibus
3276 2343 3375 2413 qui
3421 2339 3804 2411 exspectabant

2216 2439 2638 2510 redemptionem
2664 2436 2847 2492 lsrael.
2882 2436 3175 2491 Veniamus
3195 2442 3248 2488 et
3283 2449 3385 2489 nos
3412 2432 3628 2488 obviam
3653 2428 3803 2491 Jesu,

2216 2542 2270 2589 et
2299 2533 2628 2588 exsultantes
2657 2530 3011 2600 suscipiamus
3048 2544 3171 2584 eum
3201 2527 3345 2583 ulnis
3376 2528 3639 2582 bonorum
3677 2533 3802 2590 ope-

2217 2641 2374 2680 rum:
2425 2633 2480 2680 et
2507 2624 2862 2678 contitcamnr
2903 2620 3107 2675 nomini
3135 2617 3252 2688 ejus
3299 2631 3518 2688 magno,
3551 2623 3604 2669 et
3638 2625 3802 2667 enar-

2214 2731 2396 2771 remus
2441 2712 2873 2768 misericordiam
2908 2709 3042 2780 ejus,
3099 2717 3155 2765 et
3199 2707 3464 2763 mirabilia
3521 2704 3636 2773 ejus
3679 2714 3801 2769 quae

2216 2805 2344 2862 fecit
2372 2804 2653 2859 nobiscum
2693 2801 2945 2856 omnibus
2972 2800 3062 2870 qui
3106 2805 3421 2869 exspectant
3465 2790 3792 2862 redemptio-

2215 2913 2338 2953 nem
2368 2895 2666 2952 Jerusalem
2707 2902 2763 2948 et
2787 2891 3206 2947 consolationem
3240 2887 3425 2944 Israel.
3467 2885 3638 2952 Quam
3666 2895 3802 2935 con-

2217 2989 2534 3046 solationem
2561 2984 2844 3040 Psalmista
2870 2983 2924 3036 in
2955 2981 3158 3050 Spiritu
3185 2979 3508 3050 praevidens,
3544 2974 3658 3028 ait:
3687 2967 3802 3023 ιω-

2217 3079 2441 3151 tiﬁcabis
2478 3093 2588 3140 nos,
2615 3077 2860 3138 Domine,
2885 3074 2938 3125 in
2966 3069 3162 3138 gaudio
3189 3085 3304 3122 cum
3334 3066 3479 3120 vultu
3511 3073 3622 3127 tuo,
3664 3056 3802 3113 dele-

2142 3139 2187 3202 C
2219 3139 2468 3227 ciationes
2498 3171 2552 3222 in
2600 3170 2814 3220 dextera
2862 3173 2952 3216 tua
2997 3176 3157 3230 usque
3199 3159 3256 3210 in
3281 3158 3462 3227 linem.
3503 3154 3804 3213 Oll‘eramus

2217 3262 2291 3318 illi
2322 3259 2721 3330 simplicitatem
2766 3252 2984 3317 mentis,
3030 3250 3172 3320 quod
3203 3247 3472 3319 signiﬁcat
3513 3242 3800 3303 columba;

2215 3351 2504 3408 oll‘eramus
2532 3347 2776 3418 corporis
2809 3344 3138 3408 castitatem,
3163 3341 3307 3412 quod
3337 3347 3520 3394 turtur
3559 3337 3794 3407 ﬁgurat;

2213 3445 2502 3501 offeramus
2551 3441 2625 3495 illi
2680 3455 2804 3494 cum
2861 3436 3153 3492 sobrietate
3197 3429 3628 3489 conversationis
3657 3437 3803 3480 com-

2211 3535 2556 3607 punctionem
2593 3532 2790 3596 cordis,
2824 3543 2986 3599 quam
3014 3526 3279 3596 signiﬁcat
3305 3531 3495 3577 cantus
3526 3526 3800 3607 utrarum-

2213 3605 2316 3696 que
2347 3625 2523 3678 avium
2555 3640 2569 3688 ;
2599 3622 2728 3676 dicit
2766 3619 2911 3675 enim
2961 3617 3239 3687 Scriptura
3265 3629 3280 3667 :
3330 3610 3664 3682 Sacriﬁcium
3693 3605 3801 3658 Deo

2213 3718 2424 3787 spiritus
2453 3711 2876 3768 contribulatus:
2924 3726 3012 3764 cor
3054 3709 3333 3762 contritum
3376 3713 3423 3759 et
3470 3699 3799 3757 humiliatum

2211 3808 2354 3862 Deus
2395 3822 2498 3859 non
2540 3803 2732 3873 spernit
2762 3799 2933 3873 (Psal.
2957 3800 3032 3870 ι).
3072 3798 3174 3851 Ista
3205 3803 3330 3851 sunt
3353 3795 3510 3856 dona,
3544 3791 3648 3846 ista
3675 3791 3801 3842 sunt

2213 3898 2501 3962 sacriﬁcia,
2528 3897 2724 3965 quibus
2743 3892 2988 3950 Christus
3026 3890 3324 3945 delectatur
3351 3894 3405 3940 et
3435 3883 3652 3955 gaudet.
3708 3874 3806 3929 Ve-

2212 4000 2322 4044 tera
2347 3989 2692 4050 transierunt,
2721 3999 2836 4038 ecce
2858 3981 3032 4034 omnia
3070 3980 3211 4048 facta
3246 3985 3366 4030 sunt
3411 3991 3542 4027 nova
3567 3988 3585 4034 ;
3610 3970 3800 4037 sicque

2214 4081 2314 4152 ipsi
2337 4079 2540 4134 erimus
2572 4075 2746 4130 bostia
2791 4081 2945 4143 grata
2996 4069 3127 4133 Deo,
3180 4067 3226 4122 si
3269 4063 3543 4136 praeterita
3571 4063 3800 4129 peccata

2212 4180 2398 4225 nostra
2429 4167 2638 4222 ﬂetibus
2680 4174 2734 4220 et
2762 4159 3145 4218 misericordia
3192 4156 3444 4227 operibus
3471 4152 3794 4212 abluamus;

2212 4271 2269 4316 et
2303 4260 2444 4329 quod
2471 4272 2718 4326 supernae
2763 4250 3114 4309 beatitudinis
3155 4245 3421 4302 desiderio
3465 4235 3796 4310 compuncti,

2212 4350 2348 4404 bene
2377 4347 2641 4409 viventes,
2695 4341 2934 4412 quotidie
2985 4341 3096 4394 Deo
3135 4337 3191 4391 in
3220 4335 3468 4390 oratione
3509 4333 3794 4386 dicamus:

2215 4437 2386 4494 Sitivit
2414 4436 2590 4489 anima
2620 4449 2733 4486 mea
2756 4431 2823 4484 ad
2849 4429 3017 4483 Deum
3052 4428 3242 4489 vivum,
3265 4422 3474 4495 quando
3515 4421 3719 4476 veniam
3748 4423 3797 4471 et

2213 4527 2469 4600 apparebo
2495 4533 2613 4578 ante
2638 4523 2824 4592 faciem
2872 4519 3009 4574 Dei?
3035 4517 3206 4586 (Psal.
3235 4515 3369 4584 xu.)
3402 4514 3555 4581 Quod
3584 4510 3798 4568 deside-

2213 4619 2352 4674 rium
2382 4626 2624 4671 nostrum
2649 4614 2716 4667 ad
2740 4611 2994 4681 cﬂ‘cctnm.
3011 4608 3291 4678 perducat,
3331 4605 3423 4676 qui
3452 4613 3674 4674 propter
3698 4612 3800 4655 nos

2215 4709 2525 4762 incarnatus
2549 4712 2650 4769 est,
2675 4712 2732 4758 et
2767 4702 3114 4771 semetipsum
3158 4698 3380 4753 tradidit
3421 4703 3480 4751 ut
3508 4694 3800 4750 redimeret

2215 4813 2313 4852 nos
2343 4797 2394 4850 in
2427 4795 2684 4866 sanguine
2730 4809 2850 4859 suo,
2893 4791 3143 4847 Christus
3189 4789 3426 4844 salvator
3455 4796 3655 4850 noster,
3702 4777 3795 4851 qui

2213 4890 2347 4944 vivit
2375 4897 2429 4943 et
2456 4897 2647 4959 regnat
2686 4903 2809 4942 cum
2859 4887 2968 4939 Deo
3004 4883 3162 4936 Patre
3210 4883 3264 4934 in
3306 4881 3513 4934 unitate
3560 4875 3796 4947 Spiritus

2215 4980 2409 5046 sancti,
2434 4995 2532 5049 per
2557 4979 2736 5033 omnia
2763 4973 2957 5029 smcula
2981 4971 3317 5027 saeculorum.
3353 4969 3547 5024 Amen.

2807 5084 3085 5139 HOMILIA
3117 5083 3206 5137 IX.

2582 5195 2633 5231 IN
2663 5192 2912 5232 DOMINICA
2941 5184 3418 5238 ιουΑωιΑΰΕειΜΑῑ.

2218 5272 2296 5328 De
2307 5272 2518 5342 jejunio
2549 5269 2758 5321 Domini
2778 5278 2823 5320 et
2858 5268 3068 5342 ratione
3085 5263 3552 5342 quadragesimalis
3573 5261 3792 5342 jeju‘nii,

2286 5332 2331 5394 ei
2357 5332 2588 5391 castitate
2611 5347 2764 5407 atque
2786 5332 3108 5392 continentia
3125 5353 3239 5391 cum
3269 5332 3491 5407 propriis
3523 5332 3789 5387 uxoribus.

2287 5409 2509 5482 (Evang.
2535 5407 2748 5472 Matth.,
2781 5425 2896 5478 cap.
2924 5407 3020 5480 ιγ.)

2287 5518 2470 5574 Lectio
2499 5518 2672 5573 sancti
2707 5517 2983 5590 Evangelii
3009 5534 3170 5588 quam
3212 5517 3373 5572 modo
3397 5513 3642 5577 audistis,
3692 5512 3791 5565 fra-

2217 5619 2328 5667 tres
2376 5611 2703 5676 cbarissimi,
2761 5610 2918 5679 hujus
2975 5609 3356 5663 sacratissima:
3399 5602 3791 5660 observationis

2217 5702 2421 5760 revelat
2453 5703 2774 5770 exordium;
2819 5717 2939 5756 cum
2969 5700 3234 5756 Dominici
3288 5697 3442 5756 nobis
3482 5695 3668 5768 jejunii
3697 5711 3784 5747 ex—
