4036 6370
287 347 352 418 91
663 408 668 414 .
739 413 741 415 .
1236 369 1539 428 IlOMlLIzE
1578 374 1664 428 DE
1699 374 1837 432 FES'

1934 405 1938 426 ι
1977 378 2379 449 ΡΒΑΞΟΙΡΙΠΞ,
2416 383 2570 442 ETC.
3459 349 3548 462 ἣν

224 526 250 545 ο
289 473 443 543 ponit
484 481 897 530 sacramentum.
949 475 1145 533 Narrat
1190 481 1333 535 enim
1368 491 1586 539 sanctus
1632 500 1861 557 evange—
1886 492 1934 552 Α
1963 492 2165 561 gesima
2189 506 2319 550 vero
2345 510 2452 551 non
2495 495 2762 567 jejunare,
2790 514 3070 572 peccatum
3112 518 3214 566 est.
3245 513 3366 571 Alio
3395 525 3536 575 temo

287 563 414 619 lista
441 563 720 621 Matthaeus
735 566 876 634 quod
906 567 1152 623 Salvator
1175 579 1359 626 noster
1385 581 1506 642 post
1530 573 1854 644 baptismum

286 673 443 713 suum
473 666 528 713 et
574 666 694 726 post
741 659 1143 716 descensionem
1189 661 1421 733 Spiritus
1471 667 1641 722 sancti
1696 683 1856 739 super

283 748 486 818 ipsum,
515 747 582 803 ab
607 750 798 804 eodem
832 749 1039 820 Spiritu
1083 752 1276 809 ductus
1319 756 1386 809 sit
1418 757 1471 811 in
1499 759 1766 814 desertum
1796 767 1856 816 ut

283 847 583 894 tentaretur
609 854 640 893 a
672 839 919 906 diabolo;
945 849 1000 895 et
1041 856 1160 896 cum
1181 841 1479 914 jejunasset
1501 848 1854 918 quadraginta

281 930 471 986 diebus
501 936 556 983 et
576 929 925 998 quadraginta
955 932 1223 999 noctibus,
1253 937 1667 1003 posteaesuriit,
1704 952 1855 992 eum-

278 1033 384 1087 que
413 1026 648 1073 tentator
681 1018 886 1085 adiens,
914 1022 1235 1076 tentaverit:
1264 1024 1356 1078 sed
1386 1025 1528 1080 veris
1573 1028 1854 1084 sententiis

277 1110 472 1164 divinae
492 1109 627 1181 legis
649 1110 840 1176 victus,
860 1119 914 1167 et
934 1111 1143 1168 Domini
1165 1117 1418 1172 mandato
1441 1119 1704 1188 repulsus,
1734 1121 1854 1176 abs-
1877 1141 1880 1146 '

273 1201 532 1266 cesserit,
579 1209 635 1256 et
679 1208 802 1270 post
843 1201 1139 1260 discessum
1187 1205 1404 1273 diaboli,
1454 1209 1630 1279 angeli
1678 1212 1849 1267 sancti

273 1295 621 1359 accedentes,
648 1294 993 1366 Redemptori
1035 1305 1242 1366 nostro,
1274 1308 1334 1354 ut
1380 1317 1508 1357 vero
1542 1302 1769 1359 Domino
1795 1311 1850 1360 et

272 1387 563 1452 conditori,
594 1387 1038 1444 ministraverint.
1072 1389 1237 1445 Nobis
1259 1406 1387 1462 ergo
1415 1393 1470 1447 in
1493 1394 1578 1448 his
1603 1395 1854 1450 omnibus

269 1477 601 1547 Redemptor
644 1486 845 1544 noster,
893 1477 1094 1535 fratres
1147 1481 1498 1548 dilectissimi,
1549 1482 1849 1553 exemplum

266 1567 447 1634 dedit,
484 1570 608 1639 quia
636 1569 792 1624 nobis
821 1568 1103 1640 jejunavit,
1133 1573 1287 1628 nobis
1312 1581 1498 1629 contra
1527 1583 1848 1631 tentatorem

263 1659 527 1727 conﬂixit,
550 1662 810 1732 nobisque
837 1665 1130 1732 superavit.
1167 1664 1403 1720 Victoria
1437 1667 1638 1723 Christi
1677 1667 1846 1740 gloria

263 1760 348 1806 cst
374 1759 558 1806 nostra
584 1770 597 1806 :
635 1752 818 1822 sicque
839 1768 936 1808 nos
961 1767 1058 1824 per
1095 1755 1474 1812 abstinentiam
1503 1773 1723 1814 carnem
1748 1776 1846 1816 no-

1954 592 2086 672 pore
2107 579 2198 650 qui
2214 579 2444 652 jejunat,
2480 586 2706 657 accipiet
2731 590 3116 665 indulgentiam
3143 617 3156 652 :
3205 601 3258 656 in
3288 603 3536 672 Quadra-

1955 666 2158 736 gesima
2186 682 2419 759 quoque,
2449 674 2540 743 qui
2581 685 2782 746 potest,
2816 689 2872 736 et
2919 698 3027 740 non
3067 666 3545 759 jejuuat,vsentiet~;

1952 768 2190 852 poenam.
2335 760 2463 852 ipse
2490 770 2670 821 tamen
2697 768 2792 838 qui
2831 769 3080 840 jejunare
3122 757 3229 833 non
3257 757 3524 852 praevalet-

1952 847 2214 948 secretius
2244 849 2346 906 sibi
2367 852 2486 920 soli,
2517 864 2612 911 aut
2635 859 2683 913 si
2707 869 2789 915 est
2817 861 2954 919 alius
2979 865 3228 925 infirmus
3249 847 3372 928 cum
3392 877 3509 948 ipsq
3543 909 3552 926 -.

1952 936 2053 1038 sibi
2088 939 2144 995 in
2168 941 2326 998 domo
2352 960 2451 1040 sua
2471 960 2736 1040 praeparet
2761 956 2903 1024 quod
2925 959 3192 1029 accipiat;
3221 973 3276 1019 et
3302 936 3429 1024 illos
3439 936 3510 1040 qq

1943 1025 2189 1098 jejunare
2211 1033 2524 1103 praevalent,
2555 1039 2623 1094 ad
2647 1044 2929 1110 prandium
2957 1025 3065 1102 non
3093 1025 3308 1118 invitet,
3339 1072 3408 1112 ne

1949 1129 2142 1190 augeat
2160 1124 2323 1180 etiam
2353 1127 2420 1182 de
2442 1128 2661 1186 alterius
2684 1133 2806 1203 gula
2845 1147 3147 1205 peccatum.
3191 1142 3526 1215 Castitatem,

1948 1210 2168 1280 fratres,
2214 1231 2338 1272 cum
2387 1221 2622 1290 propriis
2673 1226 2934 1284 uxoribus
2984 1239 3213 1299 tenete;
3267 1240 3530 1296 ecclesias

1947 1299 2286 1372 frequentate
2312 1323 2329 1373 ;
2375 1309 2444 1364 ad
2470 1319 2764 1370 nocturnas
2804 1316 3014 1388 vigilias
3041 1325 3308 1381 maturius
3333 1341 3529 1384 exsur-

1946 1395 2094 1464 gite;
2125 1396 2191 1451 ad
2221 1413 2376 1454 sacra
2405 1402 2695 1461 missarum
2737 1409 3022 1480 solemnia,
3061 1417 3107 1471 si
3144 1421 3398 1487 possibile
3438 1425 3526 1489 sit,

1946 1487 2188 1554 quotidie
2210 1494 2522 1562 convenite;
2548 1500 2779 1556 orationi
2805 1517 2947 1575 saepe
2963 1505 3288 1578 incumbite;
3315 1487 3528 1570 veniam

1944 1589 2290 1646 peccatorum
2315 1593 2618 1644 vestrorum
2648 1590 3018 1652 indesinenter
3047 1601 3252 1668 petite;
3299 1603 3532 1662 eleemo—

1945 1681 2199 1766 synarum
2229 1672 2476 1746 largitate
2517 1689 2864 1747 peccatorum
2891 1685 3134 1747 ﬂammas
3160 1696 3484 1766 exstinguite
3509 1717 3542 1763 ;.

1943 1771 2042 1826 per
2062 1759 2205 1848 bona
2231 1776 2396 1832 opera
2419 1770 2690 1826 conditori
2706 1782 2886 1830 vestro
2912 1781 3251 1837 reconciliari
3281 1759 3526 1853 studete;

262 1851 434 1897 stram
461 1844 872 1910 mortificantes,
917 1845 1126 1902 animas
1174 1859 1387 1904 nostras
1426 1851 1681 1907 debemus
1709 1867 1846 1922 βιω-
1872 1841 1919 1903 Β
1944 1846 2131 1917 pacem
2162 1868 2284 1910 eum
2309 1858 2559 1916 omnibus
2605 1863 2832 1932 habete;
2870 1880 3136 1937 quatenus
3165 1875 3245 1931 sic
3276 1841 3526 1934 sanctum

259 1949 460 2002 parare
493 1936 561 1990 ad
594 1936 970 2003 tentationem,
996 1945 1051 1992 et
1072 1953 1168 2007 per
1189 1940 1487 1996 orationem
1516 1951 1571 1997 et
1595 1942 1694 1998 Dei
1722 1959 1843 1999 ver-

257 2019 385 2076 bum
415 2025 696 2080 victoriam
726 2026 1019 2096 capientes,
1053 2037 1310 2084 mternam
1350 2046 1472 2085 cum
1514 2034 1716 2088 sanctis
1741 2038 1840 2089 an;

256 2105 391 2181 gelis
417 2114 469 2167 in
486 2114 632 2170 ‘cmlo
656 2131 878 2188 sperare
905 2117 1311 2174 beatitudinem.
1349 2119 1453 2176 Sed
1487 2122 1614 2192 quia
1654 2123 1844 2180 diebus
1872 2152 1874 2154 τ

258 2203 343 2259 his
365 2203 525 2260 lectio
548 2206 836 2276 congruit:
875 2222 998 2261 nam
1040 2209 1398 2280 quadraginta
1423 2211 1632 2266 dierum
1674 2214 1842 2269 absti-

262 2297 494 2351 nentiam
530 2298 700 2352 nostri
733 2297 1106 2369 Redemptoris
1134 2300 1454 2367 audivimus,
1482 2305 1573 2372 qui
1601 2306 1838 2375 quadra-

257 2387 470 2457 gesimae
495 2396 707 2457 tempus
748 2390 1094 2455 inchoamus,
1138 2390 1532 2466 discutiendum
1576 2397 1730 2451 nobis
1758 2405 1841 2452 est

254 2490 353 2529 cur
395 2475 512 2531 haec
554 2476 668 2547 ipsa
716 2479 1042 2534 abstinentia
1081 2496 1180 2550 per
1225 2481 1576 2554 quadraginta
1629 2486 1839 2542 dierum

250 2574 538 2618 numerum
566 2567 887 2621 custoditur.
933 2567 1143 2640 Moyses
1179 2572 1343 2638 enim,
1381 2579 1440 2626 ut
1479 2573 1652 2645 legem
1689 2577 1839 2631 acci-

247 2663 405 2721 peret
429 2657 688 2722 secundo,
729 2657 920 2713 diebus
947 2661 1301 2731 quadraginta
1338 2661 1600 2732 jejunavit
1638 2665 1836 2736 (Exod.

248 2743 401 2815 sxw)
432 2761 447 2809 ;
476 2745 620 2802 Elias
641 2748 695 2802 in
724 2747 941 2805 deserto
969 2752 1324 2824 quadraginta
1362 2755 1552 2811 diebus
1579 2758 1841 2814 abstinuit

252 2833 378 2902 (III
409 2835 536 2906 Reg.
570 2837 712 2908 xix).
745 2838 864 2908 Ipse
913 2850 1101 2895 auctor
1147 2843 1426 2898 hominum
1477 2848 1542 2901 ad
1590 2848 1846 2903 homines

251 2924 484 2979 veniens
508 2925 562 2978 in
597 2928 943 2998 quadraginta
969 2930 1158 2986 diebus
1181 2932 1385 2987 nullum
1415 2935 1634 2990 omnino
1657 2937 1838 2992 cibum

248 3017 505 3085 sumpsit,
548 3033 644 3073 nos
667 3034 899 3090 quoque,
926 3023 981 3076 in
1005 3032 1264 3092 quantum
1312 3040 1614 3094 possumus,
1656 3043 1838 3084 annuo

250 3113 502 3175 tempore
526 3106 956 3180 Quadragcsimte
996 3127 1215 3167 carnem
1262 3125 1506 3171 nostram
1546 3133 1643 3187 per
1669 3118 1838 3173 absti-

244 3197 488 3250 nentiam
519 3197 751 3269 atlligcre
781 3216 1058 3258 conamur.
1107 3203 1216 3260 Cur
1251 3221 1379 3277 ergo
1425 3209 1478 3263 in
1509 3209 1836 3266 abstinentia

243 3289 731 3359 qtiadragenarium
786 3309 1068 3369 numerum
1119 3297 1490 3364 custodimus,
1549 3301 1651 3356 nisi
1705 3302 1837 3372 quia

248 3387 438 3435 ebntra
486 3394 753 3454 prtecepta
781 3386 1015 3454 Domini,
1044 3389 1156 3443 sive
1194 3405 1292 3459 per
1322 3391 1564 3460 corporis
1587 3392 1834 3463 volupta-

247 3467 371 3537 tem,
399 3490 493 3529 seu
525 3491 622 3544 per
650 3477 873 3533 atl’ectus
901 3481 1072 3535 animi»
1099 3479 1373 3537 fecimus?
1411 3483 1468 3537 ln
1495 3485 1597 3539 hoc
1631 3487 1832 3557 quippe

251 3565 461 3618 mortali
497 3581 726 3637 corpore
751 3583 818 3622 ex
843 3580 1072 3638 quatuor
1110 3571 1412 3639 elementis,
1453 3573 1508 3628 id
1549 3582 1634 3629 est
1663 3583 1828 3642 terra,

249 3669 404 3724 aqua,
437 3655 560 3726 igne
583 3667 638 3711 ct
685 3673 832 3724 aere,
862 3659 1206 3716 subsistimus
1232 3678 1246 3727 ;
1272 3671 1328 3717 et
1369 3671 1600 3732 quatuor
1626 3663 1858 3720 aﬂ'ecti-‘

243 3743 346 3799 bus
375 3738 584 3812 animi,
604 3746 656 3800 id
680 3755 766 3802 est
807 3757 980 3815 metu,
1003 3750 1322 3820 cupiditate,
1356 3745 1578 3808 tristitia
1603 3761 1657 3809 et
1699 3769 1833 3824 gau-

243 3839 332 3896 dio
356 3840 639 3895 aﬂicimur.
669 3842 948 3913 Praecepta
987 3854 1168 3900 autem
1216 3846 1495 3902 Dominica
1524 3862 1623 3918 per
1663 3848 1828 3904 deca-

241 3931 424 4003 l’ogum
453 3941 577 3987 sunt
604 3945 860 4005 accepta:
899 3936 990 4005 qui
1033 3953 1163 4008 ergo
1187 3953 1286 4009 per
1336 3939 1517 3995 carnis
1560 3939 1839 3996 desideria-

244 4035 405 4095 atqne
423 4026 650 4084 allectus
663 4030 830 4084 animi
850 4031 1086 4102 decalogi
1109 4033 1358 4088 mandata
1373 4035 1838 4104 contempsimus,

242 4113 465 4186 dignum
497 4127 579 4172 est
609 4126 670 4172 ut
699 4119 942 4174 eamdem
969 4136 1186 4175 carnem
1212 4137 1310 4192 per
1345 4121 1610 4193 jejunium
1635 4131 1689 4178 et
1712 4138 1830 4193 pcn-

246 4207 490 4264 nitentizc
531 4209 734 4264 luctum
764 4221 957 4280 quater
1004 4213 1185 4269 decies
1215 4214 1531 4284 aﬂligamus.
1571 4215 1830 4283 Quamvis

243 4299 307 4356 de
335 4301 441 4356 hoc
471 4299 904 4373 Quadragesimae
936 4312 1175 4374 tempore
1205 4305 1276 4358 sit
1299 4305 1445 4360 aliud
1488 4305 1664 4361 adhuc
1684 4306 1827 4377 quod

239 4393 411 4459 possit
452 4392 675 4464 intelligi
704 4411 716 4447 :
745 4409 774 4447 a
797 4395 1048 4464 praesenti
1089 4397 1288 4451 etenim
1320 4397 1404 4452 die
1432 4413 1602 4467 usque
1629 4397 1695 4452 ad
1736 4413 1830 4470 pa-

238 4484 438 4538 schalis
467 4486 827 4542 solemnitatis
852 4489 1042 4557 gaudia
1075 4504 1170 4543 sex
1201 4489 1550 4545 hebdomadzc
1577 4491 1816 4557 veniunt,

238 4590 470 4645 quarum
497 4577 748 4633 videlicet
775 4579 890 4634 dies
933 4581 1287 4652 quadraginta
1325 4589 1382 4636 et
1421 4583 1526 4637 duo
1576 4581 1730 4648 fiunt,
1757 4598 1824 4637 ex

235 4669 433 4738 quibus
458 4669 587 4724 dum
626 4685 722 4724 sex
746 4670 1008 4728 Dominici
1036 4674 1372 4729 abstinentiae
1413 4674 1823 4742 subtrahuntur,

235 4775 344 4815 non
368 4759 621 4831 plusjam
648 4760 701 4815 in
728 4761 1048 4816 abstinentia
1073 4779 1234 4832 quam
1262 4764 1482 4832 triginta
1507 4773 1562 4820 et
1588 4780 1682 4819 sex
1711 4765 1826 4822 dies

233 4859 538 4904 remanent.
569 4849 702 4903 Dum
733 4866 862 4906 vero
908 4866 1005 4920 per
1052 4859 1321 4908 trecentos
1363 4862 1416 4908 et
1463 4855 1742 4924 sexaginta
1771 4863 1828 4911 et

233 4940 476 5010 quinque
509 4940 626 4996 dies
650 4956 822 4996 annus
861 4943 1089 5008 ducitur,
1120 4959 1220 4998 nos
1260 4951 1439 4998 autem
1481 4960 1579 5015 per
1605 4946 1823 5017 triginta

231 5039 288 5099 et
308 5046 408 5086 sex
436 5031 556 5086 dies
580 5030 882 5102 afﬂigimur,
908 5034 1064 5104 quasi
1088 5035 1213 5090 anni
1243 5035 1412 5091 nostri
1447 5036 1680 5094 decimas
1706 5039 1818 5096 Deo

234 5123 426 5177 damus
452 5138 550 5193 per
594 5126 1024 5194 temperantiam,
1062 5126 1346 5197 justitiam,
1385 5129 1724 5198 prudentiam
1765 5138 1820 5186 et

234 5211 627 5269 fortitudinem.
668 5213 736 5268 Et
775 5215 866 5283 qui
904 5215 1299 5287 nobismetipsis
1324 5219 1376 5272 in
1402 5219 1683 5276 desideriis
1721 5237 1820 5292 per

234 5315 408 5362 totum
439 5321 644 5362 annum
669 5307 923 5371 viximus,
946 5307 1149 5361 auctori
1174 5319 1357 5362 nostro
1381 5308 1433 5362 in
1454 5307 1570 5376 ejus
1596 5310 1819 5368 decimis

233 5411 327 5466 per
343 5396 727 5453 abStinentiam
749 5412 965 5452 carnem
991 5406 1230 5452 nostram
1254 5397 1660 5454 mortiﬁcemus.
1687 5399 1816 5453 Nul-

233 5487 420 5559 lusque
451 5489 508 5543 in
536 5488 637 5543 isto
663 5489 1028 5543 sacratissimo
1053 5496 1313 5559 tempore,
1357 5489 1596 5561 exceptis
1635 5489 1821 5545 Domi-

1941 1938 2148 1997 Pascha
2182 1955 2557 2018 expectantes,
2605 1957 2832 2025 gratiam
2871 1959 2924 2013 in
2953 1975 3240 2032 conspectu
3290 1967 3522 2025 Redem-

1939 2032 2109 2100 ptoris
2141 2038 2309 2092 nostri
2361 2039 2604 2097 invenire
2651 2046 2894 2114 valeatis,
2945 2051 3036 2120 qui
3088 2069 3212 2109 cum
3263 2057 3422 2115 Patre
3471 2071 3527 2116 et

1942 2121 2146 2193 Spiritu
2173 2123 2362 2185 sancto
2389 2132 2523 2188 vivit
2564 2144 2618 2191 et
2643 2147 2834 2209 regnat
2873 2140 3032 2207 Deus,
3074 2160 3170 2214 per
3214 2149 3392 2203 omnia
3424 2166 3538 2205 sar-r

1941 2214 2058 2270 cuia
2080 2219 2417 2276 saeculorum.
2446 2222 2636 2280 Amen.

2524 2333 2801 2392 HOMILIA
2843 2339 2911 2394 Χ.

2274 2436 2330 2475 ΙΝ
2369 2437 2624 2479 DOMINICA
2663 2443 2702 2480 ll
2741 2443 3182 2490 ρυΑυιιΑοΕδιΜτε.

1938 2502 2017 2558 De
2035 2507 2333 2597 pauitantia
2369 2527 2444 2597 ea:
2480 2514 2648 2597 cordi
2677 2517 2922 2597 facienda
2971 2531 3020 2597 et
3073 2523 3530 2597 eleemosynarum'

2291 2578 2548 2650 largitate.
2577 2578 2801 2657 (Evang.
2830 2587 3020 2646 Matth.
3045 2593 3160 2665 xv.)

2008 2665 2442 2738 Quadragesimae
2472 2681 2683 2744 tempus
2704 2679 2862 2735 modo
2892 2682 3137 2750 colimus,
3160 2685 3302 2740 sicut
3326 2687 3538 2756 nostis,

1938 2757 2135 2814 fratres
2159 2759 2486 2830 cbarissimi,
2510 2767 2651 2835 quod
2673 2770 2742 2824 ab
2766 2769 2935 2840 ipsius
2963 2773 3172 2829 Domini
3203 2777 3520 2848 magisterio

1937 2848 2270 2918 ordinatum,
2318 2862 2374 2909 et
2419 2857 2488 2912 ab
2535 2860 2790 2928 apostolis
2831 2871 2991 2933 atque
3034 2869 3343 2936 apostolicis
3386 2870 3547 2924 viris.

1939 2944 2392 3011 connuendatum,
2417 2949 2682 3006 catholica
2711 2968 2810 3022 per
2833 2962 3004 3010 totum
3026 2958 3211 3012 orbem
3244 2965 3512 3014 terrarum

1938 3042 2230 3089 veneratur
2256 3036 2515 3093 Ecclesia.
2542 3039 2694 3107 Quod
2730 3043 2868 3098 bene
2905 3054 2960 3099 et
2999 3055 3122 3116 apte
3153 3045 3307 3114 juxta
3347 3048 3513 3103 conﬁ-

1940 3122 2089 3178 nium
2112 3123 2402 3181 Dominicae
2431 3131 2698 3198 passionis
2725 3133 3003 3188 observari
3052 3150 3083 3188 a
3135 3135 3384 3206 patribus
3424 3137 3520 3190 de-

1863 3190 1909 3254 C
1938 3221 2150 3268 cretum
2191 3222 2294 3281 est,
2324 3226 2406 3282 ut,
2431 3190 2725 3274 secundum
2779 3221 3094 3292 Apostolum
3117 3190 3153 3290 ,⁵
3176 3225 3518 3294 passionibus

1936 3302 2136 3359 Christi
2164 3307 2648 3374 communicantes,
2675 3308 2792 3378 ejus
2816 3326 3124 3367 mereamur
3163 3314 3518 3370 resurrectio-

1932 3393 2024 3470 nis
2045 3393 2160 3451 ﬁeri
2190 3406 2491 3453 consortes.
2520 3397 2674 3466 Quod
2711 3408 2840 3456 tunc
2866 3399 3028 3471 digne
3064 3403 3140 3456 tit-
3165 3402 3235 3466 si,
3260 3417 3326 3456 ex
3352 3402 3522 3457 corde

1931 3486 2287 3557 pmnitentes,
2338 3498 2563 3546 cunctas
2612 3491 2739 3546 vitae
2788 3492 3076 3562 praeteritae
3128 3493 3368 3548 maculas
3429 3493 3520 3549 his

1931 3586 2140 3634 sanctis
2164 3579 2353 3636 diebus
2391 3595 2490 3651 per
2507 3580 2772 3652 jejunium
2796 3590 2852 3637 et
2878 3583 3219 3653 quotidianas
3240 3597 3433 3654 preces
3457 3590 3533 3637 ct.

1929 3668 2197 3741 lacrymas
2235 3671 2549 3726 Studeamus
2577 3671 2828 3740 abluere,
2853 3673 2994 3728 sicut
3021 3682 3076 3729 et
3103 3689 3202 3729 nos
3230 3674 3387 3732 docet
3407 3674 3515 3729 Do-

1927 3759 2109 3814 minus
2137 3775 2235 3829 per
2261 3760 2578 3831 prophetam
2627 3761 2852 3818 dicens:
2882 3761 3259 3818 Convertimini
3301 3764 3369 3818 ad
3406 3779 3510 3828 me,

1928 3850 2120 3921 inquit,
2147 3851 2201 3905 in
2225 3860 2332 3906 toto
2356 3851 2511 3906 corde
2536 3862 2724 3918 vestro,
2747 3853 2812 3907 in-
2816 3853 3028 3924 jejunio
3049 3862 3096 3908 et
3119 3855 3266 3924 fletu,
3289 3863 3337 3909 et
3357 3853 3521 3924 plun-

1927 3949 2012 3995 ctu
2042 3952 2060 3992 :
2095 3948 2142 3994 et
2165 3940 2386 3996 scindite
2411 3940 2571 3994 corda
2595 3951 2762 3996 vestra
2788 3951 2836 3996 et
2865 3958 2970 3996 non
2993 3943 3292 3998 uestimenta
3317 3952 3533 4007 vestrm».

1927 4038 1976 4086 et
1999 4031 2356 4086 convertimini
2389 4033 2460 4086 ad
2491 4032 2772 4088 Dominum
2806 4033 2974 4088 Deum
2997 4043 3244 4101 vestrum,
3275 4037 3406 4106 quia
3422 4037 3511 4091 be-

1928 4121 2116 4191 nignus
2155 4130 2204 4176 et
2247 4121 2540 4177 misericors
2571 4131 2666 4188 est,
2697 4124 2898 4192 patiens
2926 4134 2975 4179 et
3009 4125 3189 4180 multa:
3222 4127 3512 4181 misericor-

1927 4211 2052 4277 dim,
2066 4221 2114 4266 et
2141 4211 2454 4282 prwstabilis
2485 4230 2641 4283 super
2662 4214 2920 4269 malitiam
2947 4215 3105 4285 (Joel.
3129 4216 3212 4287 ιι).
3239 4217 3308 4272 Ει
3329 4218 3458 4272 item
3491 4237 3506 4272 :

1929 4301 2092 4369 Nolo,
2114 4303 2308 4374 inquit,
2330 4312 2548 4360 mortem
2572 4307 2877 4375 peccatoris,
2899 4307 2990 4361 sed
3019 4316 3076 4362 ut
3097 4318 3429 4364 convertatur
3457 4319 3529 4362 et,

1925 4394 2064 4449 vivat
2083 4394 2300 4465 (Ezech.
2325 4394 2543 4467 xxxm).
2573 4394 2681 4452 Sed
2702 4395 2841 4451 forte
2875 4394 3072 4466 aliquis
3102 4397 3159 4452 in
3207 4398 3370 4454 corde
3409 4413 3515 4454 suo-

1927 4482 2003 4538 ita
2035 4483 2202 4540 dicit:
2233 4485 2437 4542 Vellem
2489 4485 2705 4556 quidem
2750 4484 3024 4557 jejunare,
3068 4489 3166 4544 sed
3224 4505 3334 4544 non
3382 4505 3510 4562 pos—

1927 4588 2081 4640 sum;
2134 4575 2325 4631 vellem
2366 4591 2398 4631 a
2440 4591 2606 4632 carne
2652 4579 2728 4647 et}
2758 4577 2887 4632 vino
2935 4577 3238 4645 abstinere,
3263 4580 3358 4636 sed
3399 4596 3500 4638 non

1925 4666 2192 4735 permittit
2219 4681 2306 4722 me
2332 4665 2639 4722 inﬁrmitas.
2667 4666 2803 4722 Nam
2836 4675 2891 4721 et
2940 4665 2996 4720 in
3048 4667 3154 4722 hoc
3206 4669 3275 4724 do
3330 4671 3508 4724 consi-

1927 4755 2056 4811 lium
2090 4774 2103 4811 :
2136 4756 2288 4828 Ergo,
2336 4758 2382 4813 si
2438 4772 2546 4813 non
2579 4766 2733 4826 potes
2773 4755 3054 4827 jejunare,
3105 4758 3503 4829 eleemosynam

1927 4845 2134 4912 tribue;
2181 4855 2238 4902 et
2274 4856 2475 4918 quanto
2510 4847 2776 4902 inﬁrmior
2799 4861 2860 4902 es
2881 4847 2936 4902 in
2960 4863 3090 4912 uno,
3112 4856 3264 4902 tanto
3303 4848 3508 4920 largior

1925 4935 2001 4993 sis
2031 4937 2086 4992 in
2109 4938 2296 4993 altero.
2318 4938 2524 4994 Bonum
2552 4945 2638 4992 est
2657 4935 3168 5008 jejunare,.fratres,
3194 4937 3288 4991 sed
3309 4937 3502 4996 melius

1923 5038 2008 5087 est
2031 5030 2424 5104 eleemosynam
2464 5033 2614 5088 dare.
2659 5032 2716 5087 Si
2756 5031 2952 5102 aliquis
2977 5038 3509 5102 utrumque-potest,

1924 5123 2183 5193 optimum
2209 5132 2330 5189 est;
2363 5123 2410 5178 si
2436 5138 2566 5179 vero
2588 5138 2694 5176 non
2724 5129 2923 5192 potest,
2941 5118 3503 5177 meliusest'eleemo-

1923 5227 2115 5284 synam
2141 5214 2290 5280 dare,
2317 5215 2444 5284 quia
2471 5213 2591 5268 tale
2613 5221 2698 5269 est
2719 5212 2985 5284 jejunium
3011 5210 3127 5265 sine
3153 5211 3508 5282 eleemosyna.

1924 5303 2102 5374 qualis
2127 5305 2243 5359 sine
2271 5304 2392 5359 oleo
2423 5313 2508 5359 est
2533 5303 2780 5359 lucerna.
2807 5301 2941 5355 Nam
2967 5300 3106 5356 sicut
3134 5301 3356 5357 lucerna
3378 5317 3499 5372 qum

1920 5395 2040 5448 sine
2065 5395 2186 5450 oleo
2225 5397 2565 5460 accenditur,
2597 5394 2807 5450 fumare
2843 5402 3045 5463 potest,
3063 5395 3250 5451 lucem
3296 5396 3499 5451 habere

1919 5498 2026 5538 non
2070 5492 2266 5552 potest,
2303 5485 2377 5538 ita
2417 5483 2678 5552 jejunium
2720 5483 2848 5538 sine
2885 5483 3221 5555 eleemosyna
3275 5499 3498 5541 carnem

234 5579 366 5633 nicis
394 5579 606 5643 diebus,
635 5578 901 5648 prandere
924 5587 1231 5650 praesumat,
1259 5579 1362 5634 nisi
1388 5579 1524 5634 forte
1546 5579 1632 5634 ille
1653 5593 1812 5649 quem
1915 5575 2132 5644 quidem
2172 5579 2392 5642 cruciat,
2424 5581 2519 5634 sed
2541 5578 2827 5634 charitatis
2867 5578 3069 5634 lumine
3106 5581 3343 5636 animam
3385 5594 3498 5659 non

233 5666 525 5722 infirmitas
549 5668 792 5737 jejunare
821 5684 928 5723 non
975 5669 1237 5738 permittit
1262 5687 1274 5722 :
1307 5671 1434 5739 quia
1465 5669 1584 5724 aliis
1623 5670 1811 5724 diebus
1913 5664 2179 5730 illustrat;
2221 5669 2364 5722 unde
2386 5669 2647 5738 scriptum
2675 5675 2759 5722 est
2790 5685 2802 5721 ε
2840 5667 2976 5722 Date
3002 5667 3378 5740 elemosynam
3401 5710 3415 5734 ,
3437 5676 3494 5750 ει

225 5755 471 5826 jejunarc
498 5766 594 5812 aut
619 5758 918 5815 remedium
943 5766 1025 5815 est
1045 5767 1137 5815 aut
1157 5761 1458 5830 praemium,
1487 5759 1540 5814 in
1569 5760 1806 5827 Quadra-

1911 5774 2025 5812 ecce
2045 5759 2220 5814 omnia
2245 5759 2441 5815 munda
2463 5769 2583 5815 sunt
2615 5760 2755 5815 vobis
2783 5760 2934 5832 (Luc.
2960 5759 3057 5832 x1).
3088 5761 3194 5818 Sed
3217 5762 3352 5816 forte
3373 5762 3488 5842 huic
