4036 6370
501 359 573 418 19
1160 355 1223 410 Β.
1262 352 1516 410 RABANI
1549 349 1768 408 MAUBI
1801 346 2117 405 ARCHIEP.
2150 344 2463 403 MOGUNT.
2499 343 2783 401 OPERUM
2816 340 2997 399 PARS
3033 338 3096 393 ll.
3685 336 3759 395 20

502 474 662 530 thure
706 469 1017 527 obtulerunt
1058 467 1293 525 Christo.
1318 468 1414 522 Dei
1461 468 1771 528 honorem;
1815 464 1869 518 in
1918 477 2070 527 auro.
2098 464 2152 524 Α
2177 476 2396 526 remus;
2440 459 2513 513 ita
2540 459 2705 514 etiam
2754 458 2911 512 beata
2948 454 3181 525 genitrix
3224 451 3389 517 illius,
3433 466 3534 521 pro
3579 460 3762 507 osten-
3806 487 3842 511 .

500 563 708 634 regiam
734 562 1045 630 dignitatem
1069 577 1084 625 ;
1113 560 1166 614 in
1193 558 1430 629 myrrha,
1458 556 1699 627 corporis
1724 554 2071 624 sepulturam.

501 652 806 709 Offeramus
832 665 962 721 ergo
990 657 1044 704 et
1076 662 1198 713 nos,
1236 646 1571 702 dilectissimi
1608 644 1824 710 fratres,
1867 644 2075 698 sincera

502 749 558 796 et
578 746 763 795 sancta
786 752 1012 794 munera
1039 738 1151 792 Deo
1176 745 1381 802 nostro,
1413 735 1468 791 id
1496 743 1603 800 est,
1634 735 1814 797 ﬁdem,
1847 747 1996 801 spem
2022 740 2077 785 et

502 834 843 890 cbaritatem.
873 831 1173 888 Oﬁ‘eramus
1195 845 1384 884 aurum
1415 828 1711 899 sapientiae,
1732 828 1856 883 thus
1871 825 2078 882 devotae

501 923 779 989 orationis,
812 922 1088 994 myrrham
1135 921 1192 977 in
1238 919 1649 975 mortiﬁcatione
1695 918 1894 975 carnis.
1937 915 2080 972 Olfe-

500 1024 687 1069 ramus
734 1012 1070 1068 devotionem
1120 1011 1328 1076 carnis,
1386 1010 1721 1065 honestatem
1773 1007 2079 1073 locutionis,

497 1107 819 1179 probitatem
847 1107 1043 1179 operis.
1076 1106 1376 1163 Oﬁ‘eramus
1409 1106 1696 1175 puritatem
1745 1105 1960 1170 mentis,
1992 1119 2082 1159 ca-

500 1197 742 1253 stitatem
796 1196 1040 1266 corporis
1085 1204 1141 1251 et
1194 1195 1492 1251 custodiam
1543 1193 1881 1249 humilitatis.
1936 1191 2079 1248 Oﬁ‘e—

499 1301 686 1341 ramus
710 1286 1170 1356 compatientiam,
1205 1284 1667 1357 longanimitatem
1706 1290 1763 1339 et
1802 1283 2084 1339 continen-

500 1378 655 1432 tiam.
684 1376 988 1434 Oﬁ’eramus
1031 1375 1438 1447 benignitatem,
1469 1374 1815 1431 sobrietatem
1843 1382 1898 1429 et
1924 1374 2086 1429 mise-

499 1467 812 1523 ricordiam.
862 1466 989 1523 Haec
1029 1474 1154 1523 sunt
1195 1466 1338 1522 enim
1381 1465 1580 1537 placita
1626 1467 1738 1523 Deo
1780 1465 1944 1533 dona,
1969 1466 2087 1520 haec

500 1563 653 1626 grata
680 1570 924 1621 munera,
954 1571 1074 1626 quae
1108 1554 1182 1610 illi
1220 1555 1437 1625 quidem
1466 1553 1782 1621 oﬁ'eruntur,
1828 1554 1923 1611 sed
1952 1553 2084 1610 olfe-

499 1647 747 1703 rentibus
772 1655 1039 1718 prosunt:
1084 1645 1228 1701 nulla
1275 1647 1418 1701 enim
1450 1661 1510 1700 re
1538 1644 1643 1709 ille,
1694 1644 1841 1701 nullo
1864 1658 2088 1700 munere

499 1745 658 1808 eget';
688 1740 782 1793 sed
811 1738 914 1793 hoc
940 1737 1017 1794 illi
1044 1752 1238 1793 munus
1263 1736 1525 1807 optimum
1553 1743 1638 1793 est
1665 1744 1726 1791 ut
1761 1750 1955 1791 causas
1982 1736 2085 1790 ha-

2175 551 2351 607 dendo
2378 548 2701 604 humilitatis
2725 547 2995 616 exemplo,
3014 544 3277 613 legalibus
3298 542 3457 597 subdi
3478 558 3583 597 non
3614 543 3733 598 retu

2175 641 2254 711 git
2285 639 2567 695 institutis.
2612 638 2679 692 Et
2710 648 2765 691 ut
2802 637 3010 703 darent,
3054 635 3252 705 inquit,
3277 633 3519 696 hostium,
3571 649 3762 688 secun-

2176 731 2304 785 dum
2325 731 2463 802 quod
2492 730 2688 784 dictum
2717 738 2790 782 est
2835 727 2891 781 in
2922 726 3030 797 lege
3075 725 3305 791 Domini,
3346 740 3445 794 par
3465 732 3763 786 turturum,

2177 833 2269 878 aut
2298 823 2429 877 duo;
2462 820 2632 892 pullos
2665 818 3042 874 columbarum.
3086 815 3269 871 Hostia
3318 815 3434 870 hate
3459 828 3761 883 pauperum

2177 922 2310 980 erat,
2339 913 2697 985 praecepitque
2749 910 3008 967 Dominus
3056 910 3111 964 in
3140 908 3256 980 lege
3297 913 3357 961 ut
3394 907 3484 976 qui
3514 912 3765 976 possent,

2180 1021 2377 1077 agnum
2416 1020 2514 1075 pro
2544 1003 2652 1057 ﬁlio
2679 1001 2765 1057 vel
2812 1000 2943 1067 ﬁlia,
2971 998 3129 1055 simul
3158 1007 3213 1053 et
3238 1005 3500 1053 turturem
3531 997 3646 1051 sive
3670 1010 3769 1052 co-

2181 1094 2417 1150 lumbam
2453 1092 2740 1148 oﬁ‘errent:
2766 1090 2859 1162 qui
2906 1105 3034 1146 vero
3058 1090 3162 1145 hoc
3198 1103 3307 1143 non
3349 1094 3594 1158 possent,
3627 1085 3772 1142 duos

2176 1185 2289 1256 jam
2319 1194 2555 1241 turtures
2575 1183 2661 1239 vel
2684 1184 2818 1239 duos
2858 1181 3030 1252 pullos
3059 1180 3319 1236 columba:
3346 1177 3622 1233 oﬁ‘errent.
3650 1175 3767 1231 Re-

2184 1275 2433 1346 demptor
2479 1274 2664 1344 itaque
2714 1280 2918 1335 noster,
2957 1284 3057 1341 per
3099 1270 3281 1324 omnia
3326 1275 3528 1323 nostra:
3577 1265 3771 1321 salutis

2182 1380 2413 1432 memor,
2435 1380 2542 1419 non
2567 1362 2738 1419 solum
2765 1363 2929 1417 homo
2970 1359 3107 1426 ﬁeri,
3135 1373 3256 1413 cum
3287 1358 3428 1412 Deus
3458 1363 3637 1421 esset;
3670 1354 3772 1410 sed

2185 1453 2371 1519 etiam,
2401 1466 2521 1507 cum
2540 1451 2690 1506 dives
2715 1456 2877 1515 esset,
2904 1462 3109 1518 pauper
3130 1445 3246 1500 ﬁeri
3271 1444 3441 1500 voluit
3464 1458 3563 1513 pro
3586 1442 3773 1507 nobis,

2185 1555 2247 1604 ut
2271 1561 2370 1602 nos
2393 1551 2710 1617 paupertate
2742 1557 2841 1597 sua
2883 1539 3076 1595 divites
3105 1536 3325 1600 faceret,
3350 1542 3405 1589 et
3432 1530 3778 1587 humanitate

2188 1653 2282 1694 sua
2311 1636 2423 1691 Deo
2466 1634 2605 1690 ﬁlios
2654 1634 2952 1703 adoptaret.
3002 1626 3109 1683 Sed
3137 1625 3265 1696 quia
3291 1622 3453 1679 hodie
3503 1620 3779 1675 adventus

2190 1727 2486 1786 Salvatoris
2511 1740 2632 1782 cum
2671 1721 2928 1794 genitriee
2961 1735 3058 1775 sua
3099 1717 3168 1772 ad
3199 1714 3457 1784 templum
3504 1711 3775 1768 solemnia

497 1800 627 1884 beat
644 1800 1058 1883 remunerandi.
1091 1826 1235 1882 Nihil
1260 1800 1472 1882 a-nobis
1492 1824 1721 1896 amplius
1740 1824 1923 1895 exigit,
1951 1822 2086 1879 nihil
2111 1807 2159 1868 Β
2185 1820 2437 1884 colimus,
2466 1816 2742 1872 imitemur
2768 1827 2867 1868 nos
2885 1822 3157 1896 personas
3185 1805 3305 1860 illas
3320 1818 3443 1896 qua:
3463 1803 3676 1896 obviam
3717 1800 3779 1856 ei

502 1918 730 1990 amplius
749 1918 907 1989 petit,
931 1918 1035 1974 nisi
1063 1917 1289 1973 salutem
1308 1925 1548 1973 nostram
1574 1934 1589 1970 :
1612 1915 1793 1971 omnia
1821 1914 1963 1971 enim
1984 1913 2086 1969 sibi

500 2024 535 2064 a
564 2009 719 2065 nobis
746 2008 992 2080 praestari
1019 2015 1191 2079 putat,
1223 2007 1271 2063 si
1318 2006 1394 2061 ita
1421 2021 1521 2061 nos
1546 2006 1814 2077 egerimus
1845 2011 1907 2058 ut
1933 2003 2089 2058 nobis

500 2098 572 2155 ab
596 2098 687 2154 illo
713 2105 905 2154 cuneta
928 2104 1271 2168 praestentur.
1303 2096 1411 2154 Sed
1439 2094 1617 2151 abillo
1640 2094 1800 2164 hujus
1830 2094 1907 2149 rei
1933 2093 2091 2149 nobis

498 2193 729 2260 petenda
753 2196 837 2246 est
879 2186 1136 2256 efficacia,
1165 2195 1227 2242 ut
1263 2185 1632 2242 misericordia
1670 2182 1788 2254 ejus
1831 2198 1930 2239 nos
1954 2198 2092 2253 pra:—

500 2285 706 2352 veniat,
752 2293 809 2341 et
854 2283 1226 2340 misericordia
1263 2282 1381 2353 ejus
1423 2282 1783 2352 subsequatur
1828 2296 1930 2337 nos
1975 2296 2093 2337 um-

500 2376 661 2432 nibus
711 2376 903 2432 diebus
944 2376 1069 2431 vitae
1096 2384 1316 2443 nostrae,
1347 2383 1408 2430 ut
1441 2375 1807 2431 inhabitemus
1847 2375 1901 2430 iu
1931 2375 2090 2430 domo

499 2466 716 2522 Domini
766 2467 822 2522 in
870 2466 1260 2536 longitudinem
1310 2466 1561 2522 dierum:
1609 2464 1753 2535 quod
1807 2465 1921 2537 ipse
1955 2480 2093 2537 prte-

502 2562 652 2611 stare
678 2555 929 2626 dignetur
956 2556 1049 2627 qui
1096 2556 1229 2611 vivit
1271 2563 1328 2611 et
1370 2563 1558 2627 regnat
1587 2556 1645 2611 in
1689 2554 1883 2612 saecula
1924 2570 2094 2612 sarcu-

500 2643 699 2701 lorum.
727 2644 921 2701 Amen.

1082 2735 1359 2794 HOMlLlA
1390 2736 1523 2794 VIII.

573 2840 633 2884 ll
658 2842 958 2885 ΕἹΡΔΡΔΝἸΊ
987 2844 1104 2885 εινε
1134 2843 1431 2885 οιιιΑνιιοΝΕ
1472 2843 1659 2885 DOIINI
1701 2844 1755 2884 IN
1785 2842 2019 2885 TEIPLO.

579 2916 838 2975 Sanctam
861 2934 926 2976 ac
949 2919 1357 2976 celeberrimam
1392 2918 1790 2974 solemnitatem
1820 2918 2095 2974 hodiernae

507 3003 857 3073 celebritatis,
887 3005 1083 3062 fratres
1110 3006 1435 3071 cbarissimi,
1471 3020 1580 3077 qua
1627 3005 2094 3078 quadragesimam

502 3093 800 3152 Dominicae
826 3094 1136 3152 Nativitalis
1160 3097 1303 3152 diem
1322 3096 1517 3153 debitis
1538 3110 1863 3153 veneramur
1881 3094 2092 3161 oﬁiciis,

504 3185 744 3241 mxima
768 3185 1008 3256 ejusdem
1054 3187 1267 3242 Domini
1296 3186 1582 3242 salvatoris
1609 3185 1805 3251 nostri,
1853 3183 2013 3240 simul
2041 3191 2095 3239 et

504 3273 844 3331 intemeratae
894 3276 1171 3347 genitricis
1219 3274 1337 3345 ejus
1393 3273 1693 3330 humilitate
1745 3272 2046 3329 dedicatam
2078 3312 2095 3339 ,

507 3379 668 3421 sacra
697 3364 973 3436 Evangelii
992 3365 1151 3421 lectio
1179 3380 1298 3436 quae
1325 3365 1483 3421 modo
1507 3365 1788 3436 legebatur
1813 3364 2086 3434 designat;

508 3467 788 3524 exponens
817 3469 911 3510 eos
934 3454 1027 3525 qui
1060 3455 1164 3527 legi
1193 3455 1268 3510 nil
1315 3455 1598 3520 debebant,
1630 3453 1912 3526 implendis
1938 3468 1996 3508 se
2021 3452 2097 3509 le-

510 3543 724 3615 galibus
767 3558 867 3615 per
910 3544 1091 3601 omnia
1146 3544 1450 3601 subdidisse
1501 3544 1773 3600 decretis:
1828 3551 1883 3598 et
1922 3541 1992 3598 ob
2018 3542 2096 3607 id,

510 3641 728 3705 tempus
751 3636 1084 3708 purgationis
1112 3637 1404 3692 secundum
1427 3636 1598 3709 legem
1628 3635 1795 3707 Moysi
1822 3634 1982 3691 modo
2003 3649 2098 3690 eos

511 3724 835 3781 observasse
902 3735 1310 3783 commemorat.
1384 3727 1647 3799 Praecepit
1716 3740 1948 3795 namque
2008 3723 2098 3780 lex

515 3812 707 3888 (Leuit.
743 3815 845 3887 xu)
875 3825 937 3871 ut
958 3816 1153 3872 mulier
1175 3833 1295 3888 quae
1325 3825 1573 3888 suscepto
1615 3816 1820 3873 semine
1860 3815 2100 3887 peperis-

511 3912 599 3962 set
626 3904 815 3973 ﬁlium,
848 3906 1122 3961 immunda
1167 3913 1311 3962 esset
1356 3916 1562 3977 septem
1608 3906 1818 3972 diebus,
1846 3917 1901 3961 et
1928 3906 1983 3960 in
2011 3905 2099 3961 die

511 4001 710 4050 octavo
734 3994 1146 4051 circumcideret
1172 3994 1493 4051 infantulum
1538 4010 1841 4067 nomenque
1866 4002 2097 4066 aptaret.

511 4084 718 4141 Deinde
742 4087 907 4142 etiam
935 4087 1056 4143 aliis
1086 4088 1305 4158 triginta
1346 4088 1519 4143 tribus
1545 4087 1733 4144 diebus
1757 4088 1825 4143 ab
1851 4087 2099 4159 ingressu

513 4176 700 4245 templi
727 4192 792 4232 ac
818 4177 921 4233 viri
948 4186 1068 4234 toro
1119 4178 1434 4244 abstineret,
1468 4179 1638 4235 donec
1683 4178 2101 4250 quadragesimo

514 4266 819 4322 nativitatis
846 4268 931 4324 die
952 4266 1122 4324 ﬁlium
1149 4284 1272 4325 cum
1299 4269 1492 4324 hostiis
1518 4270 1586 4325 ad
1613 4268 1867 4340 templum
1888 4268 2100 4323 Domini

515 4356 772 4413 deferret.
837 4357 1260 4429 Primogenitum
1322 4368 1501 4415 autem
1550 4374 1765 4414 omnem
1818 4358 2099 4414 masculini

516 4463 700 4514 sexus,
726 4457 971 4504 sanctum
1021 4450 1249 4506 Domino
1293 4451 1498 4517 vocari,
1546 4459 1708 4521 atque
1752 4450 1874 4506 ideo
1898 4449 2099 4504 munda

519 4553 747 4609 quaeque
769 4534 952 4596 offerri
980 4541 1112 4607 Deo,
1144 4540 1419 4596 immunda
1451 4548 1628 4595 autem
1659 4539 1872 4596 mundis
1901 4540 2099 4595 mutari

517 4630 604 4684 vel
628 4630 800 4686 ozcidi
827 4648 842 4699 ;
874 4641 932 4688 et
960 4632 1197 4688 hominis
1238 4632 1652 4704 primogenitum
1681 4632 1918 4702 quinque
1955 4630 2102 4686 siclis

520 4722 731 4794 argenti
762 4723 959 4780 debere
976 4724 1194 4791 redimi,
1220 4732 1276 4778 et
1302 4723 1509 4793 reliqua
1532 4738 1651 4793 qua:
1673 4722 1810 4777 liber
1833 4721 2105 4777 Leviticus

521 4822 806 4868 enumerat
830 4813 1178 4869 suﬁicienter.
1210 4812 1347 4869 Cum
1370 4815 1512 4869 enim
1542 4813 1687 4868 dicat
1712 4811 1799 4867 lex
1825 4811 2104 4866 mulierem

522 4918 644 4973 quae
672 4912 920 4974 suscepto
946 4901 1153 4958 semine
1172 4903 1487 4974 peperisset,
1509 4903 1839 4958 immundam
1864 4901 2103 4967 decerni,

523 5000 579 5045 et
615 5005 714 5062 per
756 4990 915 5061 longa
946 4998 1190 5060 tempora
1237 4991 1397 5045 simul
1437 5006 1560 5046 eum
1603 4990 1754 5062 prole
1796 5006 1962 5062 quam
2011 5004 2103 5060 ge-

527 5084 758 5150 nuisset,
799 5082 996 5140 oblatis
1022 5084 1131 5139 Deo
1167 5083 1423 5150 victimis,
1459 5084 1654 5140 debere
1676 5083 1950 5152 mundari,
1980 5098 2104 5154 pro-

526 5173 672 5229 fecto
700 5181 848 5244 patet
875 5174 1001 5245 quia
1046 5173 1191 5230 illam
1223 5188 1343 5244 quae
1387 5173 1503 5230 sine
1547 5172 1718 5228 virilis
1764 5172 2103 5242 susceptione

530 5265 751 5320 seminis
778 5265 931 5335 virgo
956 5265 1186 5336 peperit,
1208 5279 1316 5318 una
1337 5278 1460 5318 cum
1485 5261 1595 5317 ﬁlio
1616 5262 1708 5333 qui
1737 5270 1896 5317 natus
1918 5271 2003 5317 est
2027 5261 2099 5327 ei,

530 5367 707 5423 neque
736 5354 1066 5409 immundam
1094 5353 1384 5418 describat,
1411 5365 1586 5421 neque
1628 5366 1727 5422 per
1775 5351 1982 5405 hostias
2011 5351 2106 5404 do-

532 5453 654 5499 ceat
689 5458 808 5499 esse
834 5443 1214 5500 mundandam.
1260 5442 1388 5509 Sed,
1437 5443 1577 5499 sicut
1607 5442 1867 5498 Dominus
1896 5456 1961 5495 ac
2005 5440 2110 5496 sal-

538 5543 691 5592 vator
718 5544 921 5601 noster,
950 5536 1042 5606 qui
1073 5536 1246 5607 legem
1273 5534 1533 5591 divinitus
1561 5532 1728 5600 dedit,
1762 5547 2030 5604 apparens
2053 5531 2109 5586 in

540 5625 778 5692 homine,
815 5625 931 5682 ﬁeri
968 5627 1139 5684 voluit
1181 5627 1280 5683 sub
1314 5626 1452 5699 lege,
1492 5635 1552 5681 ut
1578 5639 1672 5682 eos
1711 5625 1805 5696 qui
1854 5625 1953 5680 sub
1993 5623 2112 5694 lege

541 5724 698 5776 erant
742 5718 1059 5787 redimeret,
1114 5728 1171 5776 ut
1226 5720 1567 5791 adoptionem
1628 5717 1860 5774 ﬁliorum
1904 5716 2112 5785 recipe-

2187 1912 2313 1967 illuc
2340 1915 2618 1970 venerunt,
2650 1905 2791 1962 sicut
2822 1890 2980 1958 modo
2999 1916 3069 1956 ex
3110 1894 3391 1967 evangelio
3429 1893 3777 1959 audivimus;

2186 2000 2327 2071 quod
2354 2004 2572 2056 sanctus
2598 1993 2836 2058 Simeon,
2876 2006 2908 2046 a
2951 1986 3154 2058 Spiritu
3183 1991 3368 2042 sancto
3412 1981 3468 2036 in
3511 1979 3779 2071 templum

2187 2070 2468 2154 adductus,
2502 2088 2557 2142 in
2593 2085 2749 2140 ulnas
2792 2096 2918 2139 suas
2957 2092 3186 2151 puerum
3213 2073 3506 2145 acceperit,
3530 2078 3584 2127 et
3600 2070 3777 2126 bene-
3826 2116 3827 2119 η

2189 2181 2386 2240 dixerit
2416 2177 2741 2241 Dominum;
2795 2180 2852 2228 et
2892 2169 3020 2241 quia
3068 2169 3223 2223 Anna
3269 2162 3518 2234 religiosa
3570 2158 3779 2215 femina

2189 2280 2353 2342 atque
2375 2269 2557 2332 vidua,
2597 2264 2787 2321 eadem
2828 2262 2964 2317 hora
2990 2253 3374 2329 superveniens
3415 2249 3781 2307 conﬁtebatur

2189 2341 2299 2418 Deo
2323 2368 2378 2416 et
2401 2357 2722 2428 loquebatur
2744 2353 2813 2409 de
2841 2367 2908 2407 eo
2957 2348 3208 2405 omnibus
3248 2344 3342 2415 qui
3387 2341 3783 2413 exspectabant

2190 2448 2611 2520 redemptionem
2636 2442 2820 2500 Israel.
2854 2440 3149 2498 Veniamus
3166 2444 3222 2491 et
3256 2450 3354 2490 nos
3380 2433 3595 2489 obviam
3620 2429 3782 2495 Jesu,

2190 2552 2246 2601 et
2273 2542 2602 2599 exsultantes
2630 2536 2985 2607 suscipiamus
3022 2547 3145 2589 eum
3174 2529 3317 2585 ulnis
3344 2528 3608 2583 bonorum
3645 2535 3785 2593 ope-

2192 2652 2351 2692 rum:
2400 2641 2456 2690 et
2481 2631 2837 2688 conﬁteamur
2877 2624 3081 2681 nomini
3109 2620 3226 2691 ejus
3273 2632 3489 2689 magno,
3520 2623 3575 2671 et
3609 2628 3783 2670 enar-

2189 2740 2373 2783 remus
2416 2719 2849 2778 misericordiam
2883 2713 3017 2784 ejus,
3074 2720 3130 2768 et
3174 2708 3441 2766 mirabilia
3494 2705 3609 2776 ejus
3653 2717 3783 2773 quae

2192 2817 2321 2873 fecit
2348 2812 2630 2870 nobiscum
2670 2807 2920 2865 omnibus
2947 2803 3039 2875 qui
3081 2805 3398 2872 exspectant
3439 2793 3775 2864 redemptio-

2191 2924 2316 2965 nem
2344 2903 2643 2962 Jerusalem
2684 2909 2740 2956 et
2764 2895 3184 2954 consolationem
3218 2888 3401 2946 Israel.
3441 2885 3613 2955 Quam
3640 2897 3784 2938 con-

2194 2999 2512 3057 solationem
2538 2991 2821 3048 Psalmista
2848 2988 2902 3042 in
2931 2984 3135 3055 Spiritu
3162 2979 3484 3053 praevidens,
3519 2975 3631 3030 ait:
3660 2970 3786 3026 La:-

2196 3089 2419 3163 tiftcabis
2456 3102 2567 3149 nos,
2594 3082 2839 3145 Domine,
2862 3079 2918 3131 in
2945 3074 3141 3144 gaudio
3168 3087 3284 3126 cum
3313 3067 3456 3123 vultu
3486 3074 3596 3163 tuo,
3637 3059 3787 3115 dele-

2198 3155 2448 3238 ctationes
2477 3178 2531 3230 in
2579 3176 2793 3228 dextera
2841 3178 2932 3223 tua
2977 3181 3139 3237 usque
3180 3163 3237 3216 in
3262 3161 3440 3231 ﬁnem.
3479 3155 3790 3215 Olferamus

2196 3272 2273 3329 illi
2301 3266 2701 3339 simplicitatem
2744 3258 2965 3323 mentis,
3011 3254 3154 3325 quod
3184 3250 3450 3324 signiﬁcat
3489 3244 3785 3339 columba;

2195 3338 2484 3418 oﬁ‘eramus
2512 3353 2756 3426 corporis
2789 3349 3119 3414 castitatem,
3143 3344 3288 3416 quod
3316 3348 3498 3397 turtur
3535 3338 3777 3409 ﬁgurat;

2195 3454 2483 3511 oﬁ‘eramus
2531 3447 2608 3502 illi
2661 3459 2786 3500 cum
2841 3440 3135 3497 sobrietate
3178 3429 3606 3493 conversationis
3633 3440 3789 3482 eom-

2193 3544 2538 3618 punetiouem
2575 3538 2772 3602 cordis,
2807 3548 2969 3605 quam
2995 3528 3261 3600 signiﬁcat
3286 3527 3786 3618 tantus‘u-traru-m-

2195 3607 2299 3706 que
2328 3633 2506 3689 avium
2538 3647 2552 3695 ;
2581 3628 2711 3684 dicit
2749 3624 2893 3681 enim
2943 3621 3221 3691 Scriptura
3247 3631 3263 3670 :
3312 3610 3642 3683 Sacriﬁcium
3671 3607 3787 3662 Deo

2196 3700 2408 3797 spiritus
2436 3717 2860 3776 co‘ntribulatus:
2907 3730 2996 3769 cor
3036 3711 3316 3766 contritum
3358 3714 3406 3761 et
3451 3700 3787 3757 humiliatum

2195 3791 2338 3873 Deus
2379 3829 2482 3869 non
2523 3808 2716 3882 spernit
2745 3804 2917 3879 (Psal.
2942 3804 3017 3875 ι).
3055 3801 3158 3855 Ista
3187 3805 3314 3854 sunt
3336 3796 3494 3858 dona,
3525 3791 3629 3847 ista
3655 3795 3788 3882 sunt

2198 3906 2486 3971 sacriﬁcia,
2512 3876 2708 3973 quibus
2727 3876 2975 3956 Christus
3011 3894 3310 3950 delectatur
3336 3896 3392 3944 et
3420 3883 3634 3973 gaudet.
3687 3876 3795 3932 Ve-

2198 4010 2308 4055 tera
2333 3972 2678 4058 transierunt,
2706 4005 2823 4045 ecce
2844 3986 3019 4042 omnia
3057 3984 3198 4055 facta
3233 3988 3353 4035 sunt
3396 3992 3529 4031 nova
3553 3990 3571 4037 ;
3594 3972 3787 4041 sicque

2200 4090 2301 4161 ipsi
2323 4088 2526 4143 erimus
2558 4082 2733 4139 hostia
2778 4087 2934 4151 grata
2983 4075 3115 4161 Deo,
3167 4071 3215 4127 si
3257 4066 3787 4161 prteterita-peccata

2198 4154 2385 4235 nostra
2415 4175 2625 4230 ﬂetibus
2666 4181 2721 4227 et
2749 4154 3133 4225 misericordiae
3179 4159 3432 4231 operibus
3459 4154 3782 4216 abluamus;

2200 4280 2258 4327 et
2290 4267 2433 4338 quod
2459 4278 2706 4334 supernae
2750 4254 3102 4315 beatitudinis
3142 4248 3409 4338 desiderio
3452 4238 3785 4338 compuncti,

2200 4332 2337 4414 bene
2365 4332 2630 4417 viventes,
2683 4346 2923 4418 quotidie
2971 4346 3084 4399 Deo
3124 4341 3180 4395 in
3208 4336 3457 4393 oratione
3497 4332 3740 4388 dicamus
3764 4346 3783 4383 :

2203 4446 2376 4503 Sitivit
2403 4444 2581 4498 anima
2609 4456 2723 4493 mea
2745 4437 2813 4492 ad
2838 4435 3006 4489 Deum
3041 4432 3232 4494 vivum,
3253 4423 3464 4497 quando
3503 4420 3706 4477 ueniam
3733 4426 3786 4474 et

2124 4494 2177 4555 θ
2202 4494 2604 4609 attenta.
2628 4529 2815 4601 faciem
2862 4524 2999 4579 Dei?
3024 4519 3196 4591 (Psal.
3224 4494 3359 4587 xtl.)
3391 4515 3545 4609 Quod
3573 4512 3787 4569 deside-

2203 4608 2344 4684 rium
2372 4633 2616 4680 nostrum
2640 4620 2706 4675 ad
2730 4617 2985 4687 ell‘ectum
3002 4611 3282 4684 perducat,
3321 4608 3413 4679 qui
3442 4612 3662 4678 propter
3686 4615 3791 4657 nos

2205 4718 2517 4772 incarnatus
2540 4719 2642 4777 est,
2666 4718 2723 4764 ct
2758 4706 3105 4776 semetipsum
3149 4700 3372 4757 tradidit
3411 4706 3472 4754 ut
3498 4696 3790 4752 redimeret

2205 4822 2306 4863 nos
2334 4806 2386 4859 in
2419 4803 2676 4874 sanguine
2721 4814 2842 4865 suo,
2885 4795 3137 4853 Christus
3181 4791 3419 4848 salvator
3445 4796 3646 4851 noster,
3691 4781 3786 4853 qui

2205 4898 2340 4954 vivit
2367 4904 2421 4951 et
2449 4902 2640 4967 regnat
2678 4908 2802 4948 cum
2849 4891 2960 4944 Deo
2995 4887 3154 4941 Patre
3201 4886 3258 4939 in
3298 4883 3505 4938 unitate
3551 4876 3788 4950 Spiritus

2208 4988 2403 5054 sancti,
2428 5002 2525 5058 per
2549 4984 2730 5040 omnia
2756 4979 2951 5036 saecula
2974 4975 3310 5033 saeculorum.
3346 4971 3540 5028 Amen.

2799 5088 3079 5147 HOMlLlA
3109 5088 3200 5142 1X.

2576 5202 2629 5240 IN
2657 5198 2908 5240 DOIIINICA
2936 5187 3413 5244 IQUADRAGESIIE.

2212 5282 2291 5339 De
2302 5280 2513 5349 jejunio
2546 5277 2753 5329 Domini
2773 5285 2820 5328 et
2852 5265 3548 5349 rationequadragesimalis
3566 5262 3788 5349 jejtt'nii,

2282 5332 2327 5403 εἶ
2341 5332 2585 5402 castitate
2607 5355 2760 5410 atque
2782 5332 3104 5398 continentia
3120 5356 3235 5395 cum
3263 5332 3487 5410 propriis
3517 5332 3784 5389 umoribus.

2283 5419 2506 5492 (Evang.
2530 5413 2745 5480 Matth,
2777 5430 2892 5485 cap.
2919 5413 3017 5485 tv.)

2282 5528 2468 5584 Lectio
2496 5526 2669 5582 sancti
2703 5523 2979 5597 Evangelii
3005 5537 3168 5593 quam
3208 5521 3370 5576 modo
3394 5514 3639 5578 audistis,
3686 5513 3789 5566 fra-

2214 5629 2326 5677 tres
2373 5617 2701 5683 charissimi,
2757 5615 2916 5685 hujus
2973 5613 3353 5668 sacratissima:
3396 5602 3790 5664 observationis

2215 5711 2420 5770 revelat
2450 5710 2773 5776 exordium;
2816 5722 2938 5762 cum
2966 5703 3232 5762 Dominici
3285 5700 3441 5759 nobis
3479 5696 3667 5771 jejunii
3695 5711 3783 5749 ex-
