4036 6370
291 349 358 420 at
668 415 670 418 ,
1241 373 1546 432 neitth
1584 377 1670 431 nu
1705 371 1944 436 FESTIS
1983 381 2385 453 PRzEClPUlS,
2421 387 2576 446 ETC.
3465 354 3553 466 2?.

229 529 256 548 ,
294 475 448 546 ponit
489 483 902 533 sacramentum.
955 478 1150 536 Narrat
1195 484 1338 538 enim
1373 495 1592 542 sanctus
1638 503 1867 560 evange-
1891 496 1940 556 Α
1969 495 2171 564 gesima
2194 509 2324 553 vero
2350 514 2457 554 non
2501 498 2768 571 jejunare,
2796 517 3076 576 peccatum
3117 522 3220 570 est.
3251 516 3372 576 Alio
3400 529 3541 579 tem-

293 567 419 624 lista
446 565 726 624 Matthteus
740 569 882 638 quod
911 570 1158 626 Salvator
1180 582 1364 629 noster
1390 584 1511 645 post
1536 576 1860 647 baptismum

291 676 449 716 suum
479 669 534 716 et
579 669 699 730 post
746 662 1148 719 descensionem
1194 664 1427 736 Spiritus
1476 669 1647 724 sancti
1701 686 1861 742 super

289 751 490 821 ipsum,
520 751 588 806 ab
613 753 804 808 eodem
837 752 1045 823 Spiritu
1089 755 1282 812 ductus
1324 759 1392 812 sit
1424 760 1476 814 in
1504 762 1772 818 desertum
1802 771 1861 820 ut

289 849 589 897 tentaretur
614 857 646 896 a
678 843 924 909 diabolo;
950 851 1006 898 et
1047 859 1166 900 cum
1187 845 1484 917 jejunasset
1507 851 1859 922 quadraginta

285 933 476 988 diebus
506 939 561 986 et
581 932 932 1001 quadraginta
961 935 1229 1002 noctibus,
1259 946 1443 1006 postea
1467 941 1672 1006 esuriit,
1710 955 1860 996 eum-

284 1035 391 1090 que
411 1028 653 1076 .tentator
686 1021 891 1088 adiens,
919 1025 1240 1080 tentaverit:
1269 1027 1362 1082 sed
1391 1029 1534 1083 veris
1579 1032 1860 1087 sententiis

283 1112 478 1167 divina:
498 1112 632 1184 legis
655 1113 846 1180 victus,
865 1122 920 1170 et
939 1114 1149 1171 Domini
1171 1120 1424 1175 mandato
1446 1123 1709 1192 repulsus,
1739 1124 1859 1180 abs-

278 1203 538 1270 cesserit,
584 1213 640 1258 et
684 1211 808 1273 post
849 1204 1145 1262 discessum
1193 1208 1410 1276 diaboli,
1460 1213 1636 1282 angeli
1683 1215 1854 1270 sancti

280 1297 626 1362 accedentes,
654 1297 999 1369 Redemptori
1041 1307 1247 1367 nostro,
1279 1311 1340 1357 ut
1385 1319 1514 1359 vero
1547 1305 1774 1362 Domino
1801 1315 1856 1363 et
1882 1335 1883 1338 η

278 1389 568 1454 conditori,
599 1389 1043 1446 ministraverint.
1077 1391 1242 1448 Nobis
1265 1409 1393 1465 ergo
1419 1395 1475 1450 in
1498 1396 1584 1452 bis
1608 1397 1858 1453 omnibus

274 1479 606 1550 Redemptor
649 1489 850 1547 noster,
899 1480 1099 1537 fratres
1152 1483 1503 1551 dilectissimi,
1554 1485 1855 1556 exemplum

271 1571 452 1636 dedit,
489 1572 614 1641 quia
642 1572 798 1627 nobis
827 1571 1108 1644 jejunavit,
1138 1576 1292 1631 nobis
1318 1584 1504 1632 contra
1533 1586 1853 1634 tentatorem

269 1662 533 1729 conﬂixit,
556 1665 816 1735 nobisque
843 1668 1135 1735 superavit.
1172 1667 1408 1724 Victoria
1443 1669 1643 1726 Christi
1683 1671 1852 1743 gloria

267 1762 353 1808 est
380 1762 564 1810 nostra
590 1773 602 1808 :
641 1755 824 1824 sicque
844 1771 942 1811 nos
966 1770 1064 1826 per
1101 1759 1480 1815 abstinentiam
1509 1777 1728 1818 carnem
1754 1779 1852 1818 no-

1959 595 2092 676 pore
2113 583 2203 653 qui
2220 583 2449 655 jejunat,
2486 590 2712 661 accipiet
2737 593 3122 668 indulgentiam
3149 621 3161 656 :
3211 605 3264 660 in
3293 607 3542 676 Quadra-

1960 670 2163 740 gesima
2191 686 2424 762 quoque,
2455 677 2546 746 qui
2587 689 2787 748 potest,
2821 692 2878 738 et
2924 702 3032 743 non
3073 670 3544 762 jejunatIsentiet

1958 771 2196 856 poenam.
2340 763 2469 856 ipse
2496 773 2675 824 tamen
2703 772 2797 841 qui
2836 772 3086 844 jejunare
3128 797 3234 837 non
3262 761 3529 856 praevalet

1957 849 2220 950 secretius
2249 852 2352 909 sibi
2372 855 2491 924 soli,
2522 868 2618 914 aut
2641 862 2688 916 si
2713 873 2795 919 est
2823 865 2960 923 alius
2985 869 3233 929 inﬁrmus
3255 849 3377 932 cum
3397 849 3517 950 ipso
3548 914 3557 928 -.

1957 939 2058 1042 sibi
2093 943 2148 998 in
2173 945 2332 1002 domo
2358 963 2456 1043 sua
2477 963 2742 1024 praeparet
2767 960 2909 1028 quod
2931 963 3198 1033 accipiat;
3227 977 3282 1023 et
3307 939 3434 1027 illos
3444 939 3515 1043 qq

1949 1028 2195 1101 jejunare
2216 1037 2530 1107 praevalent,
2560 1043 2629 1097 ad
2652 1047 2935 1114 prandium
2963 1028 3070 1106 non
3099 1028 3313 1122 invitet,
3345 1075 3414 1115 ne

1955 1132 2147 1193 augeat
2166 1127 2328 1183 etiam
2359 1130 2425 1185 de
2447 1131 2667 1190 alterius
2690 1136 2812 1206 gula
2851 1151 3152 1209 peccatum.
3197 1146 3531 1219 Castitatcm,

1954 1213 2172 1283 fratres,
2219 1234 2342 1275 cum
2392 1225 2628 1293 propriis
2679 1230 2939 1288 uxoribus
2990 1242 3218 1302 tenete;
3273 1243 3535 1300 ecclesias

1952 1302 2291 1375 frequentate
2317 1326 2334 1376 ;
2381 1312 2450 1366 ad
2475 1321 2770 1373 nocturnas
2809 1320 3020 1392 vigilias
3046 1329 3313 1384 maturius
3339 1345 3535 1388 exsur-

1951 1397 2099 1466 gite;
2130 1400 2196 1455 ad
2226 1416 2382 1458 sacra
2411 1405 2700 1464 missarum
2743 1413 3028 1484 solemnia,
3067 1420 3112 1474 si
3149 1423 3404 1490 possibile
3443 1428 3532 1493 sit,

1952 1490 2193 1557 quotidie
2216 1497 2526 1566 convenite;
2553 1503 2785 1560 orationi
2811 1521 2953 1578 suape
2968 1509 3294 1582 incumbite;
3321 1490 3534 1574 veniam

1950 1592 2296 1649 peccatorum
2320 1596 2624 1664 vestrorum
2653 1593 3024 1655 indesinenter
3052 1604 3257 1672 petite;
3305 1607 3538 1665 cleemo-

1950 1684 2204 1770 synarum
2234 1675 2482 1749 largitate
2522 1693 2869 1751 peccatorum
2896 1688 3138 1750 ﬂammas
3165 1699 3490 1770 exstinguite
3515 1720 3548 1767 ;.

1949 1774 2047 1829 per
2067 1761 2210 1817 bona
2236 1780 2401 1835 opera
2423 1773 2695 1830 conditori
2711 1784 2892 1834 vestro
2918 1785 3256 1840 reconciliari
3286 1761 3532 1856 studete;

268 1853 440 1900 stram
467 1847 877 1914 mortiﬁcantes,
923 1848 1132 1905 animas
1178 1862 1392 1908 nostras
1431 1853 1687 1910 debemus
1715 1870 1851 1926 prae-
1875 1845 1924 1906 Β
1950 1866 2136 1920 pacem
2167 1871 2289 1913 cum
2314 1861 2564 1919 omnibus
2609 1866 2837 1936 habete;
2875 1883 3141 1940 quatenus
3171 1879 3250 1934 sic
3281 1845 3531 1938 sanctum

264 1951 465 2005 parare
497 1939 566 1993 ad
599 1937 975 2006 tentationcm,
1001 1949 1057 1995 et
1078 1956 1174 2010 per
1195 1943 1492 1999 orationem
1521 1953 1576 2000 et
1600 1945 1699 2001 Dei
1726 1962 1848 2002 vcr-

263 2021 390 2079 hum
419 2027 702 2083 victoriam
732 2029 1024 2098 capientes,
1058 2040 1315 2087 teternam
1355 2049 1478 2088 cum
1520 2037 1722 2092 sanctis
1746 2041 1845 2092 an;

262 2114 396 2185 gelis
422 2117 474 2170 in
497 2117 638 2173 ctelo
662 2134 884 2190 sperare
912 2121 1316 2177 beatitudinem.
1354 2123 1458 2179 Sed
1493 2125 1620 2194 quia
1660 2127 1848 2183 diebus

263 2205 348 2261 his
370 2206 530 2263 lectio
553 2209 842 2278 congruit:
879 2225 1002 2284 nam
1045 2212 1402 2282 quadraginta
1429 2214 1636 2269 dierum
1679 2217 1847 2272 absti-

266 2300 499 2353 nentiam
534 2301 706 2355 nostri
739 2300 1111 2372 Redemptoris
1139 2303 1459 2370 audivimus,
1488 2307 1579 2376 qui
1607 2309 1844 2377 quadra-

263 2390 474 2460 gesimae
498 2398 712 2460 tempus
754 2393 1100 2460 inchoamus,
1143 2393 1537 2467 discutiendum
1581 2399 1735 2454 nobis
1763 2408 1846 2455 est

259 2492 358 2531 cur
399 2478 518 2534 haec
560 2479 672 2549 ipsa
721 2481 1046 2537 abstinentia
1087 2499 1185 2554 per
1230 2485 1582 2556 quadraginta
1635 2490 1844 2545 dierum

256 2577 544 2620 numerum
572 2570 892 2624 custoditur.
938 2571 1149 2642 Moyses
1184 2575 1348 2640 enim,
1386 2582 1445 2629 ut
1486 2576 1657 2648 legem
1693 2580 1843 2634 acci-

253 2665 410 2724 peret
433 2659 694 2724 secundo,
734 2660 927 2716 diebus
952 2663 1307 2734 quadraginta
1343 2664 1605 2734 jejunavit
1644 2668 1840 2740 (Exod.

253 2746 406 2818 xxiv)
437 2764 452 2812 ;
481 2748 626 2805 Elias
646 2751 701 2804 in
729 2751 946 2808 deserto
975 2754 1330 2826 quadraginta
1367 2757 1556 2814 diebus
1585 2761 1846 2818 abstinuit

257 2835 382 2904 (III
413 2837 541 2909 Reg.
576 2840 870 2911 1m).lpse
918 2853 1107 2899 auctor
1152 2847 1432 2902 hominum
1482 2851 1548 2904 ad
1595 2851 1850 2906 homines

256 2927 488 2982 veniens
513 2928 568 2981 in
603 2931 948 3001 quadraginta
974 2933 1162 2989 diebus
1187 2935 1390 2991 nullum
1421 2938 1640 2993 omnino
1662 2940 1843 2995 cibum

253 3020 510 3088 sumpsit,
553 3035 649 3076 nos
672 3037 905 3092 quoque,
931 3026 986 3079 in
1010 3035 1270 3095 quantum
1317 3043 1619 3097 possumus,
1662 3047 1844 3088 annuo

255 3116 507 3178 tempore
531 3109 962 3182 Quadragesimae
1001 3131 1220 3170 carnem
1267 3127 1512 3174 nostram
1552 3136 1649 3190 per
1675 3121 1844 3177 absti-

1947 1941 2562 2036 Pascha'expectantes,
2610 1959 2837 2028 gratiam
2877 1962 2929 2016 in
2959 1977 3246 2036 conspectu
3295 1971 3526 2028 Redem-

1944 2035 2114 2104 ptoris
2146 2041 2314 2096 nostri
2366 2042 2608 2100 invenire
2657 2049 2900 2117 valeatis,
2950 2055 3041 2124 qui
3092 2035 3216 2112 cum
3269 2060 3428 2118 Patre
3476 2075 3532 2119 et

1947 2124 2152 2195 Spiritu
2179 2126 2367 2188 sancto
2394 2135 2528 2191 vivit
2569 2147 2624 2194 et
2649 2150 2840 2212 regnat
2878 2143 3038 2210 Deus,
3079 2163 3175 2218 per
3219 2153 3398 2207 omnia
3429 2169 3544 2209 sar

1946 2217 2064 2273 cula
2085 2221 2422 2279 saeculorum.
2450 2225 2641 2283 Amen.

2529 2336 2805 2396 HOMlLlA
2848 2343 2916 2397 Χ.

2279 2439 2335 2478 ῙΝ
2374 2440 2629 2483 DOMINICA
2668 2445 2707 2484 ll
2746 2446 3188 2494 QUADRAGESIMJ'I.

1945 2505 2023 2562 De
2040 2509 2339 2600 paenitentia
2375 2531 2439 2595 ea:
2485 2518 2654 2600 corde~
2683 2519 2928 2600 facienda
2976 2534 3024 2600 et
3079 2527 3534 2600 elegemosynarmn~

2296 2581 2553 2654 largitate.
2582 2581 2806 2660 (Evang.
2835 2591 3026 2648 Matth.
3049 2596 3165 2668 xv.)

2013 2668 2448 2742 Quadragesimae
2477 2685 2688 2748 tempus
2710 2683 2866 2739 modo
2897 2685 3142 2754 colimus,
3165 2689 3307 2744 sicut
3330 2691 3524 2759 nostis,

1944 2760 2140 2817 fratres
2164 2763 2492 2833 cbarissimi,
2515 2771 2656 2838 quod
2679 2773 2747 2827 ab
2771 2773 2940 2843 ipsius
2968 2776 3177 2832 Domini
3209 2781 3524 2850 magisterio

1943 2852 2282 2921 ordinatum,
2323 2866 2380 2912 et
2424 2860 2493 2914 ab
2540 2863 2795 2931 apostolis
2836 2874 2996 2936 atque
3039 2872 3348 2939 apostolicis
3390 2873 3552 2927 viris.

1945 2948 2398 3015 commendatum,
2421 2952 2688 3010 catholica
2715 2971 2816 3025 per
2838 2965 3009 3013 totum
3031 2962 3216 3016 orbem
3249 2970 3516 3017 terrarum
3541 3011 3544 3014 .

1943 3045 2234 3092 veneratur
2259 3039 2520 3096 Ecclesia.
2547 3041 2700 3110 Quod
2736 3047 2874 3102 bene
2909 3056 2965 3102 et
3003 3057 3127 3120 apte
3157 3049 3312 3118 juxta
3351 3051 3518 3106 conﬁ-

1945 3125 2095 3182 nium
2117 3126 2408 3185 Dominicae
2437 3134 2703 3202 passionis
2729 3136 3008 3191 observari
3056 3153 3088 3192 a
3139 3139 3391 3209 patribus
3429 3141 3524 3194 de-

249 3200 492 3253 mentiam
524 3200 756 3272 allligere
785 3219 1064 3260 conamur.
1112 3207 1221 3263 Cur
1257 3225 1384 3280 ergo
1431 3212 1484 3266 in
1514 3212 1841 3269 abstinentia
1869 3194 1914 3258 (ἶ
1943 3224 2154 3272 cretum
2196 3226 2300 3284 est,
2330 3230 2412 3286 ut,
2439 3222 2730 3278 secundum
2785 3225 3097 3296 A-postolum
3122 3194 3157 3294 ,⁸
3181 3229 3524 3299 passionibus

248 3292 735 3363 qttadragenarium
791 3312 1074 3371 numerum
1125 3300 1497 3367 custodimus,
1554 3304 1656 3360 nisi
1710 3305 1840 3375 quia-

253 3390 444 3438 cbntra
491 3397 757 3458 prmcepta
785 3389 1020 3456 Domini,
1049 3391 1162 3446 sive
1199 3408 1298 3462 per
1327 3394 1570 3464 corporis
1592 3395 1840 3467 volupta-

252 3469 377 3539 tem,
405 3493 498 3532 seu
530 3493 627 3547 per
655 3482 878 3536 all‘ectus
907 3483 1072 3538 animi
1105 3483 1378 3540 fecimus?
1416 3486 1474 3540 In
1501 3488 1602 3543 hoc
1636 3489 1837 3560 quippe

258 3567 466 3621 mortali
502 3583 731 3640 corpore
756 3585 823 3625 ex
848 3583 1077 3641 quatuor
1115 3574 1417 3641 elementis,
1459 3577 1513 3631 id
1555 3585 1640 3632 est
1667 3585 1833 3644 terra,

253 3672 410 3726 aqua,
443 3658 565 3729 igne
588 3670 643 3714 ct
690 3676 836 3727 aere,
867 3663 1212 3718 subsistimus
1237 3681 1252 3730 ;
1277 3675 1333 3720 et
1374 3674 1606 3736 quatuor
1631 3666 1863 3723 ali'ecti-‘

248 3746 351 3802 bus
380 3749 574 3814 animi,
609 3749 661 3803 id
684 3758 770 3805 est
812 3760 985 3818 metu,
1009 3753 1328 3823 cupiditate,
1360 3748 1583 3811 tristitia
1608 3764 1662 3813 et
1704 3773 1839 3828 gau-

247 3842 338 3898 dio
362 3842 644 3898 aﬂicimur.
675 3845 953 3916 Praecepta
993 3856 1173 3902 autem
1221 3848 1501 3905 Dominica
1529 3865 1628 3921 per
1669 3851 1833 3907 deca-

245 3933 428 4005 Iugum
458 3944 582 3989 sunt
609 3948 865 4007 accepta:
904 3939 995 4007 qui
1039 3955 1168 4010 ergo
1193 3956 1292 4011 per
1341 3942 1522 3998 carnis
1566 3942 1835 3999 desideria

247 4037 410 4098 atque
429 4028 655 4086 allectus
669 4032 834 4086 animi
855 4033 1091 4104 dccalogi
1115 4036 1364 4090 mandata
1378 4038 1842 4108 contempsimus,

244 4116 471 4188 dignum
502 4127 585 4174 est
613 4129 675 4174 ut
705 4121 947 4176 eamdem
974 4137 1192 4177 carnem
1217 4139 1314 4194 per
1351 4124 1614 4195 jejunium
1640 4134 1695 4182 et
1717 4141 1834 4196 pte-

247 4210 496 4266 uitentia:
538 4211 739 4266 luctum
770 4223 962 4282 quater
1009 4215 1190 4271 decies
1221 4215 1536 4287 aﬂligamus.
1576 4218 1834 4287 Quamvis

244 4301 312 4358 de
340 4304 446 4358 hoc
476 4301 910 4375 Quadragesimae
942 4314 1180 4375 tempore
1210 4307 1281 4360 sit
1305 4308 1451 4362 aliud
1493 4308 1669 4364 adhuc
1689 4309 1832 4380 quod

239 4395 416 4462 possit
456 4394 681 4466 intelligi
709 4413 721 4448 :
750 4410 780 4449 a
802 4397 1054 4465 praesenti
1094 4399 1293 4453 etenim
1325 4399 1410 4454 die
1437 4415 1607 4470 usque
1635 4401 1700 4455 ad
1741 4416 1836 4472 pa-

238 4486 443 4541 schalis
471 4488 832 4543 solemnitatis
858 4490 1048 4558 gaudia
1080 4505 1176 4544 sex
1207 4492 1556 4547 hebdomada:
1582 4494 1822 4560 veniunt,

238 4594 475 4648 quarum
502 4580 753 4635 videlicet
779 4581 896 4636 dies
938 4582 1292 4653 quadraginta
1330 4591 1388 4638 et
1427 4585 1532 4639 duo
1581 4583 1736 4650 ﬁunt,
1762 4600 1830 4640 ex

235 4672 438 4742 quibus
462 4672 590 4726 dum
630 4688 727 4727 sex
751 4673 1014 4730 Dominici
1041 4675 1377 4731 abstinentim
1419 4677 1828 4746 subtrahuntur,

235 4778 348 4818 non
373 4761 625 4834 plusjam
652 4763 706 4818 in
733 4764 1054 4819 abstinentia
1078 4781 1238 4835 quam
1268 4767 1487 4835 triginta
1513 4777 1568 4822 et
1594 4783 1686 4822 sex
1716 4768 1831 4824 dies

235 4861 541 4907 remanent.
570 4852 707 4906 Dum
738 4869 866 4909 vero
913 4869 1010 4923 per
1057 4862 1326 4911 trecentos
1367 4866 1422 4911 et
1469 4858 1748 4928 sexaginta
1777 4864 1832 4913 et

235 4943 480 5013 quinque
513 4943 630 4998 dies
654 4958 826 4999 annus
866 4945 1095 5010 ducitur,
1125 4962 1226 5001 nos
1265 4955 1445 5002 autem
1487 4964 1585 5018 per
1609 4949 1828 5020 triginta

233 5043 292 5089 et
313 5049 412 5089 sex
440 5034 559 5089 dies
584 5032 887 5105 allligimur,
913 5037 1068 5107 quasi
1094 5038 1218 5092 anni
1247 5039 1417 5094 nostri
1452 5039 1686 5096 decimas
1712 5041 1823 5099 Deo

236 5126 430 5180 damus
456 5141 554 5196 per
599 5129 1029 5197 temperantiam,
1067 5129 1352 5199 justitiam,
1391 5131 1730 5201 prudentiam
1770 5141 1825 5189 et

233 5215 631 5272 fortitudinem.
673 5216 740 5272 Et
779 5217 870 5286 qui
909 5218 1305 5290 nobismetipsis
1330 5221 1382 5275 in
1407 5222 1688 5279 desideriis
1726 5239 1825 5294 per

235 5318 414 5365 totum
443 5325 648 5364 annum
674 5309 928 5375 viximus,
950 5311 1154 5365 auctori
1179 5321 1362 5365 nostro
1386 5311 1438 5365 in
1459 5311 1576 5379 ejus
1601 5313 1824 5371 decimis

235 5415 332 5468 per
348 5399 731 5455 abstinentiam
754 5415 970 5455 carnem
996 5410 1235 5455 nostram
1258 5401 1664 5456 mortiﬁcemus.
1693 5401 1821 5456 Nul-

236 5490 425 5562 lusque
455 5492 512 5546 in
539 5491 641 5545 isto
667 5492 1032 5546 sacratissimo
1057 5499 1318 5561 tempore,
1362 5491 1601 5562 exceptis
1641 5491 1826 5547 Domi-

1851 4541 1906 4601 D

1941 3306 2141 3362 Christi
2169 3311 2653 3378 communicantes,
2681 3312 2797 3381 ejus
2821 3329 3129 3370 mereamur
3168 3318 3524 3373 resurrectio-

1937 3396 2031 3473 nis
2050 3397 2165 3454 ﬁeri
2195 3409 2496 3456 consortes.
2525 3401 2680 3469 Quod
2717 3412 2845 3459 tunc
2871 3403 3032 3474 digne
3069 3406 3144 3460 lit-
3170 3405 3240 3471 si,
3265 3420 3332 3460 ex
3357 3407 3526 3460 corde

1935 3490 2292 3561 pcenitentcs,
2343 3501 2568 3550 cunctas
2618 3494 2744 3550 vitae
2793 3495 3082 3566 praeteritae
3133 3495 3374 3552 maculas
3433 3497 3524 3552 his

1937 3589 2146 3638 sanctis
2169 3583 2358 3639 diebus
2395 3599 2495 3654 per
2511 3584 2777 3654 jejunium
2802 3594 2858 3641 et
2883 3587 3224 3656 quotidianas
3245 3601 3437 3658 preces
3462 3595 3539 3641 ct.

1934 3672 2202 3744 lacrymas
2240 3675 2554 3730 Studeamus
2582 3674 2833 3743 abluere,
2859 3676 3000 3732 sicut
3025 3686 3081 3732 et
3107 3692 3207 3732 nos
3235 3677 3392 3734 docet
3412 3678 3519 3732 Do—

1933 3762 2114 3818 minus
2141 3777 2240 3833 per
2266 3763 2584 3834 prophetam
2632 3765 2857 3822 dicens:
2887 3765 3264 3822 Convertimini
3306 3768 3374 3821 ad
3410 3783 3515 3831 me,

1933 3853 2125 3924 inquit,
2151 3854 2206 3908 in
2231 3864 2337 3909 toto
2361 3854 2516 3909 corde
2541 3866 2738 3922 vestro,
2753 3856 2817 3910 in
2821 3856 3034 3927 jejunio
3053 3867 3101 3911 et
3123 3859 3272 3927 ﬂetu,
3293 3866 3342 3912 et
3361 3857 3526 3928 plan--

1932 3953 2017 3998 ctu
2046 3955 2065 3994 :
2100 3951 2149 3998 et
2171 3943 2391 3998 seindite
2415 3943 2576 3997 corda
2600 3954 2768 4000 vestra
2792 3955 2842 3999 et
2871 3962 2975 4000 non
2997 3946 3296 4001 vestimenta
3322 3955 3540 4010 vestra,

1931 4042 1982 4088 et
2004 4035 2363 4090 convertimini
2395 4035 2465 4089 ad
2495 4035 2777 4091 Dominum
2811 4037 2978 4092 Deum
3003 4046 3248 4104 vestrum,
3280 4040 3412 4110 quia
3427 4040 3516 4095 be-

1933 4123 2121 4194 nignus
2160 4134 2209 4179 et
2251 4125 2546 4181 misericors
2575 4135 2671 4192 est,
2703 4127 2903 4196 patiens
2931 4137 2980 4182 et
3015 4128 3194 4184 multa:
3227 4130 3517 4184 misericor-

1932 4214 2055 4280 dire,
2071 4224 2120 4270 et
2147 4215 2458 4285 prwstabilis
2489 4233 2646 4287 super
2667 4217 2926 4272 malitiam
2952 4219 3110 4288 (Joel.
3134 4220 3217 4291 ιι).
3243 4221 3313 4276 Ει
3334 4222 3463 4276 item
3497 4240 3511 4275 :

1935 4305 2097 4373 Nolo,
2119 4307 2314 4378 inquit,
2335 4317 2553 4363 mortem
2577 4310 2881 4379 peccatoris,
2903 4310 2995 4364 sed
3023 4320 3080 4365 ut
3101 4321 3434 4368 convertatur
3461 4323 3514 4366 et

1930 4397 2068 4452 vivat
2089 4397 2306 4468 (Ezech.
2329 4398 2548 4471 χχχιιι).
2578 4397 2685 4456 Sed
2707 4398 2846 4454 forte
2879 4397 3076 4469 aliquis
3107 4400 3164 4456 in
3211 4401 3374 4457 corde
3414 4417 3530 4457 suo

1933 4485 2009 4541 ita
2041 4487 2207 4543 dicit:
2238 4487 2441 4545 Vellem
2494 4489 2709 4560 quidem
2754 4487 3028 4561 jejunare,
3073 4493 3171 4547 sed
3229 4509 3338 4548 non
3386 4509 3515 4565 pos-

1933 4591 2086 4643 sum;
2138 4578 2330 4634 vellem
2371 4594 2403 4633 a
2445 4593 2611 4635 carne
2657 4582 2732 4650 et!
2762 4581 2892 4635 vino
2939 4579 3242 4649 abstinere,
3268 4584 3363 4640 sed
3403 4600 3505 4642 non
3519 4613 3528 4622 ~-

1930 4669 2197 4738 pcrmittit
2223 4684 2311 4725 me
2337 4668 2643 4726 inﬁrmitas.
2671 4669 2808 4725 Nam
2841 4677 2895 4724 et
2945 4669 3002 4724 in
3053 4671 3159 4726 hoc
3210 4672 3279 4727 do
3334 4675 3535 4729 consi-

1931 4758 2061 4814 lium
2094 4778 2108 4814 :
2141 4760 2295 4831 Ergo~
2341 4761 2387 4816 si
2442 4775 2550 4815 non
2584 4768 2737 4829 potes
2777 4758 3058 4831 jejunare,
3109 4762 3508 4834 cleemosynam

1932 4848 2138 4914 tribue;
2186 4858 2242 4904 et
2279 4859 2480 4921 quanto
2514 4850 2780 4906 inﬁrmior
2803 4864 2864 4906 es
2886 4851 2940 4905 in
2964 4867 3095 4915 uno,
3118 4860 3268 4906 tanto
3307 4852 3514 4924 largior

1930 4939 2006 4996 sis
2035 4941 2090 4995 in
2113 4941 2300 4996 altero.
2324 4941 2530 4997 Bonum
2557 4949 2643 4996 est
2662 4940 2932 5011 jejunare,
2955 4939 3172 5005 fratres,
3198 4941 3292 4996 sed
3313 4942 3508 5000 melius

1928 5041 2012 5090 est
2036 5033 2429 5107 cleemosynam
2469 5036 2619 5091 dare.
2664 5035 2722 5091 Si
2760 5035 2956 5106 aliquis
2981 5043 3512 5107 utrumque-potest,

1929 5126 2188 5195 optimum
2213 5136 2334 5193 est;
2368 5126 2414 5181 si
2441 5141 2571 5181 vero
2593 5141 2698 5180 non
2729 5133 2927 5195 potest,
2945 5123 3139 5179 melius
3163 5133 3248 5179 est
3273 5125 3507 5181 cleemo-

1929 5230 2119 5287 synam
2145 5218 2295 5283 dare,
2322 5219 2448 5288 quia
2476 5216 2580 5272 tale
2617 5225 2703 5272 est
2724 5216 2989 5287 jejunium
3015 5214 3131 5269 sine
3158 5215 3514 5286 cleemosyna.

1929 5307 2106 5376 qualis
2132 5309 2248 5363 sine
2276 5308 2398 5363 oleo
2427 5315 2512 5362 est
2537 5307 2777 5362 lucerna.
2811 5305 2944 5359 Nam
2971 5304 3111 5360 sicut
3138 5305 3360 5361 lucerna
3383 5321 3503 5376 qua:

1925 5398 2045 5452 sine
2070 5399 2191 5454 oleo
2229 5399 2569 5464 accenditur,
2602 5398 2811 5453 fumare
2848 5399 3254 5467 potest,lucem
3300 5399 3504 5456 habere

1924 5501 2031 5541 non
2076 5496 2270 5556 potest,
2308 5489 2382 5542 ita
2422 5487 2683 5556 jejunium
2724 5486 2848 5541 sine
2889 5486 3226 5558 cleemosyna
3280 5503 3503 5545 carnem

237 5581 370 5636 nicis
398 5581 610 5645 diebus,
639 5581 905 5650 prandere
929 5591 1236 5652 praesumat,
1265 5582 1367 5636 nisi
1393 5582 1529 5637 forte
1551 5581 1636 5636 ille
1657 5596 1817 5652 quem
1921 5578 2138 5646 quidem
2176 5582 2398 5644 cruciat,
2429 5584 2523 5638 sed
2545 5581 2830 5637 charitatis
2871 5582 3074 5638 lumine
3111 5585 3348 5639 animam
3390 5599 3503 5664 non

237 5669 528 5724 inﬁrmitas
552 5670 796 5739 jejunare
826 5686 932 5726 non
979 5671 1280 5741 permittit:
1311 5673 1438 5742 quia
1469 5672 1589 5727 aliis
1629 5673 1816 5727 diebus
1918 5666 2184 5733 illustrat;
2226 5672 2369 5725 unde
2391 5671 2650 5741 scriptum
2679 5678 2764 5726 est
2793 5688 2806 5724 ε
2844 5669 2980 5726 Date
3007 5671 3383 5743 cleemosynam
3406 5715 3420 5740 ,
3443 5681 3499 5755 fl

231 5758 475 5829 jejunare
502 5770 598 5815 aut
623 5760 921 5817 remedium
947 5768 1029 5818 est
1049 5770 1142 5818 aut
1162 5763 1462 5832 praemium,
1493 5763 1544 5817 in
1573 5763 1812 5830 Quadra-

1917 5776 2030 5815 ecce
2050 5761 2226 5816 omnia
2251 5762 2446 5818 munda
2468 5773 2586 5818 sunt
2619 5763 2759 5818 vobis
2788 5763 2938 5836 (Luc.
2963 5763 3061 5836 xu).
3092 5764 3198 5820 Sed
3221 5766 3358 5821 forte
3380 5767 3493 5847 haec
