4036 6370
520 323 592 380 23
1156 319 1219 374 Β.
1257 319 1511 375 RABANI
1547 318 1766 376 MAURI
1801 319 2119 377 ARCHIEP.
2160 317 2466 377 MOGUNT.
2508 319 2790 379 OPERUM
2827 318 3006 378 PARS
3036 322 3100 378 ll.
3671 327 3741 390 94

519 433 742 489 audiens
766 431 979 503 aliquis,
1010 432 1150 504 apud
1179 447 1238 488 se
1271 433 1344 488 ita
1371 434 1597 504 cogitat,
1626 436 1808 491 dicens
1837 451 1851 488 :
1883 433 2082 489 Vellem
2109 436 2161 495 Α

517 525 913 594 eleemosynam
941 524 1090 589 dare,
1118 523 1211 579 sed
1239 539 1344 578 non
1382 525 1555 580 habeo
1582 525 1801 581 omnino
1818 525 1960 594 quod
1981 523 2080 577 tri-

517 613 701 668 buam.
731 612 840 668 Illis
865 605 996 682 ergo
1018 613 1109 682 qui
1155 629 1261 668 non
1310 613 1598 668 habuerint
1637 616 1780 670 unde
1825 615 2082 680 tribuant,

516 700 715 758 sufﬁcit
733 701 980 757 voluntas
998 701 1160 767 bona,
1183 702 1473 757 secundum
1501 702 1629 758 illud
1657 703 1798 773 quod
1826 702 2084 772 scriptum

517 805 625 862 est,
650 795 830 850 Gloria
858 796 912 850 in
931 794 1146 850 excelsis
1166 793 1299 862 Deo,
1319 804 1365 850 et
1394 797 1450 851 in
1476 806 1615 852 terra
1646 813 1753 869 pas:
1790 798 2082 853 hominibus

518 884 667 939 bonte
693 883 966 938 voluntatis
1000 882 1150 955 (Luc.
1176 883 1258 956 ιι).
1285 882 1390 939 Sed
1424 885 1547 954 quis
1585 892 1668 940 est
1694 884 1788 956 qui
1827 899 1887 940 se
1927 900 2084 941 excu-

515 989 638 1030 sare
659 981 854 1043 potest,
881 989 1004 1028 cum
1025 973 1186 1028 etiam
1210 989 1308 1044 pro
1331 973 1501 1030 calice
1528 989 1681 1044 aqua:
1713 973 1918 1045 frigida:
1941 990 2082 1030 mer-

515 1061 702 1116 cedem
761 1077 820 1118 se
875 1062 1130 1118 Dominus
1182 1063 1493 1132 promiserit
1550 1063 1883 1119 redditurum
1928 1065 2083 1120 esse?

515 1147 730 1219 (Matth.
759 1149 838 1221 x.)
863 1150 929 1205 Et
951 1165 1121 1221 quare
1144 1151 1352 1222 frigida:
1372 1153 1524 1219 dixit,
1555 1168 1623 1208 ne
1650 1151 1793 1209 forte
1821 1170 1878 1210 se
1901 1165 2083 1224 posset

511 1239 710 1310 aliquis
738 1255 941 1312 pauper
973 1242 1038 1297 de
1082 1242 1348 1314 lignorum
1397 1245 1620 1314 penuria
1663 1260 1943 1312 excusare,
1988 1254 2083 1302 aut

510 1337 659 1384 certe
684 1330 863 1387 dicere
883 1347 943 1387 se
966 1331 1240 1388 vasculum
1269 1334 1363 1389 ubi
1402 1349 1598 1405 aquam
1643 1335 1922 1392 calefaciat
1973 1353 2080 1392 non

509 1417 733 1475 habere.
757 1417 997 1490 Denique
1029 1431 1084 1477 et
1105 1437 1204 1492 per
1230 1425 1545 1494 prophetam
1574 1427 1647 1482 ita
1673 1427 1930 1482 Dominus
1955 1428 2084 1484 hor-

506 1513 676 1572 tatur,
701 1515 756 1564 et
803 1524 870 1565 eo
915 1511 1074 1567 modo
1127 1512 1380 1570 admonet
1426 1515 1820 1588 eleemosynam
1858 1517 1997 1585 fieri,
2021 1527 2082 1573 ut

507 1611 678 1667 prope
699 1596 875 1653 nullus
904 1613 1107 1669 pauper
1133 1602 1203 1656 sit
1240 1603 1330 1672 qui
1363 1617 1423 1659 se
1446 1620 1705 1662 excusare
1734 1606 1938 1674 valeat;
2001 1607 2081 1662 sic

506 1687 654 1744 enim
681 1688 762 1743 ait
795 1703 811 1743 :
843 1688 958 1743 Hoc
981 1700 1057 1745 est
1073 1692 1339 1762 jejunium
1366 1696 1506 1767 quod
1545 1697 1708 1769 elegi,
1732 1698 1860 1753 dicit
1898 1699 2080 1753 Domi-

2768 433 3047 491 HOMILIA
3082 433 3174 490 XI.

2506 538 2560 577 IN
2593 538 2847 580 DOHINICA
2885 539 2945 578 ιιι
2995 539 3431 588 ρυλωυιαεειωε.

2185 630 2265 687 De
2291 633 2596 704 assiduitate
2620 634 2889 699 orationis,
2918 635 3134 704 etquod
3158 634 3228 688 ad
3260 634 3526 690 ecclesiam
3563 654 3738 698 conve-

2256 703 2523 784 niendum,
2554 713 2601 757 et
2636 704 2780 784 quod
2815 721 2922 784 non
2962 702 3079 756 licet
3122 705 3363 775 cuiquam
3400 716 3634 763 venatum
3663 707 3739 765 vel

2255 771 2398 826 aleas
2426 774 2481 827 in
2501 771 2693 826 sanctis
2722 773 2901 826 diebus
2928 788 3182 827 exercere.

2251 877 2537 948 Apostolus
2579 880 2774 936 Petrus
2815 882 3131 938 exhortatur
3171 898 3290 949 nos,
3317 882 3511 940 fratres
3533 885 3738 942 charis-

2184 966 2326 1033 simi,
2351 968 2492 1037 quod
2526 969 2668 1023 cauti
2702 970 2868 1024 simus
2896 985 2959 1025 ac
2983 970 3195 1026 solliciti
3219 986 3348 1043 erga
3379 973 3603 1028 salutem
3627 975 3740 1030 ani-

2182 1069 2392 1109 marum
2418 1066 2744 1123 nostrarum,
2769 1073 2838 1114 ne
2858 1058 3018 1126 forte,
3042 1075 3141 1129 per
3160 1060 3381 1116 insidias
3407 1061 3576 1118 hostis
3600 1065 3740 1119 anti-

2181 1145 2274 1214 qui
2305 1147 2677 1215 circumventi,
2704 1157 3049 1220 peccatorum
3092 1150 3302 1220 laqueis
3328 1151 3657 1219 irretiamur,
3687 1162 3742 1210 et

2180 1236 2387 1289 enormi
2413 1236 2675 1292 scelerum
2691 1246 2879 1293 catena
2899 1240 3197 1306 constricti,
3211 1247 3410 1296 aeterno
3424 1243 3558 1313 depu
3566 1251 3741 1298 temur

2182 1325 2437 1380 interitui.
2467 1326 2713 1398 Vigilate,
2741 1329 2936 1399 inquit,
2960 1339 3007 1384 et
3029 1340 3173 1386 orate
3191 1371 3205 1396 ,
3228 1334 3292 1385 'ut
3331 1347 3435 1386 non
3463 1332 3662 1387 intretis
3685 1331 3746 1386 in

2180 1416 2531 1481 tentationem,
2575 1417 2700 1486 quia
2753 1419 3082 1473 adversarius
3127 1429 3289 1474 vester
3333 1407 3610 1488 diabolus,
3635 1435 3746 1480 tan-

2176 1523 2333 1578 quam
2353 1507 2432 1561 leo
2453 1509 2682 1578 rugiens,
2704 1508 2910 1576 circuit,
2935 1521 3178 1580 quterens'
3198 1527 3346 1581 quem
3373 1511 3579 1566 devoret
3613 1526 3631 1564 :
3662 1513 3747 1566 cui

2179 1601 2397 1654 resistite
2422 1600 2579 1669 fortes
2604 1601 2782 1670 inﬁde
2817 1601 2867 1673 (1
2903 1599 3048 1656 Petr.
3078 1601 3153 1673 v).
3201 1603 3268 1656 Et
3292 1601 3413 1658 ideo
3439 1604 3584 1657 omni
3610 1611 3750 1658 tem-

2177 1707 2330 1763 pore,
2352 1691 2584 1746 maxime
2625 1699 2806 1747 autem
2851 1691 2938 1747 his
2973 1692 3351 1749 sacratissimis
3372 1693 3585 1760 diebus,
3614 1709 3744 1764 ope-

507 1793 606 1831 nus
632 1790 653 1829 :
684 1775 897 1849 Frange
920 1782 1170 1835 esurienti
1192 1794 1564 1852 panemttuum,
1593 1796 1644 1841 et
1685 1804 1868 1858 egenos
1897 1772 2078 1859 vagos.
2105 1773 2152 1831 B
2180 1797 2294 1835 ram
2317 1780 2575 1836 debemus
2603 1781 2912 1852 impendere
2945 1782 3144 1853 vigiliis
3181 1790 3238 1837 et
3273 1783 3530 1849 orationi,
3564 1792 3751 1853 quate-

503 1885 603 1938 que
630 1868 790 1924 induc
813 1871 868 1925 in
908 1872 1118 1926 domum
1154 1884 1299 1929 tuam
1350 1876 1484 1948 (Isa.
1508 1877 1681 1951 LVIII).
1712 1879 1830 1935 Non
1862 1881 1995 1936 dixit
2018 1889 2077 1936 ut

504 1955 774 2026 integrum
798 1972 992 2027 panem
1026 1961 1196 2029 daret,
1221 1979 1343 2018 cum
1389 1963 1528 2022 forte
1557 1966 1647 2022 ille
1671 1982 1878 2039 pauper
1911 1969 2076 2024 alium

505 2060 615 2102 non
645 2047 890 2116 haberet,
913 2050 1008 2106 sed
1034 2052 1238 2124 frange,
1262 2054 1465 2125 inquit;
1517 2072 1581 2113 ac
1631 2059 1678 2113 si
1728 2059 1932 2115 diceret
1971 2077 1985 2114 :
2019 2059 2077 2116 Si

503 2144 656 2192 tanta
687 2137 782 2192 tibi
807 2148 1096 2210 paupertas
1120 2151 1203 2198 est
1240 2153 1298 2198 ut
1343 2161 1450 2200 non
1501 2146 1707 2202 habeas
1755 2148 1863 2202 nisi
1910 2163 2106 2203 unum-

500 2242 719 2298 panem,
740 2243 806 2284 ex
827 2230 942 2300 ipso
963 2247 1176 2304 quoque
1199 2234 1408 2308 frange,
1429 2246 1485 2294 et
1505 2239 1830 2310 pauperibus
1857 2240 2037 2298 tribue
2058 2260 2072 2297 :

501 2317 576 2372 Et
607 2336 792 2390 egenos
817 2339 1069 2396 vagosque
1095 2326 1252 2382 induc
1278 2329 1332 2383 in
1355 2329 1568 2384 domum
1606 2340 1772 2398 tuam,
1802 2333 1956 2402 quasi
2001 2333 2078 2389 di-

502 2415 595 2463 cat
618 2426 632 2463 :
658 2409 718 2466 Si
755 2418 809 2467 te
831 2420 941 2467 tam
967 2430 1256 2486 pauperem
1291 2432 1410 2474 esse
1435 2421 1781 2490 conquereris
1806 2421 1947 2491 quod
1967 2436 2076 2477 non
2097 2479 2101 2484 .

501 2495 707 2555 habeas
729 2501 870 2556 unde
897 2506 1121 2574 pauperi
1165 2505 1345 2562 cibum
1389 2509 1614 2576 tribuas,
1649 2510 1840 2565 saltem
1885 2510 1970 2566 vel
2019 2512 2074 2566 in

500 2603 612 2645 uno
635 2590 835 2661 angulo
862 2592 1052 2650 domus
1077 2603 1184 2652 tua:
1207 2599 1494 2668 peregrino
1516 2601 1761 2670 praepara
1794 2600 2070 2656 lectulum.

499 2673 564 2732 Si
604 2679 825 2746 videris,
857 2681 1068 2752 inquit,
1103 2685 1336 2754 nudum,
1368 2697 1503 2744 veste
1549 2691 1756 2761 conperi
1789 2707 1936 2757 eum,
1967 2706 2074 2748 non

500 2768 640 2824 dixit
670 2783 931 2841 purpura,
956 2775 1041 2829 vel
1067 2777 1319 2845 pretiosis
1340 2780 1602 2848 vestibus,
1625 2782 1787 2837 indue
1811 2797 1954 2850 eum,
1979 2781 2074 2838 sed

500 2859 708 2928 conperi
726 2876 865 2928 eum,
896 2863 999 2919 hoc
1020 2876 1104 2920 est
1128 2867 1476 2936 indumentis,
1494 2871 1740 2940 qualibus
1759 2872 1948 2940 habes,
1973 2889 2073 2928 nu-

497 2947 726 3004 ditatem
752 2949 868 3020 ejus
891 2960 1028 3025 tege.
1057 2955 1127 3010 Et
1154 2973 1363 3014 carnem
1384 2969 1554 3028 tuam,
1580 2962 1780 3032 inquit,
1801 2978 1866 3018 ne
1897 2963 2077 3034 despe-

495 3041 662 3108 xeris,
688 3041 793 3098 hoc
815 3053 918 3111 est,
931 3057 1146 3102 omnem
1174 3049 1445 3106 hominem
1468 3053 1562 3123 qui
1589 3061 1795 3109 naturae
1813 3062 1920 3110 tuae
1941 3070 2070 3126 par-

499 3127 669 3200 ticeps
697 3140 802 3188 est.
843 3133 984 3202 Quid
1026 3151 1126 3193 nos
1150 3138 1220 3194 ad
1247 3140 1362 3197 hzec
1384 3143 1579 3198 dicturi
1605 3159 1811 3211 sumus,
1839 3143 2068 3211 fratres;

496 3219 586 3275 vel
618 3234 781 3290 quam
819 3227 1224 3283 excusationem
1250 3230 1453 3288 habere
1475 3227 1796 3304 poterimus,
1824 3235 1916 3305 qui
1961 3249 2076 3289 am-

497 3314 616 3385 plas
641 3328 698 3374 et
732 3320 994 3389 spatiosas
1024 3321 1219 3378 domus
1243 3323 1524 3390 habentes,
1548 3324 1641 3380 vix
1670 3323 1959 3394 aliquando
1993 3326 2074 3380 di-

497 3420 728 3478 gnamur
752 3409 1004 3481 excipere
1045 3413 1387 3483 peregrinum
1413 3429 1427 3468 :
1453 3413 1785 3484 ignorantes,
1815 3414 1924 3469 imo
1965 3429 2072 3471 non

495 3497 801 3565 credentes,
829 3501 974 3570 quod
1004 3501 1060 3557 in
1083 3503 1333 3560 omnibus
1356 3503 1656 3575 peregrinis
1683 3502 1931 3560 Christus
1955 3521 2073 3560 sus-

495 3587 731 3659 cipitur,
783 3590 923 3646 sicut
955 3592 1070 3663 ipse
1105 3592 1283 3648 dixit:
1313 3591 1516 3664 Hospes
1560 3592 1642 3663 fui
1684 3601 1734 3647 et
1775 3595 2072 3664 suscepistis

493 3695 578 3734 me
623 3679 839 3752 (Matth.
865 3684 1027 3756 xxv);
1068 3693 1122 3741 et
1155 3702 1168 3738 :
1203 3683 1452 3750 Quandiu
1487 3685 1681 3754 fecistis
1705 3685 1800 3738 uni
1825 3701 1889 3740 ea:
1913 3685 2073 3740 mini-

492 3771 596 3826 mis
620 3772 754 3837 istis,
772 3773 900 3827 mihi
929 3773 1124 3843 fecistis
1154 3773 1362 3847 (Ibid.).
1385 3774 1741 3830 Laboriosum
1763 3783 1818 3830 et
1840 3774 2074 3831 fastidio-

492 3876 617 3916 sum
662 3862 821 3919 nobis
855 3871 941 3920 est
983 3863 1039 3920 in
1084 3864 1410 3936 pauperibus
1439 3865 1681 3936 recipere
1706 3864 1980 3921 Christum
2016 3867 2072 3922 in

492 3953 674 4023 patria
702 3962 911 4022 nostra,
931 3955 1098 4012 timeo
1130 3970 1200 4012 ne
1230 3957 1386 4013 nobis
1413 3957 1502 4013 ille
1527 3958 1725 4014 iterum
1747 3957 1922 4013 vicem
1951 3955 2073 4012 red-

494 4041 609 4102 dat,
631 4048 689 4096 et
709 4056 808 4098 nos
833 4057 943 4097 non
970 4042 1197 4114 recipiat
1223 4043 1281 4098 in
1305 4044 1690 4101 beatitudinem
1717 4060 1893 4100 suam.
1921 4043 2069 4102 Con-

492 4129 786 4186 temnimus
814 4131 964 4187 illum
991 4132 1048 4187 in
1071 4133 1293 4200 mundo,
1317 4134 1482 4190 timeo
1509 4151 1577 4190 ne
1600 4150 1703 4191 nos
1746 4135 1836 4191 ille
1872 4135 2070 4190 iterum

494 4229 812 4278 contemnat
837 4223 894 4278 in
917 4223 1078 4290 coelo,
1104 4225 1398 4281 secundum
1423 4225 1553 4281 illud
1583 4228 1726 4297 quod
1746 4227 1863 4297 ipse
1887 4226 2024 4282 dixit
2051 4242 2067 4281 :

492 4309 710 4364 Esurivi
735 4319 784 4365 et
812 4327 914 4366 non
943 4311 1160 4368 dedistis
1185 4313 1315 4367 mihi
1351 4313 1689 4380 manducare,
1715 4322 1764 4369 et
1785 4315 1968 4383 hospes
1989 4315 2070 4384 fui

494 4408 546 4454 et
566 4417 670 4455 non
687 4402 980 4471 suscepistis
1003 4419 1119 4469 me;
1139 4412 1230 4460 et:
1259 4403 1507 4470 Quandiu
1539 4420 1643 4458 non
1664 4404 1857 4473 fecistis
1883 4404 1975 4459 uni
2002 4419 2068 4460 ea:

494 4489 727 4544 minimis
753 4491 891 4559 istis,
909 4509 1000 4548 nec
1014 4493 1145 4547 mihi
1171 4495 1402 4564 fecistis;
1438 4503 1492 4550 et
1520 4494 1664 4563 quod
1693 4501 1820 4549 tunc
1838 4494 1922 4550 bis
1953 4495 2068 4564 ipse

491 4577 656 4650 iudex
678 4581 839 4650 dicet,
867 4593 1100 4651 avertat,
1127 4585 1345 4653 fratres,
1371 4587 1512 4642 Deus
1536 4586 1640 4642 hoc
1664 4601 1695 4640 a
1719 4586 1875 4641 nobis
1903 4603 1918 4640 :
1945 4585 2069 4642 Dis-

494 4671 692 4740 cedite,
714 4672 915 4744 inquit,
945 4691 980 4728 a
1008 4691 1090 4730 me
1108 4715 1123 4741 ,
1151 4675 1450 4740 maledicti,
1499 4676 1557 4730 in
1583 4676 1752 4746 ignem
1783 4683 2064 4741 aeternum,

493 4764 584 4834 qui
603 4773 822 4833 paratus
841 4773 916 4820 est
943 4765 1152 4820 diabolo
1172 4773 1221 4821 et
1249 4766 1448 4836 angelis
1469 4766 1619 4836 ejus;
1656 4767 1800 4835 quod
1831 4781 1930 4822 nos
1957 4767 2068 4822 evi-

493 4861 632 4919 tare,
663 4861 719 4909 et
742 4853 871 4911 illud
906 4855 1078 4926 magis
1103 4854 1290 4911 audire
1325 4857 1469 4926 quod
1514 4857 1687 4913 beatis
1735 4866 1791 4913 et
1840 4859 2070 4915 eleemo-

493 4959 646 5017 synte
669 4945 1015 5019 largitoribus
1047 4947 1138 5003 ille
1156 4947 1398 5004 dicturus
1425 4955 1510 5004 est
1535 4965 1548 5002 :
1589 4947 1791 5016 Venite,
1815 4950 2068 5006 benedicti

497 5033 677 5091 Patris
706 5037 828 5105 mei,
853 5039 1096 5109 percipite
1120 5054 1352 5108 regnum,
1374 5039 1514 5110 quod
1557 5040 1695 5095 vobis
1721 5049 1966 5111 paratum
1991 5051 2068 5097 est

497 5126 562 5180 ab
590 5127 788 5198 origine
827 5129 1030 5193 mundi,
1058 5128 1171 5198 ipse
1197 5129 1476 5198 concedat,
1501 5131 1596 5201 qui
1625 5133 1853 5188 redemit
1886 5148 1985 5190 nos
2008 5134 2065 5189 in

495 5218 758 5288 sanguine
776 5232 895 5284 suo,
925 5217 1190 5285 Christus,
1221 5220 1457 5278 salvator
1480 5230 1537 5278 et
1551 5223 1717 5294 judex
1742 5234 1946 5292 noster,
1972 5228 2065 5296 qui

494 5308 632 5365 vivit
676 5317 734 5365 et
785 5318 975 5381 regnat
1015 5325 1137 5366 cum
1185 5312 1296 5368 Deo
1343 5312 1504 5369 Patre
1546 5323 1603 5370 et
1639 5315 1844 5384 Spiritu
1877 5324 2066 5373 sancto

497 5400 662 5470 Deus,
683 5417 781 5473 per
803 5403 983 5460 omnia
1027 5404 1221 5461 saecula
1269 5406 1610 5464 saeculorum.
1646 5406 1840 5466 Amen.

1169 5645 1403 5665 ἡ

2177 1890 2280 1930 nus
2310 1889 2408 1944 per
2444 1873 2679 1944 gratiam
2705 1872 2906 1929 Christi
2942 1873 3226 1929 tentatoris
3253 1873 3615 1931 versutissimi
3655 1874 3751 1929 do—
3783 1941 3791 1951 .

2177 1965 2260 2020 los
2285 1973 2340 2019 et
2365 1964 2632 2032 nequitias
2658 1964 2926 2033 possimus
2950 1965 3179 2022 evadere
3207 1975 3262 2020 et
3299 1965 3353 2020 in
3385 1965 3486 2021 Dei
3533 1966 3754 2021 servitio

2176 2054 2360 2111 sedulo
2408 2069 2750 2124 permanere.
2799 2053 2956 2111 Omni
3007 2057 3222 2126 quidem
3271 2065 3517 2128 tempore
3559 2066 3614 2112 et
3667 2057 3753 2111 die

2174 2152 2464 2214 noctuque,
2512 2144 2628 2200 sine
2668 2159 2860 2200 somno
2907 2159 2971 2200 ac
3019 2146 3136 2200 sine
3179 2144 3398 2216 requie,
3426 2145 3670 2201 diabolus
3697 2153 3754 2198 et

2175 2235 2352 2307 angeli
2403 2233 2520 2304 ejus
2571 2235 2907 2303 circumeunt
2954 2235 3207 2305 populum
3258 2233 3649 2300 Christianum,
3698 2242 3754 2290 et

2174 2334 2422 2396 quarunt
2449 2339 2609 2396 quem
2632 2325 2917 2381 venenatis
2944 2325 3151 2380 artibus
3184 2325 3295 2384 suis
3335 2325 3586 2396 decipere
3624 2338 3751 2395 pos-

2173 2417 2325 2472 sint:
2354 2417 2588 2472 maxime
2616 2423 2798 2470 autem
2819 2422 2946 2470 tunc
2967 2413 3150 2470 infesti
3200 2422 3348 2481 sunt,
3390 2429 3515 2470 cum
3567 2414 3754 2469 vident

2174 2524 2360 2567 servos
2383 2509 2500 2575 Dei,
2529 2507 2826 2564 Ecclesiam
2853 2506 3104 2562 videlicet
3132 2505 3355 2572 Christi,
3382 2505 3584 2564 bellum
3610 2519 3745 2562 con-

2173 2609 2257 2656 tra
2285 2614 2345 2655 se
2373 2599 2675 2669 disponere,
2707 2606 2760 2653 et
2800 2597 2899 2653 sub
2922 2594 3140 2652 Christo
3194 2610 3324 2667 rege
3368 2596 3496 2651 totis
3544 2595 3756 2650 viribus

2173 2691 2407 2749 militare
2443 2690 2597 2746 velle.
2622 2689 2957 2760 Angustatur
2989 2687 3132 2743 enim
3153 2694 3283 2760 tunc
3309 2687 3479 2742 hostis
3509 2683 3598 2740 ille
3650 2699 3752 2739 ne-

2174 2784 2487 2855 quissimus,
2510 2782 2727 2853 quando
2750 2794 2878 2836 oves
2899 2777 3167 2850 quondam
3189 2791 3314 2832 suas
3338 2775 3588 2831 recedere
3608 2773 3752 2828 velle

2174 2875 2459 2945 conspicit,
2487 2872 2691 2938 fremit,
2715 2870 2988 2936 irascitur,
3021 2868 3168 2932 furit,
3182 2874 3239 2921 et
3263 2866 3390 2921 totis
3416 2864 3626 2919 viribus
3654 2863 3753 2916 ad-

2173 2980 2364 3022 versus
2389 2978 2484 3021 eas
2512 2969 2900 3025 commovetur,
2920 2960 3098 3035 perire
3127 2956 3567 3018 sibi’existimans
3595 2952 3754 3023 quid—

2173 3054 2303 3125 quid
2327 3052 2542 3110 Christo
2569 3050 2824 3106 salvatur.
2848 3047 2984 3115 Quia
3005 3061 3152 3116 ergo,
3176 3046 3372 3100 fratres
3392 3040 3754 3112 dilectissimi,

2173 3146 2243 3201 ad
2274 3143 2486 3200 Domini
2518 3147 2917 3198 sacramentum
2958 3135 3358 3207 percipiendum
3388 3130 3751 3204 quadraginta

2172 3235 2382 3292 dierum
2398 3231 2603 3302 jejunio
2628 3242 3014 3302 prmparamur,
3047 3224 3239 3280 intenti
3263 3223 3435 3279 simus
3459 3222 3528 3278 ad
3549 3222 3753 3279 oratio-

2172 3340 2317 3390 nem,
2345 3324 2413 3379 ad
2443 3337 2628 3378 sacras
2653 3319 2910 3376 ecclesias
2938 3315 3385 3379 conveniendum,
3419 3313 3488 3369 ad
3523 3311 3754 3368 oll'eren-

2171 3415 2301 3470 dum
2333 3413 2408 3469 ibi
2436 3412 2664 3467 Domino
2698 3422 2888 3480 preces
2927 3416 2982 3462 et
3026 3403 3446 3476 supplicationes
3499 3403 3750 3459 devotas.

2171 3505 2482 3576 Jejunemus
2511 3512 2591 3559 tot
2619 3501 2805 3559 diebus
2831 3513 2931 3570 pro
2956 3499 3194 3570 peccatis
3220 3496 3442 3561 nostris,
3471 3501 3607 3565 quot
3647 3507 3752 3564 pro

2173 3595 2469 3652 sceleribus
2493 3591 2695 3649 nostris
2735 3589 2994 3644 Dominus
3019 3585 3302 3658 jejunavit.
3327 3583 3480 3639 lllum
3506 3590 3630 3654 post
3653 3582 3749 3637 ba-

2169 3687 2425 3758 ptismum
2451 3682 2679 3740 tentavit
2710 3679 2980 3744 diabolus;
3023 3691 3132 3732 non
3171 3673 3377 3730 sciebat
3415 3671 3511 3728 Dei
3550 3670 3750 3726 Filium

2171 3791 2310 3842 esse,
2337 3783 2392 3829 et
2418 3781 2703 3844 propterea
2740 3777 2949 3824 tentare
2986 3762 3387 3837 praesumebat:
3419 3775 3519 3815 nos
3566 3767 3750 3814 autem

2171 3867 2296 3938 quia
2322 3865 2425 3922 scit
2465 3863 2604 3918 filios
2648 3861 2745 3918 Dei
2778 3859 2896 3915 ﬁeri
2934 3856 3093 3923 velle,
3113 3861 3399 3925 propterea
3439 3863 3754 3920 expugnare

2170 3958 2384 4023 nititur,
2412 3964 2466 4012 et
2504 3953 2659 4026 quasi
2708 3965 2932 4022 serpens
2991 3948 3260 4012 lubricus,
3310 3952 3530 4000 nostros
3580 3941 3754 3996 invol-

2169 4061 2298 4101 vere
2338 4045 2523 4115 pedes,
2562 4059 2631 4099 ne
2674 4041 2965 4098 ascendere
3006 4037 3280 4093 valeamus
3322 4034 3389 4088 ad
3423 4032 3651 4088 coelum.
3688 4029 3750 4087 Si

2170 4153 2300 4211 ergo
2333 4138 2619 4194 Dominum
2652 4143 2859 4190 tentare
2886 4144 3050 4186 ausus
3089 4135 3174 4185 est
3211 4123 3515 4196 versipellis
3556 4132 3614 4179 et
3658 4137 3753 4178 ne-

2170 4245 2354 4300 quam,
2382 4237 2584 4299 quanto
2613 4225 2785 4296 magis
2827 4237 2926 4277 nos
2959 4219 3207 4290 decipere
3254 4230 3360 4270 non
3409 4213 3660 4269 timebit?
3691 4211 3754 4268 Si

2170 4327 2359 4374 contra
2389 4317 2583 4372 Filium
2613 4315 2708 4370 Dei
2728 4322 2783 4368 et
2816 4310 3035 4383 ﬁgulum
3066 4321 3224 4363 suum
3247 4319 3345 4360 vas
3364 4304 3645 4373 perditum
3667 4317 3756 4358 re-

2171 4405 2449 4477 pugnavit,
2478 4412 2680 4474 quanto
2713 4402 2884 4472 magis
2904 4406 3095 4455 contra
3123 4411 3240 4460 nos,
3271 4393 3362 4464 qui
3398 4394 3522 4464 puri
3572 4393 3756 4449 homi—

2169 4516 2266 4557 nes
2291 4513 2498 4562 sumus,
2529 4495 2748 4551 audebit
2783 4491 3027 4548 irruere?
3077 4488 3185 4544 Sed
3231 4486 3365 4550 heu,
3391 4485 3530 4556 proh
3561 4485 3748 4540 dolor!

2167 4599 2293 4646 sunt
2321 4587 2487 4658 aliqui
2513 4586 2644 4640 tales
2670 4584 2760 4653 qui
2787 4583 2841 4637 in
2872 4583 2959 4636 his
2984 4578 3188 4634 sanctis
3223 4575 3410 4631 diebus
3436 4575 3614 4644 magis
3635 4583 3756 4631 slu-

2166 4685 2298 4739 dent
2321 4682 2547 4738 terrenis
2577 4677 2808 4748 negotiis
2841 4683 2934 4730 aut
2977 4673 3132 4727 vanis
3183 4669 3314 4726 aleae
3343 4667 3504 4733 ludis,
3531 4675 3631 4722 aut
3659 4683 3755 4722 ve-

2167 4774 2338 4839 natui,
2369 4780 2464 4827 aut
2496 4769 2774 4827 audiendis
2819 4767 2996 4822 causis
3043 4777 3260 4829 vacare,
3302 4775 3466 4832 quam
3515 4761 3752 4815 verbum

2168 4866 2265 4920 Dei
2298 4865 2485 4920 audire
2511 4871 2604 4918 aut
2629 4859 2860 4918 orationi
2900 4858 3168 4913 insistere.
3209 4853 3293 4908 An
3331 4848 3534 4923 putatis
3593 4851 3752 4906 illum

2161 4953 2433 5026 jejunare,
2462 4952 2681 5015 fratres,
2714 4948 2807 5020 qui
2843 4947 3020 5017 primo
3050 4940 3284 4999 diluculo
3317 4955 3424 4995 non
3465 4939 3534 4994 ad
3563 4939 3750 4996 eccle-

2168 5044 2304 5100 siam
2350 5041 2553 5112 vigilat,
2591 5054 2698 5094 non
2743 5038 3024 5091 beatorum
3063 5040 3360 5101 martyrum
3401 5027 3520 5083 loca
3555 5036 3751 5083 sancta

2165 5136 2460 5210 perquirit,
2485 5134 2579 5190 sed
2614 5147 2841 5203 surgens
2880 5133 3170 5198 congregat
3202 5122 3474 5189 servulos,
3501 5120 3752 5192 disponit

2167 5230 2326 5295 retia,
2349 5240 2512 5283 canes
2545 5223 2794 5296 producit
2818 5221 3086 5288 silvasque
3113 5216 3434 5288 perlustrat,
3456 5228 3520 5269 ac
3546 5227 3748 5268 servu-

2166 5320 2248 5373 los
2270 5332 2398 5371 suos
2421 5313 2689 5385 pertrahit
2707 5325 2910 5375 secum,
2943 5301 3174 5364 fortasse
3199 5306 3266 5361 ad
3305 5303 3592 5360 ecclesiam
3633 5316 3752 5358 ma-

2165 5409 2250 5480 gis
2279 5406 2612 5468 festinantes,
2641 5411 2697 5458 et
2733 5399 3095 5471 voluptatibus
3143 5395 3256 5452 suis
3300 5399 3523 5464 peccata
3577 5405 3748 5446 accuo

2165 5500 2336 5558 mulat
2359 5498 2551 5561 aliena,
2579 5493 2828 5552 nesciens
2851 5507 2910 5547 se
2934 5505 3086 5546 reum
3115 5487 3354 5542 futurum
3393 5491 3505 5537 tam
3541 5481 3612 5535 de
3642 5495 3750 5538 suo

2165 5593 2360 5650 delicto
2387 5604 2547 5660 quam
2574 5589 2641 5644 de
2683 5585 2984 5656 perditione
3036 5576 3350 5637 servorum?
3396 5573 3532 5629 Tota
3576 5570 3751 5640 igitur

2165 5685 2251 5742 dic
2292 5681 2571 5740 venatibus
2597 5678 2931 5744 immoratur,
2963 5689 3105 5731 nunc
3150 5669 3440 5728 clamorem
3482 5663 3748 5722 immode-
