4036 6370
288 363 362 422 ιδ
1241 368 1547 427 ΗΟΜιιιίΕ
1580 367 1675 425 DE
1711 367 1876 424 FES'I

1991 367 2399 436 PRAECIPUIS,
2440 369 2594 425 ETC.
3464 336 3539 426 se

290 493 467 542 ratum
513 479 764 547 efferens,
809 464 953 538 nunc
997 484 1267 540 silentium
1320 487 1552 543 latenter
1585 488 1859 554 indicens;
1891 489 1939 549 Α
1967 487 2087 542 fans
2114 488 2344 543 mundus
2369 497 2473 554 est,
2498 489 2619 559 quis
2645 504 2704 543 se
2730 489 3022 545 immunem
3048 503 3079 544 a
3119 497 3343 561 peccato
3371 491 3539 547 aude-

290 578 452 633 ltetus
471 575 516 631 si
559 574 758 644 aliquid
784 576 1009 646 ceperit,
1031 576 1202 631 iratus
1227 578 1273 633 si
1307 579 1359 633 id
1390 579 1530 648 quod
1559 595 1666 634 non
1696 580 1864 635 habe-

295 669 385 724 bnt
412 667 685 731 amiserit;
723 674 777 722 et
799 676 951 722 tanto
988 669 1164 723 studio
1202 670 1343 740 gerit
1367 670 1519 740 quasi
1563 671 1683 725 ideo
1726 671 1865 726 indi-

296 766 438 814 ctum
474 756 737 827 jejunium
783 758 944 814 fuerit
995 768 1055 815 ut
1095 769 1340 815 venetur.
1374 760 1442 815 Et
1468 769 1593 816 sunt
1622 761 1883 832 plerique,

296 864 387 919 qui
409 850 475 904 de
499 850 780 905 venatibus
806 850 1106 912 redeuntes,
1132 852 1302 922 magis
1331 867 1524 907 canum
1555 867 1718 923 quam
1747 868 1864 909 ser-

299 953 485 993 vorum
510 955 693 993 curam
719 948 934 1010 gemat,
955 948 1010 995 et
1032 940 1235 997 faciunt
1257 958 1350 998 eos
1372 942 1529 1012 juxta
1559 960 1618 999 se
1655 960 1866 1000 recum-

296 1028 423 1083 bere
446 1029 529 1083 vel
571 1029 826 1095 dormire,
863 1031 1231 1099 quotidianum
1265 1033 1368 1088 illis
1405 1035 1585 1089 cibum
1620 1035 1699 1090 sui
1726 1051 1865 1106 prce-

297 1121 467 1176 sentia
514 1122 914 1188 ministrantes,
958 1123 1049 1192 qui
1090 1132 1269 1178 utrum
1323 1141 1510 1181 servus
1568 1125 1684 1197 ejus
1727 1125 1869 1181 fame

297 1212 558 1267 moriatur
583 1212 823 1283 ignorat;
856 1224 911 1270 et
939 1217 1082 1284 quod
1108 1225 1191 1271 est
1230 1217 1468 1286 gravius,
1498 1218 1542 1273 si
1586 1219 1871 1290 diligenter

295 1301 381 1357 his
410 1312 763 1372 praeparatum
792 1320 898 1359 non
934 1304 1125 1371 fuerit,
1154 1322 1251 1376 pro
1296 1323 1428 1363 cane
1480 1324 1666 1363 servus
1714 1298 1872 1378 puni?

297 1403 406 1459 tur,
437 1392 519 1448 vel
554 1395 716 1449 etiam
739 1397 1021 1451 occiditur.
1051 1396 1314 1452 Videntur
1340 1400 1484 1453 enim
1513 1400 1566 1453 in
1590 1398 1873 1453 nonnullo-

295 1499 415 1538 rum
446 1483 691 1540 domibus
724 1487 877 1541 nitidi
913 1495 968 1542 et
1005 1489 1173 1543 crassi
1209 1506 1370 1545 canes
1408 1490 1737 1547 discurrere.
1770 1490 1871 1544 bo~

294 1574 468 1631 mines
494 1570 684 1631 autem
728 1578 991 1647 pallentes
1038 1589 1092 1635 et
1142 1578 1437 1637 titubantes
1474 1582 1743 1638 incedere.
1776 1582 1873 1649 Isti

291 1681 423 1739 ergo
448 1670 714 1739 quomodo
748 1671 1035 1749 aliquando
1063 1675 1386 1744 pauperibus
1406 1676 1681 1732 extraneis
1707 1675 1874 1731 mise-

294 1757 576 1823 rebuntur,
605 1760 695 1829 qui
721 1761 940 1816 minime
976 1752 1207 1833 propriis
1258 1762 1476 1821 famulis
1525 1766 1868 1821 miserentur.

1965 577 2045 631 bit
2082 592 2326 633 asserere
2362 588 2417 633 et
2453 578 2781 648 poenitentia:
2838 579 3076 633 remedia
3124 580 3360 636 refutare
3413 595 3429 635 :
3474 579 3543 637 Et

1964 666 2156 720 beatus
2180 663 2413 721 Joannes
2441 666 2714 737 apostolus
2740 666 2811 720 ait
2845 663 2895 735 (Ι
2936 664 3097 720 Joan.
3127 666 3167 738 ι)
3200 685 3212 721 :
3245 666 3306 732 Si
3347 668 3543 723 dixeri-

1964 771 2080 808 mus
2120 756 2244 825 quia
2272 764 2538 825 peccatum
2565 772 2667 809 non
2692 754 2960 819 habemus,
2984 755 3084 824 ipsi
3106 773 3197 810 nos
3223 757 3539 822 seducimus,

1965 855 2014 899 et
2034 847 2225 900 veritas
2252 848 2308 900 in
2334 846 2479 900 nobis
2511 864 2612 900 non
2636 856 2730 899 est.
2758 845 2819 901 Si
2841 846 3181 914 confiteantur
3214 854 3425 917 peccata
3449 864 3545 901 no-

1965 948 2098 1005 stra,
2121 939 2291 1008 fidelis
2314 948 2388 993 est
2410 949 2455 993 et
2471 939 2668 1008 justus,
2698 948 2753 991 ut
2774 938 2996 991 remittat
3023 939 3167 992 nobis
3204 948 3416 1009 peccata
3448 955 3541 992 no-

1966 1041 2097 1097 stra,
2122 1042 2169 1085 et
2192 1033 2403 1086 mundet
2426 1050 2518 1086 nos
2540 1031 2603 1085 ab
2624 1032 2762 1085 omni
2785 1031 3072 1101 iniquitate.
3099 1029 3204 1085 Sed
3229 1031 3370 1100 quod
3390 1026 3544 1085 valde

1968 1121 2255 1177 dolendum
2303 1131 2403 1187 est,
2436 1121 2707 1186 nonnulli,
2736 1129 2959 1191 peccata
2989 1137 3084 1176 sua
3122 1120 3379 1175 oblivioni
3431 1128 3543 1175 tra-

1969 1211 2186 1273 dentes,
2213 1220 2267 1265 et
2292 1227 2389 1282 per
2425 1206 2753 1280 jactantiam
2793 1211 3116 1264 mundanam
3153 1210 3543 1280 superbientes,

1969 1315 2076 1353 non
2109 1290 2282 1356 solum
2314 1317 2370 1355 se
2398 1317 2519 1355 reos
2544 1317 2665 1356 esse
2688 1318 2791 1355 non
2823 1302 3076 1373 cogitant,
3107 1310 3163 1356 et
3186 1317 3244 1356 se
3268 1301 3545 1355 absolvere

1969 1406 2001 1444 a
2022 1391 2255 1461 propriis
2282 1391 2492 1446 delictis
2517 1408 2613 1463 per
2644 1392 3068 1447 misericordiam
3106 1392 3156 1445 in
3184 1391 3318 1446 alios
3342 1389 3540 1445 factam

1969 1502 2307 1556 nequaquam
2363 1494 2555 1542 curant
2595 1505 2608 1540 :
2659 1486 2767 1541 imo
2808 1494 3198 1556 prteceptorum
3245 1485 3545 1540 divinorum

1970 1581 2349 1641 immemores,
2374 1580 2447 1634 ita
2475 1579 2615 1634 circa
2655 1593 2839 1633 servos
2875 1593 3002 1633 suos
3047 1584 3101 1633 et
3154 1575 3396 1631 subditos
3444 1575 3547 1631 sibi

1970 1682 2293 1744 potestatem
2330 1670 2709 1728 dominationis
2735 1677 3014 1732 exercent,
3047 1677 3105 1722 ut
3131 1668 3184 1723 in
3226 1667 3309 1722 bis
3357 1666 3547 1721 diebus

1970 1782 2079 1822 non
2126 1765 2369 1820 dubitent
2416 1761 2638 1834 flagellis
2685 1777 2776 1816 eos
2825 1761 3047 1824 ctedere,
3094 1757 3270 1829 poenis
3313 1757 3546 1820 allicere,

292 1845 448 1904 Scire
469 1876 476 1884 -
498 1859 678 1906 autem
716 1852 1004 1919 debemus,
1042 1838 1261 1920 fratres,
1295 1856 1398 1911 hoc
1434 1866 1714 1926 acceptum
1751 1872 1872 1913 esse
1900 1839 1947 1898 Β
1974 1856 2323 1939 compedibus
2350 1854 2679 1924 praepedire;
2713 1853 2756 1908 si
2783 1852 2919 1907 forte
2942 1840 3159 1906 cum-ad
3199 1848 3549 1903 reﬁciendum

293 1939 404 1995 Deo
434 1941 723 2011 jejunium,
757 1959 860 1998 non
887 1945 1058 2000 solum
1088 1953 1146 2000 ut
1175 1947 1502 2003 abstinentia
1548 1949 1889 2021 castigemus

291 2044 544 2099 corpora,
566 2034 661 2086 sed
687 2032 851 2087 etiam
875 2034 1175 2091 humilitate
1205 2038 1413 2093 animas
1442 2038 1746 2094 induamus.
1789 2037 1875 2093 Si-

291 2132 413 2172 mus
440 2119 510 2172 ad
538 2120 796 2179 servulos.
815 2122 991 2189 mites,
1023 2123 1206 2179 blandi
1235 2126 1303 2180 ad
1333 2135 1636 2191 extraneos,
1665 2128 1875 2182 miseri-

292 2203 481 2260 cordes
517 2206 586 2260 ad
612 2222 906 2278 pauperes;
935 2220 1216 2282 surgentes
1236 2213 1411 2284 primo
1438 2215 1672 2271 diluculo
1697 2218 1762 2272 ad
1786 2232 1875 2272 ec-

297 2291 509 2348 clesiam
539 2294 879 2363 festinemus,
906 2300 1203 2358 referamus
1232 2305 1342 2360 Deo
1368 2306 1592 2376 gratias,
1626 2315 1876 2377 peccato-

294 2397 409 2436 rum
433 2384 646 2439 veniam
671 2386 1034 2456 postulemus,
1064 2400 1314 2462 rogantes
1347 2394 1635 2463 praeteritis
1664 2395 1874 2453 delictis

290 2471 698 2543 indulgentiam,
728 2477 994 2532 cautelam
1021 2480 1085 2534 de
1111 2479 1338 2549 futuris;
1373 2490 1488 2539 tota
1515 2484 1603 2539 die
1628 2484 1698 2539 sit
1717 2484 1873 2541 nobis

286 2563 503 2619 assidua
541 2566 626 2621 vel
679 2568 857 2623 oratio
902 2568 986 2624 vel
1032 2569 1235 2627 lectio:
1267 2574 1360 2642 qui
1415 2574 1625 2631 litteras
1678 2577 1870 2643 nescit,

289 2663 538 2713 sanctum
577 2659 754 2714 virum
802 2677 866 2716 ac
916 2662 1130 2719 doctum
1170 2668 1511 2736 perquirens,
1544 2668 1661 2737 ejus
1689 2670 1874 2725 confa-

288 2745 567 2804 bulatione
590 2759 860 2819 pascatur.
878 2750 1095 2808 Nullum
1120 2764 1273 2811 actus
1294 2758 1473 2813 saeculi
1498 2775 1528 2814 a
1549 2759 1730 2814 divina
1760 2758 1898 2816 ser?

289 2836 469 2892 vitute
505 2839 817 2898 abstraham
843 2844 927 2898 vel
962 2827 1256 2917 impediant
1287 2868 1299 2904 :
1340 2842 1446 2905 non
1476 2850 1633 2908 ludus
1677 2853 1874 2910 tabulae

297 2940 538 2987 mentem
558 2945 785 3003 avocet;
832 2926 940 2995 nan
965 2942 1212 3012 voluptas
1249 2960 1443 3001 canum
1474 2964 1664 3005 sensus
1700 2950 1872 3006 abdu-

294 3032 419 3090 cat;
449 3041 556 3082 non
583 3032 780 3102 negotii
805 3037 1182 3104 compendium
1207 3039 1443 3094 animam
1463 3041 1720 3100 aviditate
1749 3060 1877 3115 pera

290 3122 493 3170 vertat.
519 3115 789 3191 Quidquid
817 3125 960 3179 enim
984 3126 1036 3180 in
1072 3127 1157 3183 his
1186 3129 1536 3200 vanitatibus,
1563 3134 1648 3189 vel
1674 3135 1727 3189 in
1754 3135 1875 3192 aliis

289 3208 511 3280 ineptiis
532 3220 729 3282 prseter
757 3218 1066 3273 mandatum
1094 3219 1189 3274 Dei
1220 3220 1436 3288 feceris,
1464 3226 1711 3293 quamvis
1748 3228 1873 3283 abs-

284 3298 487 3365 tineas,
529 3317 635 3356 non
680 3303 914 3374 jejunas,
938 3308 1064 3377 quia
1089 3310 1418 3380 voluptatem
1461 3322 1609 3368 tuam
1630 3330 1874 3383 exerces,

289 3405 399 3446 non
429 3391 643 3450 Domini
669 3396 805 3452 facis
827 3398 1175 3457 voluntatem.
1208 3402 1321 3459 Hoc
1351 3413 1436 3459 est
1456 3406 1599 3461 enim
1639 3407 1879 3464 salutare

292 3478 575 3552 jejunium,
607 3493 667 3539 ut
694 3486 833 3542 sicut
858 3489 1092 3545 abstinet
1129 3508 1325 3562 corpus
1364 3496 1432 3551 ab
1480 3497 1675 3566 epulis,
1706 3498 1781 3552 ita
1824 3507 1881 3555 et

295 3574 474 3630 anima
505 3576 812 3636 refrenetur
840 3598 872 3637 a
920 3584 1101 3651 vitiis,
1130 3595 1190 3640 ut
1234 3587 1540 3659 jejunemus
1592 3593 1796 3661 pariter
1846 3609 1877 3648 a

292 3663 429 3720 cibis
458 3673 514 3721 et
541 3677 789 3737 peccato,
828 3677 889 3726 ut
935 3671 1090 3728 labor
1136 3684 1320 3731 noster
1359 3693 1458 3748 per
1503 3679 1599 3734 Dei
1649 3681 1879 3751 gratiam

294 3769 551 3813 coronam
582 3760 738 3816 nobis
756 3763 936 3832 pariat
962 3766 1365 3834 sempiternam.
1398 3769 1594 3825 Amen.

870 3853 1154 3910 HOMILIA
1192 3857 1302 3912 XII.

632 3958 687 3999 IN
721 3960 974 4001 υοκιΝιολ
1012 3964 1066 4002 ιν
1098 3964 1540 4012 QUADRAGESIHE.

291 4031 373 4087 De
396 4031 835 4117 misericordiam
873 4038 1174 4117 remissione
1213 4041 1504 4117 debitorum
1542 4045 1745 4117 in_illis
1790 4046 1881 4117 qui

360 4111 549 4157 contra
574 4120 668 4158 nos
691 4104 995 4176 delinquunt
1033 4108 1294 4177 facienda.
1331 4109 1350 4182 (
1373 4110 1574 4184 Evaug.
1598 4114 1726 4169 Luc.
1757 4104 1832 4170 vi.
1859 4114 1878 4185 )

362 4210 620 4281 Legimus
662 4213 718 4268 in
774 4197 1069 4288 Evangelia
1123 4217 1460 4276 Salvatorem
1508 4232 1755 4280 nostrum
1804 4228 1880 4282 ita

291 4304 619 4375 praecepisse
647 4307 925 4380 discipulis
946 4311 1058 4366 suis
1081 4319 1243 4382 atque
1265 4312 1465 4369 dixisse
1488 4332 1501 4367 :
1529 4313 1707 4371 Estote
1729 4318 1881 4372 mise-

293 4397 529 4452 ricordes
546 4438 563 4464 ,
589 4400 714 4470 quia
749 4410 800 4455 et
832 4401 997 4457 Pater
1024 4412 1185 4459 vester
1204 4404 1421 4460 caelestis
1444 4407 1735 4463 misericors
1761 4418 1878 4463 est:

1901 3179 1949 3243 C

1971 1948 2205 2012 venitur,
2232 1946 2418 2001 tardus
2444 1944 2688 2000 minister
2715 1943 2907 2009 fuerit,
2941 1942 3122 1997 statim
3150 1957 3273 1996 eum
3308 1939 3551 1995 verberi-

1971 2037 2073 2093 bus
2100 2036 2398 2099 laniare,et
2425 2035 2574 2105 prius
2603 2035 2802 2090 satiare
2822 2033 3019 2088 servuli
3042 2032 3304 2103 sanguine
3327 2030 3551 2102 appetit,

1973 2145 2136 2202 quam
2164 2128 2395 2185 convivii
2422 2127 2718 2197 voluptate.
2752 2125 2955 2180 Ilorum
2982 2124 3140 2194 quale
3162 2122 3422 2195 jejunium
3445 2129 3550 2185 est,

1972 2222 2193 2286 fratres,
2222 2220 2364 2291 quod
2390 2220 2511 2276 ideo
2530 2216 2833 2288 jejunatum
2860 2224 2974 2280 est,
3016 2224 3074 2269 ut
3108 2230 3215 2271 non
3244 2212 3551 2268 Divinitatis
3588 2254 3591 2255 ν

1971 2310 2399 2368 misericordiam
2443 2317 2820 2380 provocarent,
2850 2308 2942 2363 sed
2978 2315 3036 2361 ut
3064 2306 3356 2361 clamorem
3386 2303 3549 2358 fami-

1971 2401 2056 2456 lite
2086 2400 2489 2473 ingemiscentis
2522 2398 2875 2455 eﬂ’underent.
2907 2397 3160 2468 Quisquis
3187 2402 3368 2450 autem
3403 2394 3553 2462 cupit

1971 2494 2039 2550 de
2085 2493 2197 2549 Deo
2245 2490 2671 2548 misericordiam
2719 2488 3049 2562 promereri,
3074 2488 3188 2558 ipse
3217 2486 3375 2541 debet
3404 2483 3553 2555 prior

1973 2600 2094 2640 esse
2140 2584 2483 2648 misericors;
2536 2580 2797 2651 scriptum
2846 2587 2930 2635 est
2975 2578 3167 2633 enim:
3205 2574 3476 2631 Iudicium
3507 2573 3554 2626 ei

1970 2679 2083 2735 sine
2115 2676 2496 2741 misericordia,
2525 2675 2615 2745 qui
2661 2690 2764 2727 non
2810 2671 2937 2742 facit
2984 2667 3397 2725 misericordiam
3438 2663 3556 2737 (Jug-

1972 2764 2084 2825 cob.
2127 2767 2221 2841 tt);
2275 2764 2333 2823 et
2370 2784 2383 2821 :
2426 2765 2487 2821 Si
2524 2782 2628 2820 non
2663 2762 2962 2818 remiseritis
3009 2757 3305 2814 hominibus
3345 2762 3556 2826 peccata

1971 2876 2172 2925 eorum,
2189 2875 2280 2913 nec
2304 2855 2466 2912 Pater
2494 2866 2657 2911 vester
2685 2853 2900 2909 caelestis
2921 2851 3144 2905 dimittet
3170 2847 3309 2903 vobis
3344 2853 3555 2917 peccata

1971 2963 2142 3007 vestra
2172 2950 2387 3024 (Matth.
2413 2950 2512 3021 vr).
2546 2951 2687 3021 Ergo
2728 2963 2889 3019 quam
2937 2944 3230 3001 absurdum
3285 2948 3371 2996 est
3413 2936 3556 3008 quod

1972 3042 2311 3099 Christianus
2337 3043 2586 3097 dominus
2616 3039 2921 3095 Christiano
2952 3037 3005 3092 in
3032 3037 3118 3092 bis
3161 3031 3350 3088 diebus
3393 3042 3551 3085 servo

1976 3146 2083 3186 non
2116 3138 2324 3200 pareat,
2365 3130 2587 3185 minime
2641 3128 2937 3198 respiciens
2965 3125 3108 3195 quod
3158 3123 3204 3178 si
3247 3136 3438 3177 servus
3475 3127 3563 3171 est

1978 3224 2306 3288 conditione,
2337 3222 2509 3294 gratia
2539 3229 2718 3275 tamen
2741 3217 2910 3273 frater
2936 3224 3050 3282 est;
3075 3213 3274 3271 etenim
3311 3208 3560 3267 similiter

1977 3311 2251 3367 Christum
2292 3310 2485 3375 induit,
2512 3309 2700 3364 iisdem
2724 3306 3014 3377 participat
3039 3299 3391 3358 sacramentis
3418 3315 3432 3351 :
3466 3309 3559 3349 eo-

1977 3405 2100 3461 dem
2130 3421 2237 3474 quo
2258 3412 2311 3459 et
2339 3414 2394 3458 tu
2422 3402 2592 3458 utitur
2626 3402 2737 3456 Deo
2777 3400 2960 3465 Patre,
2990 3413 3087 3453 cur
3132 3404 3183 3451 te
3224 3409 3328 3450 non
3373 3398 3559 3446 utatur

1976 3496 2176 3551 fratre?
2205 3495 2539 3566 Recogitate,
2564 3493 2783 3558 fratres,
2798 3491 3062 3562 originem
3090 3496 3325 3543 vestram
3356 3499 3371 3538 :
3399 3497 3561 3539 omne

1977 3589 2193 3661 quidem
2218 3589 2511 3643 humanum
2534 3599 2703 3658 genus
2724 3599 2789 3638 ex
2812 3598 2919 3638 uno
2940 3581 3181 3646 homine,
3196 3578 3250 3633 id
3269 3584 3354 3631 est
3364 3575 3559 3641 Adam,

1976 3687 2319 3750 procreatum
2353 3687 2438 3734 est
2460 3686 2517 3733 et
2543 3676 2779 3743 mortali,
2806 3674 3033 3730 mortale
3083 3672 3346 3744 genitum,
3377 3677 3432 3724 et
3482 3667 3560 3723 si—

1977 3772 2181 3826 militer
2206 3770 2501 3835 nascimur,
2525 3769 2776 3823 similiter
2816 3775 2871 3822 et
2916 3765 3200 3829 morimur,
3233 3761 3481 3817 similiter
3504 3765 3564 3816 et

1976 3861 2366 3931 putreseimus;
2417 3858 2515 3914 soli
2545 3866 2600 3913 et
2629 3858 2757 3912 nudi
2788 3857 2841 3912 in
2873 3857 3018 3911 hunc
3044 3852 3303 3910 mundum
3334 3850 3560 3907 intravi-

1977 3966 2120 4015 mus,
2139 3951 2240 4006 soli
2267 3958 2323 4007 et
2350 3950 2477 4005 nudi
2507 3949 2775 4005 exibimus
2803 3962 2819 4002 :
2851 3946 3187 4003 solummodo
3211 3945 3341 3999 hinc
3366 3956 3564 3999 exeun-

1979 4049 2061 4098 tes
2087 4042 2229 4097 bona
2254 4057 2419 4112 opera
2448 4042 2535 4098 vel
2562 4041 2706 4096 mala
2734 4056 2855 4110 qua:
2882 4040 2972 4094 hic
3014 4038 3281 4108 gessimus
3307 4050 3407 4090 nos
3434 4050 3562 4106 pro-

1979 4142 2307 4204 sequuntur,
2339 4142 2395 4187 et
2439 4132 2809 4200 unusquisque
2857 4137 3117 4207 nostrum.
3149 4137 3276 4181 ante
3324 4122 3561 4180 tribunal

1978 4223 2178 4280 Christi
2198 4238 2298 4295 pro
2321 4237 2380 4278 se
2399 4220 2708 4277 redditurus
2743 4228 2828 4275 est
2856 4219 3142 4273 rationem.
3180 4216 3248 4273 Et
3273 4214 3395 4270 ideo
3413 4253 3430 4279 ,
3453 4211 3564 4267 fra—

1977 4324 2109 4382 tres,
2132 4316 2440 4386 quicunque
2486 4328 2553 4369 ex
2586 4312 2740 4367 vobis
2778 4310 2899 4366 aliis
2943 4314 3205 4379 praesunt,
3240 4301 3340 4376 pei'
3383 4302 3565 4360 chari-

1980 4416 2143 4464 tatem
2170 4408 2276 4463 illis
2304 4408 2603 4478 imperent;
2637 4406 2728 4475 qui
2751 4413 2931 4460 autem
2957 4403 3156 4460 subditi
3185 4408 3331 4465 sunt,
3353 4399 3410 4456 in
3435 4399 3564 4454 eho-

292 4485 543 4541 dimittite
556 4497 608 4542 et
634 4474 925 4545 dimittetur
951 4492 1126 4557 vobis;
1165 4492 1286 4548 date
1308 4504 1356 4548 et
1384 4496 1597 4550 dabitur
1620 4497 1779 4552 vobis.
1809 4497 1878 4553 In
1903 4526 1957 4586 ι)
1981 4501 2142 4557 ritate
2165 4500 2272 4556 illis
2294 4474 2535 4556 serviant
2559 4474 2782 4568 quisibi
2808 4504 3068 4568 prmsunt.
3094 4494 3332 4586 Audiant
3351 4504 3564 4586 quoque

291 4591 399 4643 qua
428 4591 676 4631 mensura
702 4580 868 4632 mensi
909 4579 1139 4648 fueritis,
1183 4584 1480 4637 remetietur
1519 4586 1678 4641 vobis.
1727 4586 1879 4644 Hanc

291 4663 422 4721 licet
456 4669 779 4723 sententiam
829 4670 1043 4726 Domini
1081 4688 1303 4730 servare
1327 4677 1473 4731 omni
1511 4687 1751 4751 tempore
1778 4697 1875 4737 ne-

292 4770 452 4812 cesse
478 4757 572 4824 sit,
595 4756 794 4815 fratres
825 4760 1153 4829 cbarissimi,
1180 4767 1412 4822 maxime
1443 4775 1622 4824 tamen
1650 4770 1735 4825 bis
1774 4772 1882 4827 die-

293 4845 421 4912 bus,
453 4846 508 4901 in
537 4847 733 4919 quibus
757 4851 972 4906 veniam
1015 4861 1360 4922 peccatorum
1404 4866 1715 4914 nostrorum
1756 4876 1883 4931 pro-

292 4937 493 4992 mereri
515 4946 573 4994 et
591 4940 1018 4999 misericordiam
1041 4944 1255 5001 Domini
1283 4948 1437 5004 nobis
1455 4951 1742 5009 conciliare
1769 4962 1883 5010 stu-

292 5026 509 5095 demus,
541 5044 665 5084 cum
694 5030 767 5086 ita
806 5033 1046 5103 quotidie
1079 5034 1190 5092 Deo
1226 5037 1282 5092 in
1327 5040 1572 5096 oratione
1616 5043 1880 5114 dicamus,

294 5118 615 5191 magisterio
639 5122 846 5179 caelesti
876 5124 1068 5181 imbuti
1094 5145 1106 5182 :
1138 5127 1357 5185 Dimitte
1396 5132 1543 5189 nobis
1578 5135 1752 5191 debita
1783 5154 1880 5192 no-

293 5218 410 5264 stra
426 5250 443 5276 ,
467 5211 605 5266 sicut
627 5221 676 5268 et
702 5230 795 5269 nos
819 5214 1129 5273 dimittimus
1173 5219 1491 5279 debitoribus
1535 5228 1765 5293 nostris;
1814 5244 1884 5284 ne

294 5313 397 5353 nos
421 5298 528 5355 hac
556 5304 824 5358 sententia
851 5306 1024 5375 magis
1053 5322 1311 5365 accusare
1339 5326 1500 5382 quam
1532 5316 1884 5373 reconciliare

296 5390 442 5460 apud
469 5391 761 5477 Dominum
795 5396 1099 5465 videamur,
1140 5399 1186 5455 si
1235 5410 1422 5457 contra
1466 5407 1719 5461 mandata
1764 5407 1881 5477 ejus

296 5478 468 5537 duros
494 5495 598 5538 nos
621 5470 677 5538 et
700 5484 937 5543 immites
956 5489 1214 5546 adversus
1239 5493 1515 5561 proximos
1539 5504 1753 5553 nostros
1769 5470 1882 5552 eri-

297 5585 512 5639 gamus.
544 5570 747 5630 Omnes
763 5576 908 5632 enim
936 5592 1097 5648 agere
1122 5579 1379 5637 debemus
1401 5584 1773 5653 paenitentiam
1793 5628 1810 5653 ,
1827 5595 1885 5643 et

294 5671 495 5716 omnes
530 5660 834 5732 indigemus
882 5664 1234 5737 indulgentia,
1265 5670 1392 5739 quia
1444 5687 1633 5730 onmes
1679 5674 1883 5732 erravi-

296 5764 425 5809 mus
448 5765 468 5808 :
495 5767 625 5809 nam
649 5755 693 5811 si
715 5753 1009 5828 Scriptum
1031 5760 1337 5820 testimonio
1365 5779 1466 5821 nec
1495 5766 1654 5824 unius
1674 5766 1780 5824 diei
1801 5768 1884 5826 ins

1980 4607 2088 4646 non
2145 4606 2264 4657 me,
2331 4590 2428 4645 sed
2486 4588 2804 4659 Apostolunt
2858 4588 2962 4642 sibi
3018 4587 3094 4642 ita
3158 4583 3563 4656 praecipientem

1982 4680 2198 4754 (Ephes.
2221 4681 2300 4753 γι)
2330 4700 2341 4735 :
2375 4679 2547 4753 Servi,
2577 4680 2770 4750 inquit,
2799 4679 3000 4733 obedite
3018 4677 3242 4731 dominis
3263 4671 3563 4729 carnalibus

1981 4787 2100 4825 cum
2126 4780 2348 4826 tremore
2371 4778 2420 4824 et
2465 4770 2669 4832 timore,
2701 4769 2758 4822 in
2804 4766 3136 4837 simplicitate
3174 4762 3345 4817 cordis
3386 4760 3561 4824 vestri,

1980 4860 2113 4915 sicut
2148 4858 2377 4915 Christo.
2407 4858 2532 4914 Non
2553 4857 2622 4912 ad
2644 4857 2852 4912 oculum
2878 4856 3187 4917 servientes,
3215 4852 3367 4923 quasi
3395 4850 3566 4905 homi-

1983 4951 2136 5006 nibus
2160 4950 2444 5022 placentes,
2468 4950 2558 5005 sed
2582 4959 2638 5004 ut
2668 4950 2805 5004 servi
2836 4946 3052 5013 Christi,
3092 4944 3340 5015 facientes
3378 4941 3567 4997 volun-

1983 5051 2142 5098 tatem
2170 5042 2267 5097 Dei
2289 5058 2354 5098 θα)
2379 5043 2577 5097 animo.
2618 5038 2752 5096 Cum
2794 5039 2930 5093 bona
2970 5035 3233 5092 voluntate
3266 5033 3559 5098 servientes,

1983 5135 2117 5191 sicut
2152 5134 2404 5200 Domino,
2429 5144 2479 5189 et
2517 5150 2622 5188 non
2660 5130 2974 5186 hominibus.
3002 5127 3231 5184 Scientes
3255 5128 3380 5198 quia
3406 5140 3566 5180 unus-

1982 5224 2198 5294 quisque
2216 5223 2559 5294 quodcunque
2582 5222 2762 5291 fecerit
2787 5220 2996 5283 bonum,
3025 5218 3123 5272 hoc
3144 5217 3351 5288 recipiet
3376 5233 3411 5270 a
3431 5214 3562 5280 Deo,

1984 5302 2091 5372 sive
2117 5333 2293 5371 servus
2311 5356 2327 5382 ,
2346 5316 2453 5370 sive
2494 5315 2643 5369 liber.
2683 5314 2779 5369 His
2807 5319 2989 5367 autem
3016 5311 3108 5382 qui
3136 5316 3376 5381 prazsunt
3418 5307 3565 5365 idem

1987 5406 2263 5476 apostolus
2311 5406 2387 5460 ita
2417 5404 2548 5461 dicit
2577 5423 2590 5458 :
2621 5403 2725 5470 Et,
2750 5402 2969 5469 domini,
3011 5401 3193 5457 eadem
3228 5399 3386 5471 facite
3432 5395 3564 5465 illis,

1988 5496 2303 5550 remittentes
2344 5495 2535 5559 minas,
2573 5494 2792 5548 scientes
2821 5492 2944 5563 quia
2974 5500 3022 5546 et
3069 5488 3280 5544 illorum
3310 5496 3359 5543 et
3403 5497 3569 5542 vester

1987 5586 2246 5642 Dominus
2267 5596 2343 5641 est
2366 5587 2421 5641 in
2455 5585 2618 5651 ctelis,
2658 5594 2707 5641 et
2736 5599 3076 5657 personarum
3104 5580 3332 5653 acceptio
3360 5595 3466 5634 non
3488 5587 3568 5635 est

1990 5678 2132 5749 apud
2159 5678 2326 5734 Deum
2354 5692 2372 5731 :
2399 5678 2504 5734 sive
2531 5677 2697 5743 servi,
2743 5677 2847 5732 sive
2867 5675 3044 5741 liberi,
3081 5689 3244 5728 unum
3287 5686 3468 5726 sumus
3508 5670 3565 5724 in

1925 5840 1929 5843 _
1992 5767 2200 5826 Christo
2215 5768 2425 5843 (lbid.).
2443 5768 2664 5827 Talibus
2678 5767 2825 5825 enim
2839 5767 2995 5824 dictis
3015 5781 3080 5823 ex
3090 5760 3345 5847 Apostolo
3357 5758 3559 5817 Christi
