4036 6370
465 367 541 427 27
1095 363 1157 418 u.
1192 357 1446 418 RABANI
1481 357 1702 415 nsum
1732 353 2050 412 ARClllEP.
2090 330 2399 408 uocum.
2436 348 2718 407 omnem
2754 346 2931 402 rans
2966 348 3029 403 ιι.
3366 396 3367 399 γ
3526 314 3529 315 ⁷
3631 333 3709 407 28

467 481 725 538 admoniti
750 478 968 544 fratres,
990 473 1302 531 studeamus
1327 471 1468 525 inter
1496 483 1594 524 nos
1617 467 1931 523 charitatem
1951 471 2032 518 at-
2056 468 2108 528 Λ
2133 472 2180 517 et
2206 472 2378 518 terra.
2405 463 2461 517 lu
2488 462 2677 532 primis
2705 461 2837 516 dicit
2862 461 3052 528 Credo,
3077 461 3201 530 quia
3230 460 3372 518 Deus
3394 473 3576 519 noster
3596 480 3710 520 non

467 588 573 645 que
617 574 875 627 unitatem
929 567 1151 639 spiritus
1199 565 1255 620 in
1300 560 1515 618 vinculo
1564 559 1713 629 pacis
1741 555 2028 613 custodire.

467 654 607 721 Nulli
624 663 696 719 sit
710 675 869 734 grave
885 659 1127 730 proximo
1144 658 1197 711 in
1216 670 1274 711 se
1284 651 1613 723 delinquenti
1626 650 1833 717 delicta
1856 662 2022 719 parva

466 752 756 813 dimittere,
777 748 866 817 qui
893 746 1125 801 maxima
1149 751 1204 798 et
1229 741 1468 799 enormia
1500 738 1641 809 apud
1670 738 1839 793 Deum
1884 734 2032 804 cupit

465 841 670 899 scelera
697 837 1008 894 dissolvere.
1037 832 1232 903 Sicque
1260 829 1525 901 jejunium
1559 832 1801 882 nostrum
1829 832 1884 879 et
1908 837 2032 878 ora-

463 932 543 987 tio
577 938 739 999 atque
782 926 1118 995 eleemosyna
1162 923 1273 978 Deo
1323 916 1670 988 acceptabilis
1697 915 1823 981 erit,
1854 914 1899 968 si
1932 927 2031 984 per

463 1019 784 1076 charitatem
817 1014 1072 1080 offertur,
1102 1012 1227 1082 quia
1263 1011 1492 1064 charitas
1535 1006 1699 1078 operit
1736 1002 2029 1059 multitudi-

462 1129 579 1168 nem
606 1119 932 1183 peccatorum
960 1107 1012 1179 (Ι
1046 1105 1191 1160 Petr.
1220 1102 1328 1174 Iv);
1376 1110 1432 1157 et
1457 1120 1470 1155 :
1500 1099 1640 1155 Deus
1665 1099 1779 1170 ipse
1799 1096 2028 1151 charitas

461 1213 557 1270 est,
581 1213 631 1258 et
649 1202 737 1274 qui
764 1209 933 1255 manet
960 1200 1017 1255 in
1040 1196 1291 1253 charitate
1318 1195 1377 1249 in
1401 1193 1510 1247 Deo
1534 1197 1789 1255 manet,et
1810 1187 1950 1241 Deus
1972 1187 2028 1241 in

460 1312 521 1351 eo
548 1293 602 1367 (1
621 1293 784 1350 Ιοαη.
811 1294 908 1360 1v).
939 1292 1113 1360 Quam
1141 1305 1240 1345 nos
1267 1289 1358 1343 hic
1386 1286 1614 1342 feliciter
1637 1284 1854 1345 habere,
1885 1290 1939 1337 et
1961 1279 2030 1335 ad

459 1392 717 1440 aeternam
762 1381 1147 1438 beatitudinem
1184 1394 1283 1449 per
1322 1378 1461 1432 hanc
1486 1374 1673 1429 venire
1697 1374 1809 1443 ipse
1837 1386 2030 1427 conce—

460 1475 569 1539 dat,
601 1473 694 1543 qui
725 1488 823 1527 nos
862 1487 960 1543 per
989 1471 1159 1540 ipsam
1189 1467 1449 1530 redemit,
1478 1464 1755 1528 Christus,
1781 1461 2030 1517 Salvator

459 1573 661 1631 noster,
709 1564 802 1634 qui
849 1563 981 1618 vivit
1017 1569 1073 1617 et
1104 1566 1298 1632 regnat
1330 1557 1472 1612 Deus
1501 1571 1596 1627 per
1625 1555 1805 1611 omnia
1836 1553 2027 1609 smcula

458 1656 797 1711 saeculorum.
825 1654 1018 1710 Amen.

1021 1741 1300 1798 HOMILIA
1337 1739 1476 1795 XIII.

784 1855 837 1894 IN
875 1854 1130 1894 DOMINICA
1174 1855 1213 1893 ll
1260 1852 1697 1901 QUADRAGESIMAE.

454 1926 534 1983 De
559 1928 686 1998 fidei
715 1928 982 1996 catholica:
1023 1930 1231 1984 veritate
1275 1938 1322 1982 et
1368 1929 1618 1982 bonorum
1649 1943 1858 1997 operum
1902 1942 2036 1998 con-j

1156 1998 1356 2052 cordia.

524 2109 750 2181 Oportet
764 2110 969 2180 utique,
985 2109 1317 2166 dilectissimi
1334 2108 1552 2173 fratres,
1568 2117 1628 2163 ut
1648 2108 1700 2162 in
1722 2109 1822 2162 hac
1846 2122 2027 2163 sacra-

457 2202 662 2257 tissima
693 2202 1069 2258 observatione
1092 2201 1522 2271 Quadragcsimae
1542 2201 1681 2256 sicut
1708 2214 1899 2268 corpus
1928 2213 2026 2253 no-

453 2298 628 2346 strum
649 2290 1034 2346 mortificamus
1064 2307 1161 2361 per
1176 2289 1462 2361 jejunium,
1485 2290 1557 2343 ita
1581 2289 1789 2343 animas
1808 2296 2025 2342 nostras

455 2380 789 2435 vivificemus
808 2396 905 2452 per
931 2381 1172 2451 spiritale
1194 2380 1429 2435 studium
1465 2389 1520 2434 et
1543 2379 1907 2433 illuminemus
1928 2393 2025 2447 per

451 2469 547 2524 Dei
561 2471 857 2537 verbum,ut
874 2471 1249 2540 perinterioris
1261 2469 1492 2525 hominis
1506 2470 1827 2523 voluntatem
1838 2510 1851 2532 ,
1866 2477 2027 2536 atque

453 2558 736 2615 exterioris
761 2561 1222 2615 conversationem
1239 2601 1253 2625 ,
1278 2561 1545 2630 possimus
1579 2560 1630 2613 in
1652 2559 1899 2613 omnibus
1919 2558 2026 2626 pla-

451 2664 575 2705 cere
594 2652 823 2706 creatori
842 2661 1048 2708 nostro.
1063 2652 1168 2708 Sed
1185 2653 1252 2706 ad
1272 2653 1404 2718 hare,
1419 2662 1542 2706 ante
1561 2652 1764 2714 omnia,
1779 2666 2027 2705 necessa-

458 2740 537 2793 ria
558 2742 713 2796 nobis
742 2750 825 2797 est
856 2742 986 2798 fides
1015 2744 1341 2813 recta,quia,
1373 2743 1663 2798 secundum
1688 2741 2020 2810 Apostolum,

449 2831 767 2901 impossibile
807 2843 882 2888 est
918 2835 1028 2889 sine
1065 2834 1171 2903 ﬁde
1204 2834 1410 2903 placere
1450 2833 1557 2887 Deo
1595 2832 1780 2904 (Hebr.
1819 2832 1919 2904 XI).
1956 2832 2024 2886 Et

451 2921 573 2976 ideo
600 2939 804 2993 quaeso,
834 2924 1050 2990 fratres,
1079 2934 1140 2979 ut
1162 2926 1316 2980 nobis
1344 2924 1709 2987 reserantibus
1736 2924 2023 2996 expositio-

450 3029 572 3067 ncm
601 3016 825 3086 symboli
843 3057 858 3083 ,
887 3017 1147 3072 attentius
1174 3018 1431 3079 audiatis,
1466 3018 1597 3087 quia
1617 3017 1860 3073 doctrina
1884 3032 2026 3088 sym-

449 3103 559 3159 boli
586 3106 759 3161 virtus
784 3115 866 3162 est
891 3109 1230 3172 sacramenti,
1262 3108 1579 3163 illuminatio
1607 3108 1822 3170 animae,
1853 3106 2023 3176 pleni-

449 3195 579 3251 tudo
604 3198 853 3254 credendi
886 3199 1051 3269 :quia
1075 3200 1217 3269 quod
1248 3201 1303 3254 in
1342 3214 1407 3255 eo
1446 3201 1670 3255 docetur
1694 3216 1759 3255 ac
1794 3199 2022 3254 discitur

426 3285 711 3339 'ettmitas
736 3293 820 3341 est
855 3286 1163 3353 Trinitatis,
1203 3295 1260 3343 et
1294 3288 1531 3343 Trinitas
1558 3287 1809 3343 distincta
1837 3302 2024 3356 perso-

449 3371 556 3436 nis,
587 3382 641 3428 et
663 3374 977 3430 excellentia
1007 3377 1300 3444 Creatoris,
1318 3386 1374 3433 et
1395 3378 1763 3433 misericordia
1794 3377 2023 3432 Redem—

449 3463 620 3534 ptoris
653 3481 666 3517 :
707 3465 810 3520 hoc
847 3480 1017 3522 nexus
1045 3466 1372 3524 infidelitatis
1407 3468 1733 3533 absolvitur,
1764 3468 1867 3523 hoc
1899 3467 2023 3523 vitat

447 3551 609 3621 ianua
637 3556 908 3625 panditur,
943 3557 1046 3613 hoc
1070 3557 1236 3628 gloria
1263 3567 1463 3614 :eterna
1496 3567 1863 3628 praeparatur;
1895 3558 2024 3625 hoc,

448 3644 696 3711 obsecro,
720 3644 949 3712 fratres,
996 3649 1270 3703 memoriae
1303 3656 1497 3703 vestrae
1536 3648 1642 3702 cito
1683 3663 1748 3702 ac
1798 3646 2025 3702 ﬁrmiter

448 3734 825 3791 commendato
869 3754 882 3791 :
920 3744 977 3792 et
1024 3738 1070 3792 si
1102 3753 1239 3807 quos
1274 3737 1413 3792 ﬁlios
1451 3739 1535 3792 vel
1571 3738 1704 3792 ﬁlias
1732 3738 1784 3792 in
1821 3737 2024 3807 baptis-

448 3831 596 3879 mate
631 3824 877 3893 proximo
912 3825 1112 3881 habere
1157 3826 1509 3893 desideratis,
1550 3827 1597 3882 si
1638 3827 2021 3897 intelligibilem

448 3922 662 3970 mtatem
694 3916 871 3972 adhuc
902 3917 1135 3985 habent,
1166 3916 1331 3973 ﬁdem‘
1350 3933 1511 3988 quam
1548 3918 1791 3989 proﬁteri
1828 3917 2026 3974 debent

449 4014 577 4062 ante
606 4006 933 4077 baptismum
970 4023 1063 4064 eos
1099 4010 1242 4064 seire
1273 4008 1511 4075 faciatis;
1553 4009 1635 4064 sin
1676 4016 1856 4063 autem
1893 4016 2024 4063 aetas

450 4096 545 4151 illa
569 4098 639 4153 ad
660 4099 763 4154 hoc
790 4099 968 4155 minus
989 4100 1179 4156 idonea
1202 4107 1309 4166 est,
1334 4116 1433 4156 vos
1452 4116 1665 4172 quoque
1693 4099 1841 4155 illam
1864 4098 2023 4155 ﬁdem

450 4201 611 4256 quam
641 4203 741 4258 pro
770 4190 850 4245 eis
882 4189 1125 4259 profiteri
1149 4189 1345 4257 vultis,
1383 4205 1506 4247 cum
1547 4191 1614 4245 ad
1649 4196 1861 4246 aetatem
1890 4203 2022 4244 con-

450 4291 638 4347 gruam
668 4279 1033 4347 pervenerint,
1063 4281 1393 4350 cognoscite,
1419 4282 1485 4336 ad
1513 4281 1890 4336 insinuandum
1918 4278 2029 4334 illis

450 4384 548 4425 vos
573 4371 844 4426 debitores
867 4387 1008 4428 esse.
1036 4373 1133 4429 Est
1159 4382 1337 4429 autem
1362 4374 1660 4445 symbolum
1692 4374 1825 4441 tale,
1856 4376 2021 4444 quod,

452 4460 520 4516 ab
538 4464 796 4531 apostolis
815 4467 1246 4522 commendatum
1262 4508 1278 4532 ,
1303 4475 1488 4522 sancta
1510 4467 1737 4522 firmiter
1754 4474 1902 4524 tenet
1925 4465 2024 4522 Ec-

450 4550 615 4607 clesia
644 4571 657 4607 :
685 4552 854 4609 Credo
878 4556 935 4610 in
955 4555 1122 4611 Deum
1148 4556 1362 4611 Patrem
1384 4559 1798 4627 omnipotentem,
1822 4565 2026 4612 creato-

450 4657 562 4698 rem
589 4643 703 4698 ειειὲ
732 4656 780 4700 et
808 4656 960 4701 terra:
971 4664 990 4713 ;
1021 4656 1069 4702 et
1101 4649 1158 4702 in
1179 4648 1362 4703 Iesum
1387 4647 1651 4702 Christum
1680 4646 1879 4702 Filium
1904 4647 2020 4718 ejus

450 4734 684 4802 unicum,
704 4735 986 4791 Dominum
1014 4746 1249 4792 nostrum
1269 4756 1288 4793 :
1309 4738 1398 4809 qui
1422 4748 1697 4808 conceptus
1714 4748 1788 4793 est
1812 4738 1877 4792 de
1899 4738 2022 4808 Spi-

451 4826 558 4880 ritu
583 4838 787 4893 sancto,
810 4837 962 4882 natus
982 4844 1045 4883 ea:
1068 4826 1242 4882 Maria
1262 4828 1477 4898 virgine,
1500 4844 1685 4899 passus
1710 4827 1804 4882 sub
1827 4827 2021 4882 Pontio

450 4916 660 4983 Pilato,
689 4918 992 4986 cruciﬁxus,
1020 4927 1257 4972 mortuus
1284 4928 1331 4973 et
1360 4918 1593 4990 sepultus
1616 4933 1633 4971 :
1660 4918 1923 4974 descendit
1949 4918 2018 4972 ad

449 5006 699 5078 inferna;
728 5009 882 5063 tertia
913 5010 997 5064 die
1026 5009 1309 5064 resurrexit
1334 5026 1367 5063 a
1394 5011 1616 5064 mortuis
1637 5050 1653 5076 ,
1682 5009 1916 5064 ascendit
1951 5008 2021 5063 ad

453 5098 637 5168 ctelos,
666 5100 807 5155 sedet
845 5100 914 5154 ad
947 5100 1213 5155 dexteram
1248 5099 1349 5155 Dei
1388 5097 1570 5155 Patris
1607 5099 1970 5169 omnipotentis
1999 5111 2021 5151 :

452 5193 574 5248 inde
602 5203 844 5249 venturus
864 5194 1107 5264 judicare
1131 5194 1269 5248 rivos
1291 5202 1339 5247 et
1360 5201 1613 5246 mortuos.
1636 5189 1804 5245 Credo
1824 5191 1881 5244 in
1903 5187 2023 5259 Spi-

452 5282 614 5336 ritum
635 5294 873 5339 sanctum
890 5324 904 5350 ,
929 5293 1164 5338 sanctam
1198 5280 1487 5336 Ecclesium
1515 5281 1825 5335 catholicam
1842 5319 1858 5345 ,
1893 5296 2019 5333 san-

451 5381 654 5427 ctorum
684 5374 1127 5439 communionem,
1150 5371 1501 5427 remissionem
1524 5380 1877 5440 peccatorum,
1904 5384 2023 5421 car-

452 5463 536 5518 nis
555 5467 998 5529 resurrectionem,
1018 5464 1170 5518 vitam
1194 5474 1463 5518 aeternam.
1479 5462 1661 5515 Amen.
1680 5459 2023 5531 Repetendus

452 5564 540 5612 est
559 5557 729 5624 vobis,
754 5556 1107 5622 dilectissimi,
1135 5569 1315 5609 sermo
1341 5554 1568 5625 symboli
1589 5552 1768 5621 hujus,
1793 5551 2025 5622 qualiter

456 5659 520 5699 ea
548 5660 668 5716 quae
703 5647 929 5702 dicimus
963 5645 1159 5700 vestris
1193 5645 1441 5700 sensibus
1473 5643 1663 5698 melius
1698 5643 2019 5698 inseramus.

456 5732 627 5792 Credo
650 5736 704 5790 in
732 5736 898 5791 Deum
926 5733 1137 5790 Patrem
1159 5736 1580 5807 omnipotentem,
1604 5744 1887 5790 creatorem
1910 5731 2025 5789 ια’ιὶ

2124 552 2280 625 jubet
2312 570 2410 609 nos
2434 554 2701 608 discutere
2727 552 2908 609 divina
2928 550 3150 621 judicia,
3179 554 3274 608 sed
3301 555 3521 610 credere
3550 573 3563 610 :
3594 572 3705 612 non

2127 643 2391 696 rationem
2424 642 2730 711 requirere,
2773 643 2866 698 sed
2902 641 3061 698 ﬁdem
3097 642 3412 713 simpliciter
3432 653 3487 700 et
3514 645 3709 702 immo—

2126 729 2310 786 biliter
2344 730 2619 787 exhibere.
2663 730 2731 785 In
2768 729 2936 785 Deum
2974 728 3189 786 Patrem
3226 746 3246 785 :
3284 748 3391 788 non
3421 748 3550 806 ergo
3577 745 3701 791 ante

2128 819 2273 876 Deus
2298 836 2417 876 esse
2452 821 2618 891 carpit
2643 829 2699 877 et
2730 830 2915 890 postea
2942 822 3122 888 Pater,
3150 822 3243 878 sed
3276 825 3393 880 sine
3416 825 3525 882 ullo
3550 827 3702 882 initio

2129 918 2185 966 et
2212 912 2354 966 Deus
2381 926 2596 982 semper
2620 921 2676 966 et
2701 910 2864 966 Pater
2889 920 3002 978 est;
3033 913 3157 981 quia
3186 928 3315 984 ergo
3352 928 3566 986 semper
3598 915 3704 970 fuit

2130 999 2309 1067 Pater,
2337 1017 2549 1073 semper
2574 1002 2761 1058 habuit
2786 1002 3002 1069 Filium,
3029 1005 3113 1059 cui
3136 1003 3297 1059 Pater
3317 1014 3420 1059 est.
3449 1005 3703 1075 Omnipo—

2129 1102 2317 1148 tentem
2352 1108 2482 1148 vero
2522 1094 2690 1159 dicit,
2724 1095 2847 1164 quia
2879 1095 3059 1150 omnia
3100 1103 3313 1165 potest,
3345 1096 3536 1165 cuique
3563 1096 3703 1151 nihil

2130 1183 2459 1254 impossibile
2483 1193 2597 1250 est;
2624 1185 2716 1254 qui
2743 1183 2961 1250 cretum,
2998 1193 3224 1249 terram,
3255 1202 3426 1252 mare,
3457 1186 3704 1241 homines

2129 1283 2291 1345 atque
2314 1276 2497 1331 omnia
2518 1291 2638 1345 quae
2658 1283 2803 1341 sunt,
2823 1275 3028 1342 vivunt,
3053 1277 3292 1332 sentiunt
3315 1286 3476 1347 atque
3500 1277 3707 1332 discer-

2129 1378 2295 1436 nunt,
2325 1385 2431 1425 non
2458 1368 2639 1440 aliquo
2666 1371 2845 1441 operis
2876 1379 3017 1433 actu,
3051 1372 3143 1427 sed
3179 1372 3295 1427 solo
3327 1373 3470 1428 verbi
3497 1375 3711 1428 creavit

2129 1460 2374 1530 imperio.
2405 1461 2471 1514 Et
2500 1462 2555 1515 in
2578 1462 2759 1515 Iesum
2787 1460 3072 1528 Christum,
3104 1461 3152 1515 F
3154 1462 3302 1517 ilium
3326 1464 3438 1534 ejus
3465 1466 3704 1527 unicum,

2128 1557 2411 1613 Dominum
2436 1568 2697 1612 nostrum.
2723 1559 3000 1614 Advortite
3027 1560 3169 1629 quod
3203 1562 3468 1630 quomodo
3507 1563 3560 1615 in
3600 1561 3717 1615 Pa--

2129 1659 2290 1716 trem,
2319 1651 2397 1705 sic
2418 1658 2472 1703 ct
2496 1651 2549 1704 in
2575 1649 2768 1705 Filium
2795 1648 2911 1718 ejus
2931 1651 3152 1706 unicum
3174 1652 3496 1707 credendum
3522 1653 3621 1717 sit;
3649 1659 3713 1707 et

2129 1742 2252 1812 quia
2282 1758 2403 1798 cum
2432 1742 2595 1798 Patre
2623 1742 2845 1813 {aqualis
2865 1751 2949 1798 est
2972 1742 3239 1798 Dominus
3252 1742 3552 1812 majestate,
3584 1752 3713 1798 tan-

2048 1822 2096 1882 B
2126 1842 2237 1887 tum
2268 1832 2390 1903 ipsi,
2422 1843 2683 1902 quantum
2713 1841 2768 1887 et
2806 1832 2974 1895 Patri,
3014 1834 3259 1900 honoris,
3294 1842 3503 1887 tantum
3537 1833 3708 1889 debe—

2127 1937 2248 1977 mus
2275 1929 2330 1977 et
2358 1922 2653 1977 servitutis.
2678 1920 2834 1978 Jesus
2860 1921 3087 1976 salvator
3113 1923 3516 1992 interpretatur,
3541 1921 3708 1977 Chri-

2127 2021 2241 2068 stus
2274 2028 2402 2068 vero
2450 2028 2479 2066 a
2526 2013 2819 2068 chrismate
2857 2014 3054 2068 dicitur
3097 2032 3109 2068 :
3148 2015 3275 2083 quia
3309 2015 3451 2071 sicut
3494 2015 3733 2083 antiqui:

2125 2118 2280 2174 reges
2310 2119 2340 2157 a
2382 2104 2750 2159 sacerdotibus
2786 2119 2941 2159 sacro
2970 2104 3089 2160 oleo
3114 2104 3588 2175 perfnudebantur,
3624 2104 3727 2161 sic

2126 2195 2385 2252 Dominus
2426 2205 2610 2251 noster
2633 2195 2791 2252 Iesus
2823 2196 3070 2253 Christus
3096 2197 3329 2267 Spiritus
3360 2198 3529 2252 sancti
3565 2198 3729 2253 infu-

2128 2288 2278 2343 sione
2308 2287 2546 2357 repletus
2577 2297 2680 2343 est.
2723 2287 2827 2354 Qui
2853 2297 3129 2357 conceptus
3152 2297 3227 2343 est
3256 2288 3321 2342 de
3352 2287 3561 2359 Spiritu
3581 2304 3729 2344 san-

2126 2387 2240 2442 cto,
2286 2387 2439 2431 natus
2475 2395 2540 2431 ea:
2578 2378 2752 2432 Maria
2774 2380 2969 2449 virgine
3005 2395 3024 2433 :
3058 2395 3162 2434 non
3194 2394 3323 2449 ergo
3354 2395 3419 2434 ex
3457 2380 3594 2434 virili
3619 2394 3711 2436 se-

2125 2467 2291 2531 mine,
2319 2468 2409 2521 sed
2434 2466 2668 2537 Spiritus
2690 2469 2862 2522 sancti
2887 2484 3077 2538 opere,
3092 2484 3222 2523 caro
3248 2468 3448 2524 Christi
3476 2470 3529 2524 in
3550 2476 3714 2525 utero

2127 2558 2364 2631 Virginis
2384 2558 2612 2614 formata
2636 2567 2751 2625 est;
2774 2568 2828 2614 et
2854 2560 2978 2616 ideo
3004 2577 3122 2630 quae
3150 2562 3473 2617 salvatorem
3500 2563 3723 2631 genuit,

2125 2658 2181 2704 ct
2208 2650 2356 2719 virgo
2382 2648 2484 2703 fuit
2515 2650 2566 2703 in
2602 2658 2790 2720 partu,
2820 2660 2871 2705 et
2903 2650 3050 2721 virgo
3089 2652 3386 2720 permansit
3423 2662 3543 2720 post
3576 2665 3708 2720 par-

2129 2748 2260 2794 tum.
2300 2740 2501 2795 Passus
2539 2741 2635 2794 sub
2667 2739 2860 2795 Pontio
2901 2739 3078 2796 Pilato
3116 2756 3135 2795 .'
3178 2744 3279 2798 iste
3313 2743 3516 2798 Pilatus
3536 2744 3699 2813 judcx
3746 2758 3747 2761 ‘

2126 2841 2244 2885 erat
2266 2831 2320 2885 in
2344 2831 2432 2887 illo
2461 2840 2720 2902 tempore,
2749 2833 2816 2887 ab
2853 2832 3178 2902 imperatore
3199 2834 3401 2903 positus
3421 2834 3469 2886 in
3493 2833 3698 2893 Judaua,

2127 2922 2225 2976 sub
2256 2938 2362 2992 quo
2390 2923 2650 2977 Dominus
2685 2938 2877 2993 passus
2919 2932 3030 2988 est,
3063 2925 3217 2993 cujus
3253 2924 3453 2980 mentio
3476 2931 3715 2977 itantumr

2126 3010 2215 3066 hic
2237 3012 2305 3065 ad
2335 3013 2592 3082 temporis
2623 3012 3068 3083 signiﬁcationem
3096 3014 3346 3083 pertinet.
3382 3012 3723 3081 liruciﬁxus,

2127 3112 2361 3157 mortuus
2386 3113 2433 3156 et
2459 3103 2692 3173 sepultus
2722 3117 2740 3154 :
2769 3119 2982 3158 crucem
3015 3103 3160 3157 illam
3187 3103 3240 3158 in
3272 3118 3378 3173 qua
3413 3102 3504 3158 ille
3528 3103 3711 3158 cruci-

2048 3178 2093 3240 C
2124 3192 2264 3247 lixus
2289 3200 2372 3247 est
2398 3207 2647 3263 corpore,
2680 3209 2779 3248 nos
2799 3208 2898 3262 per
2924 3193 3325 3249 similitudinem
3350 3203 3624 3264 gestamus
3648 3194 3717 3247 im

2122 3280 2328 3347 fronte,
2358 3291 2413 3337 et
2437 3297 2533 3352 per
2553 3284 2694 3338 hanc
2718 3283 3057 3339 defendimur
3085 3285 3154 3339 ab
3187 3285 3373 3350 hoste,
3400 3294 3457 3340 et
3481 3286 3620 3339 sicut
3650 3285 3719 3339 in~
3757 3346 3760 3350 Α

2121 3370 2348 3426 veritate
2385 3381 2545 3427 natus
2573 3381 2656 3428 est
2691 3372 2966 3438 Christus,
3008 3374 3082 3427 ita
3119 3374 3248 3428 etin
3289 3376 3518 3430 veritate
3560 3390 3709 3431 mor-

2122 3468 2247 3516 tuus
2276 3470 2332 3516 et
2354 3462 2596 3532 sepultus
2623 3471 2729 3517 est.
2763 3462 2937 3517 Tertia
2964 3463 3049 3518 die
3074 3465 3354 3518 resurrexit
3381 3482 3412 3518 a
3440 3466 3658 3520 mortuis
3682 3477 3704 3518 :

2123 3553 2387 3609 triduana:
2425 3554 2714 3625 sepulturae
2757 3569 2907 3610 mora
2956 3555 3232 3611 evidenter
3276 3555 3513 3611 ostendit
3560 3558 3713 3625 quod
3758 3602 3765 3611 ,

2121 3646 2248 3700 dum
2278 3662 2476 3717 corpus
2508 3647 2563 3701 in
2605 3645 2853 3717 sepulcro
2878 3646 3077 3715 jaeuit,
3119 3647 3298 3701 anima
3336 3646 3424 3700 illa
3464 3645 3530 3701 de
3568 3644 3707 3699 infe-

2121 3740 2197 3794 ris
2229 3740 2599 3809 triumphavit.
2643 3739 2888 3793 Ascendit
2919 3738 2988 3792 ad
3017 3737 3170 3793 certos
3215 3754 3235 3793 :
3276 3739 3396 3794 ideo
3430 3738 3702 3793 conditio-

2120 3843 2244 3883 nem
2273 3836 2482 3883 naturte
2519 3836 2751 3894 nostrm,
2778 3842 2940 3897 quam
2971 3827 3038 3882 de
3081 3827 3298 3882 homine
3338 3836 3513 3882 matre
3546 3835 3720 3882 natus-

2121 3921 2435 3989 assumpsit,
2461 3934 2622 3989 super
2641 3918 2808 3974 cados
2829 3915 2884 3973 in
2913 3918 3273 3983 dextera'Dci,
3294 3919 3397 3973 hoc
3420 3918 3582 3973 estin
3608 3919 3707 3972 ho-

2121 4030 2253 4070 nore
2278 4015 2374 4070 Dei
2402 4014 2604 4078 Patris,
2634 4012 2919 4069 collecavit
2938 4053 2952 4077 ,
2977 4021 3038 4067 ut
3072 4028 3170 4082 pro
3198 4012 3354 4067 nobis
3380 4014 3717 4082 propitiator-

2120 4107 2401 4163 existeret.
2434 4105 2568 4160 Inde
2607 4114 2852 4159 venturus
2879 4104 3123 4174 judicare
3156 4106 3295 4158 vivos
3337 4114 3384 4158 et
3419 4114 3651 4159 mortuos
3681 4122 3707 4158 εκ

2122 4198 2175 4252 in
2203 4198 2320 4268 ipso
2344 4212 2570 4268 corpore
2597 4204 2855 4251 venturus
2893 4203 2978 4251 est
3006 4196 3072 4250 ad
3095 4195 3353 4265 judicium
3395 4196 3447 4251 in
3473 4211 3581 4267 quo
3609 4211 3700 4251 as-

2121 4288 2302 4343 cendit
2342 4287 2397 4342 in
2434 4286 2659 4352 etclam;
2696 4285 3032 4342 Christianos
3054 4285 3314 4353 judicabit
3351 4295 3406 4341 et
3440 4301 3698 4356 paganos,

2116 4376 2292 4448 iustos
2321 4382 2377 4431 et
2409 4384 2744 4447 peceatores,
2773 4375 2957 4431 ﬁdeles
2978 4384 3033 4431 et
3057 4375 3276 4444 impios.
3303 4373 3469 4430 Credo
3493 4376 3547 4430 in
3571 4375 3703 4446 δρία

2125 4470 2284 4523 ritum
2306 4477 2546 4523 sanctum
2576 4481 2594 4519 :
2619 4468 2882 4523 advertite
2909 4467 3053 4538 quod
3092 4467 3232 4522 sicut
3264 4467 3317 4523 in
3351 4468 3563 4524 Patrem
3582 4510 3596 4534 ,
3624 4470 3707 4524 ita

2125 4565 2180 4613 et
2209 4557 2263 4613 in
2288 4556 2503 4624 Filium,
2528 4566 2583 4613 et
2609 4556 2663 4611 in
2691 4555 2949 4626 Spiritum
2976 4566 3218 4612 sanctum
3245 4559 3316 4613 sit
3339 4559 3697 4622 credendum;

2123 4661 2250 4702 nam
2275 4645 2367 4716 qui
2396 4645 2482 4701 vel
2508 4661 2669 4700 unam
2697 4645 2764 4700 de
2790 4646 3058 4700 Trinitate
3078 4661 3363 4716 personam
3391 4663 3498 4703 non
3529 4651 3703 4705 credi-

2123 4736 2283 4802 derit,
2308 4735 2364 4790 in
2384 4734 2588 4791 duabus
2609 4734 2684 4789 illi
2703 4734 3003 4790 credidisse
3024 4751 3129 4789 non
3155 4736 3412 4806 proderit.
3445 4735 3699 4794 Sanctam

2122 4825 2415 4882 Ecclesium
2443 4826 2753 4882 catholicam
2780 4839 2798 4878 :
2826 4827 3102 4882 sciendum
3127 4836 3209 4883 est
3236 4830 3377 4899 quod
3405 4829 3699 4893 Ecclesium

2123 4915 2368 4983 credere,
2396 4931 2502 4972 non
2533 4923 2711 4971 tamen
2734 4916 2788 4970 in
2816 4916 3108 4971 Ecclesium
3136 4919 3357 4973 credere
3385 4919 3697 4985 debeamus,

2127 5008 2254 5080 quia
2276 5008 2517 5065 Ecclesia
2542 5024 2647 5063 non
2671 5009 2813 5063 Deus
2833 5047 2848 5073 ,
2872 5007 2968 5062 sed
2993 5008 3184 5064 domus
3219 5008 3314 5063 Dei
3338 5018 3439 5065 est.
3466 5009 3701 5066 Catholi-

2126 5116 2244 5155 cam
2268 5101 2431 5166 dicit,
2466 5100 2517 5154 id
2542 5106 2656 5165 est,
2687 5106 2800 5153 toto
2826 5097 2958 5153 orbe
2986 5097 3231 5155 diffusam
3265 5118 3277 5153 :
3309 5101 3435 5169 quia
3460 5102 3710 5158 diverso-

2125 5207 2247 5247 rum
2291 5191 2666 5247 haereticorum
2703 5189 2959 5245 Ecclesiae
2996 5189 3118 5245 ideo
3156 5190 3433 5247 catholicae
3473 5207 3581 5247 non
3619 5194 3709 5248 di-

2125 5290 2351 5345 cuntur,
2397 5280 2525 5349 quia
2573 5292 2671 5350 per
2711 5277 2829 5333 loca
2875 5288 3038 5348 atque
3084 5293 3182 5348 per
3217 5295 3341 5336 suas
3390 5283 3711 5352 provincias,

2125 5372 2470 5428 continentur
2503 5386 2518 5425 :
2550 5371 2664 5426 haee
2694 5385 2820 5426 vero
2850 5386 2882 5424 a
2917 5369 3046 5426 solis
3081 5381 3203 5426 ortu
3239 5388 3411 5444 usque
3444 5376 3511 5430 ad
3538 5388 3700 5431 occa-

2124 5479 2243 5520 sum
2289 5465 2450 5518 unius
2492 5462 2616 5518 fidei
2659 5462 2942 5532 splendore
2993 5461 3324 5518 didunditur.
3378 5464 3698 5520 Sanctorum

2123 5555 2557 5620 communionem,
2584 5553 2636 5608 id
2666 5560 2770 5619 est,
2808 5551 3021 5606 illorum
3048 5550 3139 5620 qui
3171 5551 3225 5605 in
3256 5553 3357 5609 hac
3378 5552 3481 5609 llde
3504 5552 3697 5608 defun-

2123 5644 2197 5700 cti
2223 5651 2366 5709 sunt,
2398 5644 2707 5699 societatem
2734 5641 2789 5695 in
2813 5639 2965 5695 caelis
2996 5653 3294 5708 speramus.
3322 5640 3695 5697 Remissionem

2122 5745 2473 5807 peccatorum,
2503 5748 2621 5805 qua}
2644 5730 2800 5789 nobis
2824 5735 3110 5801 praestatur
3129 5744 3349 5786 munere
3370 5729 3692 5801 Redempto-
