4036 6370
320 345 394 423 so
1234 340 1538 403 llOMlLUE
1573 345 1661 402 DE
1698 346 1944 404 rasus
1983 348 2388 417 Pammenis,
2429 350 2584 408 me.
3501 365 3575 423 39

322 462 399 516 ris
425 459 651 531 pleniter
687 456 745 512 in
773 456 1041 527 baptismo
1075 471 1174 527 per
1208 458 1366 514 ﬁdem
1386 501 1400 524 ,
1436 469 1493 515 et
1527 476 1591 515 ea
1619 477 1739 531 qua:
1774 470 1895 532 post
1920 465 1969 523 Α
1997 469 2081 517 est
2109 462 2163 516 in
2191 462 2522 519 Hierusalem
2548 466 2849 534 caelestem,
2878 472 3148 541 possimus
3174 475 3391 533 intrare.
3418 477 3576 546 Quod

321 551 647 623 baptismum
669 549 1060 606 committimus
1082 563 1181 618 per
1205 549 1600 607 confessionem
1627 561 1681 607 et
1711 568 1894 608 veram

321 647 696 718 pmnitentiam
731 662 795 703 ac
830 646 971 703 bona
1006 661 1169 717 opera
1213 662 1491 718 Speramus
1519 646 1734 702 dimitti.
1766 645 1898 701 Car-

322 741 406 794 nis
441 739 871 795 resurrectionem
907 754 928 794 :
960 754 1178 794 carnem
1216 738 1468 793 videlicet
1495 754 1656 809 quam
1702 738 1754 793 in
1794 739 1897 794 hac

321 832 434 886 vita
456 831 558 886 sub
581 830 792 885 mortali
818 830 1122 886 conditione
1142 838 1441 899 portamus,
1467 835 1895 884 resurrecturam

322 920 445 976 esse
464 920 823 975 immortalem
850 934 914 975 ac
941 924 1204 976 rationem
1227 921 1556 976 reddituram
1577 936 1677 991 pro
1702 919 1897 974 anima:

322 1010 600 1066 consortio
641 1009 945 1065 credamus.
996 1009 1164 1065 Vitam
1196 1021 1463 1065 wternam.
1500 1010 1681 1064 Amen.
1713 1008 1895 1063 Vitam

323 1114 536 1171 quoque
564 1108 823 1155 aeternam
858 1099 1063 1155 debetis
1096 1101 1318 1156 credere
1350 1101 1404 1155 in
1443 1100 1629 1166 crelis,
1675 1100 1891 1165 fratres,

321 1191 612 1257 veraciter,
640 1192 783 1262 quod
812 1191 1078 1262 signiﬁcat
1099 1191 1284 1257 Amen,
1315 1207 1411 1246 vos
1436 1192 1715 1262 percipere
1735 1204 1894 1260 posse

322 1295 445 1336 cum
472 1280 685 1336 Christo
714 1289 768 1335 et
796 1281 995 1336 sanctis
1017 1280 1133 1350 ejus
1150 1322 1164 1345 ,
1195 1281 1239 1336 si
1268 1266 1408 1335 hanc
1436 1295 1598 1350 quam
1622 1279 1775 1335 vobis
1801 1293 1895 1332 ex-

319 1371 600 1441 posuimus
639 1370 797 1426 ﬁdem
836 1370 1065 1426 ﬁdeliter
1109 1371 1338 1426 teneatis
1380 1385 1444 1424 ac
1489 1370 1644 1425 bonis
1683 1370 1893 1425 actibus

319 1461 654 1517 conservetis
682 1479 695 1515 :
726 1476 889 1531 quam
919 1462 1142 1517 obsecro
1178 1472 1236 1516 ut
1266 1460 1540 1515 memoriae
1576 1460 1710 1514 bene
1744 1474 1892 1515 com-

317 1554 586 1609 mendetis
606 1568 668 1607 ac
693 1554 853 1624 digna
876 1555 1281 1609 conversatione
1305 1554 1533 1623 probare
1555 1560 1607 1606 et
1628 1568 1796 1623 usque
1820 1552 1890 1609 ad

313 1642 478 1698 tinem
503 1642 629 1697 vitae
656 1642 813 1698 istius
834 1644 1126 1712 perducere
1151 1644 1516 1709 contendatis,
1541 1650 1595 1697 ut
1619 1658 1717 1713 per
1750 1644 1890 1698 hanc

311 1743 513 1790 aeterna
535 1735 758 1805 praemia
779 1736 1035 1806 consequi
1058 1734 1272 1791 Christo
1294 1736 1526 1790 donante
1549 1735 1883 1790 mereamini.

307 1826 506 1882 Amen.

867 1917 1147 1973 IIOMILIA
1186 1917 1323 1973 XIV.

756 2025 819 2063 IN
885 2025 994 2063 DIE
1058 2027 1438 2065 PALMARUH.

822 2098 1045 2170 (Evang.
1076 2099 1269 2154 Matth.
1297 2090 1377 2173 ι.)

381 2186 667 2245 Hodierna:
685 2189 1012 2246 celebritatis
1032 2192 1337 2246 observatio
1356 2191 1485 2261 quid
1504 2191 1660 2247 nobis
1677 2191 1883 2255 innuat,

314 2294 420 2335 non
455 2280 809 2352 incongruum
845 2282 1083 2347 videtur,
1128 2282 1324 2338 fratres
1369 2283 1703 2350 charissimi,
1748 2283 1889 2339 inter

314 2371 424 2427 haec
466 2387 623 2429 sacra
660 2374 942 2429 missarum
976 2374 1235 2430 solemnia
1270 2375 1425 2430 vobis
1463 2374 1700 2430 breviter
1724 2388 1891 2445 expo-

238 2524 249 2533 _
309 2465 602 2534 nere,quia
622 2463 785 2532 aliqui
810 2472 1047 2518 vestrum
1067 2465 1226 2535 hujus
1244 2464 1367 2519 festi
1387 2465 1651 2519 rationem
1675 2465 1883 2519 sciunt:

311 2554 477 2624 aliqui
502 2570 633 2609 vero
655 2555 799 2624 quod
834 2556 939 2610 ritu
969 2554 1144 2612 cultus
1179 2571 1302 2612 cum
1338 2555 1549 2610 caeteris
1586 2554 1718 2610 foris
1747 2555 1890 2625 geri-

312 2651 420 2707 tur,
462 2643 735 2699 intelleetu
775 2645 956 2700 cordis
990 2645 1209 2701 minime
1247 2646 1396 2701 intus
1432 2653 1648 2700 norunt.
1693 2643 1891 2699 Narrat

315 2735 534 2805 quidem
572 2746 817 2792 sanctum
862 2736 1208 2807 Evangelium
1252 2736 1394 2806 quod
1432 2735 1760 2806 Redemptor
1793 2749 1891 2790 no-

316 2837 465 2892 ster,
508 2828 965 2898 appropinquante
1005 2838 1247 2899 tempore
1289 2843 1398 2883 sum
1426 2828 1723 2897 passionis,
1764 2834 1891 2882 ante

321 2932 420 2972 sex
448 2919 565 2974 dies
593 2918 1008 2992 Hierosolymam
1037 2936 1288 2992 pergens,
1316 2937 1414 2991 per
1441 2920 1736 2992 discipulos
1764 2937 1890 2977 suos

320 3006 544 3061 asellum
575 3008 673 3063 sibi
709 3009 896 3065 adduci
928 3010 1181 3079 jusserit,
1222 3009 1311 3079 qui
1352 3024 1472 3063 cum
1511 3009 1771 3064 adductus
1806 3024 1893 3063 es-

312 3106 423 3163 set,
453 3099 674 3168 apostoli
703 3114 863 3170 super
884 3114 1006 3154 eum
1034 3100 1354 3155 vestimenta
1381 3115 1478 3154 sua
1511 3098 1888 3168 imposuerint,

310 3196 370 3244 et
407 3156 591 3244 Jesum
634 3156 865 3262 desuper
910 3191 1096 3246 sedere
1138 3190 1360 3245 fecerint
1401 3207 1414 3243 :
1447 3156 1675 3259 plurima
1711 3196 1888 3243 autem
1916 3156 1961 3219 (ἶ

310 3281 469 3337 turba
498 3283 750 3337 straverit
794 3283 1112 3337 vestimenta
1152 3296 1246 3336 sua
1284 3280 1339 3334 in
1367 3280 1483 3346 via;
1513 3280 1602 3333 alii
1643 3294 1772 3334 vero
1804 3294 1892 3334 ra-

307 3387 432 3429 mos
470 3373 539 3429 de
580 3373 865 3429 arboribus
900 3374 1197 3439 credentes,
1227 3373 1477 3428 similiter
1504 3372 1647 3428 viam
1677 3380 1888 3427 sterne—

307 3473 455 3529 rent,
480 3472 746 3534 quatenus
777 3464 961 3520 asinus
990 3464 1079 3520 illc
1112 3466 1229 3522 sine
1249 3462 1569 3519 oti‘entliculo
1595 3462 1886 3517 incederet.

306 3552 389 3607 llli
418 3563 599 3609 autem
630 3555 721 3624 qui
751 3555 1044 3625 prteibant,
1075 3563 1129 3609 et
1153 3553 1245 3624 qui
1276 3553 1660 3622 sequebantur,
1692 3550 1892 3605 clama-

303 3658 508 3703 verunt
530 3649 773 3705 dicentes
805 3668 818 3703 :
848 3649 1101 3705 Ilosanna
1121 3649 1231 3718 ﬁlio
1259 3649 1426 3703 David
1443 3690 1457 3714 ,
1486 3648 1780 3702 benedictus
1800 3648 1891 3718 qui

301 3741 447 3794 venit
478 3741 529 3794 in
563 3742 768 3795 nomine
795 3739 1003 3795 Domini
1030 3756 1121 3795 rea:
1149 3739 1338 3806 Israel,
1363 3739 1618 3796 Hosanna
1645 3742 1699 3794 in
1726 3740 1893 3796 excel-

298 3832 403 3886 sis.
433 3830 499 3885 Et
534 3832 675 3901 quod
704 3847 825 3886 cum
856 3831 946 3885 tali
982 3830 1251 3900 triumpho
1282 3830 1538 3885 Dominus
1567 3829 1723 3887 Iesus
1759 3830 1887 3886 Hie-

300 3923 635 3993 rosolymam
682 3923 955 3994 ingressus
996 3924 1064 3979 sit
1109 3941 1122 3977 :
1176 3924 1290 3977 haec
1336 3924 1553 3992 quidem
1596 3925 1891 3980 secundum

298 4012 595 4068 historiam
620 4012 693 4066 ita
716 4012 881 4078 facta,
906 4013 1166 4068 hodierno
1187 4022 1472 4078 conventu,
1496 4015 1550 4069 in
1573 4015 1889 4069 memoriam

297 4101 688 4172 Redemptoris
716 4102 885 4157 nostri
914 4101 1334 4168 celebravimus,
1364 4112 1721 4173 opportunum
1745 4103 1890 4158 testi-

296 4203 524 4252 mantes
548 4196 673 4265 quid
704 4197 817 4250 haec
842 4195 1113 4266 spiraliter
1146 4194 1450 4266 signiﬁcent
1485 4194 1639 4250 vobis
1676 4195 1891 4250 intima-

294 4304 387 4344 re.
430 4285 627 4342 Asinus
662 4288 857 4357 quippe
900 4288 987 4343 hic
1022 4303 1184 4358 super
1220 4304 1378 4358 quem
1424 4289 1687 4346 Dominus
1727 4292 1887 4359 sedit,

293 4378 566 4450 gentilem
592 4378 847 4447 populum
876 4379 1141 4449 signiﬁcat
1169 4382 1310 4436 unde
1336 4397 1436 4438 nos
1465 4399 1652 4438 sumus
1685 4402 1697 4438 :
1727 4400 1887 4456 quem

294 4468 538 4540 apostoli
564 4485 661 4540 per
683 4471 1117 4541 praedicationem
1137 4472 1431 4545 Evangelii,
1457 4475 1525 4529 ab
1548 4475 1749 4530 inimici
1775 4476 1888 4530 vin-

294 4562 471 4628 culis,
508 4560 562 4616 id
590 4570 673 4617 est
699 4561 918 4629 diaboli,
942 4562 1299 4630 absolventes,
1321 4566 1387 4619 ad
1414 4565 1685 4621 Christum
1716 4567 1887 4623 addu-

293 4661 549 4720 xerunt;
596 4652 1037 4724 imponentesquc
1078 4669 1239 4724 super
1267 4671 1387 4711 eum
1419 4658 1733 4712 vestimenta
1766 4673 1887 4725 sua,

292 4746 358 4803 id
388 4752 510 4813 est,
547 4745 829 4816 prmceptis
856 4744 1148 4802 Dominicis
1185 4755 1241 4802 et
1274 4749 1446 4818 gratia
1478 4749 1705 4819 spiritali
1742 4750 1891 4804 nudi-

293 4846 480 4893 tatem
510 4845 854 4907 peccatorum
886 4836 1001 4906 ejus
1028 4837 1271 4893 velantes
1290 4879 1305 4904 ,
1346 4838 1631 4893 Dominum
1663 4840 1893 4910 desuper

292 4929 521 4995 sedere,
539 4929 591 4984 id
611 4939 715 4996 est,
732 4929 974 4986 habitare
989 4937 1041 4985 et
1064 4931 1349 5002 imperare,
1363 4930 1628 4987 fecerunt.
1655 4932 1891 4989 Plurima

291 5034 492 5080 autem
509 5023 662 5078 turba
672 5065 686 5089 ,
699 5039 819 5094 qua:
830 5024 1145 5080 vestimenta
1158 5041 1254 5080 sua
1271 5027 1545 5082 sternebat
1558 5026 1613 5080 in
1624 5026 1709 5080 via
1719 5067 1733 5093 ,
1751 5042 1893 5082 mar-

295 5125 463 5188 tyres
504 5114 808 5185 signiﬁcat,
844 5115 936 5185 qui
965 5130 1188 5186 corpora
1230 5131 1327 5171 sua
1359 5131 1459 5185 pro
1484 5115 1701 5171 Christo
1726 5118 1891 5172 morti

296 5206 687 5273 tradiderunt,
727 5206 991 5277 nobisque
1018 5206 1322 5277 exemplum
1353 5207 1646 5274 dederunt,
1684 5208 1775 5277 qui
1801 5208 1891 5279 ju-

297 5304 500 5354 menta
528 5297 740 5353 Domini
768 5313 986 5365 sumus,
1013 5307 1073 5354 ut
1093 5313 1192 5369 pro
1219 5298 1420 5355 Christi
1446 5299 1550 5355 ﬁde
1572 5308 1766 5355 cuncta
1794 5301 1892 5359 ad-

298 5403 473 5446 versa
508 5389 779 5458 patienter
816 5388 1123 5444 toleremus.
1166 5388 1249 5445 llli
1286 5397 1469 5446 autem
1493 5390 1586 5462 qui
1624 5406 1804 5447 ramos
1830 5391 1896 5448 de

302 5478 606 5534 arboribus
628 5477 943 5545 fructiferis,
971 5479 1023 5535 id
1045 5486 1146 5546 est,
1168 5480 1447 5552 prophetis
1475 5481 1782 5537 testimonia
1812 5496 1898 5537 sa-

304 5587 414 5627 cra
441 5578 715 5627 sumentes
733 5612 749 5639 ,
778 5570 934 5627 nobis
963 5571 1203 5643 quotidie
1234 5572 1377 5627 viam
1415 5579 1689 5639 sternunt,
1716 5573 1769 5627 id
1793 5579 1895 5639 est,

304 5663 464 5717 viam
489 5670 728 5717 nostram
754 5663 1006 5718 ordinant
1032 5669 1300 5732 quatenus
1339 5663 1455 5718 sine
1478 5662 1679 5718 offensa
1708 5678 1899 5734 pecca-

306 5762 526 5824 torum,
554 5754 655 5813 sub
680 5769 891 5813 sessore
909 5754 1155 5824 Domino,
1185 5754 1239 5814 in
1261 5762 1502 5811 sanctam
1527 5755 1823 5826 civitatem,
1845 5755 1898 5812 id

1995 560 2173 606 autem
2201 553 2274 607 illi
2313 556 2404 624 qui
2436 555 2727 624 prmibant,
2756 568 2810 613 et
2836 561 2926 629 qui
2955 564 3334 633 sequebantur,
3365 567 3569 624 clama-

1994 638 2126 694 bant
2163 654 2178 693 :
2217 640 2472 697 Hosanna
2501 644 2613 714 ﬁlio
2649 646 2853 714 David,
2888 649 3157 721 signiﬁcat
3197 654 3315 710 illos
3352 666 3573 714 sanctos

1995 731 2236 802 quiante
2265 735 2551 790 adventum
2580 736 2791 793 Domini
2817 741 2873 794 in
2899 757 3061 798 carne
3082 759 3491 815 praecesserunt,
3515 757 3578 807 et

1993 834 2086 877 eos
2114 824 2205 892 qui
2243 834 2364 895 post
2401 829 2769 885 ascensionem
2811 832 2925 902 ejus
2951 836 3223 892 subsecuti
3259 848 3410 904 sunt,
3445 856 3573 895 con-

1994 912 2230 966 corditer
2269 913 2453 970 laudes
2492 915 2607 984 ejus
2643 935 2927 976 resonasse
2964 931 3017 977 et
3051 924 3386 994 majestatem
3424 929 3570 986 illius

1993 1003 2313 1070 praedicasse
2350 1008 2614 1062 veraciter
2658 1027 2671 1062 :
2711 1011 2836 1080 quia
2873 1014 3014 1083 quod
3053 1017 3329 1085 pmphetse
3369 1028 3424 1073 et
3468 1034 3567 1089 pa—

1994 1091 2245 1149 triarcha:
2277 1095 2343 1151 de
2369 1111 2433 1151 eo
2461 1098 2827 1165 praedixerunt
2852 1100 3111 1169 futurum,
3135 1106 3239 1161 hoc
3269 1108 3495 1177 apostoli
3514 1116 3571 1165 et

1991 1183 2334 1253 evangelista:
2360 1187 2654 1242 narrabant
2672 1187 2785 1257 jam
2812 1205 2930 1246 esse
2948 1194 3294 1264 completum.
3318 1196 3445 1253 Haec
3470 1198 3571 1270 igi-

1992 1279 2081 1325 tur
2104 1275 2540 1343 considerantes,
2577 1277 2774 1336 fratres
2807 1283 3142 1350 charissimi,
3172 1289 3570 1359 perpendamus

1992 1362 2417 1421 misericordiam
2446 1369 2743 1426 conditoris
2769 1373 2961 1439 nostri,
2990 1374 3080 1445 qui
3108 1376 3259 1446 prius
3279 1392 3377 1435 nos
3397 1378 3570 1435 bonos

1989 1460 2046 1507 et
2082 1453 2413 1513 immortales
2447 1460 2677 1526 creavit,
2722 1469 2776 1516 et
2807 1466 2928 1533 past
2960 1446 3457 1533 praevaricationem
3503 1482 3569 1524 ac

1989 1543 2204 1615 lapsum
2226 1545 2444 1618 fragiles
2472 1564 2537 1605 ac
2574 1551 2830 1607 mortales
2855 1551 3059 1619 factos,
3093 1570 3123 1608 a
3149 1564 3415 1625 potestate
3449 1558 3566 1613 dia-

1990 1633 2098 1689 boli
2130 1642 2184 1689 et
2207 1645 2552 1705 peccatorum
2580 1640 2804 1695 vinculis
2831 1656 2927 1710 per
2954 1642 3293 1713 Unigenitum
3322 1662 3478 1702 suum
3508 1646 3570 1701 li-

1990 1725 2219 1781 beravit.
2254 1726 2609 1785 llumiliemus
2634 1746 2734 1787 nos
2760 1730 2860 1786 sub
2887 1741 3034 1789 tanto
3062 1748 3299 1799 sessore,
3334 1737 3458 1805 quia
3481 1737 3569 1807 ju-

1914 1804 1962 1865 Β
1990 1835 2114 1888 gum
2145 1820 2260 1890 ejus
2293 1836 2457 1877 suave
2484 1830 2539 1877 et
2575 1839 2711 1878 onus
2735 1824 2905 1894 ipsius
2931 1825 3046 1880 leve
3082 1833 3192 1891 est;
3234 1804 3567 1893 Studeamus,

1989 1920 2249 1980 quantum
2286 1929 2573 1983 possumus
2591 1956 2605 1979 ,
2632 1924 2694 1970 ut
2722 1932 2845 1972 eum
2872 1924 3150 1986 portantes
3171 1959 3185 1983 ,
3222 1925 3571 1987 peccatorum

1987 2002 2306 2059 offendicula
2349 2020 2653 2062 caveamus.
2697 2006 2970 2065 Habemus
3010 2009 3152 2063 viam
3192 2016 3567 2079 praeparaLam,

1988 2094 2114 2162 quia
2140 2097 2315 2151 omnis
2357 2094 2637 2173 Scriptura
2676 2098 2932 2154 divinitus
2970 2098 3231 2170 inspirata
3269 2115 3332 2154 ac
3369 2100 3599 2153 dictata.

1990 2185 2145 2240 docet
2169 2194 2222 2239 et
2246 2186 2468 2241 instruit
2493 2202 2622 2252 nos,
2659 2188 2892 2257 qualiter
2922 2196 3071 2243 recto
3097 2204 3257 2243 cursu
3283 2203 3572 2259 pergamus

1989 2277 2055 2331 ad
2076 2277 2308 2346 patriam
2336 2286 2601 2344 nostram,
2631 2286 2683 2334 et
2703 2279 2845 2334 bono
2870 2280 3072 2344 studio,
3094 2294 3191 2348 per
3216 2280 3396 2344 ﬁdem,
3420 2292 3574 2348 spem

1988 2379 2043 2425 et
2067 2370 2412 2435 charitatem,
2432 2372 2712 2426 veniamus
2736 2373 2800 2427 ad
2827 2381 3129 2427 creatorem
3157 2380 3421 2427 nostrum.
3452 2371 3574 2427 Jam

1988 2461 2329 2531 approximat
2356 2461 2472 2517 dies
2500 2471 2719 2517 sanctus
2755 2462 2975 2518 Pascha:
3008 2482 3020 2517 :
3053 2463 3168 2519 haec
3209 2461 3567 2527 hebdomada,
3603 2502 3610 2512 .

1989 2550 2205 2617 fratres,
2227 2568 2340 2623 prie
2366 2553 2576 2608 caeteris
2603 2554 2764 2609 totius
2784 2555 2908 2609 anni
2932 2555 3268 2625 septimanis,
3295 2554 3571 2625 mysteriis
3604 2584 3609 2587 τ

1990 2647 2301 2702 coelestibus
2328 2646 2487 2716 plena
2512 2655 2597 2702 est
2627 2667 2639 2701 :
2672 2648 2773 2703 hac
2808 2648 3140 2703 hebdomada
3175 2646 3425 2702 Salvator
3443 2661 3576 2715 quo—

1989 2739 2121 2793 tidie
2155 2753 2325 2808 usque
2366 2739 2434 2792 ad
2466 2747 2680 2809 tempus
2716 2739 2985 2808 passionis
3013 2753 3123 2793 suae
3161 2738 3215 2791 in
3245 2736 3444 2806 templo
3480 2736 3577 2790 do-

1991 2832 2130 2897 cuit;
2164 2832 2217 2885 in
2243 2832 2345 2885 hac
2370 2831 2591 2902 quippe,
2621 2831 2675 2886 id
2709 2837 2810 2896 est,
2843 2831 3029 2901 quinta
3063 2828 3198 2884 feria
3226 2826 3384 2897 hujus
3410 2827 3577 2896 septi-

1990 2937 2165 2977 mana;
2190 2962 2205 2988 ,
2246 2921 2300 2975 in
2328 2936 2486 2977 creua
2512 2921 2768 2992 mystica,
2812 2920 3057 2991 corporis
3087 2928 3139 2975 et
3179 2918 3454 2989 sanguinis
3491 2915 3574 2971 sui

1991 3020 2329 3070 sacramenta
2379 3013 2493 3067 suis
2538 3012 2816 3083 discipulis
2866 3012 2980 3081 ipse
3026 3011 3258 3081 primum
3312 3007 3570 3069 tradidit,

1992 3104 2206 3172 quando
2234 3110 2290 3158 et
2320 3116 2506 3156 eorum
2534 3101 2697 3171 pedes
2726 3101 2888 3166 lavit;
2920 3100 2975 3155 in
3011 3108 3163 3154 sexta
3189 3098 3323 3152 feria
3361 3110 3575 3167 quoque

1992 3195 2171 3250 crucis
2199 3209 2264 3249 ac
2286 3193 2555 3264 passionis
2581 3208 2692 3247 suae
2720 3192 2976 3263 mysteria
3002 3190 3323 3262 complevit;
3350 3189 3576 3244 sabbato

1946 3358 1951 3363 ι
1989 3300 2121 3340 vero
2153 3285 2209 3339 in
2245 3283 2496 3354 sepulcro
2538 3282 2821 3352 requievit.
2862 3281 3179 3350 Quicunque
3215 3294 3345 3350 ergo
3379 3278 3434 3333 in
3473 3280 3577 3332 hac

1990 3375 2411 3446 Quadragesima
2436 3389 2607 3443 usque
2634 3374 2793 3428 modo
2818 3373 2956 3428 bene
2983 3372 3374 3435 laboravimus,
3401 3383 3576 3439 usque

1990 3467 2057 3520 ad
2088 3465 2248 3520 ﬁnem
2274 3465 2389 3533 ejus
2410 3464 2462 3518 in
2486 3464 2591 3519 hoc
2611 3477 2960 3533 perseverare
2980 3461 3310 3517 Studeamus.
3340 3459 3574 3529 Quicun-

1990 3569 2092 3624 que
2122 3569 2251 3626 ergo
2288 3556 2553 3610 hactenus
2590 3553 2844 3609 desidiosi
2881 3552 3113 3618 fuimus,
3144 3553 3333 3608 saltem
3371 3551 3425 3606 in
3456 3550 3579 3605 istis

1989 3654 2196 3717 septem
2236 3646 2425 3701 diebus
2464 3660 2586 3700 cum
2621 3643 2843 3716 jejuniis
2887 3650 2942 3698 et
2983 3642 3338 3714 eleemosynis
3374 3641 3574 3711 largis,

1989 3755 2113 3794 cum
2147 3739 2343 3808 vigiliis
2383 3746 2439 3793 et
2474 3736 2748 3802 oratione,
2785 3751 2907 3791 cum
2937 3734 3195 3805 lacrymis
3224 3741 3280 3788 et
3318 3746 3576 3802 compun«

1989 3829 2167 3884 ctione
2191 3829 2389 3893 cordis,
2417 3825 2845 3883 misericordiam
2872 3824 3013 3895 apud
3040 3824 3450 3893 Redemptorem
3476 3837 3576 3878 no-

1989 3927 2163 3974 strum
2206 3918 2448 3973 invenire
2484 3926 2793 3989 satagamus
2833 3933 2846 3969 :
2887 3924 2948 3970 ut
2998 3915 3052 3969 in
3095 3919 3283 3968 sancto
3325 3911 3571 3976 Pascha,

1987 4012 2203 4081 quando
2245 4011 2312 4065 ad
2352 4024 2597 4065 mensam
2646 4022 2858 4064 sacram
2907 4006 3121 4063 Domini
3163 4004 3435 4060 accessuri
3483 4018 3549 4058 su

1988 4117 2142 4166 mus,
2182 4100 2322 4155 oculi
2363 4098 2477 4168 ejus
2516 4099 2571 4154 in
2606 4097 2754 4153 nullo
2802 4104 3049 4153 nostrum
3087 4094 3458 4159 oﬁ‘endantur,
3506 4109 3575 4149 ne

1987 4192 2129 4246 forte
2156 4191 2204 4246 ei
2232 4191 2378 4246 dicat
2416 4208 2429 4243 :
2459 4190 2656 4253 Amice,
2688 4187 2758 4242 ad
2793 4187 2918 4260 quid
2940 4186 3121 4240 venisti
3143 4201 3162 4239 :
3187 4184 3446 4256 quomodo
3472 4183 3575 4237 huc

1986 4282 2197 4336 intrasti
2228 4297 2331 4334 non
2365 4279 2556 4333 habens
2587 4288 2772 4333 vestem
2800 4274 3081 4347 nuptialem
3098 4277 3124 4331 γ
3141 4272 3295 4343 cujus
3316 4274 3451 4329 iram
3476 4286 3577 4328 nos

1988 4370 2253 4436 devitarc,
2285 4376 2340 4424 et
2363 4369 2591 4440 gratiam
2620 4368 2738 4439 ejus
2763 4365 2933 4437 magis
2953 4364 3219 4429 invenire,
3241 4362 3358 4433 ipse
3381 4377 3575 4418 conce-

1992 4464 2102 4530 dat,
2132 4465 2223 4534 qui
2250 4478 2350 4517 nos
2380 4462 2628 4527 redemit,
2654 4459 2923 4525 Christus,
2949 4457 3200 4514 Salvator
3224 4464 3406 4512 noster
3435 4473 3449 4509 :
3478 4454 3572 4525 qui

1992 4572 2115 4612 cum
2154 4556 2314 4610 Patre
2354 4563 2409 4609 et
2448 4553 2651 4623 Spiritu
2694 4562 2880 4609 sancto
2916 4550 3052 4607 vivit
3086 4559 3140 4607 et
3173 4556 3364 4621 regnat
3398 4546 3570 4612 Deus,

1990 4661 2088 4716 per
2113 4646 2293 4702 omnia
2321 4644 2518 4702 saecula
2544 4643 2885 4700 sreculorum.
2914 4643 3109 4697 Amen.

2560 4755 2843 4811 llOMlLlA
2877 4753 2994 4809 XV.

2459 4864 2523 4902 IN
2579 4863 2767 4902 C(ISNA
2830 4861 3089 4903 DOMINI.

2495 4938 2721 5009 (Evang.
2746 4939 2905 4993 Joan.
2930 4935 3075 5006 inn.)

2065 5029 2182 5084 Non
2221 5028 2741 5099 przetcrmittendum
2780 5036 2894 5093 est,
2939 5027 3135 5081 fratres
3171 5020 3475 5080 chat'issimi
3509 5037 3571 5078 ac

1992 5119 2090 5175 Dei
2121 5121 2213 5175 ﬁlii
2239 5119 2520 5185 nominati,
2542 5120 2668 5188 quin
2701 5119 2931 5188 aliquam
2962 5114 3300 5170 allocutionis
3331 5112 3573 5168 admoni-

1994 5214 2195 5268 tionem
2226 5213 2292 5267 de
2319 5212 2422 5266 hoc
2447 5221 2634 5267 sancto
2662 5218 2716 5266 et
2739 5211 2974 5280 pretioso
3004 5208 3089 5263 die
3123 5208 3394 5263 hodierna:
3420 5205 3574 5261 festi-

1993 5302 2178 5357 vitatis
2200 5301 2349 5357 vobis
2372 5301 2654 5366 faciamus,
2678 5316 2836 5370 quam
2863 5306 3054 5354 cuncta
3076 5298 3171 5353 Dei
3192 5298 3451 5365 Ecclesia,
3475 5311 3577 5370 per

1996 5399 2170 5447 totum
2214 5392 2470 5447 mundum
2509 5390 2727 5455 diti'usa,
2757 5389 2995 5444 celebrat
3030 5397 3085 5444 et
3122 5389 3354 5444 honorat
3390 5406 3404 5441 :
3442 5385 3572 5458 quia

1998 5483 2138 5538 sicut
2161 5498 2357 5553 corpus
2382 5482 2498 5537 sine
2526 5480 2839 5552 quotidiana
2864 5479 3006 5535 victu
3034 5495 3139 5534 non
3162 5487 3342 5549 potest
3366 5478 3570 5544 vivere,

1997 5573 2073 5629 ita
2098 5589 2198 5629 nec
2224 5573 2420 5639 anima,
2451 5587 2570 5643 quae
2590 5571 2740 5626 valde
2761 5570 3097 5641 pretiosioris
3120 5578 3201 5625 est
3227 5567 3569 5633 conditionis,

1998 5665 2115 5720 sine
2142 5665 2234 5719 Dei
2266 5665 2449 5720 verbo.
2480 5663 2612 5718 Nam
2644 5663 2785 5717 sicut
2810 5676 2938 5717 caro
2968 5660 3110 5716 redit
3142 5660 3209 5715 ad
3239 5668 3436 5715 terram
3457 5696 3471 5722 ,
3505 5657 3571 5712 de

2000 5770 2105 5828 qua
2130 5756 2355 5827 sumpsit
2387 5755 2671 5826 originem,
2702 5754 2775 5810 ita
2804 5753 2983 5810 anima
3010 5752 3077 5809 ad
3108 5751 3324 5821 cwlum,
3349 5750 3393 5807 si
3430 5765 3569 5806 scm-
