4036 6370
448 431 512 488 3i

1024 460 1035 467 .
1104 427 1167 481 B.
1206 398 1459 480 RABANl
1496 421 1715 479 usum
1748 419 2062 476 ARClllEP.
2104 419 2415 478 uocum.
2456 421 2740 479 OPERUM
2778 422 2959 478 rans
2997 423 3059 479 ιι.

3620 422 3690 479 32

446 559 547 615 per
569 543 748 598 divino
774 524 1018 609 eloquio,
1052 539 1193 608 quod
1222 536 1335 607 ejus
1357 537 1506 591 cibus
1535 544 1648 600 est,
1676 539 1930 604 pascatur
1955 546 2020 587 ac
2046 536 2097 596 Α
2121 533 2415 597 concessit,
2448 541 2504 588 et
2531 535 2885 605 quodcunque
2918 534 3153 590 solveret
3193 534 3247 589 in
3281 533 3471 600 terris,
3504 534 3691 591 fuisset

450 633 746 696 reﬁciatur,
778 631 903 701 quia
931 630 1033 684 hoc
1060 642 1276 683 omnem
1304 626 1622 681 suavitatem
1647 630 1865 692 superat
1890 622 2021 677 mel-

447 724 535 790 lis,
570 730 802 778 testante
827 720 1086 789 propheta
1127 717 1294 771 David
1317 757 1332 783 ,
1361 716 1450 787 qui
1488 715 1563 769 ait
1593 733 1605 768 :
1641 714 1811 779 Quam
1844 710 2021 765 dulcia

448 811 689 885 faucibus
716 812 842 864 meis
871 810 1073 879 eloquia
1098 817 1211 873 tua,
1237 806 1475 870 Domine,
1504 821 1658 875 super
1677 802 1778 857 mel
1803 803 1883 856 ori
1907 818 2019 855 meo

448 897 621 973 (Psal.
648 898 859 968 cxvm).
902 896 1199 964 Unicuique
1226 910 1354 966 ergo
1381 893 1584 948 homini
1612 892 1683 947 sit
1719 900 1923 947 certum
1955 905 2020 945 ac

446 997 635 1046 notum
671 988 797 1058 quia
842 987 981 1042 sicut
1019 994 1178 1040 natus
1218 992 1301 1040 est
1347 984 1401 1038 in
1445 985 1586 1038 hunc
1623 982 1910 1047 mundum,
1942 980 2019 1035 ita

446 1079 705 1134 mundum
744 1076 993 1146 reliquit,
1036 1083 1324 1130 attestante
1361 1073 1685 1146 evangelista
1722 1071 1929 1127 Joanne
1954 1071 2020 1125 de

445 1167 583 1224 Filio
612 1167 707 1222 Dei
738 1168 790 1221 in
821 1167 923 1221 hac
959 1166 1265 1237 evangelica
1299 1165 1526 1220 lectione
1561 1180 1720 1234 quam
1758 1164 1917 1218 modo
1945 1163 2020 1218 le-

444 1275 572 1332 gere
600 1258 846 1323 audistis,
879 1258 956 1312 sic
986 1256 1171 1311 dicens
1204 1275 1216 1309 :
1244 1256 1376 1309 Ante
1403 1256 1539 1309 diem
1561 1256 1749 1325 festum
1776 1254 2016 1321 Paschw,

442 1352 609 1409 lciens
637 1348 793 1402 Iesus
833 1349 957 1418 quia
991 1347 1127 1400 venit
1167 1346 1295 1399 hora
1330 1345 1441 1415 ejus
1475 1354 1531 1398 ut
1569 1354 1796 1398 transeat
1826 1361 1891 1398 ea:
1921 1345 2018 1397 hoc

443 1440 638 1495 mundo
663 1440 732 1493 ad
760 1438 997 1492 Patrem.
1028 1438 1121 1505 Dei
1150 1436 1318 1490 Filius
1346 1450 1595 1504 namque,
1621 1437 1685 1490 de
1712 1450 1818 1505 quo
1842 1436 2019 1490 omnis

443 1530 618 1586 honor
654 1546 717 1585 ac
744 1538 985 1599 potestas
1014 1528 1285 1596 procedit,
1318 1526 1369 1580 in
1402 1525 1584 1580 multis
1614 1527 1775 1580 rebus
1798 1535 2019 1611 propter

442 1637 542 1676 nos
568 1622 949 1675 debenestatus
972 1629 1075 1685 est,
1104 1619 1325 1690 ﬂagellis
1356 1617 1670 1688 ﬁagellatus,
1700 1618 1869 1688 alapis
1894 1635 2014 1687 per-

439 1725 650 1774 cussus,
684 1710 737 1763 in
766 1708 904 1763 facie
933 1718 1142 1779 sputus,
1167 1724 1263 1778 per
1292 1722 1483 1761 manus
1518 1707 1750 1772 vinctus,
1776 1708 2027 1777 spineam

438 1808 660 1869 portans
689 1815 963 1865 coronam,
989 1799 1257 1864 venditus,
1287 1806 1344 1853 et
1372 1797 1451 1853 sic
1476 1797 1690 1851 tandem
1718 1813 1814 1867 per
1838 1800 2015 1853 crucis

2121 620 2354 677 solutum
2383 623 2435 676 in
2460 622 2632 678 caalis.
2659 623 2809 678 Tunc
2829 624 3053 678 nimium
3077 632 3295 679 sanctus
3314 624 3507 679 Petrus
3528 640 3693 695 expa-

2118 710 2317 776 vescit,
2352 711 2493 781 quod
2534 710 2703 766 Filius
2727 712 2859 778 Dei,
2901 713 3150 767 conditor
3181 713 3262 767 sui
3295 721 3349 768 et
3377 722 3693 770 cunctarum

2120 812 2321 864 rerum,
2354 798 2624 853 debuisset
2648 801 2812 869 pedes
2835 801 2918 854 sui
2947 801 3088 856 servi
3117 801 3319 867 lavare,
3349 810 3404 856 et
3429 802 3505 857 ait
3534 820 3548 857 :
3583 803 3691 857 Do-

2116 889 2253 943 mine
2271 930 2285 954 ,
2313 898 2369 942 tu
2405 907 2670 961 nunquam
2706 891 2834 945 mihi
2863 891 3007 946 lavas
3033 892 3226 961 pedes?
3253 893 3375 963 quia
3404 901 3460 947 tu
3490 910 3550 950 es
3584 894 3690 951 Do.—

2117 978 2324 1041 minus,
2362 986 2417 1031 et
2451 994 2550 1049 ego
2588 993 2805 1045 servus;
2848 987 2905 1033 tu
2941 980 3114 1045 Deus,
3149 995 3247 1049 ego
3286 981 3492 1047 homo;
3517 990 3572 1035 tu
3603 997 3692 1036 re-

2118 1067 2396 1137 demptor,
2441 1084 2542 1141 ego
2581 1078 2853 1140 peccator.
2895 1070 3188 1140 Respondit
3223 1070 3274 1125 ei
3311 1069 3506 1126 Iesus:
3539 1070 3694 1138 Quod

2116 1174 2208 1227 ego
2234 1158 2374 1227 facio
2395 1200 2409 1223 ,
2443 1168 2499 1214 tu
2533 1162 2696 1215 nescis
2727 1161 2879 1215 modo
2900 1202 2915 1227 ,
2942 1163 3071 1215 scies
3098 1171 3270 1216 autem
3296 1175 3505 1233 postea;
3538 1164 3699 1233 quasi

2117 1247 2378 1303 dixisset:
2414 1248 2507 1305 Sic
2542 1250 2698 1319 hujus
2724 1250 2853 1307 facti
2889 1253 3207 1323 mysterium
3242 1254 3467 1309 necdum
3497 1254 3696 1310 intelli-

2116 1336 2196 1405 gis
2216 1376 2230 1401 ,
2259 1337 2350 1391 sed
2379 1347 2563 1407 postea
2597 1340 2967 1397 intellecturus
2995 1344 3103 1397 eris
3124 1384 3138 1409 ,
3168 1344 3293 1413 quia
3325 1343 3372 1397 si
3394 1361 3496 1398 non
3521 1344 3703 1399 lavero.

2116 1426 2208 1479 tibi
2248 1428 2420 1497 pedes,
2451 1446 2553 1483 non
2587 1431 2796 1485 habebis
2820 1443 3019 1502 partem
3048 1450 3269 1488 mecum.
3294 1434 3489 1489 lterum
3515 1444 3700 1490 autem

2114 1516 2386 1585 prohibuit
2409 1519 2623 1574 dicens:
2653 1538 2756 1573 non
2777 1520 2975 1576 lavabis
2998 1523 3124 1576 mihi
3148 1540 3376 1595 unquam
3396 1524 3581 1594 pedes;
3601 1525 3701 1580 sed

2116 1608 2401 1674 tertio,'dc
2437 1625 2685 1666 sermone
2720 1611 2933 1667 Domini
2969 1614 3228 1680 territus,
3264 1615 3390 1685 quia
3427 1616 3566 1670 dixit
3595 1631 3610 1669 :
3641 1615 3708 1671 Si.

2114 1715 2219 1752 non
2251 1698 2423 1754 lavero
2466 1701 2559 1755 tibi
2591 1703 2774 1772 pedes,
2819 1720 2921 1758 non
2973 1704 3184 1759 habebis
3222 1716 3423 1776 partem
3461 1724 3701 1773 mecum,

2112 1792 2390 1862 subjunxit
2422 1812 2433 1847 :
2467 1793 2719 1861 Domine,
2748 1812 2851 1850 non
2876 1804 3079 1850 tantum
3117 1797 3302 1867 pedes,
3328 1798 3418 1852 sed
3440 1808 3486 1852 et
3509 1815 3704 1873 manus

438 1891 744 1960 passionem
773 1898 1002 1945 mortem
1032 1890 1349 1960 suscipiens,
1375 1899 1428 1944 et
1452 1907 1483 1944 a
1509 1900 1684 1945 morte
1706 1905 2013 1958 resurgens,
2041 1886 2088 1944 B
2116 1890 2165 1934 ετ
2185 1892 2377 1951 “1PM;
2400 1883 2445 1937 εί
2473 1884 2697 1939 minaris
2716 1900 2845 1956 θτεο
2866 1887 3008 1956 (ἰυοά
3035 1885 3235 1941 “ullam
3264 1896 3437 1943 ‘ecum
3468 1888 3700 1944 habeam

437 1970 679 2035 ascendit
706 1982 772 2035 ad
802 1981 1020 2035 Patrem
1045 1996 1199 2035 suum
1228 1982 1281 2035 in
1304 1980 1521 2046 coelum,
1547 1981 1687 2035 unde
1706 1979 2010 2046 descendit;

438 2072 520 2127 sic
549 2080 604 2126 et
641 2088 739 2127 nos
779 2073 847 2126 ad
879 2081 1121 2126 nostrum
1162 2073 1373 2127 Patrem
1396 2112 1411 2138 ,
1443 2072 1585 2142 quod
1626 2071 1739 2141 ipse
1768 2070 2016 2125 Christus

434 2169 547 2226 est,
578 2164 813 2217 transire
856 2162 1111 2217 debemus
1156 2162 1222 2217 de
1250 2163 1352 2217 hoc
1397 2162 1625 2227 mundo,
1677 2162 2025 2231 iniquitatem

434 2252 707 2307 dimittere
725 2260 781 2307 et
795 2249 1062 2320 justitiam
1085 2252 1262 2307 facere
1281 2270 1296 2318 ;
1326 2253 1519 2324 largire
1538 2253 1677 2308 bona
1701 2251 2012 2322 temporalia

432 2349 655 2412 propter
680 2350 881 2396 aaterna
899 2343 1185 2411 ;‘linquere
1214 2343 1483 2397 diabolum
1506 2352 1560 2398 et
1582 2344 1697 2414 ejus
1722 2342 1860 2396 mala
1885 2334 2029 2413 ope?

435 2418 527 2495 ra,
557 2438 611 2485 et
633 2447 756 2501 quae
791 2431 900 2487 Deo
933 2440 1059 2487 sunt
1094 2433 1293 2502 placita
1331 2448 1491 2503 agere
1516 2442 1571 2488 et
1600 2448 1810 2499 amare;
1842 2432 2012 2487 Deum

429 2537 497 2577 ex
524 2531 637 2578 toto
660 2526 821 2579 corde
844 2532 899 2578 et
921 2525 1066 2579 omni
1094 2535 1273 2580 mente
1299 2526 1551 2596 diligere;
1578 2527 1881 2597 proximum
1909 2540 2010 2580 no-
2042 2516 2047 2519 “

429 2620 625 2678 strum,
651 2614 795 2684 quod
823 2616 1188 2684 unusquisque
1215 2615 1555 2670 Christianus
1582 2624 1687 2681 est,
1717 2616 1858 2670 sicut
1884 2631 2012 2670 nos-

432 2702 725 2771 metipsos;
765 2705 1043 2759 mendacia
1072 2706 1280 2769 vitare,
1322 2705 1656 2776 superbiam,
1701 2705 2005 2771 homicidia,

430 2786 853 2859 fornicationes,
888 2791 1029 2846 furta
1057 2802 1110 2847 et
1138 2803 1333 2848 czetera
1373 2811 1492 2863 qua:
1524 2794 1607 2849 bis
1635 2802 1762 2849 sunt
1792 2795 2004 2850 similia.

432 2880 491 2936 Si
520 2881 635 2936 haec
661 2898 790 2954 ergo
814 2901 1037 2955 agamus
1059 2888 1221 2953 bona,
1244 2897 1300 2943 et
1319 2888 1548 2943 vitemus
1569 2889 1710 2941 mala
1731 2903 1849 2957 quae
1875 2888 2005 2954 dixi,

430 2973 713 3029 imitamur
739 2985 794 3031 et
813 2993 912 3033 nos
938 2979 1031 3033 Dei
1062 2979 1277 3044 Filium,
1302 2981 1550 3035 similiter
1570 2981 1920 3036 ascendentes
1940 2982 2007 3036 ad

429 3062 646 3119 Patrem
682 3075 924 3122 nostrum
965 3070 1055 3138 qui
1094 3070 1148 3124 in
1182 3071 1333 3126 coelis
1361 3079 1476 3137 est,
1514 3072 1606 3140 qui
1643 3071 1799 3126 simul
1826 3072 2006 3126 omnia

430 3155 571 3225 regit
610 3164 665 3210 et
702 3157 884 3213 habet.
926 3161 1182 3230 Sequitur
1219 3180 1234 3217 :
1283 3161 1416 3216 Cum
1457 3163 1721 3218 dilexisset
1760 3181 1881 3218 suos
1918 3165 2007 3235 qui

2116 1973 2549 2028 communionem
2578 1984 2800 2044 propter
2826 1976 3081 2031 lavandos
3109 1977 3272 2046 pedes
3291 2019 3306 2043 ,
3337 1995 3481 2034 nunc
3506 1995 3605 2050 pro
3633 1996 3705 2035 eo

2114 2062 2259 2132 quod
2303 2061 2536 2131 aliquam
2581 2066 2976 2121 communionis
3022 2074 3127 2121 tuae
3182 2076 3392 2137 partem
3444 2069 3705 2134 habeam,

2112 2152 2316 2206 nullam
2357 2153 2452 2207 tibi
2499 2169 2635 2225 nego
2677 2156 2995 2211 abluendam
3034 2158 3140 2213 mei
3183 2159 3425 2230 corporis
3464 2170 3697 2231 partem.

2112 2242 2408 2313 Respondit
2446 2241 2604 2299 Jesus
2647 2262 2659 2297 :
2701 2245 2804 2310 Qui
2829 2246 2966 2301 lotus
2989 2258 3097 2314 est,
3138 2265 3241 2302 non
3281 2250 3474 2317 indiget
3513 2252 3613 2305 nisi
3642 2262 3703 2308 ut.

2109 2334 2261 2403 pedes
2286 2333 2441 2400 lavet,
2470 2334 2559 2388 sed
2585 2345 2662 2389 est
2694 2337 2921 2392 mundus
2948 2346 3107 2393 totus.
3134 2338 3488 2410 Signiﬁcabat
3515 2352 3705 2400 autem

2111 2423 2248 2478 hoc:
2272 2423 2591 2493 Quicunque
2620 2440 2750 2498 ergo
2779 2427 2846 2482 ad
2878 2443 3090 2483 sacrum
3113 2431 3321 2484 venerit
3346 2431 3694 2501 baptismum,

2109 2518 2167 2571 et
2194 2517 2247 2571 in
2278 2517 2381 2571 hoc
2409 2517 2637 2572 mittitur
2666 2518 2719 2573 in
2759 2520 2974 2574 nomine
3001 2519 3199 2587 Patris,
3231 2530 3286 2577 et
3322 2522 3464 2589 Filii,
3492 2532 3546 2580 et
3577 2524 3697 2596 Spi-

2111 2608 2247 2663 ritus
2273 2608 2464 2673 sancti,
2497 2610 2682 2664 statim
2715 2618 2859 2666 totus
2888 2619 2970 2667 est
2997 2613 3261 2679 mundus,
3287 2621 3399 2669 tam
3434 2615 3487 2670 in
3512 2616 3695 2671 anima

2111 2690 2271 2767 quam
2300 2699 2354 2751 in
2390 2714 2617 2769 corpore
2649 2716 2662 2753 :
2696 2700 2824 2771 quia
2858 2700 2910 2755 in
2950 2702 3201 2771 baptismi
3232 2703 3445 2761 lavacro
3474 2714 3691 2776 peccata

2108 2785 2386 2841 hominum
2424 2788 2768 2843 dimittuntur
2813 2801 2867 2845 et
2904 2790 3185 2859 delentur;
3234 2810 3359 2849 nam
3402 2804 3692 2866 antequam

2108 2875 2431 2946 baptizetur,
2457 2878 2598 2934 ﬁlius
2628 2879 2844 2945 diaboli,
2867 2889 3053 2950 postea
3084 2897 3208 2938 vero
3236 2884 3378 2940 ﬁlius
3401 2886 3494 2941 Dei
3518 2885 3693 2941 nomi-

2109 2974 2285 3021 natur.
2328 2966 2441 3023 Hoc
2478 2970 2805 3039 signiﬁcavit
2832 2971 3088 3028 Dominus
3116 2988 3237 3029 cum
3267 2975 3395 3030 dicit
3428 2994 3442 3029 :
3478 2975 3583 3043 Qui
3609 2975 3693 3031 lo-

2109 3068 2192 3111 tus
2220 3068 2325 3125 est,
2353 3076 2456 3113 non
2486 3061 2713 3131 indiget,
2745 3062 2846 3115 nisi
2874 3072 2929 3116 ut
2950 3063 3104 3133 pedes
3129 3064 3258 3119 lavet
3276 3107 3290 3132 ,
3324 3067 3415 3120 sed
3440 3075 3516 3120 est
3542 3083 3699 3123 mun-

2107 3151 2207 3206 dus
2232 3160 2387 3206 totus.
2421 3151 2555 3220 Quia
2589 3154 2726 3208 sicut
2758 3155 2941 3224 pedes,
2972 3156 3063 3226 qui
3091 3166 3290 3212 terram
3316 3157 3546 3226 calcant,
3577 3159 3698 3215 sine

427 3257 576 3301 εναηι
601 3250 655 3303 ίη
675 3251 891 3316 mundo,
912 3253 966 3305 ξη
988 3228 1146 3321 ﬁnem
1169 3255 1349 3308 (men-1
1371 3272 1476 3310 εοε,
1500 3255 1556 3309 ιη
1578 3263 1785 3311 tantum
1809 3257 2006 3327 quippe
2037 3228 2081 3289 C
2113 3242 2288 3311 aliqua
2314 3246 2471 3298 sorde
2492 3258 2610 3298 esse
2633 3260 2738 3298 non
2762 3255 3004 3315 possunt,
3023 3248 3102 3303 sic
3124 3264 3281 3303 nemo
3303 3249 3355 3303 in
3377 3249 3479 3305 hoc
3500 3250 3699 3306 sazculo

430 3334 690 3390 Dominus
716 3336 906 3392 dilexit
935 3355 1060 3395 suos
1088 3342 1179 3410 qui
1206 3351 1361 3396 erant
1383 3343 1438 3396 in
1467 3343 1569 3398 hoc
1591 3345 1810 3410 mundo,
1838 3356 1898 3399 ut
1925 3361 2009 3400 se-

431 3423 606 3494 ipsum
638 3426 803 3481 etiam
829 3430 1073 3486 tradebat
1098 3441 1316 3501 propter
1355 3447 1448 3488 eos
1477 3433 1531 3487 in
1569 3444 1796 3489 mortem
1831 3454 1843 3489 :
1880 3437 2007 3505 quia

429 3513 681 3578 majorem
707 3516 1035 3573 dilectionem
1074 3537 1222 3575 nemo
1254 3522 1438 3587 habet,
1466 3540 1623 3593 quam
1651 3526 1741 3595 qui
1771 3527 2001 3580 animam

428 3621 581 3658 suam
608 3606 699 3659 dat
726 3624 820 3677 pro
845 3610 1030 3664 amicis
1057 3612 1167 3665 suis
1195 3612 1374 3683 (Jaan.
1399 3614 1510 3684 xv).
1543 3614 1693 3671 Tunc
1719 3631 1873 3671 caena
1908 3633 2006 3686 pa-

428 3703 547 3750 rata
572 3704 674 3763 est,
695 3706 754 3751 ut
783 3701 1164 3757 convenientes
1183 3702 1434 3773 discipuli
1456 3721 1577 3759 cum
1601 3707 1882 3791 magistro:
1904 3715 2010 3763 sta-

429 3786 527 3839 tim
556 3788 801 3845 diabolus
824 3788 969 3845 misit
989 3793 1044 3846 in
1071 3809 1163 3847 eor
1189 3794 1341 3849 Judae
1365 3804 1424 3849 ut
1449 3798 1685 3852 traderet
1714 3786 1873 3853 suum
1894 3814 2006 3853 ma-

426 3878 656 3948 gistrum
698 3889 753 3935 et
788 3882 1072 3939 Dominum
1114 3894 1359 3942 nostrum
1402 3888 1605 3947 Judzeis
1645 3910 1658 3945 :
1701 3892 1824 3961 quia
1868 3893 2011 3948 sicut

428 3966 587 4022 malis
613 3978 669 4023 et
701 3968 918 4040 iniquis,
949 3982 1009 4027 ut
1030 3972 1197 4029 ludas
1225 3975 1359 4043 fuit,
1391 3978 1633 4035 diabolus
1662 3981 1830 4037 malas
1858 3984 2006 4055 cogi-

427 4055 663 4113 tationes
685 4059 950 4127 immittit,
976 4063 1050 4116 ita
1082 4062 1317 4134 Spiritus
1345 4076 1566 4124 sanctus
1593 4069 1751 4125 bonis
1775 4062 1830 4125 et
1844 4069 2008 4139 justis

425 4146 545 4218 pias
573 4156 855 4221 rectasque
886 4154 1241 4223 cogitationes
1270 4157 1523 4225 innectit;
1557 4160 1696 4215 sicut
1723 4162 1835 4217 suis
1860 4177 2007 4218 sem-

424 4252 526 4309 per
552 4236 755 4294 fecerat
781 4240 1090 4313 discipulis,
1123 4245 1345 4301 mittens
1370 4261 1463 4302 eos
1492 4248 1557 4301 ad
1598 4264 1751 4318 reges
1787 4257 1842 4305 et
1870 4266 2008 4321 prte-

426 4328 594 4395 sides,
622 4330 759 4386 dixit
786 4350 799 4385 :
836 4330 973 4387 Dum
997 4336 1242 4390 steteritis
1272 4346 1393 4391 ante
1416 4354 1526 4404 eos,
1549 4338 1707 4393 nolite
1732 4342 2007 4411 prcemedi—

426 4422 533 4475 tari
571 4424 830 4493 quomodo
861 4435 952 4478 aut
973 4427 1099 4497 quid
1122 4426 1430 4498 loquamini,
1460 4432 1583 4501 quia
1617 4431 1830 4485 dabitur
1861 4432 2005 4488 vobis

424 4510 483 4565 in
509 4510 604 4565 illa
633 4513 764 4566 hora
790 4515 916 4584 quid
949 4515 1237 4585 loquamini
1267 4517 1417 4589 (Luc.
1444 4519 1593 4592 xxv).
1628 4520 1877 4575 'l‘raditor
1906 4521 2001 4577 Dei

2109 3340 2164 3387 et
2201 3333 2255 3385 in
2284 3334 2384 3388 hac
2414 3335 2628 3388 mortali
2666 3352 2831 3391 carne
2869 3346 3045 3408 potest
3086 3338 3204 3393 sine
3240 3349 3462 3411 peccato
3492 3341 3697 3406 vivere,

2110 3426 2174 3478 D.
2206 3423 2411 3479 Joanne
2440 3428 2680 3497 apostolo
2702 3437 2994 3487 attestante
3027 3451 3040 3486 :
3076 3432 3137 3489 Si
3162 3434 3470 3501 dixerimus,
3498 3437 3693 3506 inquit,

2108 3515 2231 3583 quia
2260 3526 2527 3585 peccatum
2570 3535 2670 3572 non
2712 3520 2990 3587 habemus,
3037 3525 3271 3594 nosipsos
3313 3525 3598 3595 decipimus
3645 3537 3695 3581 et

2109 3607 2299 3660 veritas
2329 3606 2382 3659 in
2412 3609 2556 3661 nobis
2584 3626 2687 3663 non
2720 3620 2795 3664 est
2828 3609 2881 3682 (I
2907 3610 3068 3667 Joan.
3112 3614 3173 3684 ι).
3205 3614 3376 3670 Homo
3404 3632 3531 3671 vero
3570 3632 3696 3672 cum

2109 3706 2231 3765 post
2258 3697 2580 3765 baptismum
2611 3714 2708 3769 per
2739 3701 2955 3770 aliquod
2986 3704 3186 3760 malum
3208 3723 3343 3777 opus
3365 3708 3691 3775 sordidatur,

2109 3784 2307 3839 iterum
2336 3802 2555 3842 necesse
2581 3798 2665 3843 est
2689 3804 2785 3859 per
2814 3792 3060 3846 eamdem
3099 3795 3329 3865 gratiam
3364 3798 3557 3852 divina:
3590 3797 3691 3855 bo-

2108 3875 2295 3929 nitatis
2322 3879 2604 3933 emundari
2625 3920 2639 3944 ,
2671 3880 2723 3934 id
2753 3888 2867 3948 est,
2899 3898 3021 3938 cum
3054 3886 3302 3953 pecunia,
3331 3887 3701 3959 eleemosyna,

2108 3964 2381 4031 oratione,
2412 3966 2540 4022 ﬁere
2568 3985 2794 4039 pravum
2832 3973 2974 4040 quod
3003 3980 3202 4043 gessit,
3228 3991 3471 4045 quaerere
3494 3979 3701 4033 bonum

2107 4054 2250 4124 quod
2292 4058 2564 4125 peccando
2606 4059 2806 4115 amisit.
2850 4060 3176 4132 Spiritaliter
3212 4074 3391 4120 autem
3438 4064 3696 4123 Dominus

2106 4147 2345 4217 quotidie
2370 4152 2535 4219 pedes
2564 4162 2778 4210 nostros
2802 4155 2977 4222 lavat,
3007 4172 3130 4212 cum
3159 4160 3325 4214 Deum
3359 4158 3576 4215 Patrem
3608 4161 3695 4215 ἰη-

2107 4241 2353 4310 terpellat
2381 4258 2478 4312 pro
2505 4244 2680 4300 nobis.
2712 4245 2973 4302 Similiter
2997 4264 3094 4303 nos
3126 4249 3227 4321 ipsi
3257 4250 3496 4320 quotidie
3527 4252 3705 4321 pedes

2105 4341 2320 4388 nostros
2347 4334 2528 4389 lavare
2557 4335 2836 4401 debemus,
2868 4340 3172 4395 conﬁtendo
3201 4341 3254 4395 in
3281 4343 3442 4397 corde
3470 4352 3691 4412 peccata

2105 4431 2288 4477 nostra
2320 4439 2442 4478 cum
2467 4424 2722 4481 Oratione
2746 4426 3027 4483 Dominica
3061 4447 3074 4484 :
3105 4430 3322 4486 Dimitte
3350 4431 3496 4487 nobis
3519 4433 3693 4487 debita

2105 4523 2313 4579 nostra,
2355 4516 2489 4569 sicut
2533 4525 2581 4570 et
2624 4534 2717 4572 nos
2758 4518 3069 4576 dimittimus
3114 4521 3431 4579 debitoribus
3477 4526 3689 4581 nostris.

423 4597 594 4655 Iudas
621 4609 675 4655 et
703 4582 948 4672 proditor
981 4582 1049 4659 ait
1070 4582 1374 4663 convivium
1403 4582 1696 4666 νοηίίεῑηο
1728 4611 1850 4679 ηδε,
1875 4612 2000 4682 quia
2028 4582 2080 4640 D
2107 4604 2257 4659 Tunc
2287 4606 2377 4659 Dei
2402 4605 2571 4661 Filius
2593 4608 2807 4677 quando
2836 4609 2953 4664 huic
2977 4612 3156 4666 omnia
3183 4627 3303 4682 qua:
3328 4615 3479 4671 vobis
3506 4630 3694 4670 nume-

424 4689 472 4744 si
501 4692 766 4746 veraciter
804 4693 961 4749 ﬁdem
1001 4696 1306 4764 habuisset,
1348 4717 1622 4771 nunquam
1662 4718 1784 4758 eum
1828 4705 2007 4775 impiis

424 4776 626 4833 Judaais
651 4782 979 4837 tradidisset.
1003 4782 1184 4841 Sciens
1209 4798 1380 4843 autem
1404 4792 1556 4846 Jesus
1577 4794 1702 4863 quia
1724 4793 1864 4848 Deus
1895 4793 2005 4849 Pa-

425 4880 507 4925 ter
529 4873 704 4926 omnia
730 4874 871 4927 dedit
902 4875 951 4927 ei
973 4876 1029 4930 in
1054 4887 1376 4947 potestatem,
1410 4890 1465 4936 et
1489 4883 1661 4953 ipsum
1689 4886 2006 4941 traditorem

424 4975 616 5027 suum,
650 4977 713 5017 ac
747 4965 994 5021 conscius
1033 4967 1160 5036 quid
1197 4968 1374 5027 facere
1405 4988 1504 5042 pro
1535 4975 1724 5031 amicis
1762 4977 1876 5032 suis
1909 4978 2006 5033 de-

425 5050 663 5119 buisset,
692 5065 740 5107 et
778 5055 900 5126 quia
926 5074 958 5109 α
986 5056 1096 5111 Deo
1132 5058 1287 5115 Patre
1318 5064 1371 5116 in
1399 5064 1536 5117 hunc
1573 5067 1835 5141 mundum
1854 5084 2007 5122 vene-

429 5152 534 5208 rat,
562 5152 740 5198 tamen
765 5145 821 5199 in
842 5145 1043 5201 deitate
1067 5149 1214 5204 illum
1235 5144 1340 5206 non
1366 5148 1673 5229 relinquens
1703 5174 1715 5209 :
1745 5165 1795 5209 et
1816 5156 2003 5210 iterum

428 5228 498 5283 ad
524 5247 642 5285 eum
671 5249 972 5288 reversurus
990 5277 1004 5301 ,
1033 5253 1309 5308 nunquam
1347 5234 1448 5297 nos
1475 5228 1669 5299 de’sua
1700 5246 1873 5315 gratia
1910 5246 2006 5302 de-

428 5334 646 5385 serens;
687 5322 853 5393 surgit
892 5341 925 5378 a
957 5341 1132 5393 ctena,
1168 5340 1217 5383 et
1253 5332 1399 5401 ponit
1428 5336 1727 5388 vestimenta
1761 5353 1896 5402 sua;
1937 5352 2003 5392 ac

427 5408 609 5464 statim
637 5412 801 5481 erepit
826 5412 1007 5469 lavare
1033 5417 1195 5485 pedes
1223 5419 1605 5491 discipulorum
1623 5462 1638 5487 ,
1666 5421 1895 5492 impleas
1922 5423 2003 5480 of—

426 5497 609 5553 ﬁcium
635 5501 814 5567 servi,
852 5505 1097 5572 quamvis
1124 5516 1338 5563 creator
1364 5510 1605 5563 omnium
1630 5519 1810 5578 esset,
1843 5512 2004 5569 caele-

424 5590 612 5657 stium,
640 5595 978 5650 terrestrium
1004 5605 1060 5652 et
1087 5597 1441 5653 infernorum.
1480 5600 1585 5655 Sed
1616 5610 1743 5657 tunc
1767 5604 1999 5672 primum

425 5683 574 5738 venit
603 5686 672 5741 ad
697 5685 938 5754 Petrum,
961 5690 1086 5760 quia
1109 5706 1351 5746 summus
1371 5701 1426 5747 et
1450 5694 1701 5763 princeps
1730 5704 1847 5751 erat
1873 5712 2003 5767 apo-

428 5774 727 5847 stolorum;
766 5787 822 5836 et
860 5779 1035 5851 iuste,
1078 5784 1169 5853 qui
1208 5784 1387 5841 claves
1431 5786 1583 5858 regni
1622 5787 1885 5845 cwlorum
1925 5790 1999 5846 illi

2106 4696 2219 4750 ravi
2250 4711 2307 4751 se
2338 4698 2629 4754 humilians
2664 4702 2983 4772 complevit,
3015 4705 3092 4759 ait
3115 4706 3182 4759 ad
3207 4721 3300 4762 eos
3333 4725 3345 4759 :
3377 4706 3536 4761 Scitis
3564 4708 3697 4778 quid

2105 4787 2314 4856 fecerim
2344 4790 2485 4843 nobis
2523 4803 2542 4840 :
2579 4792 2625 4845 si
2661 4809 2782 4864 ergo
2820 4793 3077 4851 Dominus
3111 4806 3159 4852 et
3194 4798 3440 4869 magister
3477 4797 3580 4852 lari
3610 4815 3693 4852 ve—

2104 4888 2239 4933 stros
2264 4879 2418 4951 pedes
2437 4922 2451 4946 ,
2482 4891 2529 4935 et
2553 4899 2638 4937 vos
2675 4884 2869 4940 debetis
2898 4885 3034 4941 alter
3060 4886 3275 4942 alterius
3314 4888 3489 4951 lavare
3513 4888 3697 4957 pedes,

2106 4978 2162 5022 ut
2201 4971 2638 5041 quemadmodum
2691 4990 2783 5044 ego
2836 4975 2937 5045 feci
2972 4977 3265 5053 vobis,_ita
3296 4988 3344 5032 et
3383 4996 3469 5045 uos
3510 4980 3692 5050 facia-

2107 5061 2208 5125 tis;
2239 5060 2394 5130 quasi
2424 5060 2650 5117 dixisset
2680 5063 2753 5118 ita
2785 5081 2799 5117 :
2833 5065 2891 5119 Si
2917 5081 3017 5137 ego
3053 5066 3199 5135 Deus
3231 5076 3287 5135 et
3321 5069 3580 5139 Dominus
3605 5070 3701 5137 dim
3738 5118 3747 5129 .

2105 5153 2229 5207 misi
2255 5154 2405 5209 vobis
2426 5142 2871 5237 peccata‘vestra,
2899 5166 3050 5223 tanto
3086 5162 3261 5237 magis
3281 5171 3336 5219 et
3362 5177 3458 5229 res
3483 5162 3743 5229 debetis,“

2104 5244 2241 5299 alter
2277 5230 2766 5317 alterius'peee‘ata
2805 5232 3289 5330 dilui,ttere..Quod
3333 5262 3512 5311 autem
3559 5254 3690 5311 dicit
3738 5304 3747 5313 .

2103 5336 2430 5406 evangelista
2472 5338 2759 5393 Dominum
2806 5343 3111 5399 surrexisse
3146 5361 3176 5398 a
3203 5360 3398 5413 caena,
3440 5347 3543 5403 hoc
3582 5355 3691 5410 est,

2105 5433 2319 5500 quando
2348 5432 2440 5487 Dei
2471 5433 2639 5488 Filius
2678 5434 2744 5490 de
2779 5436 2986 5492 cmlesti
3026 5439 3160 5495 solio
3191 5438 3371 5494 Patris
3411 5438 3697 5499 descendit

2104 5522 2171 5577 ad
2199 5530 2423 5589 terram,
2452 5533 2695 5579 nostram
2718 5526 2818 5581 sibi
2842 5542 3061 5582 carnem
3085 5529 3364 5585 sumendo.
3387 5528 3445 5583 In
3467 5528 3570 5582 hoc
3590 5542 3691 5585 sua

2102 5613 2259 5683 ponit
2286 5614 2623 5680 vestimenta,
2651 5615 2903 5684 quoniam
2935 5629 2994 5670 se
3029 5615 3331 5670 humiliavit
3354 5623 3409 5671 et
3428 5614 3707 5672 ohedieus

2103 5702 2214 5758 Deo
2243 5703 2387 5757 Patri
2423 5712 2542 5757 erat
2570 5720 2739 5774 usque
2767 5705 2837 5761 ad
2863 5713 3111 5765 mortem.
3154 5705 3345 5762 Linte’o
3374 5721 3434 5762 se
3464 5706 3685 5787 procin-

2104 5796 2203 5863 xit,
2232 5796 2360 5867 quia
2390 5795 2617 5854 fortnam
2646 5798 2787 5854 servi
2814 5795 3077 5913 suscqpit.
3100 5794 3246 5855 Misit
3271 5814 3466 5872 aquam
3496 5798 3550 5856 in
3579 5798 3676 5872 pet

2936 5920 2949 5943 κ
