4036 6370
333 356 406 412 55
1263 350 1567 406 HOMlLUE
1611 349 1696 405 DE
1735 349 1899 405 FEST

2004 347 2410 414 PBJSCIPUIS,
2445 347 2598 405 ETC.
3508 352 3579 409 54

333 468 441 523 vim
463 508 479 533 ,
509 466 722 537 quando
751 464 1065 536 sanguinem
1101 479 1257 519 suum
1295 464 1443 519 misit
1478 463 1531 517 in
1573 472 1770 517 terram
1791 502 1806 529 ,
1847 470 1906 516 ut
1930 466 1976 523 Α
2006 476 2144 527 mus,
2188 463 2511 529 charissimi,
2542 464 2686 533 quod
2721 466 2847 520 dum
2888 466 3061 521 sancti
3090 467 3303 537 pascha)
3327 466 3584 523 solemni-

332 558 618 612 mundaret
650 556 875 626 vestigia
917 556 971 610 in
1011 567 1069 611 se
1109 554 1470 621 credentium,
1513 570 1632 625 quae
1678 553 1906 609 terrenis

330 649 571 717 peccatis
610 647 823 702 sordida
875 646 1043 701 fuere.
1089 648 1241 702 Tunc
1276 648 1441 702 linteo
1470 649 1634 719 pedes
1661 646 1906 711 extersit,

330 736 547 807 quando
571 752 692 790 cum
727 736 945 806 propria
971 737 1216 805 corporis
1246 737 1326 792 sui
1353 753 1519 793 carne
1553 736 1757 792 scelera
1786 750 1909 805 pec-

330 835 574 881 catorum
602 835 912 881 nostrorum
936 835 1155 897 propter
1182 842 1281 881 nos
1324 822 1623 883 moriendo'
1640 827 1903 896 purgavit.

330 919 389 973 In
437 920 541 974 hoc
590 918 775 987 itaque
824 917 988 986 pedes
1032 917 1417 988 discipulorum
1460 918 1600 974 lotos
1642 919 1905 985 habebat,

329 1008 545 1078 quando
583 1024 681 1078 per
719 1008 801 1062 sui
846 1009 1122 1078 sanguinis
1168 1007 1481 1063 eﬁ‘usionem
1530 1009 1906 1078 purgationem

330 1107 528 1152 nostra:
559 1098 938 1167 redemptionis
964 1099 1222 1168 implevit.
1250 1099 1402 1166 Quod
1427 1109 1605 1154 autem
1634 1101 1730 1166 ait,
1760 1117 1907 1155 acce-

323 1190 399 1258 pit
427 1190 729 1242 vestimenta
750 1207 879 1255 sua,
904 1190 1005 1244 hoc
1030 1199 1133 1256 est,
1162 1192 1303 1260 quod
1343 1192 1397 1246 in
1436 1192 1523 1246 die
1548 1192 1704 1246 tertia
1732 1192 1798 1247 de
1826 1206 1907 1246 se-

323 1279 513 1350 pulcro
535 1295 657 1335 cum
684 1280 874 1334 eodem
899 1295 1127 1349 corpore
1155 1296 1261 1350 quo
1286 1282 1620 1337 moriebatur
1643 1282 1695 1335 in
1721 1294 1902 1347 cruce,

326 1386 639 1442 resurgens,
664 1371 855 1426 iterum
876 1372 1102 1426 vestitus
1122 1379 1175 1426 et
1195 1372 1517 1427 immortalis
1538 1372 1727 1427 factus.
1752 1372 1905 1439 Quod

326 1469 506 1517 autem
546 1463 854 1533 evangeJica
895 1463 1053 1518 lectio
1097 1464 1247 1529 dicit,
1278 1462 1459 1518 Jesum
1506 1466 1701 1519 iterum
1744 1478 1903 1519 recu-

321 1553 503 1608 buisse
523 1594 539 1619 ,
567 1554 834 1623 signiﬁcat
867 1555 993 1624 quia
1031 1554 1225 1609 iterum
1255 1556 1497 1610 ascendit
1525 1555 1579 1609 in
1604 1556 1800 1611 caelum
1838 1555 1902 1609 ad

315 1643 536 1698 Patrem
565 1658 724 1698 suum
753 1644 897 1698 unde
924 1644 1221 1710 descendit,
1244 1646 1438 1701 sedens
1464 1646 1515 1700 in
1537 1647 1757 1703 dextera
1782 1648 1899 1713 Dei,

317 1741 374 1789 et
398 1733 454 1787 in
488 1733 768 1803 majestate
793 1741 1034 1804 paternae
1059 1734 1374 1801 divinitatis,
1395 1736 1539 1793 unde
1558 1738 1753 1792 iterum
1773 1753 1901 1793 ven-

2010 561 2174 608 tatem
2200 552 2442 618 colimus,
2474 553 2668 610 futurae
2699 557 3112 611 resurrectionis
3154 559 3387 627 speciem
3416 557 3470 613 in
3494 572 3582 613 re-

1974 645 2150 700 natis
2183 643 2295 714 jam
2334 646 2598 701 videmus.
2636 647 2750 704 Hoc
2788 650 2970 719 itaque
2998 650 3292 715 admoneo,
3342 648 3583 707 dilectis-

2008 725 2130 789 simi
2160 735 2376 804 fratres,
2426 744 2489 791 ut
2520 739 2730 806 quoties
2760 740 3027 809 paschalis
3066 740 3378 795 solemnitas
3403 738 3575 807 venit,

2007 827 2311 896 quicunque
2348 828 2473 894 viri,
2497 843 2829 900 quacunque
2862 830 3119 888 mulieres
3145 833 3212 888 de
3240 847 3395 888 sacro
3426 831 3577 888 fonte

2007 916 2147 973 ﬁlios
2174 919 2488 988 spiritaliter
2516 929 2861 991 exceperunt,
2891 930 3219 993 cognoscant
3243 938 3301 979 se
3318 938 3418 993 pro
3444 924 3578 994 ipsis

2006 1006 2349 1078 ﬁdeiussores
2377 1010 2518 1079 apud
2564 1010 2730 1065 Deum
2774 1012 3069 1077 exstitisse,
3106 1021 3161 1067 et
3194 1012 3316 1067 ideo
3359 1025 3577 1083 semper

1976 1142 1980 1148 λ
2006 1097 2112 1153 illis
2135 1098 2548 1155 sollicitudinem
2568 1115 2709 1155 verae
2731 1100 3015 1156 charitatis
3039 1101 3369 1171 impendant,
3391 1099 3578 1155 admo-

2006 1198 2170 1245 neant
2203 1199 2259 1246 et
2294 1192 2595 1261 castigent,
2634 1202 2795 1263 atque
2830 1193 3145 1263 corripiant,
3170 1199 3233 1247 ut
3272 1193 3578 1248 castitatem

2005 1279 2332 1345 custodiant,
2362 1281 2729 1351 virginitatem
2763 1296 2936 1351 usque
2963 1282 3032 1337 ad
3073 1280 3289 1352 nuptias
3336 1287 3578 1345 servent,

2005 1383 2036 1421 a
2057 1368 2339 1423 maledicto
2362 1369 2445 1423 vel
2474 1385 2503 1423 a
2526 1369 2763 1440 periurio
2784 1370 3022 1442 linguam
3045 1369 3339 1437 refrenent,
3367 1369 3578 1426 cantica

2006 1459 2182 1529 turpia
2216 1460 2300 1515 vel
2331 1461 2605 1516 luxuriosa
2636 1478 2706 1517 ex
2735 1477 2831 1519 ore
2860 1478 2968 1517 non
3000 1462 3310 1533 proferant,
3349 1478 3455 1518 non
3487 1477 3581 1517 su—

1967 1576 1973 1581 ~
2003 1548 2251 1618 perbiant
2272 1589 2287 1614 ,
2337 1564 2444 1604 non
2474 1549 2783 1615 invideant,
2819 1551 3152 1606 iracundiam
3190 1551 3274 1606 vel
3311 1551 3493 1607 odium
3522 1551 3580 1606 in

2003 1640 2166 1695 corde
2187 1656 2291 1695 non
2319 1649 2567 1708 teneant,
2594 1643 2815 1713 auguria
2845 1658 2953 1699 non
2986 1644 3296 1709 observent,
3320 1642 3580 1715 philacte-

2002 1734 2084 1789 ria
2121 1741 2177 1788 et
2210 1733 2554 1789 characteres
2590 1735 2886 1791 diabolicos
2914 1751 3015 1791 nec
3036 1736 3153 1792 'sihi
3189 1750 3291 1792 nec
3326 1736 3439 1791 suis
3477 1732 3582 1789 ali-

319 1832 478 1877 turus
518 1821 869 1891 estjudicare
894 1822 1049 1878 vivos
1071 1831 1126 1878 et
1162 1832 1425 1880 mortuos.
1456 1824 1538 1880 Ad
1581 1828 1683 1883 hoc
1710 1836 1901 1883 ventu-
1926 1804 1975 1864 Β
2003 1822 2217 1892 quando
2263 1825 2623 1893 suspendant,
2660 1834 3077 1894 praecantatores
3116 1825 3263 1880 velut
3298 1825 3577 1881 ministros

314 1927 437 1967 rum
452 1911 742 1981 judicium,
769 1914 943 1983 ipsum
971 1915 1138 1969 Deum
1160 1930 1283 1969 cum
1311 1916 1522 1973 caeteris
1543 1918 1632 1986 qui
1654 1916 1900 1984 judicant

315 2004 505 2057 orbem
544 2012 703 2058 terra:
739 2003 792 2057 in
829 2005 1118 2073 :equitate,
1157 2005 1344 2060 mitem
1384 2014 1440 2059 et
1481 2006 1627 2076 pium
1658 2007 1899 2061 invenire

312 2093 665 2159 mereamini,
695 2102 754 2148 ut
794 2110 918 2149 cum
957 2110 1023 2150 eo
1055 2110 1281 2166 regnare
1313 2097 1365 2150 in
1398 2105 1599 2152 acterna
1641 2097 1899 2153 felicitate

311 2186 535 2255 possitis
562 2186 618 2241 in
645 2187 841 2242 saecula
865 2188 1205 2242 saeculorum.
1236 2187 1430 2243 Amen.

877 2277 1160 2335 HOMILIA
1194 2277 1336 2333 xw.
1390 2344 1393 2347 η

689 2386 741 2425 IN
779 2386 1015 2427 SABBA'I'O
1044 2386 1247 2428 SANC'I'O
1276 2388 1508 2429 PASCHE.

756 2462 986 2535 (Evang.
1011 2463 1205 2518 Matth.
1234 2466 1450 2537 xxvm.)

382 2550 547 2618 Ecce,
578 2549 776 2607 fratres
810 2553 1142 2619 charissimi,
1191 2555 1281 2609 diu
1327 2556 1634 2612 desiderata
1679 2557 1896 2613 advenit

306 2640 645 2707 solemnitas,
679 2641 734 2696 in
777 2657 883 2712 qua
937 2641 1185 2699 Salvator
1207 2654 1390 2701 noster
1410 2646 1626 2717 alligato
1652 2649 1895 2719 principe

312 2733 680 2795 tenebrarum,
721 2740 778 2788 et
817 2732 1110 2789 confractis
1151 2736 1327 2805 portis
1355 2739 1565 2802 mortis,
1607 2739 1895 2808 ablataque

311 2822 499 2890 praeda
529 2832 833 2879 sanctarum
855 2825 1181 2890 animarum,
1208 2825 1276 2881 de
1299 2826 1509 2882 inferno
1535 2828 1890 2898 triumphans,

320 2912 622 2966 resurrexit
667 2913 721 2966 in
768 2913 956 2983 gloria.
1003 2913 1060 2968 In
1103 2916 1206 2970 hac
1245 2916 1462 2986 quidem
1499 2927 1695 2983 nocte,
1753 2919 1893 2974 sicut

320 3000 484 3054 modo
522 3015 586 3055 ex
616 3002 927 3075 Evangeliea
952 3005 1182 3061 lectione
1204 3006 1536 3072 audivimus,
1577 3018 1893 3078 resurgente

310 3090 674 3162 Redemptore
712 3105 926 3163 nostro,
957 3107 1283 3152 terminatus
1318 3098 1488 3167 factus
1516 3108 1590 3152 est
1621 3116 1841 3170 magnus
1870 3114 1888 3152 :

307 3181 529 3251 angelus
556 3192 729 3239 autem
757 3186 971 3241 Domini
1005 3187 1270 3242 descendit
1294 3188 1358 3242 de
1384 3188 1533 3255 caelo,
1563 3199 1611 3243 et
1640 3191 1890 3244 accedens

239 3277 251 3289 '
308 3271 521 3326 revolvit
555 3272 780 3344 lapidem
801 3277 866 3330 ab
889 3278 1020 3331 ostio
1045 3280 1387 3343 monumenti,
1411 3279 1720 3351 sedebatquc
1740 3297 1896 3351 super

301 3379 451 3429 eum,
483 3379 645 3434 quem
677 3365 847 3421 τιυᾶωί
876 3369 946 3422 ob
968 3368 1250 3439 perﬁdiam
1272 3370 1562 3424 maximam
1590 3371 1895 3440 appositum

307 3451 683 3522 signaverunt,
711 3464 766 3511 et
796 3458 1107 3513 munierunt
1135 3459 1441 3528 sepulcrum
1492 3475 1612 3514 cum
1655 3461 1896 3515 custodi-

312 3540 430 3596 bus.
457 3544 711 3614 Aspectus
732 3555 913 3600 autem
943 3548 1115 3617 angeli
1138 3558 1248 3603 erat
1272 3550 1404 3603 sicut
1436 3548 1638 3619 fulgur,
1673 3558 1722 3604 et
1742 3549 1895 3603 vesti—

296 3642 485 3709 menta
509 3636 646 3689 sicut
675 3636 784 3690 nix.
813 3634 935 3691 Prae
958 3640 1142 3692 timore
1173 3648 1345 3693 autem
1381 3639 1496 3709 ejus
1521 3640 1755 3693 exterriti
1775 3648 1896 3694 sunt

308 3723 571 3789 custodes,
611 3734 658 3779 et
697 3728 827 3795 facti
868 3737 987 3781 sunt
1022 3727 1157 3783 velut
1189 3730 1401 3782 mortui.
1431 3729 1743 3785 Mulieribus
1764 3745 1899 3799 quo-

308 3827 439 3881 que,
490 3830 611 3884 quae
660 3815 957 3873 Salvatoris
991 3834 1175 3875 amore
1212 3835 1475 3887 accensae,
1504 3821 1572 3876 ad
1594 3821 1896 3891 sepulcrum

312 3914 597 3971 venerunt,
622 3906 763 3962 idem
784 3910 1008 3981 angelus
1037 3911 1172 3966 dixit
1197 3930 1210 3966 :
1243 3911 1422 3966 Nolite
1445 3914 1627 3968 timere
1654 3930 1761 3981 vos,
1788 3917 1896 3969 scio

305 3994 448 4049 enim
491 3998 632 4067 quod
670 3996 855 4053 Iesum
896 4003 985 4072 qui
1024 4004 1310 4073 cruciﬁxus
1352 4014 1427 4059 est
1474 4006 1712 4076 quwritis
1746 4024 1765 4062 :
1794 4024 1897 4063 non

305 4093 386 4139 est
408 4084 514 4151 hic,
544 4090 775 4141 surrexit
804 4089 939 4143 sicut
966 4092 1135 4157 dixit;
1162 4095 1329 4148 venite
1351 4104 1398 4148 et
1427 4096 1591 4151 videte
1612 4096 1782 4151 locum
1809 4098 1898 4151 ubi

302 4175 512 4245 positus
529 4185 641 4229 erat
667 4175 925 4232 Dominus
960 4193 979 4230 :
1004 4188 1050 4232 et
1081 4180 1182 4233 cito
1210 4192 1388 4237 euntes
1417 4184 1600 4238 discite
1624 4185 1896 4255 discipulis

306 4267 428 4336 ejus
461 4268 586 4339 quia
621 4271 871 4336 surrexit,
901 4281 951 4326 et
972 4289 1089 4326 ecce
1115 4275 1366 4344 prtccedet
1393 4292 1478 4331 vos
1500 4277 1555 4331 in
1578 4273 1853 4333 Galilwam
1875 4296 1897 4344 ;
1982 4298 1991 4302 ·

308 4361 403 4415 ubi
434 4377 554 4416 eum
580 4362 832 4426 videbitis,
869 4378 985 4417 ecce
1021 4363 1245 4433 prwdixi
1273 4364 1430 4419 vobis.
1478 4364 1643 4421 Nobis
1667 4367 1812 4422 enim
1843 4376 1901 4424 et

307 4464 415 4520 pro
441 4451 599 4508 nobis
627 4451 875 4508 Christus
902 4454 1161 4519 nascitur,
1187 4456 1405 4526 patitur,
1441 4458 1691 4528 resurgit,
1721 4467 1781 4513 ut
1801 4475 1901 4515 nos

311 4538 371 4593 in
418 4540 528 4595 vita
566 4555 666 4611 per
711 4542 886 4613 ipsum
938 4558 1288 4599 renascatnur
1329 4563 1342 4598 :
1393 4546 1573 4600 omnia
1623 4547 1767 4602 enim
1796 4562 1895 4617 per

313 4631 494 4702 ipsum
535 4632 592 4688 in
628 4633 731 4689 hac
776 4643 935 4690 nocte
961 4643 1265 4691 restaurata
1313 4645 1458 4692 sunt.
1490 4638 1546 4691 In
1573 4638 1675 4693 hac
1700 4638 1896 4708 quippe

314 4732 499 4791 nocte,
531 4725 685 4796 quasi
718 4727 972 4795 primitiae
1008 4726 1411 4792 dormientium,
1443 4726 1690 4782 Christus
1718 4742 1898 4783 resur-

316 4816 487 4882 rexit;
528 4818 585 4872 in
622 4818 728 4873 hac
750 4827 911 4873 nocte
943 4819 1232 4888 captivitas
1258 4827 1443 4874 nostra
1473 4819 1719 4885 solvitur,
1747 4820 1857 4875 vita
1877 4861 1893 4888 ,

316 4909 371 4964 in
409 4908 582 4964 Adam
603 4911 822 4976 amissa,
852 4918 1220 4976 restauratur;
1249 4910 1301 4965 in
1328 4912 1430 4965 hac
1452 4919 1608 4966 nocte
1626 4912 1898 4981 protopla-

318 5008 435 5057 stus
474 5002 730 5072 antiquus
762 5003 1081 5074 peregrinus
1106 5004 1263 5060 rediit
1286 5005 1353 5060 ad
1379 5005 1614 5075 paradisi
1643 5007 1896 5076 patriam,

319 5092 538 5150 Christo
577 5095 838 5151 cherubin
868 5104 1117 5150 movente
1151 5113 1165 5150 :
1205 5095 1274 5151 ab
1302 5096 1405 5151 hac
1444 5096 1588 5152 enim
1621 5105 1778 5152 nocte
1802 5096 1904 5152 Do-

319 5186 537 5243 minicte
572 5187 986 5244 resurrectionis
1005 5189 1288 5259 paradisus
1331 5197 1500 5260 patet,
1524 5190 1658 5245 nulli
1700 5190 1902 5247 claudi-

320 5286 430 5345 tur,
458 5279 568 5334 nisi
594 5293 625 5333 a
651 5279 861 5349 seipse;
891 5279 1024 5335 nulli
1062 5281 1324 5350 aperitur,
1354 5282 1460 5337 nisi
1496 5297 1527 5337 a
1553 5282 1791 5340 Christo.
1818 5284 1902 5340 Ad

321 5368 427 5425 hoc
469 5369 617 5425 enim
653 5369 816 5425 hodie
860 5370 1119 5427 Dominus
1165 5374 1484 5441 resurrexit,
1506 5382 1570 5430 ut
1609 5375 1898 5446 imaginem

323 5460 480 5515 nobis
501 5459 700 5515 futurae
725 5463 1137 5534 resurrectionis
1161 5465 1499 5532 ostenderet;
1522 5475 1578 5520 et
1599 5467 1720 5521 ideo
1740 5467 1899 5523 hodie

324 5550 473 5605 vitali
520 5549 742 5606 lavacro
775 5566 1063 5621 resurgens
1090 5552 1184 5609 Dei
1213 5555 1462 5625 populus,
1494 5556 1562 5611 ad
1602 5550 1775 5612 instar
1814 5571 1902 5613 re-

325 5640 678 5697 surrectionis
698 5681 714 5706 ,
777 5640 1075 5698 Ecclesiam
1132 5653 1374 5700 nostram
1430 5646 1714 5717 splendore
1758 5647 1901 5703 nivei

326 5733 578 5792 candoris
622 5733 905 5792 illuminat.
938 5734 1152 5795 Gratias
1182 5735 1293 5794 Deo
1329 5746 1515 5795 nostro
1551 5753 1712 5811 agere
1745 5739 1911 5802 debe-.

1998 1912 2197 1968 diaboli
2231 1911 2464 1984 fugiant,
2499 1913 2661 1968 ﬁdem
2696 1914 3016 1970 catholicam
3042 1922 3281 1980 teneant,
3305 1915 3373 1969 ad
3397 1914 3572 1971 cccle-

1997 2008 2133 2063 siam
2172 2006 2513 2078 frequentius
2547 2016 2799 2074 currant,
2848 2016 3158 2077 contempta
3194 2006 3526 2064 verbositate
3548 2047 3567 2074 ,

1995 2098 2256 2154 lectiones
2299 2097 2509 2153 divinas
2559 2098 2816 2153 attentius
2856 2096 3080 2152 auribus
3128 2097 3379 2164 audiant,
3416 2112 3573 2168 pere-

1995 2190 2179 2261 grinos
2225 2188 2526 2259 excipiant,
2572 2196 2627 2243 et
2665 2189 2957 2245 secundum
2999 2189 3142 2259 quod
3175 2189 3231 2243 in
3272 2187 3573 2258 Scripturis

1995 2280 2348 2356 constitutum
2386 2288 2487 2343 est,
2534 2279 2807 2349 hospitum
2843 2279 3009 2349 pedes
3043 2279 3253 2345 lavent,
3286 2293 3474 2348 pacem
3514 2286 3573 2333 et

1994 2371 2098 2441 ipsi
2153 2378 2394 2435 teneant,
2439 2378 2494 2424 et
2516 2369 2796 2425 discordes
2826 2369 2894 2424 ad
2922 2369 3276 2424 concordiam
3320 2383 3580 2424 revocare

1994 2461 2323 2516 contendant
2359 2460 2728 2516 sacerdotibus
2772 2468 2828 2515 et
2868 2460 3183 2530 parentibus
3207 2459 3470 2514 honorem
3518 2466 3577 2515 et

1990 2565 2235 2606 amorem
2272 2566 2415 2606 vera:
2446 2550 2730 2606 charitatis
2758 2551 3071 2620 impendant
3107 2566 3121 2603 :
3156 2549 3272 2604 haec
3297 2563 3429 2620 ergo
3459 2560 3579 2603 om-

1993 2642 2103 2706 nia,
2155 2648 2212 2696 et
2251 2641 2335 2696 his
2381 2642 2611 2705 similia,
2650 2640 2789 2695 ﬁlios
2812 2649 2868 2695 et
2895 2640 3034 2694 ﬁlias
3060 2648 3269 2694 vestras
3288 2639 3581 2694 admonere

1993 2735 2283 2799 condecet,
2330 2741 2393 2788 ut
2435 2749 2557 2788 cum
2601 2733 2732 2803 ipsis
2779 2733 2847 2787 ad
2884 2740 3145 2787 aeternam
3189 2730 3580 2786 beatitudinem

1992 2822 2223 2878 feliciter
2252 2823 2500 2877 veniatis.
2524 2820 2694 2876 Nemo
2717 2836 2777 2877 se
2799 2820 3208 2886 circumveniat,
3230 2818 3425 2874 fratres
3444 2818 3576 2874 cha-

1993 2914 2215 2979 rissimi,
2232 2912 2409 2968 nullus
2429 2914 2592 2968 homo
2619 2912 2720 2968 sibi
2746 2911 3080 2967 solummodo
3104 2910 3269 2975 vivat,
3294 2910 3413 2975 sed,
3431 2909 3577 2964 sicut

1990 3003 2303 3072 frequenter
2323 3003 2583 3073 suggessi,
2605 3009 3049 3071 quantoscunque
3063 3000 3257 3069 aliquis
3274 3015 3370 3069 per
3388 3012 3572 3053 exem-

1991 3096 2140 3167 plum
2178 3102 2382 3150 sancta:
2424 3094 2545 3147 vitae
2593 3093 2975 3157 aediﬁcaverit,
3022 3107 3145 3146 cum
3188 3091 3354 3145 tantis
3378 3097 3433 3143 et
3469 3103 3571 3159 pro

2002 3184 2169 3239 tantis
2220 3182 2522 3237 mercedem
2570 3181 2741 3236 beata:
2772 3180 3143 3236 retributionis
3194 3180 3453 3248 accipiet;
3522 3184 3580 3230 et

1976 3275 2467 3346 'quantiscunque'
2506 3272 2811 3343 exemplum
2882 3272 3038 3327 malm
3114 3269 3578 3334 conversationis,

1998 3365 2215 3422 etiamsi
2256 3363 2333 3418 illi
2365 3378 2473 3418 non
2499 3377 2623 3417 eum
2651 3369 2968 3432 sequantur,
2992 3360 3308 3430 praebuerit,
3335 3374 3435 3429 pro
3460 3367 3583 3412 tan-

1998 3457 2069 3511 tis
2096 3471 2155 3511 se
2184 3454 2449 3509 rationem
2475 3455 2686 3509 noverit
2709 3452 3064 3517 redditurum,
3087 3452 3212 3521 quia
3238 3451 3580 3507 occasionem

1997 3548 2077 3602 eis
2106 3546 2255 3603 dedit
2296 3549 2486 3603 mortis
2533 3555 2590 3604 et
2631 3563 2848 3603 causam
2882 3547 3095 3618 paravit
3137 3544 3475 3615 perditionis.
3511 3541 3584 3598 Et

1999 3640 2122 3695 ideo
2159 3641 2301 3695 sicut
2329 3638 2445 3708 jam
2484 3656 2644 3709 supra
2694 3639 2969 3710 suggessi,
3020 3636 3302 3707 neophytis
3348 3634 3577 3700 nostris,

1997 3728 2288 3784 auxiliante
2318 3730 2567 3794 Domino,
2607 3727 2908 3797 exemplum
2941 3726 3094 3781 bonae
3118 3721 3568 3787 conversationis,

1997 3829 2261 3892 quantum
2287 3835 2596 3891 possumus,
2626 3819 2883 3875 debemus
2914 3815 3222 3880 ostendere,
3252 3820 3448 3877 utnon
3473 3824 3577 3881 pro

1997 3911 2212 3966 illorum
2238 3909 2607 3965 destructione
2634 3922 2850 3978 poenam
2899 3906 3161 3975 recipere,
3192 3903 3286 3959 sed
3322 3916 3421 3972 pro
3455 3900 3586 3955 aedi-

1999 4003 2253 4058 ﬁcatione
2299 4001 2369 4058 ad
2417 4000 2803 4071 indulgentiam
2858 3997 3177 4053 delictorum
3234 4003 3585 4057 nostrorum,

1998 4093 2228 4148 Domino
2270 4093 2597 4162 praestante,
2623 4103 2927 4144 mereamur
2955 4085 3264 4159 pervenire,
3302 4090 3358 4138 et
3389 4079 3588 4153 gaudia

1999 4192 2201 4239 arterna
2223 4181 2521 4253 possidere.
2548 4179 2739 4233 Amen.

2557 4290 2839 4347 llOMlLIA
2876 4288 3039 4344 XVII.

2418 4402 2473 4441 11v
2510 4401 2598 4439 nu:
2633 4367 2890 4439 noumci
2922 4395 3156 4436 PASCIIE.

2071 4478 2280 4534 Pascha
2311 4483 2576 4540 nostrum,
2611 4472 2972 4537 dilectissimi,
2992 4470 3201 4527 Christi
3227 4478 3310 4527 est
3335 4481 3586 4527 resurre-

2002 4570 2111 4626 ctio
2150 4588 2163 4624 :
2199 4569 2406 4624 Pascha
2429 4567 2625 4638 quippe
2660 4566 2913 4620 transitus
2944 4566 3351 4633 interpretatur,
3395 4562 3587 4619 videli-

2003 4668 2091 4716 cet
2123 4660 2190 4715 de
2215 4667 2390 4715 morte
2429 4656 2495 4712 ad
2524 4658 2714 4721 vitam,
2749 4656 2815 4712 dc
2844 4656 3095 4724 passione
3133 4653 3200 4706 ad
3234 4653 3480 4723 gloriam,
3517 4653 3586 4708 de

2003 4748 2215 4805 inferno
2253 4749 2321 4804 ad
2360 4748 2693 4818 paradisum.
2742 4745 2799 4799 In
2828 4761 2893 4800 eo
2921 4747 3126 4816 “quippe
3152 4746 3296 4815 quod
3332 4742 3586 4800 Christus

2004 4846 2254 4894 mortuus
2296 4846 2401 4902 est,
2448 4850 2596 4891 mors
2637 4842 2821 4890 nostra
2856 4834 3131 4889 destructa
3176 4841 3290 4898 est;
3344 4839 3401 4887 et
3438 4831 3585 4901 quod

2003 4927 2120 4998 ipse
2145 4926 2466 4991 resurrexit,
2496 4925 2653 4979 nobis
2684 4912 2996 4993 resurgendi
3025 4923 3335 4978 facultatem
3369 4919 3583 4988 tribuit,

2003 5032 2207 5089 nosque
2237 5016 2469 5072 transire
2511 5015 2638 5070 fecit
2659 5014 2727 5070 de
2753 5013 3068 5069 inﬁdelitate
3092 5013 3161 5068 ad
3201 5012 3361 5068 ﬁdem
3390 5011 3582 5067 catho-

2002 5108 2185 5174 licam,
2214 5108 2280 5163 de
2307 5106 2607 5162 idololatria
2633 5105 2701 5160 ad
2714 5105 2875 5160 unius
2899 5104 2991 5158 Dei
3015 5103 3237 5169 cultum,
3264 5104 3331 5158 de
3360 5111 3584 5173 peccato

2005 5196 2072 5251 ad
2087 5194 2372 5267 justitiam,
2400 5196 2466 5248 de
2490 5206 2677 5247 errore
2704 5191 2771 5245 ad
2799 5191 3106 5256 veritatem,
3129 5189 3197 5246 de
3219 5189 3488 5245 discordia
3513 5190 3583 5244 ad

2001 5301 2214 5357 pacem,
2243 5286 2309 5341 de
2335 5284 2507 5339 servis
2532 5280 2811 5337 inutilibus
2832 5288 2889 5334 et
2909 5280 3107 5335 diaboli
3135 5279 3358 5336 servitio
3383 5276 3587 5334 manci-

2000 5377 2144 5448 patis
2167 5377 2220 5431 in
2244 5389 2528 5431 numerum
2553 5372 2787 5454 ﬁliorum
2807 5370 2924 5437 Dei,
2941 5370 3008 5426 de
3026 5370 3219 5427 exsilio
3242 5370 3310 5425 ad
3325 5368 3582 5440 patriam,

2005 5468 2072 5524 de
2105 5480 2269 5538 poena
2303 5467 2371 5521 ad
2399 5478 2678 5521 coronam.
2709 5462 2778 5517 Et
2803 5460 2946 5527 ideo,
2978 5460 3335 5524 dilectissimi,
3378 5458 3586 5528 pascha

2005 5555 2205 5611 Christi
2241 5570 2466 5626 regnum
2500 5561 2587 5609 est
2618 5550 2773 5615 “caeli,
2816 5551 2963 5606 salus
2993 5550 3200 5614 mundi,
3242 5561 3466 5604 occasus
3497 5544 3584 5599 in-

2004 5645 2165 5714 ferni,
2191 5646 2363 5718 gloria
2391 5659 2771 5717 supernorum,
2799 5645 2910 5700 vita
2939 5643 3296 5706 credentium,
3341 5650 3586 5693 resurre-

2006 5740 2118 5799 ctio
2164 5748 2523 5807 mortuorum,
2557 5736 2925 5795 testimonium
2960 5731 3325 5793 miserationis
3362 5727 3577 5792 divinae,

2768 5989 2797 6015 ο
