4036 6370
482 365 555 423 35
1118 353 1179 408 ιι.
1222 347 1473 406 eaeam
1507 346 1728 405 usum
1764 345 2084 401 ARCHIEP.
2127 341 2434 401 uocum.
2464 341 2750 400 operum
2784 341 2962 396 rans
3001 341 3062 395 ιι.
3667 340 3735 399 εδ

479 478 713 551 pretium
734 469 1125 543 redemptionis
1144 469 1420 533 humanae,
1442 462 1698 520 contritio
1723 463 1913 519 mortis
1938 461 2063 518 abo—
2087 464 2141 526 Α

480 570 580 625 lito
607 574 689 621 est
714 562 863 638 [Dele
889 560 1089 617 abolita
1109 557 1238 631 est].
1263 557 1393 625 Quae
1420 554 1707 619 festivitas,
1730 553 1826 609 Dei
1846 561 2060 611 sacrata

462 655 765 753 lmysterio,
794 653 1050 707 virtutem
1077 647 1373 705 Dominica:
1401 644 1815 701 resurrectionis
1838 659 1937 714 per
1959 658 2059 698 au-

480 734 635 821 gelos
656 745 882 810 indicat,
903 756 1003 814 per
1025 739 1254 812 populos
1290 735 1617 801 manifestat,
1649 749 1744 805 per
1762 734 1924 790 corda
1949 748 2062 789 cre-

479 840 724 897 dentium
767 839 909 894 bona
942 833 1284 905 multiplicat.
1331 831 1435 886 llic
1480 838 1564 886 est
1608 830 1772 901 igitur
1813 829 1929 885 dies
1972 827 2063 883 ille

485 932 553 985 de
598 943 706 999 quo
749 926 1040 982 Psalmista
1082 923 1210 980 olim
1261 921 1613 993 praecinebat,
1653 920 1839 975 dicens
1883 937 1896 972 :
1930 917 2060 973 Haec

480 1020 593 1075 dies
639 1034 798 1089 quant
835 1016 956 1086 fecit
992 1013 1279 1079 Dominus,
1309 1010 1628 1067 cxsultemus
1656 1020 1705 1064 et
1733 1009 1970 1065 lwtcmur
2006 1009 2063 1063 in

478 1126 542 1163 ea
559 1106 738 1179 .(Psal.
765 1104 955 1176 cxvn).
985 1102 1195 1159 Celsior
1234 1102 1463 1167 cunctis,
1497 1100 1726 1156 lucidior
1756 1098 2023 1153 universis
2044 1137 2060 1163 ,

478 1201 537 1254 in
561 1213 667 1269 qua
689 1197 959 1253 Dominus
990 1194 1291 1250 resurrexit
1320 1211 1337 1246 :
1369 1193 1424 1248 in
1454 1207 1561 1262 qua
1588 1205 1784 1246 novam
1811 1189 1912 1244 sibi
1955 1188 2067 1258 ple-

484 1288 629 1353 bem,
670 1295 732 1340 ut
757 1284 830 1340 ibi
859 1284 1074 1349 videtis,
1121 1281 1548 1354 regenerationis
1573 1280 1765 1350 spiritu
1790 1278 2064 1349 conquisi-

482 1380 591 1445 vit;
618 1380 671 1434 in
700 1394 805 1449 qua
827 1376 1162 1450 singulOrum
1186 1386 1394 1432 mentes
1419 1374 1616 1447 gaudio
1630 1382 1691 1428 et
1706 1372 2067 1429 exsultatione

480 1467 741 1538 perfudit.
769 1467 870 1522 llic
905 1482 1035 1537 ergo
1068 1468 1183 1522 dies
1207 1463 1628 1520 resurrectionis
1647 1460 1851 1517 Christi
1876 1458 2070 1515 defun-

488 1558 598 1612 ctis
618 1557 749 1622 vita,
768 1555 1148 1628 peccatoribus
1175 1554 1355 1619 venia,
1378 1553 1580 1608 sanctis
1600 1559 1684 1607 est
1706 1550 1895 1621 gloria.
1926 1548 2073 1616 Quo-

491 1647 654 1703 modo
692 1662 821 1719 ergo
851 1648 1019 1702 Maria
1047 1648 1215 1718 virgo,
1252 1653 1426 1700 mater
1458 1644 1692 1709 Domini,
1722 1644 1864 1698 inter
1883 1657 2071 1697 omnes

487 1737 744 1793 mulieres
771 1738 1136 1809 principatum
1158 1743 1332 1801 tenet,
1355 1735 1431 1789 ita
1456 1734 1591 1789 etin
1618 1735 1779 1789 terris
1799 1733 1917 1789 dies
1949 1733 2065 1788 haec
2093 1780 2140 1839 Β

2702 458 2985 515 HOMILIA
3017 457 3200 515 XVIII.

2232 585 2286 627 IN
2323 583 2549 626 OCTAVIS
2585 585 2794 626 PASCHE
2816 611 2830 635 ,
2882 585 2997 625 SIVE
3035 586 3088 625 IN
3122 584 3366 626 ΟᾸΞΤΕΒΙΒ
3400 587 3674 631 υοκιιιιειε

2651 657 2837 697 ιιιειιιιε
2873 656 3003 696 Ροετ
3038 653 3261 695 PASCIIA.

2231 752 2324 807 Isti
2354 760 2479 831 sunt
2494 752 2630 817 dies,
2653 750 2849 806 fratres
2869 745 3199 817 charissimi,
3227 766 3363 822 quos
3388 752 3458 809 ob
3482 753 3743 810 honorem

2161 843 2454 898 Dominicae
2488 843 2899 897 resurrectionis
2933 857 3032 912 per
3062 850 3233 897 totum
3265 845 3451 899 orbem
3477 853 3751 902 terrarum

2164 932 2428 988 catholica
2472 941 2763 986 veneratur
2808 931 3070 999 Ecclesia,
3101 932 3227 1001 quia
3268 932 3518 989 Salvator
3561 944 3750 991 noster

2162 1031 2287 1093 post
2325 1022 2776 1077 resurrectionem
2825 1037 2998 1087 suam,
3049 1022 3190 1077 sicut
3225 1024 3416 1079 beatus
3458 1024 3635 1081 Lucas
3663 1034 3749 1081 te-

2166 1124 2343 1171 statur
2366 1115 2505 1186 (Act.
2532 1115 2597 1185 ι),
2618 1131 2711 1185 per
2736 1114 2846 1168 dies
2867 1113 3218 1185 quadraginta
3244 1117 3353 1170 suis
3393 1116 3665 1188 discipulis
3691 1117 3752 1171 in

2164 1203 2344 1258 multis
2373 1204 2693 1274 argumentis
2725 1205 2990 1275 apparuit,
3025 1211 3080 1258 et
3122 1204 3405 1262 veritatem
3434 1223 3544 1262 sua:
3569 1223 3755 1263 resur-

2166 1294 2423 1349 rectionis
2474 1293 2579 1348 illis
2628 1293 3025 1361 manifestavit;
3071 1304 3127 1350 et
3156 1296 3276 1352 ideo
3311 1306 3625 1353 sanctorum
3655 1313 3755 1369 pa-

2168 1393 2314 1440 trum
2354 1385 2664 1451 traditione,
2689 1384 2948 1440 debemus
2971 1399 3162 1440 omnes
3211 1386 3328 1441 dies
3363 1387 3496 1442 istos
3526 1387 3757 1443 festivos

2169 1477 2390 1542 habere,
2428 1483 2483 1531 et
2511 1491 2634 1531 cum
2661 1475 2891 1547 spiritali
2917 1476 3109 1546 gaudio
3138 1477 3365 1549 gloriam
3394 1474 3758 1536 resurrectio-

2169 1567 2255 1621 nis
2281 1565 2483 1622 Christi
2520 1566 2815 1632 celebrare,
2861 1566 3387 1638 nequejejuniorum
3414 1569 3650 1640 rigorem
3697 1569 3759 1624 in

2169 1656 2276 1713 illis
2300 1666 2508 1724 tenere,
2532 1656 2658 1713 licet
2676 1656 2938 1713 sobrietas
2957 1658 3104 1713 omni
3135 1666 3377 1730 tempore
3400 1660 3628 1714 tenenda
3658 1660 3755 1715 sit.

2169 1748 2603 1821 Quadragesimae
2642 1762 2771 1820 ergo
2799 1755 3031 1818 tempus,
3071 1749 3213 1817 quod
3247 1756 3374 1804 ante
3401 1748 3604 1819 pascha
3628 1763 3759 1802 cum

482 1829 727 1883 omnium
750 1830 961 1884 dierum
972 1837 1139 1899 caput
1152 1836 1266 1883 est:
1286 1828 1492 1883 etsicut
1506 1826 1706 1882 Sancta
1728 1833 2060 1891 sanctorum,

2178 1839 2379 1910 iejuniis
2401 1846 2456 1892 et
2488 1836 2776 1894 alllictione
2814 1838 2996 1893 carnis
3023 1846 3222 1893 nostra:
3257 1838 3565 1903 habuimus,
3615 1852 3762 1908 prte-

486 1920 577 1975 vel
599 1920 821 1977 Cantica
855 1920 1191 1976 canticorum
1219 1920 1275 1974 in
1315 1919 1611 1989 Scripturis
1638 1917 1885 1988 legimus,
1914 1918 1990 1972 ita
2010 1923 2067 1971 et

486 2013 630 2068 hanc
674 2012 1073 2067 solemnitatem
1118 2009 1519 2066 solemnitatum
1558 2008 1755 2064 merito
1813 2007 2062 2063 dicimus.

484 2101 705 2173 igneam
733 2102 879 2156 illam
912 2102 1278 2173 rbomphzeam
1300 2109 1358 2156 et
1375 2100 1614 2172 paradisi
1626 2100 1872 2170 januam,
1903 2113 2067 2169 quam

489 2194 669 2249 nullus
693 2195 867 2263 potuit
894 2193 1201 2265 ell'ringere,
1241 2193 1401 2248 modo
1429 2191 1680 2248 Christus
1707 2205 1831 2245 cum
1858 2190 2069 2245 latrone

484 2287 751 2341 reseravit
774 2303 787 2339 :
810 2294 967 2356 porta
992 2286 1253 2355 paradisi,
1281 2299 1402 2355 quae
1436 2284 1566 2338 nulli
1609 2292 1738 2338 ante
1761 2282 2071 2364 passionem

489 2375 706 2431 Domini
747 2386 934 2446 aperta
962 2383 1085 2441 est,
1118 2390 1186 2429 ex
1221 2388 1287 2429 eo
1325 2381 1570 2444 tempore
1597 2386 1709 2442 quo
1742 2386 1941 2443 passus
1987 2379 2074 2427 est

490 2465 750 2520 Dominus
772 2479 941 2534 usque
970 2466 1037 2520 ad
1057 2472 1379 2536 praesentem
1401 2464 1543 2519 diem
1558 2472 1619 2519 et
1632 2462 1817 2519 clausa
1839 2473 1895 2519 et
1921 2478 2072 2519 rese-

492 2564 611 2610 rata
637 2563 751 2621 est;
776 2555 961 2610 clausa
989 2563 1075 2609 est
1106 2554 1485 2625 peccatoribus
1508 2564 1567 2610 et
1593 2555 1905 2621 incredulis,
1932 2569 2076 2610 resc-

492 2657 612 2702 rata
639 2654 724 2701 est
759 2647 923 2717 iustis
959 2655 1017 2703 et
1049 2646 1392 2703 credentibus
1430 2666 1447 2702 :
1478 2663 1576 2718 per
1613 2648 1754 2703 hanc
1798 2648 2076 2719 ingressus

491 2743 579 2789 est
615 2736 833 2801 Petrus,
863 2750 963 2806 per
990 2735 1132 2791 hanc
1162 2736 1438 2807 ingressus
1457 2743 1541 2791 est
1564 2735 1784 2801 Paulus,
1808 2749 1907 2805 per
1936 2736 2078 2789 hanc

495 2839 689 2880 omnes
703 2825 875 2879 sancti
890 2832 1156 2896 martyres
1174 2825 1532 2887 intraverunt,
1554 2837 1652 2894 per
1671 2823 1812 2879 hanc
1836 2822 2078 2893 quotidie

495 2914 563 2969 de
601 2924 713 2970 toto
746 2916 951 2972 mundo
983 2915 1251 2987 iustorum
1277 2916 1471 2970 animm
1516 2914 1912 2985 ingrediuntur.
1949 2913 2078 2968 Duae

492 3003 637 3059 enim
661 3014 831 3074 portte
855 3012 1000 3068 sunt,
1026 3012 1183 3075 porta
1214 3004 1473 3074 paradisi,
1513 3012 1570 3059 et
1592 3011 1750 3073 porta
1778 3002 2074 3059 Ecclesiae:

494 3110 596 3164 per
641 3106 853 3166 portam
896 3096 1155 3152 Ecclesiae
1200 3095 1519 3150 intravimus
1556 3094 1842 3164 primitus,
1885 3093 2076 3159 idest,

494 3200 594 3253 per
621 3185 782 3239 ﬁdem
828 3193 883 3240 et
920 3184 1249 3255 baptismum
1270 3226 1284 3250 ,
1314 3184 1440 3253 quia
1473 3184 1715 3254 quidem,
1760 3185 1806 3238 si
1849 3183 2079 3239 fideliter

497 3275 935 3341 permanebimus
984 3277 1123 3329 bene
1166 3283 1491 3343 operantes,
1536 3283 1661 3343 post
1697 3273 1905 3328 exitum
1956 3272 2081 3328 vita:

498 3374 713 3434 portam
734 3368 1057 3423 intrabimus
1077 3367 1336 3439 paradisi.
1369 3368 1610 3424 Ecclesia
1632 3383 1849 3439 quoque
1893 3375 2080 3423 sancta

502 3455 619 3509 sine
662 3454 824 3511 dubio
858 3458 1049 3513 domus
1092 3456 1189 3512 Dei
1210 3466 1312 3522 est,
1336 3465 1392 3511 et
1417 3457 1492 3511 ita
1516 3457 1776 3512 debemus
1800 3457 1985 3512 vivere
2012 3472 2081 3511 ue

507 3546 791 3616 ejiciamur
811 3549 878 3603 de
904 3548 1064 3604 domo
1090 3548 1201 3614 illa,
1241 3557 1296 3603 et
1323 3547 1483 3616 ejecti
1526 3547 1674 3602 foras
1703 3563 1735 3602 a
1781 3547 1991 3613 bestiis,
2028 3546 2084 3600 id

504 3644 589 3691 est
632 3637 884 3706 malignis
926 3638 1225 3708 Spiritibus,
1263 3638 1605 3704 devoremur,
1638 3639 1705 3694 de
1725 3637 1921 3707 quibus
1957 3651 2084 3707 pro-

503 3728 663 3798 pheta
685 3727 997 3798 dicit(Psal.
1025 3728 1234 3797 xxxv")
1262 3745 1275 3781 :
1308 3726 1390 3782 Ne
1410 3728 1611 3793 tradas,
1638 3727 1880 3791 Domine,
1909 3727 2082 3781 bestiis

504 3824 709 3876 animas
744 3822 1044 3890 conﬁtentes
1087 3821 1201 3875 tibi.
1244 3819 1475 3875 Assidue
1523 3835 1653 3891 ergo
1709 3834 1989 3875 versemur
2027 3820 2083 3873 in

506 3911 618 3977 illa,
659 3927 780 3981 qua:
807 3910 1046 3966 omnium
1084 3918 1329 3966 nostrum
1361 3919 1535 3966 mater
1568 3918 1669 3977 est,
1694 3911 1747 3966 id
1779 3919 1882 3976 est,
1908 3910 2085 3966 Eccle-

506 4001 611 4066 sia,
645 4010 911 4071 quatenus
948 4002 1018 4057 ad
1048 4002 1230 4057 Patris
1264 4003 1484 4067 aeterni,
1535 4002 1624 4057 cui
1656 4017 1759 4057 nos
1784 4001 1898 4072 ipsa
1945 4000 2085 4057 filios

505 4090 809 4161 adoptionis
836 4090 1038 4160 genuit,
1067 4105 1370 4145 mercamur
1393 4090 1675 4160 pervenire
1702 4104 1949 4161 regnum.
1978 4089 2082 4146 Ce-

507 4181 778 4237 lebremus
814 4182 956 4236 banc
989 4181 1410 4236 sacratissimum
1432 4181 1828 4237 solemnitatem
1856 4181 1952 4247 ita,
1981 4182 2085 4236 sic-

506 4279 565 4326 ut
595 4271 867 4341 apostolus
908 4270 1106 4325 Paulus
1131 4288 1230 4325 nos
1265 4272 1465 4336 docuit,
1493 4273 1677 4326 dicens
1706 4289 1720 4325 :
1750 4270 1872 4325 Non
1896 4273 1951 4325 in
1973 4272 2082 4341 [er-

508 4371 678 4414 mento
722 4361 897 4425 veteri,
938 4377 1098 4431 neque
1127 4361 1183 4413 in
1221 4360 1473 4429 fermento
1498 4360 1715 4415 malitia:
1750 4370 1800 4414 et
1842 4362 2084 4431 nequitia:

2167 1930 2337 1985 sentis
2357 1928 2539 1983 smculi
2569 1934 2750 2000 typum
2772 1934 2937 1992 tenet,
2962 1927 3017 1983 in
3038 1942 3143 1997 quo
3161 1941 3260 1998 per
3280 1925 3762 1982 mortificationem

2162 2022 2407 2094 corporis
2431 2021 2600 2077 nostri
2633 2021 2977 2091 passionibus
2996 2018 3198 2076 Christi
3224 2019 3626 2079 communicare
3652 2018 3750 2074 de-

2163 2116 2390 2172 bemus:
2420 2114 2564 2170 istud
2587 2128 2715 2169 vero
2737 2122 2946 2184 tempus
2969 2112 3111 2183 quod
3131 2119 3252 2182 post
3269 2113 3472 2183 pascha
3496 2124 3669 2181 usque
3694 2109 3754 2165 in

2166 2213 2413 2261 sanctam
2439 2205 2797 2259 Peutecosten
2833 2205 3213 2268 observamus,
3246 2209 3471 2273 propter
3506 2212 3757 2256 resurre-

2166 2297 2409 2353 ctionem
2436 2293 2658 2361 Christi,
2697 2294 2890 2349 futura:
2915 2294 3040 2348 vitae
3086 2292 3375 2363 imaginem
3405 2289 3643 2361 praefert,
3694 2289 3759 2344 in

2169 2404 2276 2459 quo
2317 2387 2502 2443 laudes
2543 2386 2657 2442 Deo
2724 2400 2849 2440 cum
2899 2399 3091 2455 magna
3138 2383 3323 2438 laetitia
3364 2382 3756 2446 decantamus;

2170 2478 2396 2535 Alleluia
2421 2477 2586 2540 enim,
2616 2477 2761 2547 quod
2790 2476 2909 2531 istis
2931 2476 3120 2531 diebus
3149 2475 3201 2529 in
3228 2474 3476 2528 laudibus
3506 2472 3601 2527 Dei
3633 2488 3761 2526 san-

2172 2577 2259 2624 cta
2285 2568 2596 2638 frequentat
2630 2566 2895 2632 Ecclesia,
2943 2568 3212 2622 canticum
3240 2566 3465 2623 caeleste
3486 2574 3589 2629 est,
3619 2564 3764 2618 sicut

2172 2660 2408 2715 Joannes
2438 2658 2714 2729 apostolus
2743 2658 2795 2712 in
2835 2658 3158 2729 Apocalypsi
3193 2673 3289 2712 sua
3320 2663 3546 2711 testatur
3571 2653 3759 2725 (Apoc.

2177 2749 2316 2820 nx),
2357 2755 2412 2804 et
2458 2749 2652 2803 futurae
2700 2748 2824 2802 vitae
2875 2746 3100 2817 gloriam
3161 2745 3316 2801 nobis
3360 2751 3764 2814 praemonstrat,

2178 2839 2394 2910 quando
2414 2839 2480 2893 ad
2499 2837 2807 2908 exemplum
2843 2835 3220 2907 Redemptoris
3253 2835 3445 2899 nostri,
3474 2849 3504 2887 a
3530 2831 3766 2887 mortuis

2176 2938 2520 3001 resurgentes
2542 2930 2597 2984 in
2625 2937 2829 2984 mterua
2852 2927 3184 2984 beatitudine
3205 2943 3328 2989 cum
3365 2925 3569 2982 sanctis
3596 2938 3767 2996 ange-

2178 3023 2245 3079 lis
2265 3024 2382 3079 sine
2409 3022 2713 3078 cessationc
2730 3020 2917 3076 laudes
2945 3021 3173 3076 creatori
3196 3026 3381 3075 nostro
3405 3020 3460 3074 iu
3497 3025 3763 3072 aeternum

2178 3114 2539 3171 cantabimus.
2569 3112 2676 3168 Sed
2699 3112 2826 3182 quia
2850 3111 3102 3182 paschale
3125 3124 3333 3182 tempus
3354 3109 3534 3172 modo,
3562 3108 3768 3163 fratres

2179 3203 2516 3265 cbarissimi,
2562 3201 2920 3266 celebramus,
2968 3202 3045 3255 sic
3075 3200 3405 3255 exsultemus
3449 3198 3502 3252 in
3547 3212 3643 3267 spe
3701 3202 3772 3251 ut

2179 3295 2557 3367 perveniamus
2605 3294 2672 3349 ad
2719 3309 2832 3349 rem
2883 3311 2897 3347 :
2947 3300 3007 3347 ut
3029 3291 3173 3362 quod
3216 3291 3329 3362 jam
3382 3290 3662 3360 praecessit
3708 3287 3772 3344 in

2182 3387 2360 3458 capite
2384 3396 2588 3451 nostro,
2615 3385 2714 3456 ipsi
2736 3399 2949 3455 quoque
2972 3385 3025 3439 in
3052 3383 3139 3438 die
3168 3382 3457 3438 novissima
3486 3380 3774 3453 percipere

2181 3493 2488 3534 mercamur
2515 3495 2528 3530 :
2561 3477 2745 3547 sicque
2772 3476 2984 3546 corpori
3008 3483 3193 3530 nostro
3216 3470 3540 3537 relax'emus,
3568 3479 3625 3525 ut
3668 3485 3774 3539 pu-

2183 3570 2317 3624 ritas
2340 3568 2538 3623 mentis
2566 3582 2672 3621 non
2701 3565 3013 3622 ohfuscctur
3038 3583 3054 3619 :
3093 3565 3186 3620 sed
3212 3564 3393 3635 potius
3433 3562 3775 3617 abstinentes

2184 3660 2253 3714 ab
2303 3657 2450 3712 omni
2499 3656 2639 3720 lusu,
2688 3654 2971 3719 ebrietate,
3021 3653 3241 3709 lascivia
3291 3668 3357 3707 ac
3416 3651 3769 3721 turpitudine,

2183 3748 2375 3803 demus
2411 3760 2628 3815 operam
2661 3744 2854 3799 sobria:
2879 3741 3183 3798 remissioni
3222 3757 3286 3796 ac
3307 3750 3507 3796 sanctae
3542 3740 3772 3801 sinceri-

2185 3840 2299 3903 tati,
2342 3846 2403 3893 ut
2441 3837 2701 3908 quidquid
2742 3836 2903 3891 modo
2949 3834 3216 3904 corporali
3263 3833 3588 3889 abstinentia
3654 3847 3775 3891 non.

2183 3927 2535 4000 acquirimus,
2581 3925 2845 3981 mentium
2893 3925 3128 3995 puritate
3168 3930 3224 3978 et
3254 3939 3466 3977 morum
3500 3921 3775 3992 probitate

2182 4031 2507 4089 quaeramus.
2539 4015 2734 4069 Audite
2764 4029 2870 4078 me,
2906 4013 3121 4077 fratres,
3161 4027 3353 4069 omnes
3387 4013 3476 4083 qui
3527 4013 3683 4068 statis
3712 4011 3770 4067 in

2183 4109 2431 4173 Domino,
2478 4105 2785 4177 apostolicis
2834 4105 3017 4159 verbis
3049 4119 3144 4159 vos
3174 4104 3455 4175 alloquor:
3489 4103 3628 4159 Ecce
3663 4119 3771 4157 nor.

2182 4200 2452 4272 processit,
2483 4199 2593 4253 dies
2627 4206 2803 4252 autem
2844 4196 3275 4267 appropinquavit
3304 4209 3323 4247 :
3356 4195 3579 4266 Abjicite
3610 4211 3770 4264 opera

2184 4292 2535 4357 tenebrarum,
2569 4299 2617 4343 et
2650 4289 2850 4343 induite
2895 4305 2981 4351 vos
3026 4305 3176 4343 arma
3211 4287 3366 4350 lucis,
3414 4288 3549 4340 sicut
3584 4286 3639 4339 in
3679 4284 3767 4339 die

2183 4380 2394 4434 honeste
2438 4377 2794 4438 ambulemus:
2824 4393 2928 4431 non
2954 4378 3009 4430 in
3039 4376 3499 4431 comessationibus
3534 4382 3581 4429 et
3606 4374 3774 4429 ebrie-

508 4447 561 4519 (Ῑ
599 4445 721 4502 C0"
756 4447 973 4542 vlim?
997 4456 1246 4542 θείνηθθ
1359 4450 1717 4542 #maritudine
1743 4449 1958 4505 malum
1984 4451 2077 4504 hu‘
2108 4482 2161 4542 ι)
2187 4454 2395 4536 tatibus,
2426 4486 2529 4525 non
2556 4470 2613 4524 in
2642 4468 2898 4523 cubilibus
2925 4479 2974 4523 et
3019 4469 3381 4540 tmpudiciliis,
3409 4484 3510 4522 non
3541 4467 3595 4520 in
3638 4482 3769 4520 can-

507 4553 703 4604 manae,
734 4541 829 4594 sed
850 4539 904 4593 in
934 4540 1241 4594 sinceritate
1268 4540 1461 4595 divinae
1495 4542 1827 4609 sanctitatis,
1857 4558 1978 4612 qum
2001 4552 2084 4598 est

508 4631 749 4696 castitas,
782 4633 1075 4699 humilitas,
1102 4633 1335 4699 bonitas,
1388 4634 1779 4700 misericordia,
1832 4636 2080 4690 humani-

509 4728 615 4785 tas,
644 4720 877 4789 iustitia,
920 4722 1147 4788 lenitas,
1179 4724 1459 4792 patientia,
1502 4724 1725 4789 veritas,
1755 4740 1880 4794 pax,
1932 4726 2086 4780 heni-

508 4809 704 4879 guitas.
755 4808 881 4864 llaec
918 4818 1003 4865 est
1030 4826 1209 4867 massa
1243 4814 1545 4870 sanctitatis
1577 4813 1893 4870 Christianae
1919 4832 2083 4886 quam

512 4902 759 4956 humana:
789 4901 1008 4957 malitiae
1037 4901 1362 4958 fermentum
1394 4904 1719 4974 corrumpit,
1747 4905 1849 4961 hoc
1871 4914 1973 4971 est,
2016 4906 2082 4961 li-

510 4993 656 5059 bido,
696 4995 969 5065 Superbia,
1010 4995 1229 5060 invidia,
1272 4996 1549 5066 iniquitas,
1597 4998 1851 5063 avaritia,
1893 4998 2088 5054 intem-

511 5085 779 5152 perantia,
804 5088 1164 5154 mendacium,
1192 5088 1480 5155 discordia,
1500 5089 1719 5154 odium,
1735 5106 1871 5145 vana
1895 5089 2084 5161 gloria,

512 5178 806 5234 crudelitas
833 5189 887 5235 et
913 5182 1208 5252 iniustitia;
1243 5198 1362 5252 quae
1382 5184 1566 5239 omnia
1609 5184 1973 5253 corruptionis
1996 5197 2088 5254 ge-

512 5281 643 5323 nera
683 5268 859 5325 aliena
895 5272 1051 5327 nobis
1084 5272 1309 5338 efficiat,
1352 5281 1408 5328 et
1445 5273 1807 5329 sinceritatem
1844 5273 2087 5329 veritatis

514 5372 626 5414 sua:
652 5359 766 5429 ipse
805 5360 860 5415 in
896 5362 1051 5418 nobis
1085 5364 1373 5429 custodiat,
1417 5373 1605 5420 auctor
1624 5374 1680 5419 et
1704 5364 1927 5435 largitor
1966 5379 2087 5420 om-

514 5448 664 5504 nium
688 5449 949 5507 bonorum
971 5461 1027 5509 et
1049 5453 1270 5511 ell‘ector
1293 5455 1452 5512 istius
1472 5456 1853 5513 sacratissima;
1878 5456 2088 5513 festivi-

516 5539 667 5605 tatis,
709 5538 866 5598 Jcsus
899 5542 1171 5612 Christus,
1214 5545 1459 5602 Salvator
1495 5554 1697 5614 noster,
1727 5548 1991 5618 qui-vivit
2035 5556 2091 5605 et

516 5639 709 5698 regnat
727 5648 847 5687 cum
865 5633 972 5689 Deo
996 5634 1154 5691 Patre
1183 5636 1238 5691 in
1263 5638 1470 5692 unitate
1490 5637 1723 5707 Spiritus
1741 5640 1911 5696 sancti
1925 5640 2087 5709 Deus,

516 5731 614 5789 per
638 5722 818 5778 omnia
845 5725 1039 5782 saecula
1057 5726 1397 5784 steculorum.
1426 5728 1620 5786 Amen.

2191 4563 2417 4616 tentione
2465 4570 2515 4616 et
2562 4560 2927 4625 mmulationc;
2975 4561 3069 4615 sed
3118 4560 3318 4614 induite
3352 4576 3437 4614 ros
3484 4557 3768 4612 Dominum

2188 4653 2370 4707 Iesum
2397 4649 2682 4715 Christum,
2719 4661 2769 4704 et
2795 4652 2968 4706 carnis
2995 4667 3175 4704 curam
3203 4666 3265 4703 ne
3306 4647 3531 4717 feceritis
3563 4648 3618 4701 in
3647 4663 3772 4701 con-

2191 4741 2517 4811 cupiscentiis
2542 4739 2720 4812 (Rom.
2752 4740 2897 4810 xm),
2926 4747 3058 4796 utet
3083 4741 3247 4795 vitam
3271 4747 3531 4793 :eternam
3575 4744 3630 4791 et
3659 4744 3773 4793 sto-

2190 4831 2297 4886 lam
2325 4830 2748 4887 immortalitatis
2788 4830 3042 4895 induatis,
3076 4830 3144 4886 ad
3184 4844 3345 4900 quam
3368 4827 3768 4899 percipiendam

2192 4922 2248 4977 in
2300 4922 2569 4992 baptismo
2617 4920 2920 4992 regenerati
2963 4920 3099 4975 estis
3153 4937 3165 4972 :
3218 4918 3480 4988 Quotquot
3522 4917 3660 4970 enim
3712 4904 3770 4970 in

2190 5011 2397 5067 Christo
2439 5011 2689 5081 baptizati
2724 5012 2869 5074 estis,
2910 5007 3176 5064 Christum
3204 5007 3448 5062 induistis
3488 5002 3629 5078 (Gal.
3658 5003 3768 5074 ιιι),

2188 5112 2246 5159 ει
2275 5103 2392 5172 ejus
2412 5094 2653 5158 membra
2680 5100 2807 5156 facti
2830 5101 2980 5157 estis.
3012 5100 3146 5166 Quia
3171 5112 3300 5168 ergo
3324 5097 3565 5153 membra
3609 5093 3771 5150 Chri-

2190 5196 2260 5250 sti
2287 5195 2438 5259 estis,
2484 5195 2749 5249 admoneo
2800 5208 2898 5249 vos
2925 5201 2987 5247 ut
3026 5190 3317 5246 attendatis
3348 5185 3765 5256 vobismetipsis,

2190 5297 2261 5339 ne
2287 5282 2427 5339 forte
2457 5283 2603 5338 illam
2627 5283 2943 5355 dignitatem
2972 5279 3229 5353 perdatis.
3282 5278 3472 5349 Magna
3496 5288 3674 5333 autem
3713 5282 3771 5331 et

2190 5371 2583 5427 inaestimabilis
2621 5372 2856 5444 dignitas
2899 5380 2982 5427 est
3043 5369 3162 5426 fieri
3216 5368 3355 5425 filios
3400 5367 3519 5433 Dei,
3568 5364 3768 5420 fratres

2193 5470 2374 5517 autent
2413 5460 2614 5516 Christi
2657 5479 2671 5515 :
2705 5469 2878 5515 cavete
2918 5471 3094 5514 autem
3120 5459 3185 5513 ab
3226 5457 3521 5512 hominibus
3546 5452 3763 5526 (Matth.

2191 5554 2275 5624 ι),
2301 5567 2406 5608 non
2432 5553 2554 5608 dico
2582 5560 2764 5607 tamen
2794 5568 2825 5607 a
2846 5552 3088 5623 paganis,
3126 5550 3210 5606 vel
3238 5548 3455 5613 ludatis,
3477 5544 3562 5601 vel
3590 5547 3763 5600 luere-

2195 5646 2341 5711 ticis,
2360 5645 2455 5701 sed
2480 5646 2646 5700 etiam
2671 5659 2702 5698 a
2720 5644 2876 5699 malis
2897 5642 3192 5705 catholicis,
3224 5640 3313 5710 qui
3338 5638 3650 5707 conﬁtentur
3675 5650 3767 5690 ore

2193 5734 2380 5799 Deum,
2424 5734 2578 5803 [actis
2621 5743 2795 5789 autem
2845 5740 3033 5803 negant
3071 5730 3196 5802 (Tit.
3226 5730 3286 5801 ι).
3318 5728 3510 5799 Eligite
3532 5725 3686 5784 vobis
