4036 6370
314 302 387 360 57

1227 287 1540 345 110M“.le
1580 287 1668 343 DE
1701 285 1944 342 FESTIS
1977 274 2386 355 PRECIPUIS,
2428 291 2580 348 ETC.

3489 298 3559 357 58

307 411 509 489 populo
536 408 630 464 Dei
662 421 798 478 quos
844 402 1147 467 imitamini,
1192 417 1317 457 nam
1362 402 1408 457 si
1439 400 1650 456 turbam
1685 398 1886 454 imitari
1913 405 1964 461 Α
1989 399 2043 454 in
2071 399 2395 472 fortitudine
2432 402 2710 459 clamasse.
2741 402 2912 461 Omne
2949 404 3306 464 Ninivitarum
3330 424 3558 482 regnum

309 501 605 567 volueritis,
646 498 810 553 timeo
831 495 976 565 quod
1004 509 1034 548 a
1062 508 1190 547 vero
1218 492 1461 547 devictis.
1504 492 1646 546 Inter
1684 504 1887 560 paucos

286 602 443 664 'ergo
471 597 753 661 augustam
778 586 921 641 viam
959 583 1295 639 ambulantes
1328 583 1507 653 eligite
1532 597 1667 651 quos
1697 597 1889 650 sequa-

309 682 482 739 mini:
509 681 634 751 quia
663 685 810 737 arcta
854 684 902 730 et
951 685 1173 745 angusta
1216 674 1299 729 via
1336 684 1410 728 est
1453 689 1569 744 qua:
1621 673 1765 726 ducit
1819 671 1888 725 ad

311 776 493 836 vitam,
523 778 571 824 et
594 767 749 840 pauci
778 767 982 819 intrant
1006 781 1098 834 per
1124 779 1237 818 eam
1257 780 1284 817 ς
1313 762 1421 816 lata
1447 770 1496 816 et
1518 763 1749 832 spatiosa
1771 776 1887 831 qua:

311 866 457 920 dum
483 862 553 917 ad
583 869 821 924 mortem,
862 867 912 912 et
954 856 1106 910 multi
1152 858 1346 910 vadunt
1367 872 1459 926 per
1483 854 1630 909 illam
1669 852 1883 925 (Matth.

310 956 431 1027 vn).
464 954 510 1009 Α
548 950 783 1022 rapinis,
818 964 849 1003 a
877 947 1175 1011 fraudibus,
1214 960 1244 1000 a
1286 945 1539 1015 perjuriis
1588 944 1883 1008 abstinete;

298 1046 552 1118 gurgites
578 1043 903 1098 ebrietatum
940 1038 1269 1107 repellantur
1290 1052 1321 1090 a
1345 1036 1528 1102 vobis;
1575 1034 1885 1090 fornicatio-

309 1157 410 1196 nes
438 1139 519 1195 sic
548 1136 712 1208 fugite
738 1132 1008 1204 quomodo
1050 1140 1299 1196 mortem,
1344 1137 1575 1186 mortem
1623 1144 1730 1184 nou
1769 1144 1890 1199 quae

310 1235 549 1288 animam
578 1228 740 1285 solvit
766 1243 795 1281 a
822 1239 1067 1296 corpore,
1116 1226 1212 1280 sed
1232 1224 1323 1279 ubi
1351 1225 1531 1279 anima
1558 1236 1771 1293 semper
1802 1236 1892 1275 ar-

308 1323 460 1379 debit
500 1336 621 1376 cum
646 1332 891 1387 corpore.
915 1316 1055 1383 Quid
1088 1316 1330 1386 prodest,
1356 1314 1576 1381 fratres,
1601 1314 1741 1383 quod
1783 1311 1891 1369 Sa-

307 1425 469 1468 tanas
490 1410 627 1466 levia
657 1408 787 1464 dicit
819 1421 940 1462 esse
966 1415 1212 1476 peccata,
1239 1420 1357 1474 qum
1385 1402 1631 1459 Christus
1656 1402 1891 1459 ostendit

307 1501 515 1571 gravia.
544 1498 690 1553 Dicit
708 1495 852 1551 enim
875 1495 1140 1560 diabolus,
1175 1493 1357 1549 carnis
1380 1502 1604 1563 peccata
1634 1507 1741 1548 non
1766 1499 1891 1547 sunt

309 1605 541 1661 magna;
597 1588 804 1643 licitum
828 1594 913 1642 est
936 1586 1200 1657 usquead
1238 1585 1540 1640 satietatem
1570 1584 1892 1639 manducare

306 1695 373 1735 ac
397 1680 587 1734 bibere
617 1684 817 1750 etcum
846 1672 1073 1730 muliere
1103 1674 1481 1737 concumbere,
1523 1680 1578 1726 et
1615 1671 1695 1726 sic
1735 1670 1891 1726 sedu-

1989 502 2116 549 tunc
2142 494 2434 563 interisset,
2463 496 2568 551 nisi
2592 496 2719 551 illud
2743 498 3059 579 poenitentia
3085 506 3313 577 patrona
3347 517 3562 560 servas-

1989 593 2089 639 set.
2125 586 2230 640 Sed
2254 602 2350 641 cur
2366 587 2683 659 jejuuabant
2705 588 2940 644 infantes
2968 596 3023 645 et
3042 590 3303 661 iumenta,
3330 608 3559 663 quorum

1989 691 2097 731 non
2126 686 2427 746 arguuntur
2454 679 2713 747 peccata?
2734 678 3021 749 Jejunabat
3042 680 3298 749 parvulus
3326 690 3384 735 ut
3429 697 3561 736 eva-

1987 765 2141 823 deret
2183 767 2399 834 senior;
2436 768 2751 839 jejunabaut
2789 770 3136 836 innocentes,
3170 777 3231 825 ut
3265 786 3371 825 non
3419 772 3563 841 peri-

1990 868 2111 912 rent
2157 868 2470 928 peccatores
2518 872 2533 912 :
2576 873 2766 915 omnes
2815 858 3019 929 pariter
3066 860 3444 927 abstinebant,
3500 870 3565 916 ut

1988 957 2209 1019 peccata
2233 964 2352 1018 quae
2379 950 2448 1004 ab
2477 949 2744 1019 aliquibus
2764 950 3048 1004 commissa
3085 948 3318 1016 fuerant,
3353 951 3422 1006 ab
3448 965 3564 1006 om-

1990 1041 2150 1097 nibus
2188 1040 2545 1095 solverentur.
2574 1040 2652 1095 lta
2678 1047 2733 1094 et
2765 1054 2886 1104 nos,
2928 1038 3142 1106 fratres,
3180 1056 3301 1095 cum
3339 1055 3566 1096 consen-

1991 1132 2249 1187 tientibus
2280 1132 2476 1188 animis
2509 1141 2565 1187 et
2583 1133 2877 1204 couSpirati
2903 1131 3006 1188 fide
3046 1133 3342 1189 clamemus
3368 1133 3435 1188 ad
3460 1135 3565 1189 Do-

1990 1224 2196 1278 minum
2248 1225 2415 1277 Deum
2466 1231 2710 1279 nostrum
2740 1241 2754 1278 :
2783 1223 3077 1278 Adoremus
3126 1233 3178 1279 et
3231 1225 3565 1295 procidantus

1984 1322 2111 1368 ante
2148 1314 2336 1377 Deum,
2386 1315 2647 1385 ploremus
2675 1332 2852 1370 coram
2898 1316 3122 1371 Domino
3167 1316 3256 1388 qui
3298 1316 3415 1386 fecit
3448 1334 3562 1382 nos,

1986 1419 2112 1475 quia
2158 1405 2267 1475 ipse
2295 1415 2369 1459 est
2396 1405 2653 1460 Dominus
2680 1405 2822 1462 Deus
2849 1416 3019 1461 noster
3064 1404 3239 1478 (Psal.
3269 1407 3438 1480 xcw),
3474 1420 3566 1477 pa-

1994 1494 2131 1548 tiens
2150 1502 2205 1547 et
2229 1493 2455 1548 multum
2483 1496 2812 1551 misericors.
2850 1495 3143 1552 Precemur
3164 1497 3312 1552 illum
3335 1513 3460 1554 cum
3487 1497 3569 1553 la-

1991 1584 2191 1655 crymis
2236 1593 2291 1639 et
2337 1586 2560 1655 gemitu,
2610 1594 2673 1640 ut
2709 1595 3082 1651 convertatur,
3116 1596 3171 1643 et
3199 1587 3462 1658 ignoscat,
3511 1594 3569 1643 et

1991 1684 2295 1730 revertatur
2313 1688 2345 1729 a
2373 1674 2554 1731 furore
2573 1676 2668 1731 ira:
2687 1691 2817 1741 sum,
2844 1684 2897 1731 et
2920 1692 3026 1732 non
3048 1690 3349 1747 pereamus.
3372 1679 3566 1756 Igitur,

304 1773 403 1828 cit.
450 1770 545 1825 Sic
602 1768 731 1824 fecit
770 1776 958 1822 contra
1008 1766 1243 1837 primum
1301 1766 1576 1821 hominem
1621 1763 1707 1820 cui
1747 1763 1890 1817 Deus
1919 1756 1963 1816 Β
1988 1763 2208 1831 fratres,
2249 1766 2391 1834 quod
2428 1765 2584 1820 valde
2635 1765 2922 1821 dolendum
2963 1775 3064 1831 est,
3112 1768 3275 1837 aliqui
3324 1777 3565 1822 vestrum

305 1864 568 1918 dixerat:
609 1858 729 1926 Qua
769 1859 853 1913 die
879 1857 1316 1912 manducaveritis
1346 1873 1413 1911 ea:
1455 1873 1538 1922 eo,
1574 1866 1736 1910 morte
1778 1871 1891 1909 ιιιο-
1990 1870 2096 1910 ιιοιι
2145 1855 2320 1910 Solum
2359 1856 2413 1910 in
2442 1856 2527 1911 his
2563 1856 2767 1911 sanetis
2809 1857 2997 1913 diebus
3027 1859 3143 1913 haec
3169 1872 3275 1912 non
3322 1855 3566 1923 faciunt,

304 1952 519 2007 rlemini
550 1949 702 2022 (Gen.
742 1947 834 2021 n);
865 1949 1016 2003 venit
1059 1948 1308 2003 inimicus
1342 1956 1395 2003 et
1426 1949 1539 2002 ait:
1572 1946 1696 2001 Non
1728 1953 1892 2000 morte
1991 1945 2106 2013 sed,
2149 1948 2293 2017 quod
2320 1948 2475 2018 pejus
2501 1955 2604 2015 est,
2643 1961 2756 2017 prae
2778 1948 2989 2004 caeteris
3016 1950 3203 2005 diebus
3230 1950 3445 2018 turpius
3489 1950 3569 2002 vi-

308 2042 626 2106 moriemini,
654 2039 749 2095 sed
770 2038 1083 2110 aperientur
1101 2038 1243 2093 oculi
1283 2039 1472 2104 vestri,
1499 2046 1555 2093 et
1592 2039 1735 2091 eritis
1759 2037 1892 2090 sicut
1991 2046 2147 2105 vuut,
2163 2023 2476 2094 sceleratius
2496 2047 2678 2109 agunt.
2706 2038 2842 2095 Nam
2866 2040 3093 2094 cumisti
3116 2041 3230 2095 dies
3254 2038 3566 2105 adveniunt,

304 2122 387 2189 dii
423 2132 634 2204 (Ibid).
677 2130 910 2185 Dimissa
948 2138 1032 2184 est
1080 2129 1304 2184 minatiu
1335 2128 1449 2193 Dei,
1482 2135 1537 2182 et
1578 2127 1763 2182 audita
1812 2133 1896 2180 est
1994 2130 2270 2184 instruunt
2313 2128 2414 2182 sibi
2442 2129 2704 2194 convivia,
2730 2136 3037 2199 praeparant
3074 2129 3284 2194 domos,
3313 2138 3377 2184 ut
3417 2125 3572 2183 luxu-4

311 2225 602 2299 promissio
630 2222 848 2278 diaboli.
896 2220 1151 2292 Nunquid
1190 2222 1411 2291 profuit,
1452 2220 1577 2290 quia
1606 2221 1742 2275 dixit
1779 2232 1897 2274 mu—

314 2317 413 2373 lier
439 2332 454 2371 :
485 2315 711 2386 Serpens
730 2313 930 2384 decepit
955 2329 1068 2378 me;
1107 2311 1349 2381 nunquid
1387 2310 1709 2367 defendebat
1734 2322 1898 2365 excu-

309 2407 472 2471 satio,
518 2411 574 2459 et
603 2419 710 2459 non
759 2412 846 2458 est
877 2410 1062 2459 secuta
1104 2401 1412 2457 damnatio?
1453 2400 1628 2457 Nolite
1659 2402 1899 2470 recipere

310 2497 759 2569 pollicitationem
784 2493 1002 2559 diaboli,
1028 2493 1276 2562 quivere
1316 2491 1567 2546 inimicus
1586 2499 1671 2545 est
1692 2497 1895 2555 vester,

312 2588 411 2644 sed
460 2588 639 2642 audite
672 2585 845 2656 magis
898 2592 1224 2654 prmceptum
1253 2582 1453 2638 Christi
1498 2582 1590 2652 qui
1619 2596 1715 2637 vos
1746 2582 1899 2637 rede-

308 2680 440 2744 .mit,
482 2689 538 2733 et
565 2678 954 2748 sempiternum
994 2676 1147 2729 vobis
1175 2673 1323 2729 dedit
1364 2687 1607 2743 regnum.
1640 2671 1734 2728 Sic
1774 2687 1900 2742 per—

310 2771 465 2838 agite
498 2770 615 2824 dies
641 2770 773 2823 istos
815 2766 1035 2831 laetitite,
1060 2773 1120 2820 ut
1144 2765 1211 2820 ad
1236 2780 1422 2821 veram
1453 2766 1507 2819 in
1533 2764 1686 2820 ctelis
1711 2778 1902 2833 perve-

320 2861 448 2914 nire
490 2859 705 2929 possitis
742 2857 1004 2923 ltetitiam,
1036 2863 1092 2910 et
1131 2855 1439 2910 siePascha
1468 2854 1611 2909 istud
1638 2853 1898 2908 transito-

320 2954 473 3007 rium
515 2952 673 3006 modo
694 2950 974 3006 celebretis
991 2990 1006 3015 ,
1036 2948 1272 3019 qualiter
1295 2961 1418 3002 cum
1441 2945 1656 3001 Christo
1692 2956 1748 2999 et
1776 2958 1902 2999 sau-

310 3043 427 3098 ctis
454 3042 658 3111 angelis
704 3040 819 3111 ejus
862 3041 918 3095 iu
946 3048 1205 3096 aeternum
1259 3039 1564 3110 gaudeatis,
1610 3043 1901 3108 praestante

1992 2219 2074 2273 ria
2125 2218 2181 2298 in
2227 2216 2307 2272 eis
2345 2217 2652 2289 diligentius
2687 2228 3032 2285 exerceatur;
3065 2228 3119 2274 et
3158 2235 3264 2275 non
3305 2221 3359 2274 in
3398 2220 3572 2275 saccis

1995 2326 2171 2382 neque
2190 2313 2243 2366 in
2273 2310 2485 2383 lugubri
2514 2312 2718 2377 habitu,
2753 2314 2847 2367 sed
2874 2321 3074 2382 compti
3109 2320 3164 2367 et
3186 2313 3362 2369 ornati
3389 2313 3442 2366 in
3468 2328 3571 2382 pu-

1998 2403 2199 2459 blicum
2242 2402 2347 2457 viri
2398 2401 2720 2473 feminasque
2763 2404 3092 2472 procedunt,
3121 2406 3272 2474 quasi
3301 2404 3417 2459 dies
3466 2404 3576 2458 sint

1996 2496 2196 2551 laetitiae
2222 2506 2279 2549 et
2298 2509 2405 2549 non
2429 2494 2600 2564 magis
2630 2494 2978 2563 pmniteuthe.
3009 2494 3142 2549 Cum
3172 2503 3347 2549 autem
3376 2502 3576 2566 sanctte

1997 2600 2188 2642 cruces
2232 2592 2289 2640 et
2314 2593 2628 2640 sanctorum
2677 2583 2919 2653 reliquias
2966 2599 3089 2638 cum
3136 2584 3339 2638 litaniis
3369 2599 3398 2637 a
3430 2584 3580 2639 clero

1999 2683 2353 2747 exportantur
2376 2715 2392 2741 ,
2453 2676 2556 2747 ipsi
2600 2689 2708 2731 non
2753 2675 3010 2731 insistunt
3057 2676 3342 2745 precibus,
3402 2688 3581 2744 neque

1998 2778 2299 2840 sequuntur
2349 2768 2606 2825 vexillum
2655 2776 2855 2823 sanctae
2912 2769 3091 2823 crucis
3131 2783 3253 2822 cum
3292 2760 3577 2831 laudibus,

2000 2864 2096 2919 sed
2140 2877 2302 2933 super
2344 2861 2653 2933 phaleratos
2704 2861 2955 2916 resiliunt
3013 2874 3180 2929 equos
3207 2900 3222 2925 ,
3270 2860 3580 2915 discurrunt

2000 2968 2099 3023 per
2119 2967 2363 3024 campos,
2404 2967 2499 3007 ora
2531 2951 2828 3006 dissolvunt
2878 2951 3009 3013 risu,
3058 2950 3482 3019 alterutrumque
3526 2962 3585 3003 se

2003 3060 2341 3117 praecurrere
2388 3044 2645 3114 gestiunt,
2679 3042 2736 3096 in
2782 3041 2951 3096 altum
2997 3041 3289 3097 clamorem
3323 3055 3443 3095 cum
3490 3028 3585 3093 cai-

310 3136 439 3205 ips‘o
468 3098 828 3204 Redemptum
870 3143 1078 3197 nostro.
1126 3134 1220 3203 qui
1260 3098 1386 3189 cum
1412 3133 1574 3187 Patre
1601 3141 1657 3186 et
1694 3130 1902 3201 Spiritu
1929 3098 1973 3162 Ο
2003 3098 2205 3193 chinuo
2231 3098 2516 3197 extollunt,
2560 3098 2769 3186 et'uou
2808 3130 2979 3185 solum
3029 3129 3145 3184 haec
3193 3126 3441 3182 faciendo
3486 3124 3587 3196 ipsi

315 3237 512 3285 sancto
540 3227 675 3281 vivit
698 3234 755 3281 et
775 3234 968 3297 regnat
989 3225 1152 3291 Deus,
1180 3239 1276 3295 per
1303 3224 1486 3281 omnia
1516 3223 1713 3280 saecula
1734 3237 1904 3279 saecu-

312 3321 517 3378 lorum.
556 3319 750 3375 Amen.
1234 3354 1237 3355 ν

880 3389 1163 3446 HOMlLlA
1201 3388 1344 3444 XIX.

608 3530 611 3533 .
936 3498 990 3537 ΙΝ
1028 3497 1281 3537 ιιτΑΝιιε.

397 3574 643 3644 Oportet,
694 3571 891 3627 fratres
935 3572 1275 3636 charissimi,
1324 3580 1383 3626 ut
1423 3582 1720 3628 conventus
1754 3573 1907 3628 istius

318 3680 548 3721 causam
584 3679 692 3719 non
738 3664 1021 3734 ignoretis,
1051 3678 1178 3734 quo,
1204 3665 1499 3720 secundum
1521 3674 1733 3736 patrum
1773 3679 1910 3735 pne-

327 3757 638 3813 ccdentium
650 3756 966 3821 constituta,
988 3770 1178 3812 omnes
1207 3757 1261 3811 in
1285 3771 1451 3810 unum
1476 3756 1576 3810 viri
1600 3766 1656 3810 et
1678 3755 1907 3821 feminae,

321 3848 483 3919 pueri
523 3854 581 3902 et
616 3861 795 3911 senes,
830 3846 1184 3902 convenistis.
1224 3845 1307 3900 Ad
1356 3834 1751 3901 conciliandum
1784 3861 1912 3917 ergo

329 3938 488 3994 nobis
539 3936 635 3991 Dei
687 3935 1115 3991 misericordiam
1165 3943 1376 4006 tempus
1408 3943 1494 3990 est
1531 3943 1910 4011 opportunum,

331 4037 393 4083 nt
420 4042 517 4098 per
546 4025 754 4096 jejunia
792 4033 849 4080 et
887 4025 1298 4095 castigationem
1322 4024 1582 4094 corporis,
1605 4040 1702 4094 per
1726 4040 1914 4095 preces

326 4129 389 4174 et
427 4116 896 4187 compunctionem
930 4116 1111 4170 cordis
1155 4116 1529 4171 remissionem
1573 4124 1915 4184 peccatorum

331 4219 671 4275 nostrorum,
699 4214 756 4262 et
796 4207 1027 4279 gratiam
1073 4207 1128 4262 in
1174 4215 1464 4278 conspectu
1518 4205 1636 4276 ejus
1677 4208 1920 4264 invenire

332 4315 663 4356 mereamur.
711 4299 963 4370 Legimus
994 4299 1139 4354 enim
1184 4299 1241 4354 in
1295 4299 1572 4370 prophetis
1623 4300 1750 4369 quia
1795 4314 1920 4355 cum

334 4393 531 4449 Ninive
577 4393 786 4448 civitati
836 4393 1118 4449 subversio
1160 4392 1419 4448 divinitus
1469 4392 1816 4458 immineret,
1865 4400 1922 4447 et

334 4482 487 4555 juxta
516 4483 844 4541 sententiam
871 4483 1083 4537 Domini
1109 4482 1257 4555 (Jan.
1299 4482 1405 4554 ιιι),
1435 4484 1748 4540 destruendi
1770 4484 1917 4539 illam
1946 4463 1998 4522 Ῑ)

339 4586 554 4646 tempus
595 4575 893 4645 ingrueret,
932 4573 1289 4629 consistentes
1315 4574 1370 4629 iu
1415 4590 1479 4630 ea
1509 4575 1655 4630 aliud
1683 4590 1791 4631 non
1817 4575 1919 4630 ha-

340 4668 525 4725 buisse
559 4665 869 4737 pmsidium
912 4664 1018 4719 nisi
1062 4672 1155 4730 ut,
1191 4665 1418 4735 abjectis
1457 4666 1689 4736 copiosis
1717 4666 1919 4737 epulis,

335 4754 542 4826 jejuuia
596 4753 909 4810 continuata
957 4754 1313 4824 susciperent,
1358 4763 1415 4810 et
1454 4755 1764 4812 divitiarum
1810 4771 1924 4811 am-

342 4850 552 4911 bitione
591 4847 856 4917 deposita,
898 4847 1257 4905 humilitatem
1300 4863 1363 4905 se
1386 4851 1717 4919 paupertatis
1747 4850 1929 4906 indue-

345 4940 502 4997 rent?
529 4938 758 5008 scilicet,
782 4946 841 4994 ut
868 4939 1379 5015 exinderemedium
1411 4940 1752 5011 perciperent
1786 4940 1929 4997 unde

346 5032 437 5087 bis
454 5030 686 5099 perditio
701 5029 1051 5100 contingebat
1069 5046 1085 5098 ;
1109 5031 1213 5085 hoc
1238 5041 1342 5096 est,
1361 5039 1422 5088 ut
1445 5032 1581 5087 iram
1600 5031 1927 5100 Divinitatis,

348 5119 885 5193 quamluxuriando
930 5130 1375 5191 provocaveraut,
1410 5122 1752 5181 abstinendo
1796 5123 1932 5183 leui-

352 5218 586 5283 rent,.et
606 5209 865 5275 offensam
893 5227 1057 5282 quam
1086 5212 1141 5269 in
1169 5215 1539 5284 eosxsuperbia
1563 5224 1927 5282 contraxerat,

354 5304 636 5373 humilitas
658 5303 947 5375 mitigaret.
972 5304 1182 5361 Dicitur
1206 5306 1365 5361 enim.
1391 5307 1444 5363 in
1472 5306 1561 5362 illa
1591 5306 1935 5367 tribulatione

258 5384 269 5393 ’
357 5397 472 5467 ipse
501 5410 600 5452 rex
623 5394 869 5466 deposita
892 5396 1157 5466 imperiali
1175 5412 1432 5468 purpura,
1456 5398 1622 5469 regali
1636 5399 1937 5455 ambitione

360 5490 634 5553 submota,
671 5489 912 5549 membra
934 5503 1055 5545 sua
1094 5489 1273 5547 cilicio
1311 5490 1656 5561 praeclusisse
1686 5500 1849 5561 atque
1881 5491 1936 5547 in

361 5595 522 5637 sacco
546 5585 602 5636 et
625 5578 808 5635 cinere
827 5593 887 5637 se
911 5579 1102 5639 diebus
1125 5596 1191 5638 ac
1213 5583 1462 5640 motibus
1500 5581 1794 5646 volutasse,
1826 5582 1936 5637 ho-

364 5671 538 5731 mines
571 5678 627 5726 et
645 5668 885 5740 iumenta
914 5673 1117 5744 pariter
1150 5674 1446 5746 jejunassc,
1477 5683 1640 5744 atque
1664 5675 1729 5730 ad
1770 5674 1937 5731 Deum

2006 3227 2223 3283 inutiles
2267 3226 2425 3289 fiunt,
2470 3222 2566 3278 sed
2609 3222 2775 3276 etiam
2812 3221 2947 3275 alios
2989 3220 3057 3274 ab
3107 3217 3409 3272 intentione
3458 3220 3586 3288 pre-

2005 3330 2130 3374 cum
2172 3315 2471 3386 impediunt
2504 3331 2518 3367 :
2547 3308 2837 3383 postquam
2881 3318 3062 3364 autem
3092 3310 3312 3364 domum
3344 3306 3590 3372 veniunt,

2008 3416 2309 3466 convocant
2352 3406 2419 3460 ad
2462 3403 2771 3460 convivium
2814 3416 2924 3456 non
2976 3414 3262 3470 pauperes,
3291 3396 3377 3453 vel
3419 3401 3594 3452 caecos

2009 3511 2102 3555 aut
2145 3498 2347 3555 debiles
2369 3538 2384 3562 ,
2441 3495 2738 3551 secundum
2791 3499 3120 3562 praeceptum
3165 3487 3376 3544 Domini
3434 3486 3595 3561 (Luc.

2008 3592 2147 3663 xiv),
2183 3590 2281 3646 sed
2308 3588 2517 3643 vicinos
2549 3600 2613 3641 ac
2649 3583 2861 3639 sodales
2899 3596 3025 3637 suos
3062 3581 3154 3651 qui
3200 3581 3309 3636 sint
3352 3579 3592 3649 ejusdem

2010 3683 2122 3737 voti
2159 3689 2319 3750 atque
2359 3676 2601 3749 ejusdem
2641 3674 2804 3730 studii
2846 3692 2859 3727 :
2897 3680 3094 3728 vacant
3130 3671 3303 3741 epulis
3344 3669 3593 3725 student—

2013 3780 2117 3843 que
2135 3770 2395 3828 calicibus
2414 3767 2728 3838 epotandis;
2755 3763 3043 3835 acquirunt
3053 3763 3099 3818 si
3120 3769 3343 3833 possunt
3369 3761 3598 3816 musico-

2013 3870 2133 3919 rum
2154 3863 2533 3923 instrumenta,
2557 3864 2890 3927 tympanum,
2914 3854 3199 3916 citharam,
3224 3852 3414 3907 tibiam
3439 3859 3496 3906 et
3520 3849 3600 3922 ly-

2015 3968 2154 4008 ram.
2180 3950 2329 4005 lnter
2355 3963 2474 4018 qua:
2502 3947 2667 4001 nimia
2702 3943 2918 4014 pocula,
2942 3951 3163 3999 cantant
3197 3944 3439 3999 carmina
3487 3942 3598 3997 dae-

2017 4056 2239 4098 monum
2266 4047 2386 4094 arte
2412 4037 2660 4093 confecta
2679 4077 2692 4101 ,
2724 4037 2911 4103 sicque
2932 4035 3269 4089 diem‘totum
3296 4044 3417 4088 cum
3439 4040 3600 4087 nocte

2018 4138 2370 4189 consumunt.
2408 4127 2535 4185 llam
2570 4143 2720 4199 ergo,
2749 4126 2967 4191 fratres,
3005 4125 3134 4196 quid
3162 4130 3289 4180 sunt
3318 4122 3464 4179 aliud
3498 4123 3604 4178 nisi

2019 4221 2228 4291 antiqui
2242 4219 2417 4276 hostis
2432 4218 2866 4273 machinamenta
2880 4230 2943 4270 ac
2955 4215 3257 4270 daemonum
3272 4212 3608 4277 ludibria,se-

2024 4314 2207 4385 parari
2229 4328 2259 4367 a
2284 4312 2396 4368 Deo
2420 4319 2475 4366 et
2496 4308 2751 4379 conjungi
2778 4306 3014 4373 diabolo,
3042 4302 3244 4378 privari
3268 4307 3376 4361 vita
3397 4314 3453 4360 et
3476 4320 3608 4361 cou-

2023 4405 2164 4461 sumi
2207 4409 2401 4467 morte,
2434 4415 2624 4456 carere
2659 4399 2797 4456 coelo
2819 4407 2874 4455 et
2907 4397 3114 4454 retrudi
3153 4396 3209 4451 in
3241 4395 3488 4452 inferno?
3515 4394 3605 4451 isti

2024 4495 2169 4551 enim
2180 4535 2195 4559 ,
2210 4493 2507 4549 secundum
2523 4491 2858 4562 Apostolum,
2875 4502 2981 4544 non
2999 4487 3243 4544 serviunt
3256 4484 3387 4552 Deo,
3401 4486 3496 4543 sed
3510 4502 3605 4542 suo

2021 4588 2197 4644 ventri
2213 4603 2228 4652 ;
2256 4602 2362 4642 non
2377 4584 2612 4648 Christo,
2628 4582 2720 4639 sed
2736 4581 2921 4636 Belial.
2937 4579 3175 4636 Obsecro
3188 4584 3366 4634 autem
3378 4577 3610 4644 vos,fra-

2026 4689 2160 4744 tres,
2177 4687 2237 4732 ut
2262 4677 2449 4731 talium
2473 4688 2650 4729 mores
2672 4682 2726 4729 et
2752 4673 3025 4727 consortia
3041 4669 3288 4726 devitetis
3308 4677 3364 4725 et
3391 4669 3436 4724 si
3462 4683 3555 4724 eos
3578 4684 3610 4722 a

2028 4770 2227 4826 talibus
2251 4766 2470 4839 ineptiis
2492 4764 2805 4820 abstrahere
2826 4762 3067 4834 possitis,
3102 4759 3370 4831 satagite;
3402 4760 3485 4815 sin
3517 4774 3614 4813 au-

2033 4869 2165 4925 tem,
2194 4864 2383 4914 cavete
2407 4870 2476 4910 ne
2492 4870 2615 4911 cum
2638 4853 2834 4908 talibus
2859 4853 3117 4924 pereatis,
3144 4849 3260 4906 dies
3280 4847 3424 4904 enim
3451 4846 3614 4903 modo

2035 4945 2464 5019 compunctionis
2503 4951 2559 4998 et
2599 4942 2933 5014 pmuitcntire
2975 4939 3333 4997 celebramus.
3376 4937 3446 4993 Et
3488 4936 3615 4991 licet

2033 5039 2181 5096 omni
2220 5046 2464 5105 tempore
2486 5075 2504 5102 ,
2555 5034 2753 5089 fratres
2792 5032 3131 5098 eharissimi,
3174 5029 3331 5087 nobis
3367 5035 3616 5099 oporteat

2037 5131 2133 5188 Dei
2167 5126 2597 5185 misericordiam
2637 5138 2868 5195 corpore
2913 5123 3149 5178 contrito
3173 5131 3231 5179 et
3265 5121 3428 5177 corde
3467 5135 3617 5176 com-

2035 5232 2235 5294 puncto
2257 5219 2554 5290 requirere,
2585 5226 2641 5273 et
2662 5217 2731 5271 ab
2746 5216 2838 5271 illo
2862 5208 3616 5284 iudulgentiampeccatorum

2039 5313 2271 5369 fideliter
2301 5309 2576 5381 postulare
2615 5325 2629 5362 :
2670 5321 2814 5362 nunc
2861 5313 3042 5359 tamen
3084 5310 3307 5374 propter
3332 5302 3620 5357 imminen-

2037 5411 2144 5458 tem
2176 5398 2415 5472 peccatis
2450 5398 2674 5467 nostris
2692 5396 2929 5451 debitam
2968 5401 3023 5450 et
3055 5393 3429 5465 gravissimam
3458 5391 3620 5446 sicci-

2038 5501 2225 5556 tatem,
2256 5488 2656 5545 infestationem
2681 5498 3041 5557 pagauorum,
3068 5489 3232 5552 atque
3256 5479 3618 5551 pestilentiam

2037 5584 2159 5640 cum
2189 5580 2539 5643 mortalitate,
2568 5576 2779 5648 ingenti
2806 5575 2985 5647 rugitu
3013 5573 3099 5630 vel
3133 5572 3357 5644 gemitu,
3383 5564 3619 5624 assiduis

2038 5673 2373 5730 orationibus
2423 5679 2480 5726 et
2530 5666 2854 5729 largioribus
2909 5662 3263 5735 eleemosynis
3284 5703 3300 5733 ,
3358 5662 3614 5720 debemus
