  <div class='ocr_page' id='page_1' title='image "/cluster/home/n/w/nwhite01/storage/ocr_20150623/110/hvd.32044015466865/027.png"; bbox 0 0 4036 6370; ppageno 0'>
   <div class='ocr_carea' id='block_1_1' title="bbox 522 293 3104 365">
    <p class='ocr_par' dir='ltr' id='par_1_1' title="bbox 522 293 3104 365">
     <span class='ocr_line' id='line_1_1' title="bbox 522 293 3104 365; baseline -0.005 0"><span class='ocrx_word' id='word_1_1' title='bbox 522 308 594 365; x_wconf 71' lang='lat'><strong>39</strong></span> <span class='ocrx_word' id='word_1_2' title='bbox 1157 302 1222 356; x_wconf 87' lang='grc' dir='ltr'><strong>Β.</strong></span> <span class='ocrx_word' id='word_1_3' title='bbox 1259 299 1511 356; x_wconf 74' lang='lat' dir='ltr'><strong>RABANI</strong></span> <span class='ocrx_word' id='word_1_4' title='bbox 1549 297 1766 355; x_wconf 77' lang='lat' dir='ltr'><strong>MAURI</strong></span> <span class='ocrx_word' id='word_1_5' title='bbox 1803 295 2121 353; x_wconf 76' lang='lat' dir='ltr'><strong>ARCHIEP.</strong></span> <span class='ocrx_word' id='word_1_6' title='bbox 2163 293 2471 354; x_wconf 79' lang='lat' dir='ltr'><strong>MOGUNT.</strong></span> <span class='ocrx_word' id='word_1_7' title='bbox 2503 295 2788 354; x_wconf 76' lang='lat' dir='ltr'><strong>OPERUM</strong></span> <span class='ocrx_word' id='word_1_8' title='bbox 2823 295 3003 355; x_wconf 81' lang='lat' dir='ltr'><strong>PARS</strong></span> <span class='ocrx_word' id='word_1_9' title='bbox 3040 297 3104 354; x_wconf 87' lang='grc' dir='ltr'><strong>ΙΙ.</strong></span> 
     </span>
    </p>
   </div>
   <div class='ocr_carea' id='block_1_2' title="bbox 3705 303 3782 363">
    <p class='ocr_par' dir='ltr' id='par_1_2' title="bbox 3705 303 3782 363">
     <span class='ocr_line' id='line_1_2' title="bbox 3705 303 3782 363; baseline 0 -3"><span class='ocrx_word' id='word_1_10' title='bbox 3705 303 3782 363; x_wconf 72' lang='grc' dir='ltr'>ω</span> 
     </span>
    </p>
   </div>
   <div class='ocr_carea' id='block_1_3' title="bbox 524 409 3779 488">
    <p class='ocr_par' dir='ltr' id='par_1_3' title="bbox 524 409 3779 488">
     <span class='ocr_line' id='line_1_3' title="bbox 524 409 3779 488; baseline 0 -16"><span class='ocrx_word' id='word_1_11' title='bbox 524 427 618 484; x_wconf 73' lang='lat' dir='ltr'><strong>Dei</strong></span> <span class='ocrx_word' id='word_1_12' title='bbox 647 421 1068 482; x_wconf 85' lang='lat' dir='ltr'><strong>misericordiam</strong></span> <span class='ocrx_word' id='word_1_13' title='bbox 1105 417 1412 488; x_wconf 79' lang='lat' dir='ltr'><strong>implorare,</strong></span> <span class='ocrx_word' id='word_1_14' title='bbox 1439 423 1500 470; x_wconf 91' lang='lat' dir='ltr'><strong>ut</strong></span> <span class='ocrx_word' id='word_1_15' title='bbox 1529 415 1643 486; x_wconf 81' lang='lat' dir='ltr'><strong>ipse</strong></span> <span class='ocrx_word' id='word_1_16' title='bbox 1667 413 1822 469; x_wconf 90' lang='lat' dir='ltr'><strong>nobis</strong></span> <span class='ocrx_word' id='word_1_17' title='bbox 1843 420 1898 468; x_wconf 93' lang='lat' dir='ltr'><strong>et</strong></span> <span class='ocrx_word' id='word_1_18' title='bbox 1923 413 2090 466; x_wconf 91' lang='lat' dir='ltr'><strong>bene-</strong></span> <span class='ocrx_word' id='word_1_19' title='bbox 2117 413 2168 473; x_wconf 78' lang='grc' dir='ltr'><strong>Α</strong></span> <span class='ocrx_word' id='word_1_20' title='bbox 2195 409 2432 475; x_wconf 87' lang='lat' dir='ltr'><strong>diantur,</strong></span> <span class='ocrx_word' id='word_1_21' title='bbox 2459 409 2585 480; x_wconf 91' lang='lat' dir='ltr'><strong>quia</strong></span> <span class='ocrx_word' id='word_1_22' title='bbox 2621 409 2935 465; x_wconf 66' lang='lat' dir='ltr'><strong>exercendae</strong></span> <span class='ocrx_word' id='word_1_23' title='bbox 2971 410 3167 480; x_wconf 80' lang='lat' dir='ltr'><strong>lingua:</strong></span> <span class='ocrx_word' id='word_1_24' title='bbox 3193 410 3396 481; x_wconf 92' lang='lat' dir='ltr'><strong>potius,</strong></span> <span class='ocrx_word' id='word_1_25' title='bbox 3422 425 3584 483; x_wconf 87' lang='lat' dir='ltr'><strong>quam</strong></span> <span class='ocrx_word' id='word_1_26' title='bbox 3618 431 3779 473; x_wconf 89' lang='lat' dir='ltr'><strong>mun-</strong></span> 
     </span>
    </p>
   </div>
   <div class='ocr_carea' id='block_1_4' title="bbox 523 505 2096 584">
    <p class='ocr_par' dir='ltr' id='par_1_4' title="bbox 523 505 2096 584">
     <span class='ocr_line' id='line_1_4' title="bbox 523 505 2096 584; baseline -0.008 -12"><span class='ocrx_word' id='word_1_27' title='bbox 523 517 812 572; x_wconf 89' lang='lat' dir='ltr'><strong>dietionem</strong></span> <span class='ocrx_word' id='word_1_28' title='bbox 849 527 1113 584; x_wconf 85' lang='lat' dir='ltr'><strong>aquarum</strong></span> <span class='ocrx_word' id='word_1_29' title='bbox 1155 510 1456 566; x_wconf 62' lang='lat' dir='ltr'><strong>caelestium</strong></span> <span class='ocrx_word' id='word_1_30' title='bbox 1489 509 1710 572; x_wconf 76' lang='lat' dir='ltr'><strong>tribuat,</strong></span> <span class='ocrx_word' id='word_1_31' title='bbox 1751 521 1937 577; x_wconf 91' lang='lat' dir='ltr'><strong>pacem</strong></span> <span class='ocrx_word' id='word_1_32' title='bbox 1975 505 2096 560; x_wconf 85' lang='lat' dir='ltr'><strong>red-</strong></span> 
     </span>
    </p>
   </div>
   <div class='ocr_carea' id='block_1_5' title="bbox 519 596 2094 673">
    <p class='ocr_par' dir='ltr' id='par_1_5' title="bbox 519 596 2094 673">
     <span class='ocr_line' id='line_1_5' title="bbox 519 596 2094 673; baseline -0.008 -13"><span class='ocrx_word' id='word_1_33' title='bbox 519 607 650 661; x_wconf 88' lang='lat' dir='ltr'><strong>dere</strong></span> <span class='ocrx_word' id='word_1_34' title='bbox 700 602 971 673; x_wconf 78' lang='lat' dir='ltr'><strong>dignetui&#39;,</strong></span> <span class='ocrx_word' id='word_1_35' title='bbox 1018 609 1361 671; x_wconf 77' lang='lat' dir='ltr'><strong>peccatorum</strong></span> <span class='ocrx_word' id='word_1_36' title='bbox 1412 597 1798 668; x_wconf 77' lang='lat' dir='ltr'><strong>indulgentiam</strong></span> <span class='ocrx_word' id='word_1_37' title='bbox 1843 596 1990 658; x_wconf 91' lang='lat' dir='ltr'><strong>dare,</strong></span> <span class='ocrx_word' id='word_1_38' title='bbox 2040 603 2094 649; x_wconf 92' lang='lat' dir='ltr'><strong>et</strong></span> 
     </span>
    </p>
   </div>
   <div class='ocr_carea' id='block_1_6' title="bbox 519 686 2094 767">
    <p class='ocr_par' dir='ltr' id='par_1_6' title="bbox 519 686 2094 767">
     <span class='ocr_line' id='line_1_6' title="bbox 519 686 2094 767; baseline -0.007 -16"><span class='ocrx_word' id='word_1_39' title='bbox 519 710 776 767; x_wconf 86' lang='lat' dir='ltr'><strong>prospera</strong></span> <span class='ocrx_word' id='word_1_40' title='bbox 805 694 1051 764; x_wconf 85' lang='lat' dir='ltr'><strong>dignetur</strong></span> <span class='ocrx_word' id='word_1_41' title='bbox 1088 706 1184 761; x_wconf 92' lang='lat' dir='ltr'><strong>pro</strong></span> <span class='ocrx_word' id='word_1_42' title='bbox 1211 705 1304 744; x_wconf 89' lang='lat' dir='ltr'><strong>sua</strong></span> <span class='ocrx_word' id='word_1_43' title='bbox 1335 689 1534 758; x_wconf 85' lang='lat' dir='ltr'><strong>pietate</strong></span> <span class='ocrx_word' id='word_1_44' title='bbox 1565 687 1880 743; x_wconf 87' lang='lat' dir='ltr'><strong>concedere.</strong></span> <span class='ocrx_word' id='word_1_45' title='bbox 1921 686 1978 740; x_wconf 87' lang='lat' dir='ltr'><strong>In</strong></span> <span class='ocrx_word' id='word_1_46' title='bbox 2011 687 2094 741; x_wconf 89' lang='lat' dir='ltr'><strong>his</strong></span> 
     </span>
    </p>
   </div>
   <div class='ocr_carea' id='block_1_7' title="bbox 518 779 2090 855">
    <p class='ocr_par' dir='ltr' id='par_1_7' title="bbox 518 779 2090 855">
     <span class='ocr_line' id='line_1_7' title="bbox 518 779 2090 855; baseline -0.005 -16"><span class='ocrx_word' id='word_1_47' title='bbox 518 786 790 855; x_wconf 68' lang='lat' dir='ltr'><strong>praecipue</strong></span> <span class='ocrx_word' id='word_1_48' title='bbox 821 783 1040 845; x_wconf 89' lang='lat' dir='ltr'><strong>diebus,</strong></span> <span class='ocrx_word' id='word_1_49' title='bbox 1073 781 1262 835; x_wconf 89' lang='lat' dir='ltr'><strong>otiosis</strong></span> <span class='ocrx_word' id='word_1_50' title='bbox 1291 780 1484 835; x_wconf 89' lang='lat' dir='ltr'><strong>fabulis</strong></span> <span class='ocrx_word' id='word_1_51' title='bbox 1511 780 1670 834; x_wconf 84' lang='lat' dir='ltr'><strong>finem</strong></span> <span class='ocrx_word' id='word_1_52' title='bbox 1697 793 1957 834; x_wconf 85' lang='lat' dir='ltr'><strong>conemur</strong></span> <span class='ocrx_word' id='word_1_53' title='bbox 1987 779 2090 832; x_wconf 92' lang='lat' dir='ltr'><strong>im-</strong></span> 
     </span>
    </p>
   </div>
   <div class='ocr_carea' id='block_1_8' title="bbox 515 872 2093 946">
    <p class='ocr_par' dir='ltr' id='par_1_8' title="bbox 515 872 2093 946">
     <span class='ocr_line' id='line_1_8' title="bbox 515 872 2093 946; baseline -0.003 -16"><span class='ocrx_word' id='word_1_54' title='bbox 515 891 738 946; x_wconf 88' lang='lat' dir='ltr'><strong>ponere,</strong></span> <span class='ocrx_word' id='word_1_55' title='bbox 783 884 838 931; x_wconf 91' lang='lat' dir='ltr'><strong>et</strong></span> <span class='ocrx_word' id='word_1_56' title='bbox 865 883 1124 944; x_wconf 90' lang='lat' dir='ltr'><strong>quantum</strong></span> <span class='ocrx_word' id='word_1_57' title='bbox 1157 874 1300 928; x_wconf 88' lang='lat' dir='ltr'><strong>vires</strong></span> <span class='ocrx_word' id='word_1_58' title='bbox 1341 882 1650 941; x_wconf 80' lang='lat' dir='ltr'><strong>suppetunt,</strong></span> <span class='ocrx_word' id='word_1_59' title='bbox 1691 887 1848 927; x_wconf 90' lang='lat' dir='ltr'><strong>orare</strong></span> <span class='ocrx_word' id='word_1_60' title='bbox 1875 872 2093 927; x_wconf 86' lang='lat' dir='ltr'><strong>studea-</strong></span> 
     </span>
    </p>
   </div>
   <div class='ocr_carea' id='block_1_9' title="bbox 519 964 2089 1035">
    <p class='ocr_par' dir='ltr' id='par_1_9' title="bbox 519 964 2089 1035">
     <span class='ocr_line' id='line_1_9' title="bbox 519 964 2089 1035; baseline -0.003 -14"><span class='ocrx_word' id='word_1_61' title='bbox 519 982 640 1021; x_wconf 90' lang='lat' dir='ltr'><strong>mus</strong></span> <span class='ocrx_word' id='word_1_62' title='bbox 667 974 721 1021; x_wconf 90' lang='lat' dir='ltr'><strong>et</strong></span> <span class='ocrx_word' id='word_1_63' title='bbox 753 965 1002 1035; x_wconf 84' lang='lat' dir='ltr'><strong>psallere,</strong></span> <span class='ocrx_word' id='word_1_64' title='bbox 1049 965 1229 1018; x_wconf 91' lang='lat' dir='ltr'><strong>sobrio</strong></span> <span class='ocrx_word' id='word_1_65' title='bbox 1274 964 1419 1019; x_wconf 88' lang='lat' dir='ltr'><strong>victu</strong></span> <span class='ocrx_word' id='word_1_66' title='bbox 1464 964 1676 1029; x_wconf 85' lang='lat' dir='ltr'><strong>vivere;</strong></span> <span class='ocrx_word' id='word_1_67' title='bbox 1721 971 1775 1017; x_wconf 91' lang='lat' dir='ltr'><strong>et</strong></span> <span class='ocrx_word' id='word_1_68' title='bbox 1807 964 1850 1018; x_wconf 89' lang='lat' dir='ltr'><strong>si</strong></span> <span class='ocrx_word' id='word_1_69' title='bbox 1904 978 2089 1033; x_wconf 87' lang='lat' dir='ltr'><strong>pacem</strong></span> 
     </span>
    </p>
   </div>
   <div class='ocr_carea' id='block_1_10' title="bbox 519 1056 2090 1130">
    <p class='ocr_par' dir='ltr' id='par_1_10' title="bbox 519 1056 2090 1130">
     <span class='ocr_line' id='line_1_10' title="bbox 519 1056 2090 1130; baseline -0.002 -16"><span class='ocrx_word' id='word_1_70' title='bbox 519 1069 821 1130; x_wconf 89' lang='lat' dir='ltr'><strong>temporum</strong></span> <span class='ocrx_word' id='word_1_71' title='bbox 853 1058 1223 1113; x_wconf 87' lang='lat' dir='ltr'><strong>desideramus</strong></span> <span class='ocrx_word' id='word_1_72' title='bbox 1257 1058 1658 1127; x_wconf 87' lang='lat' dir='ltr'><strong>accipere,.non</strong></span> <span class='ocrx_word' id='word_1_73' title='bbox 1691 1056 2090 1111; x_wconf 90' lang='lat' dir='ltr'><strong>dissimulemus</strong></span> 
     </span>
    </p>
   </div>
   <div class='ocr_carea' id='block_1_11' title="bbox 514 1148 2089 1220">
    <p class='ocr_par' dir='ltr' id='par_1_11' title="bbox 514 1148 2089 1220">
     <span class='ocr_line' id='line_1_11' title="bbox 514 1148 2089 1220; baseline -0.001 -16"><span class='ocrx_word' id='word_1_74' title='bbox 514 1164 703 1220; x_wconf 86' lang='lat' dir='ltr'><strong>pacem</strong></span> <span class='ocrx_word' id='word_1_75' title='bbox 728 1163 850 1203; x_wconf 91' lang='lat' dir='ltr'><strong>cum</strong></span> <span class='ocrx_word' id='word_1_76' title='bbox 866 1149 1406 1218; x_wconf 80' lang='lat' dir='ltr'><strong>proximiseustodire</strong></span> <span class='ocrx_word' id='word_1_77' title='bbox 1432 1166 1444 1201; x_wconf 91' lang='lat'><strong>:</strong></span> <span class='ocrx_word' id='word_1_78' title='bbox 1475 1158 1661 1204; x_wconf 89' lang='lat' dir='ltr'><strong>contra</strong></span> <span class='ocrx_word' id='word_1_79' title='bbox 1686 1148 1886 1202; x_wconf 90' lang='lat' dir='ltr'><strong>nullum</strong></span> <span class='ocrx_word' id='word_1_80' title='bbox 1918 1149 2089 1202; x_wconf 91' lang='lat' dir='ltr'><strong>homi-</strong></span> 
     </span>
    </p>
   </div>
   <div class='ocr_carea' id='block_1_12' title="bbox 513 1240 2090 1310">
    <p class='ocr_par' dir='ltr' id='par_1_12' title="bbox 513 1240 2090 1310">
     <span class='ocr_line' id='line_1_12' title="bbox 513 1240 2090 1310; baseline 0 -16"><span class='ocrx_word' id='word_1_81' title='bbox 513 1256 638 1296; x_wconf 91' lang='lat' dir='ltr'><strong>nem</strong></span> <span class='ocrx_word' id='word_1_82' title='bbox 661 1240 916 1294; x_wconf 68' lang='lat' dir='ltr'><strong>desazviat</strong></span> <span class='ocrx_word' id='word_1_83' title='bbox 937 1241 1015 1294; x_wconf 88' lang='lat' dir='ltr'><strong>ira</strong></span> <span class='ocrx_word' id='word_1_84' title='bbox 1036 1248 1242 1304; x_wconf 89' lang='lat' dir='ltr'><strong>nostra,</strong></span> <span class='ocrx_word' id='word_1_85' title='bbox 1273 1248 1328 1294; x_wconf 91' lang='lat' dir='ltr'><strong>et</strong></span> <span class='ocrx_word' id='word_1_86' title='bbox 1342 1240 1451 1310; x_wconf 84' lang='lat' dir='ltr'><strong>cito</strong></span> <span class='ocrx_word' id='word_1_87' title='bbox 1467 1256 1495 1293; x_wconf 91' lang='lat' dir='ltr'><strong>a</strong></span> <span class='ocrx_word' id='word_1_88' title='bbox 1515 1240 1670 1295; x_wconf 89' lang='lat' dir='ltr'><strong>nobis</strong></span> <span class='ocrx_word' id='word_1_89' title='bbox 1695 1240 1926 1295; x_wconf 82' lang='lat' dir='ltr'><strong>cessabit</strong></span> <span class='ocrx_word' id='word_1_90' title='bbox 1951 1240 2090 1294; x_wconf 86' lang='lat' dir='ltr'><strong>indi-</strong></span> 
     </span>
    </p>
   </div>
   <div class='ocr_carea' id='block_1_13' title="bbox 513 1328 2087 1400">
    <p class='ocr_par' dir='ltr' id='par_1_13' title="bbox 513 1328 2087 1400">
     <span class='ocr_line' id='line_1_13' title="bbox 513 1328 2087 1400; baseline 0.001 -16"><span class='ocrx_word' id='word_1_91' title='bbox 513 1330 695 1398; x_wconf 86' lang='lat' dir='ltr'><strong>gnatio</strong></span> <span class='ocrx_word' id='word_1_92' title='bbox 720 1329 900 1384; x_wconf 89' lang='lat' dir='ltr'><strong>divina</strong></span> <span class='ocrx_word' id='word_1_93' title='bbox 919 1370 934 1394; x_wconf 93' lang='lat'><strong>,</strong></span> <span class='ocrx_word' id='word_1_94' title='bbox 966 1328 1261 1384; x_wconf 86' lang='lat' dir='ltr'><strong>secundum</strong></span> <span class='ocrx_word' id='word_1_95' title='bbox 1289 1330 1432 1384; x_wconf 89' lang='lat' dir='ltr'><strong>illam</strong></span> <span class='ocrx_word' id='word_1_96' title='bbox 1457 1331 1869 1400; x_wconf 88' lang='lat' dir='ltr'><strong>promissionem</strong></span> <span class='ocrx_word' id='word_1_97' title='bbox 1901 1329 2087 1385; x_wconf 89' lang='lat' dir='ltr'><strong>Salva-</strong></span> 
     </span>
    </p>
   </div>
   <div class='ocr_carea' id='block_1_14' title="bbox 515 1417 2086 1490">
    <p class='ocr_par' dir='ltr' id='par_1_14' title="bbox 515 1417 2086 1490">
     <span class='ocr_line' id='line_1_14' title="bbox 515 1417 2086 1490; baseline -0.001 -15"><span class='ocrx_word' id='word_1_98' title='bbox 515 1421 666 1476; x_wconf 90' lang='lat' dir='ltr'><strong>toris.</strong></span> <span class='ocrx_word' id='word_1_99' title='bbox 701 1417 780 1486; x_wconf 91' lang='lat' dir='ltr'><strong>Si,</strong></span> <span class='ocrx_word' id='word_1_100' title='bbox 809 1420 985 1490; x_wconf 87' lang='lat' dir='ltr'><strong>inquit</strong></span> <span class='ocrx_word' id='word_1_101' title='bbox 1007 1461 1022 1485; x_wconf 93' lang='lat'><strong>,</strong></span> <span class='ocrx_word' id='word_1_102' title='bbox 1049 1420 1351 1474; x_wconf 82' lang='lat' dir='ltr'><strong>dimiseritis</strong></span> <span class='ocrx_word' id='word_1_103' title='bbox 1380 1431 1591 1490; x_wconf 84' lang='lat' dir='ltr'><strong>peccata</strong></span> <span class='ocrx_word' id='word_1_104' title='bbox 1619 1436 1798 1473; x_wconf 88' lang='lat' dir='ltr'><strong>eorum</strong></span> <span class='ocrx_word' id='word_1_105' title='bbox 1819 1460 1834 1484; x_wconf 94' lang='lat'><strong>,</strong></span> <span class='ocrx_word' id='word_1_106' title='bbox 1861 1420 2086 1474; x_wconf 81' lang='lat' dir='ltr'><strong>dimittet</strong></span> 
     </span>
    </p>
   </div>
   <div class='ocr_carea' id='block_1_15' title="bbox 508 1511 2080 1582">
    <p class='ocr_par' dir='ltr' id='par_1_15' title="bbox 508 1511 2080 1582">
     <span class='ocr_line' id='line_1_15' title="bbox 508 1511 2080 1582; baseline -0.002 -15"><span class='ocrx_word' id='word_1_107' title='bbox 508 1522 560 1567; x_wconf 89' lang='lat' dir='ltr'><strong>et</strong></span> <span class='ocrx_word' id='word_1_108' title='bbox 587 1513 727 1566; x_wconf 80' lang='lat' dir='ltr'><strong>vobis</strong></span> <span class='ocrx_word' id='word_1_109' title='bbox 774 1511 930 1566; x_wconf 86' lang='lat' dir='ltr'><strong>Pater</strong></span> <span class='ocrx_word' id='word_1_110' title='bbox 957 1521 1121 1566; x_wconf 86' lang='lat' dir='ltr'><strong>vester</strong></span> <span class='ocrx_word' id='word_1_111' title='bbox 1155 1511 1372 1566; x_wconf 71' lang='lat' dir='ltr'><strong>omlestis</strong></span> <span class='ocrx_word' id='word_1_112' title='bbox 1409 1523 1619 1582; x_wconf 86' lang='lat' dir='ltr'><strong>peccata</strong></span> <span class='ocrx_word' id='word_1_113' title='bbox 1659 1522 1826 1565; x_wconf 79' lang='lat' dir='ltr'><strong>vestra</strong></span> <span class='ocrx_word' id='word_1_114' title='bbox 1865 1511 2080 1581; x_wconf 82' lang='lat' dir='ltr'><strong>(Matth.</strong></span> 
     </span>
    </p>
   </div>
   <div class='ocr_carea' id='block_1_16' title="bbox 508 1604 2082 1676">
    <p class='ocr_par' dir='ltr' id='par_1_16' title="bbox 508 1604 2082 1676">
     <span class='ocr_line' id='line_1_16' title="bbox 508 1604 2082 1676; baseline 0.001 -17"><span class='ocrx_word' id='word_1_115' title='bbox 508 1604 619 1676; x_wconf 78' lang='lat' dir='ltr'><strong>v1);</strong></span> <span class='ocrx_word' id='word_1_116' title='bbox 659 1605 835 1660; x_wconf 91' lang='lat' dir='ltr'><strong>nullus</strong></span> <span class='ocrx_word' id='word_1_117' title='bbox 882 1605 983 1659; x_wconf 89' lang='lat' dir='ltr'><strong>sibi</strong></span> <span class='ocrx_word' id='word_1_118' title='bbox 1029 1621 1095 1660; x_wconf 84' lang='lat' dir='ltr'><strong>ex</strong></span> <span class='ocrx_word' id='word_1_119' title='bbox 1147 1605 1408 1659; x_wconf 89' lang='lat' dir='ltr'><strong>industria</strong></span> <span class='ocrx_word' id='word_1_120' title='bbox 1454 1604 1665 1674; x_wconf 87' lang='lat' dir='ltr'><strong>aliquas</strong></span> <span class='ocrx_word' id='word_1_121' title='bbox 1704 1605 2082 1674; x_wconf 85' lang='lat' dir='ltr'><strong>occupationes</strong></span> 
     </span>
    </p>
   </div>
   <div class='ocr_carea' id='block_1_17' title="bbox 510 1695 2082 1765">
    <p class='ocr_par' dir='ltr' id='par_1_17' title="bbox 510 1695 2082 1765">
     <span class='ocr_line' id='line_1_17' title="bbox 510 1695 2082 1765; baseline 0.001 -15"><span class='ocrx_word' id='word_1_122' title='bbox 510 1696 776 1765; x_wconf 89' lang='lat' dir='ltr'><strong>inquirat,</strong></span> <span class='ocrx_word' id='word_1_123' title='bbox 812 1711 910 1764; x_wconf 88' lang='lat' dir='ltr'><strong>per</strong></span> <span class='ocrx_word' id='word_1_124' title='bbox 941 1710 1076 1764; x_wconf 90' lang='lat' dir='ltr'><strong>quas</strong></span> <span class='ocrx_word' id='word_1_125' title='bbox 1105 1711 1164 1750; x_wconf 90' lang='lat' dir='ltr'><strong>se</strong></span> <span class='ocrx_word' id='word_1_126' title='bbox 1193 1698 1259 1750; x_wconf 92' lang='lat' dir='ltr'><strong>de</strong></span> <span class='ocrx_word' id='word_1_127' title='bbox 1293 1695 1546 1750; x_wconf 70' lang='lat' dir='ltr'><strong>Ecclesiae</strong></span> <span class='ocrx_word' id='word_1_128' title='bbox 1582 1704 1844 1750; x_wconf 85' lang='lat' dir='ltr'><strong>conventu</strong></span> <span class='ocrx_word' id='word_1_129' title='bbox 1883 1695 2082 1751; x_wconf 88' lang='lat' dir='ltr'><strong>subdu-</strong></span> 
     </span>
    </p>
   </div>
   <div class='ocr_carea' id='block_1_18' title="bbox 2198 500 3804 574">
    <p class='ocr_par' dir='ltr' id='par_1_18' title="bbox 2198 500 3804 574">
     <span class='ocr_line' id='line_1_18' title="bbox 2198 500 3804 574; baseline 0.004 -19"><span class='ocrx_word' id='word_1_130' title='bbox 2198 500 2374 556; x_wconf 89' lang='lat' dir='ltr'><strong>dando</strong></span> <span class='ocrx_word' id='word_1_131' title='bbox 2385 500 2564 554; x_wconf 87' lang='lat' dir='ltr'><strong>animo</strong></span> <span class='ocrx_word' id='word_1_132' title='bbox 2587 501 2716 555; x_wconf 88' lang='lat' dir='ltr'><strong>dant</strong></span> <span class='ocrx_word' id='word_1_133' title='bbox 2737 514 2975 570; x_wconf 85' lang='lat' dir='ltr'><strong>operam.</strong></span> <span class='ocrx_word' id='word_1_134' title='bbox 2995 500 3108 555; x_wconf 86' lang='lat' dir='ltr'><strong>Scit</strong></span> <span class='ocrx_word' id='word_1_135' title='bbox 3123 501 3283 568; x_wconf 86' lang='lat' dir='ltr'><strong>enim,</strong></span> <span class='ocrx_word' id='word_1_136' title='bbox 3301 502 3490 574; x_wconf 87' lang='lat' dir='ltr'><strong>inquit,</strong></span> <span class='ocrx_word' id='word_1_137' title='bbox 3507 501 3673 560; x_wconf 83' lang='lat' dir='ltr'><strong>Pater</strong></span> <span class='ocrx_word' id='word_1_138' title='bbox 3686 524 3804 562; x_wconf 66' lang='grc' dir='ltr'><strong>ναξ-ν</strong></span> 
     </span>
    </p>
   </div>
   <div class='ocr_carea' id='block_1_19' title="bbox 2195 591 3776 665">
    <p class='ocr_par' dir='ltr' id='par_1_19' title="bbox 2195 591 3776 665">
     <span class='ocr_line' id='line_1_19' title="bbox 2195 591 3776 665; baseline 0.004 -20"><span class='ocrx_word' id='word_1_139' title='bbox 2195 602 2300 646; x_wconf 89' lang='lat' dir='ltr'><strong>ster</strong></span> <span class='ocrx_word' id='word_1_140' title='bbox 2317 592 2441 661; x_wconf 89' lang='lat' dir='ltr'><strong>quid</strong></span> <span class='ocrx_word' id='word_1_141' title='bbox 2455 591 2594 645; x_wconf 75' lang='lat' dir='ltr'><strong>vobis</strong></span> <span class='ocrx_word' id='word_1_142' title='bbox 2611 592 2956 646; x_wconf 87' lang='lat' dir='ltr'><strong>necessarium</strong></span> <span class='ocrx_word' id='word_1_143' title='bbox 2975 593 3064 658; x_wconf 86' lang='lat' dir='ltr'><strong>sit,</strong></span> <span class='ocrx_word' id='word_1_144' title='bbox 3087 604 3365 664; x_wconf 82' lang='lat' dir='ltr'><strong>antequam</strong></span> <span class='ocrx_word' id='word_1_145' title='bbox 3379 597 3567 664; x_wconf 85' lang='lat' dir='ltr'><strong>petatis</strong></span> <span class='ocrx_word' id='word_1_146' title='bbox 3588 597 3653 650; x_wconf 79' lang='lat' dir='ltr'><strong>ab</strong></span> <span class='ocrx_word' id='word_1_147' title='bbox 3677 614 3740 653; x_wconf 82' lang='lat' dir='ltr'><strong>eo</strong></span> <span class='ocrx_word' id='word_1_148' title='bbox 3751 614 3776 665; x_wconf 86' lang='lat'><em>;</em></span> 
     </span>
    </p>
   </div>
   <div class='ocr_carea' id='block_1_20' title="bbox 2194 682 3776 756">
    <p class='ocr_par' dir='ltr' id='par_1_20' title="bbox 2194 682 3776 756">
     <span class='ocr_line' id='line_1_20' title="bbox 2194 682 3776 756; baseline 0.006 -20"><span class='ocrx_word' id='word_1_149' title='bbox 2194 693 2250 736; x_wconf 89' lang='lat' dir='ltr'><strong>et</strong></span> <span class='ocrx_word' id='word_1_150' title='bbox 2279 683 2345 737; x_wconf 91' lang='lat' dir='ltr'><strong>de</strong></span> <span class='ocrx_word' id='word_1_151' title='bbox 2375 683 2489 752; x_wconf 90' lang='lat' dir='ltr'><strong>ipso</strong></span> <span class='ocrx_word' id='word_1_152' title='bbox 2522 683 2777 751; x_wconf 86' lang='lat' dir='ltr'><strong>scriptum</strong></span> <span class='ocrx_word' id='word_1_153' title='bbox 2809 691 2933 737; x_wconf 91' lang='lat' dir='ltr'><strong>est:</strong></span> <span class='ocrx_word' id='word_1_154' title='bbox 2966 682 3138 738; x_wconf 85' lang='lat' dir='ltr'><strong>Homo</strong></span> <span class='ocrx_word' id='word_1_155' title='bbox 3174 685 3306 739; x_wconf 81' lang='lat' dir='ltr'><strong>videt</strong></span> <span class='ocrx_word' id='word_1_156' title='bbox 3337 686 3586 756; x_wconf 81' lang='lat' dir='ltr'><strong>in.{acie,</strong></span> <span class='ocrx_word' id='word_1_157' title='bbox 3626 686 3776 744; x_wconf 81' lang='lat' dir='ltr'><strong>Deus</strong></span> 
     </span>
    </p>
   </div>
   <div class='ocr_carea' id='block_1_21' title="bbox 2192 776 3777 848">
    <p class='ocr_par' dir='ltr' id='par_1_21' title="bbox 2192 776 3777 848">
     <span class='ocr_line' id='line_1_21' title="bbox 2192 776 3777 848; baseline 0.006 -20"><span class='ocrx_word' id='word_1_158' title='bbox 2192 786 2365 829; x_wconf 86' lang='lat' dir='ltr'><strong>autem</strong></span> <span class='ocrx_word' id='word_1_159' title='bbox 2379 777 2608 830; x_wconf 86' lang='lat' dir='ltr'><strong>intuetur</strong></span> <span class='ocrx_word' id='word_1_160' title='bbox 2629 794 2721 830; x_wconf 88' lang='lat' dir='ltr'><strong>cor</strong></span> <span class='ocrx_word' id='word_1_161' title='bbox 2741 777 2791 848; x_wconf 93' lang='lat' dir='ltr'><strong>(I</strong></span> <span class='ocrx_word' id='word_1_162' title='bbox 2806 776 2931 847; x_wconf 87' lang='lat' dir='ltr'><strong>Reg.</strong></span> <span class='ocrx_word' id='word_1_163' title='bbox 2960 777 3106 848; x_wconf 80' lang='lat' dir='ltr'><strong>va);</strong></span> <span class='ocrx_word' id='word_1_164' title='bbox 3133 785 3186 833; x_wconf 79' lang='lat' dir='ltr'><strong>et</strong></span> <span class='ocrx_word' id='word_1_165' title='bbox 3209 779 3336 834; x_wconf 86' lang='lat' dir='ltr'><strong>item</strong></span> <span class='ocrx_word' id='word_1_166' title='bbox 3363 796 3378 836; x_wconf 89' lang='lat'><strong>:</strong></span> <span class='ocrx_word' id='word_1_167' title='bbox 3409 779 3664 836; x_wconf 78' lang='lat' dir='ltr'><strong>Dominus</strong></span> <span class='ocrx_word' id='word_1_168' title='bbox 3677 799 3777 838; x_wconf 80' lang='lat' dir='ltr'><strong>no—</strong></span> 
     </span>
    </p>
   </div>
   <div class='ocr_carea' id='block_1_22' title="bbox 2191 867 3768 943">
    <p class='ocr_par' dir='ltr' id='par_1_22' title="bbox 2191 867 3768 943">
     <span class='ocr_line' id='line_1_22' title="bbox 2191 867 3768 943; baseline 0.004 -23"><span class='ocrx_word' id='word_1_169' title='bbox 2191 867 2259 920; x_wconf 76' lang='lat' dir='ltr'><strong>vit</strong></span> <span class='ocrx_word' id='word_1_170' title='bbox 2283 867 2622 936; x_wconf 84' lang='lat' dir='ltr'><strong>cogitationes</strong></span> <span class='ocrx_word' id='word_1_171' title='bbox 2643 868 2932 933; x_wconf 84' lang='lat' dir='ltr'><strong>hominum,</strong></span> <span class='ocrx_word' id='word_1_172' title='bbox 2952 884 3068 938; x_wconf 77' lang='lat' dir='ltr'><strong>qua:</strong></span> <span class='ocrx_word' id='word_1_173' title='bbox 3079 884 3224 922; x_wconf 73' lang='lat' dir='ltr'><strong>vana:</strong></span> <span class='ocrx_word' id='word_1_174' title='bbox 3245 879 3362 922; x_wconf 88' lang='lat' dir='ltr'><strong>sunt</strong></span> <span class='ocrx_word' id='word_1_175' title='bbox 3385 868 3557 940; x_wconf 86' lang='lat' dir='ltr'><strong>(Psal.</strong></span> <span class='ocrx_word' id='word_1_176' title='bbox 3587 871 3768 943; x_wconf 82' lang='lat' dir='ltr'><strong>xcm).</strong></span> 
     </span>
    </p>
   </div>
   <div class='ocr_carea' id='block_1_23' title="bbox 2193 955 3772 1027">
    <p class='ocr_par' dir='ltr' id='par_1_23' title="bbox 2193 955 3772 1027">
     <span class='ocr_line' id='line_1_23' title="bbox 2193 955 3772 1027; baseline 0.004 -18"><span class='ocrx_word' id='word_1_177' title='bbox 2193 955 2336 1010; x_wconf 92' lang='lat' dir='ltr'><strong>Deus</strong></span> <span class='ocrx_word' id='word_1_178' title='bbox 2371 971 2500 1027; x_wconf 88' lang='lat' dir='ltr'><strong>ergo</strong></span> <span class='ocrx_word' id='word_1_179' title='bbox 2540 955 2798 1011; x_wconf 91' lang='lat' dir='ltr'><strong>Dominus</strong></span> <span class='ocrx_word' id='word_1_180' title='bbox 2835 966 3026 1012; x_wconf 89' lang='lat' dir='ltr'><strong>noster</strong></span> <span class='ocrx_word' id='word_1_181' title='bbox 3055 972 3160 1013; x_wconf 93' lang='lat' dir='ltr'><strong>non</strong></span> <span class='ocrx_word' id='word_1_182' title='bbox 3199 959 3485 1014; x_wconf 77' lang='lat' dir='ltr'><strong>verborum</strong></span> <span class='ocrx_word' id='word_1_183' title='bbox 3519 961 3772 1016; x_wconf 89' lang='lat' dir='ltr'><strong>multitu-</strong></span> 
     </span>
    </p>
   </div>
   <div class='ocr_carea' id='block_1_24' title="bbox 2191 1046 3773 1121">
    <p class='ocr_par' dir='ltr' id='par_1_24' title="bbox 2191 1046 3773 1121">
     <span class='ocr_line' id='line_1_24' title="bbox 2191 1046 3773 1121; baseline 0.006 -21"><span class='ocrx_word' id='word_1_184' title='bbox 2191 1046 2371 1102; x_wconf 89' lang='lat' dir='ltr'><strong>dinem</strong></span> <span class='ocrx_word' id='word_1_185' title='bbox 2398 1049 2622 1116; x_wconf 74' lang='lat' dir='ltr'><strong>qumrit,</strong></span> <span class='ocrx_word' id='word_1_186' title='bbox 2653 1050 2806 1119; x_wconf 90' lang='lat' dir='ltr'><strong>quasi</strong></span> <span class='ocrx_word' id='word_1_187' title='bbox 2842 1051 3062 1121; x_wconf 92' lang='lat' dir='ltr'><strong>ignarus</strong></span> <span class='ocrx_word' id='word_1_188' title='bbox 3099 1060 3297 1106; x_wconf 78' lang='lat' dir='ltr'><strong>nostrae</strong></span> <span class='ocrx_word' id='word_1_189' title='bbox 3324 1052 3635 1120; x_wconf 85' lang='lat' dir='ltr'><strong>voluntatis,</strong></span> <span class='ocrx_word' id='word_1_190' title='bbox 3681 1056 3773 1118; x_wconf 87' lang='lat' dir='ltr'><strong>cui</strong></span> 
     </span>
    </p>
   </div>
   <div class='ocr_carea' id='block_1_25' title="bbox 2190 1139 3774 1212">
    <p class='ocr_par' dir='ltr' id='par_1_25' title="bbox 2190 1139 3774 1212">
     <span class='ocr_line' id='line_1_25' title="bbox 2190 1139 3774 1212; baseline 0.006 -21"><span class='ocrx_word' id='word_1_191' title='bbox 2190 1139 2443 1194; x_wconf 89' lang='lat' dir='ltr'><strong>universa</strong></span> <span class='ocrx_word' id='word_1_192' title='bbox 2504 1149 2628 1196; x_wconf 90' lang='lat' dir='ltr'><strong>nota</strong></span> <span class='ocrx_word' id='word_1_193' title='bbox 2677 1149 2803 1196; x_wconf 92' lang='lat' dir='ltr'><strong>sunt</strong></span> <span class='ocrx_word' id='word_1_194' title='bbox 2855 1151 3142 1212; x_wconf 86' lang='lat' dir='ltr'><strong>antequam</strong></span> <span class='ocrx_word' id='word_1_195' title='bbox 3189 1143 3358 1209; x_wconf 86' lang='lat' dir='ltr'><strong>ﬁant,</strong></span> <span class='ocrx_word' id='word_1_196' title='bbox 3407 1146 3583 1199; x_wconf 86' lang='lat' dir='ltr'><strong>omnia</strong></span> <span class='ocrx_word' id='word_1_197' title='bbox 3630 1147 3774 1200; x_wconf 83' lang='lat' dir='ltr'><strong>enim</strong></span> 
     </span>
    </p>
   </div>
   <div class='ocr_carea' id='block_1_26' title="bbox 2188 1231 3773 1305">
    <p class='ocr_par' dir='ltr' id='par_1_26' title="bbox 2188 1231 3773 1305">
     <span class='ocr_line' id='line_1_26' title="bbox 2188 1231 3773 1305; baseline 0.006 -23"><span class='ocrx_word' id='word_1_198' title='bbox 2188 1231 2333 1284; x_wconf 86' lang='lat' dir='ltr'><strong>nuda</strong></span> <span class='ocrx_word' id='word_1_199' title='bbox 2355 1242 2402 1284; x_wconf 88' lang='lat' dir='ltr'><strong>et</strong></span> <span class='ocrx_word' id='word_1_200' title='bbox 2433 1241 2613 1301; x_wconf 82' lang='lat' dir='ltr'><strong>aperta</strong></span> <span class='ocrx_word' id='word_1_201' title='bbox 2634 1242 2754 1302; x_wconf 82' lang='lat' dir='ltr'><strong>sunt</strong></span> <span class='ocrx_word' id='word_1_202' title='bbox 2783 1234 2948 1288; x_wconf 87' lang='lat' dir='ltr'><strong>oculis</strong></span> <span class='ocrx_word' id='word_1_203' title='bbox 2969 1232 3297 1305; x_wconf 78' lang='lat' dir='ltr'><strong>ejus,(llebr.</strong></span> <span class='ocrx_word' id='word_1_204' title='bbox 3330 1234 3404 1304; x_wconf 85' lang='lat' dir='ltr'><strong>Iv)</strong></span> <span class='ocrx_word' id='word_1_205' title='bbox 3423 1275 3438 1300; x_wconf 93' lang='lat'><strong>,</strong></span> <span class='ocrx_word' id='word_1_206' title='bbox 3464 1235 3558 1292; x_wconf 89' lang='lat' dir='ltr'><strong>sed</strong></span> <span class='ocrx_word' id='word_1_207' title='bbox 3593 1237 3773 1292; x_wconf 85' lang='lat' dir='ltr'><strong>nostri</strong></span> 
     </span>
    </p>
   </div>
   <div class='ocr_carea' id='block_1_27' title="bbox 2186 1321 3774 1395">
    <p class='ocr_par' dir='ltr' id='par_1_27' title="bbox 2186 1321 3774 1395">
     <span class='ocr_line' id='line_1_27' title="bbox 2186 1321 3774 1395; baseline 0.005 -21"><span class='ocrx_word' id='word_1_208' title='bbox 2186 1321 2364 1376; x_wconf 88' lang='lat' dir='ltr'><strong>cordis</strong></span> <span class='ocrx_word' id='word_1_209' title='bbox 2396 1322 2664 1376; x_wconf 92' lang='lat' dir='ltr'><strong>internum</strong></span> <span class='ocrx_word' id='word_1_210' title='bbox 2691 1339 2756 1379; x_wconf 91' lang='lat' dir='ltr'><strong>ac</strong></span> <span class='ocrx_word' id='word_1_211' title='bbox 2781 1340 2973 1394; x_wconf 88' lang='lat' dir='ltr'><strong>purum</strong></span> <span class='ocrx_word' id='word_1_212' title='bbox 3005 1325 3202 1395; x_wconf 72' lang='lat' dir='ltr'><strong>quzerit</strong></span> <span class='ocrx_word' id='word_1_213' title='bbox 3233 1324 3485 1381; x_wconf 76' lang='lat' dir='ltr'><strong>affectum</strong></span> <span class='ocrx_word' id='word_1_214' title='bbox 3510 1343 3524 1381; x_wconf 91' lang='lat'>:</span> <span class='ocrx_word' id='word_1_215' title='bbox 3549 1325 3658 1390; x_wconf 85' lang='lat' dir='ltr'><strong>Sic,</strong></span> <span class='ocrx_word' id='word_1_216' title='bbox 3685 1327 3774 1381; x_wconf 87' lang='lat' dir='ltr'><strong>in-</strong></span> 
     </span>
    </p>
   </div>
   <div class='ocr_carea' id='block_1_28' title="bbox 2185 1413 3772 1487">
    <p class='ocr_par' dir='ltr' id='par_1_28' title="bbox 2185 1413 3772 1487">
     <span class='ocr_line' id='line_1_28' title="bbox 2185 1413 3772 1487; baseline 0.005 -21"><span class='ocrx_word' id='word_1_217' title='bbox 2185 1413 2339 1482; x_wconf 90' lang='lat' dir='ltr'><strong>quit,</strong></span> <span class='ocrx_word' id='word_1_218' title='bbox 2379 1413 2594 1467; x_wconf 88' lang='lat' dir='ltr'><strong>orabitis</strong></span> <span class='ocrx_word' id='word_1_219' title='bbox 2625 1427 2644 1465; x_wconf 90' lang='lat'><em>:</em></span> <span class='ocrx_word' id='word_1_220' title='bbox 2673 1413 2833 1469; x_wconf 87' lang='lat' dir='ltr'><strong>Pater</strong></span> <span class='ocrx_word' id='word_1_221' title='bbox 2868 1424 3070 1480; x_wconf 87' lang='lat' dir='ltr'><strong>noster,</strong></span> <span class='ocrx_word' id='word_1_222' title='bbox 3108 1417 3198 1487; x_wconf 85' lang='lat' dir='ltr'><strong>qui</strong></span> <span class='ocrx_word' id='word_1_223' title='bbox 3227 1433 3282 1471; x_wconf 90' lang='lat' dir='ltr'><strong>es</strong></span> <span class='ocrx_word' id='word_1_224' title='bbox 3319 1418 3378 1471; x_wconf 89' lang='lat' dir='ltr'><strong>in</strong></span> <span class='ocrx_word' id='word_1_225' title='bbox 3415 1416 3588 1483; x_wconf 67' lang='lat' dir='ltr'><strong>caelis;</strong></span> <span class='ocrx_word' id='word_1_226' title='bbox 3627 1433 3694 1473; x_wconf 88' lang='lat' dir='ltr'><strong>ac</strong></span> <span class='ocrx_word' id='word_1_227' title='bbox 3719 1419 3772 1474; x_wconf 84' lang='lat' dir='ltr'><strong>si</strong></span> 
     </span>
    </p>
   </div>
   <div class='ocr_carea' id='block_1_29' title="bbox 2186 1505 3770 1579">
    <p class='ocr_par' dir='ltr' id='par_1_29' title="bbox 2186 1505 3770 1579">
     <span class='ocr_line' id='line_1_29' title="bbox 2186 1505 3770 1579; baseline 0.004 -21"><span class='ocrx_word' id='word_1_228' title='bbox 2186 1505 2454 1560; x_wconf 87' lang='lat' dir='ltr'><strong>monendo</strong></span> <span class='ocrx_word' id='word_1_229' title='bbox 2489 1506 2714 1569; x_wconf 82' lang='lat' dir='ltr'><strong>dixisset</strong></span> <span class='ocrx_word' id='word_1_230' title='bbox 2752 1505 2909 1562; x_wconf 89' lang='lat' dir='ltr'><strong>nobis</strong></span> <span class='ocrx_word' id='word_1_231' title='bbox 2938 1525 2951 1561; x_wconf 89' lang='lat'><strong>:</strong></span> <span class='ocrx_word' id='word_1_232' title='bbox 2981 1506 3062 1563; x_wconf 83' lang='lat' dir='ltr'><strong>Ad</strong></span> <span class='ocrx_word' id='word_1_233' title='bbox 3099 1523 3350 1577; x_wconf 89' lang='lat' dir='ltr'><strong>magnum</strong></span> <span class='ocrx_word' id='word_1_234' title='bbox 3389 1523 3559 1578; x_wconf 89' lang='lat' dir='ltr'><strong>genus</strong></span> <span class='ocrx_word' id='word_1_235' title='bbox 3590 1509 3770 1579; x_wconf 87' lang='lat' dir='ltr'><strong>perti-</strong></span> 
     </span>
    </p>
   </div>
   <div class='ocr_carea' id='block_1_30' title="bbox 2184 1597 3772 1670">
    <p class='ocr_par' dir='ltr' id='par_1_30' title="bbox 2184 1597 3772 1670">
     <span class='ocr_line' id='line_1_30' title="bbox 2184 1597 3772 1670; baseline 0.005 -22"><span class='ocrx_word' id='word_1_236' title='bbox 2184 1610 2316 1651; x_wconf 90' lang='lat' dir='ltr'><strong>nere</strong></span> <span class='ocrx_word' id='word_1_237' title='bbox 2338 1597 2602 1665; x_wconf 66' lang='lat' dir='ltr'><strong>coepistis,</strong></span> <span class='ocrx_word' id='word_1_238' title='bbox 2641 1597 2804 1652; x_wconf 91' lang='lat' dir='ltr'><strong>nolite</strong></span> <span class='ocrx_word' id='word_1_239' title='bbox 2841 1597 3106 1654; x_wconf 83' lang='lat' dir='ltr'><strong>inhaerere</strong></span> <span class='ocrx_word' id='word_1_240' title='bbox 3135 1599 3382 1664; x_wconf 85' lang='lat' dir='ltr'><strong>terrenis,</strong></span> <span class='ocrx_word' id='word_1_241' title='bbox 3428 1600 3519 1670; x_wconf 90' lang='lat' dir='ltr'><strong>qui</strong></span> <span class='ocrx_word' id='word_1_242' title='bbox 3547 1599 3772 1656; x_wconf 86' lang='lat' dir='ltr'><strong>Patrem</strong></span> 
     </span>
    </p>
   </div>
   <div class='ocr_carea' id='block_1_31' title="bbox 2184 1687 3773 1747">
    <p class='ocr_par' dir='ltr' id='par_1_31' title="bbox 2184 1687 3773 1747">
     <span class='ocr_line' id='line_1_31' title="bbox 2184 1687 3773 1747; baseline 0.004 -6"><span class='ocrx_word' id='word_1_243' title='bbox 2184 1687 2468 1742; x_wconf 83' lang='lat' dir='ltr'><strong>invenistis</strong></span> <span class='ocrx_word' id='word_1_244' title='bbox 2497 1687 2547 1742; x_wconf 93' lang='lat' dir='ltr'><strong>in</strong></span> <span class='ocrx_word' id='word_1_245' title='bbox 2579 1689 2734 1744; x_wconf 77' lang='lat' dir='ltr'><strong>oculis</strong></span> <span class='ocrx_word' id='word_1_246' title='bbox 2763 1707 2776 1744; x_wconf 93' lang='lat'><strong>:</strong></span> <span class='ocrx_word' id='word_1_247' title='bbox 2802 1705 2990 1744; x_wconf 89' lang='lat' dir='ltr'><strong>omnes</strong></span> <span class='ocrx_word' id='word_1_248' title='bbox 3023 1690 3165 1744; x_wconf 92' lang='lat' dir='ltr'><strong>enim</strong></span> <span class='ocrx_word' id='word_1_249' title='bbox 3197 1691 3356 1746; x_wconf 88' lang='lat' dir='ltr'><strong>docet</strong></span> <span class='ocrx_word' id='word_1_250' title='bbox 3393 1690 3591 1746; x_wconf 82' lang='lat' dir='ltr'><strong>fratres</strong></span> <span class='ocrx_word' id='word_1_251' title='bbox 3631 1707 3773 1747; x_wconf 88' lang='lat' dir='ltr'><strong>una-</strong></span> 
     </span>
    </p>
   </div>
   <div class='ocr_carea' id='block_1_32' title="bbox 506 1760 3766 1859">
    <p class='ocr_par' dir='ltr' id='par_1_32' title="bbox 506 1760 3766 1859">
     <span class='ocr_line' id='line_1_32' title="bbox 506 1760 3766 1859; baseline 0.002 -18"><span class='ocrx_word' id='word_1_252' title='bbox 506 1794 628 1852; x_wconf 87' lang='lat' dir='ltr'><strong>eat;</strong></span> <span class='ocrx_word' id='word_1_253' title='bbox 674 1786 790 1842; x_wconf 89' lang='lat' dir='ltr'><strong>sine</strong></span> <span class='ocrx_word' id='word_1_254' title='bbox 817 1787 978 1842; x_wconf 91' lang='lat' dir='ltr'><strong>dubio</strong></span> <span class='ocrx_word' id='word_1_255' title='bbox 1005 1796 1348 1858; x_wconf 87' lang='lat' dir='ltr'><strong>peccatorum</strong></span> <span class='ocrx_word' id='word_1_256' title='bbox 1382 1804 1601 1843; x_wconf 92' lang='lat' dir='ltr'><strong>suorum</strong></span> <span class='ocrx_word' id='word_1_257' title='bbox 1641 1789 1860 1842; x_wconf 87' lang='lat' dir='ltr'><strong>vulnera</strong></span> <span class='ocrx_word' id='word_1_258' title='bbox 1887 1789 2080 1859; x_wconf 84' lang='lat' dir='ltr'><strong>diligit,</strong></span> <span class='ocrx_word' id='word_1_259' title='bbox 2112 1760 2158 1820; x_wconf 78' lang='grc' dir='ltr'><strong>Β</strong></span> <span class='ocrx_word' id='word_1_260' title='bbox 2186 1780 2360 1836; x_wconf 80' lang='lat' dir='ltr'><strong>nimes</strong></span> <span class='ocrx_word' id='word_1_261' title='bbox 2386 1796 2504 1836; x_wconf 79' lang='lat' dir='ltr'><strong>esse</strong></span> <span class='ocrx_word' id='word_1_262' title='bbox 2526 1782 2618 1852; x_wconf 88' lang='lat' dir='ltr'><strong>qui</strong></span> <span class='ocrx_word' id='word_1_263' title='bbox 2643 1797 2805 1836; x_wconf 80' lang='lat' dir='ltr'><strong>unum</strong></span> <span class='ocrx_word' id='word_1_264' title='bbox 2833 1781 3048 1837; x_wconf 67' lang='lat' dir='ltr'><strong>Patrem</strong></span> <span class='ocrx_word' id='word_1_265' title='bbox 3077 1783 3244 1838; x_wconf 74' lang='lat' dir='ltr'><strong>Deum</strong></span> <span class='ocrx_word' id='word_1_266' title='bbox 3267 1782 3516 1839; x_wconf 69' lang='lat' dir='ltr'><strong>Volumus</strong></span> <span class='ocrx_word' id='word_1_267' title='bbox 3539 1784 3766 1841; x_wconf 65' lang='lat' dir='ltr'><strong>habere.</strong></span> 
     </span>
    </p>
   </div>
   <div class='ocr_carea' id='block_1_33' title="bbox 506 1877 2081 1950">
    <p class='ocr_par' dir='ltr' id='par_1_33' title="bbox 506 1877 2081 1950">
     <span class='ocr_line' id='line_1_33' title="bbox 506 1877 2081 1950; baseline 0.002 -20"><span class='ocrx_word' id='word_1_268' title='bbox 506 1877 597 1946; x_wconf 91' lang='lat' dir='ltr'><strong>qui</strong></span> <span class='ocrx_word' id='word_1_269' title='bbox 626 1877 680 1931; x_wconf 93' lang='lat' dir='ltr'><strong>in</strong></span> <span class='ocrx_word' id='word_1_270' title='bbox 711 1877 828 1936; x_wconf 86' lang='lat' dir='ltr'><strong>istis</strong></span> <span class='ocrx_word' id='word_1_271' title='bbox 859 1877 1046 1932; x_wconf 89' lang='lat' dir='ltr'><strong>diebus</strong></span> <span class='ocrx_word' id='word_1_272' title='bbox 1074 1879 1244 1933; x_wconf 90' lang='lat' dir='ltr'><strong>tribus</strong></span> <span class='ocrx_word' id='word_1_273' title='bbox 1266 1877 1590 1948; x_wconf 89' lang='lat' dir='ltr'><strong>jejunando,</strong></span> <span class='ocrx_word' id='word_1_274' title='bbox 1623 1881 1828 1935; x_wconf 79' lang='lat' dir='ltr'><strong>orando</strong></span> <span class='ocrx_word' id='word_1_275' title='bbox 1852 1888 1908 1934; x_wconf 92' lang='lat' dir='ltr'><strong>et</strong></span> <span class='ocrx_word' id='word_1_276' title='bbox 1941 1880 2081 1950; x_wconf 87' lang='lat' dir='ltr'><strong>psal-</strong></span> 
     </span>
    </p>
   </div>
   <div class='ocr_carea' id='block_1_34' title="bbox 505 1967 2081 2040">
    <p class='ocr_par' dir='ltr' id='par_1_34' title="bbox 505 1967 2081 2040">
     <span class='ocr_line' id='line_1_34' title="bbox 505 1967 2081 2040; baseline 0.003 -19"><span class='ocrx_word' id='word_1_277' title='bbox 505 1967 700 2033; x_wconf 89' lang='lat' dir='ltr'><strong>lendo,</strong></span> <span class='ocrx_word' id='word_1_278' title='bbox 755 1970 1146 2024; x_wconf 90' lang='lat' dir='ltr'><strong>medicamenta</strong></span> <span class='ocrx_word' id='word_1_279' title='bbox 1202 1971 1464 2040; x_wconf 87' lang='lat' dir='ltr'><strong>spiritalia</strong></span> <span class='ocrx_word' id='word_1_280' title='bbox 1516 1987 1622 2025; x_wconf 90' lang='lat' dir='ltr'><strong>non</strong></span> <span class='ocrx_word' id='word_1_281' title='bbox 1685 1972 1930 2040; x_wconf 89' lang='lat' dir='ltr'><strong>requirit.</strong></span> <span class='ocrx_word' id='word_1_282' title='bbox 1987 1971 2081 2026; x_wconf 89' lang='lat' dir='ltr'><strong>lsti</strong></span> 
     </span>
    </p>
   </div>
   <div class='ocr_carea' id='block_1_35' title="bbox 502 2056 2081 2130">
    <p class='ocr_par' dir='ltr' id='par_1_35' title="bbox 502 2056 2081 2130">
     <span class='ocr_line' id='line_1_35' title="bbox 502 2056 2081 2130; baseline 0.003 -18"><span class='ocrx_word' id='word_1_283' title='bbox 502 2056 650 2112; x_wconf 85' lang='lat' dir='ltr'><strong>enim</strong></span> <span class='ocrx_word' id='word_1_284' title='bbox 681 2057 797 2112; x_wconf 93' lang='lat' dir='ltr'><strong>dies</strong></span> <span class='ocrx_word' id='word_1_285' title='bbox 838 2073 867 2112; x_wconf 89' lang='lat' dir='ltr'><strong>a</strong></span> <span class='ocrx_word' id='word_1_286' title='bbox 917 2059 1120 2114; x_wconf 87' lang='lat' dir='ltr'><strong>sanctis</strong></span> <span class='ocrx_word' id='word_1_287' title='bbox 1159 2060 1403 2128; x_wconf 89' lang='lat' dir='ltr'><strong>patribus</strong></span> <span class='ocrx_word' id='word_1_288' title='bbox 1427 2061 1628 2115; x_wconf 91' lang='lat' dir='ltr'><strong>nostris</strong></span> <span class='ocrx_word' id='word_1_289' title='bbox 1662 2061 1804 2115; x_wconf 89' lang='lat' dir='ltr'><strong>veris</strong></span> <span class='ocrx_word' id='word_1_290' title='bbox 1839 2070 2081 2130; x_wconf 84' lang='lat' dir='ltr'><strong>tempore</strong></span> 
     </span>
    </p>
   </div>
   <div class='ocr_carea' id='block_1_36' title="bbox 501 2147 2082 2216">
    <p class='ocr_par' dir='ltr' id='par_1_36' title="bbox 501 2147 2082 2216">
     <span class='ocr_line' id='line_1_36' title="bbox 501 2147 2082 2216; baseline 0.003 -14"><span class='ocrx_word' id='word_1_291' title='bbox 501 2147 574 2202; x_wconf 90' lang='lat' dir='ltr'><strong>ob</strong></span> <span class='ocrx_word' id='word_1_292' title='bbox 595 2149 698 2204; x_wconf 90' lang='lat' dir='ltr'><strong>hoc</strong></span> <span class='ocrx_word' id='word_1_293' title='bbox 734 2151 919 2204; x_wconf 90' lang='lat' dir='ltr'><strong>statuti</strong></span> <span class='ocrx_word' id='word_1_294' title='bbox 946 2161 1072 2206; x_wconf 88' lang='lat' dir='ltr'><strong>sunt</strong></span> <span class='ocrx_word' id='word_1_295' title='bbox 1096 2150 1424 2216; x_wconf 87' lang='lat' dir='ltr'><strong>celebrandi,</strong></span> <span class='ocrx_word' id='word_1_296' title='bbox 1454 2161 1512 2206; x_wconf 91' lang='lat' dir='ltr'><strong>ut</strong></span> <span class='ocrx_word' id='word_1_297' title='bbox 1535 2160 1660 2206; x_wconf 85' lang='lat' dir='ltr'><strong>ante</strong></span> <span class='ocrx_word' id='word_1_298' title='bbox 1683 2166 1944 2206; x_wconf 87' lang='lat' dir='ltr'><strong>novarum</strong></span> <span class='ocrx_word' id='word_1_299' title='bbox 1970 2152 2082 2206; x_wconf 91' lang='lat' dir='ltr'><strong>fru-</strong></span> 
     </span>
    </p>
   </div>
   <div class='ocr_carea' id='block_1_37' title="bbox 497 2240 2079 2307">
    <p class='ocr_par' dir='ltr' id='par_1_37' title="bbox 497 2240 2079 2307">
     <span class='ocr_line' id='line_1_37' title="bbox 497 2240 2079 2307; baseline 0.003 -15"><span class='ocrx_word' id='word_1_300' title='bbox 497 2252 627 2307; x_wconf 86' lang='lat' dir='ltr'><strong>gum</strong></span> <span class='ocrx_word' id='word_1_301' title='bbox 656 2240 1021 2295; x_wconf 89' lang='lat' dir='ltr'><strong>maturitatem</strong></span> <span class='ocrx_word' id='word_1_302' title='bbox 1041 2281 1056 2305; x_wconf 94' lang='lat'><strong>,</strong></span> <span class='ocrx_word' id='word_1_303' title='bbox 1085 2248 1139 2296; x_wconf 90' lang='lat' dir='ltr'><strong>et</strong></span> <span class='ocrx_word' id='word_1_304' title='bbox 1175 2249 1301 2296; x_wconf 88' lang='lat' dir='ltr'><strong>ante</strong></span> <span class='ocrx_word' id='word_1_305' title='bbox 1324 2255 1538 2295; x_wconf 89' lang='lat' dir='ltr'><strong>omnem</strong></span> <span class='ocrx_word' id='word_1_306' title='bbox 1566 2248 1744 2295; x_wconf 86' lang='lat' dir='ltr'><strong>actum</strong></span> <span class='ocrx_word' id='word_1_307' title='bbox 1772 2243 1973 2297; x_wconf 63' lang='lat' dir='ltr'><strong>aestatis</strong></span> <span class='ocrx_word' id='word_1_308' title='bbox 1995 2242 2079 2298; x_wconf 89' lang='lat' dir='ltr'><strong>vel</strong></span> 
     </span>
    </p>
   </div>
   <div class='ocr_carea' id='block_1_38' title="bbox 498 2329 2079 2400">
    <p class='ocr_par' dir='ltr' id='par_1_38' title="bbox 498 2329 2079 2400">
     <span class='ocr_line' id='line_1_38' title="bbox 498 2329 2079 2400; baseline 0.006 -20"><span class='ocrx_word' id='word_1_309' title='bbox 498 2329 766 2391; x_wconf 89' lang='lat' dir='ltr'><strong>autumni,</strong></span> <span class='ocrx_word' id='word_1_310' title='bbox 813 2344 1248 2400; x_wconf 77' lang='lat' dir='ltr'><strong>praeoccupemus</strong></span> <span class='ocrx_word' id='word_1_311' title='bbox 1287 2331 1729 2390; x_wconf 86' lang='lat' dir='ltr'><strong>faciem.Domini</strong></span> <span class='ocrx_word' id='word_1_312' title='bbox 1767 2333 1822 2387; x_wconf 93' lang='lat' dir='ltr'><strong>in</strong></span> <span class='ocrx_word' id='word_1_313' title='bbox 1865 2334 2079 2389; x_wconf 86' lang='lat' dir='ltr'><strong>confes-</strong></span> 
     </span>
    </p>
   </div>
   <div class='ocr_carea' id='block_1_39' title="bbox 493 2416 2075 2494">
    <p class='ocr_par' dir='ltr' id='par_1_39' title="bbox 493 2416 2075 2494">
     <span class='ocr_line' id='line_1_39' title="bbox 493 2416 2075 2494; baseline 0.006 -25"><span class='ocrx_word' id='word_1_314' title='bbox 493 2416 670 2480; x_wconf 89' lang='lat' dir='ltr'><strong>sione,</strong></span> <span class='ocrx_word' id='word_1_315' title='bbox 698 2427 752 2472; x_wconf 90' lang='lat' dir='ltr'><strong>et</strong></span> <span class='ocrx_word' id='word_1_316' title='bbox 776 2419 828 2472; x_wconf 90' lang='lat' dir='ltr'><strong>in</strong></span> <span class='ocrx_word' id='word_1_317' title='bbox 856 2420 1076 2488; x_wconf 89' lang='lat' dir='ltr'><strong>psalmis</strong></span> <span class='ocrx_word' id='word_1_318' title='bbox 1094 2422 1383 2490; x_wconf 87' lang='lat' dir='ltr'><strong>jubilemus</strong></span> <span class='ocrx_word' id='word_1_319' title='bbox 1404 2423 1452 2475; x_wconf 90' lang='lat' dir='ltr'><strong>ei</strong></span> <span class='ocrx_word' id='word_1_320' title='bbox 1486 2421 1658 2492; x_wconf 85' lang='lat' dir='ltr'><strong>(Psal.</strong></span> <span class='ocrx_word' id='word_1_321' title='bbox 1693 2424 1860 2494; x_wconf 71' lang='grc' dir='ltr'><strong>χειν),</strong></span> <span class='ocrx_word' id='word_1_322' title='bbox 1886 2433 1945 2478; x_wconf 87' lang='grc' dir='ltr'><strong>ιιι</strong></span> <span class='ocrx_word' id='word_1_323' title='bbox 1971 2425 2075 2479; x_wconf 88' lang='lat' dir='ltr'><strong>mi-</strong></span> 
     </span>
    </p>
   </div>
   <div class='ocr_carea' id='block_1_40' title="bbox 492 2507 2075 2580">
    <p class='ocr_par' dir='ltr' id='par_1_40' title="bbox 492 2507 2075 2580">
     <span class='ocr_line' id='line_1_40' title="bbox 492 2507 2075 2580; baseline 0.006 -20"><span class='ocrx_word' id='word_1_324' title='bbox 492 2507 792 2562; x_wconf 86' lang='lat' dir='ltr'><strong>sericordia</strong></span> <span class='ocrx_word' id='word_1_325' title='bbox 817 2507 934 2576; x_wconf 84' lang='lat' dir='ltr'><strong>ejus</strong></span> <span class='ocrx_word' id='word_1_326' title='bbox 962 2513 1318 2580; x_wconf 87' lang='lat' dir='ltr'><strong>subsequatur</strong></span> <span class='ocrx_word' id='word_1_327' title='bbox 1343 2528 1441 2568; x_wconf 93' lang='lat' dir='ltr'><strong>nos</strong></span> <span class='ocrx_word' id='word_1_328' title='bbox 1460 2514 1710 2570; x_wconf 91' lang='lat' dir='ltr'><strong>omnibus</strong></span> <span class='ocrx_word' id='word_1_329' title='bbox 1737 2515 1926 2570; x_wconf 89' lang='lat' dir='ltr'><strong>diebus</strong></span> <span class='ocrx_word' id='word_1_330' title='bbox 1951 2517 2075 2570; x_wconf 66' lang='lat' dir='ltr'><strong>vita:</strong></span> 
     </span>
    </p>
   </div>
   <div class='ocr_carea' id='block_1_41' title="bbox 495 2603 2072 2671">
    <p class='ocr_par' dir='ltr' id='par_1_41' title="bbox 495 2603 2072 2671">
     <span class='ocr_line' id='line_1_41' title="bbox 495 2603 2072 2671; baseline 0.007 -20"><span class='ocrx_word' id='word_1_331' title='bbox 495 2608 726 2664; x_wconf 59' lang='lat' dir='ltr'><strong>nostrae,</strong></span> <span class='ocrx_word' id='word_1_332' title='bbox 759 2613 1024 2668; x_wconf 88' lang='lat' dir='ltr'><strong>quatenus</strong></span> <span class='ocrx_word' id='word_1_333' title='bbox 1058 2603 1170 2671; x_wconf 91' lang='lat' dir='ltr'><strong>ipse</strong></span> <span class='ocrx_word' id='word_1_334' title='bbox 1193 2605 1282 2658; x_wconf 89' lang='lat' dir='ltr'><strong>det</strong></span> <span class='ocrx_word' id='word_1_335' title='bbox 1318 2606 1474 2661; x_wconf 90' lang='lat' dir='ltr'><strong>nobis</strong></span> <span class='ocrx_word' id='word_1_336' title='bbox 1515 2605 1740 2662; x_wconf 90' lang='lat' dir='ltr'><strong>salutem</strong></span> <span class='ocrx_word' id='word_1_337' title='bbox 1770 2607 2072 2662; x_wconf 86' lang='lat' dir='ltr'><strong>animarum</strong></span> 
     </span>
    </p>
   </div>
   <div class='ocr_carea' id='block_1_42' title="bbox 492 2692 2070 2769">
    <p class='ocr_par' dir='ltr' id='par_1_42' title="bbox 492 2692 2070 2769">
     <span class='ocr_line' id='line_1_42' title="bbox 492 2692 2070 2769; baseline 0.008 -30"><span class='ocrx_word' id='word_1_338' title='bbox 492 2695 835 2753; x_wconf 86' lang='lat' dir='ltr'><strong>nostrarum,</strong></span> <span class='ocrx_word' id='word_1_339' title='bbox 866 2692 1155 2748; x_wconf 84' lang='lat' dir='ltr'><strong>sanitatem</strong></span> <span class='ocrx_word' id='word_1_340' title='bbox 1191 2709 1476 2763; x_wconf 89' lang='lat' dir='ltr'><strong>corporum</strong></span> <span class='ocrx_word' id='word_1_341' title='bbox 1497 2737 1510 2760; x_wconf 89' lang='lat'><strong>,</strong></span> <span class='ocrx_word' id='word_1_342' title='bbox 1549 2695 1881 2752; x_wconf 88' lang='lat' dir='ltr'><strong>fertilitatem</strong></span> <span class='ocrx_word' id='word_1_343' title='bbox 1909 2713 2070 2769; x_wconf 87' lang='lat' dir='ltr'><strong>agro-</strong></span> 
     </span>
    </p>
   </div>
   <div class='ocr_carea' id='block_1_43' title="bbox 480 2784 2071 2860">
    <p class='ocr_par' dir='ltr' id='par_1_43' title="bbox 480 2784 2071 2860">
     <span class='ocr_line' id='line_1_43' title="bbox 480 2784 2071 2860; baseline 0.008 -28"><span class='ocrx_word' id='word_1_344' title='bbox 480 2795 616 2858; x_wconf 74' lang='lat' dir='ltr'><strong>rum</strong></span> <span class='ocrx_word' id='word_1_345' title='bbox 641 2789 804 2852; x_wconf 88' lang='lat' dir='ltr'><strong>atque</strong></span> <span class='ocrx_word' id='word_1_346' title='bbox 828 2784 1104 2839; x_wconf 85' lang='lat' dir='ltr'><strong>vinearum</strong></span> <span class='ocrx_word' id='word_1_347' title='bbox 1123 2825 1138 2851; x_wconf 93' lang='lat'><strong>,</strong></span> <span class='ocrx_word' id='word_1_348' title='bbox 1165 2789 1512 2842; x_wconf 88' lang='lat' dir='ltr'><strong>securitatem</strong></span> <span class='ocrx_word' id='word_1_349' title='bbox 1536 2790 1792 2853; x_wconf 92' lang='lat' dir='ltr'><strong>hostium,</strong></span> <span class='ocrx_word' id='word_1_350' title='bbox 1817 2800 1871 2845; x_wconf 91' lang='lat' dir='ltr'><strong>et</strong></span> <span class='ocrx_word' id='word_1_351' title='bbox 1900 2791 2071 2860; x_wconf 85' lang='lat' dir='ltr'><strong>repel-</strong></span> 
     </span>
    </p>
   </div>
   <div class='ocr_carea' id='block_1_44' title="bbox 491 2869 2069 2950">
    <p class='ocr_par' dir='ltr' id='par_1_44' title="bbox 491 2869 2069 2950">
     <span class='ocr_line' id='line_1_44' title="bbox 491 2869 2069 2950; baseline 0.008 -26"><span class='ocrx_word' id='word_1_352' title='bbox 491 2869 570 2924; x_wconf 89' lang='lat' dir='ltr'><strong>lat</strong></span> <span class='ocrx_word' id='word_1_353' title='bbox 603 2871 826 2928; x_wconf 87' lang='lat' dir='ltr'><strong>insidias</strong></span> <span class='ocrx_word' id='word_1_354' title='bbox 865 2876 1108 2930; x_wconf 89' lang='lat' dir='ltr'><strong>omnium</strong></span> <span class='ocrx_word' id='word_1_355' title='bbox 1149 2877 1507 2944; x_wconf 82' lang='lat' dir='ltr'><strong>inimicorum,</strong></span> <span class='ocrx_word' id='word_1_356' title='bbox 1551 2888 1713 2950; x_wconf 90' lang='lat' dir='ltr'><strong>atque</strong></span> <span class='ocrx_word' id='word_1_357' title='bbox 1752 2895 1847 2950; x_wconf 89' lang='lat' dir='ltr'><strong>per</strong></span> <span class='ocrx_word' id='word_1_358' title='bbox 1895 2891 2069 2938; x_wconf 90' lang='lat' dir='ltr'><strong>totum</strong></span> 
     </span>
    </p>
   </div>
   <div class='ocr_carea' id='block_1_45' title="bbox 491 2965 2088 3040">
    <p class='ocr_par' dir='ltr' id='par_1_45' title="bbox 491 2965 2088 3040">
     <span class='ocr_line' id='line_1_45' title="bbox 491 2965 2088 3040; baseline 0.009 -26"><span class='ocrx_word' id='word_1_359' title='bbox 491 2970 695 3017; x_wconf 83' lang='lat' dir='ltr'><strong>annum</strong></span> <span class='ocrx_word' id='word_1_360' title='bbox 732 2965 912 3034; x_wconf 88' lang='lat' dir='ltr'><strong>quiete</strong></span> <span class='ocrx_word' id='word_1_361' title='bbox 958 2975 1258 3038; x_wconf 90' lang='lat' dir='ltr'><strong>temporum</strong></span> <span class='ocrx_word' id='word_1_362' title='bbox 1306 2978 1361 3024; x_wconf 89' lang='lat' dir='ltr'><strong>et</strong></span> <span class='ocrx_word' id='word_1_363' title='bbox 1399 2987 1532 3040; x_wconf 90' lang='lat' dir='ltr'><strong>pace</strong></span> <span class='ocrx_word' id='word_1_364' title='bbox 1563 2987 1852 3039; x_wconf 89' lang='lat' dir='ltr'><strong>concessa,</strong></span> <span class='ocrx_word' id='word_1_365' title='bbox 1888 2975 1940 3028; x_wconf 93' lang='lat' dir='ltr'><strong>in</strong></span> <span class='ocrx_word' id='word_1_366' title='bbox 1970 2973 2088 3028; x_wconf 77' lang='lat' dir='ltr'><strong>suo‘</strong></span> 
     </span>
    </p>
   </div>
   <div class='ocr_carea' id='block_1_46' title="bbox 486 3055 2139 3152">
    <p class='ocr_par' dir='ltr' id='par_1_46' title="bbox 486 3055 2139 3152">
     <span class='ocr_line' id='line_1_46' title="bbox 486 3055 2139 3152; baseline 0.009 -48"><span class='ocrx_word' id='word_1_367' title='bbox 486 3060 680 3107; x_wconf 88' lang='lat' dir='ltr'><strong>saneto</strong></span> <span class='ocrx_word' id='word_1_368' title='bbox 725 3055 943 3110; x_wconf 88' lang='lat' dir='ltr'><strong>servitio</strong></span> <span class='ocrx_word' id='word_1_369' title='bbox 991 3073 1090 3112; x_wconf 89' lang='lat' dir='ltr'><strong>nos</strong></span> <span class='ocrx_word' id='word_1_370' title='bbox 1133 3061 1404 3118; x_wconf 87' lang='lat' dir='ltr'><strong>custodire</strong></span> <span class='ocrx_word' id='word_1_371' title='bbox 1448 3061 1715 3132; x_wconf 84' lang='lat' dir='ltr'><strong>dignetur.</strong></span> <span class='ocrx_word' id='word_1_372' title='bbox 1772 3061 2066 3119; x_wconf 89' lang='lat' dir='ltr'><strong>Curramus</strong></span> <span class='ocrx_word' id='word_1_373' title='bbox 2094 3090 2139 3152; x_wconf 69' lang='grc' dir='ltr'><strong>ρ</strong></span> 
     </span>
    </p>
   </div>
   <div class='ocr_carea' id='block_1_47' title="bbox 483 3143 2067 3230">
    <p class='ocr_par' dir='ltr' id='par_1_47' title="bbox 483 3143 2067 3230">
     <span class='ocr_line' id='line_1_47' title="bbox 483 3143 2067 3230; baseline 0.011 -34"><span class='ocrx_word' id='word_1_374' title='bbox 483 3143 714 3214; x_wconf 85' lang='lat' dir='ltr'><strong>singuli,</strong></span> <span class='ocrx_word' id='word_1_375' title='bbox 747 3161 1026 3230; x_wconf 77' lang='lat' dir='ltr'><strong>curramus</strong></span> <span class='ocrx_word' id='word_1_376' title='bbox 1050 3166 1239 3207; x_wconf 92' lang='lat' dir='ltr'><strong>omnes</strong></span> <span class='ocrx_word' id='word_1_377' title='bbox 1268 3155 1516 3209; x_wconf 87' lang='lat' dir='ltr'><strong>semitam</strong></span> <span class='ocrx_word' id='word_1_378' title='bbox 1550 3156 1928 3211; x_wconf 88' lang='lat' dir='ltr'><strong>mandatorum</strong></span> <span class='ocrx_word' id='word_1_379' title='bbox 1963 3158 2067 3213; x_wconf 88' lang='lat' dir='ltr'><strong>Do-</strong></span> 
     </span>
    </p>
   </div>
   <div class='ocr_carea' id='block_1_48' title="bbox 487 3235 2066 3310">
    <p class='ocr_par' dir='ltr' id='par_1_48' title="bbox 487 3235 2066 3310">
     <span class='ocr_line' id='line_1_48' title="bbox 487 3235 2066 3310; baseline 0.011 -24"><span class='ocrx_word' id='word_1_380' title='bbox 487 3235 642 3298; x_wconf 87' lang='lat' dir='ltr'><strong>mini,</strong></span> <span class='ocrx_word' id='word_1_381' title='bbox 683 3243 736 3289; x_wconf 93' lang='lat' dir='ltr'><strong>et</strong></span> <span class='ocrx_word' id='word_1_382' title='bbox 765 3237 816 3290; x_wconf 91' lang='lat' dir='ltr'><strong>in</strong></span> <span class='ocrx_word' id='word_1_383' title='bbox 847 3239 929 3293; x_wconf 86' lang='lat' dir='ltr'><strong>via</strong></span> <span class='ocrx_word' id='word_1_384' title='bbox 959 3250 1304 3310; x_wconf 87' lang='lat' dir='ltr'><strong>peccatorum</strong></span> <span class='ocrx_word' id='word_1_385' title='bbox 1335 3260 1441 3298; x_wconf 93' lang='lat' dir='ltr'><strong>non</strong></span> <span class='ocrx_word' id='word_1_386' title='bbox 1473 3253 1697 3310; x_wconf 90' lang='lat' dir='ltr'><strong>stemus,</strong></span> <span class='ocrx_word' id='word_1_387' title='bbox 1735 3257 1920 3302; x_wconf 86' lang='lat' dir='ltr'><strong>contra</strong></span> <span class='ocrx_word' id='word_1_388' title='bbox 1951 3249 2066 3303; x_wconf 88' lang='lat' dir='ltr'><strong>dia-</strong></span> 
     </span>
    </p>
   </div>
   <div class='ocr_carea' id='block_1_49' title="bbox 483 3323 2065 3406">
    <p class='ocr_par' dir='ltr' id='par_1_49' title="bbox 483 3323 2065 3406">
     <span class='ocr_line' id='line_1_49' title="bbox 483 3323 2065 3406; baseline 0.013 -29"><span class='ocrx_word' id='word_1_389' title='bbox 483 3323 592 3379; x_wconf 87' lang='lat' dir='ltr'><strong>boli</strong></span> <span class='ocrx_word' id='word_1_390' title='bbox 632 3325 856 3382; x_wconf 89' lang='lat' dir='ltr'><strong>insidias</strong></span> <span class='ocrx_word' id='word_1_391' title='bbox 893 3333 1059 3386; x_wconf 90' lang='lat' dir='ltr'><strong>armis</strong></span> <span class='ocrx_word' id='word_1_392' title='bbox 1096 3350 1196 3388; x_wconf 92' lang='lat' dir='ltr'><strong>nos</strong></span> <span class='ocrx_word' id='word_1_393' title='bbox 1234 3335 1566 3404; x_wconf 86' lang='lat' dir='ltr'><strong>spiritalibus</strong></span> <span class='ocrx_word' id='word_1_394' title='bbox 1609 3340 1939 3406; x_wconf 88' lang='lat' dir='ltr'><strong>muniamus,</strong></span> <span class='ocrx_word' id='word_1_395' title='bbox 1976 3357 2065 3397; x_wconf 88' lang='lat' dir='ltr'><strong>su-</strong></span> 
     </span>
    </p>
   </div>
   <div class='ocr_carea' id='block_1_50' title="bbox 482 3425 2060 3502">
    <p class='ocr_par' dir='ltr' id='par_1_50' title="bbox 482 3425 2060 3502">
     <span class='ocr_line' id='line_1_50' title="bbox 482 3425 2060 3502; baseline 0.011 -31"><span class='ocrx_word' id='word_1_396' title='bbox 482 3435 694 3475; x_wconf 89' lang='lat' dir='ltr'><strong>mamus</strong></span> <span class='ocrx_word' id='word_1_397' title='bbox 729 3432 933 3476; x_wconf 82' lang='lat' dir='ltr'><strong>scutum</strong></span> <span class='ocrx_word' id='word_1_398' title='bbox 965 3425 1111 3493; x_wconf 75' lang='lat' dir='ltr'><strong>ﬁdei,</strong></span> <span class='ocrx_word' id='word_1_399' title='bbox 1153 3427 1372 3482; x_wconf 90' lang='lat' dir='ltr'><strong>loricam</strong></span> <span class='ocrx_word' id='word_1_400' title='bbox 1405 3430 1632 3499; x_wconf 77' lang='lat' dir='ltr'><strong>justitiw</strong></span> <span class='ocrx_word' id='word_1_401' title='bbox 1663 3442 1711 3486; x_wconf 83' lang='lat' dir='ltr'><strong>et</strong></span> <span class='ocrx_word' id='word_1_402' title='bbox 1738 3433 1942 3502; x_wconf 84' lang='lat' dir='ltr'><strong>galeam</strong></span> <span class='ocrx_word' id='word_1_403' title='bbox 1971 3451 2060 3488; x_wconf 89' lang='lat' dir='ltr'><strong>sa-</strong></span> 
     </span>
    </p>
   </div>
   <div class='ocr_carea' id='block_1_51' title="bbox 481 3508 2056 3595">
    <p class='ocr_par' dir='ltr' id='par_1_51' title="bbox 481 3508 2056 3595">
     <span class='ocr_line' id='line_1_51' title="bbox 481 3508 2056 3595; baseline 0.011 -34"><span class='ocrx_word' id='word_1_404' title='bbox 481 3508 629 3573; x_wconf 86' lang='lat' dir='ltr'><strong>lutis,</strong></span> <span class='ocrx_word' id='word_1_405' title='bbox 652 3521 698 3564; x_wconf 86' lang='lat' dir='ltr'><strong>et</strong></span> <span class='ocrx_word' id='word_1_406' title='bbox 723 3511 957 3581; x_wconf 86' lang='lat' dir='ltr'><strong>gladium</strong></span> <span class='ocrx_word' id='word_1_407' title='bbox 977 3516 1210 3584; x_wconf 78' lang='lat' dir='ltr'><strong>spiritus,</strong></span> <span class='ocrx_word' id='word_1_408' title='bbox 1237 3519 1375 3588; x_wconf 88' lang='lat' dir='ltr'><strong>quod</strong></span> <span class='ocrx_word' id='word_1_409' title='bbox 1395 3530 1469 3574; x_wconf 86' lang='lat' dir='ltr'><strong>est</strong></span> <span class='ocrx_word' id='word_1_410' title='bbox 1492 3523 1698 3576; x_wconf 85' lang='lat' dir='ltr'><strong>verbum</strong></span> <span class='ocrx_word' id='word_1_411' title='bbox 1721 3523 1818 3577; x_wconf 86' lang='lat' dir='ltr'><strong>Dei</strong></span> <span class='ocrx_word' id='word_1_412' title='bbox 1839 3524 2056 3595; x_wconf 75' lang='lat' dir='ltr'><strong>(Ep/tes.</strong></span> 
     </span>
    </p>
   </div>
   <div class='ocr_carea' id='block_1_52' title="bbox 480 3602 2060 3685">
    <p class='ocr_par' dir='ltr' id='par_1_52' title="bbox 480 3602 2060 3685">
     <span class='ocr_line' id='line_1_52' title="bbox 480 3602 2060 3685; baseline 0.015 -31"><span class='ocrx_word' id='word_1_413' title='bbox 480 3602 577 3670; x_wconf 78' lang='lat' dir='ltr'><strong>vt).</strong></span> <span class='ocrx_word' id='word_1_414' title='bbox 616 3602 845 3660; x_wconf 89' lang='lat' dir='ltr'><strong>Oremus</strong></span> <span class='ocrx_word' id='word_1_415' title='bbox 892 3617 952 3662; x_wconf 89' lang='lat' dir='ltr'><strong>ut</strong></span> <span class='ocrx_word' id='word_1_416' title='bbox 999 3626 1105 3664; x_wconf 89' lang='lat' dir='ltr'><strong>non</strong></span> <span class='ocrx_word' id='word_1_417' title='bbox 1153 3612 1418 3671; x_wconf 89' lang='lat' dir='ltr'><strong>intremus</strong></span> <span class='ocrx_word' id='word_1_418' title='bbox 1464 3617 1519 3670; x_wconf 91' lang='lat' dir='ltr'><strong>in</strong></span> <span class='ocrx_word' id='word_1_419' title='bbox 1560 3621 1942 3685; x_wconf 87' lang='lat' dir='ltr'><strong>tentationem,</strong></span> <span class='ocrx_word' id='word_1_420' title='bbox 1991 3638 2060 3678; x_wconf 90' lang='lat' dir='ltr'><strong>ne</strong></span> 
     </span>
    </p>
   </div>
   <div class='ocr_carea' id='block_1_53' title="bbox 479 3692 2058 3775">
    <p class='ocr_par' dir='ltr' id='par_1_53' title="bbox 479 3692 2058 3775">
     <span class='ocr_line' id='line_1_53' title="bbox 479 3692 2058 3775; baseline 0.015 -31"><span class='ocrx_word' id='word_1_421' title='bbox 479 3692 968 3750; x_wconf 87' lang='lat' dir='ltr'><strong>circumveniamur</strong></span> <span class='ocrx_word' id='word_1_422' title='bbox 1002 3713 1032 3752; x_wconf 89' lang='lat' dir='ltr'><strong>a</strong></span> <span class='ocrx_word' id='word_1_423' title='bbox 1073 3699 1305 3768; x_wconf 87' lang='lat' dir='ltr'><strong>Satana,</strong></span> <span class='ocrx_word' id='word_1_424' title='bbox 1337 3719 1404 3759; x_wconf 91' lang='lat' dir='ltr'><strong>ne</strong></span> <span class='ocrx_word' id='word_1_425' title='bbox 1441 3707 1779 3775; x_wconf 86' lang='lat' dir='ltr'><strong>periclitetur</strong></span> <span class='ocrx_word' id='word_1_426' title='bbox 1817 3711 1926 3765; x_wconf 87' lang='lat' dir='ltr'><strong>vita</strong></span> <span class='ocrx_word' id='word_1_427' title='bbox 1963 3728 2058 3767; x_wconf 85' lang='lat' dir='ltr'><strong>no-</strong></span> 
     </span>
    </p>
   </div>
   <div class='ocr_carea' id='block_1_54' title="bbox 477 3790 2054 3869">
    <p class='ocr_par' dir='ltr' id='par_1_54' title="bbox 477 3790 2054 3869">
     <span class='ocr_line' id='line_1_54' title="bbox 477 3790 2054 3869; baseline 0.017 -34"><span class='ocrx_word' id='word_1_428' title='bbox 477 3791 624 3848; x_wconf 85' lang='lat' dir='ltr'><strong>stra,</strong></span> <span class='ocrx_word' id='word_1_429' title='bbox 679 3800 748 3840; x_wconf 89' lang='lat' dir='ltr'><strong>ne</strong></span> <span class='ocrx_word' id='word_1_430' title='bbox 798 3790 1033 3856; x_wconf 86' lang='lat' dir='ltr'><strong>peccatis</strong></span> <span class='ocrx_word' id='word_1_431' title='bbox 1071 3795 1271 3850; x_wconf 90' lang='lat' dir='ltr'><strong>nostris</strong></span> <span class='ocrx_word' id='word_1_432' title='bbox 1313 3799 1652 3869; x_wconf 84' lang='lat' dir='ltr'><strong>exigentibus</strong></span> <span class='ocrx_word' id='word_1_433' title='bbox 1686 3805 1964 3860; x_wconf 88' lang='lat' dir='ltr'><strong>tradamur</strong></span> <span class='ocrx_word' id='word_1_434' title='bbox 2002 3808 2054 3862; x_wconf 91' lang='lat' dir='ltr'><strong>in</strong></span> 
     </span>
    </p>
   </div>
   <div class='ocr_carea' id='block_1_55' title="bbox 477 3876 2054 3960">
    <p class='ocr_par' dir='ltr' id='par_1_55' title="bbox 477 3876 2054 3960">
     <span class='ocr_line' id='line_1_55' title="bbox 477 3876 2054 3960; baseline 0.016 -32"><span class='ocrx_word' id='word_1_435' title='bbox 477 3876 771 3933; x_wconf 84' lang='lat' dir='ltr'><strong>adversarii</strong></span> <span class='ocrx_word' id='word_1_436' title='bbox 808 3889 1146 3950; x_wconf 88' lang='lat' dir='ltr'><strong>potestatem,</strong></span> <span class='ocrx_word' id='word_1_437' title='bbox 1184 3895 1239 3941; x_wconf 90' lang='lat' dir='ltr'><strong>et</strong></span> <span class='ocrx_word' id='word_1_438' title='bbox 1274 3887 1327 3943; x_wconf 94' lang='lat' dir='ltr'><strong>in</strong></span> <span class='ocrx_word' id='word_1_439' title='bbox 1359 3905 1635 3947; x_wconf 88' lang='lat' dir='ltr'><strong>carcerem</strong></span> <span class='ocrx_word' id='word_1_440' title='bbox 1670 3895 1968 3960; x_wconf 89' lang='lat' dir='ltr'><strong>mittamur,</strong></span> <span class='ocrx_word' id='word_1_441' title='bbox 2001 3899 2054 3954; x_wconf 95' lang='lat' dir='ltr'><strong>in</strong></span> 
     </span>
    </p>
   </div>
   <div class='ocr_carea' id='block_1_56' title="bbox 476 3967 2051 4055">
    <p class='ocr_par' dir='ltr' id='par_1_56' title="bbox 476 3967 2051 4055">
     <span class='ocr_line' id='line_1_56' title="bbox 476 3967 2051 4055; baseline 0.014 -33"><span class='ocrx_word' id='word_1_442' title='bbox 476 3967 653 4037; x_wconf 85' lang='lat' dir='ltr'><strong>ignem</strong></span> <span class='ocrx_word' id='word_1_443' title='bbox 692 3969 941 4028; x_wconf 89' lang='lat' dir='ltr'><strong>videlicet</strong></span> <span class='ocrx_word' id='word_1_444' title='bbox 985 3984 1271 4044; x_wconf 85' lang='lat' dir='ltr'><strong>:eternum,</strong></span> <span class='ocrx_word' id='word_1_445' title='bbox 1325 3980 1379 4035; x_wconf 92' lang='lat' dir='ltr'><strong>in</strong></span> <span class='ocrx_word' id='word_1_446' title='bbox 1435 3985 1692 4039; x_wconf 87' lang='lat' dir='ltr'><strong>tenebras</strong></span> <span class='ocrx_word' id='word_1_447' title='bbox 1730 3988 2051 4055; x_wconf 84' lang='lat' dir='ltr'><strong>exteriores,</strong></span> 
     </span>
    </p>
   </div>
   <div class='ocr_carea' id='block_1_57' title="bbox 474 4060 2050 4147">
    <p class='ocr_par' dir='ltr' id='par_1_57' title="bbox 474 4060 2050 4147">
     <span class='ocr_line' id='line_1_57' title="bbox 474 4060 2050 4147; baseline 0.015 -34"><span class='ocrx_word' id='word_1_448' title='bbox 474 4061 564 4114; x_wconf 89' lang='lat' dir='ltr'><strong>ubi</strong></span> <span class='ocrx_word' id='word_1_449' title='bbox 605 4063 710 4116; x_wconf 92' lang='lat' dir='ltr'><strong>erit</strong></span> <span class='ocrx_word' id='word_1_450' title='bbox 752 4060 906 4118; x_wconf 90' lang='lat' dir='ltr'><strong>fletus</strong></span> <span class='ocrx_word' id='word_1_451' title='bbox 933 4075 986 4120; x_wconf 93' lang='lat' dir='ltr'><strong>et</strong></span> <span class='ocrx_word' id='word_1_452' title='bbox 1015 4069 1218 4123; x_wconf 91' lang='lat' dir='ltr'><strong>stridor</strong></span> <span class='ocrx_word' id='word_1_453' title='bbox 1245 4071 1486 4128; x_wconf 88' lang='lat' dir='ltr'><strong>dentium</strong></span> <span class='ocrx_word' id='word_1_454' title='bbox 1523 4094 1534 4128; x_wconf 90' lang='lat'><strong>:</strong></span> <span class='ocrx_word' id='word_1_455' title='bbox 1567 4075 1724 4130; x_wconf 90' lang='lat' dir='ltr'><strong>dolor</strong></span> <span class='ocrx_word' id='word_1_456' title='bbox 1771 4078 1888 4133; x_wconf 91' lang='lat' dir='ltr'><strong>sine</strong></span> <span class='ocrx_word' id='word_1_457' title='bbox 1925 4081 2050 4147; x_wconf 82' lang='lat' dir='ltr'><strong>fine,</strong></span> 
     </span>
    </p>
   </div>
   <div class='ocr_carea' id='block_1_58' title="bbox 470 4151 2052 4233">
    <p class='ocr_par' dir='ltr' id='par_1_58' title="bbox 470 4151 2052 4233">
     <span class='ocr_line' id='line_1_58' title="bbox 470 4151 2052 4233; baseline 0.015 -31"><span class='ocrx_word' id='word_1_458' title='bbox 470 4156 528 4203; x_wconf 86' lang='lat' dir='ltr'><strong>et</strong></span> <span class='ocrx_word' id='word_1_459' title='bbox 547 4151 905 4220; x_wconf 89' lang='lat' dir='ltr'><strong>sempitemus</strong></span> <span class='ocrx_word' id='word_1_460' title='bbox 929 4154 1174 4212; x_wconf 90' lang='lat' dir='ltr'><strong>interitus</strong></span> <span class='ocrx_word' id='word_1_461' title='bbox 1196 4199 1212 4223; x_wconf 91' lang='lat'><strong>,</strong></span> <span class='ocrx_word' id='word_1_462' title='bbox 1249 4161 1340 4228; x_wconf 90' lang='lat' dir='ltr'><strong>qui</strong></span> <span class='ocrx_word' id='word_1_463' title='bbox 1371 4174 1705 4233; x_wconf 62' lang='lat' dir='ltr'><strong>praeparatus</strong></span> <span class='ocrx_word' id='word_1_464' title='bbox 1727 4175 1810 4221; x_wconf 89' lang='lat' dir='ltr'><strong>est</strong></span> <span class='ocrx_word' id='word_1_465' title='bbox 1840 4168 2052 4225; x_wconf 88' lang='lat' dir='ltr'><strong>diabolo</strong></span> 
     </span>
    </p>
   </div>
   <div class='ocr_carea' id='block_1_59' title="bbox 471 4240 2052 4326">
    <p class='ocr_par' dir='ltr' id='par_1_59' title="bbox 471 4240 2052 4326">
     <span class='ocr_line' id='line_1_59' title="bbox 471 4240 2052 4326; baseline 0.017 -35"><span class='ocrx_word' id='word_1_466' title='bbox 471 4245 527 4292; x_wconf 90' lang='lat' dir='ltr'><strong>et</strong></span> <span class='ocrx_word' id='word_1_467' title='bbox 562 4240 764 4310; x_wconf 87' lang='lat' dir='ltr'><strong>angelis</strong></span> <span class='ocrx_word' id='word_1_468' title='bbox 791 4241 905 4309; x_wconf 93' lang='lat' dir='ltr'><strong>ejus</strong></span> <span class='ocrx_word' id='word_1_469' title='bbox 930 4243 1144 4314; x_wconf 82' lang='lat' dir='ltr'><strong>(Matth.</strong></span> <span class='ocrx_word' id='word_1_470' title='bbox 1195 4265 1322 4314; x_wconf 89' lang='lat' dir='ltr'><strong>vm,</strong></span> <span class='ocrx_word' id='word_1_471' title='bbox 1368 4253 1513 4325; x_wconf 86' lang='lat' dir='ltr'><strong>xm),</strong></span> <span class='ocrx_word' id='word_1_472' title='bbox 1545 4273 1708 4326; x_wconf 87' lang='lat' dir='ltr'><strong>quem</strong></span> <span class='ocrx_word' id='word_1_473' title='bbox 1751 4275 1848 4314; x_wconf 92' lang='lat' dir='ltr'><strong>nos</strong></span> <span class='ocrx_word' id='word_1_474' title='bbox 1880 4263 2052 4317; x_wconf 86' lang='lat' dir='ltr'><strong>vitare</strong></span> 
     </span>
    </p>
   </div>
   <div class='ocr_carea' id='block_1_60' title="bbox 470 4329 2047 4420">
    <p class='ocr_par' dir='ltr' id='par_1_60' title="bbox 470 4329 2047 4420">
     <span class='ocr_line' id='line_1_60' title="bbox 470 4329 2047 4420; baseline 0.018 -40"><span class='ocrx_word' id='word_1_475' title='bbox 470 4335 527 4382; x_wconf 90' lang='lat' dir='ltr'><strong>et</strong></span> <span class='ocrx_word' id='word_1_476' title='bbox 570 4329 639 4382; x_wconf 89' lang='lat' dir='ltr'><strong>ad</strong></span> <span class='ocrx_word' id='word_1_477' title='bbox 680 4338 935 4386; x_wconf 68' lang='lat' dir='ltr'><strong>aeternam</strong></span> <span class='ocrx_word' id='word_1_478' title='bbox 971 4335 1354 4395; x_wconf 88' lang='lat' dir='ltr'><strong>beatitudinem</strong></span> <span class='ocrx_word' id='word_1_479' title='bbox 1397 4344 1782 4418; x_wconf 62' lang='lat' dir='ltr'><strong>caelestemque</strong></span> <span class='ocrx_word' id='word_1_480' title='bbox 1821 4351 2047 4420; x_wconf 87' lang='lat' dir='ltr'><strong>gloriam</strong></span> 
     </span>
    </p>
   </div>
   <div class='ocr_carea' id='block_1_61' title="bbox 2185 1870 3771 1941">
    <p class='ocr_par' dir='ltr' id='par_1_61' title="bbox 2185 1870 3771 1941">
     <span class='ocr_line' id='line_1_61' title="bbox 2185 1870 3771 1941; baseline 0.003 -15"><span class='ocrx_word' id='word_1_481' title='bbox 2185 1871 2295 1926; x_wconf 89' lang='lat' dir='ltr'><strong>Sub</strong></span> <span class='ocrx_word' id='word_1_482' title='bbox 2315 1873 2419 1927; x_wconf 86' lang='lat' dir='ltr'><strong>isto</strong></span> <span class='ocrx_word' id='word_1_483' title='bbox 2448 1872 2633 1937; x_wconf 87' lang='lat' dir='ltr'><strong>Patre,</strong></span> <span class='ocrx_word' id='word_1_484' title='bbox 2667 1870 2864 1928; x_wconf 88' lang='lat' dir='ltr'><strong>fratres</strong></span> <span class='ocrx_word' id='word_1_485' title='bbox 2890 1880 3038 1938; x_wconf 90' lang='lat' dir='ltr'><strong>sunt,</strong></span> <span class='ocrx_word' id='word_1_486' title='bbox 3068 1873 3317 1930; x_wconf 89' lang='lat' dir='ltr'><strong>dominus</strong></span> <span class='ocrx_word' id='word_1_487' title='bbox 3339 1882 3393 1929; x_wconf 90' lang='lat' dir='ltr'><strong>et</strong></span> <span class='ocrx_word' id='word_1_488' title='bbox 3428 1891 3636 1941; x_wconf 86' lang='lat' dir='ltr'><strong>servus,</strong></span> <span class='ocrx_word' id='word_1_489' title='bbox 3665 1876 3771 1931; x_wconf 84' lang='lat' dir='ltr'><strong>im-</strong></span> 
     </span>
    </p>
   </div>
   <div class='ocr_carea' id='block_1_62' title="bbox 2181 1963 3767 2035">
    <p class='ocr_par' dir='ltr' id='par_1_62' title="bbox 2181 1963 3767 2035">
     <span class='ocr_line' id='line_1_62' title="bbox 2181 1963 3767 2035; baseline 0.003 -16"><span class='ocrx_word' id='word_1_490' title='bbox 2181 1973 2400 2034; x_wconf 88' lang='lat' dir='ltr'><strong>perator</strong></span> <span class='ocrx_word' id='word_1_491' title='bbox 2427 1973 2483 2019; x_wconf 90' lang='lat' dir='ltr'><strong>et</strong></span> <span class='ocrx_word' id='word_1_492' title='bbox 2514 1963 2691 2029; x_wconf 90' lang='lat' dir='ltr'><strong>miles,</strong></span> <span class='ocrx_word' id='word_1_493' title='bbox 2727 1964 2876 2020; x_wconf 87' lang='lat' dir='ltr'><strong>dives</strong></span> <span class='ocrx_word' id='word_1_494' title='bbox 2903 1972 2959 2020; x_wconf 90' lang='lat' dir='ltr'><strong>et</strong></span> <span class='ocrx_word' id='word_1_495' title='bbox 2988 1979 3213 2035; x_wconf 90' lang='lat' dir='ltr'><strong>pauper.</strong></span> <span class='ocrx_word' id='word_1_496' title='bbox 3246 1965 3446 2022; x_wconf 88' lang='lat' dir='ltr'><strong>Omnes</strong></span> <span class='ocrx_word' id='word_1_497' title='bbox 3472 1965 3767 2023; x_wconf 89' lang='lat' dir='ltr'><strong>Christiani</strong></span> 
     </span>
    </p>
   </div>
   <div class='ocr_carea' id='block_1_63' title="bbox 2182 2054 3763 2125">
    <p class='ocr_par' dir='ltr' id='par_1_63' title="bbox 2182 2054 3763 2125">
     <span class='ocr_line' id='line_1_63' title="bbox 2182 2054 3763 2125; baseline 0.003 -18"><span class='ocrx_word' id='word_1_498' title='bbox 2182 2054 2370 2110; x_wconf 86' lang='lat' dir='ltr'><strong>fideles</strong></span> <span class='ocrx_word' id='word_1_499' title='bbox 2406 2055 2648 2110; x_wconf 84' lang='lat' dir='ltr'><strong>diversos</strong></span> <span class='ocrx_word' id='word_1_500' title='bbox 2679 2054 2878 2110; x_wconf 86' lang='lat' dir='ltr'><strong>habent</strong></span> <span class='ocrx_word' id='word_1_501' title='bbox 2905 2063 3090 2125; x_wconf 90' lang='lat' dir='ltr'><strong>patres</strong></span> <span class='ocrx_word' id='word_1_502' title='bbox 3111 2055 3166 2110; x_wconf 90' lang='lat' dir='ltr'><strong>in</strong></span> <span class='ocrx_word' id='word_1_503' title='bbox 3195 2065 3373 2123; x_wconf 88' lang='lat' dir='ltr'><strong>terra,</strong></span> <span class='ocrx_word' id='word_1_504' title='bbox 3415 2056 3506 2112; x_wconf 92' lang='lat' dir='ltr'><strong>alii</strong></span> <span class='ocrx_word' id='word_1_505' title='bbox 3537 2057 3763 2120; x_wconf 91' lang='lat' dir='ltr'><strong>nobiles,</strong></span> 
     </span>
    </p>
   </div>
   <div class='ocr_carea' id='block_1_64' title="bbox 2180 2145 3768 2218">
    <p class='ocr_par' dir='ltr' id='par_1_64' title="bbox 2180 2145 3768 2218">
     <span class='ocr_line' id='line_1_64' title="bbox 2180 2145 3768 2218; baseline -0.001 -15"><span class='ocrx_word' id='word_1_506' title='bbox 2180 2148 2272 2203; x_wconf 88' lang='lat' dir='ltr'><strong>alii</strong></span> <span class='ocrx_word' id='word_1_507' title='bbox 2304 2147 2585 2218; x_wconf 87' lang='lat' dir='ltr'><strong>ignobiles,</strong></span> <span class='ocrx_word' id='word_1_508' title='bbox 2634 2162 2799 2201; x_wconf 92' lang='lat' dir='ltr'><strong>unum</strong></span> <span class='ocrx_word' id='word_1_509' title='bbox 2828 2161 2960 2202; x_wconf 89' lang='lat' dir='ltr'><strong>vero</strong></span> <span class='ocrx_word' id='word_1_510' title='bbox 2985 2145 3204 2202; x_wconf 88' lang='lat' dir='ltr'><strong>Patrem</strong></span> <span class='ocrx_word' id='word_1_511' title='bbox 3240 2147 3516 2212; x_wconf 86' lang='lat' dir='ltr'><strong>invocant,</strong></span> <span class='ocrx_word' id='word_1_512' title='bbox 3554 2147 3647 2217; x_wconf 89' lang='lat' dir='ltr'><strong>qui</strong></span> <span class='ocrx_word' id='word_1_513' title='bbox 3682 2155 3768 2202; x_wconf 89' lang='lat' dir='ltr'><strong>est</strong></span> 
     </span>
    </p>
   </div>
   <div class='ocr_carea' id='block_1_65' title="bbox 2181 2239 3767 2313">
    <p class='ocr_par' dir='ltr' id='par_1_65' title="bbox 2181 2239 3767 2313">
     <span class='ocr_line' id='line_1_65' title="bbox 2181 2239 3767 2313; baseline 0.001 -19"><span class='ocrx_word' id='word_1_514' title='bbox 2181 2240 2233 2294; x_wconf 93' lang='lat' dir='ltr'><strong>in</strong></span> <span class='ocrx_word' id='word_1_515' title='bbox 2260 2241 2442 2306; x_wconf 75' lang='lat' dir='ltr'><strong>etelis;</strong></span> <span class='ocrx_word' id='word_1_516' title='bbox 2473 2250 2527 2296; x_wconf 92' lang='lat' dir='ltr'><strong>et</strong></span> <span class='ocrx_word' id='word_1_517' title='bbox 2552 2241 2598 2296; x_wconf 91' lang='lat' dir='ltr'><strong>si</strong></span> <span class='ocrx_word' id='word_1_518' title='bbox 2626 2239 2699 2295; x_wconf 89' lang='lat' dir='ltr'><strong>ibi</strong></span> <span class='ocrx_word' id='word_1_519' title='bbox 2725 2252 2810 2297; x_wconf 89' lang='lat' dir='ltr'><strong>est</strong></span> <span class='ocrx_word' id='word_1_520' title='bbox 2838 2242 3000 2297; x_wconf 87' lang='lat' dir='ltr'><strong>Pater</strong></span> <span class='ocrx_word' id='word_1_521' title='bbox 3019 2250 3224 2308; x_wconf 86' lang='lat' dir='ltr'><strong>noster,</strong></span> <span class='ocrx_word' id='word_1_522' title='bbox 3269 2242 3344 2297; x_wconf 90' lang='lat' dir='ltr'><strong>ibi</strong></span> <span class='ocrx_word' id='word_1_523' title='bbox 3374 2242 3529 2298; x_wconf 90' lang='lat' dir='ltr'><strong>nobis</strong></span> <span class='ocrx_word' id='word_1_524' title='bbox 3556 2257 3767 2313; x_wconf 71' lang='lat' dir='ltr'><strong>praepa-</strong></span> 
     </span>
    </p>
   </div>
   <div class='ocr_carea' id='block_1_66' title="bbox 2180 2316 3766 2405">
    <p class='ocr_par' dir='ltr' id='par_1_66' title="bbox 2180 2316 3766 2405">
     <span class='ocr_line' id='line_1_66' title="bbox 2180 2316 3766 2405; baseline 0.002 -19"><span class='ocrx_word' id='word_1_525' title='bbox 2180 2341 2332 2386; x_wconf 89' lang='lat' dir='ltr'><strong>ratur</strong></span> <span class='ocrx_word' id='word_1_526' title='bbox 2369 2333 2659 2388; x_wconf 79' lang='lat' dir='ltr'><strong>haereditas</strong></span> <span class='ocrx_word' id='word_1_527' title='bbox 2685 2351 2697 2386; x_wconf 92' lang='lat'>:</span> <span class='ocrx_word' id='word_1_528' title='bbox 2723 2334 2850 2403; x_wconf 89' lang='lat' dir='ltr'><strong>quia</strong></span> <span class='ocrx_word' id='word_1_529' title='bbox 2891 2348 3021 2404; x_wconf 87' lang='lat' dir='ltr'><strong>ergo</strong></span> <span class='ocrx_word' id='word_1_530' title='bbox 3062 2333 3366 2390; x_wconf 76' lang='lat' dir='ltr'><strong>audivimus</strong></span> <span class='ocrx_word' id='word_1_531' title='bbox 3405 2316 3436 2388; x_wconf 79' lang='lat' dir='ltr'><strong>a</strong></span> <span class='ocrx_word' id='word_1_532' title='bbox 3473 2349 3583 2404; x_wconf 88' lang='lat' dir='ltr'><strong>quo</strong></span> <span class='ocrx_word' id='word_1_533' title='bbox 3612 2343 3766 2405; x_wconf 82' lang='lat' dir='ltr'><strong>peta-</strong></span> 
     </span>
    </p>
   </div>
   <div class='ocr_carea' id='block_1_67' title="bbox 2178 2423 3766 2494">
    <p class='ocr_par' dir='ltr' id='par_1_67' title="bbox 2178 2423 3766 2494">
     <span class='ocr_line' id='line_1_67' title="bbox 2178 2423 3766 2494; baseline 0 -16"><span class='ocrx_word' id='word_1_534' title='bbox 2178 2440 2319 2487; x_wconf 93' lang='lat' dir='ltr'><strong>mus,</strong></span> <span class='ocrx_word' id='word_1_535' title='bbox 2352 2424 2590 2480; x_wconf 90' lang='lat' dir='ltr'><strong>seiamus</strong></span> <span class='ocrx_word' id='word_1_536' title='bbox 2613 2423 2727 2493; x_wconf 90' lang='lat' dir='ltr'><strong>jam</strong></span> <span class='ocrx_word' id='word_1_537' title='bbox 2753 2424 2882 2494; x_wconf 88' lang='lat' dir='ltr'><strong>quid</strong></span> <span class='ocrx_word' id='word_1_538' title='bbox 2911 2431 3179 2492; x_wconf 88' lang='lat' dir='ltr'><strong>petamus,</strong></span> <span class='ocrx_word' id='word_1_539' title='bbox 3210 2438 3278 2478; x_wconf 91' lang='lat' dir='ltr'><strong>ne</strong></span> <span class='ocrx_word' id='word_1_540' title='bbox 3305 2423 3444 2480; x_wconf 86' lang='lat' dir='ltr'><strong>forte</strong></span> <span class='ocrx_word' id='word_1_541' title='bbox 3473 2423 3634 2479; x_wconf 89' lang='lat' dir='ltr'><strong>talem</strong></span> <span class='ocrx_word' id='word_1_542' title='bbox 3661 2423 3766 2478; x_wconf 87' lang='lat' dir='ltr'><strong>Pa-</strong></span> 
     </span>
    </p>
   </div>
   <div class='ocr_carea' id='block_1_68' title="bbox 2179 2513 3762 2584">
    <p class='ocr_par' dir='ltr' id='par_1_68' title="bbox 2179 2513 3762 2584">
     <span class='ocr_line' id='line_1_68' title="bbox 2179 2513 3762 2584; baseline 0.001 -18"><span class='ocrx_word' id='word_1_543' title='bbox 2179 2520 2339 2578; x_wconf 90' lang='lat' dir='ltr'><strong>trem,</strong></span> <span class='ocrx_word' id='word_1_544' title='bbox 2370 2513 2509 2567; x_wconf 89' lang='lat' dir='ltr'><strong>male</strong></span> <span class='ocrx_word' id='word_1_545' title='bbox 2534 2514 2798 2584; x_wconf 90' lang='lat' dir='ltr'><strong>petendo,</strong></span> <span class='ocrx_word' id='word_1_546' title='bbox 2828 2513 3182 2571; x_wconf 91' lang='lat' dir='ltr'><strong>offendamus.</strong></span> <span class='ocrx_word' id='word_1_547' title='bbox 3214 2513 3394 2569; x_wconf 87' lang='lat' dir='ltr'><strong>Prima</strong></span> <span class='ocrx_word' id='word_1_548' title='bbox 3416 2529 3546 2584; x_wconf 91' lang='lat' dir='ltr'><strong>ergo</strong></span> <span class='ocrx_word' id='word_1_549' title='bbox 3569 2515 3762 2584; x_wconf 90' lang='lat' dir='ltr'><strong>petitio</strong></span> 
     </span>
    </p>
   </div>
   <div class='ocr_carea' id='block_1_69' title="bbox 2175 2605 3763 2676">
    <p class='ocr_par' dir='ltr' id='par_1_69' title="bbox 2175 2605 3763 2676">
     <span class='ocr_line' id='line_1_69' title="bbox 2175 2605 3763 2676; baseline 0.003 -18"><span class='ocrx_word' id='word_1_550' title='bbox 2175 2612 2278 2668; x_wconf 90' lang='lat' dir='ltr'><strong>est,</strong></span> <span class='ocrx_word' id='word_1_551' title='bbox 2320 2605 2675 2673; x_wconf 80' lang='lat' dir='ltr'><strong>sanctiﬁcetur</strong></span> <span class='ocrx_word' id='word_1_552' title='bbox 2721 2622 2906 2661; x_wconf 86' lang='lat' dir='ltr'><strong>nomen</strong></span> <span class='ocrx_word' id='word_1_553' title='bbox 2945 2616 3093 2661; x_wconf 89' lang='lat' dir='ltr'><strong>tuum</strong></span> <span class='ocrx_word' id='word_1_554' title='bbox 3123 2623 3142 2661; x_wconf 91' lang='lat'><strong><em>:</em></strong></span> <span class='ocrx_word' id='word_1_555' title='bbox 3171 2621 3370 2661; x_wconf 92' lang='lat' dir='ltr'><strong>nomen</strong></span> <span class='ocrx_word' id='word_1_556' title='bbox 3408 2607 3504 2662; x_wconf 89' lang='lat' dir='ltr'><strong>Dei</strong></span> <span class='ocrx_word' id='word_1_557' title='bbox 3545 2621 3763 2676; x_wconf 89' lang='lat' dir='ltr'><strong>semper</strong></span> 
     </span>
    </p>
   </div>
   <div class='ocr_carea' id='block_1_70' title="bbox 2172 2696 3756 2768">
    <p class='ocr_par' dir='ltr' id='par_1_70' title="bbox 2172 2696 3756 2768">
     <span class='ocr_line' id='line_1_70' title="bbox 2172 2696 3756 2768; baseline 0.001 -19"><span class='ocrx_word' id='word_1_558' title='bbox 2172 2704 2420 2749; x_wconf 87' lang='lat' dir='ltr'><strong>sanetum</strong></span> <span class='ocrx_word' id='word_1_559' title='bbox 2463 2704 2575 2760; x_wconf 88' lang='lat' dir='ltr'><strong>est;</strong></span> <span class='ocrx_word' id='word_1_560' title='bbox 2619 2711 2790 2765; x_wconf 88' lang='lat' dir='ltr'><strong>quare</strong></span> <span class='ocrx_word' id='word_1_561' title='bbox 2824 2712 2953 2768; x_wconf 90' lang='lat' dir='ltr'><strong>ergo</strong></span> <span class='ocrx_word' id='word_1_562' title='bbox 2991 2697 3226 2765; x_wconf 91' lang='lat' dir='ltr'><strong>petimus</strong></span> <span class='ocrx_word' id='word_1_563' title='bbox 3261 2704 3323 2752; x_wconf 93' lang='lat' dir='ltr'><strong>ut</strong></span> <span class='ocrx_word' id='word_1_564' title='bbox 3363 2696 3756 2761; x_wconf 89' lang='lat' dir='ltr'><strong>sanetifieetur,</strong></span> 
     </span>
    </p>
   </div>
   <div class='ocr_carea' id='block_1_71' title="bbox 2171 2787 3758 2858">
    <p class='ocr_par' dir='ltr' id='par_1_71' title="bbox 2171 2787 3758 2858">
     <span class='ocr_line' id='line_1_71' title="bbox 2171 2787 3758 2858; baseline 0 -16"><span class='ocrx_word' id='word_1_565' title='bbox 2171 2788 2274 2843; x_wconf 90' lang='lat' dir='ltr'><strong>nisi</strong></span> <span class='ocrx_word' id='word_1_566' title='bbox 2301 2798 2357 2842; x_wconf 89' lang='lat' dir='ltr'><strong>ut</strong></span> <span class='ocrx_word' id='word_1_567' title='bbox 2388 2803 2488 2844; x_wconf 92' lang='lat' dir='ltr'><strong>nos</strong></span> <span class='ocrx_word' id='word_1_568' title='bbox 2516 2804 2614 2858; x_wconf 92' lang='lat' dir='ltr'><strong>per</strong></span> <span class='ocrx_word' id='word_1_569' title='bbox 2653 2789 2827 2858; x_wconf 92' lang='lat' dir='ltr'><strong>ipsum</strong></span> <span class='ocrx_word' id='word_1_570' title='bbox 2860 2789 3284 2853; x_wconf 90' lang='lat' dir='ltr'><strong>sanctificemur,</strong></span> <span class='ocrx_word' id='word_1_571' title='bbox 3314 2797 3370 2844; x_wconf 90' lang='lat' dir='ltr'><strong>et</strong></span> <span class='ocrx_word' id='word_1_572' title='bbox 3397 2787 3758 2844; x_wconf 87' lang='lat' dir='ltr'><strong>sanctificatio</strong></span> 
     </span>
    </p>
   </div>
   <div class='ocr_carea' id='block_1_72' title="bbox 2172 2877 3757 2950">
    <p class='ocr_par' dir='ltr' id='par_1_72' title="bbox 2172 2877 3757 2950">
     <span class='ocr_line' id='line_1_72' title="bbox 2172 2877 3757 2950; baseline -0.003 -15"><span class='ocrx_word' id='word_1_573' title='bbox 2172 2880 2267 2935; x_wconf 88' lang='lat' dir='ltr'><strong>Dei</strong></span> <span class='ocrx_word' id='word_1_574' title='bbox 2310 2887 2567 2950; x_wconf 87' lang='lat' dir='ltr'><strong>appareat</strong></span> <span class='ocrx_word' id='word_1_575' title='bbox 2602 2887 2658 2935; x_wconf 91' lang='lat' dir='ltr'><strong>et</strong></span> <span class='ocrx_word' id='word_1_576' title='bbox 2695 2890 3011 2950; x_wconf 87' lang='lat' dir='ltr'><strong>permaneat</strong></span> <span class='ocrx_word' id='word_1_577' title='bbox 3052 2881 3104 2934; x_wconf 92' lang='lat' dir='ltr'><strong>in</strong></span> <span class='ocrx_word' id='word_1_578' title='bbox 3140 2880 3315 2936; x_wconf 88' lang='lat' dir='ltr'><strong>nobis.</strong></span> <span class='ocrx_word' id='word_1_579' title='bbox 3353 2878 3604 2948; x_wconf 87' lang='lat' dir='ltr'><strong>Sequitur</strong></span> <span class='ocrx_word' id='word_1_580' title='bbox 3643 2877 3757 2931; x_wconf 86' lang='lat' dir='ltr'><strong>alia</strong></span> 
     </span>
    </p>
   </div>
   <div class='ocr_carea' id='block_1_73' title="bbox 2169 2971 3758 3044">
    <p class='ocr_par' dir='ltr' id='par_1_73' title="bbox 2169 2971 3758 3044">
     <span class='ocr_line' id='line_1_73' title="bbox 2169 2971 3758 3044; baseline -0.001 -16"><span class='ocrx_word' id='word_1_581' title='bbox 2169 2975 2390 3044; x_wconf 89' lang='lat' dir='ltr'><strong>petitio,</strong></span> <span class='ocrx_word' id='word_1_582' title='bbox 2419 2973 2660 3028; x_wconf 80' lang='lat' dir='ltr'><strong>adveniat</strong></span> <span class='ocrx_word' id='word_1_583' title='bbox 2699 2990 2914 3044; x_wconf 85' lang='lat' dir='ltr'><strong>regnum</strong></span> <span class='ocrx_word' id='word_1_584' title='bbox 2945 2981 3093 3027; x_wconf 80' lang='lat' dir='ltr'><strong>tuum</strong></span> <span class='ocrx_word' id='word_1_585' title='bbox 3120 2987 3138 3025; x_wconf 87' lang='lat'><strong>.&#39;</strong></span> <span class='ocrx_word' id='word_1_586' title='bbox 3171 2972 3285 3027; x_wconf 88' lang='lat' dir='ltr'><strong>sive</strong></span> <span class='ocrx_word' id='word_1_587' title='bbox 3318 2980 3565 3041; x_wconf 90' lang='lat' dir='ltr'><strong>petamus</strong></span> <span class='ocrx_word' id='word_1_588' title='bbox 3586 3012 3602 3037; x_wconf 95' lang='lat'><strong>,</strong></span> <span class='ocrx_word' id='word_1_589' title='bbox 3639 2971 3758 3026; x_wconf 87' lang='lat' dir='ltr'><strong>sive</strong></span> 
     </span>
    </p>
   </div>
   <div class='ocr_carea' id='block_1_74' title="bbox 2171 3060 3756 3138">
    <p class='ocr_par' dir='ltr' id='par_1_74' title="bbox 2171 3060 3756 3138">
     <span class='ocr_line' id='line_1_74' title="bbox 2171 3060 3756 3138; baseline -0.001 -20"><span class='ocrx_word' id='word_1_590' title='bbox 2171 3079 2276 3119; x_wconf 91' lang='lat' dir='ltr'><strong>non</strong></span> <span class='ocrx_word' id='word_1_591' title='bbox 2304 3073 2572 3138; x_wconf 87' lang='lat' dir='ltr'><strong>petamus,</strong></span> <span class='ocrx_word' id='word_1_592' title='bbox 2597 3073 2884 3119; x_wconf 90' lang='lat' dir='ltr'><strong>venturum</strong></span> <span class='ocrx_word' id='word_1_593' title='bbox 2907 3072 2993 3118; x_wconf 90' lang='lat' dir='ltr'><strong>est</strong></span> <span class='ocrx_word' id='word_1_594' title='bbox 3020 3079 3243 3132; x_wconf 90' lang='lat' dir='ltr'><strong>regnum</strong></span> <span class='ocrx_word' id='word_1_595' title='bbox 3271 3063 3388 3117; x_wconf 90' lang='lat' dir='ltr'><strong>Dei.</strong></span> <span class='ocrx_word' id='word_1_596' title='bbox 3419 3060 3598 3128; x_wconf 89' lang='lat' dir='ltr'><strong>Quare</strong></span> <span class='ocrx_word' id='word_1_597' title='bbox 3624 3076 3756 3131; x_wconf 88' lang='lat' dir='ltr'><strong>ergo</strong></span> 
     </span>
    </p>
   </div>
   <div class='ocr_carea' id='block_1_75' title="bbox 2167 3155 3756 3224">
    <p class='ocr_par' dir='ltr' id='par_1_75' title="bbox 2167 3155 3756 3224">
     <span class='ocr_line' id='line_1_75' title="bbox 2167 3155 3756 3224; baseline 0 -16"><span class='ocrx_word' id='word_1_598' title='bbox 2167 3155 2421 3223; x_wconf 90' lang='lat' dir='ltr'><strong>petimus,</strong></span> <span class='ocrx_word' id='word_1_599' title='bbox 2446 3156 2564 3210; x_wconf 77' lang='lat' dir='ltr'><strong>:nisi</strong></span> <span class='ocrx_word' id='word_1_600' title='bbox 2597 3164 2656 3210; x_wconf 93' lang='lat' dir='ltr'><strong>ut</strong></span> <span class='ocrx_word' id='word_1_601' title='bbox 2684 3156 2866 3210; x_wconf 81' lang='lat' dir='ltr'><strong>veniat</strong></span> <span class='ocrx_word' id='word_1_602' title='bbox 2897 3164 2952 3210; x_wconf 91' lang='lat' dir='ltr'><strong>et</strong></span> <span class='ocrx_word' id='word_1_603' title='bbox 2991 3155 3146 3211; x_wconf 92' lang='lat' dir='ltr'><strong>nobis</strong></span> <span class='ocrx_word' id='word_1_604' title='bbox 3173 3155 3317 3224; x_wconf 84' lang='lat' dir='ltr'><strong>quod</strong></span> <span class='ocrx_word' id='word_1_605' title='bbox 3356 3162 3644 3209; x_wconf 88' lang='lat' dir='ltr'><strong>venturum</strong></span> <span class='ocrx_word' id='word_1_606' title='bbox 3669 3163 3756 3209; x_wconf 91' lang='lat' dir='ltr'><strong>est</strong></span> 
     </span>
    </p>
   </div>
   <div class='ocr_carea' id='block_1_76' title="bbox 2167 3245 3750 3300">
    <p class='ocr_par' dir='ltr' id='par_1_76' title="bbox 2167 3245 3750 3300">
     <span class='ocr_line' id='line_1_76' title="bbox 2167 3245 3750 3300; baseline 0.001 -3"><span class='ocrx_word' id='word_1_607' title='bbox 2167 3245 2417 3298; x_wconf 92' lang='lat' dir='ltr'><strong>omnibus</strong></span> <span class='ocrx_word' id='word_1_608' title='bbox 2454 3246 2696 3300; x_wconf 88' lang='lat' dir='ltr'><strong>sanctis?</strong></span> <span class='ocrx_word' id='word_1_609' title='bbox 2724 3254 2782 3299; x_wconf 92' lang='lat' dir='ltr'><strong>ut</strong></span> <span class='ocrx_word' id='word_1_610' title='bbox 2810 3253 2864 3300; x_wconf 92' lang='lat' dir='ltr'><strong>et</strong></span> <span class='ocrx_word' id='word_1_611' title='bbox 2897 3260 2997 3300; x_wconf 92' lang='lat' dir='ltr'><strong>nos</strong></span> <span class='ocrx_word' id='word_1_612' title='bbox 3024 3245 3164 3300; x_wconf 90' lang='lat' dir='ltr'><strong>Deus</strong></span> <span class='ocrx_word' id='word_1_613' title='bbox 3189 3245 3245 3298; x_wconf 91' lang='lat' dir='ltr'><strong>in</strong></span> <span class='ocrx_word' id='word_1_614' title='bbox 3278 3258 3506 3300; x_wconf 91' lang='lat' dir='ltr'><strong>numero</strong></span> <span class='ocrx_word' id='word_1_615' title='bbox 3530 3253 3750 3299; x_wconf 88' lang='lat' dir='ltr'><strong>sancto-</strong></span> 
     </span>
    </p>
   </div>
   <div class='ocr_carea' id='block_1_77' title="bbox 2166 3339 3748 3409">
    <p class='ocr_par' dir='ltr' id='par_1_77' title="bbox 2166 3339 3748 3409">
     <span class='ocr_line' id='line_1_77' title="bbox 2166 3339 3748 3409; baseline -0.001 -16"><span class='ocrx_word' id='word_1_616' title='bbox 2166 3355 2286 3393; x_wconf 90' lang='lat' dir='ltr'><strong>rum</strong></span> <span class='ocrx_word' id='word_1_617' title='bbox 2321 3356 2543 3394; x_wconf 89' lang='lat' dir='ltr'><strong>suorum</strong></span> <span class='ocrx_word' id='word_1_618' title='bbox 2578 3341 2796 3406; x_wconf 86' lang='lat' dir='ltr'><strong>habeat,</strong></span> <span class='ocrx_word' id='word_1_619' title='bbox 2840 3339 3035 3409; x_wconf 89' lang='lat' dir='ltr'><strong>quibus</strong></span> <span class='ocrx_word' id='word_1_620' title='bbox 3072 3347 3358 3393; x_wconf 87' lang='lat' dir='ltr'><strong>venturum</strong></span> <span class='ocrx_word' id='word_1_621' title='bbox 3401 3347 3486 3393; x_wconf 90' lang='lat' dir='ltr'><strong>est</strong></span> <span class='ocrx_word' id='word_1_622' title='bbox 3522 3352 3748 3408; x_wconf 85' lang='lat' dir='ltr'><strong>regnum</strong></span> 
     </span>
    </p>
   </div>
   <div class='ocr_carea' id='block_1_78' title="bbox 2165 3430 3747 3503">
    <p class='ocr_par' dir='ltr' id='par_1_78' title="bbox 2165 3430 3747 3503">
     <span class='ocr_line' id='line_1_78' title="bbox 2165 3430 3747 3503; baseline -0.003 -17"><span class='ocrx_word' id='word_1_623' title='bbox 2165 3431 2298 3503; x_wconf 86' lang='lat' dir='ltr'><strong>ejus.</strong></span> <span class='ocrx_word' id='word_1_624' title='bbox 2333 3431 2568 3487; x_wconf 90' lang='lat' dir='ltr'><strong>Dicimus</strong></span> <span class='ocrx_word' id='word_1_625' title='bbox 2601 3434 2757 3487; x_wconf 90' lang='lat' dir='ltr'><strong>tertia</strong></span> <span class='ocrx_word' id='word_1_626' title='bbox 2789 3433 3075 3502; x_wconf 85' lang='lat' dir='ltr'><strong>petitione,</strong></span> <span class='ocrx_word' id='word_1_627' title='bbox 3108 3431 3202 3499; x_wconf 84' lang='lat' dir='ltr'><strong>ﬁat</strong></span> <span class='ocrx_word' id='word_1_628' title='bbox 3226 3430 3460 3484; x_wconf 76' lang='lat' dir='ltr'><strong>uoluntas</strong></span> <span class='ocrx_word' id='word_1_629' title='bbox 3488 3439 3580 3484; x_wconf 85' lang='lat' dir='ltr'><strong>tua</strong></span> <span class='ocrx_word' id='word_1_630' title='bbox 3609 3430 3747 3483; x_wconf 88' lang='lat' dir='ltr'><strong>sicut</strong></span> 
     </span>
    </p>
   </div>
   <div class='ocr_carea' id='block_1_79' title="bbox 2163 3521 3749 3595">
    <p class='ocr_par' dir='ltr' id='par_1_79' title="bbox 2163 3521 3749 3595">
     <span class='ocr_line' id='line_1_79' title="bbox 2163 3521 3749 3595; baseline -0.002 -18"><span class='ocrx_word' id='word_1_631' title='bbox 2163 3525 2216 3579; x_wconf 88' lang='lat' dir='ltr'><strong>in</strong></span> <span class='ocrx_word' id='word_1_632' title='bbox 2244 3524 2368 3578; x_wconf 65' lang='lat' dir='ltr'><strong>meto</strong></span> <span class='ocrx_word' id='word_1_633' title='bbox 2397 3534 2444 3579; x_wconf 87' lang='lat' dir='ltr'><strong>et</strong></span> <span class='ocrx_word' id='word_1_634' title='bbox 2479 3527 2532 3578; x_wconf 87' lang='lat' dir='ltr'><strong>in</strong></span> <span class='ocrx_word' id='word_1_635' title='bbox 2556 3535 2695 3578; x_wconf 87' lang='lat' dir='ltr'><strong>terra</strong></span> <span class='ocrx_word' id='word_1_636' title='bbox 2725 3539 2742 3576; x_wconf 86' lang='lat'><em>:</em></span> <span class='ocrx_word' id='word_1_637' title='bbox 2773 3525 2901 3595; x_wconf 91' lang='lat' dir='ltr'><strong>quid</strong></span> <span class='ocrx_word' id='word_1_638' title='bbox 2929 3539 3214 3593; x_wconf 89' lang='lat' dir='ltr'><strong>precamur</strong></span> <span class='ocrx_word' id='word_1_639' title='bbox 3236 3523 3324 3576; x_wconf 89' lang='lat' dir='ltr'><strong>hic</strong></span> <span class='ocrx_word' id='word_1_640' title='bbox 3347 3521 3525 3587; x_wconf 90' lang='lat' dir='ltr'><strong>aliud,</strong></span> <span class='ocrx_word' id='word_1_641' title='bbox 3557 3521 3660 3576; x_wconf 88' lang='lat' dir='ltr'><strong>nisi</strong></span> <span class='ocrx_word' id='word_1_642' title='bbox 3687 3529 3749 3575; x_wconf 92' lang='lat' dir='ltr'><strong>ut</strong></span> 
     </span>
    </p>
   </div>
   <div class='ocr_carea' id='block_1_80' title="bbox 2161 3612 3743 3685">
    <p class='ocr_par' dir='ltr' id='par_1_80' title="bbox 2161 3612 3743 3685">
     <span class='ocr_line' id='line_1_80' title="bbox 2161 3612 3743 3685; baseline -0.001 -17"><span class='ocrx_word' id='word_1_643' title='bbox 2161 3617 2430 3685; x_wconf 88' lang='lat' dir='ltr'><strong>quomodo</strong></span> <span class='ocrx_word' id='word_1_644' title='bbox 2461 3615 2562 3670; x_wconf 90' lang='lat' dir='ltr'><strong>sibi</strong></span> <span class='ocrx_word' id='word_1_645' title='bbox 2591 3615 2835 3669; x_wconf 91' lang='lat' dir='ltr'><strong>serviunt</strong></span> <span class='ocrx_word' id='word_1_646' title='bbox 2861 3616 3032 3685; x_wconf 89' lang='lat' dir='ltr'><strong>angeli</strong></span> <span class='ocrx_word' id='word_1_647' title='bbox 3068 3615 3119 3668; x_wconf 94' lang='lat' dir='ltr'><strong>in</strong></span> <span class='ocrx_word' id='word_1_648' title='bbox 3149 3613 3319 3676; x_wconf 75' lang='lat' dir='ltr'><strong>ctelo,</strong></span> <span class='ocrx_word' id='word_1_649' title='bbox 3351 3613 3424 3668; x_wconf 91' lang='lat' dir='ltr'><strong>ita</strong></span> <span class='ocrx_word' id='word_1_650' title='bbox 3449 3621 3501 3668; x_wconf 92' lang='lat' dir='ltr'><strong>et</strong></span> <span class='ocrx_word' id='word_1_651' title='bbox 3529 3627 3629 3667; x_wconf 91' lang='lat' dir='ltr'><strong>nos</strong></span> <span class='ocrx_word' id='word_1_652' title='bbox 3666 3612 3743 3666; x_wconf 91' lang='lat' dir='ltr'><strong>illi</strong></span> 
     </span>
    </p>
   </div>
   <div class='ocr_carea' id='block_1_81' title="bbox 2162 3705 3740 3776">
    <p class='ocr_par' dir='ltr' id='par_1_81' title="bbox 2162 3705 3740 3776">
     <span class='ocr_line' id='line_1_81' title="bbox 2162 3705 3740 3776; baseline 0 -16"><span class='ocrx_word' id='word_1_653' title='bbox 2162 3705 2462 3760; x_wconf 82' lang='lat' dir='ltr'><strong>serviamus</strong></span> <span class='ocrx_word' id='word_1_654' title='bbox 2489 3706 2539 3759; x_wconf 92' lang='lat' dir='ltr'><strong>in</strong></span> <span class='ocrx_word' id='word_1_655' title='bbox 2584 3715 2762 3771; x_wconf 89' lang='lat' dir='ltr'><strong>terra;</strong></span> <span class='ocrx_word' id='word_1_656' title='bbox 2809 3706 2998 3776; x_wconf 83' lang='lat' dir='ltr'><strong>Angeli</strong></span> <span class='ocrx_word' id='word_1_657' title='bbox 3043 3714 3224 3761; x_wconf 86' lang='lat' dir='ltr'><strong>autem</strong></span> <span class='ocrx_word' id='word_1_658' title='bbox 3263 3714 3318 3761; x_wconf 93' lang='lat' dir='ltr'><strong>et</strong></span> <span class='ocrx_word' id='word_1_659' title='bbox 3356 3706 3524 3776; x_wconf 89' lang='lat' dir='ltr'><strong>ipsius</strong></span> <span class='ocrx_word' id='word_1_660' title='bbox 3568 3706 3740 3760; x_wconf 87' lang='lat' dir='ltr'><strong>sancti</strong></span> 
     </span>
    </p>
   </div>
   <div class='ocr_carea' id='block_1_82' title="bbox 2159 3795 3739 3868">
    <p class='ocr_par' dir='ltr' id='par_1_82' title="bbox 2159 3795 3739 3868">
     <span class='ocr_line' id='line_1_82' title="bbox 2159 3795 3739 3868; baseline 0 -20"><span class='ocrx_word' id='word_1_661' title='bbox 2159 3795 2416 3850; x_wconf 91' lang='lat' dir='ltr'><strong>obediunt</strong></span> <span class='ocrx_word' id='word_1_662' title='bbox 2438 3795 2532 3858; x_wconf 92' lang='lat' dir='ltr'><strong>illi,</strong></span> <span class='ocrx_word' id='word_1_663' title='bbox 2557 3811 2662 3868; x_wconf 79' lang='lat' dir='ltr'><strong>non</strong></span> <span class='ocrx_word' id='word_1_664' title='bbox 2689 3795 2837 3849; x_wconf 89' lang='lat' dir='ltr'><strong>illum</strong></span> <span class='ocrx_word' id='word_1_665' title='bbox 2865 3796 3162 3861; x_wconf 76' lang='lat' dir='ltr'><strong>offendunt,</strong></span> <span class='ocrx_word' id='word_1_666' title='bbox 3190 3810 3294 3850; x_wconf 93' lang='lat' dir='ltr'><strong>non</strong></span> <span class='ocrx_word' id='word_1_667' title='bbox 3327 3796 3484 3851; x_wconf 89' lang='lat' dir='ltr'><strong>irasci</strong></span> <span class='ocrx_word' id='word_1_668' title='bbox 3511 3795 3739 3861; x_wconf 89' lang='lat' dir='ltr'><strong>faciunt,</strong></span> 
     </span>
    </p>
   </div>
   <div class='ocr_carea' id='block_1_83' title="bbox 2160 3884 3737 3957">
    <p class='ocr_par' dir='ltr' id='par_1_83' title="bbox 2160 3884 3737 3957">
     <span class='ocr_line' id='line_1_83' title="bbox 2160 3884 3737 3957; baseline 0 -17"><span class='ocrx_word' id='word_1_669' title='bbox 2160 3887 2252 3941; x_wconf 92' lang='lat' dir='ltr'><strong>sed</strong></span> <span class='ocrx_word' id='word_1_670' title='bbox 2290 3886 2493 3940; x_wconf 89' lang='lat' dir='ltr'><strong>faciunt</strong></span> <span class='ocrx_word' id='word_1_671' title='bbox 2519 3884 2634 3953; x_wconf 90' lang='lat' dir='ltr'><strong>ejus</strong></span> <span class='ocrx_word' id='word_1_672' title='bbox 2663 3886 2813 3956; x_wconf 89' lang='lat' dir='ltr'><strong>jussa</strong></span> <span class='ocrx_word' id='word_1_673' title='bbox 2853 3887 3082 3941; x_wconf 90' lang='lat' dir='ltr'><strong>amando</strong></span> <span class='ocrx_word' id='word_1_674' title='bbox 3116 3903 3238 3941; x_wconf 92' lang='lat' dir='ltr'><strong>eum</strong></span> <span class='ocrx_word' id='word_1_675' title='bbox 3267 3903 3280 3940; x_wconf 90' lang='lat'><strong>:</strong></span> <span class='ocrx_word' id='word_1_676' title='bbox 3310 3887 3413 3941; x_wconf 91' lang='lat' dir='ltr'><strong>hoe</strong></span> <span class='ocrx_word' id='word_1_677' title='bbox 3439 3901 3569 3957; x_wconf 89' lang='lat' dir='ltr'><strong>ergo</strong></span> <span class='ocrx_word' id='word_1_678' title='bbox 3610 3901 3737 3941; x_wconf 87' lang='lat' dir='ltr'><strong>ora-</strong></span> 
     </span>
    </p>
   </div>
   <div class='ocr_carea' id='block_1_84' title="bbox 2159 3976 3736 4045">
    <p class='ocr_par' dir='ltr' id='par_1_84' title="bbox 2159 3976 3736 4045">
     <span class='ocr_line' id='line_1_84' title="bbox 2159 3976 3736 4045; baseline 0.001 -15"><span class='ocrx_word' id='word_1_679' title='bbox 2159 3993 2278 4030; x_wconf 91' lang='lat' dir='ltr'><strong>mus</strong></span> <span class='ocrx_word' id='word_1_680' title='bbox 2326 3982 2467 4030; x_wconf 91' lang='lat' dir='ltr'><strong>utet</strong></span> <span class='ocrx_word' id='word_1_681' title='bbox 2504 3991 2603 4030; x_wconf 90' lang='lat' dir='ltr'><strong>nos</strong></span> <span class='ocrx_word' id='word_1_682' title='bbox 2649 3987 2973 4045; x_wconf 61' lang='lat' dir='ltr'><strong>praeceptum</strong></span> <span class='ocrx_word' id='word_1_683' title='bbox 3017 3977 3108 4031; x_wconf 92' lang='lat' dir='ltr'><strong>Dei</strong></span> <span class='ocrx_word' id='word_1_684' title='bbox 3151 3978 3418 4032; x_wconf 89' lang='lat' dir='ltr'><strong>charitate</strong></span> <span class='ocrx_word' id='word_1_685' title='bbox 3451 3976 3736 4032; x_wconf 89' lang='lat' dir='ltr'><strong>faciamus.</strong></span> 
     </span>
    </p>
   </div>
   <div class='ocr_carea' id='block_1_85' title="bbox 2157 4065 3737 4136">
    <p class='ocr_par' dir='ltr' id='par_1_85' title="bbox 2157 4065 3737 4136">
     <span class='ocr_line' id='line_1_85' title="bbox 2157 4065 3737 4136; baseline 0.001 -16"><span class='ocrx_word' id='word_1_686' title='bbox 2157 4065 2375 4129; x_wconf 88' lang='lat' dir='ltr'><strong>lterum,</strong></span> <span class='ocrx_word' id='word_1_687' title='bbox 2419 4067 2582 4119; x_wconf 83' lang='lat' dir='ltr'><strong>verba</strong></span> <span class='ocrx_word' id='word_1_688' title='bbox 2627 4066 2729 4119; x_wconf 90' lang='lat' dir='ltr'><strong>ista</strong></span> <span class='ocrx_word' id='word_1_689' title='bbox 2769 4075 2824 4120; x_wconf 90' lang='lat' dir='ltr'><strong>et</strong></span> <span class='ocrx_word' id='word_1_690' title='bbox 2845 4066 3002 4120; x_wconf 92' lang='lat' dir='ltr'><strong>aliter</strong></span> <span class='ocrx_word' id='word_1_691' title='bbox 3038 4065 3262 4136; x_wconf 88' lang='lat' dir='ltr'><strong>intelligi</strong></span> <span class='ocrx_word' id='word_1_692' title='bbox 3305 4077 3564 4136; x_wconf 91' lang='lat' dir='ltr'><strong>possunt,</strong></span> <span class='ocrx_word' id='word_1_693' title='bbox 3609 4081 3737 4122; x_wconf 91' lang='lat' dir='ltr'><strong>nam</strong></span> 
     </span>
    </p>
   </div>
   <div class='ocr_carea' id='block_1_86' title="bbox 2155 4157 3736 4230">
    <p class='ocr_par' dir='ltr' id='par_1_86' title="bbox 2155 4157 3736 4230">
     <span class='ocr_line' id='line_1_86' title="bbox 2155 4157 3736 4230; baseline 0.003 -19"><span class='ocrx_word' id='word_1_694' title='bbox 2155 4157 2351 4211; x_wconf 69' lang='lat' dir='ltr'><strong>omium</strong></span> <span class='ocrx_word' id='word_1_695' title='bbox 2388 4157 2440 4209; x_wconf 92' lang='lat' dir='ltr'><strong>in</strong></span> <span class='ocrx_word' id='word_1_696' title='bbox 2487 4158 2641 4212; x_wconf 87' lang='lat' dir='ltr'><strong>nobis</strong></span> <span class='ocrx_word' id='word_1_697' title='bbox 2687 4158 2862 4211; x_wconf 90' lang='lat' dir='ltr'><strong>anima</strong></span> <span class='ocrx_word' id='word_1_698' title='bbox 2908 4167 3021 4222; x_wconf 90' lang='lat' dir='ltr'><strong>est,</strong></span> <span class='ocrx_word' id='word_1_699' title='bbox 3063 4166 3207 4212; x_wconf 89' lang='lat' dir='ltr'><strong>terra</strong></span> <span class='ocrx_word' id='word_1_700' title='bbox 3255 4160 3306 4212; x_wconf 93' lang='lat' dir='ltr'><strong>in</strong></span> <span class='ocrx_word' id='word_1_701' title='bbox 3339 4161 3494 4214; x_wconf 83' lang='lat' dir='ltr'><strong>nobis</strong></span> <span class='ocrx_word' id='word_1_702' title='bbox 3538 4175 3736 4230; x_wconf 86' lang='lat' dir='ltr'><strong>corpus</strong></span> 
     </span>
    </p>
   </div>
   <div class='ocr_carea' id='block_1_87' title="bbox 2155 4251 3734 4322">
    <p class='ocr_par' dir='ltr' id='par_1_87' title="bbox 2155 4251 3734 4322">
     <span class='ocr_line' id='line_1_87' title="bbox 2155 4251 3734 4322; baseline -0.001 -15"><span class='ocrx_word' id='word_1_703' title='bbox 2155 4261 2256 4307; x_wconf 86' lang='lat' dir='ltr'><strong>est.</strong></span> <span class='ocrx_word' id='word_1_704' title='bbox 2291 4252 2427 4317; x_wconf 89' lang='lat' dir='ltr'><strong>Quid</strong></span> <span class='ocrx_word' id='word_1_705' title='bbox 2466 4260 2550 4306; x_wconf 88' lang='lat' dir='ltr'><strong>est</strong></span> <span class='ocrx_word' id='word_1_706' title='bbox 2576 4269 2726 4322; x_wconf 87' lang='lat' dir='ltr'><strong>ergo,</strong></span> <span class='ocrx_word' id='word_1_707' title='bbox 2768 4252 2862 4320; x_wconf 82' lang='lat' dir='ltr'><strong>ﬁat</strong></span> <span class='ocrx_word' id='word_1_708' title='bbox 2886 4251 3123 4307; x_wconf 78' lang='lat' dir='ltr'><strong>uoluntas</strong></span> <span class='ocrx_word' id='word_1_709' title='bbox 3153 4261 3244 4305; x_wconf 86' lang='lat' dir='ltr'><strong>tua</strong></span> <span class='ocrx_word' id='word_1_710' title='bbox 3275 4253 3409 4306; x_wconf 88' lang='lat' dir='ltr'><strong>sicut</strong></span> <span class='ocrx_word' id='word_1_711' title='bbox 3443 4253 3496 4306; x_wconf 89' lang='lat' dir='ltr'><strong>in</strong></span> <span class='ocrx_word' id='word_1_712' title='bbox 3535 4251 3660 4306; x_wconf 78' lang='lat' dir='ltr'><strong>caelo</strong></span> <span class='ocrx_word' id='word_1_713' title='bbox 3683 4261 3734 4306; x_wconf 85' lang='lat' dir='ltr'><strong>et</strong></span> 
     </span>
    </p>
   </div>
   <div class='ocr_carea' id='block_1_88' title="bbox 2152 4345 3729 4416">
    <p class='ocr_par' dir='ltr' id='par_1_88' title="bbox 2152 4345 3729 4416">
     <span class='ocr_line' id='line_1_88' title="bbox 2152 4345 3729 4416; baseline 0.001 -18"><span class='ocrx_word' id='word_1_714' title='bbox 2152 4346 2208 4398; x_wconf 85' lang='lat' dir='ltr'><strong>in</strong></span> <span class='ocrx_word' id='word_1_715' title='bbox 2239 4346 2421 4398; x_wconf 87' lang='lat' dir='ltr'><strong>terra?</strong></span> <span class='ocrx_word' id='word_1_716' title='bbox 2457 4345 2557 4399; x_wconf 92' lang='lat' dir='ltr'><strong>nisi</strong></span> <span class='ocrx_word' id='word_1_717' title='bbox 2587 4355 2647 4399; x_wconf 91' lang='lat' dir='ltr'><strong>ut</strong></span> <span class='ocrx_word' id='word_1_718' title='bbox 2673 4346 2811 4400; x_wconf 87' lang='lat' dir='ltr'><strong>sicut</strong></span> <span class='ocrx_word' id='word_1_719' title='bbox 2846 4361 2944 4399; x_wconf 92' lang='lat' dir='ltr'><strong>nos</strong></span> <span class='ocrx_word' id='word_1_720' title='bbox 2969 4346 3273 4400; x_wconf 87' lang='lat' dir='ltr'><strong>audivimus</strong></span> <span class='ocrx_word' id='word_1_721' title='bbox 3306 4354 3571 4416; x_wconf 64' lang='lat' dir='ltr'><strong>praecepta</strong></span> <span class='ocrx_word' id='word_1_722' title='bbox 3611 4345 3729 4409; x_wconf 88' lang='lat' dir='ltr'><strong>Dei,</strong></span> 
     </span>
    </p>
   </div>
   <div class='ocr_carea' id='block_1_89' title="bbox 470 4422 3732 4511">
    <p class='ocr_par' dir='ltr' id='par_1_89' title="bbox 470 4422 3732 4511">
     <span class='ocr_line' id='line_1_89' title="bbox 470 4422 3732 4511; baseline 0.005 -37"><span class='ocrx_word' id='word_1_723' title='bbox 470 4431 571 4471; x_wconf 90' lang='lat' dir='ltr'><strong>nos</strong></span> <span class='ocrx_word' id='word_1_724' title='bbox 595 4422 876 4511; x_wconf 85' lang='lat' dir='ltr'><strong>pervenire</strong></span> <span class='ocrx_word' id='word_1_725' title='bbox 901 4441 1086 4494; x_wconf 90' lang='lat' dir='ltr'><strong>posse,</strong></span> <span class='ocrx_word' id='word_1_726' title='bbox 1119 4430 1232 4498; x_wconf 91' lang='lat' dir='ltr'><strong>ipse</strong></span> <span class='ocrx_word' id='word_1_727' title='bbox 1255 4447 1348 4486; x_wconf 85' lang='lat' dir='ltr'><strong>sua</strong></span> <span class='ocrx_word' id='word_1_728' title='bbox 1377 4436 1546 4502; x_wconf 90' lang='lat' dir='ltr'><strong>gratia</strong></span> <span class='ocrx_word' id='word_1_729' title='bbox 1578 4449 1839 4506; x_wconf 57' lang='lat' dir='ltr'><strong>praestare</strong></span> <span class='ocrx_word' id='word_1_730' title='bbox 1869 4443 2052 4511; x_wconf 81' lang='lat' dir='ltr'><strong>digne-</strong></span> <span class='ocrx_word' id='word_1_731' title='bbox 2078 4430 2129 4488; x_wconf 89' lang='lat' dir='ltr'><strong>D</strong></span> <span class='ocrx_word' id='word_1_732' title='bbox 2156 4435 2233 4488; x_wconf 90' lang='lat' dir='ltr'><strong>sic</strong></span> <span class='ocrx_word' id='word_1_733' title='bbox 2265 4444 2319 4488; x_wconf 89' lang='lat' dir='ltr'><strong>et</strong></span> <span class='ocrx_word' id='word_1_734' title='bbox 2347 4436 2502 4490; x_wconf 89' lang='lat' dir='ltr'><strong>nobis</strong></span> <span class='ocrx_word' id='word_1_735' title='bbox 2527 4437 2830 4490; x_wconf 84' lang='lat' dir='ltr'><strong>consentiat</strong></span> <span class='ocrx_word' id='word_1_736' title='bbox 2858 4451 2985 4491; x_wconf 90' lang='lat' dir='ltr'><strong>caro</strong></span> <span class='ocrx_word' id='word_1_737' title='bbox 3012 4447 3226 4502; x_wconf 86' lang='lat' dir='ltr'><strong>nostra,</strong></span> <span class='ocrx_word' id='word_1_738' title='bbox 3257 4453 3324 4492; x_wconf 90' lang='lat' dir='ltr'><strong>ne</strong></span> <span class='ocrx_word' id='word_1_739' title='bbox 3351 4437 3477 4491; x_wconf 93' lang='lat' dir='ltr'><strong>dum</strong></span> <span class='ocrx_word' id='word_1_740' title='bbox 3508 4447 3732 4492; x_wconf 81' lang='lat' dir='ltr'><strong>conten-</strong></span> 
     </span>
    </p>
   </div>
   <div class='ocr_carea' id='block_1_90' title="bbox 468 4510 2052 4605">
    <p class='ocr_par' dir='ltr' id='par_1_90' title="bbox 468 4510 2052 4605">
     <span class='ocr_line' id='line_1_90' title="bbox 468 4510 2052 4605; baseline 0.02 -47"><span class='ocrx_word' id='word_1_741' title='bbox 468 4513 588 4605; x_wconf 57' lang='lat' dir='ltr'><strong>tur,</strong></span> <span class='ocrx_word' id='word_1_742' title='bbox 624 4510 712 4578; x_wconf 93' lang='lat' dir='ltr'><strong>qui</strong></span> <span class='ocrx_word' id='word_1_743' title='bbox 752 4527 872 4566; x_wconf 91' lang='lat' dir='ltr'><strong>eum</strong></span> <span class='ocrx_word' id='word_1_744' title='bbox 903 4514 1060 4570; x_wconf 90' lang='lat' dir='ltr'><strong>Patre</strong></span> <span class='ocrx_word' id='word_1_745' title='bbox 1089 4527 1144 4573; x_wconf 89' lang='lat' dir='ltr'><strong>et</strong></span> <span class='ocrx_word' id='word_1_746' title='bbox 1176 4519 1377 4590; x_wconf 90' lang='lat' dir='ltr'><strong>Spiritu</strong></span> <span class='ocrx_word' id='word_1_747' title='bbox 1410 4537 1598 4582; x_wconf 90' lang='lat' dir='ltr'><strong>sancto</strong></span> <span class='ocrx_word' id='word_1_748' title='bbox 1628 4531 1756 4584; x_wconf 87' lang='lat' dir='ltr'><strong>vivit</strong></span> <span class='ocrx_word' id='word_1_749' title='bbox 1783 4540 1836 4585; x_wconf 92' lang='lat' dir='ltr'><strong>et</strong></span> <span class='ocrx_word' id='word_1_750' title='bbox 1865 4510 2052 4605; x_wconf 74' lang='lat' dir='ltr'><strong>regnat</strong></span> 
     </span>
    </p>
   </div>
   <div class='ocr_carea' id='block_1_91' title="bbox 469 4597 1763 4677">
    <p class='ocr_par' dir='ltr' id='par_1_91' title="bbox 469 4597 1763 4677">
     <span class='ocr_line' id='line_1_91' title="bbox 469 4597 1763 4677; baseline 0.019 -25"><span class='ocrx_word' id='word_1_751' title='bbox 469 4597 630 4667; x_wconf 91' lang='lat' dir='ltr'><strong>Deus,</strong></span> <span class='ocrx_word' id='word_1_752' title='bbox 653 4616 751 4672; x_wconf 89' lang='lat' dir='ltr'><strong>per</strong></span> <span class='ocrx_word' id='word_1_753' title='bbox 771 4607 951 4661; x_wconf 92' lang='lat' dir='ltr'><strong>omnia</strong></span> <span class='ocrx_word' id='word_1_754' title='bbox 978 4612 1172 4665; x_wconf 68' lang='lat' dir='ltr'><strong>smcula</strong></span> <span class='ocrx_word' id='word_1_755' title='bbox 1201 4616 1539 4672; x_wconf 63' lang='lat' dir='ltr'><strong>saeculorum.</strong></span> <span class='ocrx_word' id='word_1_756' title='bbox 1570 4622 1763 4677; x_wconf 84' lang='lat' dir='ltr'><strong>Amen.</strong></span> 
     </span>
    </p>
   </div>
   <div class='ocr_carea' id='block_1_92' title="bbox 1038 4698 1476 4760">
    <p class='ocr_par' dir='ltr' id='par_1_92' title="bbox 1038 4698 1476 4760">
     <span class='ocr_line' id='line_1_92' title="bbox 1038 4698 1476 4760; baseline 0.021 -8"><span class='ocrx_word' id='word_1_757' title='bbox 1038 4698 1319 4757; x_wconf 80' lang='lat' dir='ltr'><strong>IIOMILIA</strong></span> <span class='ocrx_word' id='word_1_758' title='bbox 1359 4706 1476 4760; x_wconf 73' lang='lat' dir='ltr'><strong>XX.</strong></span> 
     </span>
    </p>
   </div>
   <div class='ocr_carea' id='block_1_93' title="bbox 612 4805 1508 4860">
    <p class='ocr_par' dir='ltr' id='par_1_93' title="bbox 612 4805 1508 4860">
     <span class='ocr_line' id='line_1_93' title="bbox 612 4805 1508 4860; baseline 0.017 -23"><span class='ocrx_word' id='word_1_759' title='bbox 612 4853 623 4860; x_wconf 46' lang='lat'><strong>.</strong></span> <span class='ocrx_word' id='word_1_760' title='bbox 991 4805 1118 4844; x_wconf 69' lang='lat' dir='ltr'><strong>ITEH</strong></span> <span class='ocrx_word' id='word_1_761' title='bbox 1163 4808 1215 4846; x_wconf 69' lang='lat' dir='ltr'><strong>IN</strong></span> <span class='ocrx_word' id='word_1_762' title='bbox 1254 4811 1508 4852; x_wconf 67' lang='lat' dir='ltr'><strong>LITANIIS.</strong></span> 
     </span>
    </p>
   </div>
   <div class='ocr_carea' id='block_1_94' title="bbox 639 4873 1864 4966">
    <p class='ocr_par' dir='ltr' id='par_1_94' title="bbox 639 4873 1864 4966">
     <span class='ocr_line' id='line_1_94' title="bbox 639 4873 1864 4966; baseline 0.018 -38"><span class='ocrx_word' id='word_1_763' title='bbox 639 4873 718 4966; x_wconf 79' lang='lat' dir='ltr'><strong>De</strong></span> <span class='ocrx_word' id='word_1_764' title='bbox 740 4873 991 4934; x_wconf 87' lang='lat' dir='ltr'><strong>Oratione</strong></span> <span class='ocrx_word' id='word_1_765' title='bbox 1024 4881 1296 4940; x_wconf 79' lang='lat' dir='ltr'><strong>Dominica</strong></span> <span class='ocrx_word' id='word_1_766' title='bbox 1325 4886 1343 4957; x_wconf 95' lang='lat'><strong>(</strong></span> <span class='ocrx_word' id='word_1_767' title='bbox 1358 4887 1560 4959; x_wconf 75' lang='lat' dir='ltr'><strong>Evang.</strong></span> <span class='ocrx_word' id='word_1_768' title='bbox 1602 4891 1729 4947; x_wconf 92' lang='lat' dir='ltr'><strong>Luc.</strong></span> <span class='ocrx_word' id='word_1_769' title='bbox 1756 4895 1864 4966; x_wconf 77' lang='lat' dir='ltr'><strong>x1).</strong></span> 
     </span>
    </p>
   </div>
   <div class='ocr_carea' id='block_1_95' title="bbox 533 4962 2043 5055">
    <p class='ocr_par' dir='ltr' id='par_1_95' title="bbox 533 4962 2043 5055">
     <span class='ocr_line' id='line_1_95' title="bbox 533 4962 2043 5055; baseline 0.016 -38"><span class='ocrx_word' id='word_1_770' title='bbox 533 4962 712 5030; x_wconf 86' lang='lat' dir='ltr'><strong>Modo,</strong></span> <span class='ocrx_word' id='word_1_771' title='bbox 749 4966 945 5024; x_wconf 87' lang='lat' dir='ltr'><strong>fratres</strong></span> <span class='ocrx_word' id='word_1_772' title='bbox 989 4971 1328 5040; x_wconf 91' lang='lat' dir='ltr'><strong>charissimi,</strong></span> <span class='ocrx_word' id='word_1_773' title='bbox 1363 4994 1484 5032; x_wconf 90' lang='lat' dir='ltr'><strong>eum</strong></span> <span class='ocrx_word' id='word_1_774' title='bbox 1515 4962 1864 5051; x_wconf 85' lang='lat' dir='ltr'><strong>Evangelium</strong></span> <span class='ocrx_word' id='word_1_775' title='bbox 1902 4987 2043 5055; x_wconf 83' lang='lat' dir='ltr'><strong>lege-</strong></span> 
     </span>
    </p>
   </div>
   <div class='ocr_carea' id='block_1_96' title="bbox 462 5061 2036 5133">
    <p class='ocr_par' dir='ltr' id='par_1_96' title="bbox 462 5061 2036 5133">
     <span class='ocr_line' id='line_1_96' title="bbox 462 5061 2036 5133; baseline 0.015 -24"><span class='ocrx_word' id='word_1_776' title='bbox 462 5065 654 5120; x_wconf 91' lang='lat' dir='ltr'><strong>retur,</strong></span> <span class='ocrx_word' id='word_1_777' title='bbox 715 5061 1016 5116; x_wconf 87' lang='lat' dir='ltr'><strong>audivimus</strong></span> <span class='ocrx_word' id='word_1_778' title='bbox 1073 5062 1407 5123; x_wconf 91' lang='lat' dir='ltr'><strong>Salvatorem</strong></span> <span class='ocrx_word' id='word_1_779' title='bbox 1466 5083 1709 5126; x_wconf 83' lang='lat' dir='ltr'><strong>nostrum</strong></span> <span class='ocrx_word' id='word_1_780' title='bbox 1771 5077 2036 5133; x_wconf 86' lang='lat' dir='ltr'><strong>dicentem</strong></span> 
     </span>
    </p>
   </div>
   <div class='ocr_carea' id='block_1_97' title="bbox 461 5149 2032 5234">
    <p class='ocr_par' dir='ltr' id='par_1_97' title="bbox 461 5149 2032 5234">
     <span class='ocr_line' id='line_1_97' title="bbox 461 5149 2032 5234; baseline 0.015 -35"><span class='ocrx_word' id='word_1_781' title='bbox 461 5161 524 5201; x_wconf 87' lang='lat' dir='ltr'><strong>ac</strong></span> <span class='ocrx_word' id='word_1_782' title='bbox 575 5149 729 5204; x_wconf 88' lang='lat' dir='ltr'><strong>nobis</strong></span> <span class='ocrx_word' id='word_1_783' title='bbox 781 5152 1174 5221; x_wconf 61' lang='lat' dir='ltr'><strong>praecipientem</strong></span> <span class='ocrx_word' id='word_1_784' title='bbox 1227 5175 1240 5210; x_wconf 88' lang='lat'><strong>:</strong></span> <span class='ocrx_word' id='word_1_785' title='bbox 1291 5157 1459 5213; x_wconf 84' lang='lat' dir='ltr'><strong>Petite</strong></span> <span class='ocrx_word' id='word_1_786' title='bbox 1497 5171 1544 5215; x_wconf 82' lang='lat' dir='ltr'><strong>et</strong></span> <span class='ocrx_word' id='word_1_787' title='bbox 1599 5165 1812 5218; x_wconf 87' lang='lat' dir='ltr'><strong>dabitur</strong></span> <span class='ocrx_word' id='word_1_788' title='bbox 1857 5169 2032 5234; x_wconf 71' lang='lat' dir='ltr'><strong>vobis,</strong></span> 
     </span>
    </p>
   </div>
   <div class='ocr_carea' id='block_1_98' title="bbox 457 5239 2036 5319">
    <p class='ocr_par' dir='ltr' id='par_1_98' title="bbox 457 5239 2036 5319">
     <span class='ocr_line' id='line_1_98' title="bbox 457 5239 2036 5319; baseline 0.016 -32"><span class='ocrx_word' id='word_1_789' title='bbox 457 5239 674 5304; x_wconf 68' lang='lat' dir='ltr'><strong>quaerite</strong></span> <span class='ocrx_word' id='word_1_790' title='bbox 698 5250 744 5293; x_wconf 91' lang='lat' dir='ltr'><strong>et</strong></span> <span class='ocrx_word' id='word_1_791' title='bbox 774 5243 1041 5296; x_wconf 78' lang='lat' dir='ltr'><strong>invenietis</strong></span> <span class='ocrx_word' id='word_1_792' title='bbox 1064 5285 1079 5308; x_wconf 91' lang='lat'><strong>,</strong></span> <span class='ocrx_word' id='word_1_793' title='bbox 1107 5245 1311 5314; x_wconf 86' lang='lat' dir='ltr'><strong>pulsate</strong></span> <span class='ocrx_word' id='word_1_794' title='bbox 1339 5258 1386 5302; x_wconf 88' lang='lat' dir='ltr'><strong>et</strong></span> <span class='ocrx_word' id='word_1_795' title='bbox 1416 5254 1680 5319; x_wconf 87' lang='lat' dir='ltr'><strong>aperietur</strong></span> <span class='ocrx_word' id='word_1_796' title='bbox 1715 5257 1874 5310; x_wconf 85' lang='lat' dir='ltr'><strong>vobis.</strong></span> <span class='ocrx_word' id='word_1_797' title='bbox 1913 5257 2036 5313; x_wconf 87' lang='lat' dir='ltr'><strong>0m-</strong></span> 
     </span>
    </p>
   </div>
   <div class='ocr_carea' id='block_1_99' title="bbox 458 5325 2032 5413">
    <p class='ocr_par' dir='ltr' id='par_1_99' title="bbox 458 5325 2032 5413">
     <span class='ocr_line' id='line_1_99' title="bbox 458 5325 2032 5413; baseline 0.017 -36"><span class='ocrx_word' id='word_1_798' title='bbox 458 5325 540 5378; x_wconf 86' lang='lat' dir='ltr'><strong>nis</strong></span> <span class='ocrx_word' id='word_1_799' title='bbox 573 5328 708 5381; x_wconf 86' lang='lat' dir='ltr'><strong>enim</strong></span> <span class='ocrx_word' id='word_1_800' title='bbox 733 5332 820 5400; x_wconf 88' lang='lat' dir='ltr'><strong>qui</strong></span> <span class='ocrx_word' id='word_1_801' title='bbox 856 5334 1009 5400; x_wconf 86' lang='lat' dir='ltr'><strong>petit,</strong></span> <span class='ocrx_word' id='word_1_802' title='bbox 1035 5336 1220 5404; x_wconf 86' lang='lat' dir='ltr'><strong>accipit</strong></span> <span class='ocrx_word' id='word_1_803' title='bbox 1250 5354 1267 5399; x_wconf 92' lang='lat'><em>;</em></span> <span class='ocrx_word' id='word_1_804' title='bbox 1299 5349 1347 5391; x_wconf 89' lang='lat' dir='ltr'><strong>et</strong></span> <span class='ocrx_word' id='word_1_805' title='bbox 1373 5342 1463 5409; x_wconf 89' lang='lat' dir='ltr'><strong>qui</strong></span> <span class='ocrx_word' id='word_1_806' title='bbox 1492 5345 1700 5412; x_wconf 68' lang='lat' dir='ltr'><strong>quierit,</strong></span> <span class='ocrx_word' id='word_1_807' title='bbox 1727 5347 1956 5413; x_wconf 81' lang='lat' dir='ltr'><strong>invenit;</strong></span> <span class='ocrx_word' id='word_1_808' title='bbox 1987 5361 2032 5403; x_wconf 88' lang='lat' dir='ltr'><strong>et</strong></span> 
     </span>
    </p>
   </div>
   <div class='ocr_carea' id='block_1_100' title="bbox 359 5416 2034 5509">
    <p class='ocr_par' dir='ltr' id='par_1_100' title="bbox 359 5416 2034 5509">
     <span class='ocr_line' id='line_1_100' title="bbox 359 5416 2034 5509; baseline 0.019 -44"><span class='ocrx_word' id='word_1_809' title='bbox 359 5478 375 5501; x_wconf 55' lang='lat'><em>.</em></span> <span class='ocrx_word' id='word_1_810' title='bbox 456 5416 688 5509; x_wconf 80' lang='lat' dir='ltr'><strong>pulsanti</strong></span> <span class='ocrx_word' id='word_1_811' title='bbox 715 5422 976 5489; x_wconf 82' lang='lat' dir='ltr'><strong>aperietur</strong></span> <span class='ocrx_word' id='word_1_812' title='bbox 1003 5423 1153 5490; x_wconf 89' lang='lat' dir='ltr'><strong>(Luc.</strong></span> <span class='ocrx_word' id='word_1_813' title='bbox 1181 5428 1278 5499; x_wconf 73' lang='grc' dir='ltr'><strong>χι).</strong></span> <span class='ocrx_word' id='word_1_814' title='bbox 1306 5430 1372 5485; x_wconf 88' lang='lat' dir='ltr'><strong>Et</strong></span> <span class='ocrx_word' id='word_1_815' title='bbox 1397 5448 1504 5486; x_wconf 91' lang='lat' dir='ltr'><strong>non</strong></span> <span class='ocrx_word' id='word_1_816' title='bbox 1527 5435 1699 5490; x_wconf 89' lang='lat' dir='ltr'><strong>solum</strong></span> <span class='ocrx_word' id='word_1_817' title='bbox 1724 5455 1821 5493; x_wconf 87' lang='lat' dir='ltr'><strong>nos</strong></span> <span class='ocrx_word' id='word_1_818' title='bbox 1850 5451 2034 5509; x_wconf 83' lang='lat' dir='ltr'><strong>petere</strong></span> 
     </span>
    </p>
   </div>
   <div class='ocr_carea' id='block_1_101' title="bbox 452 5503 2028 5598">
    <p class='ocr_par' dir='ltr' id='par_1_101' title="bbox 452 5503 2028 5598">
     <span class='ocr_line' id='line_1_101' title="bbox 452 5503 2028 5598; baseline 0.018 -40"><span class='ocrx_word' id='word_1_819' title='bbox 452 5503 635 5598; x_wconf 88' lang='lat' dir='ltr'><strong>jussit,</strong></span> <span class='ocrx_word' id='word_1_820' title='bbox 667 5513 757 5564; x_wconf 89' lang='lat' dir='ltr'><strong>sed</strong></span> <span class='ocrx_word' id='word_1_821' title='bbox 784 5514 945 5566; x_wconf 88' lang='lat' dir='ltr'><strong>etiam</strong></span> <span class='ocrx_word' id='word_1_822' title='bbox 970 5515 1093 5569; x_wconf 90' lang='lat' dir='ltr'><strong>alibi</strong></span> <span class='ocrx_word' id='word_1_823' title='bbox 1112 5528 1295 5586; x_wconf 89' lang='lat' dir='ltr'><strong>petere</strong></span> <span class='ocrx_word' id='word_1_824' title='bbox 1321 5523 1502 5579; x_wconf 88' lang='lat' dir='ltr'><strong>docuit</strong></span> <span class='ocrx_word' id='word_1_825' title='bbox 1539 5545 1552 5578; x_wconf 91' lang='lat'><strong>:</strong></span> <span class='ocrx_word' id='word_1_826' title='bbox 1592 5527 1816 5584; x_wconf 85' lang='lat' dir='ltr'><strong>Orantes</strong></span> <span class='ocrx_word' id='word_1_827' title='bbox 1837 5503 2028 5598; x_wconf 76' lang='lat' dir='ltr'><strong>autem,</strong></span> 
     </span>
    </p>
   </div>
   <div class='ocr_carea' id='block_1_102' title="bbox 457 5597 2028 5692">
    <p class='ocr_par' dir='ltr' id='par_1_102' title="bbox 457 5597 2028 5692">
     <span class='ocr_line' id='line_1_102' title="bbox 457 5597 2028 5692; baseline 0.019 -44"><span class='ocrx_word' id='word_1_828' title='bbox 457 5597 552 5692; x_wconf 75' lang='lat' dir='ltr'><strong>ait,</strong></span> <span class='ocrx_word' id='word_1_829' title='bbox 580 5600 734 5692; x_wconf 77' lang='lat' dir='ltr'><strong>nolite</strong></span> <span class='ocrx_word' id='word_1_830' title='bbox 759 5603 976 5658; x_wconf 86' lang='lat' dir='ltr'><strong>multum</strong></span> <span class='ocrx_word' id='word_1_831' title='bbox 1003 5606 1174 5677; x_wconf 88' lang='lat' dir='ltr'><strong>loqui,</strong></span> <span class='ocrx_word' id='word_1_832' title='bbox 1206 5612 1336 5666; x_wconf 78' lang='lat' dir='ltr'><strong>sicut</strong></span> <span class='ocrx_word' id='word_1_833' title='bbox 1366 5615 1553 5670; x_wconf 80' lang='lat' dir='ltr'><strong>ethnici</strong></span> <span class='ocrx_word' id='word_1_834' title='bbox 1583 5619 1784 5686; x_wconf 75' lang='lat' dir='ltr'><strong>faciunt</strong></span> <span class='ocrx_word' id='word_1_835' title='bbox 1814 5597 2028 5692; x_wconf 77' lang='lat' dir='ltr'><strong>(Matth.</strong></span> 
     </span>
    </p>
   </div>
   <div class='ocr_carea' id='block_1_103' title="bbox 458 5687 2032 5783">
    <p class='ocr_par' dir='ltr' id='par_1_103' title="bbox 458 5687 2032 5783">
     <span class='ocr_line' id='line_1_103' title="bbox 458 5687 2032 5783; baseline 0.021 -45"><span class='ocrx_word' id='word_1_836' title='bbox 458 5687 568 5761; x_wconf 73' lang='lat' dir='ltr'><strong>vi);</strong></span> <span class='ocrx_word' id='word_1_837' title='bbox 596 5690 926 5749; x_wconf 88' lang='lat' dir='ltr'><strong>arbitrantur</strong></span> <span class='ocrx_word' id='word_1_838' title='bbox 954 5699 1095 5756; x_wconf 85' lang='lat' dir='ltr'><strong>enim</strong></span> <span class='ocrx_word' id='word_1_839' title='bbox 1116 5703 1261 5783; x_wconf 84' lang='lat' dir='ltr'><strong>quod</strong></span> <span class='ocrx_word' id='word_1_840' title='bbox 1289 5704 1342 5760; x_wconf 92' lang='lat' dir='ltr'><strong>in</strong></span> <span class='ocrx_word' id='word_1_841' title='bbox 1371 5707 1709 5781; x_wconf 84' lang='lat' dir='ltr'><strong>multiloquio</strong></span> <span class='ocrx_word' id='word_1_842' title='bbox 1735 5687 1833 5772; x_wconf 89' lang='lat' dir='ltr'><strong>suo</strong></span> <span class='ocrx_word' id='word_1_843' title='bbox 1866 5730 2032 5771; x_wconf 80' lang='lat' dir='ltr'><strong>exau-</strong></span> 
     </span>
    </p>
   </div>
   <div class='ocr_carea' id='block_1_104' title="bbox 2152 4526 3731 4598">
    <p class='ocr_par' dir='ltr' id='par_1_104' title="bbox 2152 4526 3731 4598">
     <span class='ocr_line' id='line_1_104' title="bbox 2152 4526 3731 4598; baseline 0.003 -19"><span class='ocrx_word' id='word_1_844' title='bbox 2152 4526 2285 4580; x_wconf 91' lang='lat' dir='ltr'><strong>dunt</strong></span> <span class='ocrx_word' id='word_1_845' title='bbox 2313 4542 2440 4581; x_wconf 88' lang='lat' dir='ltr'><strong>caro</strong></span> <span class='ocrx_word' id='word_1_846' title='bbox 2465 4535 2519 4581; x_wconf 92' lang='lat' dir='ltr'><strong>et</strong></span> <span class='ocrx_word' id='word_1_847' title='bbox 2554 4527 2778 4596; x_wconf 91' lang='lat' dir='ltr'><strong>spiritus</strong></span> <span class='ocrx_word' id='word_1_848' title='bbox 2802 4569 2816 4590; x_wconf 95' lang='lat'><strong>,</strong></span> <span class='ocrx_word' id='word_1_849' title='bbox 2857 4539 3126 4598; x_wconf 65' lang='lat' dir='ltr'><strong>praecepta</strong></span> <span class='ocrx_word' id='word_1_850' title='bbox 3157 4529 3251 4583; x_wconf 93' lang='lat' dir='ltr'><strong>Dei</strong></span> <span class='ocrx_word' id='word_1_851' title='bbox 3295 4529 3472 4583; x_wconf 93' lang='lat' dir='ltr'><strong>minus</strong></span> <span class='ocrx_word' id='word_1_852' title='bbox 3504 4528 3731 4596; x_wconf 87' lang='lat' dir='ltr'><strong>implere</strong></span> 
     </span>
    </p>
   </div>
   <div class='ocr_carea' id='block_1_105' title="bbox 2150 4617 3727 4690">
    <p class='ocr_par' dir='ltr' id='par_1_105' title="bbox 2150 4617 3727 4690">
     <span class='ocr_line' id='line_1_105' title="bbox 2150 4617 3727 4690; baseline 0.002 -19"><span class='ocrx_word' id='word_1_853' title='bbox 2150 4618 2438 4686; x_wconf 89' lang='lat' dir='ltr'><strong>possimus.</strong></span> <span class='ocrx_word' id='word_1_854' title='bbox 2472 4617 2592 4672; x_wconf 64' lang='lat' dir='ltr'><strong>Ista:</strong></span> <span class='ocrx_word' id='word_1_855' title='bbox 2623 4633 2752 4689; x_wconf 90' lang='lat' dir='ltr'><strong>ergo</strong></span> <span class='ocrx_word' id='word_1_856' title='bbox 2780 4628 2887 4673; x_wconf 90' lang='lat' dir='ltr'><strong>tres</strong></span> <span class='ocrx_word' id='word_1_857' title='bbox 2921 4621 3208 4688; x_wconf 89' lang='lat' dir='ltr'><strong>petitiones</strong></span> <span class='ocrx_word' id='word_1_858' title='bbox 3236 4622 3506 4690; x_wconf 89' lang='lat' dir='ltr'><strong>pertinent</strong></span> <span class='ocrx_word' id='word_1_859' title='bbox 3545 4621 3613 4675; x_wconf 91' lang='lat' dir='ltr'><strong>ad</strong></span> <span class='ocrx_word' id='word_1_860' title='bbox 3644 4621 3727 4674; x_wconf 91' lang='lat' dir='ltr'><strong>vi-</strong></span> 
     </span>
    </p>
   </div>
   <div class='ocr_carea' id='block_1_106' title="bbox 2150 4710 3728 4781">
    <p class='ocr_par' dir='ltr' id='par_1_106' title="bbox 2150 4710 3728 4781">
     <span class='ocr_line' id='line_1_106' title="bbox 2150 4710 3728 4781; baseline 0.003 -20"><span class='ocrx_word' id='word_1_861' title='bbox 2150 4717 2259 4761; x_wconf 91' lang='lat' dir='ltr'><strong>tam</strong></span> <span class='ocrx_word' id='word_1_862' title='bbox 2290 4716 2548 4762; x_wconf 73' lang='lat' dir='ltr'><strong>mternam</strong></span> <span class='ocrx_word' id='word_1_863' title='bbox 2568 4750 2583 4773; x_wconf 92' lang='lat'><strong>,</strong></span> <span class='ocrx_word' id='word_1_864' title='bbox 2619 4710 2742 4778; x_wconf 89' lang='lat' dir='ltr'><strong>quia</strong></span> <span class='ocrx_word' id='word_1_865' title='bbox 2773 4718 2974 4764; x_wconf 81' lang='lat' dir='ltr'><strong>:eterna</strong></span> <span class='ocrx_word' id='word_1_866' title='bbox 3006 4711 3059 4764; x_wconf 93' lang='lat' dir='ltr'><strong>in</strong></span> <span class='ocrx_word' id='word_1_867' title='bbox 3093 4712 3172 4766; x_wconf 90' lang='lat' dir='ltr'><strong>eis</strong></span> <span class='ocrx_word' id='word_1_868' title='bbox 3204 4713 3438 4781; x_wconf 91' lang='lat' dir='ltr'><strong>petimus</strong></span> <span class='ocrx_word' id='word_1_869' title='bbox 3470 4729 3482 4764; x_wconf 94' lang='lat'>:</span> <span class='ocrx_word' id='word_1_870' title='bbox 3515 4726 3728 4781; x_wconf 91' lang='lat' dir='ltr'><strong>semper</strong></span> 
     </span>
    </p>
   </div>
   <div class='ocr_carea' id='block_1_107' title="bbox 2147 4798 3726 4856">
    <p class='ocr_par' dir='ltr' id='par_1_107' title="bbox 2147 4798 3726 4856">
     <span class='ocr_line' id='line_1_107' title="bbox 2147 4798 3726 4856; baseline 0.003 -5"><span class='ocrx_word' id='word_1_871' title='bbox 2147 4798 2293 4851; x_wconf 88' lang='lat' dir='ltr'><strong>enim</strong></span> <span class='ocrx_word' id='word_1_872' title='bbox 2329 4806 2384 4852; x_wconf 89' lang='lat' dir='ltr'><strong>et</strong></span> <span class='ocrx_word' id='word_1_873' title='bbox 2424 4799 2541 4853; x_wconf 91' lang='lat' dir='ltr'><strong>sine</strong></span> <span class='ocrx_word' id='word_1_874' title='bbox 2571 4798 2681 4854; x_wconf 91' lang='lat' dir='ltr'><strong>ullo</strong></span> <span class='ocrx_word' id='word_1_875' title='bbox 2718 4801 2822 4855; x_wconf 90' lang='lat' dir='ltr'><strong>line</strong></span> <span class='ocrx_word' id='word_1_876' title='bbox 2855 4801 3112 4856; x_wconf 90' lang='lat' dir='ltr'><strong>debemus</strong></span> <span class='ocrx_word' id='word_1_877' title='bbox 3149 4801 3458 4856; x_wconf 87' lang='lat' dir='ltr'><strong>desiderare</strong></span> <span class='ocrx_word' id='word_1_878' title='bbox 3485 4801 3726 4856; x_wconf 86' lang='lat' dir='ltr'><strong>sanctifi-</strong></span> 
     </span>
    </p>
   </div>
   <div class='ocr_carea' id='block_1_108' title="bbox 2146 4888 3728 4962">
    <p class='ocr_par' dir='ltr' id='par_1_108' title="bbox 2146 4888 3728 4962">
     <span class='ocr_line' id='line_1_108' title="bbox 2146 4888 3728 4962; baseline 0.005 -22"><span class='ocrx_word' id='word_1_879' title='bbox 2146 4889 2257 4941; x_wconf 87' lang='lat' dir='ltr'><strong>cari</strong></span> <span class='ocrx_word' id='word_1_880' title='bbox 2300 4888 2351 4942; x_wconf 92' lang='lat' dir='ltr'><strong>in</strong></span> <span class='ocrx_word' id='word_1_881' title='bbox 2385 4891 2603 4945; x_wconf 90' lang='lat' dir='ltr'><strong>nomine</strong></span> <span class='ocrx_word' id='word_1_882' title='bbox 2630 4890 2874 4957; x_wconf 89' lang='lat' dir='ltr'><strong>Domini,</strong></span> <span class='ocrx_word' id='word_1_883' title='bbox 2907 4900 2962 4946; x_wconf 90' lang='lat' dir='ltr'><strong>et</strong></span> <span class='ocrx_word' id='word_1_884' title='bbox 2993 4908 3218 4962; x_wconf 90' lang='lat' dir='ltr'><strong>regnum</strong></span> <span class='ocrx_word' id='word_1_885' title='bbox 3243 4891 3358 4959; x_wconf 91' lang='lat' dir='ltr'><strong>ejus</strong></span> <span class='ocrx_word' id='word_1_886' title='bbox 3385 4892 3498 4946; x_wconf 89' lang='lat' dir='ltr'><strong>fieri</strong></span> <span class='ocrx_word' id='word_1_887' title='bbox 3536 4891 3589 4946; x_wconf 93' lang='lat' dir='ltr'><strong>in</strong></span> <span class='ocrx_word' id='word_1_888' title='bbox 3629 4909 3728 4948; x_wconf 84' lang='lat' dir='ltr'><strong>no-</strong></span> 
     </span>
    </p>
   </div>
   <div class='ocr_carea' id='block_1_109' title="bbox 2145 4979 3724 5054">
    <p class='ocr_par' dir='ltr' id='par_1_109' title="bbox 2145 4979 3724 5054">
     <span class='ocr_line' id='line_1_109' title="bbox 2145 4979 3724 5054; baseline 0.003 -21"><span class='ocrx_word' id='word_1_889' title='bbox 2145 4979 2260 5043; x_wconf 92' lang='lat' dir='ltr'><strong>bis,</strong></span> <span class='ocrx_word' id='word_1_890' title='bbox 2301 4989 2356 5034; x_wconf 92' lang='lat' dir='ltr'><strong>et</strong></span> <span class='ocrx_word' id='word_1_891' title='bbox 2388 4981 2718 5036; x_wconf 88' lang='lat' dir='ltr'><strong>voluntatem</strong></span> <span class='ocrx_word' id='word_1_892' title='bbox 2746 4982 2862 5050; x_wconf 84' lang='lat' dir='ltr'><strong>eius</strong></span> <span class='ocrx_word' id='word_1_893' title='bbox 2896 4983 3105 5053; x_wconf 90' lang='lat' dir='ltr'><strong>impleri</strong></span> <span class='ocrx_word' id='word_1_894' title='bbox 3141 5001 3154 5036; x_wconf 91' lang='lat'><strong>:</strong></span> <span class='ocrx_word' id='word_1_895' title='bbox 3183 4992 3393 5038; x_wconf 62' lang='lat' dir='ltr'><strong>caetera:</strong></span> <span class='ocrx_word' id='word_1_896' title='bbox 3431 4998 3558 5037; x_wconf 89' lang='lat' dir='ltr'><strong>vero</strong></span> <span class='ocrx_word' id='word_1_897' title='bbox 3590 4999 3724 5054; x_wconf 88' lang='lat' dir='ltr'><strong>qua-</strong></span> 
     </span>
    </p>
   </div>
   <div class='ocr_carea' id='block_1_110' title="bbox 2143 5073 3719 5143">
    <p class='ocr_par' dir='ltr' id='par_1_110' title="bbox 2143 5073 3719 5143">
     <span class='ocr_line' id='line_1_110' title="bbox 2143 5073 3719 5143; baseline 0.003 -19"><span class='ocrx_word' id='word_1_898' title='bbox 2143 5079 2266 5124; x_wconf 90' lang='lat' dir='ltr'><strong>tuor</strong></span> <span class='ocrx_word' id='word_1_899' title='bbox 2310 5081 2597 5140; x_wconf 89' lang='lat' dir='ltr'><strong>sequentes</strong></span> <span class='ocrx_word' id='word_1_900' title='bbox 2636 5074 2906 5142; x_wconf 89' lang='lat' dir='ltr'><strong>pertinent</strong></span> <span class='ocrx_word' id='word_1_901' title='bbox 2932 5076 2998 5128; x_wconf 89' lang='lat' dir='ltr'><strong>ad</strong></span> <span class='ocrx_word' id='word_1_902' title='bbox 3040 5073 3204 5128; x_wconf 88' lang='lat' dir='ltr'><strong>vitam</strong></span> <span class='ocrx_word' id='word_1_903' title='bbox 3237 5083 3578 5143; x_wconf 62' lang='lat' dir='ltr'><strong>praesentem.</strong></span> <span class='ocrx_word' id='word_1_904' title='bbox 3619 5075 3719 5130; x_wconf 86' lang='lat' dir='ltr'><strong>Se-</strong></span> 
     </span>
    </p>
   </div>
   <div class='ocr_carea' id='block_1_111' title="bbox 2140 5161 3718 5236">
    <p class='ocr_par' dir='ltr' id='par_1_111' title="bbox 2140 5161 3718 5236">
     <span class='ocr_line' id='line_1_111' title="bbox 2140 5161 3718 5236; baseline 0.004 -24"><span class='ocrx_word' id='word_1_905' title='bbox 2140 5161 2324 5230; x_wconf 92' lang='lat' dir='ltr'><strong>quitur</strong></span> <span class='ocrx_word' id='word_1_906' title='bbox 2350 5163 2402 5216; x_wconf 91' lang='lat' dir='ltr'><strong>in</strong></span> <span class='ocrx_word' id='word_1_907' title='bbox 2431 5162 2687 5218; x_wconf 90' lang='lat' dir='ltr'><strong>Oratione</strong></span> <span class='ocrx_word' id='word_1_908' title='bbox 2717 5163 3014 5228; x_wconf 90' lang='lat' dir='ltr'><strong>Dominiea,</strong></span> <span class='ocrx_word' id='word_1_909' title='bbox 3054 5163 3253 5219; x_wconf 86' lang='lat' dir='ltr'><strong>Panem</strong></span> <span class='ocrx_word' id='word_1_910' title='bbox 3282 5177 3515 5219; x_wconf 88' lang='lat' dir='ltr'><strong>nostrum</strong></span> <span class='ocrx_word' id='word_1_911' title='bbox 3547 5167 3718 5236; x_wconf 85' lang='lat' dir='ltr'><strong>quoti-</strong></span> 
     </span>
    </p>
   </div>
   <div class='ocr_carea' id='block_1_112' title="bbox 2121 5263 3713 5340">
    <p class='ocr_par' dir='ltr' id='par_1_112' title="bbox 2121 5263 3713 5340">
     <span class='ocr_line' id='line_1_112' title="bbox 2121 5263 3713 5340; baseline 0.006 -26"><span class='ocrx_word' id='word_1_912' title='bbox 2121 5263 2355 5317; x_wconf 61' lang='lat' dir='ltr'><strong>&#39;dianum</strong></span> <span class='ocrx_word' id='word_1_913' title='bbox 2396 5266 2465 5318; x_wconf 86' lang='lat' dir='ltr'><strong>da</strong></span> <span class='ocrx_word' id='word_1_914' title='bbox 2501 5268 2646 5321; x_wconf 87' lang='lat' dir='ltr'><strong>nobis</strong></span> <span class='ocrx_word' id='word_1_915' title='bbox 2684 5267 2837 5322; x_wconf 87' lang='lat' dir='ltr'><strong>hodie</strong></span> <span class='ocrx_word' id='word_1_916' title='bbox 2876 5268 3046 5323; x_wconf 72' lang='lat' dir='ltr'><strong>:‘sive</strong></span> <span class='ocrx_word' id='word_1_917' title='bbox 3079 5269 3466 5325; x_wconf 80' lang='lat' dir='ltr'><strong>exhibitionem</strong></span> <span class='ocrx_word' id='word_1_918' title='bbox 3499 5270 3713 5340; x_wconf 90' lang='lat' dir='ltr'><strong>corpori</strong></span> 
     </span>
    </p>
   </div>
   <div class='ocr_carea' id='block_1_113' title="bbox 2139 5355 3713 5433">
    <p class='ocr_par' dir='ltr' id='par_1_113' title="bbox 2139 5355 3713 5433">
     <span class='ocr_line' id='line_1_113' title="bbox 2139 5355 3713 5433; baseline 0.005 -25"><span class='ocrx_word' id='word_1_919' title='bbox 2139 5355 2372 5422; x_wconf 89' lang='lat' dir='ltr'><strong>petimus</strong></span> <span class='ocrx_word' id='word_1_920' title='bbox 2409 5359 2770 5413; x_wconf 85' lang='lat' dir='ltr'><strong>necessariam</strong></span> <span class='ocrx_word' id='word_1_921' title='bbox 2810 5377 2840 5414; x_wconf 93' lang='lat' dir='ltr'><strong>a</strong></span> <span class='ocrx_word' id='word_1_922' title='bbox 2884 5359 2995 5416; x_wconf 93' lang='lat' dir='ltr'><strong>Deo</strong></span> <span class='ocrx_word' id='word_1_923' title='bbox 3024 5361 3203 5427; x_wconf 91' lang='lat' dir='ltr'><strong>Patre,</strong></span> <span class='ocrx_word' id='word_1_924' title='bbox 3243 5363 3296 5416; x_wconf 91' lang='lat' dir='ltr'><strong>in</strong></span> <span class='ocrx_word' id='word_1_925' title='bbox 3326 5378 3464 5433; x_wconf 91' lang='lat' dir='ltr'><strong>pane</strong></span> <span class='ocrx_word' id='word_1_926' title='bbox 3501 5361 3713 5433; x_wconf 84' lang='lat' dir='ltr'><strong>signiﬁ-</strong></span> 
     </span>
    </p>
   </div>
   <div class='ocr_carea' id='block_1_114' title="bbox 2135 5448 3714 5523">
    <p class='ocr_par' dir='ltr' id='par_1_114' title="bbox 2135 5448 3714 5523">
     <span class='ocr_line' id='line_1_114' title="bbox 2135 5448 3714 5523; baseline 0.004 -22"><span class='ocrx_word' id='word_1_927' title='bbox 2135 5456 2322 5501; x_wconf 89' lang='lat' dir='ltr'><strong>cantes</strong></span> <span class='ocrx_word' id='word_1_928' title='bbox 2348 5448 2606 5517; x_wconf 88' lang='lat' dir='ltr'><strong>quidquid</strong></span> <span class='ocrx_word' id='word_1_929' title='bbox 2643 5451 2799 5505; x_wconf 88' lang='lat' dir='ltr'><strong>nobis</strong></span> <span class='ocrx_word' id='word_1_930' title='bbox 2825 5460 2907 5506; x_wconf 92' lang='lat' dir='ltr'><strong>est</strong></span> <span class='ocrx_word' id='word_1_931' title='bbox 2948 5454 3340 5519; x_wconf 89' lang='lat' dir='ltr'><strong>necessarium;</strong></span> <span class='ocrx_word' id='word_1_932' title='bbox 3380 5455 3494 5509; x_wconf 91' lang='lat' dir='ltr'><strong>sive</strong></span> <span class='ocrx_word' id='word_1_933' title='bbox 3534 5453 3714 5523; x_wconf 86' lang='lat' dir='ltr'><strong>quoti-</strong></span> 
     </span>
    </p>
   </div>
   <div class='ocr_carea' id='block_1_115' title="bbox 2136 5537 3712 5615">
    <p class='ocr_par' dir='ltr' id='par_1_115' title="bbox 2136 5537 3712 5615">
     <span class='ocr_line' id='line_1_115' title="bbox 2136 5537 3712 5615; baseline 0.007 -25"><span class='ocrx_word' id='word_1_934' title='bbox 2136 5537 2352 5591; x_wconf 90' lang='lat' dir='ltr'><strong>diauum</strong></span> <span class='ocrx_word' id='word_1_935' title='bbox 2393 5555 2585 5608; x_wconf 87' lang='lat' dir='ltr'><strong>panem</strong></span> <span class='ocrx_word' id='word_1_936' title='bbox 2627 5541 2986 5612; x_wconf 85' lang='lat' dir='ltr'><strong>intelligamus</strong></span> <span class='ocrx_word' id='word_1_937' title='bbox 3025 5544 3171 5598; x_wconf 91' lang='lat' dir='ltr'><strong>illum</strong></span> <span class='ocrx_word' id='word_1_938' title='bbox 3199 5561 3320 5599; x_wconf 84' lang='lat' dir='ltr'><strong>esse</strong></span> <span class='ocrx_word' id='word_1_939' title='bbox 3357 5561 3516 5615; x_wconf 88' lang='lat' dir='ltr'><strong>quem</strong></span> <span class='ocrx_word' id='word_1_940' title='bbox 3556 5561 3712 5601; x_wconf 77' lang='lat' dir='ltr'><strong>acce-</strong></span> 
     </span>
    </p>
   </div>
   <div class='ocr_carea' id='block_1_116' title="bbox 2134 5629 3711 5707">
    <p class='ocr_par' dir='ltr' id='par_1_116' title="bbox 2134 5629 3711 5707">
     <span class='ocr_line' id='line_1_116' title="bbox 2134 5629 3711 5707; baseline 0.011 -27"><span class='ocrx_word' id='word_1_941' title='bbox 2134 5629 2279 5696; x_wconf 91' lang='lat' dir='ltr'><strong>pturi</strong></span> <span class='ocrx_word' id='word_1_942' title='bbox 2306 5645 2490 5684; x_wconf 89' lang='lat' dir='ltr'><strong>sumus</strong></span> <span class='ocrx_word' id='word_1_943' title='bbox 2509 5631 2575 5686; x_wconf 85' lang='lat' dir='ltr'><strong>de</strong></span> <span class='ocrx_word' id='word_1_944' title='bbox 2603 5632 2778 5687; x_wconf 87' lang='lat' dir='ltr'><strong>altari.</strong></span> <span class='ocrx_word' id='word_1_945' title='bbox 2810 5633 2948 5699; x_wconf 87' lang='lat' dir='ltr'><strong>Quid</strong></span> <span class='ocrx_word' id='word_1_946' title='bbox 2970 5644 3054 5690; x_wconf 91' lang='lat' dir='ltr'><strong>est</strong></span> <span class='ocrx_word' id='word_1_947' title='bbox 3076 5637 3218 5691; x_wconf 92' lang='lat' dir='ltr'><strong>enim</strong></span> <span class='ocrx_word' id='word_1_948' title='bbox 3241 5641 3382 5707; x_wconf 88' lang='lat' dir='ltr'><strong>quod</strong></span> <span class='ocrx_word' id='word_1_949' title='bbox 3405 5655 3625 5696; x_wconf 90' lang='lat' dir='ltr'><strong>oramus</strong></span> <span class='ocrx_word' id='word_1_950' title='bbox 3649 5650 3711 5698; x_wconf 87' lang='lat' dir='ltr'><strong>ut</strong></span> 
     </span>
    </p>
   </div>
   <div class='ocr_carea' id='block_1_117' title="bbox 2135 5719 3707 5797">
    <p class='ocr_par' dir='ltr' id='par_1_117' title="bbox 2135 5719 3707 5797">
     <span class='ocr_line' id='line_1_117' title="bbox 2135 5719 3707 5797; baseline 0.01 -23"><span class='ocrx_word' id='word_1_951' title='bbox 2135 5719 2224 5774; x_wconf 92' lang='lat' dir='ltr'><strong>det</strong></span> <span class='ocrx_word' id='word_1_952' title='bbox 2251 5720 2405 5776; x_wconf 89' lang='lat' dir='ltr'><strong>nobis</strong></span> <span class='ocrx_word' id='word_1_953' title='bbox 2425 5734 2572 5790; x_wconf 87' lang='lat' dir='ltr'><strong>eum,</strong></span> <span class='ocrx_word' id='word_1_954' title='bbox 2607 5723 2706 5776; x_wconf 91' lang='lat' dir='ltr'><strong>nisi</strong></span> <span class='ocrx_word' id='word_1_955' title='bbox 2730 5738 2798 5777; x_wconf 93' lang='lat' dir='ltr'><strong>ne</strong></span> <span class='ocrx_word' id='word_1_956' title='bbox 2826 5725 2951 5780; x_wconf 86' lang='lat' dir='ltr'><strong>mali</strong></span> <span class='ocrx_word' id='word_1_957' title='bbox 2979 5725 3176 5797; x_wconf 87' lang='lat' dir='ltr'><strong>aliquid</strong></span> <span class='ocrx_word' id='word_1_958' title='bbox 3201 5729 3542 5788; x_wconf 84' lang='lat' dir='ltr'><strong>admittamus</strong></span> <span class='ocrx_word' id='word_1_959' title='bbox 3564 5731 3707 5790; x_wconf 82' lang='lat' dir='ltr'><strong>unde</strong></span> 
     </span>
    </p>
   </div>
  </div>
