4036 6370
270 336 346 392 ιλιι
1199 335 1508 391 HOMILUE
1547 335 1634 389 DE
1667 331 1870 388 FESTI!

1973 329 2354 398 ’RAECIPUIS,
2393 333 2547 387 ETC.
3446 336 3518 393 42

270 468 313 507 ~a
351 450 444 507 tali
470 464 612 521 pane
633 460 966 519 separemur.
996 447 1064 502 Et
1083 447 1305 505 verbum
1330 445 1425 501 Dei
1450 445 1593 514 quod
1618 443 1857 515 quotidie
1881 455 1936 513 Α
1961 439 2103 497 illam
2125 441 2481 513 proferamus,
2509 456 2573 497 ac
2599 442 2757 499 bonis
2776 441 3032 513 operibus
3058 444 3229 514 ipsam
3251 460 3527 503 commeno

272 542 623 615 praedicatur,
639 540 796 610 panis
809 546 891 595 est
907 556 920 593 :
936 552 1043 594 non
1056 537 1201 592 enim
1214 537 1340 607 quia
1353 551 1460 591 non
1473 542 1556 589 est
1568 533 1722 603 panis
1733 548 1856 589 ven-

274 632 398 695 tris,
422 631 544 685 ideo
577 644 683 685 non
712 637 796 685 est
818 630 974 699 panis
1004 628 1201 683 mentis
1227 646 1242 682 :
1266 642 1387 682 cum
1408 634 1589 682 autem
1613 625 1724 680 vita
1751 624 1855 680 ista

274 721 579 786 transierit,
594 735 693 775 nec
705 735 898 791 panem
914 720 1061 774 illum
1084 718 1375 789 qu'mrimus
1390 733 1547 786 quem
1565 717 1758 786 quaerit
1774 714 1854 769 fa-

271 825 418 875 mes,
440 825 541 865 nec
559 817 957 866 sacramentum
972 809 1159 864 altaris
1173 809 1433 864 habemus
1445 807 1711 876 accipere,
1732 805 1857 875 quia

274 898 355 953 ibi
368 898 703 953 erimuscum
715 897 950 962 Christo,
963 897 1115 967 cujus
1125 911 1321 967 corpus
1331 896 1488 951 modo
1499 894 1793 964 accipimus
1804 894 1859 948 in

272 995 645 1049 sacramento.
672 984 783 1042 Nec
802 987 965 1041 verba
991 987 1095 1041 ista
1118 1002 1150 1041 a
1175 986 1330 1042 nobis
1354 994 1484 1042 tunc
1507 985 1614 1041 dici
1637 984 1855 1048 habent,

277 1091 401 1146 qua:
439 1090 583 1131 nunc
631 1075 860 1131 dicimus
892 1075 1065 1129 vobis.
1105 1075 1217 1130 Nec
1249 1076 1421 1131 codex
1466 1076 1724 1148 legendus
1754 1083 1860 1141 est,

274 1166 499 1236 quando
510 1166 682 1235 ipsum
698 1165 1112 1234 videbimus,qui
1126 1165 1445 1221 estVerbum
1458 1167 1572 1230 Dei,
1586 1182 1685 1236 per
1698 1180 1859 1236 quem

272 1257 423 1314 facta
437 1266 566 1313 sunt
576 1256 756 1312 omnia
766 1271 892 1326 ,quo
902 1257 1411 1328 pascunturangeli,
1426 1272 1535 1327 quo
1557 1257 1863 1312 illuminan-

276 1360 371 1404 tur
398 1348 708 1418 archangeli
736 1389 751 1415 ,
780 1363 890 1418 quo
924 1349 1197 1419 sapientes
1220 1349 1357 1404 fiunt
1383 1364 1572 1404 omnes
1602 1349 1861 1404 caelorum

274 1440 533 1502 virtutes,
557 1452 664 1492 non
688 1445 989 1507 quaerentes
1002 1439 1167 1493 verba
1193 1437 1477 1493 locutionis
1496 1437 1860 1503 infructuosae,

275 1529 377 1584 sed
418 1527 668 1583 bibentes
708 1527 926 1583 unicum
961 1529 1215 1592 verbum,
1254 1535 1312 1583 et
1344 1528 1469 1583 inde
1496 1526 1699 1596 impleti
1741 1542 1864 1582 cru-

275 1627 436 1676 etant
476 1618 704 1683 laudes,
742 1625 799 1673 et
848 1633 956 1674 non
990 1618 1246 1673 deﬁciunt
1300 1618 1354 1672 in
1397 1617 1664 1673 laudibus.
1712 1616 1865 1672 Beati

275 1709 450 1773 enim,
478 1708 557 1763 ait
582 1707 854 1776 psalmus,
880 1708 970 1778 qui
998 1706 1237 1762 habitant
1264 1709 1319 1762 in
1340 1708 1496 1762 domo
1525 1718 1636 1774 tua,
1664 1708 1720 1761 in
1758 1724 1862 1763 sa:-

1956 533 2164 587 demus.
2202 532 2317 588 Scit
2344 533 2490 588 enim
2517 531 2606 587 ille
2646 535 2737 602 qui
2768 533 2945 589 taliter
2980 533 3143 604 jussit
3183 550 3282 590 nos
3315 545 3527 606 petere,

1956 618 2084 689 quid
2112 622 2266 677 nobis
2289 621 2418 677 utile
2445 629 2529 676 est
2558 622 2853 678 concedere
2893 639 2906 675 :
2945 623 3069 692 quia
3089 638 3418 695 quatcunque
3437 641 3531 696 po-

1958 711 2337 767 stulaverimus
2374 712 2668 770 secundum
2707 712 3034 768 voluntatem
3076 714 3212 783 ejus,
3249 717 3397 771 audit
3429 733 3527 773 nos

1958 801 2091 872 ipse,
2118 803 2369 860 videlicet
2394 804 2659 859 mediator
2680 805 2776 859 Dei
2792 813 2852 860 et
2875 805 3171 872 hominum,
3201 805 3356 863 Jesus
3375 808 3529 863 Chri-

1959 900 2074 948 stus
2115 893 2373 951 Dominus
2407 903 2610 960 noster,
2650 896 2743 966 qui
2783 896 2914 951 vivit
2952 905 3007 952 et
3039 906 3230 968 regnat
3262 913 3383 952 cum
3421 898 3531 955 Deo

1960 981 2119 1039 Patre
2141 983 2195 1037 in
2220 985 2429 1040 unitate
2455 983 2689 1055 Spiritus
2712 986 2884 1041 sancti
2909 984 3071 1051 Deus,
3102 1001 3199 1056 per
3223 988 3406 1044 omnia
3424 1002 3530 1045 sat-

1960 1074 2080 1129 cula
2109 1077 2452 1132 saeculorum.
2488 1077 2681 1131 Amen.

2516 1190 2797 1246 HOMILIA
2836 1190 2976 1245 XXI.

2416 1277 2471 1315 IN
2518 1276 2830 1317 ASCI-JNSIONE
2877 1275 3081 1317 DOIINI.

2449 1350 2673 1422 (Evang.
2708 1351 2879 1405 Marc.
2907 1351 3043 1423 xvr.)

2030 1437 2430 1496 Sacratissimaa
2448 1440 2780 1507 festivitatis,
2804 1442 3001 1497 fratres
3022 1443 3350 1508 charissimi,
3372 1458 3535 1514 quam

1964 1530 2125 1585 hodie
2173 1531 2526 1596 celebramus,
2566 1532 2827 1591 lectiones
2871 1549 3040 1590 sacrm
3073 1549 3193 1605 quae
3240 1535 3382 1591 inter
3425 1535 3539 1590 haec

1966 1623 2258 1680 missarum
2300 1625 2560 1682 solemnia
2611 1627 2848 1682 recitata:
2896 1634 3041 1693 sunt,
3094 1628 3336 1697 pandunt
3381 1641 3539 1682 exoro

1968 1713 2135 1768 dium.
2167 1713 2308 1770 Ante
2337 1716 2452 1771 dies
2474 1731 2604 1787 ergo
2633 1716 2987 1787 quadraginta
3014 1717 3292 1772 Dominico
3316 1717 3543 1772 Pascha:

270 1801 406 1856 cula
436 1798 753 1855 mulorum
800 1798 1090 1855 laudabunt
1123 1808 1172 1853 te
1206 1796 1384 1869 (Psal.
1426 1795 1672 1871 unus).
1720 1797 1864 1867 Ergo
1897 1799 1939 1857 Β
1969 1805 2384 1861 resurrectionis
2429 1804 2641 1862 Domini
2683 1813 2893 1876 tempus
2920 1805 3331 1872 celebravimus,
3380 1806 3540 1861 hodie

278 1894 339 1947 in
379 1893 482 1949 hac
523 1891 631 1947 vita
664 1892 902 1961 petimus
944 1890 1086 1962 quod
1138 1891 1428 1961 sequitur:
1463 1890 1678 1946 Dimitte
1717 1890 1863 1945 nobis

281 1984 467 2038 debita
499 1991 678 2037 nostra
697 2021 715 2047 ,
747 1983 879 2037 sicut
909 1992 959 2036 et
978 1998 1073 2037 nos
1094 1981 1413 2037 dimittimus
1432 1979 1749 2035 debitoribus
1774 1995 1869 2034 no-

276 2077 407 2130 stris
454 2088 473 2125 :
529 2074 583 2128 in
642 2073 910 2142 baptismo
966 2073 1146 2129 omnia
1203 2072 1403 2138 debita,
1466 2071 1522 2127 id
1568 2078 1691 2137 est,
1744 2084 1869 2140 pec-

279 2177 404 2224 cata
449 2166 654 2231 omnia,
700 2180 923 2235 prorsus
967 2164 1316 2219 dimittuntur
1361 2161 1553 2229 nobis;
1603 2162 1697 2218 sed
1742 2162 1868 2232 quia

282 2261 375 2319 hic
409 2274 570 2316 nemo
597 2265 777 2329 potest
806 2259 989 2314 vivere
1031 2257 1149 2312 sine
1186 2263 1430 2327 peccato,
1469 2254 1591 2310 etsi
1621 2269 1729 2309 non
1755 2268 1870 2309 ma-

288 2370 392 2425 gno
432 2354 685 2419 crimine,
726 2353 867 2408 unde
903 2356 1234 2421 separentur
1276 2349 1345 2403 ab
1382 2347 1474 2403 illo
1518 2360 1694 2418 pane,
1743 2351 1871 2400 tunc

284 2459 444 2500 nemo
472 2451 653 2514 potest
687 2442 806 2499 sine
832 2440 1070 2513 peccatis
1096 2453 1217 2495 esse
1247 2438 1303 2494 in
1336 2438 1439 2493 hac
1468 2444 1611 2493 terra
1632 2477 1647 2503 ,
1679 2444 1733 2491 et
1762 2449 1871 2489 non

277 2550 576 2605 possumus
616 2534 881 2605 accipere,
929 2531 1035 2588 nisi
1078 2546 1244 2586 unum
1287 2530 1612 2601 baptismum
1663 2527 1863 2585 simul:

286 2625 345 2680 in
383 2627 633 2682 oratione
667 2632 857 2680 autem
894 2622 1222 2692 accipiemus
1268 2620 1409 2675 unde
1444 2618 1684 2689 quotidie
1724 2618 1871 2672 lave-

282 2732 433 2781 mur,
478 2723 539 2770 ut
576 2715 731 2771 nobis
754 2721 982 2784 peccata
1017 2718 1203 2767 nostra
1241 2708 1484 2779 quotidie
1506 2706 1865 2762 dimittantur.

285 2804 398 2871 Sed
438 2805 541 2860 hoc
567 2804 627 2860 fit
665 2806 711 2860 si
751 2802 1013 2859 faciamus
1046 2801 1190 2872 quod
1218 2800 1480 2869 sequitur,
1524 2798 1657 2853 sicut
1685 2806 1733 2852 et
1775 2813 1868 2852 nos

290 2897 607 2950 dimittimus
635 2894 948 2950 debitoribus
992 2894 1204 2949 nostris.
1240 2892 1457 2962 Itaque,
1495 2888 1694 2946 fratres
1733 2888 1865 2953 mei,

291 3000 494 3040 moneo
521 3000 632 3051 vos,
669 2985 722 3039 in
753 2984 843 3039 Dei
870 2984 1043 3055 gratia
1074 2982 1214 3038 ﬁlios
1242 2996 1412 3046 meos,
1442 2988 1499 3037 et
1523 2980 1623 3036 sub
1648 2978 1739 3033 illo
1765 2977 1869 3032 Pa-

287 3087 378 3132 tre
418 3075 615 3131 fratres
654 3090 820 3141 meos,
861 3089 1053 3130 moneo
1080 3088 1177 3130 vos
1214 3082 1271 3128 ul
1299 3071 1516 3142 quando
1541 3085 1638 3125 vos
1672 3067 1868 3138 aliquis

1966 1891 2202 1962 ejusdem
2218 1895 2591 1967 Redemptoris
2616 1896 2788 1951 nostri
2805 1896 3152 1953 Ascensionis
3173 1896 3434 1951 solemnia
3451 1910 3542 1950 ve-

1968 1999 2223 2040 neramur
2253 2002 2267 2040 :
2296 1986 2422 2055 quia
2452 1984 2699 2041 Salvator
2737 1997 2921 2041 noster
2941 1994 3064 2055 post
3093 1985 3545 2043 resurrectionem

1968 2087 2142 2140 suam,
2178 2089 2277 2146 per
2302 2075 2418 2130 dies
2436 2074 2790 2147 quadraginta
2810 2087 3077 2146 apparens
3100 2074 3378 2145 discipulis
3409 2074 3547 2140 suis,

1969 2168 2238 2222 veraciter
2264 2182 2324 2222 se
2344 2167 2706 2225 resurrexisse
2728 2166 2780 2221 in
2808 2167 2992 2222 multis
3015 2167 3349 2238 argumentis
3372 2164 3548 2223 mani-

1969 2255 2218 2323 fcstavit;
2246 2256 2539 2315 novissime
2566 2256 3004 2313 recumbentibus
3035 2257 3141 2313 illis
3170 2256 3424 2312 undecim
3447 2271 3545 2327 ap-

1969 2348 2169 2417 paruit,
2210 2354 2266 2403 et
2311 2348 2472 2402 verba
2522 2347 2921 2418 praedicationis
2961 2346 3033 2403 ob
3081 2347 3548 2403 confirmationem

1969 2452 2155 2494 eorum
2170 2438 2282 2507 jam
2304 2452 2627 2494 ascensurus
2648 2439 2703 2493 in
2724 2438 2942 2506 caelum,
2976 2438 3289 2510 impertivit,
3315 2438 3548 2508 ﬁdeique

1969 2530 2395 2601 magnitudinem
2433 2530 2693 2597 ostendit,
2733 2547 2798 2587 ac
2823 2532 2975 2602 signa
3009 2546 3129 2602 quae
3166 2546 3264 2601 per
3286 2531 3549 2602 praedica-

1971 2619 2169 2675 tionem
2196 2632 2382 2674 eorum
2414 2621 2715 2677 credituros
2742 2616 3029 2677 subsecuta
3054 2630 3208 2677 erant
3229 2662 3244 2686 ,
3277 2620 3551 2691 praedixit,

1968 2710 2155 2780 eisque
2198 2710 2546 2778 benedicens,
2582 2710 2813 2782 Spiritus
2852 2713 3023 2769 sancti
3069 2713 3317 2783 promisit
3343 2711 3548 2767 adven—

1968 2807 2104 2854 tum.
2142 2798 2272 2855 Post
2294 2801 2411 2856 haec
2445 2812 2625 2856 autem
2645 2842 2660 2869 ,
2686 2802 2981 2857 videntibus
3005 2801 3110 2856 illis
3131 2801 3359 2857 elevatus
3378 2813 3473 2868 est,
3498 2812 3552 2857 et

1969 2891 2129 2945 nubes
2151 2893 2375 2962 suscepit
2402 2908 2518 2946 eum
2545 2891 2608 2945 ab
2641 2892 2808 2947 oculis
2837 2909 3016 2948 eorum
3034 2932 3052 2959 ,
3078 2902 3471 2964 assumptusque
3496 2893 3554 2949 in

1968 2978 2175 3044 caelum,
2208 2989 2256 3034 et
2280 2981 2427 3035 sedet
2458 2998 2491 3034 a
2519 2981 2717 3036 dextris
2744 2981 2859 3047 Dei,
2909 2982 2963 3037 in
3004 2982 3191 3038 eadem
3221 2982 3554 3038 humanitate

1967 3079 2225 3127 venturus
2247 3073 2492 3143 judicare
2521 3074 2577 3127 in
2618 3072 2726 3129 fine
2761 3073 3079 3130 saeculorum
3124 3075 3274 3130 vivos
3306 3090 3370 3130 ac
3403 3089 3550 3129 mor—

283 3165 512 3223 offendit
547 3177 603 3223 et
632 3175 821 3239 peccat
858 3167 914 3221 in
950 3181 1068 3232 vos,
1104 3174 1161 3220 et
1198 3165 1363 3228 venit,
1395 3170 1451 3217 et
1477 3164 1783 3225 conﬁtetur,
1816 3167 1871 3216 et
1897 3145 1943 3210 Ο
1976 3172 2116 3229 ιυοε,
2147 3180 2252 3235 qua
2281 3164 2440 3220 hodie
2468 3166 2729 3233 ascendit,
2761 3168 2899 3227 sicut
2927 3175 2984 3222 et
3027 3168 3303 3238 apostolis,
3338 3169 3392 3224 in
3436 3183 3554 3224 cm-

282 3258 425 3329 petit
453 3272 485 3312 a
511 3258 664 3314 vobis
703 3257 917 3312 veniam
940 3296 956 3323 ,
985 3263 1044 3310 ut
1075 3254 1366 3325 ignoscatis
1392 3252 1501 3319 illi,
1531 3258 1587 3307 et
1614 3250 1869 3307 continuo

283 3364 353 3405 ex
384 3348 547 3405 corde
576 3348 881 3414 dimittatis,
929 3362 998 3402 ne
1027 3345 1180 3403 vobis
1206 3360 1236 3399 a
1266 3344 1378 3400 Deo
1409 3343 1621 3398 veniam
1645 3342 1867 3398 venien-

287 3446 397 3494 tem
439 3437 775 3508 prohibeatis
814 3455 829 3491 :
879 3437 924 3493 si
958 3436 1110 3491 enim
1137 3451 1247 3490 non
1282 3432 1562 3490 dimittetis
1605 3447 1724 3499 vos,
1769 3446 1870 3487 nec

290 3527 376 3583 ille
400 3529 636 3584 dimittet
660 3528 835 3584 vobis.
872 3528 1013 3599 Ergo
1037 3536 1095 3582 et
1120 3527 1224 3582 hoc
1255 3525 1309 3580 in
1337 3525 1439 3581 ista
1471 3525 1581 3579 vita
1610 3525 1867 3596 petimus,

288 3619 415 3688 quia
445 3618 535 3673 hic
560 3627 787 3689 possunt
815 3618 1013 3673 dimitti
1041 3617 1130 3672 ubi
1158 3625 1385 3688 possunt
1407 3615 1594 3671 haberi
1613 3622 1834 3685 peccata
1854 3654 1869 3680 ,

290 3709 346 3763 in
377 3708 467 3764 illa
494 3716 677 3765 autem
715 3708 826 3763 vita
847 3723 955 3763 non
979 3707 1355 3774 dimittuntur,
1383 3706 1508 3776 quia
1535 3720 1637 3760 nec
1669 3703 1873 3759 haben-

292 3809 401 3853 tur.
442 3798 646 3854 Deinde
675 3798 909 3869 petimus
931 3798 1193 3863 dicentes,
1227 3814 1289 3851 ne
1316 3813 1408 3851 nos
1438 3796 1658 3850 inducas
1686 3796 1740 3849 in
1768 3804 1876 3848 ten-

289 3890 543 3942 tationem
572 3902 592 3942 :
623 3889 765 3945 Deus
808 3888 951 3945 enim
997 3903 1104 3943 non
1153 3903 1251 3958 per
1301 3887 1535 3958 seipsum
1574 3884 1779 3941 inducit
1820 3884 1875 3939 in

292 3980 670 4045 tcntationem,
704 3981 799 4037 sed
827 3979 1005 4035 induci
1027 3980 1234 4050 patitur
1262 3994 1385 4035 eum
1415 3993 1574 4048 quem
1601 3991 1701 4031 suo
1722 3976 1877 4031 auxi-

290 4071 367 4128 lio
398 4072 724 4139 destituerit,
750 4088 815 4128 ac
848 4073 1170 4138 deseruerit,
1193 4072 1383 4128 ordine
1407 4071 1793 4136 occultissimo,
1820 4076 1876 4124 at

292 4164 508 4221 meritis
536 4164 822 4234 causisque
858 4178 1000 4235 saepe
1039 4162 1361 4218 manifestis.
1392 4161 1550 4217 Aliud
1582 4168 1666 4217 est
1696 4168 1877 4215 autem

292 4255 477 4311 induci
499 4256 556 4311 in
578 4257 945 4323 tcntationem,
972 4255 1117 4311 aliud
1139 4262 1224 4311 est
1249 4255 1443 4310 tentari
1469 4272 1482 4308 :
1508 4254 1631 4323 quia
1657 4253 1874 4319 tentari,

292 4344 533 4416 probare
574 4352 687 4411 est;
731 4346 871 4401 unde
899 4345 1158 4415 scriptum
1185 4351 1269 4400 est
1299 4362 1313 4397 :
1353 4343 1491 4398 Vasa
1517 4343 1666 4414 ﬁguli
1694 4342 1878 4413 probat

290 4435 511 4506 fornax,
539 4444 588 4490 et
615 4435 849 4490 homines
860 4436 1034 4507 justas
1066 4435 1280 4490 tentatio
1311 4434 1662 4489 tribulationis
1683 4433 1871 4506 (Eccli.

291 4526 492 4599 xxvii).
527 4525 711 4581 lnduci
762 4536 943 4582 autem
984 4528 1037 4581 in
1079 4527 1451 4593 tcntationem,
1500 4535 1583 4582 est
1631 4526 1874 4596 superari

294 4617 600 4672 tentatione
636 4624 796 4687 atque
838 4618 1132 4688 corrumpi.
1180 4616 1286 4673 Sed
1323 4616 1484 4672 libera
1513 4633 1606 4672 nos
1650 4634 1681 4670 a
1712 4615 1873 4681 malo,

292 4708 402 4762 hoc
431 4715 516 4763 est
546 4707 619 4777 ah
636 4708 781 4762 omni
805 4717 1048 4778 peccato,
1073 4709 1184 4764 sive
1208 4709 1370 4764 etiam
1411 4710 1480 4765 ab
1506 4719 1724 4764 auctore
1751 4724 1876 4778 pec-

289 4798 428 4862 cati,
461 4798 566 4853 hoc
591 4806 694 4864 est,
729 4798 940 4854 diabolo
962 4839 976 4864 ,
1006 4814 1074 4853 ne
1107 4799 1197 4854 ille
1224 4815 1322 4855 nos
1349 4799 1461 4854 suis
1489 4800 1877 4855 tentationibus

290 4889 523 4946 seducat
572 4898 734 4961 atque
780 4889 1030 4959 decipiat.
1083 4887 1355 4944 Orandum
1388 4900 1481 4947 ,εει
1530 4889 1675 4969 enim
1722 4889 1879 4959 nobis

293 4983 553 5063 quandiq
581 4983 850 5063 sumus’in
885 4981 1149 5061 praesenti
1174 4980 1307 5063 vita,
1339 4989 1398 5061 ut
1430 4970 1538 5052 non
1565 4981 1738 5045 solum
1771 4996 1878 5036 non

295 5052 621 5149 induc-amur
650 5052 931 5149 indm'azlum
953 5052 1060 5149 quo
1087 5052 1367 5135 caremus,
1385 5072 1481 5149 sed
1507 5071 1574 5145 ab
1601 5071 1690 5126 illo
1712 5072 1878 5149 etiam

294 5138 600 5217 liberemur
622 5141 732 5230 quo
750 5142 1093 5239 jam-inducti
1111 5175 1297 5216 sumus
1323 5179 1335 5214 :
1365 5148 1649 5241 quodcum
1679 5144 1880 5239 factum

296 5238 490 5319 fuerit,
546 5250 680 5307 nihil
739 5238 1039 5329 remanebit
1085 5238 1512 5315 formidolosum,
1575 5238 1700 5319 quia
1755 5257 1881 5303 tunc

297 5346 556 5421 gaudium
580 5354 824 5400 nostrum
852 5344 957 5400 erit
979 5344 1213 5414 plenum.
1242 5342 1393 5399 Hanc
1421 5358 1548 5413 ergo
1570 5340 1880 5397 Orationem

303 5435 660 5500 Dominicam,
691 5434 887 5503 fratres
912 5433 1245 5499 charissimi,
1275 5447 1393 5502 quae
1421 5433 1489 5486 ab
1521 5433 1637 5503 ipso
1664 5440 1884 5487 auctore

306 5536 493 5583 nostro
533 5535 589 5581 et
631 5526 885 5598 largitore
912 5524 1153 5580 omnium
1188 5526 1453 5580 bonorum
1494 5524 1739 5579 instituta
1777 5516 1899 5591 est,

308 5620 361 5673 in
405 5618 666 5673 memoria
710 5632 898 5671 omnes
943 5625 1241 5682 teneamus,
1289 5622 1344 5670 et
1386 5614 1655 5670 intellectu
1707 5610 1915 5671 cordis

309 5726 428 5791 eam
459 5709 661 5766 habere
696 5709 1038 5771 festinemus;
1077 5723 1212 5777 puro
1240 5721 1336 5764 ore
1369 5714 1423 5763 ct
1449 5704 1671 5777 paciﬁca
1706 5714 1901 5801 menter

632 5802 904 5861 I’ATROL.
949 5798 1081 5860 CX.
1550 5788 1575 5809 ”
1776 5796 1799 5803 ”
1878 5792 1883 5797 ’

1973 3253 2084 3309 lum
2107 3263 2327 3310 euntem
2362 3255 2511 3311 illum
2556 3257 2910 3322 intuentibus,
2944 3258 3052 3314 duo
3088 3257 3264 3328 angeli
3291 3259 3556 3329 praedixe-

1973 3354 2100 3400 runt
2144 3363 2158 3400 :
2207 3345 2343 3411 Viri,
2392 3347 2586 3417 inquit,
2618 3345 2852 3414 Galilazi,
2899 3349 3024 3419 quid
3061 3351 3211 3403 statis
3250 3349 3557 3419 aspicientes

1972 3435 2027 3490 in
2066 3435 2249 3491 caelum
2275 3437 2300 3489 Ρ
2337 3434 2441 3490 Hic
2480 3436 2639 3492 Jesus
2658 3439 2749 3509 qui
2776 3448 3075 3509 assumptus
3108 3448 3185 3494 est
3221 3458 3255 3494 a
3291 3439 3448 3505 vobis,
3479 3439 3556 3493 sic

1973 3529 2137 3583 ueniet
2175 3530 2616 3599 quemadmodum
2651 3530 2851 3584 uidistis
2875 3547 2995 3585 eum
3029 3540 3234 3586 euntem
3265 3533 3321 3586 in
3346 3530 3552 3587 ctzlum.

1972 3618 2134 3683 Ecce,
2167 3636 2288 3675 cum
2330 3620 2616 3675 Dominum
2656 3621 2712 3676 in
2753 3621 2950 3677 ctelum
2989 3623 3295 3679 ascendisse
3338 3622 3558 3691 auditis,

1974 3714 2029 3769 in
2080 3714 2336 3769 cordibus
2374 3715 2573 3770 vestris
2616 3715 2879 3771 immensa
2930 3715 3117 3771 lzctitia
3154 3716 3553 3783 exhilaramini,

1973 3804 2161 3860 laudes
2204 3805 2413 3861 debitas
2457 3821 2552 3861 ore
2598 3807 2949 3876 depromitis,
3008 3808 3264 3878 gaudium
3315 3817 3556 3865 vestrum

1976 3895 2137 3949 etiam
2170 3895 2223 3949 in
2267 3895 2417 3950 vultu
2457 3895 2759 3959 ostenditis,
2802 3896 2926 3965 quia
2975 3897 3314 3968 majestatem
3356 3897 3558 3954 Christi

1977 3991 2027 4036 et
2055 3982 2279 4054 gloriam
2320 3984 2469 4055 regni
2509 3983 2744 4040 cmlestis
2785 3993 2969 4039 mente
3002 3986 3331 4056 recogitatis.
3363 3986 3430 4041 Et
3468 4002 3555 4041 re-

1977 4086 2105 4126 vera
2147 4088 2344 4143 magna
2368 4080 2454 4128 est
2484 4080 2539 4127 et
2568 4072 2854 4128 ineﬂ'abilis
2896 4089 3060 4129 causa
3100 4074 3386 4145 gaudendi,
3429 4090 3558 4130 cum

1979 4160 2228 4217 audimus
2272 4169 2329 4216 et
2368 4162 2532 4217 corde
2564 4161 2782 4216 credulo
2810 4169 3137 4227 tractamus,
3174 4163 3317 4231 quod
3350 4163 3404 4216 in
3431 4177 3562 4217 con-

1979 4264 2164 4326 spectu
2201 4264 2402 4310 sanctae
2435 4253 2815 4320 multitudinis,
2858 4269 3022 4324 supra
3066 4256 3308 4310 omnium
3347 4264 3559 4311 creatu-

1981 4362 2165 4403 rarum
2196 4346 2498 4403 cmlestium
2530 4346 2847 4416 dignitatem
2867 4347 3088 4402 humani
3121 4348 3335 4418 generis
3361 4357 3559 4405 natura

1984 4438 2392 4503 conscenderit,
2448 4451 2796 4507 supergressa
2867 4436 3137 4508 angelicos
3201 4438 3453 4505 ordines,
3503 4448 3561 4494 et

1979 4530 2118 4584 ultra
2150 4535 2467 4585 cunctarum
2496 4527 2833 4582 altitudinem
2866 4534 3192 4598 potestatum
3222 4528 3451 4595 elevata,
3490 4531 3561 4585 ad

1979 4620 2074 4675 Dei
2103 4616 2279 4673 Patris
2302 4627 2553 4688 provecta
2579 4626 2663 4672 est
2688 4631 3023 4672 consessum.
3063 4615 3198 4685 Quia
3221 4617 3383 4688 igitur
3406 4616 3561 4673 Chri-

1979 4709 2048 4765 sti
2085 4710 2330 4764 ascensio
2377 4717 2562 4763 nostra
2599 4708 2877 4779 provectio
2911 4715 3015 4772 est,
3056 4716 3111 4763 et
3135 4722 3242 4777 quo
3282 4709 3563 4778 prmcessit

1980 4798 2148 4868 gloria
2176 4798 2367 4867 capitis
2389 4812 2454 4852 co
2476 4811 2599 4867 spes
2626 4797 2796 4852 tendit
2822 4805 2877 4851 et
2897 4796 3163 4865 corporis,
3187 4796 3362 4865 dignis
3381 4797 3563 4851 exsul-

1981 4895 2158 4942 tentus
2203 4887 2429 4958 gaudiis,
2480 4894 2535 4941 et
2571 4888 2657 4957 pia
2699 4886 2998 4957 gratiarum
3046 4885 3256 4940 actione
3291 4884 3557 4940 laetemur.

1981 4978 2150 5035 Hodie
2189 4979 2334 5035 enim
2368 4993 2475 5033 non
2515 4978 2687 5034 solum
2723 4978 2960 5048 paradisi
2992 4990 3330 5046 possessores
3360 4975 3561 5031 firmati

1981 5086 2189 5135 sumus,
2215 5069 2309 5125 sed
2337 5068 2501 5124 etiam
2529 5068 2789 5123 caelorum
2818 5068 2873 5121 in
2897 5067 3114 5122 Christo
3139 5080 3370 5136 superna
3390 5068 3561 5135 peneé

1980 5162 2265 5227 trahimus,
2309 5159 2571 5228 ampliora
2616 5159 2793 5230 adepti
2842 5174 2940 5229 per
2984 5156 3311 5213 ineffabilem
3358 5157 3563 5213 Christi

1982 5248 2232 5319 gratiam,
2288 5262 2449 5316 quam
2489 5260 2586 5317 per
2626 5246 2825 5301 diaboli
2871 5245 3227 5302 amiseramus
3273 5246 3555 5301 invidiam.

1989 5338 2126 5395 Nam
2155 5354 2290 5409 quos
2327 5337 2628 5394 virulentus
2658 5338 2910 5393 inimicus
2938 5338 3101 5408 primi
3127 5337 3417 5393 habitaculi
3446 5336 3564 5394 feli-

1990 5432 2153 5488 citate
2192 5430 2403 5500 dejecit,
2439 5446 2533 5486 eos
2571 5429 2673 5485 sibi
2702 5438 3019 5500 corporatus
3044 5429 3140 5486 Dei
3167 5428 3334 5484 Filius
3356 5429 3423 5484 ad
3460 5429 3565 5484 Pa-

1992 5525 2089 5581 tris
2119 5525 2395 5579 dexteram
2427 5521 2708 5577 collocavit
2738 5539 2750 5573 :
2780 5520 3136 5577 ascendamus
3154 5560 3171 5587 ,
3208 5518 3562 5583 dilectissimi,

1990 5633 2112 5673 cum
2141 5617 2355 5671 Christo
2397 5600 2613 5671 interim
2649 5614 2832 5680 corde,
2878 5630 2999 5669 cum
3040 5614 3154 5669 dies
3182 5610 3298 5681 ejus
3336 5610 3566 5680 promis-
3629 5648 3638 5661 .

1992 5722 2085 5763 sus
2108 5704 2400 5771 advenerit,
2427 5719 2718 5776 sequemur
2746 5713 2801 5760 et
2821 5719 3067 5775 corpore.
3098 5701 3250 5757 Scire
3275 5708 3452 5755 tamen
3473 5698 3583 5767 de—l
