4036 6370
455 323 551 386 ΊΒ
1080 316 1171 378 ῨΒ.
1215 321 1464 377 RABANI
1505 319 1722 377 MAURI
1755 309 2072 375 ARCHIEP.
2117 312 2422 374 MOGUNT.
2455 312 2737 374 OPERUM
2775 316 2955 375 PARS
2993 319 3054 374 ll.
3666 324 3741 379 ιι

460 445 697 507 Ibamus,
730 438 950 499 fratres,
983 435 1109 505 quia
1149 449 1272 490 cum
1297 434 1513 488 Christo
1547 447 1652 486 non
1682 430 1926 485 ascendit
1955 443 2051 481 su-
2078 436 2129 495 Α
2155 425 2332 481 ctione
2380 426 2617 494 Domini,
2659 442 2767 496 quo
2810 426 3047 495 Spiritus
3088 426 3403 496 parac'litus,
3439 442 3503 482 ex
3545 429 3745 484 Caeco

460 532 688 604 aperbia,
730 543 835 583 non
862 526 1111 589 avaritia,
1140 539 1248 579 non
1279 523 1509 587 luxuria,
1542 536 1649 575 non
1676 520 1907 582 invidia;
1936 516 2057 570 nul-

481 623 590 675 lum
638 618 826 673 vitium
868 623 1113 669 nostrum
1156 613 1400 668 ascendit
1435 626 1557 666 cum
1594 609 1802 664 medico
1846 614 2051 660 nostro.

478 712 545 765 Et
571 710 693 764 ideo
716 708 761 762 si
782 715 906 778 post
927 705 1192 760 medicum
1215 710 1458 757 nostrum
1479 699 1847 755 desideramus
1873 711 2058 750 ascen-

479 805 631 866 dere,
684 801 938 856 debemus
987 797 1118 851 vitia
1174 794 1260 850 vel
1308 801 1529 863 peccata
1581 791 1850 860 deponere
1889 804 1902 839 :
1939 786 2055 841 haec

478 895 647 960 enim,
695 891 846 963 quasi
885 888 1206 960 quibusdam
1254 884 1603 956 compedibus
1643 896 1742 936 nos
1781 886 2051 950 premunt,

479 998 532 1041 et
553 994 897 1058 peccatorum
925 996 1023 1036 nos
1046 979 1250 1034 retibus
1277 978 1444 1049 ligare
1466 974 1816 1031 contendunt.
1847 972 1912 1026 Et
1934 972 2055 1026 ideo

478 1096 602 1134 cum
633 1079 727 1133 Dei
772 1076 1040 1146 adjutorio
1060 1115 1075 1140 ,
1114 1071 1408 1131 secundum
1443 1070 1586 1138 quod
1616 1067 1692 1121 ait
1717 1063 2001 1121 Psalmista
2038 1080 2051 1116 :

478 1169 881 1238 Disrumpamus
929 1163 1135 1219 vincula
1191 1176 1370 1216 eorum
1417 1156 1589 1230 (Psal.
1623 1156 1708 1229 ιι),
1767 1165 1826 1210 ιιι
1877 1152 2055 1209 securi

478 1259 747 1328 possimus
772 1257 954 1311 dicere
977 1254 1203 1308 Domino
1226 1268 1239 1305 :
1267 1250 1548 1319 Disrupisti
1569 1246 1774 1302 vincula
1795 1264 1911 1300 mea
1929 1259 1947 1297 :
1962 1244 2055 1298 tibi

478 1345 787 1413 sacriﬁcabo
824 1343 1048 1397 hostium
1080 1340 1255 1394 laudis
1293 1337 1465 1411 (Psal.
1498 1335 1649 1407 cxv).
1687 1334 2056 1389 Ascendentes

477 1444 656 1490 autem
693 1449 800 1489 non
825 1431 1169 1495 extollamur,
1199 1444 1303 1484 nee
1329 1430 1395 1484 de
1428 1426 1630 1482 nostris
1654 1423 1809 1495 quasi
1833 1423 2055 1492 depro-

469 1528 612 1600 pri-is
645 1526 854 1580 meritis
878 1536 1300 1594 praesumamus.
1322 1518 1553 1574 Sursum
1572 1517 1715 1573 enim
1740 1528 1835 1569 cor
1856 1511 2057 1566 habere

470 1620 754 1681 debemus,
802 1616 897 1671 sed
926 1614 991 1667 ad
1014 1611 1306 1667 Dominum
1340 1628 1354 1663 :
1393 1622 1609 1664 sursum
1626 1605 1922 1668 enimcor,
1946 1615 2055 1661 non

463 1709 542 1765 ad
594 1708 901 1771 Dominum,
951 1705 1182 1772 erigere,
1229 1698 1478 1770 superbia
1524 1706 1787 1760 vocatur;
1839 1704 2056 1747 sursum

2158 519 2441 583 vocabulo,
2491 520 2584 588 qui
2640 517 2938 573 consolator
2985 519 3395 588 interpretatur,
3438 521 3745 576 secundum

2157 611 2568 680 promissionem
2624 609 2824 665 Christi
2876 623 3038 679 super
3093 610 3364 679 apostolos
3414 611 3746 678 descendit,

2156 719 2451 774 eorumque
2493 705 2656 759 corda
2692 702 2905 757 flamma
2933 703 3217 757 eharitatis
3238 717 3351 757 sum
3375 703 3652 768 accendit,
3684 713 3748 757 et

2159 794 2360 848 lumine
2390 794 2554 847 totius
2579 794 2818 849 scientiae
2847 807 2942 848 eos
2970 792 3265 852 illustrans.
3294 793 3435 848 inter
3460 793 3749 864 angustias

2156 885 2596 954 persequentium
2640 882 2944 938 Judazorum
2992 880 3317 938 constitutos
3361 883 3567 939 caelesti
3614 883 3749 939 fecit

2157 975 2457 1029 exuberare
2482 972 2684 1027 laetitia.
2712 971 2767 1025 lu
2794 971 2984 1042 primis
3011 972 3154 1026 enim
3190 972 3466 1026 sciendum
3489 978 3574 1027 est
3596 972 3750 1043 quod

2159 1067 2274 1121 haec
2306 1064 2619 1120 solemnitas
2654 1078 2759 1117 non
2801 1061 3127 1133 evangelicis
3172 1068 3382 1116 tantum
3421 1071 3748 1117 consecrata

2159 1156 2596 1219 charismatibus,
2642 1169 2832 1210 verum
2864 1155 3029 1209 etiam
3070 1153 3330 1225 legalibus
3355 1152 3467 1222 jam
3494 1155 3621 1209 olim
3659 1164 3751 1209 est

2142 1249 2482 1319 pris-signata
2506 1247 2802 1319 mysteriis,
2829 1261 2894 1301 ac
2916 1245 3145 1301 Domino
3161 1246 3405 1313 iubente,
3433 1260 3532 1314 per
3549 1260 3750 1300 omnes

2159 1353 2331 1392 annos
2351 1338 2521 1393 sacris
2547 1338 2834 1392 observata
2857 1335 3217 1391 caeremoniis.
3246 1334 3520 1391 llodierna
3539 1336 3748 1390 etenim

2158 1429 2266 1494 die,
2290 1436 2350 1482 ut
2368 1429 2632 1492 novimus,
2653 1427 2843 1497 positis
2867 1427 2917 1481 in
2941 1426 3220 1481 caenaculo
3242 1426 3540 1497 discipulis,
3564 1426 3754 1481 factus

2158 1525 2243 1573 est
2268 1526 2490 1587 repente
2520 1516 2586 1571 de
2608 1516 2746 1572 ccelo
2767 1530 2954 1580 sonus,
2983 1524 3039 1569 et
3061 1514 3299 1584 Spiritus
3323 1524 3548 1570 sanctus
3577 1515 3630 1569 in
3663 1515 3755 1568 vi»

2157 1608 2312 1663 sione
2359 1606 2499 1678 ignis
2546 1619 2833 1676 apparens,
2880 1604 3165 1659 scientiam
3210 1603 3319 1658 illis
3356 1604 3597 1659 omnium
3642 1602 3754 1658 lin-

2159 1717 2387 1774 guarum
2412 1702 2634 1757 tradidit
2657 1701 2792 1772 (Art.
2818 1700 2901 1772 ιι).
2921 1701 3082 1756 Facta
3106 1710 3287 1755 autem
3309 1700 3412 1756 hac
3433 1716 3590 1766 voce,
3614 1715 3754 1755 con-

467 1808 663 1854 autem
685 1811 782 1852 cor
819 1798 889 1851 ad
908 1793 1200 1848 Dominum
1230 1790 1466 1851 habere,
1507 1784 1776 1855 refugium
1809 1789 2053 1839 νοθθιυτ·
2085 1801 2134 1861 Β
2162 1810 2362 1850 venere
2398 1795 2500 1848 viri
2539 1793 2776 1864 religiosi
2806 1794 2898 1863 qui
2929 1793 2996 1849 de
3029 1793 3258 1849 diversis
3283 1794 3594 1849 nationibus
3619 1793 3755 1850 Hie-

472 1892 683 1955 Videte,
706 1888 922 1953 fratres,
948 1898 1201 1955 magnum
1221 1880 1538 1936 miraculum
1566 1895 1579 1932 :
1606 1876 1748 1930 altus
1770 1881 1856 1928 est
1872 1873 2049 1926 Deus:

473 1983 638 2051 erigis
678 1989 753 2045 te,
804 1986 858 2034 et
898 1975 1034 2047 fugit
1076 1989 1108 2028 a
1139 1983 1228 2039 te;
1271 1970 1525 2025 humilias
1569 1976 1657 2033 te,
1683 1974 1741 2021 et
1776 1960 2056 2019 descendit

473 2074 541 2127 ad
569 2081 640 2127 te.
670 2070 851 2137 Quare
889 2067 1028 2122 hoc?
1059 2064 1197 2133 Quia
1230 2061 1463 2117 excelsus
1504 2068 1599 2125 est,
1640 2066 1688 2111 et
1726 2056 1948 2110 humilia
1976 2068 2058 2107 re-

471 2165 641 2235 spicit,
680 2172 728 2217 et
757 2159 866 2214 alta
897 2159 962 2213 de
986 2157 1137 2227 longe
1167 2152 1426 2225 cognoscit
1448 2148 1619 2222 (Psal.
1662 2144 1918 2215 cxxxrx);
1959 2143 2060 2197 hu-

473 2234 622 2310 milia
663 2253 731 2308 de
766 2250 1013 2323 proximo
1058 2245 1298 2316 respicit,
1332 2251 1393 2297 ut
1425 2240 1666 2304 attollat;
1714 2236 1841 2301 alta,
1887 2234 1938 2288 id
1976 2238 2061 2287 est

471 2344 726 2415 superba,
772 2343 839 2395 de
887 2339 1044 2409 longe
1081 2333 1377 2406 cognoscit,
1419 2338 1481 2386 ut
1520 2326 1809 2399 deprimat.
1854 2323 2058 2377 Resur-

472 2437 614 2493 rexit
660 2433 803 2489 enim
847 2429 1095 2487 Christus
1135 2433 1197 2481 ut
1229 2438 1379 2495 spem
1420 2420 1580 2476 nobis
1617 2418 1772 2472 daret
1807 2414 1932 2484 quia
1974 2426 2060 2466 re-

473 2537 662 2597 surget
700 2527 864 2581 homo
900 2522 992 2593 qui
1026 2520 1272 2583 moritur,
1321 2530 1391 2571 ne
1419 2511 1699 2568 moriendo
1745 2509 2062 2576 desperare-

474 2636 614 2685 mus,
661 2628 717 2675 et
760 2618 927 2672 vitam
967 2622 1210 2669 nostram
1260 2599 1434 2663 morte
1478 2605 1688 2659 ﬁnitam
1718 2610 2058 2672 putaremus,

474 2712 693 2770 solliciti
740 2712 807 2766 de
853 2709 1025 2764 salute
1064 2705 1265 2759 animai
1313 2707 1369 2756 et
1412 2697 1597 2769 requie
1640 2703 1763 2765 post
1808 2699 2058 2747 mortem.

472 2802 732 2860 Ascendit
764 2800 857 2855 ille
886 2799 941 2853 in
978 2796 1175 2852 coelum
1218 2788 1527 2846 videntibus
1560 2782 1835 2857 apostolis,
1876 2789 1933 2836 et
1976 2792 2062 2833 se-

475 2894 566 2949 det
591 2908 623 2947 a
662 2890 866 2947 dextris
897 2887 1088 2951 Dei,et
1132 2894 1354 2938 securos
1379 2892 1477 2933 nos
1522 2874 1654 2932 fecit
1690 2872 1833 2943 quod
1860 2882 1959 2924 nos
2007 2867 2060 2920 in

474 2985 666 3041 dextra
687 2997 784 3037 sua
809 2980 1170 3037 collocaturus
1189 2974 1312 3029 erit.
1335 2972 1403 3027 Et
1424 2970 1543 3025 ideo
1566 2972 1780 3038 oportet
1804 2977 1904 3018 nos
1924 2961 2063 3016 inte-

475 3075 580 3129 rim
605 3073 848 3137 credere,
887 3077 948 3122 ut
985 3073 1170 3137 postea
1198 3075 1314 3133 per
1346 3060 1506 3114 iidem
1547 3056 1716 3110 Deum
1755 3064 2064 3107 mereamur

2157 1887 2484 1958 rosolymam
2514 1885 2784 1955 paschalis
2805 1885 3117 1941 festivitatis
3141 1887 3315 1957 gratia
3341 1885 3749 1953 conﬂuxerant,

2156 1979 2553 2048 stupebantque
2590 1976 2871 2041 mirantes,
2899 1975 3155 2045 quoniam
3175 1975 3427 2030 audiebat
3452 1976 3753 2046 unusquis-

2157 2083 2263 2140 que
2276 2067 2453 2138 lingua
2466 2082 2559 2121 sua
2574 2064 2695 2119 illos
2708 2064 2990 2134 loquentes
3003 2064 3272 2136 magnalia
3287 2065 3402 2121 Dei.
3418 2065 3751 2135 Exponenti-

2157 2160 2260 2214 bus
2280 2166 2460 2212 autem
2476 2155 2752 2225 discipulis
2768 2156 2895 2225 quia
2920 2146 3155 2227 Spiritus
3173 2165 3390 2212 sanctus
3404 2165 3550 2212 esset
3569 2159 3748 2226 gratia

2157 2264 2321 2320 quam
2335 2247 2650 2313 cernebant,
2673 2246 2801 2301 olim
2817 2247 3035 2317 quidem
3055 2263 3186 2304 voce
3209 2250 3596 2320 prophetarum
3621 2265 3751 2320 pro-

2158 2345 2348 2409 missa,
2367 2352 2492 2398 tunc
2511 2351 2691 2397 autem
2714 2339 2916 2397 Christi
2945 2357 3166 2397 munere
3188 2342 3375 2409 missa,
3398 2343 3753 2399 crediderunt

2159 2449 2224 2491 ex
2239 2436 2320 2489 eis
2332 2434 2435 2489 tria
2448 2432 2613 2487 millia
2628 2433 2954 2498 virorum,et
2969 2433 3227 2501 haptizati
3244 2433 3408 2486 etiam
3426 2432 3530 2503 ipsi
3544 2433 3748 2488 donum

2158 2532 2331 2589 sancti
2355 2529 2587 2600 Spiritus
2616 2536 2957 2598 acceperunt.
2990 2528 3115 2584 limo
3140 2535 3223 2583 est
3247 2527 3352 2584 diei
3381 2526 3540 2596 hujus
3565 2542 3748 2581 annua

2157 2623 2467 2687 celebritas,
2496 2622 2612 2676 hzec
2649 2621 2836 2691 gratiae
2864 2619 3103 2676 caelestis
3124 2633 3340 2689 semper
3356 2628 3513 2689 grata
3541 2616 3752 2673 festivi-

2161 2712 2369 2771 tas-Ob
2399 2712 2558 2783 hujus
2589 2712 2909 2767 memoriam
2947 2711 3196 2766 ﬁdelibus
3248 2711 3501 2766 cordibus
3544 2711 3752 2765 arctius

2161 2807 2599 2877 imprimendam,
2649 2803 3048 2875 pulcherrimus
3076 2810 3286 2858 sanctae
3330 2800 3579 2857 Ecclesia:
3624 2815 3749 2853 mos

2160 2898 2405 2963 inolevit,
2431 2903 2493 2952 ut
2523 2895 2679 2950 annis
2710 2894 3009 2966 singulisin
3031 2909 3093 2949 ea
3123 2892 3465 2963 baptismatis
3488 2889 3751 2961 mysteria

2160 2984 2874 3058 celebrentur;'ablutisque
2924 2986 3073 3042 fonte
3116 2985 3336 3040 salutari
3377 2982 3750 3045 credentibus,

2148 3080 2562 3154 supervenienti
2615 3078 2837 3150 Spiritui
2881 3084 3071 3133 saneto
3127 3074 3384 3146 templum
3443 3070 3756 3128 venerabile
3854 3063 3865 3066 ’

476 3166 741 3237 “picere'
772 3160 1093 3216 mundanus
1110 3169 1209 3246 ΡΨ
1233 3147 1630 3246 θόθω,ίῖ(²“ι““¹
1656 3145 1838 3201 cordis
1863 3147 2058 3246 mgf":
2087 3152 2133 3215 (ἶ
2163 3145 2388 3246 paretur
2422 3189 2434 3226 :
2465 3185 2530 3225 ac
2553 3145 2777 3239 per'hoc
2803 3182 2908 3222 non
2957 3166 3127 3222 solum
3157 3165 3357 3219 veteris
3401 3163 3527 3218 facti
3562 3175 3753 3216 recor-

477 3232 602 3325 quia
643 3254 724 3308 sic
766 3247 1104 3307 solummodo
1146 3245 1315 3299 Deum
1358 3240 1544 3295 videre
1579 3249 1887 3307 possumus,
1921 3232 2064 3287 sicut

464 3322 859 3415 ipsaVeritas
908 3337 1045 3393 dixit
1086 3351 1101 3389 :
1147 3333 1299 3387 Beati
1341 3328 1536 3384 mundo
1577 3326 1753 3391 corde,
1810 3322 2060 3396 quoniam

476 3412 578 3503 ipsi
616 3413 798 3485 ‘Deum
849 3426 1117 3482 uidebunt.
1174 3421 1528 3477 Humiliemus
1576 3434 1669 3472 nos
1720 3414 1815 3470 sub
1864 3412 2062 3484 potenti

477 3499 639 3577 manu
654 3521 773 3586 Dei,
795 3530 851 3573 ut
872 3534 967 3572 nos
990 3514 1179 3571 exultet
1204 3514 1258 3567 in
1281 3512 1367 3565 die
1390 3506 1697 3564 uisitationis
1725 3502 1941 3576 (Matth.
1966 3499 2057 3572 v);

477 3614 572 3685 qui
601 3614 743 3668 enim
783 3611 943 3665 modo
979 3606 1224 3663 ascendit
1270 3601 1590 3671 tranquillus
1634 3607 1690 3653 et
1725 3602 2058 3658 mansuetus,

480 3723 611 3768 tunc
656 3710 837 3767 veniet
870 3706 1145 3763 districtus
1186 3711 1242 3757 et
1272 3698 1608 3755 manifestus.
1653 3694 1800 3765 Ignis
1840 3692 1896 3745 in
1939 3706 2063 3743 con-

479 3814 657 3876 spectu
684 3802 800 3872 ejus
827 3797 1051 3862 ardebit,
1091 3804 1139 3849 et
1172 3795 1228 3847 in
1255 3790 1477 3846 circuitu
1513 3786 1626 3856 ejus
1653 3792 1926 3853 tempestas
1966 3796 2062 3833 va-

480 3871 589 3950 lida
613 3890 785 3967 (Psal.
816 3889 991 3960 χιιι).
1032 3895 1087 3942 et
1112 3881 1325 3940 sedebit
1356 3880 1411 3934 in
1442 3878 1568 3934 sede
1604 3871 1901 3942 maiestatis
1929 3884 2057 3929 sua),

480 3996 535 4043 et
561 3960 1033 4055 co'ngregabuntur
1060 3985 1186 4032 ante
1213 3988 1337 4031 eum
1364 3984 1555 4028 omnes
1594 3974 1802 4039 gentes,
1841 3970 1903 4016 ut
1924 3960 2065 4016 reci-

482 4077 599 4150 piat
623 4073 992 4144 unusquisque
1010 4076 1172 4143 prout
1193 4064 1379 4139 gessit,
1413 4063 1528 4119 sive
1551 4062 1773 4122 bonum,
1801 4055 1916 4111 sive
1944 4068 2062 4107 ma-

484 4171 617 4224 lum.
644 4168 747 4233 Qui
778 4182 897 4221 vero
920 4166 1045 4218 bene
1066 4167 1301 4232 egerunt,
1338 4157 1484 4211 ibunt
1506 4155 1562 4208 in
1589 4153 1748 4206 vitam
1779 4157 2063 4208 wternam;

481 4263 571 4332 (Ῑαὶ
618 4269 792 4314 autem
832 4256 998 4323 male,
1038 4256 1093 4309 in
1118 4257 1288 4325 ignem
1329 4260 1580 4304 wtemum
1620 4245 1800 4317 (Joan.
1833 4240 1906 4311 v).
1948 4240 2066 4308 Ipse

480 4330 614 4423 ergo
641 4358 751 4407 est
790 4348 947 4404 nobis
982 4346 1069 4402 via
1095 4385 1109 4411 ,
1160 4345 1276 4414 ipse
1318 4348 1403 4395 est
1426 4346 1483 4393 et
1508 4337 1684 4407 patria
1719 4349 1733 4388 :
1767 4330 2064 4388 secundum

484 4444 759 4499 hominem
800 4441 905 4516 via,
953 4435 1249 4493 secundum
1289 4433 1459 4487 Deum
1487 4430 1680 4501 patria.
1732 4427 1789 4481 Si
1841 4423 2067 4479 fideliter

485 4533 786 4595 currimus,
818 4547 915 4601 per
942 4531 1118 4599 ipsum
1142 4527 1312 4591 imus;
1346 4523 1391 4579 si
1418 4525 1471 4576 in
1499 4536 1659 4576 cursu
1688 4530 2070 4589 perseverave-
2097 4494 2146 4552 Ῐ)

487 4629 690 4692 rimus,
720 4626 787 4680 ad
818 4625 992 4694 ipsum
1022 4618 1418 4690 perveniemus.
1450 4614 1603 4681 Quod
1634 4612 1747 4682 ipse
1773 4624 1868 4664 sua
1897 4606 2067 4677 gratia

490 4718 648 4775 nobis
674 4721 936 4787 praestare
956 4712 1228 4781 dignetur,
1258 4707 1350 4777 qui
1373 4705 1532 4760 hodie
1559 4717 1720 4772 super
1748 4712 1937 4755 omnes
1960 4711 2070 4751 cae-

489 4810 574 4865 los
593 4786 857 4870 ascendit,
885 4812 941 4858 et
968 4815 1118 4872 spem
1150 4798 1276 4852 vita:
1298 4796 1452 4851 nobis
1479 4804 1695 4849 aeterna:
1722 4789 1889 4852 dedit,
1913 4786 2070 4840 Jesus

488 4901 739 4958 Christus
767 4896 1027 4952 Dominus
1053 4899 1237 4947 noster
1260 4931 1274 4956 ,
1304 4888 1397 4959 qui
1428 4901 1550 4942 cum
1588 4884 1751 4939 Patre
1778 4889 1834 4935 et
1865 4877 2068 4948 Spiritu

491 5001 683 5047 sancto
712 4989 847 5044 vivit
874 4996 932 5043 et
959 4992 1146 5056 regnat
1182 4984 1322 5038 Deus
1350 4994 1447 5050 per
1471 4976 1651 5033 omnia
1679 4972 1874 5029 saacula
1902 4983 2069 5024 saecu-

490 5083 687 5138 lorum.
720 5079 912 5135 Amen.

1043 5164 1324 5223 IIOMILIA
1358 5160 1521 5216 XXII.

986 5274 1039 5314 ΙΝ
1072 5273 1160 5314 DIE
1187 5266 1573 5310 PENTECOSTES.

557 5352 850 5412 Hodierna:
878 5349 1207 5410 celebritatis
1249 5344 1463 5419 gaudia,
1503 5341 1696 5395 fratres
1742 5331 2066 5395 charissimi,

496 5456 700 5521 quanto
752 5447 874 5518 plus
922 5445 1203 5515 capimus,
1258 5446 1408 5495 tanto
1458 5435 1580 5505 plus
1635 5430 1966 5502 appetimus;
2018 5432 2075 5481 et

490 5520 699 5609 quanto
720 5539 928 5593 avidius
953 5537 1068 5606 ejus
1087 5534 1406 5588 suavitatem
1428 5530 1683 5591 bibimus,
1707 5531 1856 5579 tanto
1882 5520 2076 5576 arden-

492 5634 605 5686 tius
643 5629 760 5700 ejus
791 5629 880 5684 siti
910 5636 1216 5682 acstuamus.
1256 5624 1613 5679 Pentecosten
1638 5634 1769 5691 ergo
1795 5617 1954 5672 hodie
1988 5629 2076 5669 ce-

492 5719 788 5789 lebramus,
824 5720 926 5773 hoc
950 5725 1031 5773 est
1058 5713 1559 5786 quinquagesimum
1600 5713 1741 5770 diem
1772 5726 1801 5765 a
1833 5722 2076 5764 resurre-

2160 3266 2331 3329 datio,
2358 3277 2546 3318 verum
2572 3260 2735 3315 etiam
2783 3259 2840 3315 in
2883 3272 3052 3313 novos
3082 3254 3385 3325 adoptionis
3409 3253 3550 3308 ﬁlios
3580 3265 3756 3306 novus

2162 3356 2216 3410 in
2246 3370 2310 3410 ea
2343 3353 2576 3423 Spiritus
2620 3351 2792 3406 sancti
2840 3349 3145 3405 celebratur
3193 3346 3477 3400 adventus.
3508 3342 3757 3409 Qualiter

2155 3462 2290 3517 ergo
2344 3444 2469 3500 huic
2512 3449 2713 3498 nostra:
2762 3437 3041 3496 festivitati
3090 3436 3281 3508 legalis
3327 3434 3446 3489 festi
3498 3442 3655 3504 typus
3697 3438 3756 3485 et

2162 3541 2333 3612 ﬁgura
2375 3535 2682 3598 concinnat,
2726 3532 2963 3587 charitas
2991 3536 3171 3585 vestra
3209 3526 3487 3582 attendat:
3538 3522 3754 3578 liberati

2163 3634 2229 3688 de
2254 3629 2509 3703 IEgyptia
2540 3626 2801 3682 servitute
2839 3623 2931 3677 lilii
2971 3620 3154 3685 Israel,
3183 3627 3305 3690 post
3325 3615 3755 3672 immolationem

2162 3728 2284 3797 agni
2321 3722 2615 3795 paschalis,
2645 3720 2897 3775 exierunt
2935 3731 3029 3787 per
3073 3716 3345 3770 desertum
3398 3721 3458 3767 ut
3503 3711 3754 3766 venirent

2163 3819 2230 3875 ad
2257 3826 2461 3873 terram
2512 3810 2968 3884 repromissionis,
2990 3814 3458 3879 perveneruntque
3488 3804 3555 3858 ad
3600 3818 3753 3858 mor-

2167 3918 2272 3963 tem
2314 3904 2501 3970 Sinai;
2554 3911 2607 3959 et
2651 3901 2980 3958 descendens
3030 3898 3289 3954 Dominus
3329 3896 3383 3950 in
3430 3896 3552 3966 igne
3589 3908 3755 3963 super

2164 4006 2424 4061 montem,
2450 3994 2741 4051 comitante
2769 3992 2947 4047 sonitu
2977 3988 3235 4053 buccinae,
3269 3985 3523 4041 tonitruis
3545 3999 3612 4039 ac
3640 3982 3751 4037 ful-

2165 4088 2405 4160 guribus,
2449 4082 2896 4154 quinquagesimo
2940 4079 3025 4134 die
3071 4077 3276 4147 peracti
3322 4075 3566 4140 Paschee,
3614 4072 3753 4144 legis

2165 4178 2479 4248 decalogum
2509 4175 2589 4230 eis
2636 4180 2821 4243 aperta
2872 4184 3003 4227 voce
3033 4168 3295 4238 disposuit
3330 4165 3524 4238 (Exod.
3576 4164 3690 4236 XIX)
3726 4181 3752 4220 ξ

2166 4276 2327 4338 atque
2364 4267 2417 4321 in
2447 4264 2762 4319 memoriam
2808 4262 2948 4317 datae
2990 4259 3125 4331 legis
3167 4258 3355 4314 statuit
3398 4272 3462 4312 eo
3504 4255 3611 4321 die,
3656 4269 3758 4325 per

2166 4375 2336 4415 annos
2363 4356 2621 4427 singulos,
2667 4354 2770 4409 sibi
2817 4349 3142 4407 sacrificium
3186 4363 3387 4404 novum
3417 4348 3483 4403 de
3508 4345 3757 4418 frugibus

2171 4450 2410 4523 ejusdem
2434 4447 2580 4505 anni.
2606 4460 2775 4515 panes
2803 4443 3051 4498 videlicet
3094 4442 3453 4512 primitiarum
3486 4440 3641 4504 duos,
3686 4436 3757 4492 ad
3786 4462 3789 4465 -

2175 4543 2347 4596 altare
2376 4538 2594 4595 deferri.
2640 4535 2733 4590 Sic
2776 4549 2987 4605 quoque
3020 4542 3142 4604 post
3181 4533 3601 4587 immolationem
3638 4530 3756 4585 veri

2175 4633 2334 4704 Agni,
2362 4633 2466 4686 hoc
2487 4638 2569 4685 est
2590 4626 2811 4691 Christi,
2837 4626 2960 4696 quia
2983 4626 3178 4694 pascha
3195 4632 3429 4677 nostrum
3452 4619 3754 4674 immolatus

2175 4734 2247 4779 est
2267 4721 2502 4776 Christus
2532 4718 2585 4789 (Ι
2609 4716 2732 4771 Cor.
2758 4717 2833 4786 v),
2862 4713 3306 4785 quinquagesimo
3328 4725 3481 4780 teque
3510 4710 3617 4774 die,
3649 4709 3757 4764 hoc

2174 4821 2254 4869 est
2277 4812 2455 4876 hodie,
2484 4810 2608 4865 data
2636 4817 2720 4863 est
2743 4807 2916 4877 gratia
2970 4804 3201 4874 Spiritus
3240 4802 3412 4857 sancti
3450 4800 3754 4869 discipulis,

2177 4903 2229 4958 in
2251 4902 2533 4957 cmnaculo
2560 4898 2887 4961 constitutis,
2920 4897 3023 4951 hoc
3048 4903 3130 4950 est
3156 4895 3209 4948 in
3241 4893 3568 4949 sublimitate.
3591 4891 3755 4948 cmle-

2177 4993 2338 5048 stium
2366 4996 2755 5061 praeceptorum
2787 5004 2801 5040 :
2841 4986 2965 5055 quia
2994 4990 3286 5054 apparente
3316 4981 3448 5037 foris
3474 4982 3594 5051 igne
3624 4980 3755 5034 visi-

2177 5085 2294 5151 bili,
2321 5082 2662 5138 invisibiliter
2695 5094 2880 5135 eorum
2910 5086 3126 5148 pectora
3170 5074 3289 5130 luce
3333 5074 3572 5129 scientia:
3617 5072 3755 5126 irra-

2176 5174 2364 5239 diavit,
2392 5180 2446 5227 et
2468 5167 2887 5240 inexstinguibili
2910 5167 3190 5223 charitatis
3210 5167 3404 5221 ardore
3433 5163 3749 5219 succendit:

2177 5281 2481 5336 novumque
2527 5265 2708 5320 statim
2753 5260 3077 5317 sacriﬁcium
3108 5258 3206 5329 ipsi
3244 5269 3457 5327 quoque
3500 5252 3752 5326 apostoli,

2178 5374 2300 5412 mox
2349 5365 2573 5425 accepto
2616 5356 2755 5410 dono
2788 5353 3023 5423 Spiritus
3050 5350 3244 5415 sancti,
3278 5348 3331 5401 in
3361 5347 3569 5402 duobus
3596 5344 3754 5399 obtu-

2174 5448 2353 5505 lerunt
2383 5448 2631 5518 panibus,
2660 5445 2762 5499 hoc
2786 5454 2869 5499 est
2908 5443 3115 5498 duobus
3157 5439 3384 5512 populis,
3430 5453 3550 5493 cum
3587 5448 3753 5489 evan-

2175 5541 2463 5611 gelizantes
2489 5537 2573 5592 his
2625 5536 2715 5607 qui
2767 5541 3149 5595 convenerant,
3176 5531 3438 5601 plurimos
3464 5534 3752 5584 converte-

2177 5629 2391 5684 runtad
2426 5627 2609 5690 ﬁdem,
2646 5634 2701 5680 et
2731 5626 2830 5679 hos
2857 5624 2921 5678 de
2959 5622 3103 5677 fonte
3145 5618 3485 5690 baptismatis
3534 5624 3751 5671 renatos

2176 5735 2244 5774 ac
2285 5718 2517 5787 Spiritus
2564 5716 2733 5786 gratia
2783 5712 3167 5777 sanctiﬁcatos,
3196 5711 3346 5765 vivas
3387 5709 3572 5779 utique
3614 5705 3749 5761 Novi
