4036 6370
272 295 346 348 45

1157 289 1462 349 HOMILL‘E
1504 289 1591 344 DE
1629 289 1868 346 FESTIS
1904 288 2310 355 PRZECIPUIS,
2350 290 2502 345 ETC.

3453 285 3524 341 46

279 406 610 467 Tesumenti
657 406 946 478 primitias,
982 407 1049 462 ad
1094 407 1524 462 communionem
1582 403 1843 459 Dominici
1872 410 1922 468 Α
1948 418 2066 455 cum
2083 400 2376 456 libamentis
2413 402 2523 455 suis
2567 403 2621 455 in
2649 402 2859 456 odorem
2885 403 3245 456 suavissimum
3270 402 3511 465 Domino,

265 499 475 555 altaris
514 497 841 555 obtulerunt.
888 498 998 553 Nos
1020 513 1169 568 ergo,
1207 497 1422 561 fratres,
1459 497 1572 551 haec
1597 496 1846 551 conside-

281 598 485 651 rantes,
519 596 683 657 atque
698 603 834 659 pura
850 596 1030 642 mente
1063 602 1128 641 ac
1155 587 1381 656 simplici
1409 585 1511 640 fide
1532 592 1845 648 tractantes,

278 678 601 734 mandemus
642 690 741 732 nos
784 677 857 733 ab
899 677 1044 733 omni
1086 676 1487 746 inquinamento
1538 674 1736 739 carnis,
1791 681 1851 727 ut

264 765 543 839 Spiritum
573 775 819 822 sanctum
841 766 1138 838 promereri
1181 775 1237 821 et
1275 766 1519 835 accipere
1564 765 1846 834 possimus.

268 856 344 913 Si
390 872 518 929 ergo
563 857 708 912 hunc
757 858 1015 911 mundum
1060 856 1449 926 relinquamus,
1478 868 1576 908 nos
1617 852 1850 907 similem

268 949 613 1019 paracletum
637 949 777 1003 sicut
811 948 1057 1017 apostoli,
1104 947 1159 1002 id
1188 954 1270 1001 est
1300 944 1563 1017 Spiritum
1585 943 1849 1009 veritatis,

279 1051 444 1108 quem
467 1038 644 1092 mittet
680 1038 836 1093 nobis
864 1037 1049 1102 Pater,
1082 1035 1428 1104 accipiemus,
1462 1032 1712 1103 quoniam
1743 1046 1852 1087 non

262 1136 367 1184 est
390 1142 742 1197 personarum
783 1128 1021 1197 acceptio
1072 1126 1214 1196 apud
1260 1126 1428 1178 Deum
1475 1123 1710 1188 Patrem,
1762 1121 1856 1178 sed

266 1218 550 1288 promissa
575 1217 938 1288 apostolorum
985 1218 1140 1273 nobis
1177 1216 1483 1287 proﬁciunt,
1528 1214 1573 1269 si
1613 1229 1773 1283 opera
1801 1219 1859 1267 et

281 1306 551 1362 desideria
575 1314 631 1361 et
666 1315 819 1361 actus
863 1308 1121 1377 gerimus,
1154 1308 1297 1377 quod
1343 1305 1566 1376 apostoli
1594 1304 1852 1359 fecerunt.

266 1394 344 1453 ‘Si
361 1410 486 1452 vero
507 1395 678 1467 legem
708 1394 921 1453 Domini
939 1397 1357 1462 immaculatam,
1381 1405 1433 1451 et
1459 1403 1858 1451 convertentem

277 1486 515 1551 animas,
568 1485 838 1557 implendo
884 1489 1137 1543 mandata
1163 1486 1302 1556 ejus,
1338 1486 1700 1557 perﬁciamus,
1733 1498 1860 1539 nos-

274 1577 541 1646 metipsos
594 1577 833 1632 haeredes
878 1579 1092 1633 Domini
1130 1587 1185 1634 et
1211 1578 1519 1634 coliteredes
1561 1577 1760 1632 Christi
1791 1575 1860 1631 ad

268 1667 652 1723 hmreditatem
716 1669 1100 1739 sempiternam
1159 1677 1214 1723 et
1261 1669 1328 1723 ad
1383 1669 1857 1724 commorationem

1948 497 2054 543 etc.
2102 488 2310 560 (Ibid.).
2353 489 2483 556 Quae
2531 490 2714 545 omnia
2762 504 2974 559 quoque
3003 490 3317 558 Spiritaliter
3364 490 3524 547 modo

1950 579 2237 634 observare
2288 584 2345 633 et
2396 579 2576 634 facere
2620 579 2875 633 debemus
2928 577 2983 632 in
3033 586 3217 633 sancta
3261 579 3525 644 Ecclesia,

1950 667 2276 737 manipulum
2298 669 2654 738 primitiarum
2685 668 2875 723 messis
2894 676 3090 724 nostra:
3102 670 3169 724 ad
3189 670 3526 724 sacerdotem

1951 764 2195 811 nostrum
2224 755 2517 823 offerimus,
2550 772 2670 811 cum
2711 756 2873 810 ﬁdem
2920 756 3212 811 Dominicce
3254 754 3524 826 passionis

1952 860 2019 901 ac
2039 846 2468 910 resurrectionis,
2492 845 2586 915 qui
2627 845 2923 901 resurrexit
2959 845 3210 916 primitias
3254 845 3525 900 dormien-

1955 938 2108 1002 tium,
2139 938 2255 1007 ipso
2308 936 2577 992 sacerdoti
2619 952 2833 993 summo
2884 936 3190 1003 offerimus;
3223 952 3388 1009 quam
3434 935 3529 992 ille

1953 1029 2184 1084 elevabit
2224 1037 2284 1083 ut
2317 1030 2662 1100 acceptabilis
2690 1029 2763 1084 sit
2804 1044 2988 1084 coram
3033 1030 3277 1093 Domino,
3311 1027 3435 1097 quia
3465 1035 3527 1082 ut

1952 1118 2186 1175 Joannes
2209 1119 2286 1173 ait
2311 1138 2324 1173 :
2347 1119 2668 1174 Advocatum
2708 1119 2955 1174 habemus
2976 1118 3117 1189 apud
3161 1117 3396 1181 Patrem,
3432 1116 3528 1172 Je-

1952 1228 2068 1267 sum
2097 1209 2359 1265 Christum
2390 1211 2620 1281 justum,
2663 1214 2753 1282 qui
2799 1218 3012 1281 apparet
3043 1226 3179 1265 nunc
3221 1208 3385 1263 vultui
3437 1208 3533 1262 Dei

1954 1317 2049 1371 pro
2091 1300 2254 1364 nobis,
2303 1308 2351 1355 et
2380 1301 2489 1371 ipse
2517 1300 2576 1369 ﬁt
2601 1300 2901 1370 propitiatio
2934 1315 3028 1370 pro
3065 1299 3289 1369 peccatis
3341 1298 3533 1351 nostris

1956 1391 2011 1462 (Ι
2039 1391 2197 1446 Joan.
2230 1391 2313 1463 ιι).
2347 1391 2685 1447 Sacriﬁcium
2728 1405 2929 1445 novum
2979 1388 3208 1445 Domino
3252 1386 3529 1443 offerimus

1954 1499 2025 1539 ex
2071 1484 2321 1540 omnibus
2365 1482 2688 1538 habitaculis
2737 1481 2959 1547 nostris,
3005 1496 3129 1536 cum
3166 1480 3536 1550 unusquisque

1957 1585 2200 1633 nostrum
2248 1577 2465 1648 propria
2514 1576 2813 1642 voluntate,
2863 1577 3155 1633 secundum
3223 1574 3534 1646 evangelica

1959 1669 2214 1723 mandata
2266 1667 2400 1723 Novi
2424 1668 2777 1733 Testamenti,
2804 1667 3272 1724 mortiﬁcationem
3296 1668 3538 1736 corporis

266 1761 594 1833 angelorum
634 1776 760 1815 cum
800 1762 975 1833 gratia
1007 1761 1205 1817 Christi
1253 1761 1658 1818 committimus.
1698 1758 1850 1816 Unde
1878 1756 1925 1816 B
1951 1756 2034 1811 sui
2059 1756 2216 1813 ollert
2244 1759 2370 1814 Deo.
2404 1756 2572 1815 Vetus
2595 1759 2738 1815 enim
2766 1757 2854 1814 lex
2895 1757 3133 1828 praecipit
3168 1775 3183 1810 :
3227 1755 3451 1811 Crescite
3488 1766 3538 1811 et

272 1850 510 1905 obsecro
536 1864 652 1915 vos,
697 1848 893 1905 fratres
923 1850 1251 1916 cbarissimi,
1278 1858 1337 1905 ut
1363 1849 1469 1904 ﬁde
1507 1850 1715 1920 integra
1756 1848 1859 1903 Pa-

274 1946 443 2003 trem,
481 1948 536 1994 et
573 1939 792 2006 Filium,
819 1949 875 1995 et
915 1939 1172 2010 Spiritum
1201 1949 1467 2006 sanctum,
1497 1953 1662 1993 unum
1689 1937 1859 1992 Deum

277 2032 341 2088 in
369 2032 659 2098 Trinitate,
691 2041 746 2087 et
782 2031 1104 2088 Trinitatem
1150 2032 1202 2086 in
1240 2032 1468 2093 unitate,
1498 2031 1749 2095 credatis,
1793 2043 1861 2084 ne

274 2122 447 2192 pedes
467 2129 770 2177 vestrorum
797 2138 1052 2178 sensuum
1081 2123 1405 2192 claudicent,
1440 2130 1534 2176 aut
1554 2121 1695 2177 oculi
1730 2136 1859 2191 pra-

282 2224 409 2264 vum
446 2211 687 2276 videant,
719 2218 813 2265 aut
859 2226 1051 2267 manus
1093 2211 1258 2266 aridae
1303 2211 1453 2266 ﬁant.
1489 2209 1676 2267 Omnis
1716 2210 1862 2265 enim

280 2299 377 2368 qui
403 2297 562 2355 ﬁdem
592 2299 912 2355 catholicam
960 2315 1064 2355 non
1108 2300 1245 2355 bene
1283 2299 1547 2369 sequitur,
1575 2298 1739 2368 pedes
1765 2297 1862 2351 de—

286 2388 423 2444 biles
474 2389 659 2455 habet,
709 2404 964 2444 manuum
1020 2389 1271 2444 ariditate
1326 2389 1577 2444 siccatur.
1627 2387 1683 2442 ld
1734 2402 1863 2457 ergo

283 2479 449 2548 agite,
470 2479 827 2555 dilectissimi,
851 2480 903 2535 id
926 2478 1216 2546 elaborate,
1255 2495 1323 2535 ne
1368 2479 1545 2549 aliqua
1594 2479 1866 2533 membro-

282 2583 410 2621 rum
448 2577 751 2625 vestrorum
772 2569 947 2639 portio
967 2570 1069 2625 hac
1100 2569 1374 2625 debilitate
1404 2570 1651 2634 vitietur;
1680 2584 1748 2623 ne
1773 2576 1867 2622 aut

286 2657 415 2728 gula
459 2658 516 2712 in
566 2660 717 2715 vobis
752 2659 991 2722 horreat,
1033 2668 1127 2714 aut
1168 2660 1392 2713 avaritia
1421 2659 1722 2729 displiceat,
1774 2665 1867 2712 aut

286 2745 585 2802 infidelitas
618 2748 890 2819 langueat,
921 2757 981 2802 ut
1025 2748 1296 2802 emundati
1331 2747 1543 2818 penitus
1574 2763 1638 2802 ac
1682 2746 1867 2818 puriﬁ~

283 2837 430 2901 cati,
453 2838 812 2893 habitaculum
841 2838 936 2893 Dei
965 2837 1292 2903 efliciamini,
1316 2847 1371 2893 et
1394 2837 1627 2908 Spiritus
1650 2845 1866 2892 sanctus

292 2925 398 2993 qui
427 2926 763 2981 descendisse
784 2927 944 2982 hodie
986 2927 1039 2981 in
1070 2927 1341 2997 apostolos
1370 2927 1584 2998 legitur,
1634 2927 1689 2981 in
1716 2926 1867 2980 vobis

290 3028 424 3069 esse
441 3029 652 3084 semper
668 3016 934 3086 dignetur,
960 3026 1256 3086 praestante
1281 3017 1508 3071 Domino
1532 3023 1719 3070 nostro
1739 3012 1867 3069 Jcsu

282 3102 536 3169 Christo,
573 3106 661 3174 qui
690 3108 938 3162 eumdem
966 3107 1228 3177 Spiritum
1257 3116 1503 3163 sanctum
1531 3119 1584 3162 et
1606 3107 1870 3176 promisit,

284 3209 528 3264 regnans
553 3212 672 3252 cum
702 3197 863 3252 Patre
892 3200 947 3252 in
978 3199 1182 3252 unitate
1211 3197 1447 3266 ejusdem
1489 3196 1725 3268 Spiritus
1752 3210 1875 3251 san—

290 3284 392 3349 cti,
424 3302 522 3356 per
548 3287 727 3342 omnia
760 3287 954 3342 secula
987 3287 1325 3342 saeculorum.
1352 3287 1542 3341 Amen.

834 3397 1115 3452 HOMlLlA
1163 3396 1347 3452 XXIII.

707 3483 774 3521 DE
810 3483 1017 3523 JEJUNIO
1042 3483 1238 3531 QUARTI
1267 3482 1473 3523 NENSIS.

366 3552 500 3609 Post
526 3555 641 3611 dies
667 3556 786 3611 illos
818 3557 1021 3622 ltetitite
1058 3559 1253 3627 quibus
1277 3557 1521 3613 Salvator
1549 3567 1733 3615 noster
1758 3565 1878 3629 post

300 3650 752 3706 resurrectionem
785 3666 936 3705 suam
984 3666 1106 3706 cum
1139 3651 1417 3721 discipulis
1466 3651 1577 3706 suis
1624 3666 1882 3721 corpora-

300 3736 428 3791 liter
472 3737 525 3792 in
565 3747 704 3792 terra
732 3749 1077 3795 conversatus
1126 3751 1227 3804 est,
1272 3748 1325 3796 et
1351 3749 1473 3811 post
1512 3755 1878 3795 ascensxonem

303 3824 517 3882 Domini
562 3837 616 3882 et
659 3828 947 3883 adventum
1004 3829 1235 3899 Spiritus
1290 3830 1464 3886 sancti
1526 3845 1646 3900 qua:
1700 3830 1881 3884 omnia

302 3917 532 3972 solemni
581 3918 943 3975 celebratione
988 3924 1236 3975 venerari
1287 3921 1505 3991 dignum
1551 3930 1708 3988 erat,
1754 3936 1882 3976 san—

303 4010 380 4064 cti
430 4019 613 4080 patres
664 4013 836 4067 nostri
895 4027 962 4067 ex
1007 4014 1326 4070 auctoritate
1389 4014 1521 4086 legis
1575 4014 1883 4079 admoniti,

305 4108 363 4155 et
422 4101 729 4171 evangelica
788 4103 1014 4159 veritate
1087 4105 1335 4159 instructi
1373 4146 1389 4171 ,
1436 4106 1884 4171 constituerunt,

306 4186 509 4244 fratres
539 4191 867 4257 cbarissimi,
892 4192 1155 4263 jejunium
1176 4194 1475 4259 celebrare,
1500 4210 1606 4263 quo
1652 4195 1887 4250 creatori

306 4286 497 4333 nostra
525 4295 720 4336 munus
744 4280 1044 4338 devotionis
1069 4292 1265 4339 nostrae
1296 4284 1349 4338 in
1377 4285 1593 4340 modum
1625 4285 1889 4356 primitia-

306 4384 454 4434 rum,
483 4385 604 4439 qute
629 4371 772 4426 circa
800 4371 901 4427 hoc
923 4381 1133 4444 tempus
1154 4375 1378 4430 Βοιηίηο
1399 4375 1690 4430 secundum
1715 4376 1888 4446 legem

1957 1848 2396 1920 multiplicamini,
2427 1859 2475 1905 et
2504 1850 2693 1921 replete
2718 1859 2915 1904 terram
2944 1846 3096 1921 (Gen.
3125 1848 3219 1919 tt);
3270 1856 3325 1903 et
3367 1848 3494 1903 item
3521 1864 3535 1900 :

1960 1939 2019 1996 Si
2045 1940 2308 1996 volueritis
2335 1952 2381 1996 et
2404 1943 2679 1996 audieritis
2723 1958 2823 2007 me,
2849 1942 2983 1995 bona
3031 1950 3184 1994 terra:
3233 1938 3536 2002 comedetis,

1959 2034 2033 2086 ait
2059 2032 2312 2086 Dominus
2333 2032 2473 2086 Deus
2505 2032 2639 2104 (Isa.
2676 2032 2747 2104 1);
2776 2031 2982 2088 Novum
3013 2037 3191 2085 autem
3223 2028 3541 2083 Testamen-

1963 2132 2074 2178 tum
2114 2124 2186 2178 ita
2217 2124 2457 2194 praecipit
2499 2141 2512 2177 :
2564 2122 2873 2178 Cantendite
2898 2140 2990 2194 per
3037 2131 3312 2191 angustant
3337 2130 3545 2190 portam

1954 2211 2158 2267 intrare
2184 2211 2333 2283 (Luc.
2367 2210 2520 2283 xm);
2546 2213 2634 2283 qui
2659 2211 2788 2278 vult,
2816 2211 2992 2281 inquit
3013 2210 3291 2274 Dominus,
3314 2218 3429 2279 post
3462 2223 3545 2263 me

1962 2303 2153 2367 venire,
2193 2305 2404 2373 abreget
2435 2305 2760 2373 semetipsum
2789 2314 2835 2358 et
2881 2302 3030 2357 tollat
3067 2318 3269 2356 crucem
3300 2317 3471 2363 suam,
3498 2308 3546 2354 et

1964 2402 2211 2462 sequatur
2251 2408 2333 2446 me
2381 2393 2531 2465 (Luc.
2580 2392 2698 2466 lx);
2741 2403 2797 2449 et
2824 2393 3112 2464 Apostolus
3156 2411 3169 2447 :
3225 2391 3328 2458 Qui
3370 2402 3548 2445 autem

1963 2492 2087 2536 sunt
2113 2482 2328 2548 Christi,
2375 2501 2583 2539 carnem
2634 2502 2785 2539 suam
2826 2485 3200 2553 cruciﬁxerunt
3250 2499 3366 2537 cum
3404 2482 3545 2535 vitiis

1964 2582 2014 2627 et
2044 2576 2474 2645 concupiscentiis
2509 2573 2651 2648 (Gal.
2683 2577 2759 2647 v).
2804 2577 2976 2631 Panes
3014 2575 3374 2645 primitiarum
3410 2575 3547 2630 duos

1967 2664 2193 2719 Domino
2221 2664 2497 2721 offerimus
2522 2685 2536 2720 :
2568 2683 2691 2723 cum
2715 2666 2914 2739 Legem
2940 2675 2996 2722 et
3015 2666 3381 2738 Evangelium,
3428 2680 3548 2736 qua:

1966 2768 2096 2809 vere
2125 2764 2250 2810 sunt
2296 2756 2402 2811 cibi
2455 2756 2757 2812 animarum
2795 2765 3128 2823 nostrarum,
3185 2772 3283 2827 pro
3330 2756 3548 2811 modulo

1968 2854 2176 2911 nostro,
2204 2856 2465 2917 quantum
2501 2863 2808 2918 possumus,
2845 2847 3233 2918 adimplcmus;
3261 2847 3353 2917 qui
3383 2861 3549 2917 panes

1970 2943 2096 2989 sunt
2142 2949 2209 2988 ex
2251 2934 2458 2991 duabus
2497 2937 2721 2993 decimis
2748 2937 2939 2993 simila:
2973 2937 3325 2999 fermentatte,
3360 2951 3427 2990 ex
3455 2935 3565 2995 do‘-

1970 3024 2145 3078 ctrina
2166 3023 2414 3078 videlicet
2440 3041 2560 3096 qua:
2580 3025 2877 3096 perfectam
2900 3025 3102 3082 Christi
3126 3027 3463 3082 divinitatem
3492 3032 3548 3078 et

1899 3091 1947 3154 (ἶ
1977 3115 2370 3170 humanitatem
2398 3091 2598 3182 tradit;
2614 3132 2713 3172 nec
2735 3117 2891 3173 aliter
2919 3118 3077 3186 coqui
3106 3118 3211 3171 nisi
3257 3130 3354 3187 per
3388 3114 3550 3169 talem

1978 3202 2276 3258 doctrinam
2312 3214 2555 3274 possunt.
2586 3204 2981 3276 Offerimusque
3010 3221 3132 3262 cum
3158 3196 3276 3263 istis
3321 3205 3554 3276 panibus

1977 3300 2184 3363 septem
2199 3307 2367 3365 agnos
2388 3294 2780 3360 immaculatos,
2821 3311 2944 3351 cum
2977 3295 3363 3360 innocentiam,
3390 3310 3555 3363 quam

1977 3383 2307 3453 septiformis
2337 3387 2505 3457 gratia
2566 3385 2798 3457 Spiritus
2845 3387 3016 3442 sancti
3056 3387 3112 3442 in
3159 3386 3313 3442 nobis
3353 3384 3552 3452 efﬁcit;

1977 3474 2317 3529 concorditer
2370 3475 2474 3545 legi
2539 3485 2594 3531 et
2656 3476 2941 3547 Evangelio
2985 3477 3041 3531 in
3104 3477 3201 3531 Dei
3265 3484 3556 3546 conspectu

1980 3566 2313 3621 exhibemus.
2351 3564 2638 3623 ()ﬁ‘erimus
2684 3575 2737 3622 et
2773 3567 3000 3622 vitulum
3031 3567 3097 3623 de
3131 3575 3395 3632 armento,
3434 3581 3559 3621 cum

1980 3656 2254 3713 Christum
2296 3674 2363 3713 ex
2411 3660 2841 3728 patriarcharum
2869 3658 3076 3729 origine
3115 3658 3407 3714 secundum
3435 3673 3560 3713 car-

1981 3761 2104 3802 nem
2144 3748 2407 3817 genitum,
2436 3763 2501 3802 ac
2530 3763 2628 3817 pro
2656 3748 2809 3803 nobis
2838 3748 3179 3813 cruciﬁxum,
3216 3748 3557 3803 conﬁtemur.

1983 3835 2269 3892 Offerimus
2312 3844 2368 3891 et
2399 3838 2533 3892 duos
2558 3837 2778 3902 arietes,
2823 3853 2944 3892 cum
2983 3837 3363 3892 excellentiora
3404 3851 3561 3891 man—

1984 3927 2131 3992 data,
2169 3941 2288 3996 qum
2318 3927 2468 3996 sequi
2507 3927 2641 3981 alias
2682 3927 2910 3982 virtutes
2956 3927 3103 3982 velut
3148 3942 3277 3983 oves
3330 3934 3562 3997 oportet,

1985 4017 2277 4088 adimplere
2326 4018 2624 4082 studemus,
2655 4024 2713 4071 ut
2747 4025 2830 4072 est
2859 4018 2988 4073 illud
3020 4034 3033 4070 :
3073 4016 3133 4072 Si
3186 4018 3259 4072 vis
3309 4016 3565 4086 perfectus

1985 4125 2112 4172 esse,
2147 4108 2293 4172 vade,
2322 4108 2480 4162 vende
2502 4108 2679 4160 omnia
2706 4124 2823 4177 qua:
2855 4107 3032 4170 habes,
3055 4117 3102 4160 et
3130 4108 3199 4159 da
3222 4107 3563 4175 pauperibus,

1986 4205 2093 4251 etc.
2122 4194 2336 4265 (Matth.
2362 4194 2511 4266 nx);
2541 4202 2597 4249 et
2616 4194 2746 4248 illud
2791 4208 2805 4247 :
2857 4193 3067 4264 Diligite
3095 4194 3330 4248 inimicos
3353 4202 3565 4258 vestros,

1987 4300 2035 4344 et
2072 4287 2356 4358 benefacite
2381 4289 2463 4342 his
2507 4288 2596 4359 qui
2622 4287 2843 4341 oderunt
2871 4303 2983 4352 vos,
3011 4296 3067 4342 et
3096 4287 3300 4358 reliqua
3352 4286 3566 4359 (Matth.

1990 4381 2067 4452 v).
2096 4380 2296 4435 Horum
2323 4394 2452 4450 ergo
2480 4378 2742 4434 sacriﬁcia
2762 4386 2818 4432 et
2844 4377 3046 4442 lihatio,
3077 4377 3301 4432 scientia
3320 4377 3570 4432 videlicet

308 4461 714 4527 deferebantur,
772 4433 1064 4521 offerimus.
1111 4465 1376 4537 Praecepit
1445 4481 1573 4537 ergo
1634 4433 1893 4523 Dominus
1918 4433 2049 4527 Det
2072 4470 2335 4541 operatio,
2385 4433 2520 4525 δόσι·
2548 4468 2831 4525 suavitatis
2877 4467 3125 4533 Domino,
3175 4475 3237 4521 ut
3283 4465 3570 4535 Apostolus

308 4550 506 4624 Moysi,
530 4553 604 4607 ita
630 4552 815 4609 dicens
842 4572 857 4609 :
892 4553 1122 4624 Loquere
1167 4555 1293 4624 ﬁliis
1337 4555 1508 4611 Israel
1555 4566 1603 4610 et
1631 4556 1771 4611 dices
1816 4557 1893 4611 "ad
1994 4563 2090 4628 ait,
2112 4561 2304 4617 Christi
2324 4560 2487 4615 bonus
2510 4559 2642 4613 odor
2660 4575 2840 4612 sumus
2870 4556 2999 4611 Deo.
3030 4555 3156 4613 Haec
3181 4557 3344 4610 etiam
3375 4556 3574 4613 oblatio

306 4659 400 4696 eos
428 4658 448 4696 :
488 4641 620 4696 Cum
643 4642 863 4713 ingressi
889 4644 1091 4714 fueritis
1114 4646 1169 4698 in
1194 4655 1385 4700 terram
1411 4663 1568 4718 quam
1618 4664 1711 4717 ego
1757 4648 1892 4702 dabo
1993 4649 2131 4705 festo
2181 4648 2529 4704 Pcntecostes
2571 4647 2848 4717 competit,
2884 4646 3010 4716 quia
3058 4646 3574 4702 consummationem

310 4731 477 4795 vobis,
508 4740 558 4785 et
580 4734 897 4788 messueritis
936 4744 1127 4805 segetes
1152 4743 1304 4790 terra:
1332 4746 1533 4802 vestrae,
1561 4737 1736 4806 feretis
1781 4753 1895 4790 ma-
1994 4738 2161 4792 totius
2214 4735 2564 4806 perfectionis
2612 4734 2848 4804 Spiritus
2885 4733 3132 4803 paracliti
3178 4740 3331 4803 grate
3365 4732 3572 4787 tribuit.

312 4824 527 4894 nipulos
546 4825 810 4895 spicarum
838 4825 1095 4896 primitias
1129 4828 1308 4881 messis
1341 4838 1524 4883 vestra!
1562 4828 1632 4881 ad
1653 4827 1896 4883 saccrdo-
1994 4827 2141 4893 Ideo,
2173 4826 2389 4891 fratres,
2422 4826 2593 4881 sancti
2641 4833 2825 4895 patres
2867 4824 3054 4886 nostri,
3086 4822 3299 4893 expleta
3335 4820 3577 4877 celeber-

316 4927 443 4982 tem,
472 4918 563 4988 qui
592 4917 777 4973 levabit
815 4918 1123 4989 fasciculum
1142 4935 1318 4973 coram
1346 4919 1566 4973 Domino
1588 4928 1643 4972 ut
1664 4928 1899 4989 accepta-
1999 4919 2137 4974 rima
2183 4917 2480 4975 festivitate
2529 4916 2894 4980 Pentecostes,
2934 4914 3037 4969 hoc
3064 4911 3278 4968 salubre
3311 4909 3575 4983 jejunium

317 5008 442 5063 bilis
467 5011 535 5063 sit
562 5025 657 5079 pro
686 5010 825 5064 vobis
877 5009 1062 5082 (Leuit.
1113 5010 1302 5082 nm);
1344 5019 1399 5066 et
1424 5011 1584 5082 paulo
1608 5023 1748 5081 post,
1778 5025 1901 5064 cum
2002 5017 2318 5073 sanxerunt,
2352 5013 2410 5061 ut
2430 5019 2528 5076 per
2551 5003 2931 5060 abstinentiam
2956 5010 3010 5057 et
3049 4999 3465 5072 supplicationes
3493 5001 3577 5055 in-‘

320 5098 390 5153 de
424 5100 512 5153 die
560 5098 882 5168 expletionis
924 5100 1273 5156 hebdomadas
1308 5102 1552 5170 septimae
1607 5102 1843 5172 disputat
1886 5116 1900 5155 :
2003 5104 2180 5152 lentas
2201 5096 2311 5151 Deo
2337 5093 2694 5164 acceptabiles
2721 5108 2820 5147 nos
2839 5089 3143 5147 offeramus.
3176 5089 3403 5157 Quidam
3428 5104 3579 5154 vero,

323 5185 593 5257 Oﬁ‘eretis,
626 5188 822 5258 inquit.
851 5190 1169 5258 sacriﬁcium
1199 5207 1384 5246 novum
1410 5191 1633 5246 Domino
1661 5208 1725 5246 ea:
1747 5194 1908 5246 omni—
2006 5204 2071 5244 ex
2107 5186 2415 5258 evangelica
2444 5185 2764 5240 auctoritate
2793 5182 3063 5246 instructi,
3091 5182 3145 5235 in
3167 5182 3269 5236 hoc
3289 5182 3432 5252 quod
3461 5180 3582 5237 Sal-

324 5277 421 5331 bus
448 5277 766 5332 habitaculis
805 5280 1006 5343 vestris,
1061 5296 1222 5350 panes
1266 5281 1619 5350 primitiarum
1660 5281 1791 5335 duos
1842 5282 1908 5336 de
2009 5285 2165 5332 vator
2189 5275 2478 5331 Pharisaeis
2500 5282 2555 5328 et
2579 5271 2856 5343 discipulis
2883 5269 3104 5325 Joannis
3128 5269 3584 5341 interrogantibus

328 5368 536 5424 duabus
557 5370 771 5425 decimis
813 5369 1000 5427 simila
1043 5370 1386 5440 fermentata,
1421 5388 1552 5443 quos
1576 5373 1802 5443 coquetis
1850 5373 1905 5426 in
2010 5384 2107 5422 cur
2154 5364 2398 5436 discipuli
2446 5365 2562 5434 ejus
2605 5380 2709 5418 non
2749 5362 3075 5434 jeiunarent,
3120 5360 3413 5431 respondit,
3459 5357 3584 5412 Non

333 5462 592 5530 primitias
641 5460 853 5515 Domini
904 5478 923 5516 :
973 5462 1297 5532 offeretisque
1329 5479 1447 5517 eum
1474 5458 1693 5533 panibus
1748 5478 1908 5532 agnos
2010 5469 2221 5532 possunt
2252 5459 2351 5528 ﬁlii
2374 5458 2549 5529 sponsi
2571 5456 2747 5527 lugere
2768 5454 3000 5525 quandiu
3028 5470 3145 5508 cum
3179 5451 3284 5507 illis
3324 5460 3399 5506 est
3427 5466 3587 5520 spon-

336 5550 701 5605 intmaculatos
748 5561 939 5622 septem
987 5552 1260 5607 anniculos
1278 5593 1293 5619 ,
1340 5562 1389 5606 et
1432 5552 1655 5607 vitulum
1706 5553 1772 5607 de
1829 5569 1913 5605 ar-
2011 5570 2100 5606 sus
2127 5552 2364 5605 :venient
2391 5558 2563 5603 autem
2585 5548 2694 5602 dies
2723 5563 2841 5601 cum
2869 5545 3137 5616 auferetur
3160 5543 3225 5597 ab
3253 5542 3327 5597 eis
3345 5557 3587 5611 sponsus,

341 5652 510 5697 mento
540 5659 722 5708 unum,
750 5654 798 5697 et
827 5645 1013 5699 arietes
1041 5644 1193 5711 duos,
1216 5654 1267 5699 et
1292 5654 1445 5700 erunt
1469 5645 1524 5699 in
1550 5645 1909 5699 holocaustum
2013 5653 2061 5698 et
2085 5652 2210 5697 tunc
2222 5639 2540 5710 jejunabunt
2563 5636 2776 5709 (Matth.
2818 5636 2929 5708 ix);
2967 5635 3091 5691 inde
3119 5634 3484 5697 instituerunt,
3534 5637 3593 5681 ut
