4036 6370
470 247 551 306 ἸἹ

1126 251 1190 307 Β.
1230 254 1482 309 RABANI
1522 255 1738 312 MAURI
1778 254 2093 313 ARClllEP.
2136 257 2442 317 MOGUNT.
2483 260 2767 319 OPERUM
2804 260 2983 319 PARS
3016 263 3078 319 ll.
3668 270 3736 326 48

478 376 605 438 post
626 366 992 423 ascensionem
1020 367 1255 433 Domini,
1282 370 1373 438 qui
1403 370 1592 425 matris
1622 371 1874 426 Ecclesia:
1898 387 2059 427 verus
2086 381 2133 440 Α
2159 389 2275 428 oves
2340 376 2406 428 ab
2458 376 2663 442 hthls,‘
2723 394 2838 432 oves
2891 388 3046 449 ponet
3102 381 3171 433 ad
3222 381 3511 449 dexteram,
3565 386 3740 440 Iitrdos

479 466 565 513 est
588 471 835 527 sponsus,
875 463 928 510 et
957 465 1077 525 post
1105 457 1246 511 diem
1276 458 1622 515 Pcntecostes
1652 462 1835 515 statim
1861 462 1946 516 die
1974 462 2056 515 al-

482 557 596 601 tera
610 545 875 618 jejunium
911 544 1242 615 incipientes,
1269 563 1439 617 usque
1465 550 1533 604 ad
1562 550 1915 621 quadraginta
1946 552 2060 606 dies

478 637 610 691 illud
634 637 978 710 protendant.
1013 635 1125 692 lloc
1154 653 1281 693 vero
1309 640 1398 709 qui
1422 655 1527 693 non
1554 640 1805 705 voluerit,
1834 650 1927 694 aut
1951 658 2058 695 non

477 728 829 798 potueritper
851 727 1221 783 infirmitatem
1261 730 1442 785 carnis
1472 730 1673 795 facere,
1707 731 1896 786 saltem
1929 732 2059 786 istos

479 826 592 872 tres
652 816 767 871 dies
810 818 1154 872 continentiae
1215 819 1467 875 salutaris
1518 820 1752 892 legitime
1796 821 2054 876 exsolvat.

476 906 745 977 Jejunium
758 905 972 976 quidem
993 909 1171 978 quarti
1191 910 1393 963 mensis
1414 911 1650 979 estquod
1664 912 1818 965 nobis
1831 912 2059 981 prophe-

480 1008 655 1051 tarum
686 996 844 1051 lectio
862 997 1222 1063 commendat,
1248 1005 1303 1054 et
1318 997 1449 1052 nulli
1472 999 1832 1054 violarelicct.
1857 1000 2060 1057 Idcirco

476 1098 669 1157 quarta
697 1097 753 1142 et
789 1096 940 1142 sexta
972 1088 1105 1142 feria
1126 1096 1182 1142 et
1212 1089 1438 1143 sabbato
1478 1090 1533 1143 in
1578 1089 1680 1143 hac
1726 1090 2056 1144 hebdomada

473 1178 627 1231 vobis
673 1174 1023 1246 jejunandum
1078 1187 1179 1242 est,
1241 1177 1379 1232 sicut
1408 1188 1609 1233 sanctae
1659 1187 1715 1234 et
1751 1180 2059 1249 apostolica:

473 1268 731 1323 Ecclesia:
760 1266 1016 1322 Romanae
1043 1269 1340 1323 auctoritas
1374 1284 1440 1323 ex
1472 1270 1709 1338 antiquis
1734 1270 2060 1340 temporibus

472 1359 780 1414 ordinabat.
830 1357 982 1414 Nunc
1009 1375 1138 1429 ergo
1182 1361 1383 1426 venite,
1424 1361 1782 1425 dilectissimi,
1811 1364 2056 1426 obsecro,

473 1449 529 1501 in
563 1448 765 1501 sanctis
790 1446 982 1501 diebus
1006 1448 1075 1501 ad
1105 1463 1260 1502 sacra
1291 1448 1577 1502 missarum
1608 1448 1890 1512 solemnia,
1941 1447 2059 1502 fun-

471 1535 585 1591 dite
611 1536 683 1590 ibi
713 1552 901 1605 preces
923 1544 1128 1590 vestras
1156 1552 1277 1590 eum
1320 1537 1573 1607 lacrymis
1598 1552 1776 1591 coram
1808 1537 2057 1603 Domino,

470 1634 715 1697 petentes
744 1626 861 1697 ejus
904 1625 1332 1680 misericordiam
1366 1635 1426 1680 ut
1463 1627 1555 1695 qui
1584 1642 1681 1681 vos
1733 1628 1786 1681 in
1837 1642 2060 1682 venera-

2157 474 2329 518 autem
2362 465 2432 518 ad
2453 466 2718 521 sinistram
2754 466 2968 538 (Matth.
3002 469 3150 540 xxv).
3174 469 3573 528 Commemorat
3602 478 3741 531 bona

2156 565 2320 620 opera
2336 552 2574 619 illorum,
2592 555 2836 625 increpat
2850 557 2986 610 mala
3004 558 3249 625 istorum,
3268 576 3333 615 ne
3348 560 3565 632 longum
3580 564 3746 621 facia-

2159 657 2276 695 mus
2302 657 2630 708 sermonem,
2656 644 2797 698 dicet
2818 645 2897 698 eis
2918 646 3010 713 qui
3035 648 3102 701 ad
3124 648 3400 704 dexteram
3421 651 3538 718 ejus
3559 664 3687 708 sunt
3717 673 3730 706 :

2168 728 2364 793 Venite,
2396 731 2649 785 benedicti
2682 731 2862 787 Patris
2911 736 3031 800 mei,
3068 739 3315 808 percipite
3358 756 3569 810 regnum
3601 760 3742 813 quoa

2159 819 2300 873 vobis
2338 830 2581 889 paratum
2619 831 2693 876 est
2744 823 2809 876 ab
2840 824 3038 894 origine
3067 827 3284 891 mundi;
3317 828 3372 881 in
3401 829 3503 885 hac
3543 832 3745 902 quippe

2160 910 2418 964 memoria
2448 923 2650 966 aeterna
2676 912 2780 966 erit
2814 913 3014 984 justus.
3065 915 3218 971 Dicet
3245 926 3300 972 et
3329 919 3568 975 sinistris
3598 941 3612 975 :
3662 921 3748 978 Ite

2159 998 2213 1051 in
2240 999 2410 1068 ignem
2438 1010 2687 1055 teternum
2717 1005 2807 1072 qui
2849 1014 3068 1073 paratus
3100 1016 3177 1059 est
3217 1006 3427 1080 diabolo
3460 1021 3508 1063 et
3544 1010 3749 1081 angelis

2158 1088 2310 1157 ejus;
2342 1090 2411 1144 ab
2440 1091 2542 1145 hoc
2564 1091 2749 1145 auditu
2781 1093 2924 1147 malo
2944 1108 3051 1147 non
3079 1095 3323 1160 timebit;
3357 1106 3411 1151 et
3448 1099 3548 1154 hoc
3580 1102 3750 1168 unde,

2158 1178 2260 1231 nisi
2309 1178 2434 1247 quia
2481 1179 2570 1233 hic
2611 1180 2819 1249 positus
2864 1184 3101 1237 creatori
3143 1200 3241 1238 suo
3281 1187 3420 1241 bene
3460 1188 3753 1244 timor-atus

2159 1276 2315 1321 antea
2341 1269 2755 1339 obtemperavit.
2780 1270 2895 1327 Non
2922 1273 3176 1343 ignorare
3199 1291 3293 1331 vos
3314 1278 3501 1341 credo,
3523 1278 3750 1345 fratres,

2162 1355 2317 1423 hujus
2372 1354 2698 1413 sanctissimi
2753 1360 2853 1415 viri
2904 1364 3345 1432 probatissimum
3388 1382 3622 1436 agonem
3680 1384 3749 1423 ac

2160 1447 2568 1502 celeberrimam
2607 1450 2907 1515 victoriam,
2960 1453 3076 1520 qui,
3136 1455 3429 1509 secundum
3485 1457 3758 1513 Veritatis

2159 1549 2346 1590 vocem
2375 1537 2725 1593 beatitudinis
2752 1549 2877 1593 octo
2913 1551 3178 1611 praecepta
3215 1559 3469 1613 sequens,
3505 1546 3756 1602 beatitu-

2159 1627 2339 1682 dinem
2370 1643 2554 1683 veram
2581 1640 2901 1686 consecutus
2922 1642 3024 1687 est.
3057 1632 3192 1688 Nam
3233 1635 3494 1691 Dominus
3532 1637 3673 1691 dicit
3700 1639 3756 1692 in

471 1718 617 1771 tione
640 1717 933 1771 Dominicae
955 1716 1371 1771 resurrectionis
1411 1717 1478 1772 ad
1508 1725 1717 1786 tempus
1740 1716 2055 1771 consolaba-
2084 1727 2133 1787 Β
2160 1716 2447 1788 Evangelio
2476 1732 2489 1770 :
2536 1717 2687 1772 Beati
2724 1737 2976 1789 pauperes
2997 1723 3207 1793 spiritu,
3233 1726 3482 1793 quoniam
3511 1726 3757 1796 ipsorum

473 1817 581 1872 tur,
616 1806 669 1860 in
718 1821 949 1876 superna
1002 1804 1119 1873 ejus
1167 1806 1371 1861 visione
1402 1807 1455 1862 in
1485 1816 1745 1862 teternum
1777 1807 2056 1861 consolare

470 1896 741 1967 dignetur.
800 1896 1028 1950 Peracto
1081 1903 1260 1949 autem
1319 1896 1497 1950 missa:
1567 1894 1762 1959 ollicio,
1815 1910 1937 1949 cum
1989 1895 2057 1949 ad

470 1988 794 2042 cmuandum
862 1987 1008 2041 domi
1067 1988 1448 2054 conveneritis,
1500 2004 1604 2043 non
1666 1986 2058 2042 obliviscamini

466 2092 786 2149 pauperum,
818 2079 909 2133 sed
939 2079 1241 2148 portionem
1264 2092 1450 2134 eorum
1473 2080 1553 2134 cis
1578 2080 1733 2144 detis,
1759 2079 1898 2133 sicut
1917 2092 2058 2148 saepe

468 2186 567 2226 vos
595 2172 925 2235 commoniti,
965 2172 1089 2241 quia
1125 2172 1400 2243 indignum
1426 2183 1509 2228 est
1561 2185 1621 2228 ttt
1647 2174 1863 2244 quando
1893 2172 2057 2227 mise-

470 2263 757 2320 n'cordiam
790 2264 881 2318 Dei
905 2264 1167 2319 intentius
1194 2266 1468 2334 expetitis,
1486 2266 1585 2335 ipsi
1604 2264 2060 2320 immisericordes

467 2366 655 2409 contra
685 2356 962 2424 proximos
987 2365 1199 2411 vestros
1230 2356 1602 2410 inveniamini.
1656 2356 1929 2425 Scriptum
1977 2362 2062 2409 est

466 2446 651 2499 enim:
680 2445 813 2498 Date
839 2444 1218 2515 eleemosynam
1256 2456 1301 2499 et
1350 2461 1464 2500 ecce
1489 2447 1665 2500 omnia
1701 2446 1897 2499 munda
1936 2455 2058 2500 sunt

467 2533 607 2589 vobis
636 2534 789 2607 (Luc.
818 2535 918 2607 ιι),
945 2536 1093 2605 quia,
1126 2537 1259 2590 sicut
1296 2553 1434 2607 aqua
1462 2536 1741 2607 exstinguit
1774 2536 1960 2605 ignem,
1985 2535 2060 2589 ita

467 2626 792 2697 eleemosyna
820 2628 1102 2698 exstinguit
1142 2638 1431 2699 peccatum,
1462 2628 1689 2681 charitas
1733 2644 1849 2681 vero
1897 2626 2061 2697 operit

467 2719 854 2773 multitudinem
896 2728 1248 2789 peccatorum.
1292 2718 1457 2789 Cujus
1482 2718 1866 2774 abundantiam
1908 2717 2060 2772 vobis

468 2813 584 2881 ipse
613 2812 851 2867 tribuere
877 2812 1142 2882 dignetur,
1182 2814 1274 2882 qui
1301 2811 1482 2866 dilexit
1519 2829 1611 2866 nos
1653 2822 1698 2865 et
1741 2810 1864 2865 lavit
1909 2826 2001 2864 nos
2026 2826 2059 2863 a

464 2904 690 2970 peccatis
726 2902 917 2956 nostris
965 2903 1019 2956 in
1045 2903 1301 2973 sanguine
1327 2920 1444 2968 suo,
1480 2901 1638 2957 Jesus
1662 2901 1911 2956 Christus
1937 2898 2057 2955 Sal-

465 3000 623 3046 vator
674 3000 881 3057 noster,
937 2992 1029 3063 qui
1099 3008 1222 3048 cum
1274 2991 1438 3049 Patre
1492 3001 1547 3047 et
1603 2991 1805 3062 Spiritu
1869 2998 2058 3047 sancto

2157 1815 2231 1860 est
2260 1823 2475 1877 regnum
2501 1807 2746 1862 caelorum
2771 1809 2985 1879 (Matth.
3012 1810 3088 1883 v).
3140 1813 3303 1879 Ecce,
3332 1814 3551 1881 fratres,
3608 1831 3758 1870 nun-

2159 1899 2288 1968 quid
2311 1914 2416 1952 non
2445 1898 2545 1952 iste
2569 1908 2788 1954 sanctus
2814 1916 3017 1972 pauper
3049 1903 3151 1959 fuit
3175 1905 3389 1975 spiritu,
3411 1906 3505 1974 qui
3525 1914 3762 1975 sponta-

2161 2002 2315 2042 neam
2340 1996 2715 2057 paupertatem
2757 1989 2984 2060 eligens,
3033 1994 3194 2049 rebus
3223 1995 3457 2064 propriis
3499 2004 3551 2049 et
3581 1995 3762 2064 patri-

2160 2078 2364 2141 monio,
2392 2078 2636 2147 cognatis
2658 2088 2711 2132 et
2736 2083 3055 2148 pereuntibus
3079 2082 3370 2149 derelictis,
3396 2086 3522 2140 huic
3544 2090 3760 2144 mundo

2160 2169 2314 2239 quasi
2343 2164 2586 2223 mortu'us
2608 2168 2847 2238 perfecte
2875 2173 3207 2228 renuntiavit
3247 2193 3260 2229 :
3297 2176 3573 2231 humiliter
3618 2193 3759 2233 con-

2160 2275 2383 2314 versans
2417 2268 2473 2314 et
2510 2260 2762 2316 nobiliter
2792 2263 3066 2329 exsulans,
3098 2271 3153 2318 et
3200 2265 3255 2319 in
3302 2267 3758 2336 peregrinatione

2160 2349 2333 2404 solum
2373 2349 2643 2404 Christum
2680 2351 2884 2405 studuit
2924 2350 3258 2419 lucrifacere,
3292 2362 3352 2408 ut
3378 2370 3602 2423 regnum
3634 2370 3759 2410 ca:-

2159 2438 2332 2493 lorum
2358 2455 2479 2493 cum
2518 2452 2583 2493 eo
2610 2440 2996 2509 perpetualiter
3038 2443 3303 2512 potuisset
3328 2445 3549 2499 habere.
3594 2444 3760 2499 Beati

2159 2532 2329 2595 mites,
2359 2532 2605 2600 quoniam
2633 2532 2731 2601 ipsi
2765 2532 3096 2601 possidebunt
3145 2544 3375 2600 terram;
3430 2535 3519 2591 hic
3553 2537 3753 2607 utique

2161 2624 2306 2678 mitis
2334 2634 2469 2687 erat,
2500 2625 2624 2693 quia
2661 2625 2788 2678 nulli
2834 2626 3041 2691 nocuit,
3070 2626 3202 2681 nulli
3240 2628 3564 2682 calumniam
3593 2627 3755 2692 fecit,

2160 2715 2271 2769 imo
2295 2717 2363 2770 ab
2390 2716 2511 2770 aliis
2536 2715 2637 2769 sibi
2666 2715 2802 2769 facta
2838 2717 3227 2785 patientissime
3252 2717 3502 2773 toleravit
3533 2736 3547 2771 :
3580 2718 3756 2771 malc-

2160 2805 2461 2860 dicentibus
2500 2806 2605 2860 sibi
2659 2821 2763 2859 non
2805 2807 3160 2870 remaledixit,
3208 2808 3303 2862 sed
3353 2808 3526 2878 magis
3574 2807 3749 2861 bene-

2158 2897 2317 2961 dixit,
2343 2904 2398 2950 et
2428 2912 2523 2966 pro
2546 2898 2997 2967 persequentibus
3014 2901 3289 2960 exoravit;
3316 2901 3386 2954 ob
3408 2900 3511 2953 hoc
3530 2913 3755 2968 quoque

2158 3004 2279 3044 cum
2296 2990 2498 3043 sanctis
2518 2989 2720 3059 angelis
2742 2997 2940 3054 terram
2956 2989 3250 3044 viventium
3264 2991 3318 3043 in
3338 2999 3598 3045 teternum
3621 3004 3755 3058 pos-

463 3082 600 3136 vivit
627 3092 683 3138 ct
711 3092 900 3155 regnat
914 3082 1087 3151 Deus,
1131 3099 1229 3155 per
1270 3084 1459 3141 omnia
1494 3084 1689 3141 εωουιει
1714 3083 2052 3139 εωωιογιιω.
2083 3082 2129 3145 C
2161 3077 2375 3131 sidebit.
2400 3075 2549 3129 Beati
2575 3077 2665 3147 qui
2688 3076 2862 3147 lugent
2891 3093 3046 3143 nunc,
3077 3079 3326 3148 quoniam
3362 3078 3463 3148 ipsi
3507 3075 3753 3131 consola-

465 3174 657 3227 Amen.

1000 3264 1283 3321 HOMILIA
1324 3262 1513 3320 XXIV.

683 3367 735 3405 ΙΝ
774 3368 967 3407 ΝΑτΑιι
1007 3368 1197 3408 SANCTI
1250 3368 1513 3408 BONIFACII
1553 3368 1840 3409 MARTYBIS.

541 3441 830 3498 Prmscntis
859 3443 962 3498 diei
994 3443 1256 3508 laetitiam,
1299 3443 1494 3500 fratres
1531 3444 1857 3509 charissimi,
1906 3442 2057 3498 vobis

468 3533 829 3598 audientibus,
862 3543 1224 3604 opportunum
1253 3548 1375 3590 reor
1410 3551 1659 3591 sermone
1686 3534 1899 3606 placido
1932 3550 2055 3590 cum

470 3620 760 3679 dilectione
785 3635 966 3679 vestra
1000 3633 1254 3690 tractare,
1285 3634 1341 3680 et
1369 3627 1684 3681 memoriam
1712 3626 1852 3681 beati
1873 3625 2054 3694 ponti-

468 3716 585 3770 licis
614 3724 663 3771 et
690 3717 947 3787 martyris
971 3716 1174 3771 Christi
1218 3714 1482 3770 Bonifacii
1523 3718 1580 3771 in
1627 3725 1863 3770 mentem
1904 3730 2059 3770 revo-

469 3820 618 3869 care,
651 3805 883 3876 qualiter
930 3806 1188 3876 temporis
1232 3807 1356 3860 vita:
1404 3822 1623 3861 cursum
1665 3820 1950 3877 peragens,
1989 3805 2057 3860 ad

468 3895 1219 3966 beatitudinempervenisset
1260 3904 1596 3965 perpetuam.
1631 3895 1697 3949 Et
1726 3895 1943 3964 dignum
1976 3904 2059 3951 est

470 3994 530 4040 ut
576 3985 836 4041 memoria
883 3987 951 4041 de
1004 4000 1069 4039 eo
1114 3986 1335 4055 cogitet,
1385 4001 1545 4056 quem
1593 3986 1852 4040 memoria
1912 3996 2057 4042 tenet

470 4086 705 4142 aeterna;
739 4092 862 4132 nam
905 4079 957 4133 in
1006 4080 1214 4150 psalmo
1257 4080 1520 4150 scriptum
1548 4087 1631 4134 est
1667 4095 1682 4132 :
1712 4078 1777 4132 In
1806 4081 2059 4134 memoria

471 4176 667 4220 a'terna
712 4168 807 4221 erit
846 4169 1049 4237 justus,
1096 4170 1162 4223 ab
1211 4171 1479 4225 auditione
1521 4170 1663 4223 mala
1717 4187 1820 4224 non
1862 4171 2059 4225 timebit

472 4255 647 4324 (Psal.
713 4258 844 4328 exn).
902 4258 1000 4314 llic
1046 4275 1175 4330 ergo
1225 4276 1435 4324 versus,
1488 4261 1704 4327 fratres,
1754 4261 1892 4316 bene
1950 4269 2059 4315 tam

474 4358 663 4403 sancto
691 4349 811 4404 viro
838 4352 1112 4415 convenit,
1159 4352 1252 4422 qui
1281 4367 1387 4406 non
1416 4352 1588 4407 solum
1617 4353 1881 4422 justitiam
1934 4332 2083 4407 dili-l

2158 3167 2385 3229 buntur;
2421 3175 2478 3220 et
2520 3166 2610 3221 hic
2647 3182 2771 3221 cum
2807 3167 3134 3237 pauperibus
3157 3167 3358 3222 Christi
3385 3169 3557 3239 magis
3584 3166 3756 3240 elegit

2156 3255 2561 3310 tribulationem
2602 3264 2657 3309 et
2697 3271 3007 3326 pressuram
3052 3258 3111 3311 in
3155 3259 3258 3313 hoc
3294 3259 3494 3313 mundo
3522 3258 3748 3324 habere,

2156 3360 2473 3414 quamcum
2519 3345 2774 3401 divitibus
2824 3345 2984 3414 hujus
3029 3348 3210 3402 smculi
3260 3348 3393 3403 falsa
3443 3347 3630 3402 laetitia
3678 3348 3750 3402 ad

2144 3446 2369 3506 tempus
2402 3437 2599 3501 ridere,
2647 3445 2707 3492 et
2758 3448 2944 3507 postea
2988 3438 3042 3493 in
3070 3447 3335 3494 internum
3365 3439 3569 3509 lugere.
3608 3439 3748 3494 Nam

2157 3544 2279 3583 cum
2319 3529 2388 3583 ab
2413 3529 2705 3598 apostolica
2747 3531 2873 3585 sede
2899 3529 3186 3600 episcopus
3230 3540 3313 3586 est
3354 3532 3655 3596 ordinatus,
3692 3539 3749 3588 et

2156 3621 2274 3675 vice
2313 3620 2607 3690 apostolica
2661 3620 2867 3690 legatus
2913 3620 3166 3676 Germani
3202 3638 3266 3676 us
3301 3624 3369 3676 ad
3410 3621 3746 3678 Francorum

2157 3720 2373 3780 gentem
2401 3718 2486 3765 est
2514 3710 2834 3775 destinatus,
2869 3710 2997 3765 illud
3018 3710 3425 3783 Psalmographi
3469 3713 3522 3765 in
3552 3726 3612 3766 se
3644 3713 3747 3766 im-

2158 3801 2325 3869 plevit
2350 3802 2743 3867 testimonium,
2770 3802 2917 3871 quod
2963 3801 3032 3855 de
3074 3801 3528 3870 pnedicatoribus
3569 3804 3748 3857 sancti

2158 3891 2433 3961 Evangelii
2458 3890 2662 3945 dictum
2683 3898 2767 3945 est
2801 3908 2814 3943 :
2846 3890 3043 3944 Euntes
3090 3890 3233 3943 ibant
3261 3900 3308 3944 et
3348 3890 3568 3960 ﬂebant,
3623 3892 3749 3945 mit-

2158 3993 2321 4038 tentes
2350 3984 2547 4038 semina
2573 4000 2705 4048 sua;
2734 3983 2991 4037 uenientes
3019 3992 3192 4035 autem
3222 3984 3419 4036 venient
3457 3983 3513 4036 in
3561 3982 3747 4036 exsul-

2159 4075 2376 4138 tatione,
2402 4083 2666 4144 portantes
2693 4070 2989 4142 manipulos
3015 4087 3136 4125 suos
3176 4069 3347 4141 (I’sal.
3379 4069 3562 4142 cxxv).
3592 4070 3749 4126 Beati

2158 4167 2247 4237 qui
2273 4167 2508 4221 esuriant
2531 4175 2579 4219 et
2607 4165 2791 4218 sitiunt
2813 4163 3100 4233 justitiam,
3121 4162 3370 4232 quoniam
3407 4162 3507 4232 ipsi
3530 4173 3749 4217 satura-

2161 4257 2373 4317 buntur.
2404 4254 2520 4310 Hoc
2549 4254 2624 4308 illi
2648 4255 2974 4310 desiderium
3001 4270 3214 4323 semper
3246 4254 3367 4320 fuit,
3400 4256 3503 4310 hoc
3537 4256 3751 4313 esuries

2161 4348 2382 4411 mentis,
2420 4348 2524 4402 hoc
2552 4347 2675 4402 sitis
2699 4347 2894 4402 animae
2918 4356 2978 4402 ut
2997 4346 3414 4415 iustiﬁcationes
3453 4348 3746 4403 mandato-

473 4440 636 4509 gebat
658 4450 855 4505 mente,
879 4443 1011 4512 quin
1036 4444 1199 4498 etiam
1230 4445 1483 4499 servabat
1508 4445 1562 4498 in
1595 4444 1974 4513 praedicatione
2002 4452 2055 4499 et
2082 4438 2133 4496 D
2159 4457 2279 4496 rum
2323 4441 2533 4495 Domini
2580 4441 2633 4495 in
2683 4456 2741 4495 se
2782 4442 3093 4506 custodiret,
3121 4449 3176 4497 et
3215 4443 3350 4497 alios
3387 4442 3516 4497 item
3566 4442 3750 4500 facere

475 4532 764 4586 exercebat
792 4532 844 4587 in
876 4547 1040 4601 opere
1071 4551 1083 4587 :
1132 4542 1294 4603 atque
1319 4534 1388 4589 ob
1412 4535 1515 4589 hoc
1537 4534 1713 4588 anima
1738 4533 1869 4604 justi
1902 4533 2061 4604 hujus

477 4622 638 4677 modo
658 4623 791 4677 vivit
828 4624 880 4679 in
911 4625 1098 4694 requie
1121 4641 1242 4679 cum
1273 4626 1498 4691 sanctis,
1536 4636 1741 4680 remota
1769 4636 1823 4681 et
1850 4635 2058 4681 secreta

475 4713 545 4766 ab
571 4713 822 4768 omnibus
846 4766 847 4769 η
854 4715 1043 4783 poenis
1092 4730 1155 4769 ac
1203 4715 1441 4770 tenebris
1490 4716 1796 4784 impiorum.
1845 4716 1902 4769 ln
1952 4716 2059 4771 line

478 4794 655 4857 autem
683 4804 864 4859 saeculi
904 4814 1120 4873 recepto
1149 4820 1395 4873 corpore,
1418 4820 1525 4859 non
1555 4805 1767 4860 mortali
1811 4806 1903 4861 sed
1952 4806 2057 4860 im-

479 4894 715 4957 mortali,
752 4910 859 4949 non
884 4894 1104 4949 animali
1141 4895 1235 4949 sed
1276 4895 1504 4965 spiritali
1531 4895 1681 4965 (quia
1709 4896 1852 4964 quod
1888 4895 2057 4950 semi-

480 4991 642 5035 natur
671 4983 724 5036 in
751 4984 1099 5050 contumelia,
1146 4994 1392 5056 resurget
1437 4985 1493 5039 in
1534 4985 1728 5056 gloria)
1757 4984 2061 5053 tequabitur

480 5070 688 5140 angelis
729 5072 845 5139 Dei,
889 5081 943 5130 et
968 5075 1022 5129 in
1070 5074 1185 5145 ipsa
1222 5074 1483 5130 memoria
1506 5084 1708 5129 aeterna
1736 5074 1841 5129 erit
1859 5071 2057 5141 justus.

484 5158 590 5215 Sed
611 5174 644 5215 a
678 5175 785 5229 quo
811 5164 994 5218 auditu
1016 5164 1160 5218 malo
1192 5179 1300 5219 non
1325 5163 1551 5229 timebit,
1573 5172 1629 5219 et
1653 5164 1756 5218 hoc
1776 5163 1974 5224 audite,
2003 5170 2058 5216 et

482 5252 565 5308 sic
620 5254 763 5323 agile
814 5263 874 5309 ut
910 5257 978 5311 ab
1024 5256 1207 5311 auditu
1260 5256 1404 5311 malo
1444 5271 1552 5310 non
1601 5256 1855 5310 timeatis.
1919 5256 2061 5310 Dicit

482 5345 629 5400 enim
657 5347 915 5403 Dominus
943 5356 1126 5403 noster
1149 5346 1308 5403 Iesus
1331 5346 1577 5402 Christus
1597 5346 1722 5415 quia
1750 5361 1856 5401 non
1885 5355 2064 5415 potest

480 5436 596 5492 falli
624 5440 715 5508 qui
745 5441 1013 5495 neminem
1060 5439 1214 5493 fallit.
1255 5438 1387 5492 Cum
1440 5437 1654 5501 venerit,
1692 5437 1883 5507 inquit,
1914 5438 2060 5506 ﬁlius

484 5529 711 5584 hominis
760 5534 815 5585 in
864 5531 1030 5603 gloria
1093 5547 1207 5592 sua,
1259 5528 1711 5598 congregabantur
1760 5540 1880 5584 ante
1943 5548 2061 5585 eum

484 5633 665 5673 omnes
693 5631 885 5690 gentes,
916 5631 963 5675 et
1017 5619 1275 5689 separabit
1306 5635 1391 5674 eos
1418 5619 1552 5672 sicut
1598 5629 1780 5687 pastor
1827 5633 2062 5693 segregat

2162 4532 2530 4601 persuaderet,
2555 4541 2615 4585 ut
2631 4530 2859 4586 Domino
2880 4547 3002 4587 cum
3023 4532 3292 4602 Propheta
3316 4541 3501 4601 posset
3521 4533 3707 4589 dicere
3730 4552 3744 4587 :

2162 4620 2276 4692 Ego
2288 4631 2461 4675 autem
2473 4621 2809 4690 cumjustitia
2821 4622 3078 4691 apparebo
3095 4623 3149 4675 in
3161 4632 3433 4690 conspectu
3447 4630 3536 4675 tuo
3550 4637 3569 4675 :
3586 4624 3750 4676 satia-

2161 4711 2253 4764 bor
2283 4712 2407 4764 dum
2442 4711 2861 4779 manifestabitur
2891 4711 3061 4781 gloria
3092 4721 3183 4764 tua
3213 4708 3389 4781 (Psal.
3430 4712 3565 4780 xvi).
3595 4710 3749 4766 Beati

2159 4802 2539 4867 misericordes,
2552 4802 2800 4873 quoniam
2816 4803 2915 4872 ipsi
2927 4802 3336 4857 misericordiam
3348 4810 3745 4872 consequentur.

2159 4893 2227 4948 Et
2253 4892 2392 4947 unde
2424 4901 2632 4947 tantum
2674 4892 2915 4947 laborem
2938 4890 3115 4947 exsilii
3156 4892 3478 4959 prmdicator
3501 4890 3603 4949 iste
3629 4892 3749 4947 cxi—

2161 4983 2301 5039 mius
2322 4982 2509 5049 subiit,
2526 4984 2631 5038 nisi
2653 4983 2779 5052 quia
2798 4982 3179 5037 misericordiae
3196 4983 3494 5038 visceribus
3520 4983 3748 5052 instiga-

2163 5087 2270 5143 tus,
2286 5078 2515 5133 aliorum
2536 5080 2731 5134 damna
2753 5085 2813 5132 ut
2834 5093 2930 5132 sua
2944 5076 3132 5141 doluit,
3146 5084 3203 5131 et
3223 5077 3344 5133 ideo
3364 5077 3431 5133 de
3450 5077 3746 5133 multorum

2164 5168 2503 5226 correctione
2521 5166 2949 5223 misericordiam
2969 5166 3352 5236 sempiternam
3374 5182 3558 5222 coram
3575 5166 3749 5224 oculis

2165 5259 2261 5315 Dei
2277 5258 2499 5314 invenit.
2517 5257 2667 5312 Beati
2688 5257 2882 5312 mundo
2903 5260 3075 5324 corde,
3096 5258 3343 5329 quoniam
3364 5257 3463 5327 ipsi
3482 5257 3653 5311 Deum
3670 5256 3748 5310 ui-

2164 5351 2355 5406 debunt
2395 5364 2414 5402 :
2460 5350 2694 5405 mundus
2717 5351 2879 5406 corde
2906 5350 3025 5417 fuit,
3052 5350 3146 5421 qui
3193 5357 3397 5404 tantum
3447 5349 3628 5404 lumen
3657 5364 3745 5404 sa-

2165 5441 2380 5511 pientia:
2409 5441 2461 5494 in
2490 5448 2668 5496 mente
2708 5439 2927 5505 habuit;
2956 5441 3096 5495 unde
3124 5437 3249 5493 alibi
3303 5438 3566 5507 scriptum
3591 5444 3676 5492 est
3728 5456 3742 5491 :

2168 5534 2358 5588 Anima
2371 5532 2508 5602 justi
2537 5532 2681 5587 sedes
2718 5542 2792 5586 est
2814 5531 3117 5601 sapientiw;
3164 5530 3256 5600 qui
3303 5537 3483 5584 autem
3527 5528 3744 5597 sapiens

2167 5624 2297 5678 tiam
2320 5637 2503 5678 veram
2532 5622 2790 5692 possidet,
2818 5621 3059 5675 frustrari
3083 5620 3175 5675 Dei
3199 5627 3490 5689 conspectu
3513 5616 3743 5673 nullate-
