4036 6370
308 383 401 441 ιθξ
1194 382 1498 441 ΒΟΜΙΜᾹΞ
1539 384 1628 438 DE
1664 381 1889 438 FESTIS

1989 381 2344 451 RIECIPUIS,
2386 383 2540 441 ETC.
3493 386 3561 441 50

308 519 412 558 nus
432 508 626 572 potest.
657 496 809 554 Beati
831 501 1056 569 paciﬁci,
1079 503 1325 571 quoniam
1349 503 1447 571 ipsi
1480 500 1579 570 ﬁlii
1612 501 1704 555 Dei
1734 515 1883 554 voca—
1912 498 1960 557 Α
1986 500 2080 553 sed
2104 514 2304 555 corona
2330 500 2572 570 martyrii
2604 499 2662 553 fit
2689 508 2967 571 perpetua.
2994 499 3144 555 Beati
3178 501 3339 571 igitur
3361 512 3562 573 marty-

307 592 543 647 bunlur:
568 605 755 661 pacem
800 591 902 646 iste
945 598 1152 661 martyr
1203 592 1453 661 primitus
1498 593 1553 646 in
1591 592 1880 661 semetipso

305 681 455 746 fecit,
481 696 607 736 eum
627 694 815 736 omnes
841 689 1019 735 motus
1037 682 1217 736 carnis
1244 697 1355 737 sua:
1394 682 1618 752 spiritus
1658 681 1882 751 imperio

299 771 631 842 subiugavit,
660 779 717 826 et
750 769 831 826 sic
874 771 1093 825 verbum
1122 770 1575 826 reconciliationis
1602 770 1720 825 aliis
1748 784 1882 840 pra:—

305 863 509 917 dicavit
550 863 714 927 unde,
761 871 819 915 et
861 862 1066 931 peccati
1117 877 1303 931 regno.
1333 862 1631 925 destructo;
1685 860 1883 914 multos

304 951 447 1007 ﬁlios
492 966 592 1022 per
645 951 971 1021 baptismum
1018 960 1073 1007 et
1117 953 1551 1022 praedicationem
1608 950 1881 1020 Evangelii

302 1042 417 1097 Deo
459 1040 764 1111 acquisivit.
825 1040 977 1094 Beati
1020 1042 1110 1112 qui
1160 1042 1579 1111 persecutionem
1614 1042 1885 1111 patiuntur

300 1141 516 1203 propter
525 1131 814 1201 justitiam,
841 1131 1089 1201 quoniam
1120 1130 1359 1199 ipsorum
1398 1139 1472 1184 est
1498 1145 1713 1200 regnum
1738 1127 1886 1182 caelo-

303 1239 424 1277 rum
470 1236 490 1274 :
532 1222 963 1292 persecutionem
1014 1220 1180 1291 igitur
1219 1228 1439 1291 propter
1478 1220 1742 1289 justitiam
1776 1234 1885 1274 non

300 1312 476 1368 solum
498 1329 528 1367 a
550 1313 792 1382 paganis,
818 1313 928 1366 imo
955 1312 1119 1367 etiam
1147 1313 1214 1367 ab
1236 1313 1508 1368 haereticis
1528 1320 1584 1367 et
1622 1312 1887 1367 schisma-

302 1401 452 1463 ticis.
484 1416 584 1456 nec
612 1416 719 1456 non
751 1410 808 1455 et
851 1416 883 1455 a
920 1400 1069 1456 falsis
1095 1401 1418 1457 Christianis
1445 1416 1645 1471 passus.
1663 1409 1765 1465 est,
1793 1401 1886 1471 qui

300 1506 427 1546 eum
450 1490 643 1546 validis
686 1491 1092 1547 insectabantur
1116 1493 1274 1558 odiis,
1325 1493 1807 1561 vituperationibus
1831 1500 1888 1547 et

300 1582 565 1637 conviciis
591 1581 886 1647 laniabant,
930 1590 1093 1652 atque
1116 1583 1328 1638 insidiis
1363 1583 1658 1652 dispositis,
1686 1583 1891 1637 interti-

300 1685 430 1725 cere
452 1670 749 1739 saepissime
767 1671 1110 1742 cogitabant;
1146 1673 1240 1727 sed
1273 1673 1534 1728 Dominus
1580 1672 1727 1726 illum
1757 1686 1885 1742 pro-

303 1761 543 1831 tegebat,
573 1768 633 1815 ut
668 1761 941 1831 Evangelii
987 1763 1337 1818 seminarium
1386 1761 1546 1818 latius
1595 1769 1884 1818 cresceret.

1986 605 2073 645 res
2101 592 2203 647 sibi
2231 592 2503 658 vixerunt,
2545 600 2600 646 et
2647 591 2843 647 mortui
2887 591 3194 660 exemplum
3241 592 3397 648 nobis
3437 591 3565 646 reli-

1983 689 2236 750 querunt,
2284 682 2421 736 bene
2471 680 2737 747 vivendo,
2786 681 3231 746 conversationis,
3283 679 3562 737 tolerando

1984 770 2217 839 fortiter,
2249 774 2547 844 passionis.
2588 772 2730 829 Nam
2779 774 2901 829 ideo
2955 774 3217 829 Dominus
3260 787 3365 844 per
3390 780 3563 831 tutum

1984 865 2243 918 mundum
2268 865 2495 920 diversis
2518 864 2693 933 poenis
2715 864 2826 934 pati
2853 873 3120 934 martyres
3146 864 3337 929 voluit,
3367 873 3425 919 ut
3448 873 3566 920 tan-

1984 968 2145 1023 quam
2167 954 2343 1009 idonei
2378 964 2543 1011 testes
2562 955 2849 1025 praesentia
2878 954 3108 1024 quadam
3156 955 3277 1009 ﬁdei
3317 956 3566 1024 exemplo

1986 1062 2096 1102 sua:
2114 1047 2469 1103 confessionis
2491 1055 2800 1118 arguerent,
2825 1055 2885 1101 ut
2900 1048 3133 1102 humana
3149 1045 3431 1115 fragilitas,
3446 1061 3569 1115 quite

1982 1139 2353 1209 praedicationi
2376 1140 2666 1193 Dominicae
2696 1138 2880 1193 auditu
2904 1137 3134 1208 longiori
3160 1136 3247 1190 vix
3268 1136 3460 1201 credit,
3485 1137 3569 1190 vel

1986 1229 2039 1284 in
2080 1231 2365 1300 praesentia
2410 1230 2720 1286 testimonio
2764 1229 3007 1301 martyrii
3059 1229 3321 1284 crederet.
3378 1227 3571 1283 Cuncti

1987 1319 2150 1390 igitur
2179 1329 2444 1391 martyres
2464 1321 2811 1375 devotissime
2828 1320 3330 1385 colendi'sunt,‘sed
3361 1319 3572 1389 specia-

1985 1408 2109 1464 liter
2128 1410 2183 1464 hi
2203 1410 2493 1465 venerandi
2509 1422 2636 1467 sunt
2653 1429 2683 1466 a
2701 1412 2861 1467 nobis
2874 1411 3375 1481 quorumreliq’uias
3398 1411 3573 1481 possi-

1986 1500 2193 1556 demus.
2226 1501 2302 1555 Illi
2327 1502 2471 1556 enim
2487 1518 2595 1557 nos
2619 1501 2961 1557 orationibus
2978 1502 3257 1572 adjuvant,
3289 1501 3571 1556 isti'etiam

1987 1590 2244 1659 adjuvant
2270 1592 2522 1661 passione
2545 1610 2557 1645 :
2582 1607 2705 1647 cum
2731 1592 2818 1647 his
2846 1600 3025 1646 autem
3053 1591 3211 1646 nobis
3233 1590 3573 1645 familiaritas

1987 1683 2232 1751 quaadam
2246 1691 2350 1747 est,
2367 1697 2581 1752 semper
2599 1683 2744 1736 enim
2773 1682 3052 1738 nobiscum
3066 1690 3211 1746 sunt,
3227 1681 3331 1735 hoc
3345 1687 3501 1734 estet
3521 1679 3575 1732 in

1989 1788 2216 1843 corpore
2228 1774 2470 1828 viventes
2490 1772 2822 1837 custodiunt,
2845 1774 2986 1828 etde
3005 1786 3233 1842 corpore
3256 1770 3572 1824 recedentes

301 1849 610 1909 Novissime
648 1867 801 1917 vero,
852 1866 973 1906 cum
1023 1851 1310 1907 Frisonum
1351 1853 1496 1923 genti
1521 1853 1742 1908 verbum
1788 1852 1884 1907 Dei

1989 1864 2260 1933 exeipiunt
2283 1882 2295 1915 :
2321 1865 2439 1927 hic,
2472 1880 2537 1918 ne
2579 1870 2923 1933 peccatorum
2945 1862 3095 1916 labes
3127 1867 3408 1915 assumant
3438 1872 3573 1920 nos,

299 1942 642 2011 praedicaret,
671 1956 793 1999 cum
821 1941 999 2011 palma
1020 1942 1266 2013 martyrii
1287 1944 1353 1997 ad
1374 1943 1658 1999 Dominum
1688 1944 1887 2013 migra-

301 2031 399 2085 vit.
449 2031 592 2087 Ecce
640 2032 886 2097 audistis,
918 2032 1114 2088 fratres
1144 2035 1469 2098 charissimi,
1521 2049 1620 2103 per
1648 2034 1888 2106 singulas

298 2124 512 2193 species
534 2124 884 2180 beatitudinis
902 2126 1135 2195 qualiter
1159 2126 1261 2181 iste
1295 2135 1516 2182 sanctus
1543 2128 1769 2182 antistes
1792 2127 1885 2181 Dei

297 2225 359 2271 et
376 2226 587 2288 martyr
610 2219 946 2288 proficiebat,
972 2229 1027 2274 et
1055 2221 1124 2275 ad
1153 2236 1315 2290 quam
1344 2220 1726 2290 perfectionem
1764 2235 1889 2291 per-

302 2306 572 2361 veniebat.
602 2308 882 2362 Imitcmur
909 2324 1025 2373 nos,
1057 2310 1147 2378 qui
1179 2309 1380 2364 alumni
1411 2309 1527 2379 ejus
1554 2326 1763 2375 sumus,
1791 2326 1888 2381 pro

302 2394 521 2451 modulo
557 2404 767 2461 nostro,
808 2397 1108 2466 profectum
1153 2397 1303 2467 ejus;
1346 2415 1637 2471 sequamur
1683 2400 1888 2454 monita

300 2480 468 2548 illius,
499 2491 555 2538 et
582 2483 682 2549 sic,
707 2483 816 2539 Deo
862 2486 1177 2554 opitulante,
1220 2490 1596 2557 perveniemus
1641 2488 1708 2543 ad
1750 2503 1889 2557 prte—

299 2571 473 2624 mium
502 2571 639 2640 ejus.
693 2572 996 2628 Laudemus
1043 2573 1095 2627 in
1150 2574 1376 2631 Domino
1420 2578 1654 2631 animam
1696 2570 1886 2645 ipsius,

299 2661 432 2731 quia
460 2663 621 2717 modo
642 2679 766 2718 cum
802 2664 1006 2718 sanctis
1033 2666 1235 2734 angelis
1265 2666 1478 2721 laetatur
1501 2668 1554 2721 in
1599 2674 1889 2736 conspectu

301 2750 445 2819 ejus.
474 2752 813 2810 Honoremus
845 2756 1008 2810 etiam
1037 2769 1233 2824 corpus
1281 2756 1453 2820 illius,
1492 2757 1618 2826 quia
1650 2758 1888 2828 pretiosa

305 2850 395 2897 est
421 2844 477 2897 in
508 2856 776 2914 conspectu
810 2846 1022 2902 Domini
1050 2847 1661 2917 morssanctorumaejus
1713 2845 1884 2919 (Psal.

311 2931 463 3001 cxv).
494 2932 979 2991 Commemoremus
1003 2938 1309 3006 passionem
1338 2936 1477 3006 ejus,
1501 2945 1556 2991 et
1582 2937 1661 2992 sic
1687 2937 1740 2990 in
1769 2937 1888 2992 loco

307 3021 659 3091 reliquiarum
689 3026 828 3081 illius
858 3027 1189 3083 celebremus
1219 3026 1443 3099 gloriam
1467 3026 1719 3096 triumphi
1748 3026 1885 3096 ejus.

301 3113 424 3169 Non
454 3116 596 3169 enim
621 3132 773 3171 aram
817 3119 1195 3174 constituimus
1224 3128 1481 3188 tanquam
1528 3118 1639 3172 Deo
1675 3116 1891 3173 Bonifa-

1990 1954 2063 2009 ibi
2093 1970 2161 2008 ne
2190 1954 2386 2008 inferni
2416 1955 2612 2009 horror
2652 1954 2887 2008 invadat.
2935 1950 3071 2006 Nam
3120 1951 3242 2006 ideo
3287 1947 3576 2017 almajori-

1986 2043 2087 2098 bus
2121 2035 2221 2097 hoc
2238 2043 2513 2112 provisum
2526 2051 2610 2098 est
2626 2050 2684 2096 ut
2696 2052 3006 2097 sanctorum
3026 2041 3239 2096 ossibus
3261 2044 3445 2093 nostra
3456 2053 3576 2093 cor-

1987 2150 2116 2205 pora
2133 2135 2422 2199 sociemus,
2438 2142 2499 2187 nt
2518 2135 2644 2188 dum
2662 2133 2780 2188 illos
2805 2122 3041 2188 tartarus
3064 2132 3278 2194 metuit,
3294 2144 3392 2183 nos
3414 2143 3578 2198 poena

1987 2239 2094 2281 non
2125 2232 2341 2295 tangat;
2381 2226 2506 2280 dum
2553 2224 2672 2278 illos
2714 2223 2960 2277 Christus
3008 2220 3295 2283 illuminat,
3339 2234 3370 2272 a
3423 2218 3581 2272 nobis

1988 2316 2346 2370 tenebrarum
2367 2312 2834 2384 caligo'dill'ugiat.
2877 2310 3010 2366 Cum
3041 2308 3583 2377 sanctis-ergoimm-

1991 2405 2198 2476 tyribus
2215 2405 2579 2473 quiescentes,
2605 2402 2896 2457 evademus
2916 2398 3118 2453 inferni
3142 2397 3418 2461 tenebras,
3447 2403 3503 2450 et
3528 2395 3585 2450 si

1988 2510 2097 2549 non
2124 2494 2358 2564 prepriis
2387 2493 2596 2547 meritis
2615 2531 2629 2557 ,
2666 2490 3061 2545 attamenefidei
3092 2488 3322 2543 veritate
3347 2495 3402 2541 et
3439 2501 3574 2541 con-

1990 2584 2143 2638 sortii
2194 2583 2502 2637 sanctitate.
2542 2579 2988 2651 Martyrestenim
3027 2576 3223 2632 inferni
3265 2584 3419 2647 porta
3465 2588 3581 2629 non

1988 2673 2256 2743 possidet,
2299 2672 2556 2743 quoniam
2596 2687 2691 2726 eos
2728 2669 2964 2741 paradisi
2992 2682 3216 2739 regnum
3251 2674 3414 2720 tenet.
3443 2663 3582 2719 Nam

1989 2764 2234 2819 videmus
2260 2776 2355 2818 eos
2396 2763 2486 2817 hic
2516 2764 2700 2833 utique
2723 2760 2836 2831 jam
2877 2774 3141 2832 regnave;
3189 2757 3463 2813 cernimus
3486 2769 3581 2810 eos

1990 2851 2303 2923 frequenter
2349 2852 2417 2907 ab
2459 2850 2911 2907 immundissimis
2951 2848 3285 2904 daemonibus
3330 2847 3583 2902 obsessos

1988 2942 2236 2997 homines
2259 2942 2525 3007 liberare;
2572 2942 2818 2998 videmus
2846 2949 2903 2995 et
2936 2940 3005 2994 ab
3026 2940 3106 2994 eis
3137 2946 3344 2993 natura:
3376 2944 3580 2992 nostra:

1987 3033 2359 3088 infirmitatem
2391 3033 2642 3097 relevari,
2673 3033 2776 3088 hoc
2797 3041 2883 3087 est
2907 3046 3078 3087 ctecos
3104 3029 3415 3093 illuminari,
3451 3042 3577 3083 sur-

1991 3122 2074 3178 dis
2100 3123 2341 3177 auditum
2366 3123 2613 3192 praeberi,
2655 3121 2861 3177 claudis
2888 3135 3133 3191 gressum
3176 3119 3381 3186 tribui,
3411 3117 3580 3171 mutis

300 3207 414 3270 cio,
461 3207 556 3261 sed
592 3221 722 3261 vero
750 3208 864 3262 Deo
910 3224 1060 3263 aram
1108 3209 1331 3263 fecimus
1373 3206 1730 3272 Bonifacium,
1761 3207 1886 3276 quia
1917 3236 1963 3300 α
1994 3211 2282 3282 loquelam,
2311 3219 2366 3267 et
2391 3211 2658 3267 debilibus
2686 3211 2973 3267 sanitatem
3003 3208 3258 3265 conferri.
3285 3205 3414 3262 Haec
3441 3221 3578 3278 quo-

300 3302 462 3354 sedes
486 3299 670 3368 utique
696 3300 790 3354 Dei
815 3309 899 3356 est
935 3302 1116 3355 anima
1160 3301 1329 3370 ipsius
1371 3318 1383 3352 :
1436 3300 1505 3355 ad
1552 3297 1706 3366 cujus
1756 3313 1889 3369 gau-

300 3389 454 3443 dium
483 3392 907 3459 perorationem
943 3392 1208 3447 illiusnos
1233 3391 1516 3463 pervenire
1560 3401 1721 3460 posse
1763 3405 1893 3446 con-

301 3480 485 3543 cedat,
512 3479 603 3548 qui
636 3481 786 3534 illum
824 3482 1201 3552 triumpharat,
1251 3481 1408 3537 Jesus
1436 3480 1684 3536 Christus
1711 3480 1892 3535 Domi-

302 3584 409 3620 nus
435 3577 638 3635 noster,
664 3570 756 3639 qui
782 3570 911 3623 vivit
935 3578 991 3626 et
1025 3579 1215 3641 regnat
1233 3584 1357 3624 cum
1380 3570 1490 3623 Deo
1509 3568 1672 3622 Patre
1691 3577 1747 3623 et
1771 3569 1893 3638 Spi-

302 3657 415 3712 ritu
471 3662 860 3727 sanctoDeus,
910 3677 1008 3732 per
1059 3660 1240 3716 omnia
1297 3659 1492 3716 saecula
1550 3659 1888 3716 saeculorum.

300 3748 504 3806 Amen.

856 3841 1138 3899 IIOMILIA
1166 3842 1336 3898 XXV.

608 3949 644 3987 υ
671 3950 866 3989 ΝΛΤΑΙᾸ
889 3950 1076 3990 SANCTI
1100 3951 1290 3989 ALBANI
1317 3946 1584 3988 HABTYBIS

378 4022 581 4077 Sancta
629 4024 942 4078 solemnitas
997 4023 1290 4079 beatissimi
1350 4022 1542 4076 Albani
1596 4020 1886 4092 martyris,

296 4126 429 4183 qua:
467 4126 585 4176 nos,
616 4112 813 4167 fratres
837 4113 1169 4178 charissimi,
1201 4113 1253 4166 in
1288 4110 1506 4165 nomine
1533 4110 1745 4165 Domini
1768 4124 1893 4163 con-

296 4202 573 4273 gregavit,
612 4202 680 4256 de
717 4203 927 4257 meritis
954 4211 1009 4256 et
1036 4202 1207 4271 gloria
1251 4203 1385 4257 tanti
1436 4200 1689 4271 martyris
1727 4198 1896 4270 exigit

298 4291 517 4363 aliquid
546 4292 676 4359 dici,
722 4293 819 4348 sed
869 4308 975 4347 non
1028 4300 1207 4363 potest
1256 4292 1457 4362 aliquid
1506 4291 1666 4362 digne
1711 4289 1816 4345 dici
1875 4303 1893 4343 :

300 4390 689 4437 verumtamen
724 4392 780 4438 et
813 4398 912 4437 nos
941 4384 1228 4438 devotione
1253 4384 1425 4453 magis
1450 4397 1613 4452 quam
1640 4380 1896 4437 facultate

298 4476 591 4530 laudemus
617 4490 761 4538 eum,
796 4476 903 4529 imo
932 4476 1215 4529 Dominum
1243 4476 1525 4529 laudemus
1555 4474 1613 4528 in
1652 4489 1742 4539 eo,
1790 4472 1896 4527 Do-

1993 3318 2101 3372 que
2118 3310 2174 3358 et
2203 3301 2309 3356 alia
2336 3300 2595 3356 miracula
2615 3316 2714 3371 per
2734 3309 2950 3356 sanctos
2964 3298 3096 3355 .ﬁeri
3114 3298 3379 3354 omnibus
3392 3304 3583 3351 notum

1993 3402 2076 3450 est
2098 3435 2113 3459 ,
2142 3400 2198 3449 et
2227 3394 2378 3458 ideo,
2412 3391 2611 3449 fratres
2629 3433 2644 3459 ,
2681 3407 3003 3448 veneremur
3028 3406 3124 3447 eos
3152 3392 3205 3445 in
3237 3390 3339 3446 hoc
3362 3388 3581 3453 saeculo,

1993 3500 2131 3555 quos
2156 3483 2469 3539 defensores
2496 3482 2698 3538 habere
2725 3482 2974 3553 cupimus
3003 3480 3058 3534 in
3088 3480 3272 3535 futuro
3306 3496 3319 3533 :
3354 3485 3411 3533 et
3438 3476 3583 3531 sicut

1994 3587 2116 3629 cum
2151 3574 2232 3627 eis
2259 3572 2475 3627 ossibus
2508 3579 2793 3641 parentum
2824 3578 3133 3626 nostrorum
3172 3568 3471 3640 jungimur,
3504 3565 3582 3619 ita

1992 3674 2048 3719 et
2068 3665 2146 3719 eis
2170 3663 2293 3718 fidei
2319 3662 2620 3717 imitatione
2642 3659 2953 3731 iungamur.
2999 3659 3296 3728 Diligamus
3321 3655 3465 3726 quod
3495 3653 3577 3708 illi

1992 3754 2317 3818 dilexerunt,
2347 3760 2402 3807 et
2438 3752 2687 3806 odiamus
2709 3751 2853 3821 quod
2880 3748 2951 3803 illi
2978 3749 3237 3811 oderunt;
3272 3757 3586 3816 qumramus

1991 3843 2137 3913 quod
2168 3843 2270 3913 ipsi
2295 3842 2665 3911 quaesierunt,
2696 3849 2753 3895 et
2774 3839 3105 3910 refugiamus
3133 3836 3276 3907 quod
3305 3835 3405 3906 ipsi
3435 3835 3584 3892 refu—

1993 3934 2229 4005 gierunt.
2271 3933 2589 3989 Dilexerunt
2615 3931 2831 4001 quidem
2860 3930 2936 3985 illi
2963 3929 3133 3984 Deum
3159 3936 3366 3985 ex.toto
3395 3927 3576 3989 corde,

1995 4029 2106 4076 tota
2134 4021 2312 4076 anima
2332 4062 2347 4088 ,
2389 4029 2499 4076 tota
2526 4021 2726 4076 virtute
2747 4061 2761 4084 ,
2791 4027 2846 4075 et
2865 4020 3141 4089 proximos
3168 4031 3303 4073 suos
3327 4024 3597 4084 tanquam.

1995 4110 2234 4178 seipsos;
2275 4110 2350 4164 ita
2378 4118 2435 4164 et
2460 4125 2558 4164 nos
2580 4109 2717 4165 nihil
2748 4123 2936 4165 amore
2971 4107 3064 4161 Dei
3093 4119 3490 4176 praeponamus,
3526 4112 3583 4158 et

1992 4201 2269 4270 proximos
2293 4207 2508 4255 nostros
2532 4200 2597 4254 in.
2611 4212 2930 4269 quocunque
2953 4197 3222 4268 possimus
3243 4195 3578 4264 adjuvemus.

1995 4290 2074 4343 Illi
2093 4290 2322 4345 oderunt
2346 4289 2474 4344 vitia
2499 4331 2513 4355 ,
2538 4299 2601 4344 et
2618 4293 2926 4345 vitaverunt
2954 4294 3172 4358 peccata
3189 4327 3205 4354 ,
3236 4302 3345 4351 nos
3363 4302 3577 4355 quoque

1976 4380 2247 4437 .similiter
2276 4381 2602 4436 detestemur
2627 4381 2757 4434 vitia
2778 4422 2794 4444 ,
2833 4391 2888 4434 et
2916 4379 3149 4434 vitemus
3173 4385 3415 4447 peccata.
3446 4376 3576 4446 Ipsi,

1999 4469 2326 4541 refugientes
2364 4469 2551 4524 luxum
2582 4469 2742 4540 hujus
2770 4469 2926 4535 vitae,
2952 4482 3050 4538 per
3080 4466 3245 4522 ﬁdem
3286 4474 3491 4522 rectam
3527 4474 3581 4520 et

300 4565 516 4619 minum
545 4564 599 4617 in
628 4564 740 4629 illo,
767 4574 823 4618 et
850 4564 998 4618 illum
1028 4565 1090 4619 in
1126 4566 1377 4621 Domino.
1403 4563 1540 4632 Quid
1565 4564 1707 4618 enim
1750 4570 1896 4616 esset
1920 4580 1972 4638 ι)
1997 4561 2139 4616 bona
2164 4577 2331 4632 opera
2367 4562 2699 4634 qumsierunt
2725 4562 2888 4616 vitam
2917 4568 3207 4625 aeternam;
3241 4573 3342 4614 nos
3367 4573 3582 4629 quoque

298 4655 427 4710 sine
471 4653 722 4717 Domino,
753 4669 855 4708 vox
895 4664 1191 4725 martyrum
1219 4655 1287 4710 de
1312 4654 1518 4725 psalmo
1546 4668 1667 4708 cum
1693 4652 1898 4721 legere-

301 4753 398 4798 tur
421 4741 607 4797 audita
641 4751 726 4797 est
751 4761 764 4796 :
794 4742 1066 4799 Auxilium
1099 4754 1335 4799 nostrum
1360 4745 1413 4798 in
1437 4745 1642 4798 nomine
1685 4741 1897 4797 Domini

300 4823 487 4903 (Paul.
518 4833 731 4902 cxxm).
769 4832 828 4887 Si
859 4834 1118 4889 auxilium
1146 4834 1390 4889 omnium
1416 4843 1662 4888 nostrum
1692 4832 1746 4885 in
1795 4846 1895 4886 no—

300 4925 457 4980 mine
489 4925 723 4991 Domini,
754 4933 958 4995 quanto
993 4927 1162 4997 magis
1194 4934 1492 4997 martyrum
1539 4943 1551 4978 :
1601 4924 1693 4978 ubi
1724 4922 1897 4992 major

300 5026 511 5085 pugna,
547 5014 621 5068 ibi
668 5015 841 5085 majus
885 5016 1141 5071 auxilium
1185 5016 1549 5071 necessarium
1583 5022 1684 5068 est.
1714 5013 1895 5068 Facile

305 5116 416 5172 est,
445 5106 665 5172 fratres,
706 5115 1005 5180 martyrum
1032 5108 1289 5163 solemnia
1315 5107 1610 5167 celebrare,
1638 5106 1732 5160 sed
1758 5103 1893 5158 ditii-

307 5198 415 5253 cile
463 5206 549 5253 est
595 5206 897 5268 martyrum
930 5199 1211 5268 passiones
1255 5198 1473 5251 imitari.
1515 5196 1812 5266 Augustam
1841 5201 1897 5248 et

309 5299 523 5345 arctam
555 5288 985 5346 Christianorum
1031 5292 1175 5346 viam
1213 5292 1330 5346 duae
1360 5305 1448 5345 res
1494 5290 1717 5352 faciunt,
1768 5304 1896 5343 con—

312 5388 552 5451 temptus
579 5380 869 5452 voluptatis
893 5390 948 5435 et
995 5381 1280 5437 tolerantia
1321 5381 1612 5451 passionis.
1643 5379 1897 5448 Quisquis

312 5471 477 5539 igitur
502 5470 685 5525 taliter
749 5471 1007 5542 confligit,
1063 5473 1201 5527 sciat
1257 5487 1317 5527 se
1364 5487 1486 5527 cum
1530 5478 1641 5525 toto
1696 5470 1897 5522 numdo

313 5557 624 5628 conﬂigere.
655 5557 790 5613 Nam
818 5561 863 5615 si
899 5562 1013 5616 lucc
1043 5561 1150 5618 duo
1183 5561 1388 5626 vincat,
1427 5560 1482 5615 id
1505 5569 1608 5627 est,
1636 5559 1896 5628 quidquid

316 5649 593 5705 blanditur
618 5660 675 5705 et
701 5652 961 5724 quidquid
987 5654 1243 5720 minatur,
1271 5653 1345 5708 ita
1381 5653 1549 5708 vincit
1592 5652 1849 5707 mundum
1877 5670 1889 5705 :

318 5742 568 5813 voluptas
595 5743 739 5799 enim
770 5745 954 5800 mundi
1000 5745 1134 5803 falsa
1179 5752 1262 5801 est
1291 5752 1345 5801 et
1374 5758 1510 5814 pene
1555 5742 1892 5810 transitoria,

1998 4650 2160 4705 simili
2205 4650 2367 4707 modo
2409 4650 2780 4706 renuntiantes
2833 4648 3198 4718 voluptatibus
3249 4647 3474 4713 carnis,
3525 4646 3580 4700 in

1952 4784 1957 4793 .
1998 4738 2122 4801 fide,
2152 4753 2271 4807 quae
2300 4754 2397 4809 per
2415 4739 2756 4794 dilectionem
2778 4747 3054 4808 operatur,
3077 4752 3385 4807 quaeramus
3405 4736 3583 4794 vitam

1998 4830 2212 4883 beatam
2237 4838 2293 4884 et
2320 4828 2522 4900 gaudia.
2543 4829 2670 4884 sine
2689 4827 2806 4883 ﬁne.
2828 4842 3098 4882 mansura.
3129 4826 3191 4881 In,
3224 4816 3581 4880 nullovideli-

1998 4933 2086 4981 cet
2112 4926 2179 4979 ab
2210 4925 2341 4994 ipsis
2374 4924 2613 4994 separari
2642 4924 2957 4992 poterimus,
2986 4921 3328 4978 sisociemus
3355 4933 3455 4974 nos
3475 4919 3582 4974 illis

2001 5024 2111 5071 tam
2138 5016 2396 5085 religione
2422 5032 2583 5085 quam
2624 5029 2851 5083 corpore
2884 5032 2895 5066 :
2944 5012 3085 5082 quod
3114 5026 3211 5082 per
3232 5010 3581 5066 intercessio-

2001 5122 2124 5161 nem
2150 5115 2205 5161 et
2235 5108 2425 5161 merita
2453 5105 2594 5159 illius
2620 5105 2790 5159 sancti
2832 5102 3084 5173 martyris
3111 5102 3178 5155 ad
3211 5100 3364 5169 cujus
3392 5114 3579 5155 sacras

2002 5198 2256 5268 reliquias
2288 5206 2550 5263 astamus,
2580 5196 2693 5266 ipse
2719 5195 2872 5249 nobis
2900 5202 3157 5263 praestare
3183 5193 3454 5262 dignetur,
3484 5192 3576 5265 qui

2001 5302 2123 5341 cum
2170 5287 2329 5343 Patre
2359 5296 2414 5342 et
2442 5286 2648 5356 Spiritu
2690 5292 2881 5340 sancto
2920 5284 3151 5338 vivitct
3188 5291 3379 5354 regnat
3411 5282 3577 5349 Deus,

1999 5392 2096 5447 per
2123 5379 2311 5434 omnia.
2335 5378 2529 5433 saecula
2560 5376 2899 5431 saeculorum.
2928 5376 3120 5429 Amen.

2530 5484 2814 5542 IIOMILIA
2861 5484 3050 5540 XXVI.

2258 5575 2310 5613 IN
2348 5575 2541 5614 NATALI
2579 5572 2766 5613 SANCTI
2796 5570 3011 5612 JOANNIS
3044 5567 3343 5609 ΒΑΡΤΙΕΤΒ.

2072 5647 2191 5704 Jam
2214 5650 2443 5706 Domino
2467 5648 2793 5721 propitiante
2817 5688 2832 5712 ,
2862 5645 3058 5701 fratres
3082 5641 3389 5699 charissimi
3409 5679 3426 5707 ,
3466 5653 3571 5701 non

2000 5755 2194 5811 parum
2218 5740 2521 5797 desiderata
2547 5739 2762 5796 advenit
2789 5737 3053 5795 festivitas
3077 5777 3091 5804 ,
3122 5742 3177 5790 et
3202 5734 3322 5790 ideo
3349 5731 3589 5805 quicum-
