4036 6370
485 390 547 445 51

1118 381 1179 436 Β.
1220 379 1477 437 RMle
1513 379 1730 437 MAURI
1767 378 2086 436 ARCHIEP.
2127 378 2438 438 MOGUNT.
2478 383 2765 442 OPERUM
2799 386 2977 444 PARS
3017 387 3077 442 ll.

3687 396 3777 453 εἳ

485 515 592 571 que
613 497 754 555 bene
792 495 969 552 devoti
1002 496 1158 552 bonis
1185 496 1439 566 operibus
1465 497 1533 552 ad
1563 504 1766 552 tantam
1792 495 2074 552 celebrita-
2098 494 2153 555 Α
2176 502 2232 549 et
2268 495 2598 553 inﬁdelitatis
2635 499 2863 557 humore
2910 501 3137 576 digesto,
3163 503 3482 563 adveniente
3514 507 3779 576 Christo,.

484 601 599 647 tem
638 605 698 646 se
724 597 1181 662 praeparaverant,
1215 589 1460 644 securius
1484 588 1785 659 gaudeant;
1822 587 1917 658 qui
1942 600 2072 642 vero

485 680 557 736 ad
600 680 706 736 hoc
750 678 1056 734 faciendum
1097 679 1271 750 magis
1296 679 1472 734 adhuc
1497 693 1691 748 segnes
1727 679 2069 745 exstiterant,
2099 678 2110 684 ’

485 771 914 829 misericordiam
945 770 1041 825 Dei
1068 769 1257 825 saltem
1292 786 1437 826 nunc
1474 770 1872 840 cumlacrymis
1898 776 1953 824 et
1983 783 2074 840 ge~

484 864 627 920 mitu
665 863 924 920 intentius
962 870 1235 934 expetant,
1284 871 1343 917 ut
1375 863 1570 935 gaudio
1613 870 1922 919 sanctorum
1949 876 2074 932 per-

486 954 631 1014 fecto
658 955 710 1010 in
740 964 999 1011 aeternum
1022 969 1130 1009 non
1155 962 1399 1011 careant.
1427 953 1672 1009 Natalem
1700 967 1915 1024 quoque
1942 967 2072 1008 san-

487 1049 563 1105 cti
584 1048 806 1105 Joannis
828 1048 1084 1120 Baptistae
1103 1047 1287 1114 hodie,
1310 1046 1526 1114 fratres,
1548 1046 1905 1111 celebramus,
1928 1044 2073 1116 quod

488 1142 622 1199 nulli
651 1150 963 1198 sanctorum
988 1156 1226 1212 unquam
1260 1140 1487 1211 legimus
1530 1140 1697 1197 fuisse
1732 1153 2069 1195 concessum.

486 1232 670 1292 Solius
690 1234 834 1290 enim
866 1233 1079 1289 Domini
1115 1240 1169 1289 et
1194 1233 1338 1289 beati
1376 1230 1600 1288 Joannis
1623 1231 1738 1287 dies
1772 1228 2073 1286 nativitatis

485 1324 547 1382 in
570 1325 822 1381 universo
854 1326 1056 1381 mundo
1077 1324 1381 1380 celebratur
1413 1332 1468 1379 et
1497 1324 1712 1389 colitur,
1746 1331 1801 1379 et
1829 1321 2026 1377 merito
2055 1339 2070 1376 :

487 1418 616 1487 quia
649 1427 880 1487 utraque
917 1416 1171 1471 nativitas
1208 1416 1365 1485 plena
1397 1422 1477 1472 est
1506 1414 1779 1486 mysterio.
1811 1411 2075 1469 Joannem

487 1509 690 1565 sterilis
725 1508 958 1580 peperit,
999 1505 1277 1564 Christum
1302 1506 1471 1577 Virgo
1497 1506 1773 1576 concepit;
1808 1505 1862 1559 in
1900 1504 2081 1560 Eliss-

485 1600 615 1655 beth
646 1599 906 1655 sterilitas
931 1598 1188 1664 vincitur,
1234 1598 1287 1652 in
1310 1598 1470 1653 beata
1501 1595 1671 1651 Maria
1709 1593 2077 1665 conceptionis

486 1690 821 1745 consuetudo
849 1698 1120 1753 mutatur;
1172 1687 1449 1743 Elisaheth
1490 1685 2087 1758 virum‘cognoscendo

2176 585 2246 641 ab
2275 585 2364 642 illo
2389 587 2597 644 caelesti
2628 590 2831 646 lumine
2862 590 3125 648 laetificari
3151 605 3373 663 possent
3394 599 3574 666 potius
3595 614 3767 669 quam

2176 678 2441 759 torqueri.
2486 678 2642 736 Sicut
2673 682 2817 737 enim
2849 682 3136 753 lippientes
3157 685 3345 742 oculos
3370 689 3439 743 ad
3468 688 3771 747 videndum

2174 784 2441 840 provocas
2462 772 2506 826 si
2532 773 2784 843 exiguum
2806 775 3147 843 splendorem
3170 776 3405 835 lucerna:
3433 782 3768 849 ostenderis,

2176 868 2231 915 et
2258 862 2490 933 amplius
2517 864 2731 920 crucias
2759 865 2802 920 si
2835 864 3291 939 lumcnmagnum
3332 870 3651 941 ingesseris,
3683 872 3768 929 ita

2175 949 2437 1008 Dominus
2465 964 2522 1008 et
2544 953 2798 1011 Salvator
2829 966 3036 1023 noster,
3078 960 3168 1028 qui
3208 967 3293 1015 est
3326 959 3508 1017 lumen
3545 976 3768 1025 verum.

2176 1045 2278 1102 nisi
2320 1047 2471 1116 prius
2506 1048 2725 1104 beatum
2762 1048 3025 1107 Joannem
3051 1051 3195 1107 velut
3221 1054 3497 1109 lucernam
3528 1056 3774 1125 prtemito

2176 1144 2339 1202 teret,
2370 1138 2678 1195 claritatem
2714 1140 2833 1211 ejus
2873 1150 3020 1197 totus
3061 1143 3295 1199 mundus
3340 1144 3610 1200 sustinere
3653 1160 3769 1201 non

2173 1236 2376 1298 posset.
2430 1227 2572 1299 Ergo
2599 1229 2739 1298 quia.
2769 1230 2986 1286 beatum
3015 1245 3404 1301 praecursorem
3436 1232 3647 1288 Domini
3684 1232 3781 1288 lu-

2174 1333 2393 1376 cernam
2417 1335 2539 1377 esse
2563 1323 2916 1392 cognovimus
2937 1365 2952 1389 ,
2978 1325 3070 1394 qui
3103 1340 3288 1381 veram
3320 1326 3493 1383 lucem
3520 1342 3769 1398 praecur—

2175 1412 2348 1478 rebat,
2371 1420 2426 1467 et
2459 1413 2827 1470 testimonium
2856 1414 3121 1484 perhibuit
3149 1414 3218 1470 de
3246 1416 3470 1483 turmine,
3495 1427 3553 1472 nt
3573 1431 3777 1474 omnes

2172 1503 2457 1558 crederent
2481 1517 2579 1574 per
2607 1504 2759 1559 illum
2801 1524 2814 1560 :
2864 1521 3153 1561 curramus
3189 1508 3257 1562 ad
3291 1522 3446 1571 eum,
3479 1507 3775 1564 audiamus

2173 1593 2304 1661 quid
2342 1602 2575 1650 resonet.
2608 1595 2725 1666 Ipse
2751 1596 2973 1667 quidem
3007 1611 3111 1652 vox
3142 1607 3250 1664 est,
3279 1597 3420 1653 sicut
3443 1597 3573 1653 dicit
3600 1598 3794 1654 lsaias

2175 1687 2438 1756 propheta
2464 1705 2477 1741 ε
2512 1686 2628 1742 Vox
2643 1688 2922 1743 clamantis
2949 1689 3005 1744 in
3024 1691 3253 1755 deserto,
3286 1686 3482 1745 Parata
3505 1691 3645 1744 viam
3662 1689 3791 1745 Do-

486 1782 655 1836 filium
683 1781 897 1852 genuit,
925 1780 1091 1836 Maria
1134 1780 1323 1855 angelo
1363 1780 1594 1836 credidit
1618 1789 1673 1835 et
1698 1779 1947 1848 concepit
1975 1779 2076 1834 ho-
2106 1849 2144 1855 _
2176 1779 2327 1844 mini,
2351 1788 2521 1835 rectas
2552 1780 2709 1851 facite
2728 1782 2943 1836 semitas
2966 1780 3105 1852 ejus.
3134 1780 3320 1837 Omnis
3345 1780 3497 1837 uallis
3524 1781 3776 1853 implebi-

486 1849 720 1939 minem;
748 1873 995 1943 concepit
1019 1849 1296 1927 Elisabeth
1331 1871 1622 1934 hominem,
1656 1869 1750 1924 sed
1779 1868 1950 1923 solum
1978 1869 2075 1924 ho-
2100 1849 2151 1909 B
2177 1877 2266 1923 tur
2304 1878 2355 1924 et
2392 1849 2560 1926 omnis
2602 1889 2753 1928 mons
2793 1882 2843 1928 et
2882 1849 3031 1928 collis
3074 1872 3479 1941 Immitiabitur,
3522 1884 3577 1930 et
3599 1849 3791 1930 erant

486 1963 716 2027 minem,
744 1961 915 2016 Maria
939 1976 1068 2016 vero
1102 1960 1277 2015 Deum
1305 1968 1360 2015 et
1396 1954 1691 2015 hominem.
1723 1958 1949 2032 Magnus
1977 1959 2076 2030 igi-

486 2058 579 2105 tur
604 2049 863 2118 Joannes,
892 2051 1045 2122 cujus
1067 2049 1425 2122 magnitudini
1452 2049 1617 2105 etiam
1647 2049 1894 2105 Salvator
1920 2050 2076 2106 testi—

488 2142 731 2198 monium
763 2143 1010 2214 perhibet
1051 2142 1237 2198 dicens
1269 2160 1281 2195 :
1329 2140 1453 2196 Non
1479 2142 1705 2196 surrexit
1750 2143 1887 2197 inter
1924 2151 2084 2198 natas

487 2232 766 2288 mulierum
792 2233 969 2303 major
1007 2233 1216 2287 Joanne
1254 2231 1494 2303 Baptista
1526 2230 1743 2301 (Matth.
1777 2231 1872 2304 xl).
1923 2232 2073 2288 Prm-

487 2322 636 2379 cellit
654 2323 799 2378 enim
818 2322 1030 2377 cunctis
1059 2331 1113 2376 et
1136 2322 1424 2388 universis,
1454 2322 1725 2377 antecedit
1758 2321 2072 2393 prophetas,

487 2413 893 2485 supergreditur
945 2415 1305 2484 patriarchas,
1351 2423 1409 2469 et
1451 2413 1696 2483 quisquis
1737 2413 1805 2469 de
1850 2413 2076 2470 muliere

487 2513 650 2561 natus
669 2514 772 2570 est,
807 2506 1032 2561 inferior
1057 2515 1139 2561 cst
1168 2503 1375 2561 Joanne
1402 2524 1414 2558 :
1441 2506 1534 2575 qui
1560 2514 1739 2561 autem
1769 2507 1833 2562 de
1856 2506 2076 2578 Virgine

487 2606 648 2654 natus
694 2606 798 2665 est,
831 2596 1005 2666 major
1045 2608 1130 2653 est
1172 2596 1291 2662 illo;
1316 2597 1458 2651 unde
1513 2597 1656 2652 idem
1700 2596 1935 2654 Joannes
1956 2599 2071 2653 ait:

489 2687 596 2754 Qui
620 2698 733 2759 post
758 2705 839 2742 me
863 2690 1018 2752 venit,
1045 2700 1163 2743 ante
1191 2704 1272 2743 me
1299 2687 1471 2757 factus
1507 2696 1607 2753 est,
1637 2688 1788 2759 cujus
1816 2705 1918 2743 non
1957 2706 2076 2744 sum

485 2779 680 2850 dignus
708 2779 905 2836 solvere
953 2780 1235 2851 corrigiam
1263 2779 1600 2835 calceamenti
1627 2778 1809 2853 (Joan.
1850 2780 1928 2851 t);
1973 2788 2029 2836 et
2058 2800 2071 2834 :

484 2870 567 2930 De
588 2872 914 2943 plenitudine
939 2872 1054 2944 ejus
1077 2889 1169 2927 nos
1195 2888 1371 2927 omnes
1397 2873 1710 2942 accepimus,
1734 2873 1958 2942 gratiam
1979 2889 2074 2944 pro

478 2963 658 3033 gratia
681 2961 869 3037 (Ibid.)
894 2979 908 3029 ;
939 2963 1066 3033 quia
1093 2977 1153 3018 se
1178 2963 1409 3033 quisque
1430 2971 1484 3018 et
1506 2978 1697 3019 omnes
1724 2964 1970 3018 homines
1990 2978 2075 3019 se-

480 3069 615 3111 cum
649 3070 814 3126 agere
840 3070 963 3111 cum
996 3056 1169 3128 gratia
1200 3055 1515 3125 conspexit,
1543 3056 1669 3112 ideo
1689 3055 1893 3111 nullum
1918 3057 2073 3127 quasi

486 3162 596 3202 non
628 3146 875 3220 egentem
901 3149 970 3203 ab
995 3148 1098 3205 hoc
1118 3163 1346 3202 numero
1371 3148 1639 3213 exclusit;
1672 3163 1737 3204 ac
1759 3149 1808 3204 si
1834 3148 2068 3204 diceret:

475 3237 598 3295 Nos
623 3254 814 3296 omnes
842 3241 1145 3311 prophetae,
1168 3239 1512 3309 patriarchre,
1531 3241 1783 3310 apostoli,
1807 3250 2073 3311 quotquot

484 3332 666 3387 sancti
693 3341 751 3386 et
777 3340 903 3388 ante
934 3331 1363 3388 incarnationem
1391 3331 1681 3400 pra-missi,
1702 3330 1786 3387 vel
1807 3331 1875 3385 ab
1898 3332 2075 3387 lucar-

484 3429 616 3478 nato
661 3420 835 3489 missi,
876 3435 1070 3477 omnes
1106 3436 1206 3477 nos
1247 3421 1316 3477 de
1356 3414 1690 3491 plenitudine
1726 3419 1842 3489 ejus
1871 3422 2077 3492 accepi-

484 3524 610 3565 mus
642 3528 656 3565 :
686 3525 787 3566 nos
805 3525 935 3567 vasa
958 3526 1167 3576 sumus,
1197 3508 1287 3564 ille
1322 3508 1444 3566 fons
1462 3520 1574 3577 est;
1602 3510 1694 3566 ille
1717 3518 1950 3574 creator.
1977 3524 2076 3567 nos

483 3608 773 3667 creatura;
803 3601 892 3658 ille
917 3601 1079 3671 Deus,
1105 3617 1204 3658 nos
1231 3602 1497 3658 homines.
1531 3602 1646 3658 Hoc
1672 3617 1821 3673 ergo,
1852 3602 2074 3668 fratres,

484 3694 808 3767 mysterium
852 3704 937 3751 est
982 3695 1037 3749 in
1068 3695 1351 3751 nativitate
1384 3694 1742 3765 praecursoris
1771 3693 1985 3749 Domini
2018 3703 2075 3748 et

486 3781 545 3837 in
573 3783 858 3839 nativitate
883 3782 1262 3855 Redemptoris
1301 3785 1494 3852 nostri,
1522 3785 1666 3855 quod
1708 3784 1764 3839 in
1795 3784 2074 3854 propheta:

484 3872 773 3929 nativitate
798 3874 1077 3930 humilitas
1107 3883 1293 3930 nostra
1323 3875 1669 3946 designatur,
1698 3876 1753 3930 in
1791 3874 2073 3930 nativitate

486 3978 706 4034 quoque
760 3963 974 4020 Domini
1027 3964 1285 4021 exaltatio
1335 3973 1543 4020 nostra.
1592 3964 1831 4020 Joannes
1887 3965 2075 4021 decre—

486 4062 673 4109 scente
698 4054 786 4110 die
831 4064 992 4111 natus
1026 4064 1130 4122 est,
1171 4054 1422 4111 Christus
1446 4070 1577 4111 vero
1603 4062 1916 4122 crescente,
1945 4056 2071 4125 quia

480 4148 705 4218 dignum
748 4147 850 4203 fuit
881 4157 941 4203 ut
969 4148 1206 4204 hominis
1245 4148 1387 4203 fama
1428 4149 1765 4203 minueretur
1804 4156 1861 4204 et
1902 4147 2073 4220 gloria

483 4235 580 4290 Dei
614 4237 966 4293 exaltaretur.
1005 4237 1119 4294 Hoc
1142 4238 1282 4293 idem
1310 4247 1366 4294 et
1392 4237 1628 4294 Joannes
1663 4239 1923 4304 sentiens,
1951 4239 2029 4294 ait
2057 4257 2069 4292 :

484 4326 575 4382 Me
619 4337 818 4399 oportet
863 4330 1060 4395 minui,
1091 4330 1242 4385 illum
1271 4342 1447 4386 autem
1478 4347 1707 4387 crescere
1741 4331 1923 4404 (Joan.
1962 4332 2069 4402 ιιι).

482 4418 642 4485 Quod
670 4419 834 4474 etiam
865 4419 919 4474 in
942 4420 1283 4490 passionibus
1310 4423 1592 4478 amborum
1627 4423 1909 4494 impletum
1938 4431 2024 4479 est
2055 4440 2071 4481 :

482 4519 545 4564 ut
574 4509 916 4566 minueretur
942 4512 1125 4577 homo,
1155 4521 1319 4582 caput
1359 4511 1582 4570 Joannis
1609 4515 1977 4581 abscinditur;
2015 4521 2075 4569 ut

481 4601 821 4657 exaltaretur
872 4602 1054 4671 Deus,
1103 4603 1353 4661 Christus
1405 4604 1459 4659 in
1512 4605 1658 4677 ligno
1702 4605 2069 4677 suspenditur.

483 4691 667 4760 Quare
702 4702 883 4747 autem
910 4695 1128 4750 beatum
1166 4693 1428 4751 Joannem
1456 4695 1715 4749 Dominus
1738 4706 1793 4750 et
1824 4694 2074 4749 Salvator

482 4790 671 4838 noster
711 4782 985 4837 lucernam
1034 4799 1156 4839 esse
1208 4784 1424 4849 dixerit,
1466 4794 1520 4839 et
1556 4799 1724 4853 quare
1773 4799 1897 4839 eum
1943 4795 2072 4840 ante

481 4874 628 4930 mitti
654 4873 886 4931 voluerit
912 4916 928 4941 ,
964 4875 1204 4932 breviter
1232 4876 1485 4932 charitati
1519 4884 1715 4931 vestra:
1758 4875 2023 4931 intimabo
2054 4894 2068 4929 :

480 4968 797 5040 praemissus
819 4978 905 5025 est
924 4971 1068 5026 enim
1098 4971 1334 5028 Joannes
1356 4972 1505 5027 velut
1530 4986 1635 5026 vox
1663 4980 1786 5027 ante
1822 4972 2071 5037 verbum,

482 5049 706 5115 fit-cerua
729 5070 854 5116 ante
875 5062 1064 5127 solem,
1094 5078 1273 5133 prteco
1295 5071 1421 5119 ante
1442 5061 1702 5131 iudicem,
1735 5078 1927 5119 servus
1948 5072 2071 5119 ante

483 5148 782 5215 dominum,
810 5151 1018 5207 amicus
1040 5160 1164 5207 ante
1198 5167 1477 5223 sponsum.
1514 5153 1582 5207 Et
1606 5153 1737 5223 quia
1755 5155 2071 5210 universum

483 5240 745 5295 mundum
793 5251 1135 5312 peccatorum
1187 5242 1425 5298 tenebrae
1472 5252 1529 5298 et
1578 5258 1685 5299 nox
1737 5246 2072 5304 inﬁdelitatis

482 5341 849 5401 oppresserat,
874 5342 929 5388 et
949 5333 1118 5389 solem
1139 5333 1365 5403 iustitiae
1386 5336 1632 5405 aspicere
1659 5351 1768 5390 non
1794 5337 2070 5405 valebant,

480 5422 676 5479 beatus
698 5422 936 5480 Joannes
964 5424 1118 5494 quasi
1150 5424 1368 5479 lucerna
1396 5426 1762 5494 praemittitur,
1792 5436 1847 5483 ut
1887 5430 2068 5485 cordis

483 5516 649 5581 oculi,
682 5516 796 5587 qui,
827 5514 1144 5586 lippitudine
1174 5516 1475 5585 iniquitatis
1507 5520 1772 5589 oppressi,
1811 5536 2069 5593 magnum

482 5618 538 5662 et
562 5624 753 5663 verum
784 5607 965 5663 lumen
993 5608 1178 5663 videre
1210 5624 1317 5662 non
1343 5618 1625 5680 poterant,
1662 5613 1729 5666 ad
1766 5609 1947 5667 lumen
1980 5613 2064 5666 lu—

484 5712 660 5753 cernae
685 5698 921 5766 primum
944 5697 1100 5767 quasi
1125 5706 1341 5754 tenuem
1369 5700 1707 5771 splendorem
1728 5703 1913 5759 videre
1939 5718 2066 5759 con-

485 5798 821 5858 suescerent,
861 5798 919 5846 et
955 5790 1215 5859 paulatim
1247 5802 1592 5864 peccatorum
1621 5793 1805 5849 nubilo
1834 5803 2063 5861 remoto,

2101 3199 2145 3261 C

2174 1977 2338 2030 prava
2378 1961 2436 2016 in
2463 1963 2661 2018 directa
2684 2006 2700 2031 ,
2731 1972 2781 2019 et
2809 1981 3000 2036 aspera
3026 1965 3083 2019 in
3107 1965 3217 2020 uias
3243 1964 3432 2033 planas
3450 2004 3466 2031 ,
3501 1974 3549 2019 et
3584 1965 3781 2020 vidth

2177 2050 2346 2107 omnis
2374 2068 2499 2108 caro
2520 2052 2754 2110 salutare
2782 2054 2876 2111 Dei
2906 2054 3043 2111 Usa.
3070 2055 3185 2126 ιιι).
3224 2054 3601 2125 Praeparemns
3627 2070 3777 2126 quo-

2177 2158 2281 2213 quc
2308 2151 2364 2198 et
2392 2159 2491 2199 nos
2528 2146 2672 2200 viam
2712 2147 2939 2203 Domino
2976 2154 3212 2203 venturo
3254 2146 3322 2202 ad
3360 2147 3523 2203 corda
3557 2157 3777 2215 nostra,

2176 2232 2429 2290 tollamus
2449 2235 2775 2292 oti'ensiones
2795 2246 3139 2308 peccatorum
3166 2253 3266 2310 per
3291 2238 3691 2295 confessionem
3716 2248 3778 2294 et

2176 2324 2575 2394 pmnitentiam,
2601 2335 2780 2385 rectas
2805 2328 3067 2385 faciamus
3091 2328 3318 2385 semitas
3339 2330 3795 2386 conversationis.

2175 2424 2397 2482 nostrae,
2425 2433 2545 2488 quae
2569 2419 2721 2489 prius
2748 2434 2929 2490 pravae
2955 2430 3010 2477 et
3042 2429 3299 2477 tortuosae
3327 2431 3520 2488 erant;
3549 2429 3771 2478 stoma-

2176 2519 2298 2562 mus
2325 2506 2471 2561 viam
2501 2523 2646 2563 verae
2673 2508 2795 2563 fidei
2837 2510 2996 2566 bonis
3023 2511 3309 2581 cperibus,
3346 2510 3651 2582 deponatur
3675 2526 3772 2567 su-

2175 2596 2371 2665 perbia
2392 2598 2683 2663 mundana,
2717 2607 2771 2654 et
2797 2599 3043 2655 elevetur
3067 2600 3482 2669 pusillanimitas
3511 2599 3778 2657 formido-

2177 2687 2290 2744 losa
2320 2707 2331 2743 :
2377 2690 2564 2762 sicque
2602 2691 2940 2763 compositis,
2973 2691 3259 2757 ordinatis,
3294 2692 3523 2762 aequatis
3559 2700 3615 2747 et
3644 2706 3777 2748 coa-

2176 2782 2393 2840 dunatis
2419 2784 2692 2852 omnibus,
2726 2786 3028 2842 videbimus
3055 2785 3294 2841 salutare
3319 2785 3415 2841 Dei
3451 2785 3607 2859 sicuti
3636 2793 3724 2840 est
3752 2803 3768 2839 :

2175 2873 2303 2943 quia
2332 2875 2386 2928 in
2414 2891 2542 2945 pace
2572 2875 2746 2945 [actus
2773 2883 2849 2929 est
2885 2873 3032 2929 locus
3058 2875 3195 2945 ejus,
3222 2883 3270 2928 et
3292 2874 3548 2929 habitatio
3569 2874 3687 2945 ejus
3710 2873 3772 2930 in

2177 2966 2306 3022 Sion
2337 2966 2508 3040 (Psal.
2540 2967 2735 3039 Lxxv),
2773 2967 2927 3037 cujus
2966 2967 3174 3023 visione
3204 2974 3466 3038 perpetua
3504 2980 3604 3021 nos
3639 2981 3783 3037 per-

2177 3060 2283 3115 frui
2307 3102 2322 3126 ,
2356 3058 2709 3131 praecursoris
2741 3059 2821 3114 sui
2849 3058 3100 3128 precibus
3121 3067 3408 3125 exoratus,
3436 3059 3552 3128 ipse
3575 3071 3784 3113 conce-

2178 3151 2304 3215 dat,
2338 3151 2432 3223 qui
2462 3149 2531 3204 ob
2559 3149 2662 3205 hoc
2695 3147 2764 3203 de
2803 3148 2959 3204 ctelis
2987 3148 3340 3204 descenderat
3360 3187 3376 3211 ,
3410 3154 3469 3202 et
3494 3146 3561 3202 de
3594 3154 3787 3202 morte

2179 3243 2554 3312 triumphans,
2572 3257 2790 3296 sursum
2821 3241 3155 3304 ascenderat,
3188 3238 3347 3295 Jesus
3366 3237 3617 3295 Christus
3647 3237 3777 3296 Sal-

2178 3344 2330 3391 vator
2359 3343 2562 3401 noster,
2589 3334 2682 3405 qui
2707 3348 2833 3389 cum
2855 3332 3018 3388 Patre
3041 3338 3097 3387 et
3123 3331 3326 3403 Spiritu
3354 3340 3543 3388 sancto
3562 3331 3697 3388 vivit
3714 3338 3779 3389 et

2176 3433 2366 3497 regnat
2398 3425 2559 3491 Deus,
2589 3438 2687 3495 per
2714 3423 2895 3478 omnia
2924 3419 3121 3478 saecula
3148 3421 3488 3478 saeculorum.
3516 3420 3727 3478 Amen.

2704 3554 2989 3613 HOMILIA
3022 3554 3237 3611 XXVII.

2176 3688 2231 3728 IN
2269 3687 2467 3727 NA'I’ALI
2503 3683 2824 3726 SANCTOBUI
2862 3681 3251 3727 Ανοετοιοιιωι
3280 3682 3441 3723 PE“!
3476 3680 3549 3723 ΕΤ
3587 3681 3767 3723 PAULI.

2248 3786 2441 3851 Hodie,
2480 3784 2679 3840 fratres
2709 3782 3017 3839 charissimi
3043 3821 3057 3849 ,
3092 3782 3532 3838 beatissimorum
3552 3789 3779 3852 aposto-

2176 3880 2350 3935 lorum
2375 3877 2522 3933 Petri
2550 3884 2603 3933 et
2626 3875 2779 3931 Pauli
2804 3876 3002 3931 natalis
3025 3875 3143 3931 dies
3173 3882 3261 3931 est
3283 3875 3337 3930 in
3360 3883 3474 3930 toto
3506 3875 3638 3930 orbe
3666 3889 3770 3929 no-

2179 3971 2418 4027 tissimus
2446 3987 2459 4023 :
2496 3969 2550 4023 in
2578 3984 2683 4040 qua
2711 3968 2856 4023 enim
2882 3976 3036 4038 parte
3060 3966 3209 4023 orbis
3228 3966 3401 4022 latere
3421 3967 3598 4038 potuit
3619 3974 3779 4021 tanta.

2177 4061 2411 4125 devotio,
2445 4075 2569 4115 cum
2599 4058 2892 4114 virtutibus
2922 4056 3244 4113 testantibus
3270 4056 3470 4127 ubique
3505 4057 3771 4127 praedica-

2180 4160 2267 4206 tur
2294 4165 2479 4206 eorum
2502 4149 2685 4221 gloria:
2717 4147 3063 4219 magnitudo?
3092 4146 3149 4201 Si
3184 4146 3400 4217 quidem
3428 4160 3553 4201 cum
3581 4146 3647 4202 de
3684 4146 3773 4202 his

2176 4241 2322 4296 dicat
2355 4239 2524 4295 David
2551 4239 2815 4309 propheta
2842 4252 2856 4291 :
2891 4236 2957 4290 In
2986 4251 3189 4291 omnem
3212 4245 3407 4291 terram
3421 4236 3579 4291 exiuit
3605 4253 3771 4292 conus

2175 4350 2375 4399 eorum,
2424 4342 2471 4387 et
2512 4332 2567 4386 in
2614 4331 2747 4401 ﬁnes
2798 4329 2938 4384 orbis
2981 4339 3137 4382 terra:
3174 4326 3328 4382 verba
3369 4343 3549 4381 eorum
3590 4326 3767 4400 (Paul.

2177 4424 2356 4497 xvnt).
2402 4424 2460 4480 In
2507 4438 2724 4479 omnem
2773 4430 2975 4477 terram
3030 4417 3354 4474 mirabilium
3404 4417 3555 4474 Petri
3594 4419 3777 4476 virtus

2179 4515 2533 4571 annuntiatur
2560 4534 2572 4570 :
2604 4524 2659 4569 et
2698 4514 2752 4568 in
2784 4512 2918 4566 ﬁnes
2954 4511 3105 4566 orbis
3137 4518 3295 4565 terra:
3321 4508 3574 4580 Epistula!
3610 4507 3769 4565 Pauli

2178 4615 2550 4680 penetrarunt.
2580 4606 2712 4674 Quis
2755 4607 2898 4662 enim
2944 4621 3052 4661 non
3101 4603 3306 4660 audivit
3343 4603 3488 4673 quod
3528 4602 3771 4674 primum

2178 4702 2369 4757 beatus
2419 4699 2613 4755 Petrus
2648 4697 2925 4769 apostolus
2952 4695 3160 4751 sedenti
3191 4695 3260 4749 ad
3303 4702 3518 4765 portam
3557 4695 3770 4765 specio-

2179 4807 2295 4846 sam
2329 4790 2514 4859 templi
2558 4789 2749 4844 claudo
2785 4804 2851 4843 ex
2879 4796 3071 4842 ventre
3119 4785 3311 4840 matris
3350 4800 3461 4840 sua:
3485 4784 3613 4840 olim
3648 4785 3768 4857 jam

2179 4883 2342 4939 debili
2361 4883 2557 4954 pedum
2581 4896 2800 4938 suorum
2822 4879 3120 4935 restituerit
3151 4876 3462 4932 ﬁrmitatem
3491 4876 3629 4947 (Act.
3656 4875 3767 4948 tu),

2179 4976 2405 5046 utquod
2445 4984 2637 5030 natura
2673 4975 2853 5029 minus
2881 4971 3228 5035 ‘eontulcrat,
3270 4969 3565 5040 apostolica
3592 4970 3766 5040 gratia

2173 5065 2491 5135 repararet?
2538 5065 2647 5118 Aut
2691 5063 2813 5133 quis
2857 5062 3007 5117 locus
3047 5075 3243 5131 expers
3278 5068 3361 5114 est
3400 5057 3765 5129 Epistolarum

2175 5157 2361 5213 Pauli?
2391 5158 2482 5212 ubi
2512 5155 2669 5210 verba
2698 5153 2924 5225 apostoli
2944 5151 3092 5206 Pauli
3122 5165 3229 5206 non
3256 5149 3540 5221 leguntur?
3560 5157 3614 5204 et
3641 5149 3775 5220 quis

2175 5247 2414 5302 fidelium
2437 5261 2543 5301 non
2573 5260 2636 5299 ea
2665 5244 2858 5298 litteris
2884 5242 3181 5312 inscripsit,
3209 5241 3373 5296 corde
3394 5240 3609 5303 retinet,
3636 5254 3767 5295 con-

2176 5339 2484 5393 versatione
2513 5335 2788 5392 custodit?
2833 5335 2923 5404 qui
2963 5333 3164 5389 Paulus
3198 5349 3230 5387 a
3260 5331 3490 5387 Domino
3522 5345 3619 5385 vas
3654 5331 3773 5386 cle-

2176 5430 2373 5485 ctionis
2417 5436 2501 5485 est
2537 5427 2847 5483 nominatus
2879 5442 2894 5481 :
2927 5426 3125 5481 bonum
3152 5439 3282 5492 vas,
3312 5424 3367 5479 in
3396 5437 3503 5493 quo
3538 5422 3763 5492 pretiosi

2178 5522 2554 5578 mandatorum
2606 5519 2810 5578 Christi
2868 5519 3109 5575 thesauri
3163 5516 3506 5581 conduntur;
3562 5514 3763 5569 bonum

2177 5615 2364 5684 utique
2392 5628 2506 5678 vas,
2544 5612 2611 5668 de
2640 5611 2793 5681 cujus
2823 5609 3154 5681 plenitudine
3178 5606 3481 5664 substantia
3509 5605 3633 5659 vitae
3663 5619 3763 5674 po-

2175 5706 2315 5776 pulis
2344 5720 2557 5776 semper
2580 5712 2850 5776 erogatur,
2877 5711 2932 5757 et
2959 5702 3175 5773 plenum
3206 5709 3306 5755 est.
3350 5697 3512 5768 Ergo,
3543 5694 3759 5760 fratres,

2163 5796 2436 5853 ‘Dominus
2464 5794 2712 5852 Christus
2736 5793 2931 5851 merito
2956 5792 3055 5846 hos
3083 5789 3216 5846 duos
3245 5785 3515 5859 apostolos
3536 5786 3589 5839 in
3611 5793 3759 5841 coetu
