4036 6370
326 392 418 449 55-

1194 434 1201 442 .
1238 378 1540 437 nonius:
1578 378 1667 436 DE
1703 376 1943 434 rasus
1976 343 2384 444 ramexrvis,
2423 376 2572 434 ere.

329 511 638 562 sanctorum
671 511 888 552 suorum
915 493 1155 550 eminere
1183 492 1311 549 fecit
1332 533 1349 559 ,
1387 509 1523 563 quos
1563 507 1669 547 suo.
1690 490 1894 561 judicio
1923 492 1968 552 Α
1996 503 2095 544 nos
2122 490 2378 547 habemus
2397 529 2412 555 ,
2442 489 2626 559 quales
2655 489 2816 544 duces
2842 486 3121 561 religionis
3137 501 3351 557 nostrae,
3376 494 3589 563 quales.

330 593 383 646 iu
414 598 616 645 tantam
645 584 865 657 gloriam
891 582 1162 639 exaltavit.
1195 581 1328 637 Nam
1359 583 1546 647 Petro,
1578 582 1719 637 sicut
1752 579 1893 635 bono

328 679 712 752 dispensatori;
757 676 960 732 clavem
1002 675 1151 743 regni
1199 674 1435 731 etelestis
1475 671 1657 738 dedit;
1705 671 1890 735 Paulo,

331 782 590 841 tanquam
636 768 830 823 idoneo
866 765 1071 820 doctori
1112 764 1475 834 magisterium
1518 763 1894 819 ecclesiasticae

329 859 683 918 institutionis
710 856 941 925 iniunxit
977 874 990 911 :
1037 857 1240 912 scilicet
1267 863 1325 910 ut
1352 872 1487 926 quos
1512 855 1613 911 iste
1638 854 1896 910 erudierit

328 953 395 1006 ad
428 951 679 1015 salutem,
719 947 809 1003 ille
848 946 1105 1017 suscipiat
1144 946 1212 1000 ad
1250 945 1521 1015 quietem;
1562 951 1622 998 ut
1666 957 1894 1014 quorum

325 1026 491 1098 corda
518 1039 714 1096 Paulus
741 1036 1066 1108 patefaceret
1091 1035 1651 1092 doetriuaverborum
1667 1073 1681 1098 ,
1705 1046 1893 1088 eorum

326 1129 608 1184 animabus
626 1128 822 1183 Petrus
851 1127 1059 1197 aperiat
1076 1141 1236 1196 regna
1264 1124 1539 1181 cmlorum.
1566 1122 1748 1192 Itaque
1769 1121 1897 1175 bea-

328 1231 416 1274 tus
443 1220 633 1274 Petrus
655 1227 712 1274 et
728 1217 925 1273 Paulus
946 1217 1184 1272 eminent
1210 1215 1350 1270 inter
1373 1215 1653 1271 universos
1680 1218 1895 1281 aposto-

327 1310 437 1371 los,
478 1319 535 1363 et
578 1308 839 1379 peculiari
887 1307 1118 1377 quadam
1169 1306 1521 1376 praerogativa
1561 1302 1889 1374 praecellunt.

329 1400 525 1454 Verum
545 1399 685 1455 inter
709 1399 855 1470 ipsos
880 1398 1000 1468 quis
1021 1398 1106 1451 cui
1133 1405 1471 1468 praeponatur
1497 1396 1764 1451 incertum
1788 1400 1889 1447 est.

324 1491 464 1546 Puto
496 1490 639 1545 enim
688 1488 808 1543 illos
850 1487 1083 1557 aequales
1109 1502 1228 1542 esse
1258 1487 1485 1550 meritis,
1530 1485 1623 1554 qui
1663 1484 1894 1553 aequales

322 1591 452 1638 sunt
480 1583 756 1653 passione;
786 1588 844 1636 et
882 1580 1046 1636 simili
1077 1595 1172 1635 eos
1200 1578 1320 1634 ﬁdei
1355 1578 1639 1633 devotione
1670 1577 1891 1641 vixisse,

312 1689 464 1743 quos
493 1672 654 1728 simul
675 1671 918 1728 videmus
943 1671 1011 1729 ad
1038 1670 1283 1741 martyrii
1308 1669 1530 1740 gloriam
1558 1667 1886 1738 pervenisse.

324 1765 442 1820 Non
467 1764 612 1819 enim
642 1765 759 1820 sine
783 1778 943 1823 causa
968 1762 1167 1819 factum
1191 1770 1437 1831 putemus
1464 1761 1609 1830 quod
1647 1775 1759 1814 una
1780 1759 1887 1821 die,

1995 578 2265 648 adjutores
2292 580 2472 651 gaudii
2500 579 2693 635 nostri.
2722 579 2787 633 Et
2822 580 2943 635 ideo
2977 580 3400 651 quotiescunque
3430 597 3561 638 san-

1992 675 2203 723 ctorum
2236 667 2595 737 apostolorum
2633 667 2745 723 sive
2792 674 3088 737 martyrum
3114 666 3313 723 Christi
3358 684 3563 725 memo-

1994 756 2130 813 riam
2156 756 2508 820 cclebramus,
2537 756 2912 827 prmtermissis
2934 757 3387 812 omuibussazculi
3422 759 3559 814 acti—
3582 796 3593 801 ον

1993 846 2116 911 bus,
2141 846 2258 901 sine
2293 846 2469 916 aliqua
2505 846 2759 901 dilatione
2804 862 3209 903 concurramus.
3255 846 3578 904 Reddamus-

1992 935 2096 991 illis
2126 935 2610 1001 honoriﬁcentiam,
2633 938 2724 1006 qui
2756 937 2907 992 nobis
2932 936 3154 991 salutem
3184 953 3280 1007 pro
3300 936 3586 1001 effusione

1992 1026 2076 1080 sui
2100 1026 2372 1096 sanguinis
2403 1035 2744 1096 pepererunt,
2776 1027 2867 1097 qui
2897 1036 3151 1096 tanquam
3182 1036 3450 1083 sacratam
3472 1029 3553 1085 ho

1991 1116 2152 1171 stiam
2172 1131 2270 1187 pro
2290 1125 2473 1171 nostra
2496 1116 2869 1186 propitiatione
2891 1133 2947 1172 se
2973 1116 3202 1173 Domino
3229 1117 3561 1186 obtulerunt,

1990 1209 2287 1278 praesertim
2337 1224 2459 1264 cum
2489 1209 2633 1264 dicat
2678 1210 2745 1265 ad
2791 1216 3008 1265 sanctos
3059 1212 3565 1281 suosomnipotens

1992 1299 2163 1354 Deus:
2191 1298 2293 1364 Qui
2315 1316 2399 1354 vos
2419 1301 2673 1366 honorat,
2687 1319 2766 1355 me
2784 1302 3040 1367 honorat;
3066 1313 3116 1357 et
3135 1303 3232 1373 qui.
3246 1320 3332 1357 uos
3345 1305 3560 1372 spernit,
3596 1354 3605 1359 -

1991 1407 2072 1445 me
2090 1392 2284 1460 spernit
2311 1391 2460 1463 (Luc.
2490 1390 2567 1458 χ).
2593 1392 2927 1448 Honoremus
2956 1394 3454 1464 sanctosgapostolos
3483 1404 3566 1449 at-'

1992 1494 2096 1549 que
2118 1462 2380 1551 martyres
2395 1479 2591 1535 Christi
2615 1483 2760 1536 cuitu
2782 1482 2980 1538 celebri
3005 1501 3017 1537 :
3047 1462 3374 1540 honoremus
3394 1484 3565 1539 laudi-

1991 1572 2113 1635 bus,
2126 1572 2452 1627 houoremus
2472 1573 2773 1639 devotione,
2792 1572 3119 1629 honoremus
3146 1583 3201 1629 et
3226 1574 3525 1629 imitatione
3546 1590 3561 1639 ;

1989 1669 2045 1716 et
2081 1662 2159 1717 sic
2193 1678 2291 1732 per
2326 1678 2512 1719 eorum
2549 1664 2845 1719 orationem
2880 1665 3252 1734 perveniemus
3290 1666 3359 1720 ad
3384 1664 3587 1736 gaudii»

1991 1756 2228 1825 ipsorum
2268 1763 2581 1826 perpetuam
2611 1757 2956 1822 societatem;
2988 1766 3274 1827 praestante
3308 1758 3413 1812 hoc
3463 1772 3568 1810 au-

321 1871 432 1908 uno
466 1854 521 1908 in
559 1853 698 1916 loco,
744 1853 901 1909 unius
953 1853 1164 1923 tyranni
1206 1850 1501 1906 toleravere
1549 1850 1895 1905 sententiam.
1922 1829 1966 1889 Β
1993 1854 2140 1902 ctore
2168 1856 2222 1900 et
2246 1846 2500 1917 largitore
2521 1847 2759 1901 omnium
2783 1846 3047 1902 bonorum
3076 1846 3304 1903 Domino
3327 1886 3342 1912 ,
3371 1832 3569 1901 videtin

322 1944 444 2001 Uno
471 1943 556 1999 die
584 1943 726 2013 passi
765 1952 911 2008 sunt,
934 1951 994 1997 ut
1022 1942 1090 1997 ad
1118 1941 1391 1996 Christum
1422 1940 1625 2008 pariter
1646 1938 1894 2008 perveni-

322 2040 478 2098 rent;
506 2048 612 2087 uuo
640 2032 695 2085 in
719 2032 964 2096 loco,,ne
993 2030 1146 2084 alteri
1175 2028 1620 2092 Romadeesset;
1657 2026 1757 2081 sub
1784 2040 1902 2080 uno.

319 2132 696 2195 persecutore,
736 2130 797 2176 ut
842 2121 1064 2190 aequalis
1095 2118 1387 2174 crudelitas
1433 2126 1719 2186 utrumque
1766 2129 1897 2169 con-

320 2213 611 2284 stringeret
640 2230 653 2266 :
689 2212 805 2267 dies
847 2226 977 2282 ergo
1012 2224 1111 2279 pro
1135 2208 1330 2264 merito
1353 2248 1369 2272 ,
1400 2206 1549 2262 locus
1571 2220 1669 2276 pro
1695 2204 1895 2277 gloria,

322 2310 632 2372 persecutor
684 2300 932 2355 decretus
991 2306 1077 2354 est
1124 2314 1223 2368 pro
1259 2297 1478 2352 virtute.
1545 2294 1615 2349 Et
1673 2295 1727 2349 in
1787 2309 1927 2364 quos

324 2393 537 2448 tandem
590 2392 708 2449 loco
752 2391 1065 2462 martyrium
1104 2390 1474 2460 pertulerunt?
1522 2388 1581 2443 ln
1628 2388 1761 2443 urbe
1789 2387 1897 2443 Ro-

317 2500 512 2549 mana,
560 2500 679 2553 quae
725 2483 1086 2554 principatum
1139 2492 1193 2538 et
1240 2491 1405 2552 caput
1448 2482 1655 2538 obtinet
1711 2481 1893 2538 natio-

318 2589 450 2627 num
500 2591 514 2626 :
559 2572 779 2628 scilicet.
817 2580 882 2626 ut
928 2572 1020 2627 ubi
1069 2580 1229 2641 caput
1282 2572 1684 2640 superstitionis
1736 2580 1893 2636 erat,

320 2666 433 2721 illic
459 2672 617 2734 caput
652 2664 961 2733 quiesceret
993 2663 1295 2718 sanctitatis
1323 2680 1338 2727 ;
1392 2670 1447 2717 et
1485 2663 1575 2717 ubi
1615 2661 1893 2734 gentilium

317 2756 593 2828 principes
650 2754 990 2819 habitarent,
1054 2754 1166 2808 illic
1215 2753 1571 2809 Ecclesiarum
1622 2752 1894 2822 principes

324 2855 681 2902 morarentur.
718 2843 884 2915 Cujus
919 2853 1096 2901 autem
1129 2845 1303 2899 meriti
1332 2844 1442 2900 sint
1468 2843 1762 2899 beatissimi
1791 2841 1894 2897 Pc-

330 2943 451 2987 trus
497 2941 551 2987 et
591 2932 822 3000 Paulus,
883 2935 1025 2990 hinc
1059 2948 1343 3005 possumus
1401 2933 1700 3003 intelligere
1751 2933 1894 3002 quod

329 3022 586 3077 Dominus
637 3022 865 3079 Orientis
926 3025 1200 3096 regionem
1266 3026 1480 3096 propria
1546 3022 1894 3079 illustraverit

278 3176 281 3179 Α
317 3115 609 3185 passione;
668 3114 989 3183 Occidentis,
1031 3133 1098 3173 ne
1144 3118 1273 3186 quid
1316 3117 1496 3172 minus
1549 3126 1724 3179 esset,
1778 3117 1894 3171 vice

318 3204 425 3266 aii.
466 3207 827 3275 apostolorum
859 3208 1117 3277 sanguine
1152 3208 1456 3263 illuminare
1489 3208 1738 3278 dignatus
1775 3214 1891 3273 est;
1922 3188 1967 3251 (ἶ

315 3304 376 3347 ct
437 3295 558 3351 licet
607 3296 749 3351 illius
791 3299 968 3366 passio
1021 3298 1174 3353 nobis
1222 3296 1450 3352 suﬁiciat
1514 3299 1582 3352 ad
1636 3297 1894 3362 salutem,

319 3396 503 3441 tamen
553 3395 609 3442 et
655 3389 935 3443 amborum
989 3389 1307 3459 martyrium
1357 3389 1510 3444 nobis
1560 3387 1790 3442 contulit
1832 3387 1900 3441 ad

314 3479 647 3549 exemplum.
695 3480 962 3536 Hodierna
1003 3482 1087 3537 die
1130 3481 1292 3550 igitur
1329 3482 1472 3536 beati
1517 3478 1741 3551 apostoli
1772 3496 1898 3536 san-

317 3568 538 3636 guinem
568 3569 947 3638 profuderunt;
981 3572 1075 3627 sed
1117 3572 1392 3627 videamus
1421 3586 1638 3627 causam
1669 3587 1768 3627 cur
1794 3571 1897 3626 ista

318 3659 563 3727 perpessi
593 3668 740 3726 sunt,
771 3660 978 3716 scilicet
1012 3663 1153 3732 quod
1182 3663 1323 3717 inter
1366 3671 1562 3717 caetera
1607 3662 1896 3727 mirabilia,

318 3748 488 3802 etiam
528 3764 741 3819 magum
789 3750 937 3805 illum
982 3751 1257 3808 Simonem
1299 3753 1633 3809 orationibus
1673 3754 1786 3808 suis
1830 3752 1898 3809 de

317 3837 468 3891 aeris
529 3854 699 3893 vacuo
768 3840 1028 3910 praecipiti
1088 3841 1242 3895 ruina
1301 3842 1709 3912 prostraverint.
1763 3841 1899 3896 Cum

319 3928 468 3983 enim
520 3929 659 3985 idem
712 3929 894 3986 Simon
941 3948 1000 3987 se
1046 3932 1316 3987 Christum
1368 3934 1607 3997 diceret,
1671 3940 1726 3986 et
1786 3940 1901 3985 tan-

321 4033 487 4088 quam
538 4018 704 4073 ﬁlium
736 4019 801 4074 ad
843 4032 1046 4091 patrem
1087 4031 1353 4077 assereret
1380 4022 1610 4077 volando
1646 4036 1703 4075 se
1742 4035 1903 4091 posse

319 4111 711 4175 conscendere,
739 4120 902 4181 atque
931 4113 1103 4169 elatus
1125 4116 1301 4170 subito
1327 4114 1553 4184 magicis
1576 4114 1782 4169 artibus
1808 4129 1907 4168 vo-

321 4200 442 4255 lare
495 4202 774 4271 cmpisset,
826 4214 951 4259 tunc
996 4205 1188 4260 Petrus
1226 4207 1348 4262 lixis
1385 4208 1609 4277 genibus
1652 4212 1925 4275 precatus.

321 4299 414 4344 est
452 4291 855 4357 Dominum,.et
893 4295 1202 4363 precatione
1247 4305 1433 4352 sancta
1465 4296 1593 4351 vicit
1632 4295 1898 4362 magicam

321 4380 644 4436 lenitatem:
699 4384 1054 4452 priusctiam
1100 4387 1342 4442 ascendit
1382 4389 1451 4443 ad
1498 4388 1667 4442 Deum
1724 4386 1923 4442 oratiov

322 4488 489 4542 quam
519 4473 758 4537 volatus,
799 4482 853 4528 et
897 4484 1022 4539 ante
1055 4478 1297 4547 pervenit
1328 4477 1476 4547 justa
1513 4478 1703 4547 petitio
1737 4493 1899 4547 quam

268 4624 271 4627 _
322 4560 513 4630 iniqua
544 4564 915 4632 prtesumptio;
959 4576 1107 4630 ante,
1140 4565 1381 4635 inquam,
1409 4566 1622 4631 Petrus,
1657 4566 1711 4619 in
1744 4568 1903 4622 terris

321 4653 556 4722 positus,
578 4653 810 4709 obtinuit
825 4658 964 4723 quod
986 4657 1385 4726 petebat,quam
1400 4658 1583 4712 Simon
1599 4658 1918 4728 perveniret.

324 4740 397 4798 ad
423 4743 660 4798 cmlestia
689 4761 795 4814 quo
826 4749 1074 4803 tendebat
1102 4766 1115 4802 :
1143 4749 1303 4804 altius
1343 4750 1585 4805 ascendit
1630 4748 1907 4804 humilitas

324 4850 493 4903 quam
515 4836 795 4904 superbia;
825 4837 1053 4893 validius
1086 4839 1273 4893 intima
1310 4838 1572 4894 caelorum
1600 4839 1917 4908 penetravit.

325 4923 575 4978 cbaritas
601 4940 760 4993 quam
797 4935 1216 4996 praesumptuosa
1250 4927 1522 4997 iniquitas.
1561 4927 1760 4982 Deinde
1789 4927 1909 4996 ipsa.

326 5007 537 5075 passio,
568 5007 693 5063 licet
722 5010 932 5066 diversa
961 5012 1013 5064 in
1050 5012 1274 5083 singulis
1315 5012 1523 5077 fuerit,
1571 5022 1747 5069 tamen
1784 5013 1902 5082 pari

327 5096 535 5152 referta
584 5106 674 5155 est
715 5102 903 5170 gratiae
953 5105 1255 5159 sanctitate.
1312 5104 1448 5159 Nam
1498 5105 1689 5159 Petrus
1728 5106 1907 5161 crucis

328 5188 475 5243 sicut
528 5186 775 5245 Salvator
814 5192 1036 5247 exitium
1077 5194 1227 5261 tulit,
1258 5205 1311 5249 et
1350 5194 1639 5250 Dominicm
1668 5195 1907 5250 devotio-

330 5281 420 5335 nis
450 5280 834 5347 similitudine,
864 5298 963 5338 nee
993 5291 1165 5338 morte
1193 5285 1445 5355 deceptus
1469 5294 1581 5350 est,
1610 5285 1817 5340 scilicet
1846 5293 1907 5340 ut

331 5385 497 5439 quem
522 5370 835 5427 imitabatur
862 5372 986 5438 ﬁde,
1011 5374 1313 5428 imitaretur
1336 5383 1392 5429 et
1410 5375 1679 5445 passione.
1706 5372 1907 5428 Paulus

334 5476 465 5514 vero
492 5463 667 5530 capite
693 5476 862 5516 caesus
885 5471 987 5529 est,
1018 5463 1143 5532 quia
1173 5465 1420 5533 gentibus
1445 5473 1608 5534 caput
1636 5462 1759 5517 ﬁdei
1788 5477 1908 5518 esse

333 5552 690 5620 probabatur,
729 5561 782 5607 et
807 5562 864 5608 ut
888 5556 1195 5610 ostenderet
1217 5554 1463 5611 ﬁdelibus
1489 5571 1587 5626 per
1615 5555 1910 5611 truncatio—

338 5657 459 5695 nem
498 5643 693 5711 capitis
734 5652 894 5715 caput
937 5661 1123 5702 verum
1148 5688 1162 5712 ,
1194 5646 1334 5718 quod
1372 5656 1456 5703 est
1488 5646 1765 5713 Christus,
1800 5662 1910 5704 non

336 5746 494 5802 posse
513 5733 620 5789 ullo
649 5736 807 5791 modo
832 5737 1028 5794 divelli.
1056 5738 1215 5807 Ecce,
1245 5741 1458 5807 fratres,
1480 5746 1709 5810 quantos
1726 5747 1910 5809 patro-

1994 1951 2080 1994 cet
2111 1938 2239 1995 Jesu
2266 1939 2498 2005 Christo,
2525 1940 2617 2009 qui
2643 1955 2770 1994 cum
2791 1940 2952 1996 Patre
2977 1941 3109 1996 vivit
3129 1948 3183 1996 et
3214 1949 3403 2012 regnat
3424 1940 3601 1996 Deus»

1994 2031 2048 2085 in
2077 2031 2280 2085 unitate
2305 2030 2538 2100 Spiritus
2563 2033 2768 2097 sancti,
2795 2047 2894 2102 per
2915 2031 3319 2087 omniasaecula
3340 2030 3586 2088 saeculo».

1994 2135 2138 2176 rtun.
2168 2120 2356 2175 Arnen.

2498 2213 2781 2270 HOMILIA
2820 2214 3055 2272 XXVIII.

2394 2323 2447 2363 1N
2487 2323 2683 2364 NATALI
2722 2321 2938 2362 SANCTE
2980 2322 3182 2362 MANE.

2064 2397 2231 2454 Adest
2260 2399 2415 2455 nobis
2435 2440 2449 2463 ,
2489 2384 2820 2453 dilectissimi
2843 2436 2856 2460 ,
2895 2404 3112 2465 optatus
3154 2395 3269 2451 dies
3295 2395 3469 2450 beatae
3502 2407 3591 2448 ac»

1992 2489 2313 2543 venerabilis
2342 2504 2554 2559 semper
2574 2487 2794 2558 virginis
2816 2484 2996 2540 Mariae
3023 2506 3034 2539 :
3066 2485 3184 2540 ideo
3208 2500 3330 2540 cum
3362 2497 3568 2539 smmua

1992 2579 2349 2634 exsultatione
2384 2580 2615 2650 gaudeat
2645 2587 2786 2632 terra
2822 2587 3005 2633 nostra
3049 2585 3210 2631 tanta:
3240 2575 3462 2644 virginis
3505 2573 3569 2627 il-

1993 2669 2217 2726 lustrata
2247 2671 2548 2734 uativitatc,
2574 2679 2630 2725 et
2655 2684 2752 2739 per
2779 2668 2932 2737 cujus
2958 2668 3436 2737 partum'mutatur
3469 2682 3571 2719 na-

1994 2770 2113 2815 tura
2140 2760 2454 2831 plastorum,
2481 2775 2587 2830 qua
2609 2759 2816 2814 deletur
2848 2767 2903 2814 et
2930 2758 3084 2828 culpa
3114 2776 3125 2810 :
3156 2756 3379 2826 praecisa
3412 2753 3572 2825 [prac—

1992 2850 2187 2922 cisum]
2226 2858 2309 2906 est
2345 2865 2577 2918 namque
2612 2849 2665 2903 in
2711 2864 2774 2904 ea
2813 2848 2949 2902 illud
3003 2847 3198 2903 divinae
3236 2843 3587 2899 infelicitatis.

1991 2940 2219 3012 elogium
2258 2942 2398 3009 quod
2445 2939 2631 2994 dicit:
2668 2938 2750 2992 In-
2782 2939 2995 2992 tristitia
3032 2936 3204 3007 paries
3233 2934 3400 3005 ﬁlios,
3447 2933 3575 3001 quia

1993 3037 2094 3093 ista
2134 3037 2187 3091 in
2234 3037 2417 3091 hetitia
2448 3035 2729 3090 Dominum
2759 3032 3063 3104 parturivit.
3096 3030 3209 3085 Eva
3242 3028 3383 3083 enim
3417 3026 3589 3088 luxit,

2001 3130 2101 3184 ista
2133 3127 2453 3190 exsultavit;
2495 3125 2607 3180 Eva
2656 3124 2953 3193 lacrymas,
2997 3121 3164 3175 Maria
3206 3118 3457 3187 gaudium
3516 3116 3583 3169 in.

1999 3226 2186 3272 ventre
2205 3216 2465 3286 portavit;
2505 3214 2628 3283 quia
2659 3212 2744 3268 illa
2769 3219 3128 3282 peccatorem,
3160 3209 3261 3263 ista
3295 3205 3461 3261 edidit
3491 3204 3575 3257 in-

1999 3317 2278 3363 nocentem
2299 3348 2313 3373 ,
2347 3307 2602 3376 virgoque
2638 3305 2823 3373 genuit
2862 3311 2916 3356 et
2945 3303 3095 3371 virgo
3130 3297 3426 3369 permansit
3452 3302 3577 3366 post

1997 3406 2208 3467 partum
2254 3416 2269 3453 :
2318 3406 2604 3466 utrumque
2634 3394 2951 3451 miraculum
2974 3434 2989 3457 ,
3020 3392 3246 3456 fratres,
3275 3389 3420 3459 quod
3457 3388 3574 3442 sine

1998 3488 2342 3558 corruptione
2366 3486 2585 3557 gravida
2607 3526 2621 3551 ,
2648 3494 2703 3540 et
2729 3486 2781 3539 in
2811 3493 2965 3555 partu
2996 3483 3147 3552 virgo
3167 3489 3251 3537 est
3288 3494 3573 3550 puerpera.

1999 3579 2121 3641 Ave,
2151 3577 2323 3645 inquit
2356 3575 2578 3646 angelus
2602 3575 2669 3628 ad
2701 3590 2819 3629 eam
2842 3614 2855 3637 ,
2897 3574 3069 3643 gratia
3092 3571 3246 3641 plena
3272 3610 3287 3636 ,
3304 3570 3585 3629 Dominus

1998 3678 2197 3729 tecum;
2230 3675 2404 3721 tecum
2434 3665 2696 3721 Dominus
2723 3663 3006 3726 incorde,
3045 3671 3221 3718 tecum
3261 3662 3317 3714 in
3349 3665 3535 3714 ventre
3555 3697 3571 3723 ,

2001 3766 2176 3813 tecum
2203 3758 2256 3811 in
2282 3767 2458 3824 utero,
2502 3764 2676 3811 tecum
2720 3755 2774 3809 in
2814 3753 3033 3810 auxilio.
3080 3752 3383 3816 Gratulare,
3417 3752 3577 3805 beata

2002 3853 2170 3924 virgo,
2202 3851 2449 3907 Christus
2476 3865 2570 3907 rex
2593 3864 2623 3904 e
2643 3849 2781 3904 coelo
2806 3863 2925 3912 suo,
2957 3846 3009 3900 in
3041 3853 3201 3899 utero
3234 3852 3354 3906 tuo;
3381 3848 3435 3895 et
3458 3839 3578 3895 ideo

2000 3942 2279 3999 benedicta
2309 3940 2419 3997 eris
2444 3948 2499 3995 tu
2534 3940 2676 3994 inter
2710 3936 2981 3999 mulieres,
3009 3949 3129 4004 quae
3158 3932 3322 3985 vitam
3364 3938 3421 3985 et
3444 3928 3578 3982 viris

2000 4050 2067 4088 ac
2099 4031 2410 4088 mulieribus
2432 4028 2706 4101 peperisti.
2734 4028 2905 4082 Mater
2925 4024 3138 4099 generis
3162 4022 3332 4078 nostri
3362 4034 3576 4090 pinnam

2004 4123 2182 4178 intulit
2206 4122 2424 4186 mundo,
2455 4120 2687 4192 genitrix
2715 4118 2927 4173 Domini
2953 4115 3122 4170 nostri
3148 4113 3373 4175 salutem
3397 4110 3583 4165 attulit
3608 4132 3613 4137 «

2003 4212 2199 4266 εωευιο
2247 4228 2261 4263 :
2319 4209 2582 4279 percussit
2641 4208 2729 4262 illa
2757 4246 2772 4271 ,
2822 4206 2937 4260 ista.
2972 4203 3290 4268 viviﬁcavit;
3360 4207 3580 4271 propter
3608 4229 3621 4235 η

2005 4300 2418 4357 iuobedienliam
2476 4298 2620 4354 enim
2663 4295 2968 4351 obedientia
3007 4299 3388 4349 commutatur.
3428 4288 3575 4342 Laeta

2006 4391 2167 4460 igitur
2204 4389 2367 4444 Maria
2397 4397 2572 4460 gestat
2605 4386 2863 4442 infantem
2883 4425 2897 4450 ,
2927 4384 3204 4440 exsultans
3245 4379 3580 4450 amplexatur

2007 4483 2196 4548 ﬁlium,
2219 4490 2450 4551 portata
2480 4494 2587 4549 quo
2613 4479 2947 4550 portabatur.
2979 4475 3175 4530 Audite
3201 4473 3365 4544 igitur
3392 4485 3601 4527 vocem.

2006 4573 2292 4627 verborum
2340 4570 2483 4625 illius
2522 4585 2627 4639 qua
2669 4568 2804 4623 dixit
2843 4586 2856 4621 :
2900 4565 3207 4636 Magniﬁcat
3248 4563 3425 4616 anima
3465 4577 3579 4615 utea

2007 4662 2287 4716 Dominum
2307 4700 2321 4724 ,
2347 4670 2395 4715 et
2422 4659 2695 4715 exsultavit
2729 4659 2943 4729 spiritus
2973 4673 3115 4711 meus
3137 4655 3193 4709 in
3218 4653 3329 4707 Deo
3357 4651 3585 4706 salutari

2007 4769 2119 4805 meo
2157 4765 2175 4802 :
2222 4753 2345 4822 quia
2389 4752 2611 4821 respexit
2656 4749 2997 4803 humilitatem
3040 4745 3249 4802 ancilla:
3278 4757 3427 4806 aute;
3469 4756 3583 4795 ecce

2007 4844 2147 4896 enim
2176 4858 2240 4895 ex
2277 4842 2373 4895 Itoc
2412 4842 2615 4895 beatam
2658 4857 2738 4895 me
2779 4840 2950 4893 dicent
2980 4853 3153 4892 omnes
3196 4835 3577 4904 generationes,
3625 4840 3651 4894 ᾖ

2008 4931 2131 5002 quia
2159 4930 2280 4999 [erit
2307 4931 2434 4984 milii
2481 4947 2671 5001 magna
2698 4930 2788 4999 qui
2814 4937 2993 4997 potem
3027 4934 3101 4979 est
3134 4923 3284 4995 (Luc.
3317 4922 3380 4994 ι).
3419 4921 3581 4976 Βθηίο

2011 5036 2120 5091 quc
2162 5029 2283 5089 post
2311 5020 2437 5075 illud
2462 5020 2828 5075 'benedicibile
2872 5016 3207 5088 prmsagium,
3250 5013 3375 5071 dum
3420 5012 3582 5066 tacita

2010 5127 2192 5167 secum
2220 5112 2381 5183 Virgo
2430 5112 2632 5166 mentis
2679 5109 3032 5165 alternatione
3084 5104 3360 5175 conﬂigit,
3408 5102 3627 5172 qualis“

2010 5211 2152 5259 esset
2196 5204 2297 5258 ista
2338 5202 2622 5268 salutatio,
2652 5201 2872 5255 nuntius
2905 5197 3119 5252 interim
3163 5196 3400 5250 ctelcstis
3430 5209 3615 5248 exsc-.

2010 5296 2195 5365 quitur
2226 5294 2356 5351 :_Nc
2399 5295 2605 5359 timeas,
2655 5292 2851 5357 Maria,
2902 5290 3139 5345 invenisti
3173 5271 3328 5343 enim.
3355 5286 3583 5355 gratiam

2012 5384 2152 5454 apud
2178 5383 2345 5436 Deum
2390 5397 2409 5435 :
2449 5399 2562 5437 ecce
2595 5383 2849 5452 concipias
2875 5391 2921 5434 et
2948 5381 3117 5452 paries
3140 5378 3329 5449 filium,
3353 5387 3400 5431 et
3430 5392 3582 5430 voca—

2014 5473 2090 5528 bis
2135 5489 2323 5527 nomen
2372 5472 2750 5543 ejus.Jesum;
2782 5480 2837 5525 at
2864 5472 2951 5525 illa
2992 5489 3005 5525 :
3049 5468 3341 5536 Quomodo,
3384 5465 3581 5534 inquit,
3618 5518 3623 5521 _

2013 5563 2100 5630 ﬁet
2128 5563 2289 5630 istud,
2319 5564 2563 5634 quoniam
2592 5564 2757 5617 virum
2793 5580 2897 5617 non
2938 5577 3223 5633 cognosco;
3262 5568 3317 5613 et
3361 5556 3582 5625 angelus
3616 5602 3623 5605 _

2016 5651 2227 5707 adeam
2261 5671 2273 5706 :
2317 5650 2540 5721 Spiritus
2570 5661 2801 5716 sanctus,
2842 5652 2938 5717 ait,
2968 5649 3287 5720 superveniet
3328 5648 3380 5701 in
3423 5655 3491 5709 te,
3531 5654 3601 5699 et.

2014 5741 2173 5795 virtus
2206 5740 2455 5797 Altissimi
2481 5741 2801 5795 obumbrabit
2835 5741 2927 5796 tibi
2947 5760 2965 5807 ;
2994 5741 3208 5811 ideoque
3234 5737 3372 5809 quod
3393 5752 3595 5794 nosce:-
