4036 6370
469 320 540 379 55
1108 317 1171 371 Β.
1213 316 1469 373 ΒΔΒᾹΝΙ
1504 314 1726 375 MAURI
1764 312 2084 372 ARCHIEP.
2126 313 2435 370 MOGUNT.
2477 313 2769 372 OPERUM
2801 314 2980 371 PARS
3017 316 3080 373 IL
3659 319 3739 380 56

465 449 555 494 tur
578 453 643 492 ea:
671 444 718 491 te
757 442 1019 501 sanctum,
1048 435 1317 490 vocabitur
1345 433 1518 490 Filius
1549 434 1668 491 Dei.
1719 433 1829 490 Nec
1873 447 2046 497 mora,
2075 434 2122 495 Α
2152 431 2399 487 Laudem
2453 447 2574 487 eam
2607 432 2806 504 angeli,
2832 436 3127 502 prtuoliuent
3172 437 3498 507 archangeli,
3538 455 3741 496 omnes

418 592 419 597 η
465 526 757 582 revertitur
782 524 1026 589 nuntius,
1052 530 1107 577 et
1136 523 1449 594 virginalem
1478 522 1772 579 thalamum
1806 519 2043 591 ingredi-

463 625 555 673 tur
574 615 844 672 Christus.
876 614 1219 671 Gaudeamus
1248 630 1376 684 ergo
1404 621 1461 669 et
1489 628 1607 680 nos,
1639 613 1854 677 fratres,
1886 613 1938 667 in
1961 612 2049 666 die

463 715 628 763 tantae
654 705 925 776 Virginis,
968 719 1089 775 qua:
1117 704 1349 769 meruit,
1393 704 1504 759 sola
1530 702 1771 759 omnium
1821 702 2047 756 femina«

462 815 605 864 rum,
661 812 866 870 regem,
896 811 1057 867 quem
1106 795 1246 860 coeli,
1292 804 1457 862 terra,
1488 809 1659 859 mare,
1705 806 1900 864 capere
1939 806 2045 846 non

462 897 692 962 possunt
720 929 735 956 ,
767 889 821 945 in
853 903 1007 945 suam
1035 885 1350 957 virginalem
1377 885 1544 941 castis
1565 891 1620 940 et
1647 883 1847 939 sanctis
1870 882 2048 936 visce-

464 981 617 1036 ribus
641 981 929 1050 concipere
953 980 1191 1045 vulvam,
1224 987 1285 1034 ut
1309 978 1422 1049 ipsa
1448 979 1545 1049 pia.
1567 976 1919 1033 interventrix
1949 988 2048 1045 pro

463 1072 623 1127 nobis
665 1068 928 1128 consistat
970 1071 1041 1127 ad
1088 1071 1256 1127 filium
1280 1112 1295 1137 ,
1334 1072 1426 1140 qui
1456 1085 1577 1126 eam
1604 1068 1903 1125 transvexit
1924 1082 2049 1122 cum

461 1162 611 1216 omni
636 1161 809 1239 gloria
835 1160 902 1218 ad
928 1162 1050 1219 cteli
1076 1162 1355 1233 palatium,
1381 1169 1439 1215 et
1463 1175 1605 1215 nunc
1621 1159 1754 1215 vivit
1774 1169 1832 1214 et
1862 1165 2051 1229 regnat

463 1265 588 1306 cum
614 1266 681 1308 eo
705 1252 761 1307 in
788 1252 984 1308 saecula
1008 1253 1350 1308 saeculorum.
1381 1251 1579 1306 Amen.

994 1364 1276 1421 HOMILIA
1318 1363 1514 1420 XXIX.

641 1450 695 1489 IN
735 1449 1097 1491 ASSUIPTIONE
1136 1450 1355 1491 διλΝοτᾶ
1392 1448 1572 1489 ΙΑΒΙΕ
1610 1447 1862 1488 νεκραῖς.

528 1521 667 1579 Cum
710 1525 954 1579 omnium
999 1533 1314 1580 sanctarum
1367 1523 1637 1595 virginum
1682 1521 2045 1589 festivitates,

459 1629 582 1684 qua:
609 1614 915 1671 castitatem
943 1616 1140 1672 mentis
1180 1623 1235 1671 et
1280 1615 1525 1685 corporis
1568 1629 1747 1684 usque
1787 1616 1855 1670 ad
1887 1613 2049 1670 ﬁnem

455 1704 585 1759 vitae
611 1713 1001 1772 servaverunt,
1032 1714 1090 1761 et
1123 1719 1222 1775 per
1246 1705 1339 1761 Dei
1383 1704 1809 1761 misericordiam
1838 1703 1906 1759 de
1942 1705 2047 1759 hoc

2147 525 2407 579 oculorum
2456 526 2682 583 virtutes
2728 535 2784 584 et
2827 541 3019 584 omnes
3081 534 3392 584 sanctorum
3449 536 3624 583 cintus
3674 528 3734 582 in

2148 613 2395 673 laudibus
2425 616 2542 686 ejus
2573 619 2872 685 exsultent;
2925 627 3163 674 attamen
3207 616 3386 673 adhuc
3416 617 3549 671 mihi
3581 617 3736 672 vide-

2149 715 2239 761 tur
2276 708 2540 765 excellere
2580 710 2817 780 dignitas
2844 708 3268 765 honoriﬁcentia:
3296 708 3434 778 ejus.
3483 705 3592 762 Sed
3614 707 3742 763 hac

2147 799 2560 868 perpendentes,
2593 799 2813 866 fratres,
2857 815 2963 856 non
2992 800 3339 869 desperemus
3366 811 3468 853 nec
3496 795 3740 868 refugia-

2148 904 2288 955 mus,
2323 890 2433 945 imo
2480 892 2654 963 magis
2685 891 2741 947 in
2764 890 2976 947 laudem
2999 890 3120 961 ejus
3163 904 3265 960 pro
3294 888 3512 944 modqu
3543 896 3739 943 nostro

2148 978 2468 1046 excitemur,
2497 987 2553 1035 et
2582 980 2635 1035 in
2662 980 3045 1052 praedicatione
3063 980 3181 1050 ejus
3204 978 3571 1043 exsultemus;
3601 977 3739 1046 quia

2148 1066 2288 1135 quod
2316 1067 2494 1124 minus
2515 1077 2602 1123 est
2625 1069 2680 1124 in
2708 1068 3064 1140 possibilitate
3108 1075 3313 1133 nostra,
3342 1065 3584 1137 implebit
3638 1064 3741 1120 bo-

2147 1154 2292 1211 nitas
2334 1172 2452 1211 sua.
2480 1157 2796 1213 Mundemus
2827 1158 3213 1215 conscientiam
3236 1165 3480 1212 nostram
3510 1156 3579 1210 ab
3605 1169 3743 1225 ope-

2149 1246 2300 1303 ribus
2326 1249 2575 1313 mortuis,
2619 1257 2677 1303 et
2705 1265 3075 1320 prreparemus
3096 1263 3201 1305 nos
3230 1250 3298 1305 ad
3330 1248 3747 1305 confessionem

2151 1341 2280 1393 tanti
2307 1340 2559 1395 nominis.
2582 1339 2773 1396 Omnis
2803 1355 3033 1411 persona
3058 1349 3118 1397 et
3148 1341 3328 1396 omnis
3354 1348 3490 1394 tetas
3518 1338 3585 1393 ad
3614 1348 3751 1391 tan-

2152 1437 2258 1484 tam
2281 1429 2629 1487 festivitatem
2658 1431 3037 1488 celebrandam
3078 1432 3236 1488 bonis
3265 1431 3519 1487 moribus
3534 1444 3757 1486 ornare

2149 1536 2209 1577 se
2233 1522 2466 1587 studeat,
2491 1530 2549 1577 et
2590 1522 2644 1577 in
2673 1536 2782 1592 quo
2827 1529 3054 1578 vocatus
3079 1530 3185 1585 est,
3232 1522 3286 1576 in
3316 1536 3382 1576 eo
3411 1535 3744 1591 permanere

2149 1612 2408 1669 decertet.
2436 1613 2756 1685 Quicunque
2797 1629 2928 1686 ergo
2968 1614 3074 1670 viri
3101 1615 3219 1670 sive
3266 1614 3481 1670 femina:
3505 1614 3749 1684 virgini-

2151 1707 2279 1761 tatis
2304 1708 2637 1777 propositum
2670 1715 2876 1773 tenent,
2903 1705 2960 1761 in
2988 1720 3055 1764 eo
3085 1721 3436 1777 perseverare
3465 1713 3743 1778 satagant,

455 1793 655 1852 saeculo
687 1810 920 1865 nequam
964 1795 1389 1865 triumpharunt,
1423 1795 1597 1864 dignae
1637 1794 1744 1850 sint
1770 1793 2039 1860 laudibus,
2072 1782 2123 1844 Β
2148 1804 2208 1851 ιιι
2232 1797 2340 1853 sint
2362 1807 2563 1852 sancte
2592 1806 2648 1852 et
2676 1812 2903 1867 corpore
2924 1804 2981 1853 et
3017 1796 3211 1867 spiritu
3241 1816 3253 1850 :
3290 1796 3401 1851 sint
3437 1795 3751 1865 disciplina

455 1884 793 1957 perpendite,
827 1883 1045 1952 fratres,
1075 1893 1278 1955 quanta
1304 1885 1652 1940 veneratione
1671 1884 1830 1955 digna
1855 1882 1927 1938 sit
1956 1897 2044 1939 so-

457 1970 715 2028 lemnitas
743 1970 831 2027 illa
849 2014 864 2041 ,
909 1989 1015 2044 qua
1043 1974 1209 2044 Virgo
1235 1974 1504 2046 virginum
1535 1988 1601 2030 ex
1627 1974 1729 2029 hac
1760 1974 2043 2043 temporali

456 2066 571 2121 vita
600 2072 857 2121 aeternam
894 2066 1149 2137 migravit
1192 2064 1260 2120 ad
1302 2065 1543 2135 requiem
1583 2082 1597 2119 :
1642 2080 1765 2121 cum
1803 2079 1911 2121 non
1952 2079 2041 2120 so-

446 2155 569 2233 tum
629 2156 903 2212 credimus
970 2155 1117 2211 illam
1178 2156 1462 2213 nobiscum
1522 2171 1642 2213 esse
1704 2156 2037 2212 memorabi-

454 2246 559 2300 lem
578 2286 594 2311 ,
619 2246 716 2302 sed
745 2246 911 2301 etiam
933 2262 1056 2302 cum
1085 2245 1217 2317 ipsis
1244 2247 1452 2303 sanctis
1481 2247 1761 2317 spiritibus
1785 2245 2043 2317 angelicis

451 2337 577 2395 fieri
621 2339 781 2395 valde
812 2340 1216 2404 honorabilem,
1255 2340 1348 2409 qui
1375 2338 1579 2395 celebri
1604 2339 1728 2393 inde
1769 2338 2044 2393 exsultant

448 2431 667 2502 gaudio,
694 2447 818 2487 cum
843 2441 1071 2487 matrem
1095 2431 1308 2487 Domini
1330 2440 1495 2501 atque
1521 2430 1820 2487 conditoris
1845 2429 2043 2484 summi

450 2528 657 2577 aeterna
695 2522 1032 2577 beatitudine
1061 2537 1251 2577 secum
1275 2521 1481 2592 perfrui
1508 2521 1885 2591 conspiciunt;
1929 2534 2043 2574 ma-

450 2620 595 2667 trem
617 2611 869 2668 videlicet
903 2612 1053 2669 illam
1083 2628 1202 2681 qua:
1231 2611 1471 2667 sobolem
1497 2612 1550 2665 in
1580 2618 1734 2667 utero
1770 2609 2041 2679 concepit,

452 2709 507 2757 et
531 2710 681 2757 casta
707 2710 829 2768 est;
862 2700 1029 2756 filium
1061 2701 1277 2772 genuit,
1316 2709 1371 2755 et
1397 2701 1550 2769 virgo
1579 2708 1693 2765 est;
1735 2710 1911 2755 mater
1940 2700 2044 2754 im-

450 2791 743 2858 maculata,
788 2800 963 2847 mater
999 2791 1331 2861 incorrupta,
1380 2800 1555 2847 mater
1599 2791 1821 2857 intacta,
1870 2798 2044 2844 mater

451 2881 716 2952 unigeniti
764 2882 978 2937 Domini
1030 2890 1087 2936 et
1127 2882 1270 2951 regis
1314 2882 1576 2946 omnium,
1619 2880 1963 2950 plasmaloris
1989 2888 2045 2936 et

440 2974 717 3029 ‘creatoris
770 2982 1119 3040 cunctorum;
1183 2974 1325 3029 illius
1378 2974 1471 3043 qui
1537 2973 1591 3027 in
1644 2972 1876 3028 excelsis
1928 2972 2045 3029 sine

444 3071 665 3127 matre.
711 3070 769 3118 et
815 3064 870 3118 in
918 3071 1062 3119 terra
1108 3072 1192 3118 est
1236 3064 1354 3119 sine
1389 3063 1584 3129 Patre;
1638 3064 1809 3132 ipsius
1853 3064 1946 3134 qui
1987 3062 2043 3117 in

2145 1887 2240 1944 Dei
2289 1904 2574 1953 memores,
2613 1888 2879 1957 justitiam
2909 1903 3033 1943 cum
3067 1887 3328 1957 religione
3358 1895 3598 1951 teneant,
3627 1885 3753 1941 sint

2144 1980 2368 2036 stabiles
2412 1980 2465 2035 in
2498 1979 2623 2046 fide,
2657 1978 2889 2035 humiles
2911 1978 2966 2032 in
3000 1978 3221 2042 timore,
3264 1974 3333 2029 ad
3376 1989 3595 2030 omnem
3657 1983 3748 2028 to-

2145 2071 2435 2127 lerantiam
2459 2070 2653 2138 fortes,
2685 2071 2753 2126 ad
2774 2069 3149 2126 sustinendam
3174 2067 3428 2139 iniuriam
3463 2066 3646 2130 mites,
3669 2066 3747 2120 ad

2145 2161 2451 2218 faciendam
2480 2161 2915 2218 misericordiam
2942 2159 3148 2225 faciles,
3183 2158 3421 2214 fraterna
3448 2172 3583 2229 pace
3605 2173 3751 2212 una-

2144 2255 2318 2311 nimes
2361 2262 2523 2326 atque
2551 2254 2869 2319 concordes,
2919 2261 2975 2309 et
3005 2255 3074 2309 ad
3113 2266 3275 2308 omne
3316 2253 3516 2307 bonum
3555 2264 3748 2318 prom-

2142 2346 2408 2417 ptissimi;
2440 2346 2533 2415 qui
2573 2352 2754 2401 autem
2785 2344 3056 2401 connubio
3081 2351 3210 2398 sunt
3234 2342 3423 2406 dediti,
3453 2340 3750 2411 virginita-

2146 2448 2254 2492 tem
2299 2445 2481 2491 tamen
2524 2437 2580 2492 in
2631 2435 2737 2491 fide
2767 2444 2918 2491 recta
2957 2435 3213 2499 habeant,
3245 2433 3300 2488 in
3349 2447 3455 2502 qua
3485 2432 3755 2486 universa

2144 2526 2407 2594 Ecclesia,
2455 2542 2653 2596 sponsa
2684 2526 2778 2582 Dei
2814 2527 3032 2581 dicitur.
3066 2525 3224 2593 Quod
3279 2532 3460 2579 tamen
3498 2523 3753 2578 Ecclesia

2144 2617 2435 2682 catholica,
2465 2632 2588 2687 quae
2636 2624 2855 2672 constat
2882 2632 2948 2672 ex
2986 2615 3289 2686 virginibus
3324 2622 3380 2669 et
3413 2613 3621 2684 pueris,
3670 2626 3745 2667 cx

2144 2708 2414 2762 maritatis
2467 2707 2681 2762 feminis
2733 2715 2791 2763 et»
2842 2707 3084 2761 uxoratis
3130 2704 3298 2770 viris,
3351 2718 3461 2758 uno
3517 2701 3765 2758 nomine-

2144 2799 2298 2870 virgo
2320 2808 2406 2855 est
2436 2799 2727 2869 appellata,
2775 2798 2901 2853 audi
2932 2796 3251 2868 Apostolnm
3292 2796 3561 2851 dicentem
3589 2810 3604 2847 :
3635 2792 3748 2847 De.

2144 2892 2410 2960 sponsavi,
2436 2890 2633 2960 inquit,
2664 2906 2755 2945 vos
2783 2889 2874 2943 uni
2910 2888 3021 2943 viro
3061 2888 3317 2959 virginem
3356 2894 3559 2940 castam
3589 2884 3753 2940 exhi-

2147 2982 2266 3035 bere
2300 2978 2510 3035 Christo
2552 2980 2636 3052 (ll
2685 2979 2809 3034 Cor.
2841 2979 2941 3051 xu).
3009 2978 3338 3034 Pudicitiam
3398 2975 3755 3048 conjugalem

2150 3080 2391 3136 servent,
2432 3070 2502 3126 ab
2556 3071 2759 3125 illicitis
2779 3070 3111 3134 abstineant,
3139 3070 3281 3124 bona
3313 3081 3478 3138 opera
3518 3066 3752 3131 faciant,

450 3153 606 3209 caelis
661 3153 958 3210 secundum
1008 3153 1262 3209 deitatem
1314 3154 1368 3207 in
1412 3153 1533 3208 sinu
1592 3161 1678 3208 est
1723 3153 1932 3222 patris,
1987 3143 2113 3206 etC
2145 3159 2570 3228 hospitalitatem
2602 3159 2851 3230 diligant,
2895 3165 2952 3213 et
2997 3157 3372 3229 eleemosynas
3402 3157 3586 3212 facere
3632 3170 3743 3210 non

451 3244 507 3298 in
545 3244 709 3300 terris
748 3246 1046 3300 secundum
1090 3244 1335 3313 corporis
1384 3244 1780 3312 susceptionem
1822 3243 1874 3297 in
1920 3243 2042 3297 sinu

450 3342 570 3389 erat
618 3334 833 3389 matris.
892 3332 1065 3404 Hujus
1117 3335 1307 3403 itaque
1361 3333 1636 3403 Unigeniti
1692 3332 1787 3386 Dei
1846 3331 2043 3388 dicitur

450 3428 568 3482 haec
610 3436 789 3483 mater
826 3428 987 3499 Virgo
1032 3426 1200 3481 Maria
1226 3467 1240 3492 ,
1285 3426 1446 3497 digna
1486 3424 1667 3496 digni,
1700 3422 2044 3479 immaculata

450 3519 673 3585 sancti,
756 3534 862 3572 una
924 3518 1124 3583 unius,
1186 3520 1345 3574 unica
1420 3517 1566 3573 unici
1638 3534 1652 3570 :
1729 3530 1828 3571 nec
1898 3515 2043 3583 enim

452 3611 593 3666 alter
641 3612 956 3683 unigenitus
1004 3609 1148 3665 Deus
1209 3624 1372 3680 super
1426 3618 1627 3665 terram
1691 3609 1869 3673 venit,
1952 3615 2047 3662 aut

452 3703 561 3756 alia
588 3704 741 3773 virgo
767 3701 1099 3772 unigenitum
1126 3702 1332 3773 genuit.
1358 3700 1512 3757 Unde
1536 3708 1591 3756 et
1619 3700 2040 3771 magnitudinem

450 3794 570 3860 ejus
607 3795 942 3848 admirantes
970 3795 1151 3850 tacitis
1175 3794 1399 3850 vocibus
1452 3794 1652 3859 cordis,
1702 3792 1904 3857 taliter,
1935 3791 2043 3847 fra-

453 3895 567 3940 tres
593 3885 923 3951 charissimi,
958 3884 1328 3941 exelamemus
1353 3884 1408 3938 in
1442 3883 1862 3952 laudem,‘atque
1894 3883 2044 3937 dica-

451 3991 574 4030 mus
607 3994 619 4028 :
654 3974 699 4030 0
752 3990 877 4029 vere
910 3976 1067 4030 beata
1116 3975 1267 4044 virgo
1312 3973 1503 4039 Maria,
1535 3986 1769 4044 agnosce
1815 3974 2040 4043 gloriam

451 4077 619 4132 tuam,
648 4068 795 4122 illam
822 4067 1071 4123 videlicet
1097 4067 1323 4137 gloriam
1347 4081 1511 4138 quam
1536 4066 1630 4121 tibi
1658 4065 1883 4137 angelus
1915 4081 2045 4119 nun-

452 4160 638 4223 tiavit,
675 4158 760 4213 vel
794 4156 1032 4212 Joannes
1058 4173 1155 4227 per
1179 4173 1244 4213 os
1263 4156 1567 4222 Elisaheth,
1589 4156 1829 4212 nondum
1856 4155 2046 4209 matris

453 4250 631 4304 adhuc
667 4249 733 4303 de
761 4256 973 4304 secreto
1002 4248 1139 4302 uteri
1173 4246 1474 4319 [egressus]
1512 4246 1854 4317 prophetavit
1895 4262 1909 4298 :
1945 4243 2045 4298 Be-

2145 3265 2340 3320 segnes
2390 3249 2539 3303 ﬁant.
2567 3249 2670 3317 Qui
2710 3250 2905 3304 divites
2933 3249 2988 3303 in
3017 3248 3121 3303 hoc
3147 3248 3351 3303 mundo
3379 3248 3498 3303 ﬁeri
3520 3246 3753 3301 vidcan-

2146 3348 2253 3405 tur,
2284 3355 2390 3394 non
2418 3340 2650 3410 superbe
2691 3342 2925 3410 sapiant,
2964 3355 3065 3395 nec
3091 3348 3314 3409 sperent
3341 3339 3394 3393 in
3417 3339 3629 3393 incerto
3648 3336 3742 3392 di-

2143 3428 2420 3494 vitiarum,
2476 3430 2570 3484 sed
2615 3430 2671 3485 in
2718 3430 2827 3485 Deo
2864 3430 3006 3496 vivo,
3050 3430 3142 3500 qui
3206 3437 3431 3499 praestat
3488 3428 3757 3483 omnibus.

2145 3520 2503 3575 abundanter.
2527 3520 2750 3575 Discant
2772 3521 2911 3575 bene
2941 3535 3123 3591 agere,
3147 3518 3343 3575 divites
3378 3518 3497 3573 fieri
3528 3519 3581 3572 in
3613 3533 3747 3588 ope-

2144 3612 2297 3668 ribus
2339 3612 2517 3679 bonis,
2542 3611 2702 3668 facile
2737 3613 2978 3667 tribuere
3034 3611 3440 3667 communicare
3464 3625 3588 3665 cum
3614 3625 3742 3680 pro-

2146 3706 2327 3772 ximis,
2357 3705 2729 3761 thesaurizent
2754 3705 2856 3760 sibi
2883 3703 3291 3759 fundamentum
3312 3704 3533 3768 bonum,
3561 3709 3622 3756 ut
3646 3716 3747 3772 ap-

2144 3797 2484 3866 prchendant
2523 3796 2689 3851 vitam
2734 3803 3014 3851 aeternam.
3081 3794 3186 3862 Qui
3248 3802 3430 3848 autem
3475 3807 3746 3863 pauperes

2146 3894 2294 3950 sunt,
2346 3884 2451 3941 fide
2500 3899 2605 3938 non
2635 3883 2913 3950 deficiant,
2958 3884 3053 3939 sed
3102 3883 3280 3954 magis
3336 3882 3629 3938 virtutibus
3654 3882 3741 3937 di-

2147 3979 2285 4033 vites
2335 3976 2451 4032 fieri
2502 3979 2777 4043 studeant,
2827 3976 2971 4045 quod
3011 3975 3275 4044 scriptum
3318 3983 3404 4030 est
3432 3993 3445 4028 :
3472 3971 3749 4045 Pauperes

2147 4069 2297 4140 elegit
2337 4068 2478 4123 Deus
2500 4070 2557 4123 in
2598 4069 2694 4123 hoc
2716 4067 2931 4129 mundo,
2970 4066 3154 4120 divites
3177 4066 3234 4119 in
3256 4065 3387 4135 ﬁde,
3417 4073 3468 4119 et
3502 4064 3749 4120 hwredes

2149 4159 2315 4228 regni,
2351 4159 2491 4229 quod
2538 4157 2833 4227 repromisit
2866 4156 3009 4211 Deus
3036 4154 3369 4226 diligentibus
3400 4170 3459 4208 se
3483 4153 3627 4227 (Jac.
3652 4156 3745 4224 tt),

2148 4256 2202 4303 et
2256 4247 2523 4318 Propheta
2560 4249 2693 4303 dicit
2722 4267 2733 4302 :
2764 4248 2960 4301 Iunior
2996 4247 3077 4316 fui
3111 4255 3161 4301 et
3197 4246 3371 4311 senui,
3406 4254 3454 4300 et
3495 4260 3600 4299 non
3636 4243 3745 4298 vidi

450 4342 658 4395 uedicta
683 4342 857 4410 itaque
894 4348 950 4392 tu
973 4340 1109 4426 inter
1130 4337 1399 4404 mulieres,
1438 4347 1485 4391 et
1518 4336 1818 4392 benedictus
1841 4334 2044 4405 fructus
2140 4338 2347 4408 justum
2367 4338 2693 4403 derelictum,
2725 4354 2819 4393 nec
2850 4354 3025 4393 semen
3050 4336 3163 4407 ejus
3192 4352 3345 4407 egens
3380 4351 3517 4406 pane
3559 4332 3737 4407 (Paul.

450 4432 643 4487 ventris
670 4432 768 4485 tui.
814 4430 893 4484 Tu
929 4422 1146 4501 quoque
1186 4430 1516 4500 promissum
1546 4429 1801 4484 universo
1843 4426 2047 4483 mundo
2150 4429 2359 4501 xxxvi).
2419 4428 2545 4485 Sive
2568 4444 2698 4499 ergo
2730 4426 2937 4483 nobiles
2972 4427 3104 4491 sint,
3134 4426 3251 4481 sive
3300 4423 3590 4496 ignobiles,
3622 4422 3743 4478 sive

450 4539 550 4594 per
570 4531 720 4577 tanta
750 4530 894 4577 retro
916 4522 1114 4578 smcula
1141 4521 1416 4592 suscipere
1442 4521 1688 4576 meruisti
1712 4521 2039 4585 adventum;
2077 4501 2127 4558 ί)
2153 4524 2319 4587 servi,
2356 4522 2471 4577 sive
2500 4520 2677 4585 liberi,
2708 4518 2821 4574 sive
2837 4517 2962 4581 viri,
3003 4517 3117 4571 sive
3151 4514 3386 4578 feminae,
3416 4513 3531 4568 sive
3556 4525 3746 4577 senes,

454 4615 823 4670 habitaculum
861 4617 1139 4669 immensae
1181 4615 1485 4685 majestatis
1516 4613 1708 4669 effecta
1752 4629 1855 4668 es:
1898 4627 2048 4682 spem

358 4768 371 4777 θ
453 4717 746 4773 terrarum,
778 4708 941 4762 decus
965 4705 1305 4771 saeculorum,
1335 4720 1621 4761 commune
1648 4704 1891 4760 omnium
1913 4719 2046 4775 gan-

453 4801 602 4854 dium
631 4798 890 4870 peculiari
914 4812 1138 4852 munere
1156 4812 1346 4853 novem
1369 4797 1644 4852 mensibus
1671 4796 1785 4851 sola
1812 4794 2053 4866 possedi-

453 4891 542 4946 sti.
582 4890 827 4945 lnitiator
874 4890 1114 4943 omnium
1156 4904 1333 4943 rerum
1365 4889 1463 4943 abs
1489 4888 1825 4962 teinitiatus
1852 4897 1957 4950 est,
1996 4896 2051 4941 et

452 4981 886 5055 proluudendum
930 4998 1029 5050 pro
1051 4980 1233 5035 mundi
1258 4980 1367 5035 vita
1391 4980 1708 5052 sanguinem
1736 4980 1803 5035 de
1822 4994 2049 5049 corpore

453 5085 552 5130 tuo
593 5075 836 5146 accepit;
889 5090 997 5130 uno
1035 5081 1191 5144 partu
1230 5079 1323 5128 tuo
1369 5072 1747 5129 universorum
1793 5080 1921 5126 nata
1964 5081 2050 5127 cst

451 5170 565 5223 vita
593 5167 913 5222 saeculorum
951 5184 961 5217 :
996 5164 1310 5236 angelorum
1332 5164 1551 5219 Patrem
1572 5164 1819 5219 meruisti
1850 5178 2046 5219 vocare

454 5260 626 5314 ﬁlium
674 5269 843 5312 tuum.
890 5256 1028 5312 Ecce
1059 5256 1293 5311 exaltata
1323 5271 1383 5312 es
1420 5270 1580 5326 super
1603 5255 1802 5311 choros
1829 5253 2045 5324 angelo-

456 5365 598 5413 l‘tlll‘l,
634 5348 788 5418 juxta
820 5362 1002 5418 regem
1028 5348 1212 5413 lilium,
1245 5346 1371 5401 felix
1403 5354 1601 5411 mater,
1634 5347 1820 5417 regina
1850 5361 2041 5415 regna-

458 5443 541 5497 bis
578 5442 628 5494 in
673 5449 953 5495 :etcrnum.
1012 5441 1077 5495 Et
1122 5441 1207 5495 cui
1238 5440 1536 5510 prrestitisti
1576 5440 1715 5494 uteri
1747 5440 1820 5494 tui
1859 5440 2041 5510 hospi-

458 5536 615 5597 tium,
650 5533 762 5602 ipse
815 5532 912 5586 tibi
960 5532 1109 5588 dedit
1139 5546 1303 5602 regna
1352 5531 1634 5587 cmlorum.
1665 5530 1771 5585 Sed
1807 5532 1921 5585 lucc
1963 5530 2044 5584 di-

455 5625 648 5690 cendo,
675 5623 892 5690 fratres,
928 5625 1106 5680 utinus
1150 5623 1281 5679 mihi
1311 5623 1522 5679 videtur
1549 5622 1727 5679 omnis
1780 5621 1897 5677 laus
1925 5636 2046 5678 esse

459 5718 640 5788 gloria:
670 5717 805 5788 ejus,
835 5725 887 5775 et
919 5718 1271 5775 succumbere
1295 5716 1473 5774 omnis
1493 5715 1668 5771 oratio
1691 5713 1881 5770 honori
1909 5711 2044 5784 ejus.

2152 4613 2267 4669 sive
2296 4610 2545 4679 juvenes,
2605 4621 2796 4663 omnes
2852 4605 3058 4675 pariter
3100 4603 3384 4659 audiamus
3421 4598 3745 4671 Apostolum

2152 4702 2420 4755 dicentem
2464 4717 2477 4752 :
2513 4696 2660 4752 State
2682 4697 2738 4751 in
2775 4696 2902 4764 ﬁde,
2947 4693 3171 4749 viriliter
3208 4694 3348 4764 agite
3380 4701 3429 4746 et
3465 4690 3739 4761 conforta-

2152 4794 2318 4857 mini;
2359 4792 2535 4847 omnia
2562 4800 2730 4845 vestra
2757 4805 2875 4843 cum
2909 4788 3163 4842 clmritate
3190 4787 3323 4856 ﬁant
3359 4785 3409 4857 (I
3449 4785 3572 4840 Cor.
3602 4783 3739 4855 XVI).

2154 4885 2221 4938 Et
2272 4883 2316 4938 si
2366 4882 2543 4938 taliter
2570 4896 2668 4936 nos
2692 4879 2953 4935 facientes
2981 4886 3168 4933 sancta
3201 4876 3297 4931 Dei
3350 4875 3584 4947 genitrix
3627 4888 3742 4928 suae

2154 4974 2497 5044 conspexerit
2545 4974 2734 5027 adesse
2759 4970 3061 5034 festivitati,
3113 4968 3271 5024 facile
3298 4969 3456 5024 nobis
3484 4968 3742 5036 impetra-

2152 5066 2232 5120 bit
2251 5073 2307 5122 et
2332 5066 2386 5120 in
2408 5064 2661 5136 praesenti
2695 5070 3056 5132 opportunum
3097 5059 3368 5125 solatium,
3393 5067 3449 5112 et
3476 5058 3528 5111 in
3557 5055 3740 5111 futuro

2154 5157 2321 5212 vitam
2367 5164 2660 5220 aeternam,
2727 5160 3020 5223 praestante
3082 5151 3313 5206 Domino
3371 5158 3557 5204 nostro
3609 5146 3741 5202 Iesu

2152 5249 2393 5313 Christo,
2421 5247 2515 5318 qui
2541 5245 2674 5301 vivit
2689 5254 2745 5300 et
2772 5251 2962 5314 regnat
2987 5258 3112 5298 cum
3136 5243 3246 5297 Deo
3268 5241 3429 5296 Patre
3454 5240 3508 5295 in
3529 5238 3740 5295 unitate

2152 5340 2390 5412 Spiritus
2413 5338 2584 5395 sancti
2616 5336 2780 5402 Deus,
2808 5352 2905 5407 per
2929 5334 3113 5390 omnia
3147 5332 3342 5389 saecula
3391 5328 3735 5386 saeculorum.

2149 5434 2340 5489 Amen.

2685 5517 2965 5576 HOMILIA
3006 5515 3173 5571 XXX.

2528 5630 2594 5673 DE
2632 5628 2841 5668 ιειυΝιο
2878 5624 3068 5666 IIBNSIS
3105 5620 3339 5664 ΒΕΡΤΙΙΙ.

2228 5706 2424 5764 Mensis
2444 5706 2658 5777 septimi
2690 5703 2983 5761 secundum
3010 5700 3206 5755 divina:
3234 5698 3367 5771 legis
3393 5693 3737 5754 sanctionem
