4036 6370
283 379 356 436 57
1259 381 1578 439 HOMILUE
1604 383 1692 439 DE
1727 384 1972 442 FESTIS
2007 386 2413 461 PRECIPUIS,
2446 394 2601 451 ETC.
3480 402 3553 458 58

283 497 488 553 fratres
512 495 836 563 cbarissimi,
865 512 1008 553 nunc
1028 497 1196 553 instat
1219 500 1526 564 celebritas,
1544 515 1707 568 quam
1726 499 1868 555 diem
1897 505 1946 562 A
1973 504 2126 571 Quod
2168 514 2347 562 autem
2395 509 2461 564 de
2510 509 2978 565 tabernaculorum
3038 510 3332 570 festivitate
3378 531 3549 587 supra

281 587 661 659 expiationum
713 597 769 642 et
793 588 1189 644 solemnitatem
1222 590 1691 645 tabernaculorum
1725 600 1871 646 vete-

282 695 380 738 res
403 679 779 746 celebrabant,
800 696 900 735 nos
928 682 1113 750 utique
1136 691 1542 737 communentes
1588 692 1651 736 ut
1676 682 1873 737 intelli-

279 783 483 843 gamus
512 784 610 825 nos
637 770 690 824 in
713 771 994 839 praesentis
1021 771 1145 825 vitae
1182 772 1638 842 peregrinatione,
1670 774 1738 827 ab
1758 788 1870 826 om-

277 859 344 915 ni
376 859 497 914 labe
546 869 893 929 peccatorum
920 875 1015 929 per
1048 862 1360 931 sanguinem
1408 863 1718 919 mediatoris
1765 879 1866 920 no—

278 951 386 1007 stri
419 951 689 1020 expiatos,
720 950 955 1007 futuram
986 953 1040 1008 in
1078 953 1230 1009 caelis
1259 969 1503 1024 qumrere
1547 955 1746 1011 debere
1773 972 1867 1026 pa-

278 1048 447 1101 triam
476 1064 489 1099 :
515 1062 620 1101 non
661 1048 802 1101 enim
844 1046 1095 1101 habemus
1123 1048 1208 1101 hic
1253 1060 1546 1103 manentem
1583 1050 1862 1113 civitatem,

275 1135 373 1191 sed
399 1135 635 1205 futuram
665 1137 975 1207 inquirimus
999 1136 1186 1207 (Hebr.
1220 1139 1358 1210 χιιι).
1387 1138 1520 1195 Nam
1552 1148 1611 1195 ut
1642 1141 1757 1198 haec
1782 1141 1865 1196 lu-

275 1228 457 1284 cidius
479 1237 718 1297 pateant,
753 1228 867 1297 ipsa
892 1229 1053 1283 verba
1089 1229 1221 1299 legis
1240 1230 1492 1285 eharitati
1522 1241 1719 1287 vestra:
1742 1233 1865 1289 bre-

273 1320 423 1374 viter
439 1334 869 1375 commemorare
897 1320 1074 1375 liceat.
1113 1320 1349 1378 Locutus
1378 1332 1463 1379 cst
1506 1325 1650 1379 enim
1677 1325 1861 1379 Domi-

272 1427 385 1467 nus
409 1412 478 1466 ad
505 1410 744 1483 Moysen,
773 1413 959 1469 dicens
989 1430 1003 1467 :
1034 1413 1267 1486 Loquere
1293 1415 1419 1484 ﬁliis
1446 1417 1615 1470 Israel
1638 1431 1657 1469 :
1684 1417 1862 1474 Mense

270 1511 517 1582 septimo,
543 1512 714 1581 prima
733 1511 819 1565 die
842 1512 1055 1577 mensis,
1083 1513 1179 1565 erit
1204 1512 1345 1566 vobis
1367 1512 1639 1567 sabbatum
1660 1528 1858 1567 memo-

269 1601 808 1670 riale,eclangentibus
833 1601 992 1664 tubis,
1017 1612 1064 1656 et
1100 1601 1369 1656 vocabitur
1395 1613 1634 1656 sanctum
1660 1618 1681 1657 :
1706 1618 1858 1658 omne

268 1709 405 1763 opus
446 1691 633 1747 servile
667 1708 773 1745 non
811 1692 1018 1761 facietis
1038 1692 1092 1745 in
1126 1708 1208 1757 ea,
1251 1701 1300 1746 et
1347 1693 1577 1761 o/feretis
1608 1692 1859 1747 holocau-

266 1793 415 1839 stum
456 1782 685 1837 Domino
717 1782 902 1851 (Leuit.
927 1782 1119 1852 smn);
1143 1790 1200 1836 et
1225 1782 1386 1853 paulo
1408 1790 1531 1852 post
1571 1802 1587 1836 :
1619 1782 1853 1849 Decima,

1973 600 2539 665 commemoravimus,
2595 601 2698 655 hoc
2725 600 2992 671 significat
3020 606 3161 672 quod
3213 621 3312 661 nos
3354 609 3446 677 qui
3474 609 3551 665 ab

1970 687 2292 759 intelligibili
2332 690 2588 763 Egypto,
2625 693 2729 749 hoc
2777 702 2862 749 est
2892 694 3225 753 inﬁdelitatis
3285 700 3542 765 tenebris,

1968 786 2026 833 et
2065 795 2095 834 a
2134 782 2395 851 Spiritalis
2443 782 2742 840 Pharaonis
2772 786 3055 853 servitute,
3104 788 3194 858 qui
3247 792 3545 846 secundum

1968 872 2369 940 corruptionem
2388 872 2617 930 laterum
2646 877 2930 945 prmsentis
2972 878 3152 932 saeculi
3179 889 3284 944 est,
3323 879 3545 935 liberati

1967 974 2173 1025 sumus,
2205 977 2363 1018 omne
2406 971 2618 1034 tempus
2648 966 2807 1021 istius
2840 967 2993 1033 vitm,
3041 968 3186 1037 quod
3231 971 3547 1040 septenario

1963 1053 2173 1108 dierum
2198 1055 2470 1112 curriculo
2498 1057 2755 1124 volvitur,
2774 1059 2829 1113 in
2853 1059 3214 1115 tabernaculis
3246 1062 3403 1132 quasi
3440 1077 3540 1133 pe-

1965 1144 2167 1214 regrini
2196 1145 2442 1201 habitare
2469 1147 2749 1214 debemus,
2771 1148 3013 1205 dicentes
3055 1165 3177 1205 cum
3214 1150 3499 1207 Psalmista
3526 1169 3543 1206 :

1964 1234 2150 1289 lnrola
2197 1253 2289 1306 ego
2318 1254 2434 1292 sum
2461 1238 2517 1293 in
2564 1248 2726 1304 terra,
2751 1249 2799 1293 et
2825 1240 3150 1311 peregrinus,
3179 1243 3315 1296 sicut
3363 1258 3542 1297 omnes

1960 1334 2133 1393 patres
2175 1326 2348 1396 (Psal.
2381 1328 2608 1400 cxvm);
2640 1337 2696 1385 et
2725 1347 2738 1383 :
2768 1328 2935 1385 Credo
2957 1331 3129 1385 videre
3156 1331 3292 1385 bona
3323 1330 3537 1386 Domini

1961 1413 2016 1468 in
2057 1424 2198 1469 terra
2244 1418 2525 1472 viventium
2576 1418 2812 1489 (Ibid.);
2853 1420 3235 1491 imitantesque
3256 1428 3419 1491 caput
3441 1435 3546 1478 no-
3574 1482 3589 1498 .

1961 1514 2160 1573 strum,
2208 1507 2383 1578 ipsam
2417 1509 2738 1573 Veritatem,
2794 1525 2914 1580 qua:
2937 1510 3115 1566 dixit:
3152 1508 3341 1581 Vulpes
3363 1512 3545 1582 foveas

1958 1596 2169 1662 habent,
2204 1606 2254 1651 et
2288 1598 2518 1653 volucres
2567 1598 2682 1653 ειειί
2710 1599 2861 1654 nidos
2892 1614 2910 1651 :
2937 1599 3082 1670 ﬁlius
3118 1609 3291 1656 autem
3316 1600 3543 1656 hominis

1959 1704 2065 1742 non
2107 1689 2258 1744 habet
2297 1691 2388 1744 ubi
2432 1701 2589 1761 caput
2618 1708 2780 1747 suum
2824 1692 3034 1746 reclinet
3064 1691 3216 1763 (Luc.
3268 1692 3388 1765 Ix);
3446 1692 3545 1762 qui

1960 1795 2060 1836 nos
2115 1782 2182 1836 ad
2209 1796 2496 1851 supernam
2540 1784 2768 1853 patriam
2810 1783 3141 1852 praecedens,
3170 1782 3421 1853 promisit
3448 1798 3545 1838 no-

267 1872 469 1942 inqnit,
515 1872 604 1926 die
646 1872 842 1926 mensis
881 1871 1039 1941 hujus
1081 1873 1309 1943 septimi,
1352 1873 1464 1927 dies
1500 1874 1854 1944 expiationum
1887 1854 1937 1929 Β
1960 1869 2064 1935 bis,
2094 1872 2168 1926 ita
2198 1872 2386 1928 dicens
2415 1891 2429 1927 :
2464 1872 2615 1928 Vada
2650 1888 2840 1943 parare
2872 1872 3015 1926 vobis
3041 1871 3249 1937 locutu,
3279 1881 3327 1925 et
3350 1870 3569 1925 iterum‘

264 1964 372 2018 erit
416 1962 805 2027 celeberrimus,
846 1971 896 2016 et
941 1963 1215 2018 vocabitur
1233 1973 1447 2019 sanctus
1475 1978 1494 2017 :
1525 1966 1862 2036 aﬂligetisque

268 2057 480 2110 animas
507 2065 707 2110 vestras
728 2056 784 2108 in
797 2071 881 2121 eo,
906 2064 956 2109 et
978 2056 1211 2125 offeratis
1228 2056 1594 2110 holocaustum
1614 2054 1858 2113 Domino.

270 2144 445 2201 Ontne
482 2161 614 2216 opus
644 2161 749 2200 non
785 2146 988 2215 facietis
1024 2146 1079 2199 in
1118 2155 1345 2215 tempore
1373 2145 1534 2215 hujus
1578 2145 1709 2211 diei,
1736 2147 1861 2214 quia

269 2242 382 2295 dies
423 2238 818 2311 propitiationis
846 2250 945 2307 est,
996 2249 1052 2294 ut
1084 2241 1395 2311 propitietur
1421 2241 1563 2295 vobis
1607 2240 1861 2296 Dominus

276 2329 414 2385 Deus
445 2339 628 2386 vester.
671 2328 855 2385 Omnis
877 2331 1056 2385 anima
1076 2346 1195 2396 qua:
1215 2329 1405 2400 amicta
1438 2345 1543 2384 non
1570 2329 1727 2399 fuerit
1776 2330 1861 2384 die

270 2418 389 2484 hoc,
411 2419 600 2489 peribit
622 2419 688 2473 de
704 2418 911 2490 populis
943 2419 1072 2484 suis,
1099 2427 1155 2474 et
1187 2418 1392 2489 reliqua
1408 2419 1459 2491 (1
1467 2420 1597 2491 bid.)
1617 2436 1634 2484 ;
1657 2429 1712 2473 et
1742 2428 1859 2489 post

268 2506 548 2575 aliquanta
581 2524 596 2561 :
623 2505 821 2573 Mense,
851 2508 1044 2578 inquit,
1079 2510 1298 2578 septimo
1320 2508 1452 2578 festa
1478 2509 1798 2563 celebrabitis
1814 2521 1859 2563 ct

266 2598 577 2653 habitabitis
612 2598 667 2653 in
696 2598 1021 2654 umbraculis
1044 2608 1237 2669 septem
1268 2599 1451 2655 diebus
1471 2616 1490 2655 :
1515 2601 1862 2671 omnisquide

266 2706 458 2760 genere
484 2698 561 2744 est
580 2688 776 2753 Israel,
808 2690 1036 2744 manebit
1064 2691 1120 2745 in
1151 2690 1521 2755 tabernaculis,
1568 2700 1626 2745 ut
1654 2691 1859 2745 discant

260 2782 467 2851 posteri
497 2782 668 2837 vestri
709 2780 849 2852 quod
888 2783 945 2835 in
984 2782 1337 2837 tabernaculis
1368 2783 1605 2838 habitare
1651 2784 1860 2853 fecerim

274 2869 419 2939 ﬁlios
449 2870 640 2936 Israel,
666 2887 779 2926 cum
818 2871 1094 2927 educerem
1113 2889 1203 2927 eos
1239 2873 1305 2927 de
1326 2883 1470 2926 terra
1494 2871 1736 2944 /Egypti,
1767 2890 1860 2943 ego

272 2959 542 3015 Dominus
577 2960 717 3016 Deus
754 2969 918 3017 vester
961 2961 1173 3034 (Ibid.).
1212 2962 1370 3025 Ecce,
1420 2962 1622 3019 fratres
1649 2964 1859 3019 charis-

269 3051 426 3116 simi,
477 3060 676 3123 quanta
729 3054 1049 3110 auctoritate
1095 3055 1234 3108 ritus
1282 3053 1442 3124 hujus
1504 3054 1862 3109 solemnitatis

264 3142 530 3213 primitus
558 3158 587 3197 a
625 3143 855 3202 Domino
894 3147 1223 3202 constitutus
1262 3156 1366 3211 est,
1423 3163 1585 3219 quem
1637 3148 1860 3205 minime

1964 1964 2190 2030 veniam,
2244 1972 2294 2017 et
2326 1964 2581 2035 accipiam
2635 1980 2721 2018 vos
2765 1968 2834 2017 ad
2879 1962 3155 2032 meipsum,
3196 1969 3253 2013 ut
3286 1961 3375 2014 ubi
3426 1976 3544 2014 sum

1962 2071 2078 2126 ego,
2119 2063 2169 2109 et
2194 2071 2285 2109 vos
2318 2055 2434 2109 sitis
2463 2053 2644 2127 (Joan.
2689 2053 2823 2126 Juv).
2878 2052 3031 2107 Hanc
3057 2052 3387 2106 lmtissimam
3417 2065 3547 2120 pro-

1962 2146 2274 2202 missionem
2300 2145 2681 2215 Redemptoris
2711 2144 2885 2200 nostri
2912 2142 3291 2212 suscipientes,
3338 2141 3542 2197 fratres

1962 2240 2292 2305 charissimi,
2327 2246 2500 2295 totum
2528 2236 2856 2294 desiderium
2890 2246 3139 2291 nostrum
3167 2235 3220 2288 in
3249 2234 3366 2304 ejus
3395 2232 3569 2307 amo-ﬁ

1961 2344 2079 2385 rem
2098 2336 2405 2394 vertamus;
2465 2343 2575 2383 non
2623 2328 2793 2382 simus
2818 2324 3019 2395 cupidi,
3057 2336 3233 2393 neque
3269 2322 3418 2386 elati,
3468 2322 3540 2377 ad

1961 2430 2283 2491 praesentem
2328 2420 2746 2490 prosperitatem
2799 2417 3171 2480 intendentes,
3221 2414 3316 2470 sed
3372 2413 3546 2484 magis

1962 2513 2279 2569 festinemus
2305 2527 2405 2582 per
2446 2512 2731 2582 ptmscntis
2766 2510 2891 2565 vitae
2927 2509 3169 2564 laborem
3195 2507 3263 2562 ad
3301 2504 3546 2575 requiem

1963 2604 2148 2659 venire
2189 2598 2683 2673 perpetuamzPer
2729 2598 2924 2654 multas
2972 2598 3118 2652 enim
3178 2594 3544 2650 tribulationes

1961 2706 2157 2767 oportet
2196 2712 2289 2750 nos
2315 2698 2515 2749 intrare
2537 2694 2591 2748 in
2620 2708 2836 2763 regnum
2859 2689 3109 2762 Dei(Act.
3158 2685 3294 2759 xiv).
3327 2684 3547 2739 Scimus

1962 2787 2030 2840 ad
2058 2786 2453 2857 eleemosynam
2492 2784 2749 2855 prompti,
2805 2781 2939 2852 largi
2978 2782 3032 2835 in
3062 2776 3349 2833 tribuendo
3397 2773 3541 2829 sola-

1960 2875 2098 2929 tium
2146 2874 2428 2946 egentibus
2472 2873 2734 2943 proximis
2779 2871 2999 2927 nostris.
3030 2868 3169 2924 Nudi
3224 2864 3547 2921 intravimus

1963 2963 2018 3019 in
2071 2966 2217 3020 hunc
2262 2963 2540 3027 mundum,
2588 2962 2719 3017 nudi
2757 2960 3026 3016 exibimus
3070 2959 3138 3014 de
3184 2957 3288 3011 hoc
3338 2952 3551 3008 mundo~

1964 3054 2110 3126 (Job.
2139 3055 2201 3127 ι).
2231 3054 2683 3110 Thesaurizemus
2711 3052 2868 3108 nobis
2895 3052 3167 3105 thesauros
3197 3048 3254 3101 in
3285 3043 3434 3107 caelo,
3453 3041 3549 3096 ubi

1964 3162 2058 3199 nec
2097 3161 2294 3215 aerugo,
2333 3161 2424 3197 nec
2450 3145 2590 3197 tinea
2619 3141 2917 3204 demolitur,
2946 3156 3039 3193 nec
3075 3139 3216 3209 fures
3265 3133 3545 3203 e/Todiunt,

264 3233 478 3290 violare
501 3234 649 3303 licet,
673 3235 785 3293 imo
803 3252 926 3293 cum
951 3238 1098 3294 omni
1130 3239 1555 3295 honoriﬁcentia
1571 3240 1853 3306 virtutum,
1886 3219 1931 3283 (ἶ
1963 3248 2055 3286 nec
2093 3231 2341 3302 furantur
2384 3229 2599 3301 (Matth.
2647 3228 2742 3299 γι).
2791 3226 3128 3297 Castigemus
3180 3235 3403 3277 carnem
3449 3233 3546 3272 no-

266 3327 588 3383 sobrietatis
615 3344 836 3400 quoque
857 3338 912 3386 et
939 3331 1232 3397 castitatis,
1264 3330 1456 3401 jejunii
1484 3340 1540 3387 et
1576 3346 1857 3386 sacrarum

265 3419 604 3488 orationum,
666 3422 828 3493 digne
869 3424 1121 3479 venerari
1186 3425 1363 3480 decet.
1413 3424 1527 3480 Nec
1567 3439 1855 3480 onerosum

268 3507 440 3564 videri
474 3509 633 3566 debet
673 3512 948 3569 dilectioni
970 3523 1165 3570 vestrm
1190 3516 1238 3570 si
1273 3514 1454 3585 aliqua
1481 3515 1645 3571 verba
1672 3531 1741 3571 ex
1770 3531 1859 3571 su-

270 3600 566 3669 prapositis
590 3603 875 3659 sententiis
913 3619 1267 3675 exponamus,
1304 3606 1432 3676 quia
1486 3606 1695 3663 dulcius
1724 3606 1856 3662 illud

268 3689 637 3756 celebrabitis,
679 3696 836 3763 cujus
877 3696 1143 3751 rationem
1191 3696 1332 3752 bene
1378 3696 1728 3767 cognoscitis.
1761 3695 1859 3752 Se-

268 3784 552 3851 ptenarius
601 3801 736 3856 ergo
772 3803 1032 3843 numerus
1074 3788 1311 3858 primum
1360 3789 1666 3844 evidentem
1721 3789 1860 3861 gerit

267 3872 625 3941 perfectionis
665 3893 730 3932 ac
772 3880 1259 3935 consummationis
1288 3880 1518 3952 figuram
1551 3899 1563 3934 :
1595 3882 1711 3935 sive
1738 3895 1858 3950 spe-

267 3962 486 4019 cialiter
547 3966 974 4039 uniuscujusque
1025 3978 1297 4037 nostrum,
1356 3971 1472 4026 sive
1534 3970 1860 4042 generaliter

268 4055 512 4109 omnium
539 4055 856 4124 electorum,
887 4061 1032 4130 quod
1079 4062 1266 4132 utique
1294 4061 1515 4117 denotat
1548 4060 1697 4127 illud,
1730 4062 1857 4132 quia

270 4144 416 4199 Deus
443 4145 498 4200 in
526 4146 611 4202 die
633 4150 860 4219 septima
899 4152 1135 4207 cessavit
1177 4152 1245 4207 ab
1267 4152 1522 4221 operibus
1556 4153 1691 4217 suis,
1719 4153 1856 4208 dans

271 4235 433 4290 nobis
459 4250 526 4290 ex
556 4237 670 4308 ipsa
708 4241 952 4310 requiem
983 4250 1227 4297 nostram
1280 4241 1571 4310 conjicere,
1620 4243 1688 4298 de
1749 4257 1857 4312 qua

268 4323 473 4382 Paulus
511 4329 625 4383 ait:
655 4328 759 4395 Qui
781 4333 919 4385 enim
939 4332 1207 4402 ingressus
1243 4341 1320 4387 est
1341 4334 1398 4387 in
1424 4331 1571 4387 illam
1607 4333 1855 4405 requiem,

268 4418 517 4489 requievit
556 4421 667 4492 ipse
703 4423 768 4476 ab
799 4423 1039 4478 omnibus
1065 4425 1306 4496 operibus
1338 4426 1469 4490 suis,
1509 4426 1645 4479 sicut
1682 4441 1714 4478 a
1740 4425 1850 4479 suis

266 4505 416 4563 Deus
463 4508 648 4582 (Hebr.
682 4512 779 4585 tv).
832 4512 938 4569 Sed
966 4514 1182 4570 initium
1210 4516 1693 4572 consummationis
1722 4524 1858 4572 tem-

263 4611 484 4667 porum,
509 4600 722 4657 Domini
749 4613 832 4659 est
861 4604 1165 4672 adventus;
1193 4605 1261 4659 de
1286 4621 1395 4676 quo
1419 4605 1654 4662 Joannes
1685 4622 1850 4662 evan~

266 4687 465 4758 gelista
493 4690 571 4743 ait
604 4709 617 4744 :
648 4689 822 4759 ﬁlioli,
845 4693 1127 4747 novissima
1160 4693 1299 4748 enim
1320 4695 1449 4748 hora
1470 4704 1543 4748 est
1574 4711 1592 4758 ;
1641 4694 1746 4750 hoc
1776 4684 1863 4748 vi-i

265 4776 472 4834 delicet
501 4783 712 4850 tempus
733 4782 947 4851 septimi
977 4785 1182 4839 mensis
1200 4785 1306 4839 rite
1329 4785 1622 4855 significat,
1655 4785 1708 4839 in
1749 4798 1859 4854 quo

266 4870 517 4939 requiem
544 4871 749 4927 habere
776 4873 1117 4943 incipiemus,
1160 4875 1213 4929 id
1233 4883 1337 4940 est,
1381 4888 1571 4930 carere
1601 4874 1860 4945 operibus

262 4959 448 5027 malis,
501 4968 557 5015 et
582 4976 613 5015 a
651 4961 800 5032 gravi
861 4963 1074 5018 sarcina
1113 4972 1461 5034 peccatorum
1496 4963 1739 5019 liberari.
1801 4963 1860 5018 In

266 5050 376 5106 hoc
402 5066 535 5122 ergo
575 5053 704 5107 tuba
725 5054 1033 5123 apostolica:
1071 5055 1473 5125 praedicationis
1522 5053 1590 5110 ad
1625 5054 1864 5111 sanctiﬁ-

261 5141 539 5196 eationem
576 5157 676 5198 nos
704 5143 915 5211 invitat,
966 5154 1022 5200 et
1076 5146 1295 5201 servilia
1341 5159 1508 5216 opera
1555 5162 1727 5217 agere
1762 5162 1857 5202 ve-

264 5238 348 5287 tat
373 5251 387 5287 :
412 5248 521 5288 non
547 5242 633 5291 est
661 5235 805 5290 enim
831 5236 946 5305 jam
978 5244 1189 5306 tempus
1218 5251 1382 5306 opera
1413 5236 1628 5291 servilia
1654 5235 1855 5301 facere,

264 5323 396 5394 quia
428 5323 626 5380 suliicit
653 5326 987 5395 praeteritum
1018 5336 1231 5398 tempus
1267 5327 1335 5381 ad
1361 5326 1695 5381 voluntatem
1724 5341 1857 5398 gen-

264 5416 424 5482 tium,
487 5415 542 5470 in
589 5431 696 5486 quo
721 5425 869 5486 gesta
910 5425 1037 5473 sunt
1065 5432 1132 5473 ea
1160 5433 1302 5488 -qum
1340 5425 1501 5473 erant
1549 5417 1769 5487 turpia;
1801 5427 1860 5474 et

268 5508 532 5565 debemus
565 5509 1019 5578 quemadmodum
1056 5510 1403 5566 exhibuimus
1451 5510 1697 5565 membra
1755 5525 1856 5565 no-

269 5608 385 5656 stra
428 5615 584 5654 arma
638 5599 944 5670 iniquitatis
966 5600 1035 5655 ad
1063 5600 1434 5669 iniquitatem,
1478 5599 1553 5654 ita
1600 5598 1859 5654 exhibere

271 5690 517 5747 membra
575 5699 761 5745 nostra
808 5705 960 5746 arma
1000 5690 1228 5761 justitia:
1272 5690 1328 5745 in
1371 5689 1855 5745 sanctiﬁcationem

271 5779 445 5850 (liam.
477 5780 577 5854 vr),
596 5781 698 5837 hoc
720 5789 805 5838 est
829 5781 977 5837 enim
999 5796 1188 5838 verum
1205 5781 1591 5838 holocaustum
1620 5781 1853 5838 Domini.

1959 3329 2129 3382 stram
2153 3335 2277 3374 eum
2316 3317 2538 3389 jejuniis
2583 3327 2639 3372 et
2672 3317 2901 3388 vigiliis;
2956 3313 3348 3369 mortificemus
3390 3308 3543 3364 volu—

1957 3419 2161 3481 ptatcm
2210 3408 2479 3479 corporis,
2527 3415 2589 3462 ut
2638 3405 2692 3460 in
2720 3405 2879 3460 nobis
2907 3404 3089 3474 vigeat
3119 3402 3295 3456 virtus
3330 3398 3545 3454 animas.

1960 3497 2144 3554 Omnis
2180 3498 2319 3553 enim
2385 3497 2563 3551 anima
2611 3511 2731 3567 qua:
2768 3495 2965 3565 amicta
2999 3508 3107 3546 non
3153 3489 3317 3560 fuerit
3362 3489 3419 3544 in
3455 3485 3545 3542 die

1957 3591 2075 3655 hoc,
2111 3590 2298 3660 peribit
2338 3589 2403 3643 de
2424 3586 2630 3659 populis
2652 3586 2781 3640 suis.
2813 3584 2927 3639 Hoc
2952 3591 3036 3639 est
3061 3589 3321 3653 patenter;
3336 3579 3547 3645 dicere,

1958 3680 2213 3751 Quisquis
2231 3679 2287 3734 in
2331 3678 2588 3750 praesenti
2625 3677 2737 3731 vita
2760 3674 3013 3731 deliciose
3044 3681 3109 3729 et
3123 3672 3362 3743 segniter
3383 3670 3552 3734 vivit,

1957 3773 2406 3830 exterminabitur
2448 3770 2518 3825 de
2545 3776 2693 3824 coetu
2727 3774 3063 3830 sanctorum,
3103 3761 3322 3834 quando
3361 3758 3543 3830 justus

1950 3860 2121 3932 judex
2157 3861 2294 3917 bene
2321 3859 2658 3916 certantibus
2690 3858 2911 3927 praemia
2932 3852 3119 3909 reddet
3148 3860 3374 3914 aeterna,
3406 3850 3548 3905 otio-

1957 3954 2034 4009 sis
2062 3959 2323 4008 autemet
2360 3947 2754 4021 negligentibus
2796 3944 3059 4016 supplicia
3089 3942 3291 3999 tribuet
3341 3939 3544 4010 sempi—

1958 4054 2133 4102 terna.
2179 4043 2238 4100 In
2266 4046 2370 4099 hac
2393 4040 2610 4113 quidem
2642 4037 2897 4109 pratsenti
2947 4034 3270 4105 septimana,
3324 4031 3551 4094 fratres,

1957 4134 2253 4192 secundum
2269 4131 2723 4190 constitutionem
2748 4134 3060 4182 sanctorum
3083 4122 3327 4186 Patrum,
3349 4128 3548 4191 quarta

1956 4237 2012 4283 et
2041 4237 2193 4283 sexta
2221 4225 2383 4290 feria,
2408 4237 2512 4277 nec
2535 4236 2642 4276 non
2667 4226 2723 4274 et
2748 4218 2995 4282 sabbato,
3026 4215 3180 4271 nobis
3193 4212 3551 4282 jejunandum

1956 4328 2058 4383 est,
2086 4324 2147 4372 ut
2173 4319 2233 4372 in
2257 4315 2448 4371 diebus
2478 4309 2877 4384 propitiationis
2912 4323 3011 4378 per
3048 4305 3254 4378 jejunia
3295 4313 3353 4360 et
3408 4303 3553 4359 elec-

1936 4425 2231 4481 rmosyuas,
2245 4424 2344 4478 per
2367 4421 2558 4478 preces
2582 4414 2637 4459 et
2659 4402 3101 4474 supplicationes,
3124 4396 3551 4455 misericordiam

1958 4504 2013 4557 in
2044 4508 2340 4572 conspectu
2374 4496 2670 4554 conditoris
2708 4494 2880 4549 nostri
2938 4492 3183 4548 invenire
3215 4502 3546 4544 mereamur.

1885 4575 1932 4635 ι)
1960 4594 2150 4650 Nullus
2177 4609 2236 4649 se
2262 4601 2511 4648 nostrum
2549 4591 2603 4644 in
2650 4587 2926 4657 pnndietis
2946 4585 3139 4640 diebus
3183 4583 3252 4638 ab
3299 4579 3546 4636 ecclesiae

1959 4697 2226 4745 conventu
2255 4686 2565 4750 subtrahat,
2594 4684 2690 4738 sed
2719 4682 2893 4752 magis
2921 4695 2980 4735 se
3004 4681 3201 4735 ibidem
3231 4678 3373 4732 inter
3395 4692 3551 4732 sacra

1962 4781 2252 4835 missarum
2306 4775 2571 4832 solemnia
2608 4775 2716 4828 Deo
2752 4787 2872 4826 eum
2900 4769 3160 4841 lacrymis
3184 4776 3240 4821 et
3289 4781 3553 4835 compun-

1960 4872 2144 4927 ctione
2170 4868 2353 4924 cordis
2397 4865 2605 4922 orando
2634 4863 3018 4919 commendare
3068 4860 3288 4915 studeat
3326 4863 3553 4927 :quate—

1965 4979 2065 5017 nus
2106 4960 2479 5016 remissionem
2538 4955 2934 5027 prmteritorum
2982 4960 3329 5022 peccatorum
3373 4948 3553 5019 perci-

1966 5055 2118 5126 piat,
2172 5061 2229 5108 et
2266 5067 2365 5122 per
2415 5050 2644 5122 gratiam
2689 5046 2905 5116 adjutus
2968 5045 3021 5098 in
3082 5043 3292 5108 futuro,
3355 5041 3549 5099 melius

1965 5163 2023 5202 se
2071 5163 2101 5200 a
2145 5145 2383 5216 peccatis
2430 5141 2684 5197 omnibus
2709 5141 2999 5194 observare
3023 5144 3227 5205 queat:
3257 5139 3553 5205 praestante

1966 5238 2085 5308 ipso
2103 5236 2464 5305 Redemptore
2480 5240 2670 5286 nostro
2697 5229 2824 5285 Iesu
2849 5227 3091 5293 Christo,
3113 5226 3206 5297 qui
3230 5241 3353 5280 cum
3384 5224 3552 5278 Patre

1962 5334 2019 5380 et
2064 5324 2270 5395 Spiritu
2297 5332 2486 5379 sancto
2521 5321 2656 5376 vivit
2682 5329 2737 5375 et
2780 5327 2971 5389 regnat
3020 5319 3183 5383 Deus,
3224 5331 3322 5387 per
3366 5314 3549 5370 omnia

1964 5417 2157 5473 smeula
2194 5416 2535 5471 saeculorum.
2564 5412 2756 5466 Amen.

2498 5499 2781 5559 HOMILIA
2817 5499 3011 5556 XXX‘I.

2035 5613 2089 5652 IN
2127 5610 2484 5653 FESTIVITATE
2521 5608 2711 5648 ελδερ-ιι
2750 5604 3034 5647 IIICIIAELIS
3071 5598 3428 5644 ARCHANGELL

2036 5687 2185 5743 Beati
2214 5685 2494 5743 Michaelis
2522 5682 2808 5749 solemnia,
2835 5681 3035 5736 fratres
3060 5675 3386 5740 charissimi,
3407 5673 3548 5730 cele-

1964 5782 2205 5845 brantes,
2270 5778 2400 5834 libet
2441 5791 2540 5831 nos
2579 5773 2782 5843 aliquid
2831 5771 2985 5827 vobis
3031 5771 3096 5827 de
3129 5770 3231 5824 hac
3260 5766 3548 5837 festivitate
