4036 6370
545 389 619 445 59
1174 389 1235 445 Β.
1276 389 1529 446 ΚᾹΒᾹΝΙ
1566 389 1782 447 ΜᾹΗΙΠ
1819 386 2091 445 ARCHIE]

2193 387 2485 445 llOGUN'l'.
2523 386 2809 445 OPERUM
2847 388 3025 446 PARS
3062 389 3126 446 ll:
3711 398 3815 453 ωε

542 502 743 565 dicere,
770 508 1035 571 quatenus
1073 515 1227 557 mens
1252 512 1429 558 vestra
1456 518 1524 558 eo
1558 505 1822 559 valentior
1844 506 1911 559 ad
1941 504 2106 559 omle—
2136 509 2178 567 Α
2208 504 2515 558 nominatur
2544 520 2557 555 :
2601 502 2767 557 illum
2791 502 2986 572 quippe
3012 500 3261 558 nuntiare
3288 503 3557 571 veniebat,
3590 509 3681 576 qui
3708 511 3780 565 ad

541 603 726 650 sttasc
751 595 943 664 erigat,
992 608 1100 663 quo
1153 607 1211 649 se
1256 595 1534 665 cognoscit
1568 610 1754 650 eorum
1794 594 2108 649 memoriam
2210 594 2552 650 debellandas
2594 608 2780 650 aereas
2813 593 3347 665 potestates-humilis
3381 610 3641 666 apparere
3690 600 3778 653 di-

538 687 787 742 venerari
817 687 871 741 itt
927 688 1107 751 terris,
1140 702 1382 756 quorum.
1409 688 1669 743 habitatio
1692 697 1779 743 est
1818 704 2029 758 semper
2054 689 2107 742 in
2209 693 2401 755 gnatus
2431 694 2531 739 est.
2568 684 2806 754 Raphael
2846 697 3079 754 quoque,
3108 686 3200 755 qui
3252 686 3319 740 ad
3347 687 3642 741 curandum
3669 687 3783 745 To-

541 778 713 833 caelis.
754 779 897 833 Bene
923 791 1053 847 ergo
1089 779 1375 847 praevisum
1404 789 1487 833 est
1540 781 1695 834 nobis
1725 796 1757 834 a
1779 782 1980 835 sanctis
2007 779 2109 834 Pa-
2207 774 2308 829 hia:
2329 773 2511 829 oculos
2541 774 2789 837 mittitur,
2815 773 3033 845 dignum
3056 774 3305 830 videlicet
3326 774 3427 830 fuit
3454 784 3515 830 ut
3540 776 3635 831 Dei
3664 793 3782 834 ηια-

540 869 732 934 tribus,
757 876 817 922 ut
856 868 949 937 qui
972 876 1285 922 sanctorum
1318 878 1617 939 martyrum
1649 878 1810 938 atque
1835 869 2109 924 confesso—
2206 865 2382 919 dicina
2428 873 2729 919 vocaretur.
2763 863 3052 920 Sciendum
3091 878 3222 934 ergo
3262 873 3348 920 est
3372 866 3514 934 quod
3541 865 3643 935 ipsi
3675 882 3803 920 ειη-μ

539 975 659 1013 rum
688 976 785 1029 per
830 966 998 1012 totum
1028 975 1225 1013 annum
1271 960 1453 1014 varias
1506 960 1896 1015 celebrationes
1944 961 2109 1014 habeo
2205 957 2358 1027 gelici
2380 957 2620 1026 spiritus,
2642 971 2762 1012 cum
2795 957 2860 1010 ad
2899 972 2999 1012 nos
3024 958 3373 1022 veniunt,.sic
3408 959 3649 1013 exterius
3673 958 3779 1012 int-

540 1062 677 1111 mus,
704 1047 757 1100 in
798 1047 985 1102 diebus
1029 1047 1285 1101 natalium
1339 1063 1548 1111 eorum,
1604 1050 1817 1117 quando
1846 1050 1911 1104 de
1937 1060 2107 1103 morte
2206 1047 2353 1117 plent
2396 1049 2753 1103 ministerium
2784 1056 2845 1103 ut
2882 1057 3063 1103 tamen
3102 1062 3376 1116 nunquam
3417 1049 3593 1103 desint
3635 1049 3779 1104 inlc-

538 1136 1009 1205 triumphaverunt
1035 1145 1090 1191 et
1136 1137 1202 1190 ad
1233 1138 1399 1192 vitam
1453 1140 1627 1193 renati
1665 1148 1791 1193 sunt
1827 1149 2104 1205 :eternam,
2206 1138 2317 1193 rius
2354 1154 2449 1208 per
2474 1138 2997 1208 contemplationem.
3028 1138 3096 1193 Et
3120 1138 3406 1193 tnittuntur
3426 1139 3589 1209 igitur
3612 1147 3671 1195 et
3687 1154 3779 1194 as-

537 1227 725 1281 saltcm
768 1227 852 1281 vel
896 1243 1001 1281 una
1049 1228 1135 1283 die
1181 1238 1493 1284 sanctorum
1524 1230 1965 1301 arcltangolorttm
1994 1247 2109 1287 me-
2205 1228 2424 1293 sistunt,
2463 1230 2586 1298 quia
2629 1230 2737 1284 Deo
2790 1229 2993 1298 ubique
3036 1237 3326 1299 prmsentes
3383 1238 3552 1284 sunt:
3589 1237 3782 1283 amant

536 1318 762 1371 ntoriam
787 1318 1096 1372 solemniter
1116 1333 1535 1386 veneraremur,
1571 1330 1630 1377 ut
1658 1337 1884 1392 quorum
1917 1338 2130 1378 omnes.
2203 1325 2259 1371 et
2283 1318 2538 1373 obediunt
2580 1326 2742 1388 atque
2772 1319 2824 1372 in
2862 1319 3168 1374 humilitate
3199 1319 3532 1387 persistunt;
3586 1319 3778 1373 fruun-

446 1472 455 1479 _
536 1421 751 1476 semper
773 1409 1072 1479 indigemus
1092 1410 1289 1465 auxilio
1317 1420 1502 1465 contra
1539 1414 1708 1468 hostis
1739 1414 1943 1483 antiqui
1974 1414 2107 1469 insi—
2207 1415 2295 1461 tur
2339 1408 2479 1463 bono
2530 1409 2910 1475 inmstimahili,
2959 1418 3015 1463 et
3052 1409 3121 1464 ob
3147 1410 3259 1466 ltocr
3298 1410 3534 1480 gaudent
3581 1409 3775 1465 laetitia

533 1497 671 1562 dias,
700 1498 862 1553 etiam
902 1500 955 1552 in
996 1500 1267 1554 comntttni
1296 1509 1563 1554 conventu
1595 1503 1799 1572 pariter
1846 1518 2034 1557 eorum
2071 1520 2103 1558 a
2204 1496 2573 1553 inenarrabili.
2615 1499 2810 1554 Pacem
2839 1500 2981 1553 inter
3015 1514 3074 1555 se
3116 1500 3316 1554 habent
3334 1505 3672 1570 perpetuam,
3719 1509 3780 1555 et

535 1585 764 1641 Domino
798 1588 1196 1658 postularemus
1240 1588 1513 1661 suﬁ‘ragia.
1553 1591 1876 1662 Angelornm
1906 1594 2107 1663 quippe
2200 1603 2388 1657 pacem
2417 1588 2694 1643 nobiscum
2745 1597 2933 1644 tenere
2960 1597 3165 1659 Optant.
3231 1588 3372 1644 Sunt
3398 1589 3493 1659 pii,
3528 1590 3774 1660 benigni,

533 1686 590 1733 et
630 1678 919 1733 hominum
957 1689 1206 1733 naturam
1247 1681 1313 1734 ad
1359 1683 1788 1752 cognoscendum
1837 1700 1895 1739 se
1923 1684 2116 1739 Domi.
2200 1677 2759 1747 tttisericordes,pleni
2788 1677 3095 1744 dileetione,
3124 1677 3258 1732 nihil
3284 1678 3396 1733 Deo
3420 1678 3640 1732 eharius
3673 1678 3778 1731 du—

532 1783 635 1823 nus
687 1770 948 1834 condidit,
999 1785 1159 1839 quam
1206 1769 1332 1825 dum
1376 1773 1673 1829 consistere
1719 1774 1786 1828 ad
1837 1784 2101 1829 aeternum
2200 1774 2348 1831 cum.
2405 1775 2462 1822 et
2506 1768 2572 1822 ad
2607 1768 2753 1822 hunc
2791 1781 3028 1822 amorem
3071 1782 3172 1822 nos
3222 1766 3517 1822 accendere
3560 1765 3799 1821 volunt.

525 1858 715 1923 voluit,
771 1860 932 1915 etiam
963 1862 1149 1931 procul
1195 1862 1359 1918 dubio
1404 1865 1470 1918 ad
1496 1881 1649 1920 suam
1694 1867 2091 1922 similitudinem

2200 1856 2388 1912 Finem
2417 1857 2595 1927 gaudii
2623 1858 2707 1914 sui
2743 1874 2867 1913 non.
2888 1858 3296 1928 pertimescunt,
3318 1865 3374 1913 et
3398 1858 3538 1913 hanc
3562 1858 3780 1913 securi-

525 1952 751 2008 ereavit.
799 1952 1000 2009 Novem
1036 1969 1168 2010 vero
1206 1963 1330 2011 sunt
1366 1958 1589 2013 ordines
1627 1959 1963 2029 angelorum,
1999 1959 2091 2014 de-

2202 1957 2364 2004 tatem
2386 1964 2483 2004 nos
2512 1964 2694 2005 secum
2724 1950 2779 2006 in
2799 1942 2953 2007 oculis
2975 1950 3176 2006 habere
3199 1950 3439 2019 cupiunt.
3488 1948 3597 2005 Sed
3632 1948 3776 2014 lucc,
3794 2000 3807 2008 .

528 2041 702 2096 cimus
735 2058 948 2112 quoque
991 2043 1154 2097 homo
1175 2054 1258 2099 cst
1295 2053 1532 2110 creatus,
1561 2047 1653 2116 qui
1689 2048 1951 2102 conditori
1998 2062 2091 2102 suo

2197 2041 2417 2107 fratres,
2445 2057 2533 2095 me
2560 2042 2830 2111 loquente,
2870 2044 3136 2097 introrsus
3167 2056 3263 2096 vos
3298 2042 3368 2095 ad
3415 2040 3799 2108 vosmetipsos-

529 2146 632 2185 nec
654 2141 777 2201 post
809 2132 1018 2203 culpam
1045 2134 1226 2203 periit,
1255 2136 1379 2204 quia
1420 2136 1562 2190 hunc
1601 2146 1803 2191 aeterna
1829 2139 2095 2207 sapientia
2198 2133 2457 2197 reducite,
2484 2140 2816 2188 secretorum
2846 2140 3150 2187 vestrorum
3174 2130 3366 2186 merita
3387 2130 3781 2199 cogitationes-

526 2236 626 2291 per
671 2238 893 2278 carnem
941 2225 1218 2280 miraculis
1243 2242 1557 2291 coruscans,
1600 2229 1754 2297 quasi
1801 2244 1868 2283 ex
1898 2228 2096 2283 lumine
2198 2240 2303 2293 que
2336 2225 2608 2280 discutite.
2633 2224 2824 2279 Videte
2851 2224 2899 2279 si
2941 2221 3069 2294 quid
3086 2221 3203 2291 jam
3229 2222 3353 2277 boni
3380 2222 3658 2278 vobiscum
3689 2222 3778 2276 in—

527 2320 698 2376 testte,
744 2314 1037 2382 reparavit.
1062 2313 1197 2369 Nam
1226 2323 1453 2371 testante
1479 2333 1635 2371 sacro
1658 2318 1850 2388 elogio,
1893 2319 2098 2374 scimus
2197 2323 2283 2369 tus
2329 2314 2508 2384 agitis,
2550 2312 2727 2367 videte
2764 2313 2821 2367 si-
2862 2312 2917 2367 itt
2962 2327 3188 2367 numero
3231 2312 3425 2366 horum
3468 2310 3805 2381 agminum,.

2195 2419 2315 2474 qum
2327 2404 2565 2459 breviter
2589 2402 2858 2475 tangendo
2884 2403 3538 2472 perstrinximus,sortem
3572 2410 3773 2457 vestrm

2195 2495 2494 2551 vocationis
2516 2494 2785 2549 invenitis.
2820 2494 2912 2548 Vae
2934 2501 3112 2548 autem
3141 2492 3336 2547 animae
3361 2507 3481 2560 qua:
3522 2491 3575 2545 in
3611 2506 3672 2545 sc
3698 2490 3800 2546 de

2193 2586 2280 2642 bis
2328 2586 2485 2641 bonis
2510 2601 2630 2656 quae
2657 2583 2952 2648 numeravi,
2984 2582 3207 2637 minime
3246 2580 3449 2650 aliquid
3501 2596 3771 2651 recogno-

2193 2677 2317 2742 scit,
2339 2677 2496 2745 eique
2539 2677 2717 2730 adhuc
2750 2689 2832 2729 vae
2863 2674 3100 2730 deterius
3130 2672 3396 2735 imminet,
3426 2670 3471 2726 si
3493 2672 3766 2741 privatam

2194 2785 2253 2825 se
2280 2771 2434 2825 donis
2454 2770 2703 2840 intelligit
2725 2777 2777 2823 et
2792 2782 3132 2838 nequaquam
3151 2766 3333 2835 gemit.
3355 2761 3608 2832 Quisquis
3629 2776 3771 2831 ergo

2194 2860 2316 2914 talis
2336 2868 2441 2923 est,
2468 2859 2664 2914 fratres
2703 2859 2830 2923 mei,
2857 2857 3150 2929 gemendus
3172 2864 3258 2910 est
3282 2854 3479 2918 valde,.
3497 2850 3621 2921 quia
3644 2863 3791 2904 non-

2193 2949 2375 3019 gemit.
2403 2949 2699 3003 Pcnsemus
2727 2948 2892 3017 igitur
2922 2952 3142 3013 accepta
3191 2942 3485 2998 electorum
3514 2951 3789 3001 munera...

2191 3048 2246 3095 ct
2271 3040 2472 3093 virtute
2513 3053 2620 3106 qua
2660 3050 2964 3106 possumus,
3018 3033 3087 3089 ad
3114 3046 3352 3088 amorem
3398 3037 3562 3084 tanta:
3599 3026 3797 3081 sortis-

517 3127 645 3173 sunt
682 3121 878 3191 angeli,
922 3137 1044 3177 cum
1086 3138 1182 3194 per
1209 3137 1302 3178 cos
1342 3123 1520 3192 aliqua
1563 3126 1899 3181 nuntiantur.
1936 3126 2088 3183 Unde
2191 3128 2527 3183 anhelamus.
2557 3126 2659 3192 Qui
2691 3128 2744 3181 in
2769 3141 2827 3181 se
2854 3124 3121 3180 donorum
3158 3121 3387 3190 gratiam
3415 3118 3637 3173 minime
3678 3132 3792 3170 re»

512 3218 572 3266 et
604 3226 704 3282 per
748 3212 1086 3269 Psalmistam
1121 3215 1317 3269 dicitur
1348 3232 1362 3269 :
1393 3214 1496 3280 Qui
1542 3215 1667 3284 facit
1706 3216 1919 3287 angelos
1963 3233 2086 3271 suos
2115 3211 2159 3273 C
2190 3219 2483 3288 cognoscit,
2508 3226 2715 3288 gemat;
2742 3217 2835 3285 qui
2859 3231 2988 3272 vero
3016 3216 3071 3269 in
3099 3230 3158 3270 sc
3180 3214 3442 3269 minorem
3464 3209 3767 3280 cognoscit,

514 3302 728 3372 spiritus
771 3300 941 3373 (Psal.
998 3303 1145 3373 cut);
1175 3319 1239 3357 ac
1287 3304 1331 3359 si
1360 3313 1614 3373 patenter
1638 3306 1783 3361 dicat
1815 3323 1829 3358 :
1858 3307 1960 3374 Qui
1990 3321 2084 3362 eos
2188 3304 2448 3374 majorem
2498 3306 2619 3360 aliis
2669 3321 2776 3360 non
2821 3306 3077 3368 invideat,
3128 3303 3256 3374 quia
3282 3309 3339 3355 et
3359 3313 3604 3369 superna:
3661 3297 3775 3353 illa:

512 3403 651 3461 quos
681 3406 893 3460 semper
921 3393 1080 3448 habet
1108 3394 1346 3465 spiritus,
1374 3395 1538 3449 etiam
1567 3409 1688 3449 cum
1711 3394 1962 3460 voluerit,
1986 3410 2085 3450 an-
2188 3397 2567 3452 distinctiones
2596 3397 2875 3451 beatorum
2919 3394 3207 3465 spirituum
3247 3394 3321 3447 ita
3353 3400 3480 3446 sunt
3511 3389 3765 3455 condite,

512 3481 659 3553 gelos
686 3481 832 3537 facit.
873 3482 978 3538 Sed
1022 3493 1199 3537 tamen
1226 3500 1344 3539 mos
1390 3486 1789 3540 ecclesiasticus
1830 3486 2086 3553 obtinuit,
2188 3494 2255 3541 ut
2292 3486 2412 3542 alia:
2455 3486 2575 3541 aliis
2621 3487 2730 3541 sint
2768 3485 3022 3556 praelatae,
3076 3485 3170 3538 sed
3216 3492 3393 3538 tamen
3429 3495 3620 3536 omnes
3657 3494 3766 3533 una

511 3580 732 3641 propter
757 3573 1202 3644 significationem
1226 3575 1570 3631 multifariam
1597 3592 1758 3646 quam
1800 3592 1967 3632 unum
1988 3592 2090 3631 no-
2185 3579 2484 3647 eademque
2508 3576 2770 3632 charitate
2810 3576 3044 3631 sociatm.
3102 3573 3398 3645 Diligamus
3417 3568 3717 3634 nos,.fratr-
3739 3584 3768 3623 ς

516 3678 638 3716 men
663 3664 883 3732 spiritus
906 3666 1171 3731 continet,
1203 3666 1343 3735 quod
1375 3666 1450 3720 illi
1476 3666 1715 3722 caelestis
1744 3666 2085 3722 Hierusalem
2188 3668 2525 3733 charissimi,
2569 3668 2823 3731 invicem,
2866 3665 3154 3736 diligamus
3180 3673 3236 3719 et
3260 3662 3377 3719 illos
3404 3661 3645 3718 caelestis
3671 3676 3761 3728 pa-

511 3755 661 3810 civcs
694 3757 869 3827 angeli
898 3758 1220 3828 generaliter
1248 3768 1688 3829 nuncuparentur
1711 3776 1727 3826 ;
1748 3758 1956 3815 Graeca
1976 3767 2101 3815 διο-ι
2190 3761 2306 3816 tria:
2353 3760 2594 3832 spiritus,
2623 3766 2682 3813 et
2708 3758 2920 3813 illorum
2949 3758 3225 3813 caelestem
3274 3754 3789 3816 conversationem,

516 3845 628 3899 nim
656 3845 852 3916 lingua,
904 3848 1098 3918 angeli,
1141 3849 1338 3912 nuntii,
1376 3849 1690 3921 archangeli
1729 3865 1858 3905 vero
1892 3851 2088 3906 summi
2188 3859 2448 3920 quantum
2510 3864 2815 3921 possumus,
2876 3850 2930 3905 in
2965 3848 3123 3904 bonis
3173 3846 3410 3901 moribus
3467 3844 3763 3899 imitemur.

2188 3944 2485 4015 Diliganms
2524 3950 2651 3998 ante
2695 3942 2877 3998 omnia
2914 3951 2975 3996 et
3008 3954 3171 4011 super
3195 3939 3379 3994 omnia
3430 3937 3766 3992 conditorem

2188 4044 2455 4101 nostrum,
2480 4036 2830 4104 deprecantes
2853 4033 2971 4103 ejus
2992 4030 3355 4094 clementiam,
3378 4035 3437 4081 ut
3457 4026 3549 4096 qui
3579 4040 3680 4081 nos
3699 4025 3768 4080 ah

2189 4128 2345 4182 initio
2391 4128 2533 4182 inter
2573 4134 2880 4181 sanctorum
2907 4124 3225 4195 angelorum
3262 4120 3537 4176 consortia
3564 4116 3783 4172 ascribi.

523 2402 762 2471 angelos,
814 2404 1187 2474 archangelos,
1242 2406 1488 2471 virtutes,
1525 2416 1845 2476 potestates,
1894 2408 2095 2477 princi-

520 2498 696 2557 patus,
727 2492 1137 2556 dominationes,
1177 2493 1418 2559 thronos,
1460 2495 1739 2549 cherubim
1766 2504 1928 2565 atque
1950 2511 2101 2550 sera-

522 2577 694 2645 phim,
749 2579 840 2648 qui
887 2580 942 2635 itt
991 2582 1208 2651 superni
1244 2582 1385 2650 regis
1426 2584 1623 2638 castris
1666 2600 1882 2655 semper
1914 2586 2096 2641 devoti

520 2667 836 2734 pcrsistunt,
876 2678 960 2723 est
993 2669 1060 2724 ab
1095 2670 1211 2740 ejus
1248 2671 1406 2726 laude
1457 2688 1733 2741 nunquam
1782 2676 2097 2731 cessabunt.

522 2756 629 2812 Sed
678 2767 856 2814 tamen
886 2761 1164 2816 sciendum
1222 2762 1366 2831 quod
1416 2767 1729 2833 angelorum
1774 2767 2094 2822 vocabulum

518 2862 715 2903 nomen
745 2860 830 2904 est
853 2849 1151 2917 oﬂicii,non
1177 2861 1401 2908 naturae.
1436 2854 1570 2908 Nam
1614 2856 1790 2911 sancti
1813 2856 1888 2910 illi
1935 2857 2096 2912 caele-

517 2938 618 2992 stis
639 2939 827 3008 patrite
850 2954 1063 3009 semper
1086 2941 1300 3010 quidem
1336 2950 1463 2997 sunt
1486 2943 1731 3011 spiritus,
1760 2945 1855 3000 sed
1879 2960 2094 3015 semper

519 3030 696 3084 vocari
726 3031 911 3101 angeli.
941 3047 1277 3102 nequaquam
1304 3042 1557 3102 possunt;
1607 3036 1733 3104 quia
1765 3044 1891 3092 tunc
1919 3037 2092 3092 solum

514 3939 688 3992 nuntii
732 3948 1013 3995 vocantur.
1074 3941 1140 3996 Hi
1182 3952 1360 3998 autem
1416 3943 1508 4012 qui
1558 3944 1785 3998 minima-
1816 3944 2097 4010 nuntiant,

514 4027 689 4099 angeli
714 4029 865 4099 ;.qui
906 4023 1034 4086 vero
1061 4046 1270 4086 summa
1300 4033 1639 4096 annuntiant,
1665 4033 1974 4106 archangeli
1994 4049 2090 4089 vo-

513 4131 741 4189 cantur;
790 4124 882 4193 qui
906 4124 1109 4180 idcirco
1139 4127 1305 4181 etiam
1332 4127 1557 4196 privatis
1587 4126 1899 4181 nominibus
1956 4139 2089 4181 cen-

515 4218 724 4277 sentur,
747 4220 808 4266 ut
832 4213 1077 4284 signetur
1102 4230 1201 4285 per
1219 4216 1478 4271 vocabula
1506 4215 1670 4270 etiam
1697 4215 1751 4270 in
1776 4215 2093 4284 operatione

514 4301 645 4372 quid
695 4302 927 4359 valeant.
976 4303 1159 4375 Neque
1202 4305 1346 4360 enim
1389 4305 1445 4359 in
1484 4304 1573 4358 illa
1614 4313 1804 4360 sancta
1847 4304 2090 4370 civitate,

518 4407 681 4461 quam
707 4393 915 4449 visione
941 4396 1320 4465 omnipotentis
1346 4394 1443 4450 Dei
1488 4395 1644 4465 plena
1674 4395 1901 4451 scientia
1928 4394 2093 4465 perfl-

517 4483 611 4546 cit,
656 4482 860 4539 idcirco
906 4486 1125 4555 propria
1156 4486 1376 4540 nomina
1412 4485 1732 4550 sortiuntur,
1783 4499 1853 4540 ne
1900 4498 2087 4540 eorum

2191 4219 2380 4285 voluit,
2438 4227 2749 4275 sanctorum
2776 4215 3230 4287 archangelorum
3261 4227 3482 4269 suorum
3507 4209 3783 4281 precibus

2188 4320 2469 4377 exoratus,
2499 4312 2568 4366 ad
2601 4326 2788 4366 eorum
2812 4309 3125 4366 societatem
3155 4321 3254 4362 nos
3272 4304 3556 4376 pervenire
3605 4301 3787 4356 faciat-

2189 4401 2346 4457 Jesus
2366 4401 2613 4457 Christus
2626 4401 2887 4457 Dominus
2900 4407 3109 4461 noster,
3132 4397 3360 4468 quicum
3383 4394 3544 4450 Patre
3563 4401 3621 4448 et
3644 4391 3768 4462 Spi-

2192 4492 2299 4546 ritu
2330 4500 2517 4547 sancto
2545 4491 2675 4546 vivit
2699 4499 2757 4546 et
2797 4498 2987 4561 regnat
3012 4490 3171 4553 Detts,
3203 4502 3300 4557 per
3336 4484 3519 4541 omnia
3571 4482 3769 4540 srecula

516 4572 732 4627 nomine
773 4553 1020 4643 personat
1034 4574 1151 4629 sine
1169 4574 1475 4629 nominibus
1503 4575 1628 4629 sciri
1676 4590 1783 4630 non
1834 4576 2041 4645 possint
2068 4592 2081 4628 :
2114 4553 2166 4614 θ
2189 4582 2531 4638 seculorum.
2561 4581 2754 4637 Amen.

518 4661 610 4715 sed
638 4676 761 4716 cum
780 4664 849 4717 ad
878 4677 977 4719 nos
1013 4663 1216 4732 aliquid
1265 4663 1623 4719 ministraturi
1671 4666 1911 4729 veniunt,
1939 4667 2084 4736 apud

520 4766 581 4805 se
621 4752 837 4806 nomina
881 4767 912 4806 a
955 4753 1272 4809 ministeriis
1319 4754 1481 4808 etiam
1523 4756 1788 4819 trahunt;
1837 4756 2096 4822 Michael,

523 4860 772 4915 namque,
806 4846 923 4916 quis
963 4845 1098 4900 sicut
1143 4844 1330 4900 Deus?
1372 4845 1592 4900 Gabriel
1614 4856 1795 4902 autem
1833 4848 2088 4917 fortitudo

518 4935 636 5002 Dei,
680 4936 925 5004 Rapltael.
947 4949 1076 4991 vero
1113 4936 1311 4991 dicitur
1346 4936 1602 4990 medicina
1625 4937 1743 4991 Dei.
1774 4938 1841 4993 Et
1877 4941 2090 5009 quoties

521 5027 671 5082 mira:
715 5027 916 5096 aliquid
949 5028 1162 5082 virtutis
1201 5028 1393 5097 agitur,
1453 5027 1681 5083 Michael
1721 5030 1857 5083 mitti
1903 5030 2088 5099 perbi-

519 5117 697 5183 hetur,
754 5126 815 5172 ut
852 5118 970 5187 ipso
999 5126 1121 5173 actu
1157 5125 1213 5173 et
1242 5119 1457 5173 nomine
1483 5119 1642 5173 detur
1688 5120 1912 5191 intelligi
1945 5122 2089 5190 quod

522 5209 697 5263 nullus
751 5217 925 5279 potest
969 5208 1147 5264 facere
1195 5210 1338 5278 quod
1386 5210 1564 5265 facere
1622 5212 1874 5281 praevalet
1926 5213 2086 5268 Deus.

524 5300 750 5356 Undect
787 5300 876 5353 ille
911 5299 1162 5367 antiquus
1204 5300 1397 5363 hostis,
1442 5301 1533 5370 qui
1574 5318 1632 5356 se
1666 5304 1732 5357 ad
1776 5303 2084 5358 similitudi-

521 5405 644 5445 nem
679 5389 794 5457 ejus
828 5390 1089 5458 supcrbus
1132 5390 1419 5455 extulerat,
1482 5392 1537 5445 in
1586 5392 1692 5447 fine
1731 5395 1914 5449 tnttndi
1962 5411 2091 5449 cum

522 5482 780 5537 Micltaele
824 5480 1149 5552 archangelo
1196 5483 1535 5552 pradiaturus
1579 5499 1699 5539 esse
1756 5486 2087 5553 perhibetur,

522 5581 583 5628 ut
607 5586 704 5642 per
720 5571 1028 5628 Micltaelem
1055 5583 1362 5645 peremptus
1387 5576 1561 5632 discat
1604 5578 1729 5646 quia
1749 5580 1816 5633 ad
1844 5579 2100 5633 similitu-

523 5662 701 5718 dinem
735 5664 827 5718 Dei
858 5677 954 5733 per
993 5667 1300 5733 superbiam
1350 5667 1527 5723 nullus
1551 5678 1826 5739 exsurgat.
1865 5670 1948 5723 Ad
1983 5670 2094 5724 Ma-

525 5753 660 5808 riam
712 5770 924 5826 quoque
971 5756 1185 5812 Gabriel
1228 5757 1478 5826 tnittitur,
1532 5759 1657 5830 quia
1703 5760 1793 5815 Dei
1837 5760 2094 5816 fortitudo

2688 4670 2969 4729 HOMILIA
3009 4669 3223 4726 XXXII.

2458 4783 2510 4822 IN
2550 4750 2918 4820 nsvstntoas
2958 4780 3144 4819 SANCTI
3185 4776 3483 4817 menaeus.

2262 4857 2574 4912 Memoriam
2614 4856 2757 4912 beati
2808 4854 3081 4911 Michaelis
3127 4851 3437 4923 archangeli
3478 4857 3590 4905 toto
3635 4849 3772 4905 orbe

2193 4949 2555 5004 venerandam
2608 4948 2778 5017 ipsius
2824 4954 2881 5001 et
2913 4960 3078 5014 opere
3101 4944 3318 5000 condita
3360 4950 3417 4998 et
3450 4949 3771 4998 consecrata

2197 5040 2412 5096 nomine
2438 5040 2772 5095 demonstrat
2800 5038 3044 5093 ecclesia.
3094 5036 3223 5103 Quae
3274 5052 3379 5090 non
3427 5033 3771 5090 metallorum

2197 5130 2422 5201 fulgore,
2455 5130 2546 5184 sed
2595 5129 2870 5199 privilegio
2915 5127 3286 5182 commendata
3316 5126 3620 5196 signorum;
3675 5123 3783 5178 vili.

2198 5220 2340 5273 facta
2375 5219 2668 5279 schemate,
2713 5217 2809 5271 sed
2841 5215 3050 5271 cmlcsti
3085 5223 3170 5269 est
3197 5214 3421 5285 praedita
3448 5214 3667 5279 virtute,
3710 5222 3772 5268 ut

2199 5319 2321 5379 pote
2346 5310 2469 5379 quia
2506 5308 2816 5378 fragilitatis
2868 5309 3115 5362 humanae
3157 5321 3365 5362 memor
3386 5304 3769 5375 archangelus,

2196 5415 2229 5454 e
2266 5400 2404 5454 ccelo
2454 5398 2697 5462 veniens,
2769 5398 2838 5453 ad
2875 5398 3284 5467 promerendam
3330 5396 3400 5450 ihi
3448 5395 3769 5450 mortalibus

2198 5504 2549 5557 supernorum
2596 5488 2824 5557 gratiam
2879 5488 3161 5552 donorum,
3210 5486 3426 5555 propria
3456 5500 3617 5539 manu
3670 5500 3766 5539 sua

2197 5578 2429 5634 condere
2463 5577 2713 5647 dignatus
2748 5585 2852 5631 est.
2879 5576 3093 5630 Vertice
3133 5575 3398 5644 siquidem
3434 5573 3633 5628 montis
3669 5587 3762 5627 exc

2199 5669 2325 5724 celsi
2354 5670 2543 5738 posita,
2569 5669 2636 5723 de
2664 5683 2888 5736 corpore
2914 5666 3155 5736 ejusdem
3180 5683 3363 5732 saxea,
3391 5666 3662 5738 spelunca:
3685 5663 3768 5719 in-

2198 5770 2312 5817 star
2327 5770 2628 5830 pnccavata
2650 5761 2969 5815 ostenditur.
2995 5760 3087 5814 Est
3104 5748 3280 5815 autem
3296 5758 3444 5816 locus
3470 5755 3768 5827 inCampa-
