4036 6370
286 368 355 427 Gl
1252 368 1558 427 HOHILUE
1593 370 1693 427 DE
1721 369 1973 428 FESTIS'
2002 370 2411 438 PRAECIPUIS,
2451 372 2608 430 ETC‘.
3491 381 3563 436 σε

286 485 395 540 nia:
433 481 634 538 ﬁnibus
653 479 744 535 ubi
775 480 920 535 inter
940 478 1118 535 sinum
1159 480 1495 537 Adriaticum
1545 489 1601 537 et
1627 489 1865 538 montem
1891 489 1945 546 Α
1970 498 2141 553 usque
2184 485 2557 555 sequentibus,
2591 493 2753 556 atque
2782 492 3021 540 extrema
3060 500 3289 558 quasque
3324 492 3563 547 cedenti-

283 576 599 646 Garganum
645 573 837 628 civitas
873 572 1145 642 Sepontus
1173 574 1348 643 posita
1373 582 1481 640 est,
1528 574 1622 643 qui
1651 589 1683 629 a
1738 588 1876 629 ma:-
1971 576 2074 631 bus
2097 577 2445 642 adversariis,
2473 575 2671 631 muenia
2697 576 2911 631 tandem
2941 591 3050 630 sua:
3072 578 3222 633 urbis
3246 581 3557 637 moribundi

282 666 451 737 nibus
508 663 747 720 civitatis
783 663 1027 719 ducentis
1064 664 1343 718 duodecim
1377 662 1700 718 milliaribus
1741 677 1875 733 por-
1972 665 2300 731 subintrant,
2330 665 2422 736 qui
2453 672 2648 734 queant
2680 664 2910 719 evadere
2938 663 3235 732 periculum
3266 684 3278 718 :
3309 683 3555 738 comper-

282 764 472 811 rectns
500 794 516 819 ,
572 754 626 808 in
676 753 960 809 cacumine
1017 768 1269 823 supremo
1299 794 1315 819 ,
1370 753 1516 807 beati
1561 751 1871 823 archangeli
1971 762 2084 810 tum
2112 756 2257 811 enim
2287 764 2409 811 erat
2432 755 2575 825 quod
2624 755 2849 826 angelus
2886 754 2981 809 Dei
3013 756 3065 809 in
3111 755 3435 827 adjutorium
3468 774 3559 815 vo-

275 847 569 917 praafatam
613 854 794 916 gestat
833 845 1139 901 ecclesiam.
1193 845 1346 900 lianc
1396 845 1718 901 mortalibus
1768 846 1871 901 hoc
1968 843 2051 898 nit
2079 842 2419 899 Christianis.
2451 842 2585 900 Nam
2611 854 2667 898 et
2694 853 2980 900 sexcentos
3006 843 3178 903 {erute
3203 863 3422 903 suorum
3451 850 3561 904 [ηις-

276 940 446 996 modo
482 939 777 1011 cognitam,
824 938 1035 994 libellus
1081 938 1136 994 in
1176 938 1365 993 eadem
1394 938 1605 1007 positus
1643 937 1863 992 indicat.

276 1029 414 1086 Erat
434 1029 492 1084 in
512 1042 579 1084 ea
616 1028 836 1084 civitate
876 1029 1138 1099 prtedives
1165 1029 1382 1099 quidam
1423 1029 1642 1086 nomine
1667 1028 1868 1099 Garga-

272 1136 407 1186 nus,
438 1119 616 1192 quiet
646 1135 713 1177 ex
740 1128 935 1176 eventu
981 1134 1081 1175 suo
1123 1120 1294 1174 monti
1338 1119 1657 1175 vocabulum
1698 1119 1862 1175 dedit.

273 1209 453 1281 Hujus
494 1211 622 1267 dum
647 1226 871 1281 pecora,
894 1225 1122 1280 quorum
1150 1209 1359 1265 inﬁnita
1388 1209 1731 1265 multitudine
1757 1208 1867 1279 pol-

270 1298 445 1368 lebat,
472 1300 673 1370 passim
708 1314 807 1371 per
832 1298 1018 1355 devexi
1047 1298 1248 1354 montis
1295 1298 1461 1352 latera
1489 1305 1863 1367 pascerentur,

272 1393 507 1464 contigit
543 1401 758 1448 taurum
800 1390 1030 1447 armenti
1069 1390 1246 1462 gregis
1285 1389 1559 1445 consortia
1604 1403 1864 1459 spernen-

1967 935 2113 990 miue
2135 936 2390 991 videbant
2416 935 2763 1003 interfectos;
2797 935 2931 1008 Regi
2963 952 3149 1008 regum
3179 939 3395 997 Christo
3425 958 3567 997 con-

1967 1027 2117 1082 tinuo
2145 1026 2281 1082 colla
2304 1027 2701 1092 submittentes,
2727 1029 2896 1085 armis
2922 1029 3217 1086 induuntur
3241 1032 3385 1088 ﬁdei.
3412 1036 3551 1092 Cum

1962 1130 2094 1171 vero
2123 1117 2178 1171 hi
2229 1118 2447 1173 domum
2492 1118 2724 1173 fuissent
2772 1120 2976 1174 reversi
3002 1121 3258 1188 victores,
3297 1134 3420 1180 vota
3447 1126 3554 1183 Do-

1964 1207 2112 1299 mino
2156 1209 2451 1280 gratiarum
2498 1209 2564 1263 ad
2602 1208 2857 1279 templum
2909 1209 3177 1267 referrent
3202 1214 3555 1287 archangelo,

1962 1298 2147 1354 vident
2194 1314 2354 1355 mane
2376 1299 2530 1370 juxta
2567 1298 2791 1369 januam
2842 1304 3339 1372 septentrionalem,
3384 1322 3550 1376 quam

1961 1391 2223 1461 praedixi,
2280 1393 2455 1448 instar
2504 1393 2807 1464 posteriora
2856 1395 3050 1463 pusilla
3099 1397 3252 1466 quasi
3316 1398 3561 1454 hominis

270 1491 407 1547 tem,
438 1482 763 1553 singularem
808 1482 1059 1537 incedere
1103 1480 1338 1545 solitum,
1365 1488 1427 1534 et
1463 1478 1527 1533 ad
1559 1487 1862 1534 extremum
1958 1482 2211 1553 vestigia,
2262 1499 2536 1539 marmore
2582 1484 2786 1539 arctius
2829 1484 3109 1555 impressa,
3144 1497 3557 1559 agnoscuntque

268 1573 538 1630 redeunte
564 1588 758 1644 pecore
785 1573 1004 1628 domum
1036 1587 1141 1626 ιιοη
1169 1586 1291 1627 esse
1331 1585 1655 1642 regressun!-
1687 1568 1859 1636 Quem
1957 1575 2176 1631 beatum
2225 1575 2537 1633 Michaelem
2572 1580 2673 1635 hoc
2713 1580 3014 1650 praesentiae
3045 1593 3157 1636 suae
3200 1581 3412 1651 signum
3447 1597 3546 1637 vo-

267 1662 544 1727 dominus,
565 1661 788 1718 collecta
820 1675 1098 1716 servorum
1128 1675 1346 1715 suorum
1378 1659 1741 1726 multitudine,
1763 1674 1859 1729 per
1958 1666 2121 1722 luisse
2146 1675 2472 1735 monstrare,
2508 1670 2600 1725 ubi
2633 1678 2820 1740 postea
2867 1670 3082 1726 culmen
3137 1672 3457 1740 appositum,
3491 1679 3555 1727 ει

266 1754 428 1811 devia
449 1768 675 1825 quaeque
720 1752 1031 1823 requirens,
1061 1751 1267 1806 invenit
1311 1753 1525 1808 tandem
1560 1751 1616 1806 in
1653 1751 1855 1807 vertice
1956 1757 2127 1814 altare
2153 1759 2487 1829 impositum,
2512 1761 2734 1830 ipsaque
2759 1760 2987 1818 ecclesia
3015 1760 3085 1817 ob
3107 1761 3258 1831 signa
3287 1762 3546 1833 vestigio-

264 1845 472 1900 montis
512 1859 627 1915 pra:
669 1844 877 1900 foribus
919 1842 1198 1913 cujusdam
1248 1842 1517 1914 spelunca:
1566 1842 1853 1909 assistere;
1885 1833 1930 1893 Β
1961 1864 2102 1904 rum.
2134 1847 2433 1920 Oppidania
2456 1861 2541 1905 est
2568 1859 2780 1906 vocata.
2809 1850 2973 1905 Multa
3011 1850 3276 1905 dubitatio
3315 1859 3437 1905 erat
3461 1851 3547 1906 in-

262 1935 455 2006 itaque
495 1944 772 2006 permotus
818 1950 916 1991 cur
968 1934 1239 2005 solivagus
1282 1934 1595 1998 incederet,
1638 1941 1840 2003 arreptt

1959 1948 2043 1996 ter
2072 1938 2395 2010 Sepontinos
2414 1941 2543 2013 quid
2567 1943 2634 1997 de
2658 1941 2778 1998 loco
2808 1949 3053 2013 agerent,
3081 1949 3136 1997 et
3162 1941 3207 1995 si
3232 1941 3440 1996 intrare
3458 1941 3544 1996 vel

262 2043 422 2093 areu,
445 2026 673 2098 appetiit
696 2026 844 2082 illum
872 2025 1068 2096 sagitta
1087 2025 1342 2089 toxicata,
1368 2039 1515 2095 quae,
1534 2024 1680 2080 velut
1707 2026 1840 2080 venti

1955 2031 2207 2086 dedicare
2252 2032 2362 2087 illic
2409 2031 2695 2087 ecclesiam
2754 2032 3000 2087 debeant.
3055 2030 3208 2087 Unde
3254 2030 3546 2085 collatione

260 2117 483 2175 ﬂamine
512 2125 739 2183 retorta,
770 2134 893 2174 eum
940 2133 971 2171 a
1003 2133 1110 2188 quo
1138 2117 1284 2188 jacta
1326 2125 1410 2171 est
1454 2132 1580 2171 mox
1631 2131 1851 2172 reversa
1955 2120 2121 2189 facta,
2148 2122 2217 2178 ad
2243 2123 2509 2178 orientem
2537 2122 2640 2178 loci
2665 2122 2808 2177 illius
2837 2122 2979 2177 beati
3003 2120 3147 2176 Petri
3173 2120 3553 2189 apostolorum

259 2208 554 2278 percussit.
608 2207 829 2263 Turbati
888 2207 1034 2263 cives
1068 2216 1123 2261 et
1145 2205 1429 2276 stupefacti
1481 2206 1712 2276 qualiter
1764 2220 1852 2262 res
1954 2214 2215 2284 principis
2252 2214 2472 2270 nomine
2505 2214 2742 2269 condunt
2776 2212 3062 2269 ecclesiam
3097 2221 3152 2267 et
3187 2212 3456 2276 dedicant,
3484 2213 3539 2267 in

266 2304 420 2360 ﬁeret
443 2303 799 2367 eﬂ‘ectu,.non
835 2302 977 2358 enim
1007 2302 1228 2372 propius
1271 2303 1528 2357 accedere
1557 2300 1857 2356 audebant-

262 2394 547 2451 Consuluit
569 2396 884 2465 episcopum
915 2395 1042 2463 quid
1070 2393 1213 2451 facto
1246 2409 1383 2463 opus
1404 2394 1496 2457 sit,
1528 2393 1620 2463 qui
1647 2393 1850 2448 indicto

250 2483 461 2558 jejunio
508 2485 794 2551 triduano,
830 2500 861 2539 a
888 2485 1000 2540 Deo
1042 2485 1252 2540 monuit
1290 2500 1410 2540 esse
1447 2484 1795 2554 quaerendum
1829 2500 1844 2537 :

254 2589 368 2645 quo
387 2583 608 2645 peracto
637 2584 858 2630 sanctus
886 2574 1095 2629 Domini
1148 2574 1508 2644 archangelus
1533 2574 1845 2644 episcopum

252 2679 358 2737 per
405 2666 671 2721 visionem
719 2665 1009 2733 alloquitur
1066 2664 1254 2720 dicens
1287 2683 1298 2717 :
1330 2662 1449 2719 1am
1506 2663 1855 2731 benefecisti,

255 2756 409 2825 quod
436 2755 697 2811 homines.
723 2754 950 2819 latebat,
972 2770 1004 2809 a
1035 2754 1144 2810 Deo
1187 2752 1478 2824 qumrendo
1504 2755 1841 2826 mysterium,

257 2846 521 2901 videlicet
536 2848 801 2902 hominem
824 2862 923 2903 suo
948 2846 1054 2902 telo
1087 2862 1403 2917 percussum
1429 2846 1634 2912 sciatis,
1661 2855 1717 2901 et
1741 2847 1843 2902 hoc

262 2950 393 2990 mea
422 2945 629 3007 gestum
655 2937 947 2993 voluntate.
986 2938 1102 3006 Ego
1139 2937 1283 2993 enim
1330 2952 1449 2991 sum
1480 2935 1709 2992 Michael
1753 2952 1843 2991 ar-

257 3026 578 3097 changelus,
606 3027 695 3096 qui
731 3028 781 3082 in
817 3037 1109 3097 conspectu
1141 3027 1355 3082 Domini
1382 3042 1596 3098 semper
1621 3028 1838 3095 assiste,

253 3115 546 3186 locumque
575 3116 717 3172 hunc
742 3118 795 3174 in
826 3118 986 3174 terris
1013 3117 1250 3175 incolere
1298 3126 1577 3189 tutumque
1622 3133 1838 3175 servare

1952 2321 2061 2376 qua
2091 2306 2255 2361 etiam
2285 2304 2459 2361 beatae
2499 2320 2714 2375 semper
2757 2303 2985 2375 virginis
3031 2302 3213 2358 Mariae
3258 2303 3545 2370 sanctique

1950 2398 2208 2468 Baptistte
2245 2396 2470 2454 Joannis
2501 2397 2694 2452 altaria
2724 2403 2987 2451 statuunt.
3020 2393 3260 2449 Tandem
3287 2394 3550 2458 antistes,

1950 2488 2157 2545 salubri
2203 2496 2417 2559 reperto
2443 2487 2695 2552 consilio,
2725 2485 3032 2541 Romanum
3065 2485 3379 2555 episcopum
3408 2484 3541 2555 quid

1950 2580 2017 2635 de
2038 2580 2124 2635 his
2147 2580 2415 2651 agendum
2441 2578 2523 2633 sit'
2540 2592 2638 2647 per
2664 2576 2883 2631 nunties
2924 2575 3380 2643 sciscitatur,.qui
3411 2582 3555 2629 tunc

1950 2669 2089 2727 forte
2111 2670 2168 2726 in
2212 2678 2397 2726 monte
2442 2668 2738 2737 Saraptim,
2768 2666 3215 2739 quinquagesimo
3258 2665 3373 2721 fere
3415 2663 3537 2719 mil-

1947 2758 2105 2817 liario
2129 2775 2170 2814 ει
2199 2760 2445 2816 Romana
2484 2758 2621 2815 urbe
2652 2758 2908 2822 distabat,
2932 2771 3096 2825 quem
3142 2754 3332 2811 incola:
3361 2752 3536 2809 sancti

1948 2849 2193 2907 Silvestri
2217 2850 2787 2922 cognominevocant,
2822 2864 2888 2904 eo
2922 2848 3064 2917 quod
3106 2847 3223 2917 ipse
3258 2845 3534 2915 quondam

1946 2941 2020 2995 ibi
2049 2940 2204 2995 exsul
2235 2955 2333 3010 pro
2356 2939 2482 2995 ﬁdei
2523 2937 2899 3009 persecutione
2941 2936 3217 2991 delituerit
3257 2935 3311 2990 in
3349 2941 3541 2991 monte

1944 3029 2050 3084 hoc
2076 3028 2372 3099 Saraptim,
2410 3028 2611 3097 quique
2639 3026 2763 3080 tatia
2811 3025 3065 3079 mandata
3097 3023 3323 3079 remisit.
3357 3021 3415 3077 Si
3437 3023 3532 3078 ho-

1946 3119 2108 3174 minis
2135 3126 2218 3174 est
2242 3118 2390 3191 illam
2416 3117 2668 3173 dedicare
2708 3116 3144 3180 basilicamhhoc
3179 3114 3418 3169 maxime
3443 3112 3541 3168 die

249 3207 565 3272 instituens,
614 3207 718 3262 hoc
764 3207 907 3262 volui
952 3208 1187 3277 probare
1212 3204 1438 3275 judicio,
1467 3186 1708 3261 omnium
1751 3223 1839 3263 me
1864 3186 1911 3250 Ο
1942 3223 2051 3279 quo
2096 3186 2322 3264 victoria
2348 3208 2473 3263 data
2501 3217 2605 3272 est,
2635 3206 2754 3261 ﬁeri
2800 3214 3043 3275 oportet;
3076 3205 3160 3260 sin
3188 3212 3369 3258 autem
3393 3202 3548 3257 alias.

250 3312 376 3367 qua:
401 3297 475 3353 ibi
504 3307 769 3369 geruntur
789 3299 1063 3370 ipsiusque
1090 3298 1190 3354 loci
1220 3314 1339 3354 esse
1372 3298 1731 3369 inspectorem
1757 3305 1840 3353 at-

251 3403 363 3458 que
393 3388 695 3444 custodem.
726 3390 823 3446 His
865 3391 1189 3447 revelatioue
1230 3390 1521 3461 compertis
1553 3400 1840 3446 consuetu-

249 3481 433 3536 dinem
460 3481 707 3537 fecerunt
744 3484 890 3539 cives
921 3483 1013 3539 hic
1051 3483 1222 3538 Deum
1262 3481 1537 3552 precibus,
1563 3488 1839 3537 sanctum-

252 3587 358 3641 que
394 3574 690 3644 deposcere
735 3574 1079 3639 Michaelem,
1120 3575 1257 3629 duas
1286 3574 1500 3643 quidem
1532 3574 1606 3628 ibi
1644 3574 1842 3645 januas

248 3672 561 3732 cernentes,
588 3679 819 3734 quarum
850 3664 1121 3730 australis,
1151 3679 1271 3735 quae
1294 3673 1354 3719 et
1378 3664 1552 3735 major
1566 3674 1710 3729 erat,
1739 3662 1839 3718 ali-

248 3764 385 3825 quot
405 3757 664 3828 gradibus
692 3758 747 3813 in
773 3772 1025 3813 occasum
1070 3756 1576 3827 vergentibusadiri
1604 3763 1834 3825 poterat.

250 3846 362 3901 Sed
410 3862 513 3903 nec
544 3848 685 3903 ultra
708 3848 777 3903 ad
818 3855 1142 3918 praeruptam
1168 3854 1412 3917 cryptam
1460 3847 1665 3902 intrare
1695 3846 1839 3913 ausi,

249 3953 367 4009 prze
392 3937 598 3994 foribus
627 3939 865 4010 quotidie
892 3938 1125 3994 orationi
1157 3939 1441 3994 vacabant.

322 4026 450 4083 Haec
477 4028 621 4083 inter
648 4027 965 4098 Neapolilac,
989 4027 1216 4098 paganis
1245 4027 1423 4083 adhuc
1452 4027 1646 4083 ritibus
1672 4028 1845 4083 οἰκεῖ-ι

248 4126 460 4182 rantes,
508 4116 831 4187 Sepontinos
864 4124 922 4170 et
965 4115 1377 4180 Beneventinos,
1427 4116 1518 4185 qui
1567 4117 1835 4187 quinqua-

246 4211 399 4280 ginta
432 4208 671 4264 millibus
697 4225 726 4263 a
751 4206 985 4278 Seponto
1014 4208 1240 4273 distant,
1267 4208 1409 4264 bello
1428 4207 1696 4262 lacessere
1726 4216 1849 4263 lenm

244 4310 366 4357 tant
390 4319 405 4369 ;
434 4302 529 4372 qui
557 4300 815 4356 antistitis
842 4299 927 4356 sui
949 4300 1170 4354 monitis
1196 4298 1396 4364 edocti,
1440 4298 1619 4354 triduo
1646 4306 1841 4369 petunt

244 4393 518 4457 inducias,
549 4399 611 4447 ut
638 4388 1106 4461 triduanojejunio
1144 4389 1353 4455 liceret,
1381 4390 1534 4460 quasi
1564 4388 1720 4446 ﬁdele
1740 4405 1835 4461 pa-

244 4483 579 4548 trocinium,
630 4482 805 4537 sancti
845 4480 1121 4536 Michaelis
1167 4481 1456 4552 implorare
1497 4481 1826 4550 przesidium.

244 4572 367 4639 Quo
393 4581 636 4644 tempore
680 4571 871 4645 pagani
917 4570 1058 4628 ludis
1089 4573 1357 4640 obscenis,
1393 4572 1650 4629 falsorum
1699 4575 1832 4630 invi-

240 4669 366 4715 tant
410 4661 611 4716 auxilia
661 4661 905 4716 deorum.
953 4661 1095 4717 Ecce
1118 4671 1300 4717 autem
1348 4670 1506 4718 nocte
1550 4662 1665 4733 ipsa
1708 4678 1829 4733 quae

239 4753 374 4809 belli
417 4753 748 4824 praecederet
775 4753 939 4820 diem,
974 4753 1128 4809 adest
1155 4753 1210 4807 in
1234 4753 1441 4809 visione
1474 4761 1694 4809 sanctus
1736 4753 1831 4808 Mi-

242 4843 402 4899 chael
430 4842 680 4908 antistiti,
710 4857 899 4913 preces
919 4843 1057 4899 dixit
1079 4844 1384 4907 exauditae,
1406 4843 1691 4898 victoriam
1711 4859 1829 4914 spo-

239 4934 437 5004 pondit
476 4931 797 4997 adfuturam,
822 4939 878 4987 et
905 4940 1097 5002 quarta
1124 4931 1230 4986 diei
1261 4933 1394 4987 hora
1433 4931 1572 4987 bello
1599 4947 1828 5002 praemo-

239 5033 338 5080 net
384 5023 634 5080 hostibus
673 5024 1087 5080 occurrendum.
1115 5021 1248 5078 Laeti
1282 5036 1411 5094 ergo
1454 5037 1632 5089 mane,
1658 5032 1715 5079 et
1761 5024 1828 5080 de

239 5114 491 5187 angelica
519 5115 654 5171 certi
697 5114 946 5197 victoria,
973 5115 1192 5171 obviant
1234 5112 1527 5170 Christiani
1578 5117 1826 5187 paganis,

241 5216 411 5278 atque
457 5207 514 5261 in
557 5206 734 5277 primo
778 5205 902 5262 belli
955 5214 1211 5277 apparatu
1233 5206 1511 5278 Garganus
1536 5223 1693 5265 mons
1732 5210 1828 5265 im-

242 5312 436 5353 menso
464 5305 701 5353 tremore
720 5297 1043 5362 concutitur,
1075 5295 1288 5368 fulgura
1325 5297 1515 5353 crebra
1546 5298 1749 5365 volant,
1772 5309 1828 5355 et

242 5389 423 5460 caligo
460 5389 747 5444 tenebrosa
800 5395 974 5444 totum
1022 5389 1220 5444 montis
1271 5404 1530 5445 cacumen
1577 5391 1822 5447 obduxit.

243 5478 504 5549 lmpletur
529 5479 811 5549 prophetia
843 5494 962 5549 qua:
994 5476 1164 5535 Deum
1192 5478 1440 5546 laudans,
1468 5481 1544 5537 ait
1570 5496 1585 5536 :
1617 5481 1722 5549 Qui
1743 5483 1825 5553 [a-

246 5571 314 5623 cit
344 5570 558 5641 angelos
589 5587 710 5625 suos
733 5572 969 5641 spiritus,
1014 5580 1063 5625 et
1110 5572 1375 5626 ministros
1403 5589 1527 5628 suos
1555 5575 1824 5643 ﬂammam

244 5661 379 5732 ignis
410 5658 585 5733 (Psal.
629 5663 777 5731 CIII);
814 5662 1021 5734 fugiunt
1064 5663 1277 5734 pagani,
1318 5663 1519 5733 partim
1560 5663 1705 5721 ferro
1730 5666 1826 5722 ho-

244 5752 432 5817 Stium,
456 5753 651 5821 partim
684 5753 926 5823 igniferis
948 5754 1161 5824 impulsi
1187 5753 1422 5823 sagittis,
1454 5764 1514 5810 ut
1546 5754 1822 5826 Neapolim

1856 4536 1909 4596 D

1939 3305 2129 3354 sancto
2165 3297 2432 3369 provisori
2463 3296 2569 3352 loci
2597 3295 3099 3366 placuerit,eodem
3120 3294 3226 3358 die,
3257 3292 3533 3363 przeciptte

1940 3390 2085 3446 illius
2119 3398 2206 3446 est
2236 3391 2290 3445 in
2322 3392 2430 3447 hoc.
2454 3389 2702 3445 voluntas
2726 3388 3038 3459 quaerenda.
3082 3386 3199 3441 lloc
3227 3400 3359 3456 ergo
3387 3393 3530 3440 tem-

1936 3496 2070 3553 pore
2092 3481 2426 3544 imminente,
2464 3494 2687 3553 agamus
2716 3478 2883 3533 ambo
2906 3477 3214 3532 triduanum
3241 3491 3365 3531 cum
3389 3473 3543 3530 civior

1937 3576 2040 3631 bus
2065 3573 2267 3630 metris
2305 3571 2593 3643 jejunium,
2622 3577 2869 3627 sanctam
2908 3568 3233 3624 Trinitatem
3274 3573 3549 3637 rogantes.

1936 3677 1998 3722 ut
2025 3680 2250 3722 munera
2280 3681 2403 3736 qua:
2430 3678 2529 3734 per
2552 3679 2822 3719 summum
2850 3678 2963 3718 sua:
2989 3662 3135 3717 sedis
3162 3659 3525 3716 ministerium

1936 3756 2184 3812 conferre
2205 3756 2459 3823 dignatus
2479 3763 2586 3821 est,
2618 3754 2683 3810 ad
2713 3764 2919 3811 certum
2946 3768 3119 3824 usque
3148 3753 3306 3807 linem
3330 3750 3545 3820 pcrdum

1937 3856 2045 3904 cat.
2078 3847 2416 3917 Factumque
2455 3856 2539 3903 est
2584 3856 2643 3903 ut
2684 3856 3028 3919 suggesserat
3056 3846 3286 3900 antistes
3318 3862 3332 3899 :
3364 3853 3543 3899 nocte

1936 3954 2067 3995 vero
2089 3941 2370 3996 constituti
2398 3939 2588 4010 jejunii
2617 3941 2863 3993 summus
2885 3937 3107 4008 angelus
3133 3935 3365 4000 Domini,
3392 3949 3535 3989 san-7

1934 4038 2056 4085 ctus
2084 4030 2335 4096 Michael,
2382 4031 2635 4100 episcopo
2684 4028 2982 4099 Sepontino
3010 4040 3109 4098 per
3138 4027 3404 4083 visionem
3423 4040 3542 4096 ape-

1933 4135 2151 4191 parens.
2180 4120 2297 4177 Non
2325 4128 2429 4185 est,
2468 4121 2665 4190 inquit,
2686 4120 2841 4175 vobis
2875 4133 3011 4189 opus
3041 4119 3183 4174 hanc
3221 4132 3384 4186 quam
3419 4131 3542 4185 ego:

1933 4211 2197 4267 aediﬁcavi
2227 4211 2475 4266 dedicare
2518 4210 2796 4266 basilicam
2825 4209 2978 4280 :ipse
3000 4209 3146 4263 enim
3169 4208 3261 4279 qui
3303 4207 3520 4263 condidi

1932 4303 2097 4358 etiam
2120 4302 2365 4359 dedicavi
2393 4320 2406 4357 :
2433 4317 2530 4359 vos
2560 4310 2769 4357 tantum
2797 4301 3013 4366 intrate,
3040 4309 3099 4356 et
3120 4314 3208 4355 me
3234 4300 3533 4355 assistente-

1930 4403 2180 4466 patrono,
2229 4394 2480 4467 precibus
2503 4394 2680 4450 locum
2711 4392 3085 4463 frequentate;
3113 4400 3169 4448 et
3220 4399 3274 4447 te
3299 4390 3523 4460 quidem

1932 4498 2056 4540 cras
2098 4485 2177 4541 ibi
2221 4485 2442 4541 missam
2477 4483 2804 4549 celebrante,
2840 4482 3067 4554 populus
3103 4482 3260 4553 juxta
3313 4494 3521 4537 morem

1934 4577 2297 4634 communicet
2326 4595 2339 4631 :
2366 4591 2546 4632 meum
2576 4584 2757 4630 autem
2787 4574 2894 4630 erit
2928 4574 3228 4630 ostendere
3249 4572 3520 4642 quomodo

1931 4682 2033 4738 per
2079 4668 2456 4738 memetipsum
2505 4666 2680 4723 locum
2712 4666 3146 4721 consecraverim
3186 4664 3381 4735 ipsum.
3409 4662 3521 4717 Ad-

1932 4760 2158 4815 veniunt
2184 4774 2343 4815 mane
2389 4775 2510 4816 cum
2538 4757 2925 4822 oblationibus,
2953 4766 3009 4813 et
3040 4771 3233 4826 magna
3264 4755 3523 4809 instantia

1930 4867 2155 4923 precum
2203 4852 2407 4907 intrant
2452 4860 2661 4922 portam
2709 4848 3021 4906 australem.
3072 4848 3140 4902 Et
3183 4859 3313 4901 ecce
3358 4844 3524 4916 longa

1931 4944 2176 5015 porticus
2204 4943 2258 4997 in
2304 4943 2607 5013 aquilonem
2652 4948 2925 5014 porrecta,
2976 4949 3140 5011 atque
3176 4937 3324 4993 illam
3352 4936 3527 4991 attin-

1930 5051 2063 5108 gens
2106 5035 2437 5105 posterulam
2466 5034 2689 5106 januam
2734 5042 2885 5089 extra
2924 5048 3086 5103 quam
3114 5031 3342 5102 vestigia
3372 5045 3516 5085 mar-

1928 5142 2081 5183 more
2105 5127 2341 5182 diximus
2380 5126 2663 5195 impressa.
2695 5124 2802 5181 Sed
2831 5124 3147 5195 priusquam
3193 5124 3517 5192 huc-perve-

1929 5219 2068 5281 nias,
2115 5225 2340 5288 apparet
2364 5215 2437 5271 ad
2479 5216 2744 5271 orientem
2792 5214 3016 5269 basilica
3065 5212 3420 5285 prregrandis,
3447 5210 3516 5264 ad

1928 5320 2091 5376 quam
2115 5321 2212 5376 per
2237 5306 2435 5377 gradus
2462 5303 2795 5360 ascenditur.
2823 5302 2950 5357 Haec
2992 5317 3117 5357 cum
3161 5304 3275 5372 ipsa
3302 5300 3516 5370 porticu

1927 5413 2024 5451 sua
2049 5397 2372 5468 quingentos
2414 5395 2527 5451 fere
2572 5394 2818 5450 homines
2845 5409 3040 5464 capere
3081 5394 3363 5449 videbatur
3400 5429 3414 5444 .
3439 5388 3517 5443 al-

1928 5494 2047 5541 tare
2091 5485 2456 5541 venerandum
2484 5526 2499 5550 ,
2565 5485 2839 5555 rubroque
2890 5492 3197 5540 contectum
3250 5478 3468 5553 palliolo
3494 5517 3513 5541 ,

1925 5591 2093 5646 prope
2116 5586 2238 5631 erat
2260 5577 2497 5632 medium
2521 5575 2765 5646 parietis,
2795 5574 3078 5630 meridiem
3100 5572 3391 5629 ostendens
3416 5586 3428 5622 :
3456 5568 3512 5622 in

1927 5683 2060 5740 gyro
2110 5676 2290 5725 autem
2338 5671 2457 5740 ipso
2494 5669 2685 5723 domus
2730 5667 3011 5735 angulosa,
3060 5679 3167 5718 non
3202 5661 3259 5716 in
3302 5672 3512 5715 morem

1926 5759 2107 5828 operis
2134 5760 2357 5817 humani
2384 5757 2680 5829 parietibus
2700 5757 2923 5822 erectis,
2963 5756 3056 5810 sed
3095 5754 3267 5810 instar
3295 5748 3513 5821 spelun-
