4036 6370
554 365 624 423 63
1186 361 1246 414 B.
1289 358 1543 415 BABANI
1591 358 1808 415 MAURI
1848 358 2114 415 ARCHIEI

2215 355 2514 413 uocum.
2553 351 2839 410 OPERUM
2873 317 3051 406 rans
3088 349 3151 404 ιι.
3737 354 3817 409 οε

552 491 632 531 cae
666 470 971 543 pne-ruptis,
998 479 1053 523 et
1095 467 1289 537 saepius
1327 468 1689 523 eminentibus
1718 478 1962 538 asperata
2007 481 2124 522 sco—
2152 466 2371 536 Aliqua
2411 465 2464 518 in
2506 479 2643 533 opus
2668 460 2845 517 simile
2884 467 3312 529 consumpserat.
3347 461 3599 532 Arrepto.
3625 464 3841 537 itaque

551 564 713 632 pulis,
745 560 978 618 culmine
1003 575 1214 629 quoque
1258 560 1482 613 diversae
1521 559 1839 623 altitudinis,
1864 559 2007 628 quod
2036 559 2126 613 hic

550 654 775 718 vertice,
808 651 932 706 alibi
961 664 1123 704 manu
1163 650 1249 702 vix
1290 649 1460 718 possit
1487 650 1699 719 attingi.
1743 648 1917 704 Credo
1958 649 2122 718 quod,

553 745 781 801 docente
818 741 1143 813 archangelo
1166 740 1400 807 Domini,
1440 757 1547 795 non
1577 751 1827 795 ornatum
1866 741 2123 812 lapidum,

553 835 650 890 sed
684 833 863 888 cordis
906 847 1148 902 quaerere
1177 847 1240 886 ac
1272 831 1494 902 diligere
1524 833 1814 902 puritatem
1860 840 2122 901 oporteat.

553 922 755 979 Verte:
783 936 912 979 vero
945 922 1143 976 montis
1175 922 1511 976 extrinsecus
1540 921 1732 990 partim
1769 936 1970 976 cornea
1992 921 2125 976 silva

555 1016 769 1083 tegitur,
814 1013 1009 1084 partim
1035 1013 1231 1067 virenti
1271 1012 1491 1082 planitie
1527 1012 1799 1066 dilatatur.
1843 1010 2125 1066 Missarum

551 1092 735 1175 itaque
768 1102 1132 1158 celebratione
1173 1101 1456 1171 completa,
1502 1117 1698 1171 magno
1740 1101 1950 1155 attoniti
1999 1116 2126 1171 gau-

552 1197 662 1261 dio,
691 1195 892 1265 quique
919 1193 1192 1248 redierunt
1221 1193 1272 1246 in
1300 1208 1396 1248 sua
1424 1192 1541 1246 loca
1569 1209 1583 1244 :
1612 1192 1894 1261 episcopus
1921 1199 2121 1256 autem,

550 1288 798 1359 delegato
825 1287 1214 1351 ministrorum,
1244 1294 1524 1341 cantorum
1553 1284 2001 1352 sacerdotumque
2045 1282 2127 1337 of-

550 1376 694 1442 ficio,
724 1386 779 1431 et
803 1376 1082 1431 mansione
1115 1383 1442 1439 constructa,
1472 1389 1683 1428 omnem
1718 1372 1914 1428 ibidem
1944 1373 2122 1443 quoti-

550 1467 637 1521 die
663 1466 987 1537 psalmorum
1035 1465 1434 1533 missarumque
1458 1478 1675 1517 cursum
1718 1477 1956 1533 congruo
1996 1478 2126 1532 prae-

550 1558 694 1626 cepit
713 1557 902 1612 ordine
925 1556 1207 1612 celebrari.
1233 1553 1419 1609 Nullus
1439 1563 1616 1607 autem
1641 1552 1729 1607 hic
1749 1562 1832 1607 est
1860 1561 2123 1608 nocturno

550 1655 792 1717 tempore
814 1661 983 1703 ausus
1004 1644 1234 1714 ingredi,
1260 1643 1354 1698 sed
1403 1658 1600 1697 aurora
1625 1651 1922 1708 transacta,
1946 1652 2122 1697 matu-

550 1737 689 1791 tinos
714 1737 785 1791 ibi
810 1738 1099 1792 decantant
1127 1738 1374 1807 hymnos.
1402 1736 1481 1789 Ex
1511 1736 1626 1805 ipso
1654 1744 1833 1791 autem
1862 1751 1995 1790 saxo
2015 1751 2121 1806 quo

2230 554 2376 610 ferro
2405 569 2512 623 quo
2532 554 2806 608 accinctus
2828 561 2967 616 erat,
2995 550 3227 605 mediam
3254 551 3460 617 dividit,
3486 562 3819 626 partemque

2224 644 2274 698 ei
2311 643 2531 713 pauperi
2557 641 2767 706 tribuit,
2796 639 3001 709 reliqua
3040 654 3230 695 rursus
3258 639 3517 696 induitur.
3546 642 3651 710 Qui
3679 660 3815 737 cum

2225 746 2257 785 a
2289 730 2763 786 circumstantibus
2814 729 3006 784 irrisus
3044 737 3210 795 esset,
3237 730 3383 799 quod
3424 746 3547 786 cum
3576 729 3818 789 deformi

2224 831 2581 893 truncatoque
2623 822 2813 878 habitu
2856 822 3149 887 videretur,
3190 823 3343 891 quasi
3384 823 3441 878 in
3471 824 3617 878 nullo
3644 823 3817 879 laesus

2225 913 2529 983 ignescens,
2559 913 2626 967 ad
2665 912 3154 967 remunerationem
3187 912 3499 967 attendebat
3542 913 3813 967 futuram.

2225 1005 2391 1060 Nocte
2418 1005 2580 1076 igitur
2629 1003 2900 1073 sequenti,
2928 1019 3051 1059 cum
3084 1018 3143 1058 se
3182 1005 3360 1074 sopori
3386 1003 3642 1069 dedisset,
3672 1007 3817 1060 vidit

2223 1094 2495 1149 Christum
2529 1094 2827 1165 chlamydis
2849 1108 2979 1158 sua),
3006 1107 3111 1162 qua
3139 1108 3429 1163 pauperem
3465 1102 3816 1159 contexerat,
3870 1140 3881 1145 -

2223 1194 2378 1253 parte
2430 1185 2684 1245 vestitum
2710 1224 2724 1250 ,
2780 1184 2977 1238 intueri
3032 1183 3445 1254 diligentissime
3494 1184 3817 1247 Dominum,

2224 1282 2536 1341 vestemque
2582 1288 2743 1341 quam
2790 1273 3033 1337 dederat,
3075 1273 3295 1343 jubetur
3338 1286 3650 1343 agnoscere.
3686 1272 3820 1326 Mox

2226 1361 2293 1415 ad
2321 1361 2632 1432 angelorum
2661 1362 3127 1417 circumstantium
3159 1360 3555 1416 multitudinem
3600 1361 3849 1415 audivit

2223 1449 2407 1515 Jesum
2455 1451 2603 1505 clara
2632 1466 2764 1507 voce
2813 1452 3079 1506 dicentem
3114 1471 3128 1505 :
3157 1451 3419 1505 Martinus
3455 1451 3631 1505 adhuc
3661 1461 3821 1505 cate.-

2225 1543 2508 1596 chnmenus
2543 1543 2640 1597 hac
2670 1560 2750 1595 me
2774 1552 2907 1597 veste
2952 1543 3196 1596 contexit.
3240 1542 3550 1607 Attenditis,
3585 1541 3820 1609 fratres,

2223 1645 2254 1684 a
2282 1638 2483 1700 quanta
2513 1629 2840 1701 perfectione
2885 1632 2988 1687 iste
3036 1632 3120 1685 vir
3146 1639 3366 1687 sanctus
3408 1632 3636 1702 cmperit
3678 1647 3822 1687 con-

2222 1723 2544 1780 versationis
2573 1739 2685 1778 suze
2707 1723 2949 1789 initium;
2981 1738 3104 1777 nam
3133 1722 3260 1777 hinc
3288 1721 3555 1790 conjicere
3578 1722 3841 1792 potestis.

546 1826 750 1894 tegitur
776 1840 931 1880 sacra
973 1825 1116 1879 aedes
1160 1825 1227 1880 ad
1272 1825 1574 1894 aquilonem
1617 1825 1825 1892 altaris,
1854 1825 2024 1881 dulcis
2069 1835 2114 1881 et

2224 1814 2292 1869 ad
2327 1829 2489 1884 quem
2534 1814 2696 1868 linem
2743 1828 2933 1869 cursus
2976 1812 3057 1867 sui
3081 1812 3411 1882 pertenderit
3452 1820 3675 1867 statum.
3714 1813 3819 1865 Vi-

546 1916 772 1969 nimium
798 1915 974 1969 lucida
1001 1917 1251 1985 guttatim
1276 1930 1414 1985 aqua
1444 1916 1715 1982 dilabitur,
1745 1930 1906 1985 quam
1933 1915 2122 1971 incola:

548 2003 748 2058 stillam
782 2012 998 2059 vocant.
1032 2003 1115 2057 Ab
1150 2005 1254 2060 hoc
1283 2014 1337 2058 et
1364 2006 1592 2060 vitreum
1621 2021 1733 2071 vas,
1771 2003 2009 2074 ejusdem
2036 2020 2123 2060 re-

546 2093 725 2163 ceptui
754 2103 1130 2163 prmparatum,
1164 2106 1420 2163 argentea
1458 2096 1653 2164 pendet
1678 2104 1869 2151 catena
1896 2109 2121 2164 suspen-

543 2197 689 2245 sum,
716 2183 988 2254 morisque
1019 2192 1103 2238 est
1151 2185 1344 2255 populo
1388 2186 1747 2240 communiter
1786 2184 2025 2256 singulos
2052 2184 2121 2240 ad

544 2270 646 2325 hoc
680 2271 953 2326 vasculum
978 2273 1268 2328 ascendere
1310 2288 1407 2342 per
1433 2274 1988 2344 gradus,domiuique
2010 2288 2122 2329 co:—

542 2361 694 2416 Iestis
721 2363 1007 2433 degustare
1032 2363 1293 2433 liquorem
1319 2382 1334 2418 :
1365 2380 1489 2419 nam
1521 2377 1577 2421 et
1623 2377 1782 2435 gustu
1808 2368 1990 2422 suavis
2038 2375 2121 2423 est

544 2458 601 2503 et
628 2457 771 2505 tactu
802 2451 1053 2508 salubris.
1089 2452 1331 2523 Denique
1372 2456 1610 2509 nonnulli
1659 2464 1781 2526 post
1812 2456 2001 2528 longas
2037 2457 2118 2512 fe—

542 2541 719 2627 brium
740 2542 1010 2610 llammas,
1038 2546 1179 2599 hanc
1216 2545 1462 2600 haustam
1486 2547 1701 2613 stillam,
1727 2548 1888 2603 celeri
1929 2549 2116 2605 confe-

539 2633 666 2687 stim
698 2634 979 2705 refrigerio
1009 2637 1290 2705 potiuntur
1317 2638 1524 2693 salutis.
1560 2639 1861 2696 Innumeris
1903 2658 2118 2711 quoque

539 2729 597 2775 et
619 2721 738 2777 aliis
766 2725 939 2779 modis
988 2724 1059 2779 ibi
1103 2727 1297 2781 crebro
1321 2736 1582 2782 sanantur
1624 2731 1834 2800 aegroti,
1865 2739 1919 2784 et
1950 2731 2114 2785 multa

540 2812 794 2881 angelica:
836 2823 1041 2870 tantum
1067 2818 1353 2887 potestatis
1391 2818 1515 2874 licet
1550 2820 1668 2891 (sic)
1695 2822 1808 2891 geri
1856 2823 2114 2877 miracula

539 2903 959 2972 comprobantur
989 2924 1003 2960 :
1033 2906 1268 2962 maxime
1296 2916 1476 2963 tamen
1518 2908 1757 2977 ejusdem
1785 2912 1872 2967 die
1921 2912 2116 2968 natalis

539 2988 675 3057 ejus,
709 3007 833 3046 cum
857 3001 915 3047 et
950 2993 1017 3049 de
1058 2996 1350 3064 provmeiis
1378 2997 1775 3069 circumpositis
1812 3001 1933 3070 plus
1957 3000 2114 3055 solito

538 3077 751 3133 conﬂua
794 3081 951 3137 turba
986 3092 1258 3150 occurrat,
1303 3094 1357 3140 et
1393 3086 1648 3157 angelicae
1681 3088 1898 3144 virtutis
1944 3088 2115 3158 major

2223 1904 2357 1974 ginti
2388 1920 2516 1976 ergo
2548 1920 2810 1958 annorum
2835 1902 3092 1974 baptismi
3116 1910 3513 1957 sacramentum
3546 1902 3837 1971 suscepit,

2222 2003 2279 2050 et
2310 2011 2415 2051 non
2440 1994 2608 2049 multo
2632 2002 2754 2064 post
2774 1993 2889 2047 haec
2910 1993 3155 2046 militiam
3184 1990 3460 2056 deserens,
3493 2000 3682 2047 sancto
3711 1990 3817 2047 Hi-

2222 2086 2358 2140 lario
2403 2084 2698 2140 confessori
2753 2083 3050 2146 adhterens,
3102 2082 3161 2136 fit
3213 2082 3544 2148 monachus;
3597 2082 3653 2136 in
3700 2098 3818 2150 quo

2220 2177 2497 2247 proposito
2526 2185 2634 2231 tam
2682 2175 2933 2231 nobiliter
2959 2176 3204 2246 degebat,
3237 2182 3296 2229 ut
3343 2175 3508 2229 etiam
3552 2173 3726 2243 signis
3757 2186 3835 2229 et.

2221 2268 2496 2323 miraculis
2525 2268 2781 2322 Dominus
2805 2267 2923 2336 ejus
2950 2268 3323 2334 comprobaret
3354 2264 3611 2320 studium.
3663 2263 3823 2320 Inte-

2221 2374 2315 2414 rea
2343 2357 2736 2413 Turonensium
2787 2356 3041 2413 Ecclesia:
3084 2357 3370 2426 episcopus
3412 2356 3719 2432 ordinatur,
3755 2355 3815 2409 in

2220 2463 2327 2517 quo
2352 2449 2520 2516 gradu
2547 2447 2712 2500 etiam
2740 2446 2814 2499 ita
2860 2445 3182 2515 temperavit
3207 2444 3481 2516 religionis
3532 2444 3814 2509 habitum,

2220 2545 2278 2591 ut
2299 2536 2352 2590 in
2378 2538 2642 2592 monacho
2666 2552 2851 2605 posses
2884 2536 3114 2605 pastoris
3134 2550 3461 2604 cognoscere
3487 2537 3811 2606 primatum,

2219 2636 2273 2683 et
2300 2629 2351 2681 in
2383 2636 2601 2697 pastore
2641 2627 2829 2681 mirari
2875 2626 3159 2682 monastici
3191 2628 3385 2697 rigoris
3423 2634 3625 2682 actum.
3662 2626 3814 2694 Quid

2219 2720 2404 2789 plura?
2447 2718 2536 2772 Fit
2582 2719 2797 2788 quidem
2843 2733 2940 2787 per
2981 2718 3160 2773 omnia
3202 2716 3526 2785 evangelica:
3572 2717 3835 2787 insignis

2218 2817 2452 2866 assertor
2474 2810 2750 2873 doctrinm,
2782 2809 2909 2863 etin
2933 2808 3316 2863 miraculorum
3340 2808 3639 2876 frequentia
3668 2822 3815 2875 apo~

2217 2902 2418 2958 stolica:
2443 2916 2542 2971 par
2565 2901 2783 2971 gratiae;
2811 2900 2878 2955 de
2898 2915 3004 2968 quo
3030 2899 3304 2965 videlicet,
3335 2897 3567 2968 Sulpitio
3596 2896 3812 2951 Severo

2216 2992 2521 3057 scribente,
2538 2991 2746 3062 insigne
2773 2998 2951 3045 exstat
2994 2989 3268 3045 volumen.
3317 2987 3455 3042 Nam
3495 2987 3807 3041 daemonum

2217 3080 2550 3154 legionesab
2583 3080 2820 3136 obsessis
2848 3078 3386 3135 catervisbominum
3426 3076 3632 3147 expulit
3660 3092 3676 3128 :
3704 3090 3809 3128 va-

537 3170 933 3235 quodammodo
980 3174 1232 3228 credatur
1274 3176 1462 3231 adesse
1507 3175 1827 3247 frequentia,
1860 3187 1920 3232 ut
1971 3178 2113 3248 quod
2140 3189 2185 3251 C
2220 3172 2697 3244 riasaagritudines
2724 3171 3112 3226 infirmantium
3151 3170 3396 3239 abigens,
3426 3167 3584 3222 saluti
3615 3166 3809 3237 pristi—

539 3258 857 3326 spiritaliter
894 3262 1146 3318 dixerunt
1185 3266 1412 3334 apostoli
1439 3275 1493 3321 et
1527 3268 1880 3336 corporaliter
1917 3269 2003 3339 agi
2031 3269 2113 3323 vi-

539 3349 749 3414 deatur,
778 3352 918 3420 quod
962 3354 1135 3423 angeli
1172 3366 1293 3409 sunt
1331 3356 1766 3411 administratorii
1807 3358 2018 3427 spiritus
2060 3358 2115 3412 in

537 3438 883 3494 ministerium
917 3445 1087 3510 missi,
1134 3456 1343 3516 propter
1378 3463 1463 3501 eos
1501 3450 1590 3517 qui
1626 3449 1982 3503 Ita-reditatem
2018 3465 2111 3504 ca-

535 3530 686 3599 piunt
706 3530 893 3587 salutis
922 3533 1079 3604 (Heb.
1111 3536 1251 3605 ι).1ιι
1273 3537 1490 3594 Christo
1509 3537 1635 3594 Iesu
1659 3539 1888 3595 Domino
1906 3550 2111 3608 nostro,

538 3620 633 3689 qui
656 3620 787 3677 vivit
809 3630 866 3678 et
886 3633 1078 3695 regnat
1099 3627 1154 3680 in
1182 3628 1377 3682 sarcula
1408 3630 1744 3685 saeculorum.
1774 3631 1967 3686 Amen.

1044 3734 1323 3791 HOMILIA
1366 3737 1599 3793 XXXIII.

536 3836 592 3877 ΙΝ
627 3839 823 3880 NATALI
863 3840 1051 3881 SANGTI
1087 3843 1309 3882 I.\RTINI
1348 3844 1692 3886 CONFESSORIS
1718 3847 1891 3896 ATQUE
1927 3849 2111 3888 PONTF

1246 3915 1397 3954 FICIS.

607 3984 896 4055 Largiente
921 3985 1102 4042 divina
1121 3987 1295 4053 gratia
1334 3989 1662 4045 convenistis
1702 3991 1882 4055 hodie,
1914 3990 2111 4047 fratres

535 4074 866 4140 eharissimi,
895 4075 964 4131 ad
1010 4075 1386 4132 celebrandum
1430 4078 1628 4134 festum
1676 4080 1848 4135 sancti
1894 4080 2110 4135 Martini

536 4166 805 4234 pontiﬁcis
830 4184 844 4219 :
874 4166 1030 4237 cujus
1055 4167 1198 4222 inter
1219 4177 1446 4224 caeteros
1471 4170 1679 4225 natales
1720 4178 1777 4226 et
1820 4172 2109 4227 memorias

535 4263 843 4309 sanctorum
869 4255 1090 4311 Patrum
1120 4258 1313 4314 nobilis
1355 4268 1410 4313 et
1432 4261 1677 4316 eminens
1699 4269 1877 4316 exstat
1914 4263 2109 4318 solem-

535 4344 707 4409 nitas;
737 4353 795 4399 et
821 4346 1043 4410 merito,
1061 4347 1187 4415 quia
1223 4362 1254 4400 a
1291 4349 1479 4417 primis
1507 4351 1827 4406 rudimentis
1864 4354 1988 4408 vitae
2015 4354 2109 4408 hn-

535 4450 709 4489 rnana:
730 4434 804 4489 ita
817 4437 1002 4505 gratiae
1015 4437 1208 4492 divina:
1229 4448 1440 4509 aptatus
1460 4448 1562 4506 est,
1582 4443 1710 4496 utin
1731 4444 1974 4513 pueritiae
1994 4461 2107 4501 sua;

2216 3279 2300 3317 na:
2334 3271 2518 3318 erutos
2558 3261 2806 3325 reddidit,
2843 3260 3045 3315 debiles
3071 3267 3126 3313 et
3167 3258 3407 3330 leprosos
3437 3257 3599 3313 verbo
3641 3271 3815 3310 cura-

2213 3352 2309 3419 vit,
2354 3352 2636 3421 sanctique
2666 3350 2900 3421 Spiritus
2930 3350 3104 3421 gratia
3150 3352 3442 3413 revelante,
3497 3350 3666 3405 multa
3714 3350 3808 3405 fu-

2213 3455 2332 3498 tura
2384 3459 2477 3499 seu
2520 3444 2806 3513 praesentia
2850 3442 3118 3512 praedixit.
3176 3441 3378 3497 Pneter
3433 3442 3548 3497 huic
3580 3458 3819 3512 quoque

2214 3539 2376 3593 trium
2398 3546 2732 3593 mortuorum
2765 3537 3056 3593 suscitator
3087 3536 3414 3606 prtedicatur
3439 3550 3560 3591 esse
3588 3536 3803 3607 magni-

2211 3631 2365 3685 ficus.
2390 3630 2662 3701 Angelicis
2689 3644 2832 3699 saepe
2856 3629 3104 3684 visitatus
3128 3638 3211 3685 est
3240 3628 3452 3694 olliciis,
3480 3639 3642 3700 atque
3668 3645 3801 3684 san-

2210 3730 2421 3777 ctorum
2473 3721 2839 3791 apostolorum
2868 3761 2884 3786 ,
2935 3728 2991 3773 et
3043 3719 3312 3789 prwcipue
3364 3718 3460 3774 Dei
3513 3718 3819 3789 genitricis-

2210 3820 2293 3865 cst
2316 3811 2626 3866 consolatus
2648 3810 2914 3880 alloquiis.
2941 3810 2986 3864 Ο
3013 3811 3096 3864 vir
3136 3810 3323 3864 beatus
3347 3817 3405 3865 et
3433 3825 3594 3863 verus
3622 3810 3798 3865 Israe-

2211 3901 2326 3967 lita,
2352 3903 2403 3956 in
2433 3918 2540 3971 quo
2565 3902 2718 3957 dolus
2742 3917 2849 3957 non
2880 3900 3007 3955 fuit!
3046 3901 3326 3957 Neminem
3353 3910 3556 3957 temere
3579 3901 3798 3970 judica-

2209 3995 2304 4058 vit,
2356 3995 2627 4048 neminem
2676 3993 2871 4063 injuste
2919 3993 3213 4058 damnavit,
3267 3992 3398 4046 nulli
3447 3991 3647 4046 malum
3693 4007 3796 4060 pro

2208 4086 2357 4140 malo
2375 4084 2624 4149 reddidit,
2654 4091 2853 4138 contra
2872 4098 3063 4137 omnes
3109 4081 3335 4151 injurias
3361 4089 3418 4135 et
3454 4081 3798 4137 adversaria.

2211 4190 2330 4228 rum
2369 4172 2668 4228 calumnias
2716 4172 3157 4241 patientissimus.
3196 4170 3424 4225 exstitit.
3467 4169 3796 4240 Plerumque

2206 4263 2370 4317 etiam
2395 4278 2492 4333 pro
2514 4278 2702 4318 eorum
2729 4262 2821 4332 qui
2848 4263 3241 4318 obtrectatores
3267 4260 3411 4315 illius
3447 4268 3602 4314 erant
3647 4260 3791 4316 sole-

2207 4353 2299 4407 bat
2316 4352 2444 4408 ﬂere
2469 4354 2727 4422 peccatis,
2747 4353 2837 4423 qui
2865 4361 3135 4409 remotum
3175 4351 3330 4406 illum
3352 4360 3409 4406 et
3426 4351 3670 4422 quietum
3691 4367 3790 4407 ve-

2207 4446 2416 4499 nenatis
2457 4445 2651 4515 linguis
2673 4456 2728 4499 et
2764 4446 2978 4514 vipereo
3005 4460 3101 4499 ore
3144 4444 3455 4513 carpebant.
3499 4441 3788 4513 Nunquam

538 4532 803 4595 tempore,
830 4527 1044 4595 quando
1070 4528 1303 4597 primum
1340 4530 1601 4586 electione
1628 4533 1722 4588 Dei
1748 4534 1924 4589 fuerat
1946 4537 2107 4591 advo—
2132 4537 2184 4596 D
2211 4539 2265 4592 in
2304 4552 2400 4593 ore
2428 4538 2570 4593 illius
2610 4538 2713 4593 nisi
2739 4537 3008 4601 Christus,
3040 4551 3315 4605 nunquam
3355 4536 3410 4589 in
3455 4533 3596 4589 illius
3622 4534 3790 4590 corde

535 4623 708 4681 catus,
748 4616 929 4671 statim
955 4627 1239 4687 appareret
1262 4621 1548 4689 perfectus.
1576 4623 1815 4695 Denique
1841 4642 1961 4682 cum
1986 4644 2108 4684 nec-

534 4706 662 4759 dum
686 4722 838 4761 sacra
860 4709 997 4764 unda
1028 4709 1367 4780 baptismatis
1393 4711 1584 4768 fuisset
1612 4725 1978 4785 regeneratus,
2012 4719 2105 4773 sed

536 4805 745 4851 tantum
768 4800 933 4853 verbo
968 4798 1096 4854 ﬁdei
1122 4799 1357 4856 imbutus
1396 4818 1460 4857 ac
1502 4806 1921 4861 catechumenos
1965 4816 2106 4862 esset

533 4886 775 4950 elfectus,
788 4888 1021 4956 quodam
1041 4895 1302 4959 tempore,
1315 4905 1437 4945 cum
1451 4890 1567 4960 jam
1586 4892 1716 4946 nihil
1739 4901 1931 4961 praater
1952 4909 2103 4947 arma

534 4985 591 5029 et
614 4977 910 5046 simplicem
938 4977 1143 5034 militiae
1167 4980 1417 5035 vestitum
1440 4981 1681 5046 haberet,
1705 4984 1879 5038 media
1904 4984 2101 5048 hieme,

534 5081 657 5135 quae
685 5067 842 5122 solito
873 5070 1112 5138 asperior
1143 5070 1512 5137 inhorruerat,
1561 5074 1696 5128 adeo
1721 5082 1780 5127 ut
1820 5073 2105 5144 plerosque

534 5157 618 5211 vis
662 5158 857 5229 algoris
889 5162 1277 5232 exstingueret,
1316 5164 1534 5219 obvium
1575 5165 1818 5229 haberet,
1851 5166 1905 5219 in
1949 5177 2103 5236 porta

536 5247 980 5306 Ambianensium
1007 5254 1259 5320 civitatis,
1287 5270 1576 5325 pauperem
1606 5256 1831 5320 nudum,
1861 5257 1952 5325 qui
1980 5273 2102 5311 cum

534 5351 920 5412 praetereuntes
958 5354 1018 5401 ut
1046 5348 1129 5402 sui
1159 5348 1543 5403 misererentur
1583 5357 1787 5413 oraret,
1810 5366 2104 5420 omnesque

537 5433 792 5489 miserum
832 5438 1190 5506 praeterirent,
1216 5439 1478 5494 intellexit
1501 5440 1582 5493 vir
1621 5439 1732 5494 Deo
1760 5440 1970 5510 plenus,
2004 5442 2104 5496 sibi

536 5522 708 5590 illum,
749 5527 870 5583 aliis
915 5529 1337 5584 misericordiam
1367 5546 1471 5584 non
1502 5533 1900 5601 praestantibus,
1931 5548 2105 5589 rescr-

534 5615 672 5668 vari.
698 5616 835 5683 Quid
861 5626 1038 5673 tamen
1066 5627 1268 5689 ageret,
1302 5623 1594 5688 nesciebat,
1624 5625 1715 5693 qui
1746 5624 1878 5678 nihil
1908 5634 2105 5694 prmter

535 5704 869 5776 chlamydem
892 5722 997 5777 qua
1023 5708 1238 5765 indutus
1266 5722 1400 5779 erat,
1436 5714 1665 5772 habebat
1688 5735 1700 5770 :
1720 5714 1833 5786 jam
1856 5717 2000 5773 enim
2022 5733 2104 5773 re-

2208 4630 2311 4684 nisi
2336 4630 2532 4700 pietas,
2560 4628 2661 4684 nisi
2683 4644 2809 4698 pax,
2846 4629 2953 4684 nisi
2995 4628 3389 4693 misericordia,
3412 4627 3516 4682 nisi
3544 4626 3788 4682 charitas

2207 4729 2343 4775 erat.
2394 4721 2554 4783 Ecce,
2603 4720 2818 4784 fratres,
2847 4719 3058 4788 qualem
3103 4727 3166 4775 et
3200 4727 3456 4788 quantam
3506 4718 3785 4774 lucernam

2206 4812 2451 4867 Christus
2477 4827 2637 4882 super
2664 4812 3046 4867 candelabrum
3072 4810 3129 4865 in
3155 4810 3393 4865 Ecclesia
3439 4824 3535 4864 sua
3583 4810 3785 4879 posuit.

2207 4914 2266 4960 ut
2290 4920 2478 4961 omnes
2498 4906 2590 4973 qui
2618 4905 3013 4972 ingrediuntur,
3039 4904 3217 4958 lumen
3261 4902 3494 4956 videant.
3524 4900 3658 4967 Quis
3689 4916 3784 4957 no,-

2209 5002 2382 5049 strum
2427 5002 2515 5049 est
2540 4994 2631 5064 qui
2666 5008 2774 5047 non
2817 4993 2870 5047 in
2902 4990 3309 5047 conversatione
3347 4989 3465 5058 ejus
3494 4989 3694 5053 lucem,
3728 4988 3785 5042 in

2207 5085 2452 5139 doctrina
2502 5084 2869 5154 splendorem,
2893 5084 2947 5137 in
2981 5081 3243 5152 exemplis
3285 5080 3589 5135 claritatem
3632 5077 3784 5131 inve-

2207 5174 2325 5228 nire
2366 5173 2538 5244 possit
2569 5188 2583 5225 :
2612 5173 2705 5228 sed
2747 5173 2875 5242 quia
2908 5172 3085 5227 nullus
3116 5180 3202 5227 est
3227 5171 3321 5240 qui
3355 5185 3460 5225 non
3493 5168 3685 5239 possit,
3709 5168 3785 5221 vi:

2209 5264 2330 5319 dete
2358 5278 2427 5318 ne
2451 5263 2573 5332 quis
2598 5264 2670 5318 sit
2694 5263 2784 5332 qui
2808 5279 2915 5319 non
2948 5263 3076 5317 velit
3108 5281 3119 5316 ε
3148 5277 3258 5317 non
3284 5261 3427 5316 enim
3468 5258 3628 5313 facile
3654 5272 3791 5314 eva—.

2207 5352 2437 5408 serimus
2465 5353 2774 5418 vindictam,
2796 5353 2841 5408 si
2874 5362 3077 5408 tantam
3104 5351 3500 5423 neglexerimus
3528 5349 3781 5420 gratiam.

2210 5444 2408 5500 Omnes
2448 5446 2740 5515 gaudemus
2783 5446 3058 5501 celebrare
3099 5444 3294 5498 festum
3343 5441 3581 5505 Martini,
3610 5448 3785 5494 atten-

2207 5538 2397 5593 damus
2423 5545 2483 5592 ut
2505 5539 3055 5608 sequamurexempla
3086 5535 3316 5602 Martini,
3348 5550 3454 5605 quo
3497 5532 3787 5603 pervenire

2207 5626 2473 5695 possimus
2496 5628 2560 5681 ad
2589 5628 2867 5698 praemium
2905 5626 3138 5680 Martini.
3174 5624 3287 5681 Non
3327 5624 3497 5679 simus
3522 5636 3653 5692 ergo
3689 5636 3784 5676 su-

2208 5718 2377 5786 perbi,
2417 5718 2567 5784 elati,
2614 5726 2950 5790 arrogantes,
2980 5716 3271 5785 vaniloqui,
3314 5713 3622 5779 mendaces,
3670 5711 3796 5766 ira-
