4036 6370
256 361 331 420 85
1213 359 1516 419 HOMJLIAZ
1554 361 1643 418 DE
1682 361 1924 420 FESTIS
1964 362 2368 427 PRIECIPUIS.
2409 365 2562 424 ETC.
2735 416 2744 421 .
3448 374 3516 430 66

238 474 423 530 'cundi
450 513 469 539 ,
518 470 764 528 maledici
790 511 806 536 ,
859 470 1049 537 invidi,
1099 471 1395 541 blasphemi
1419 513 1435 537 ,
1482 473 1835 537 detractores,
1867 480 1916 539 Α
1945 474 2124 535 missis
2149 476 2353 531 retibus
2376 484 2431 531 et
2457 477 2610 543 navi;
2638 475 2805 533 valuit
2835 479 3008 536 vidua:
3034 480 3240 540 duobus
3261 485 3515 554 minutis;

258 566 432 629 avari,
460 564 684 628 ebriosi,
710 562 982 617 libidinosi
1025 574 1080 617 ct
1106 564 1437 632 voluptatum
1474 564 1655 619 saeculi
1692 579 1841 619 ama-

258 666 428 743 tores,
453 656 637 723 utique
657 654 798 723 quod
820 668 926 708 nou
955 654 1057 707 fuit
1100 653 1391 719 Martinus;
1418 655 1512 711 sed
1552 655 1722 710 simus
1747 656 1842 709 hu-

256 744 434 805 miles,
462 743 796 806 obedientes,
822 757 1067 805 veraces,
1091 743 1268 807 mites,
1291 744 1580 811 patientes,
1602 744 1837 813 benigni,

256 834 659 898 misericordes,
690 833 924 902 pacifici,
966 833 1259 903 boniloqui,
1287 833 1445 905 largi,
1489 835 1677 900 sobrii,
1709 850 1840 889 con-

258 925 518 988 tinentes,
543 923 894 993 longanimes,
920 923 1063 993 pleni
1088 924 1370 980 dilectione
1391 926 1483 980 Dei
1508 934 1563 980 et
1583 926 1833 995 proximi,

256 1016 405 1085 quod
430 1015 546 1068 sine
590 1014 750 1068 dubio
776 1013 874 1068 fuit
904 1013 1182 1069 Martinus.
1221 1014 1311 1070 Sic
1353 1030 1565 1085 quoque
1603 1017 1839 1088 pigebi-

255 1122 382 1161 mus
408 1105 655 1169 Martino,
682 1114 736 1159 et
760 1105 838 1160 sic
864 1105 1272 1161 intercessorem
1298 1107 1594 1177 poterimus
1624 1122 1837 1176 semper

256 1197 435 1266 ipsum
457 1194 657 1249 habere
678 1194 963 1248 Martinum
989 1211 1002 1247 :
1028 1196 1170 1265 quod
1195 1196 1351 1251 nobis
1370 1194 1485 1264 ejus
1506 1198 1676 1268 gratia
1699 1212 1839 1266 prte-

259 1297 410 1342 stare
423 1286 690 1356 dignetur,
705 1285 794 1353 qui
814 1284 1174 1340 confessorem
1188 1302 1343 1341 suum
1356 1287 1458 1343 sibi
1477 1287 1705 1343 feliciter
1717 1304 1835 1343 ser—

251 1377 492 1431 victitem
521 1375 771 1445 gaudium
794 1385 1053 1430 mternum
1087 1376 1288 1430 intrare
1319 1376 1539 1442 fecerat,
1570 1386 1627 1433 et
1674 1394 1836 1448 super

251 1466 437 1523 omnia
454 1481 549 1520 sua
564 1465 930 1527 constituerat,
945 1464 1100 1521 Jesus
1109 1457 1354 1521 Christus
1364 1469 1621 1522 Dominus
1632 1478 1831 1533 noster,

249 1557 349 1627 qui
377 1557 508 1610 vivit
525 1565 582 1612 et
609 1566 797 1627 regnat
825 1573 947 1611 cum
972 1558 1080 1613 Deo
1106 1557 1264 1612 Patre
1300 1557 1352 1611 in
1379 1559 1581 1614 unitate
1602 1559 1835 1628 Spiritus

250 1649 430 1703 sancti
456 1649 629 1713 Deus,
674 1662 773 1717 per
799 1647 976 1702 omnia
1023 1647 1218 1702 smcula
1262 1649 1601 1704 saeculorum.
1634 1649 1830 1705 Amen.

760 1756 1037 1812 HOMILIA
1078 1757 1316 1812 XXXIV.

483 1842 548 1881 ’ῘΝ
585 1842 778 1882 ΝᾹΤᾹῙιΙ
818 1843 1002 1882 SANCTI
1044 1844 1266 1882 ΑΝΒΒΕΑΕ
1308 1843 1582 1885 APOSTOLI.

717 1915 1081 1988 (Evangelium
1110 1916 1269 1971 Joan.
1302 1917 1367 1985 ι.)

316 2006 401 2062 Ex
426 2006 656 2062 lectione
677 2008 851 2062 sancti
890 2008 1161 2079 Evangelii
1190 2025 1310 2081 qua:
1349 2010 1508 2065 modo
1555 2011 1691 2067 lecta
1718 2019 1825 2078 est,
1858 2074 1861 2075 ν

236 2094 449 2151 fratres
493 2096 821 2162 charissimi,
848 2098 1073 2167 potestis
1116 2100 1465 2169 perpendere,
1505 2109 1561 2155 et
1598 2116 1827 2171 perpen-

243 2189 436 2244 dentes
457 2203 806 2259 cognoscere,
834 2198 1093 2259 quantum
1117 2189 1280 2244 distat
1309 2190 1361 2244 in
1390 2191 1497 2245 imo
1518 2189 1704 2258 jacens
1727 2207 1828 2262 pu-

248 2278 590 2333 sillanimitas
612 2278 939 2333 infirmitatis
963 2287 1160 2332 nostrze
1186 2294 1216 2331 a
1243 2278 1511 2334 soliditate
1538 2278 1825 2350 perfectio-

250 2367 336 2420 nis
362 2366 689 2437 apostolicaa,
711 2375 767 2421 et
790 2382 948 2437 quam
988 2367 1143 2439 longe
1171 2367 1345 2424 dill’ert
1377 2370 1699 2439 protervitas
1730 2385 1827 2426 no-

245 2463 360 2511 stra
405 2471 439 2510 a
485 2457 907 2526 praecedentium
952 2457 1173 2513 Patrum
1215 2459 1539 2514 obedientia.
1586 2460 1825 2517 Audistis

240 2558 374 2615 ergo
418 2546 562 2616 quod
591 2547 661 2601 ad
706 2548 865 2602 unius
882 2548 1139 2618 jussionis
1172 2564 1358 2604 vocem
1401 2550 1595 2607 Petrus
1637 2560 1695 2607 et
1718 2551 1826 2607 An-

241 2635 425 2703 dreas,
480 2637 682 2694 relictis
731 2639 954 2704 retibus,
1009 2642 1179 2696 secuti
1228 2651 1352 2697 sunt
1389 2641 1820 2714 Redemptorem.

240 2723 403 2781 Nulla
434 2744 562 2783 vero
593 2730 735 2785 hunc
764 2728 943 2785 facere
969 2731 1146 2786 adhuc
1174 2732 1432 2788 miracula
1459 2734 1726 2801 viderant,
1748 2735 1823 2790 nil

242 2816 318 2870 ab
354 2831 421 2871 eo
445 2817 512 2871 de
535 2820 754 2887 praemio
793 2828 1008 2875 {eterna}
1034 2822 1402 2878 retributionis
1441 2824 1747 2891 audierant,
1769 2834 1825 2881 et

245 2913 437 2960 tamen
463 2907 530 2961 ad
553 2921 714 2962 unum
742 2909 950 2966 Domini
993 2923 1320 2982 praeceptum
1345 2915 1449 2969 hoc
1468 2915 1609 2984 quod
1650 2916 1822 2986 possi-

246 2995 385 3050 dere
428 2997 745 3052 videbantur
780 2999 930 3054 obliti
957 2988 1099 3056 sunt.
1126 3002 1337 3069 Quanta
1372 3020 1471 3062 nos
1498 3006 1614 3076 ejus
1652 3007 1818 3063 mira-

236 3086 365 3142 cula
395 3087 662 3143 vidimus?
680 3099 807 3157 quot
827 3090 1050 3162 ﬂagellis
1073 3092 1391 3164 allligimur?
1411 3097 1627 3166 quantis
1649 3097 1820 3152 mina-

1943 563 2113 619 valuit
2152 564 2307 619 alteri
2337 567 2558 621 calicem
2586 582 2740 637 aqua:
2777 567 3002 639 frigidae.
3052 571 3295 643 Regnum
3334 576 3518 646 itaque

1942 652 2055 715 Dei,
2086 662 2147 708 ut
2184 654 2438 722 diximus,
2469 665 2679 711 tantum
2704 656 2845 713 valet
2877 668 3134 726 quantum
3163 661 3359 730 habes;
3386 681 3519 722 nun-

1940 759 2102 814 quam
2122 752 2205 799 est
2242 760 2409 801 vacua
2434 761 2624 801 manus
2651 763 2680 801 a
2704 763 2946 812 munere,
2979 750 3023 804 si
3053 765 3178 805 arca
3204 753 3384 808 cordis
3421 768 3514 810 re-

1937 833 2080 904 pleta
2110 842 2193 889 est
2214 835 2354 889 bona
2382 835 2673 890 voluntate.
2714 836 2851 893 Hinc
2889 840 3086 894 etenim
3121 840 3404 897 Psalmista
3430 844 3515 899 di-

1939 924 2013 978 cit
2038 941 2052 977 :
2084 924 2151 978 In
2175 941 2255 979 me
2277 935 2420 991 sunt,
2449 925 2610 992 Deus,
2635 937 2754 981 vota
2793 939 2908 993 tua,
2931 946 3047 1000 qua:
3077 931 3290 985 reddam
3328 931 3517 987 lauda-

1934 1014 2103 1067 tiones
2128 1013 2223 1066 tibi
2248 1012 2419 1085 (Psal.
2446 1014 2582 1085 LIII).
2615 1015 2693 1071 Ac
2713 1016 2759 1071 si
2787 1025 2970 1087 aperte
2991 1018 3130 1074 dicat
3163 1034 3178 1072 :
3206 1020 3275 1074 Et
3298 1022 3345 1075 si
3373 1030 3519 1077 exte-

1938 1104 2053 1158 rius
2094 1120 2317 1159 munera
2344 1106 2616 1163 offerenda
2643 1124 2750 1164 non
2790 1109 2985 1174 habeo,
3013 1110 3066 1165 iu
3100 1111 3416 1180 memetipso
3440 1120 3519 1167 ta-

1937 1212 2059 1250 men
2092 1196 2303 1253 invenio
2329 1200 2471 1269 quod
2517 1201 2570 1255 in
2619 1216 2714 1255 ara
2747 1208 2851 1257 tua;
2893 1201 3066 1257 laudis
3104 1204 3348 1273 impono;
3381 1203 3517 1259 nihil

1937 1290 2134 1360 quippe
2181 1290 2290 1346 Deo
2316 1290 2543 1346 offertur
2563 1292 2728 1349 ditius
2756 1292 3027 1348 voluntate
3052 1292 3192 1348 bona
3219 1311 3233 1347 :
3262 1293 3517 1351 voluntas

1937 1388 2113 1435 autem
2140 1381 2280 1437 bona
2301 1383 2487 1437 estsic
2516 1383 2741 1438 adversa
2766 1384 2991 1439 alterius
3022 1384 3161 1439 sicut
3182 1391 3367 1440 nostra
3389 1398 3516 1454 per-

1935 1471 2248 1538 timescere;
2273 1474 2351 1529 sic
2371 1474 2438 1529 de
2459 1475 2816 1544 prosperitate
2833 1476 3063 1545 proximi
3090 1477 3230 1531 sicut
3243 1477 3309 1532 de
3327 1484 3515 1535 nostro

1932 1562 2177 1634 profectu
2218 1565 2525 1635 gratulari:
2555 1566 2730 1621 aliena
2773 1569 2987 1632 damna,
3029 1574 3214 1622 nostra
3259 1568 3511 1636 credere,

1933 1654 2107 1709 aliena
2134 1656 2309 1721 lucra,
2340 1665 2525 1712 nostra
2567 1657 2857 1727 deputare;
2887 1659 3119 1714 amicum
3161 1663 3268 1716 non
3293 1669 3515 1730 propter

1933 1747 2232 1811 mundum,
2288 1748 2381 1803 sed
2426 1756 2650 1817 propter
2700 1748 2870 1803 Deum
2921 1749 3177 1819 diligere;
3233 1750 3512 1805 inimicum

1855 1822 1905 1883 Β
1931 1837 2093 1892 etiam
2122 1837 2353 1893 tolerare
2378 1851 2393 1891 :
2421 1838 2555 1892 nulli
2582 1840 2725 1909 quod
2751 1838 2862 1908 pati
2890 1854 2995 1895 non
3024 1839 3106 1893 vis
3133 1837 3346 1904 facere;
3380 1839 3511 1894 nulli

1928 1928 2071 1998 quod
2105 1928 2201 1983 tibi
2235 1928 2379 1997 juste
2409 1929 2718 1998 impendere
2744 1929 3039 1995 desideras,
3063 1944 3292 2000 negare;
3324 1944 3511 1984 neces-

1928 2018 2077 2075 sitati
2116 2019 2344 2089 proximi
2367 2019 2521 2089 juxta
2560 2020 2707 2074 vires
2744 2034 3088 2086 concurrere,
3116 2021 3211 2075 sed
3252 2020 3512 2089 prodesse

1927 2111 2093 2166 etiam
2119 2110 2264 2165 ultra
2294 2111 2440 2166 vires
2467 2110 2622 2167 velle.
2654 2108 2761 2166 Sed
2791 2112 2896 2166 hoc
2923 2112 3078 2169 home
3103 2110 3394 2166 voluntatis
3419 2127 3511 2167 sa-

1925 2203 2210 2267 crificium,
2258 2202 2473 2268 fratres,
2517 2217 2790 2273 nunquam
2833 2203 2990 2273 plene
3017 2203 3366 2272 persolvitur,
3402 2205 3510 2260 nisi

1925 2294 2113 2349 mundi
2139 2292 2299 2362 hujus
2320 2294 2585 2364 cupiditas
2605 2293 2844 2366 perfecte
2863 2294 3146 2350 deseratur
3171 2312 3183 2347 :
3209 2310 3334 2350 nam
3358 2298 3511 2365 quid.

1926 2384 2056 2455 quid
2083 2384 2138 2439 in
2163 2400 2229 2441 eo
2257 2385 2708 2456 concupiscimus,
2738 2386 2843 2441 hoc
2886 2386 3073 2455 procul
3114 2388 3279 2442 dubio
3321 2389 3511 2458 proxi-

1928 2474 2033 2528 mis
2059 2473 2381 2530 invidemus.
2418 2474 2485 2528 Et
2526 2474 2654 2543 quia
2681 2489 2894 2544 semper
2937 2475 3137 2531 invidia
3183 2492 3211 2530 a
3245 2479 3381 2532 bona
3415 2492 3511 2534 vo—

1926 2564 2134 2619 luntate
2163 2564 2458 2629 discordat,
2483 2579 2607 2621 mox
2633 2564 2747 2621 haec
2780 2573 3014 2621 mentem
3060 2574 3121 2622 ut
3161 2569 3388 2637 ceperit,
3415 2569 3510 2627 illa

1925 2653 2171 2709 discedit.
2195 2653 2349 2711 Unde
2375 2656 2754 2725 praedicatores
2777 2659 2974 2723 sancti,
2999 2667 3057 2714 ut
3082 2667 3304 2730 possent
3327 2661 3510 2731 proxi-

1925 2755 2045 2797 mos
2072 2740 2308 2811 perfecte
2329 2742 2569 2814 diligere,
2595 2746 2918 2801 studuerunt
2957 2747 3012 2802 in
3048 2748 3152 2804 hoc
3192 2750 3390 2805 saeculo
3416 2748 3507 2808 ni-

1924 2834 2000 2890 hil
2040 2851 2222 2893 amare
2252 2856 2264 2892 :
2294 2839 2627 2895 aestimantes
2655 2840 2787 2896 nihil
2823 2840 3131 2911 opulentius
3174 2858 3296 2899 esse
3326 2842 3507 2900 chari-

1924 2935 2056 2991 tate,
2090 2943 2212 2997 quae
2236 2944 2294 2984 se
2323 2937 2565 2985 tenentes
2593 2929 2722 2986 facit
2755 2931 3005 2987 omnibus
3028 2932 3185 2988 bonis
3206 2934 3501 2989 abundare.

1925 3016 2061 3084 Quia
2103 3033 2250 3089 ergo,
2275 3017 2474 3076 fratres
2501 3020 2828 3085 charissimi,
2858 3022 3003 3078 beati
3045 3023 3274 3080 Δηὼ-(ξω
3311 3026 3505 3081 natali-

1926 3110 2001 3164 tia
2025 3110 2379 3177 celebramus,
2405 3110 2663 3167 debemus
2707 3112 2906 3166 imitari
2932 3114 3077 3183 quod
3114 3114 3361 3171 colimus.
3389 3115 3503 3172 Hoc

236 3191 363 3230 rum
407 3178 786 3246 asperitatibus
829 3183 1183 3250 deterrcmur,
1212 3195 1269 3240 et
1312 3194 1491 3251 tamen
1538 3198 1819 3245 vocantem
1847 3178 1892 3240 C
1923 3203 2086 3258 (“iam
2127 3202 2181 3255 in
2226 3209 2533 3256 sancmrum
2577 3178 3252 3271 apostolorum-memoriis
3276 3219 3504 3261 venera-

235 3264 393 3333 sequi
422 3268 835 3325 contemnimus.
865 3271 921 3325 ln
949 3272 1089 3327 coelo
1108 3272 1220 3342 jam
1264 3275 1434 3341 sedet,
1469 3277 1559 3345 qui
1599 3278 1665 3333 de
1690 3294 1820 3335 con-

234 3355 488 3410 versione
517 3371 616 3412 nos
643 3357 929 3426 admonet;
956 3361 1066 3432 jam
1091 3362 1223 3434 jugo
1249 3363 1369 3419 fidei
1414 3364 1550 3420 colla
1580 3368 1818 3437 gentium

237 3447 496 3513 subdidit,
519 3448 632 3518 jam
662 3452 848 3509 mundi
874 3453 1099 3525 gloriam
1131 3457 1340 3521 stravit,
1365 3456 1477 3527 jam
1509 3460 1677 3514 ruinis
1703 3458 1819 3528 ejus

239 3536 724 3607 crebrescentibus,
775 3542 1004 3599 districti
1049 3544 1131 3600 sui
1176 3544 1362 3614 judicii
1412 3547 1554 3602 diem
1594 3549 1818 3619 propin-

239 3638 494 3697 quantem
537 3632 846 3700 denuntiat;
876 3644 933 3690 et
972 3645 1149 3692 tamen
1176 3640 1406 3707 superba
1449 3656 1603 3696 mens
1632 3650 1817 3696 nostra

233 3737 346 3777 non
373 3723 485 3778 vult
513 3724 616 3779 hoc
658 3735 851 3795 sponte
895 3729 1145 3786 deserere
1188 3730 1328 3799 quod
1373 3732 1615 3801 quotidie
1642 3734 1820 3803 perdit

235 3812 290 3867 in
319 3814 451 3868 vita.
477 3813 614 3882 Quid
641 3831 793 3888 ergo,
816 3816 1015 3875 fratres
1042 3821 1365 3887 charissimi,
1397 3823 1447 3876 in
1478 3822 1592 3893 ejus
1612 3824 1817 3893 judicio

228 3900 433 3957 dicturi
478 3920 685 3970 sumus,
718 3907 812 3976 qui
858 3909 927 3962 ab
955 3924 1138 3965 amore
1183 3912 1464 3979 praesentis
1493 3913 1675 3969 sazculi
1717 3929 1816 3970 nec

229 3994 516 4062 praeceptis
541 3993 827 4063 flectimur,
854 4013 955 4053 nec
972 4000 1286 4057 verberibus
1310 4002 1679 4059 emendamur.
1708 4003 1815 4061 Sed

227 4078 469 4137 fortasse
513 4082 705 4153 aliquis
737 4086 913 4142 tacitis
957 4102 1141 4143 secum
1180 4090 1596 4160 cogitationibus
1633 4093 1762 4150 dicit
1798 4112 1811 4148 :

227 4168 314 4225 Ad
352 4185 543 4227 vocem
566 4173 901 4229 Dominicam
935 4184 1163 4246 uterque
1192 4178 1293 4233 istc
1319 4179 1555 4249 piscator
1574 4183 1702 4251 quid
1723 4193 1817 4238 aut

229 4269 500 4329 quantum
542 4261 769 4330 dimisit,
797 4266 888 4336 qui
915 4281 1050 4336 pene
1075 4268 1208 4323 nihil
1234 4270 1454 4326 habuit?
1483 4271 1589 4329 Sed
1629 4274 1684 4327 in
1711 4275 1815 4330 hac

230 4368 309 4419 ne,
339 4354 542 4412 fratres
567 4357 896 4425 charissimi,
920 4358 1167 4416 affectum
1194 4363 1451 4420 debemus
1485 4366 1662 4434 potius
1688 4381 1816 4437 pen-

230 4461 355 4502 sare
396 4462 561 4517 quam
589 4463 833 4504 censum.
883 4449 1104 4507 Multum
1134 4453 1351 4523 reliquit
1395 4456 1487 4525 qui
1526 4457 1629 4512 sibi
1678 4458 1810 4513 nihil

230 4535 485 4602 retinuit;
536 4537 762 4593 multum
806 4538 1025 4610 reliquit
1066 4541 1178 4610 qui,
1215 4544 1510 4613 quamlibet
1559 4562 1806 4616 parvum,

227 4635 400 4683 totum
423 4628 679 4684 deseruit.
712 4628 869 4685 Certe
894 4646 993 4687 nos
1018 4640 1073 4686 et
1100 4633 1286 4689 habita
1316 4650 1439 4690 cum
1470 4652 1653 4693 amore
1680 4654 1809 4708 pos-

224 4718 488 4783 sidemus,
510 4726 567 4773 et
588 4734 707 4788 quae
730 4720 952 4776 minime
979 4722 1259 4787 habemus,
1287 4740 1353 4780 ex
1375 4726 1641 4785 desiderio
1666 4746 1811 4799 quaa-

224 4807 420 4862 rimus.
435 4806 661 4862 Multum
681 4824 811 4879 ergo
822 4809 1012 4865 Petrus
1027 4819 1081 4866 et
1097 4812 1338 4869 Andreas
1358 4816 1579 4883 dimisit,
1596 4820 1810 4887 quando

224 4904 460 4965 uterque
499 4896 663 4952 etiam
705 4898 972 4955 desideria
1000 4901 1231 4957 habendi
1277 4905 1579 4977 dereliquit.
1625 4908 1807 4976 Multa,

221 4986 447 5050 fratres,
490 4986 813 5057 relinquitis,
859 4989 905 5045 si
938 4990 1222 5048 desideriis
1265 4996 1607 5053 renuntiatis.
1647 4999 1810 5055 Exte-

220 5076 371 5132 riora
406 5077 608 5132 etenim
630 5086 831 5144 nostra,
866 5082 1114 5150 quamvis
1149 5097 1316 5152 parva
1344 5086 1473 5153 sint,
1514 5086 1806 5157 sufﬁciunt,

216 5167 264 5222 si
316 5167 585 5223 interiora
609 5170 787 5226 cordis
830 5178 943 5226 tota
986 5170 1295 5231 offerantur.
1340 5176 1446 5232 Cor
1479 5194 1710 5250 namque
1751 5190 1807 5238 et

218 5273 328 5315 non
362 5260 722 5316 substantiam
771 5271 962 5333 pensat
1002 5266 1167 5332 Deus,
1198 5282 1297 5323 nec
1328 5272 1610 5339 perpendit
1635 5287 1806 5341 quan-
1904 5308 1907 5311 -

219 5356 337 5405 tum
367 5351 425 5405 in
446 5349 565 5420 ejus
589 5352 875 5419 sacrificio,
904 5354 997 5410 sed
1022 5369 1089 5411 ex
1128 5367 1329 5427 quanto
1372 5358 1648 5415 offeratur.
1698 5361 1803 5417 Re-

220 5456 391 5512 gnum
420 5443 517 5498 Dei
548 5452 759 5499 tantum
785 5446 929 5501 valet
951 5456 1209 5517 quantum
1239 5450 1427 5506 babes.
1451 5450 1630 5506 Valuit
1654 5468 1805 5508 nam-

220 5549 330 5606 que
355 5535 588 5591 Zacbteo
617 5536 670 5591 in
711 5538 932 5593 dimidio
977 5541 1312 5607 substantiae,
1354 5544 1482 5612 quia
1521 5544 1799 5599 dimidium

221 5625 370 5680 aliud
398 5627 467 5681 ad
496 5628 601 5683 hoc
633 5630 790 5714 quod.
821 5631 1016 5701 injuste
1057 5631 1296 5697 abstulit,
1327 5636 1712 5696 restituendum
1746 5638 1799 5692 in

217 5717 587 5788 quadruplum
634 5722 886 5779 servavit.
917 5723 1097 5780 Valuit
1139 5724 1299 5783 Petro
1335 5736 1390 5783 et
1429 5727 1676 5799 Andreae,
1718 5730 1802 5786 di-

1837 4507 1886 4565 D

1920 3308 2044 3349 mur
2079 3293 2224 3364 quod
2248 3294 2451 3359 statim,
2478 3302 2707 3351 vocante
2742 3295 2988 3360 Domino,
3018 3296 3257 3365 perfecte
3286 3307 3503 3354 terrena

1919 3384 2271 3454 reliquerunt,
2327 3399 2435 3454 quo
2464 3384 2724 3441 intentius
2782 3393 3100 3456 appeterent
3148 3386 3411 3451 coelestia,
3446 3394 3504 3442 et

1919 3492 2042 3533 cum
2076 3476 2296 3533 Christo
2330 3485 2516 3533 tenere
2560 3486 2781 3547 possent
2812 3493 2977 3549 regna
3014 3492 3279 3549 superna;
3328 3480 3403 3535 ita
3446 3486 3505 3535 et

1919 3585 2039 3636 nos,
2067 3570 2295 3625 Domino
2309 3570 2552 3641 jubente,
2579 3571 2942 3641 despiciamus
2967 3585 3088 3640 quae
3111 3579 3326 3650 terrena
3352 3579 3501 3638 sunt,

1919 3674 2003 3727 ac,
2034 3659 2240 3716 relictis
2268 3660 2671 3731 temporalibus,
2704 3675 3012 3717 mercemur
3037 3669 3259 3716 aeterna.
3310 3658 3368 3716 Si
3399 3675 3502 3716 au-

1916 3757 2026 3805 tem
2041 3749 2266 3804 necdum
2291 3765 2579 3821 possumus
2598 3750 2902 3819 relinquere
2920 3751 3158 3821 propria,
3177 3751 3368 3807 saltem
3387 3764 3500 3807 non

1916 3839 2359 3907 concupiscamus
2385 3839 2580 3895 aliena.
2627 3839 2684 3895 Si
2730 3840 2959 3896 necdum
2998 3855 3153 3896 mens
3195 3848 3380 3896 nostra
3408 3855 3501 3898 ac-

1916 3926 2163 3983 cenditur
2188 3927 2309 3997 igne
2330 3929 2634 3994 eharitatis,
2660 3930 2713 3984 in
2736 3930 3029 3985 ambitione
3052 3946 3147 3986 sua
3170 3931 3367 3986 habeat
3391 3930 3500 3987 fre-

1915 4033 2042 4073 num
2073 4018 2313 4084 timoris;
2345 4027 2400 4075 et
2434 4022 2514 4075 sic
2547 4030 2807 4089 proventu
2851 4037 2950 4077 suo
2976 4023 3247 4087 roborata,
3280 4023 3406 4079 dum
3428 4023 3500 4079 ab

1915 4111 2212 4166 alienorum
2242 4112 2480 4182 appetitu
2505 4113 2889 4181 compescitur,
2924 4116 3246 4183 quandoque
3281 4115 3349 4169 ad
3372 4128 3499 4183 pro-

1912 4200 2028 4271 pria
2056 4202 2450 4255 contemnenda
2492 4203 2837 4272 perducatur.
2880 4203 3100 4259 Interim
3140 4219 3291 4269 vero,
3326 4205 3498 4260 donec

1914 4287 2003 4344 illa
2042 4288 2302 4357 perfectio
2326 4289 2481 4344 nobis
2518 4304 2549 4343 a
2577 4290 2791 4345 Domini
2825 4290 3000 4361 gratia
3025 4290 3229 4355 veniat,
3255 4305 3363 4346 non
3402 4305 3500 4346 ne-

1914 4379 2197 4449 gligamus,
2228 4379 2447 4445 fratres,
2474 4381 2540 4437 de
2579 4382 2886 4437 substantia
2914 4392 3096 4439 nostra
3124 4382 3499 4453 eleemosynas

1914 4470 2116 4533 facere,
2137 4470 2557 4539 hospitalitatem
2583 4471 2829 4542 diligere,
2853 4480 2908 4527 et
2928 4472 3294 4541 indigentibus
3314 4470 3497 4542 proxi-

1913 4561 2017 4615 mis
2046 4562 2243 4616 nostris
2264 4563 2318 4616 in
2354 4563 2496 4616 omni
2526 4563 2668 4618 bono
2692 4565 3126 4630 communicare;
3169 4578 3233 4618 ac
3260 4563 3359 4628 sic,
3384 4562 3496 4616 lar-

1910 4651 2089 4720 giente
2130 4652 2381 4716 Domino,
2408 4654 2708 4722 poterimus
2752 4654 2820 4709 ad
2864 4655 3065 4725 majora
3104 4654 3493 4717 conscendere,

1911 4741 2035 4810 quia
2058 4742 2256 4797 talibus
2288 4743 2480 4797 hostiis
2501 4751 2843 4810 promeretur
2868 4744 2981 4811 ipse
3020 4743 3201 4797 Deus:
3236 4742 3304 4796 ad
3340 4739 3494 4808 cujus

1910 4830 2170 4886 visionem
2197 4847 2296 4887 nos
2328 4834 2625 4902 perducere
2645 4833 2895 4904 dignetur
2924 4834 3059 4903 ipse,
3090 4833 3181 4901 qui
3228 4838 3314 4885 est
3336 4830 3493 4886 nobis

1910 4921 2018 4986 via,
2041 4922 2131 4990 qui
2165 4930 2250 4977 est
2278 4923 2498 4989 veritas,
2522 4923 2615 4993 qui
2645 4932 2729 4979 est
2766 4922 2893 4985 vita,
2918 4922 3075 4977 Jesus
3104 4921 3352 4976 Christus
3380 4919 3463 4976 Do
3487 4949 3494 4958 -

1910 5013 2089 5068 minus
2115 5021 2318 5079 noster,
2342 5015 2435 5084 qui
2465 5014 2596 5069 vivit
2613 5024 2669 5070 et
2694 5020 2884 5086 regnat
2912 5029 3033 5069 cum
3053 5012 3212 5068 Patre
3234 5020 3291 5067 et
3314 5009 3489 5081 Spiri-

1908 5107 1966 5154 tu
1989 5108 2176 5157 sancto
2198 5102 2363 5169 Deus,
2383 5118 2482 5173 per
2503 5103 2683 5159 omnia
2705 5103 2901 5159 saecula
2929 5100 3267 5157 saeculorum.
3291 5099 3485 5155 Amen.

2418 5216 2700 5272 HOMILIA
2737 5214 2954 5270 XXXV.

2334 5302 2387 5341 IN
2425 5303 2620 5343 NATALI
2660 5299 3058 5342 APOS'I‘OLORUII.

1978 5373 2035 5428 Si
2058 5376 2298 5431 omnium
2324 5387 2638 5433 sanctorum
2683 5386 2981 5448 martyrum
3019 5385 3171 5448 grata
3212 5375 3371 5432 nobis
3396 5375 3492 5432 de-

1905 5464 1996 5519 bet
2020 5480 2139 5520 esse
2170 5466 2501 5532 solemnitas,
2523 5467 2720 5522 fratres
2748 5466 3055 5522 cbarissimi
3080 5505 3094 5531 ,
3131 5472 3335 5535 quanto
3361 5476 3490 5533 gra-

1904 5555 2013 5610 tior
2053 5570 2241 5610 eorum
2286 5557 2377 5627 qui
2432 5566 2755 5629 praesentem
2802 5557 2975 5613 secuti
3020 5564 3147 5612 sunt
3186 5552 3485 5624 principem

1906 5654 2239 5716 martyrum:
2272 5647 2317 5702 si
2347 5664 2627 5718 agnorum,
2651 5656 2853 5717 quanto
2878 5648 3052 5719 magis
3083 5646 3334 5701 arietum.
3365 5640 3490 5694 lllo—

1906 5750 2026 5789 rum
2051 5736 2196 5792 enim
2221 5736 2312 5791 filii
2346 5752 2449 5792 non
2478 5737 2825 5807 generatione
2849 5737 3047 5799 carnis,
3073 5734 3166 5789 sed
3188 5729 3491 5786 imitatione
