4036 6370
508 300 590 368 Ἠ]

1153 306 1216 365 Β.
1248 304 1509 363 RABANI
1547 300 1766 368 MAURI
1803 300 2118 362 ARCHIEP.
2153 302 2459 365 MOGUNT.
2500 304 2783 365 OPERUM
2810 306 2996 363 PARS
3026 304 3094 362 Il.
3704 301 3780 363 68

516 410 776 486 virtutis,
815 416 943 474 facti
991 425 1117 474 sunt
1163 432 1351 473 omnes
1387 418 1478 488 qui
1516 416 1783 487 posterius
1817 429 1988 485 usque
2030 415 2097 469 ad
2124 416 2173 473 Α
2200 430 2299 470 nos
2349 416 2667 471 docuerunt.
2719 416 3042 471 Studeamus
3082 415 3240 471 factis
3288 415 3512 488 implere
3540 431 3661 487 quae
3704 416 3785 473 illi

515 520 756 568 mortem
790 508 1020 566 confessi
1041 515 1167 564 sunt
1199 508 1496 562 Christum.
1525 507 1636 563 Hos
1659 506 1970 563 obtulerunt
1997 519 2099 574 po-

515 602 636 676 puli
657 601 918 674 gentium,
947 600 1013 655 de
1034 599 1229 670 quibus
1255 598 1540 654 Psalmista
1588 607 1714 653 ante
1740 597 2000 661 cantavit,
2021 596 2102 649 di-

515 710 693 752 cens:
729 694 924 763 A/ferte
961 691 1185 746 Domino
1229 689 1365 759 ﬁlios
1409 689 1631 743 arietum
1660 686 1831 760 (Psal.
1881 686 2095 758 xxvm).

520 785 626 841 ilis
649 784 881 856 primum
911 781 1185 844 Dominus,
1214 795 1335 834 cum
1365 779 1433 832 ad
1478 777 1867 834 confessionem
1892 777 1975 831 sui
1999 791 2098 830 no-

531 877 694 931 minis
717 875 1048 936 hortaretur,
1068 886 1172 925 non
1198 868 1372 924 solum
1405 882 1463 922 se
1484 868 1730 937 promisit
1751 866 1989 923 victoria:
2012 880 2103 920 co-

529 973 862 1027 ronatorem,
893 962 986 1017 sed
1012 970 1067 1016 et
1101 959 1410 1014 certaminis
1460 958 1778 1027 adiutorem.
1823 958 1996 1013 Etiam
2046 957 2101 1012 in

531 1053 664 1122 ipsis
683 1060 739 1107 et
762 1059 1006 1121 posteros
1024 1049 1366 1113 admonebat,
1398 1050 1489 1118 qui
1518 1051 1656 1119 quod
1690 1048 1928 1113 dicebat,
1971 1047 2106 1102 scri-

532 1151 681 1212 ptum
710 1140 942 1210 posteris
974 1139 1323 1209 relinquebat.
1352 1139 1463 1194 Illis
1503 1155 1630 1210 ergo
1655 1139 1769 1204 ait,
1814 1138 2106 1192 exhortans

524 1246 664 1286 eos:
693 1230 827 1286 Cum
850 1239 1026 1286 autem
1047 1231 1320 1285 adducunt
1350 1245 1447 1284 vos
1485 1230 1550 1283 ad
1576 1228 1844 1298 principes
1864 1236 1920 1282 et
1958 1237 2108 1296 pote-

533 1328 722 1384 states,
739 1320 903 1376 nolite
929 1321 1170 1391 cogitare
1199 1321 1328 1389 quid
1356 1320 1746 1390 respondeatis,
1768 1319 1851 1374 vel
1876 1318 2002 1389 quid
2028 1318 2106 1372 lo-

527 1410 793 1480 quamini.
825 1409 949 1464 Non
975 1411 1114 1464 enim
1134 1426 1228 1463 cos
1271 1410 1394 1463 estis
1421 1410 1511 1480 qui
1548 1407 1851 1479 loquimini,
1883 1407 1972 1462 sed
1995 1407 2106 1477 spi-

533 1500 667 1552 ritus
715 1497 892 1552 Patris
929 1498 1087 1552 vestri
1126 1500 1215 1567 qui
1260 1496 1492 1568 loquitur
1528 1497 1589 1551 in
1627 1495 1765 1550 vobis
1788 1493 2104 1567 (Matt/13:).

535 1585 786 1642 Meditari
814 1586 1003 1651 vetuit,
1039 1594 1092 1641 et
1112 1586 1361 1642 conﬁteri
1406 1586 1699 1656 praecepit:
1730 1585 1917 1639 maluit
1961 1585 2107 1639 enim

532 1676 745 1731 auferre
797 1676 1266 1746 praesumptionem
1294 1676 1581 1730 humanam
1605 1715 1620 1740 ,
1673 1685 1729 1729 et
1750 1674 1979 1747 gratiam
2011 1672 2107 1728 do-

2192 499 2501 571 jusserunt;
2532 504 2803 560 discamus
2831 519 3019 559 eorum
3057 504 3301 574 exemplo
3321 504 3520 578 {mundi
3560 507 3787 562 divitias

2203 595 2862 665 contemnere,przesentis
2885 595 3065 650 saeculi
3088 594 3411 665 voluptatem
3438 611 3545 651 non
3569 611 3784 664 amare,

2199 698 2425 755 regnum
2470 684 2690 740 caeleste
2736 685 3074 749 desiderare;
3118 684 3336 741 Christo
3382 688 3516 743 nihil
3565 672 3785 757 praep'o-

2200 791 2350 843 nere,
2383 776 2478 832 sed
2520 777 2635 847 ejus
2660 776 2928 831 mandatis
2980 777 3037 830 in
3063 777 3311 832 omnibus
3343 778 3599 843 obedire;
3643 793 3787 847 pau-

2194 874 2464 934 pertatem
2491 882 2672 921 rerum
2716 868 3063 936 praesentium
3113 866 3355 938 diligere,
3389 868 3649 923 virtutum
3703 869 3790 922 di-

2201 956 2381 1023 vitias
2394 958 2613 1022 habere,
2645 956 2924 1027 sapientia:
2960 957 3270 1012 thesaurum
3312 968 3589 1027 appetere,
3624 957 3795 1027 spiri—

2203 1049 2339 1104 tales
2379 1049 2600 1104 delicias
2647 1062 2926 1117 quaerere:
2967 1046 3094 1101 nulli
3137 1046 3374 1102 invidere
3398 1088 3413 1112 ,
3467 1047 3561 1102 sed
3595 1063 3795 1103 omnes

2204 1141 2450 1196 homines
2472 1139 2713 1208 diligere,
2742 1139 2949 1193 amicos
2979 1137 3031 1191 in
3062 1137 3191 1202 Deo,
3218 1146 3273 1192 et
3300 1136 3547 1192 inimicos
3565 1145 3794 1207 propter

2206 1231 2394 1296 Deum,
2425 1231 2550 1301 quia
2578 1230 2694 1285 haec
2724 1240 2808 1284 est
2857 1228 2970 1284 sola
3012 1243 3140 1283 vera
3169 1228 3386 1282 dilectio
3413 1247 3427 1281 :
3476 1242 3602 1282 nam
3629 1242 3793 1282 amor

2205 1320 2439 1377 carnalis
2457 1329 2512 1375 et
2534 1320 2760 1375 vitiosus
2788 1320 2840 1373 in
2882 1317 3236 1388 praecipitium
3267 1316 3434 1371 trahit
3472 1323 3527 1371 et
3565 1330 3797 1386 compa-

2204 1418 2356 1466 ratur
2401 1409 2555 1476 odio;
2595 1408 2737 1463 unde
2791 1407 3049 1477 scriptum
3101 1413 3227 1459 est:
3276 1403 3382 1469 Qui
3424 1403 3536 1458 vult
3585 1403 3797 1459 amicus

2205 1514 2314 1554 esse
2337 1497 2496 1568 hujus
2522 1495 2722 1561 smculi,
2746 1495 2993 1549 inimicus
3019 1492 3118 1547 Dei
3155 1493 3491 1547 constituitur
3520 1491 3662 1563 (Jac.
3687 1490 3797 1563 tv).

2202 1588 2299 1644 Isti
2313 1603 2449 1658 ergo
2481 1587 2753 1657 principes
2774 1585 2962 1649 nostri,
2988 1584 3082 1640 Dei
3105 1598 3289 1640 amore
3310 1582 3717 1654 perfectissimi,
3739 1592 3799 1639 et

2207 1681 2574 1751 proximorum
2598 1677 2885 1732 dilectione
2910 1675 3122 1747 repleti,
3144 1676 3271 1730 hinc
3290 1682 3581 1744 potuerunt
3600 1675 3797 1730 mundi

531 1780 663 1820 nare
695 1764 962 1830 divinam,
1018 1774 1078 1819 ut
1122 1765 1175 1818 iu
1224 1765 1525 1834 semetipsis
1575 1764 1783 1830 timidi,
1817 1771 1871 1818 et
1907 1763 1963 1818 in
1996 1762 2108 1817 Deo

2211 1771 2473 1840 impetum
2491 1768 2709 1823 vincere
2737 1775 2792 1821 et
2806 1775 3093 1822 cruentum
3116 1764 3369 1820 steculum
3399 1765 3642 1829 domare,
3661 1765 3797 1835 quia

526 1855 761 1911 .l‘uissent
788 1856 1041 1912 audaces.
1073 1855 1226 1912 Unde
1257 1864 1320 1910 et
1347 1856 1401 1910 in
1430 1855 1536 1911 alio
1579 1855 1785 1927 psalmo
1815 1870 1918 1910 vox
1963 1869 2109 1909 mar-

534 1953 710 2014 tyrum
739 1944 849 2000 Deo
869 1946 1018 2011 dicit,
1050 1946 1205 2014 quasi
1232 1960 1298 2000 ex
1324 1956 1476 2016 parte
1501 1947 1748 2001 humanae
1776 1945 2104 2016 fragilitatis,

528 2035 767 2089 verendo
792 2051 805 2087 :
835 2032 996 2105 Eripe
1019 2051 1098 2089 me
1124 2035 1189 2089 de
1210 2036 1435 2089 inimicis
1460 2036 1618 2101 meis,
1671 2035 1809 2089 Deus
1830 2052 2016 2100 meus;
2056 2044 2105 2090 et

533 2130 599 2183 ab
652 2130 1029 2200 insurgentibus
1081 2131 1136 2184 in
1180 2146 1262 2183 me
1306 2129 1468 2185 libera
1512 2147 1590 2185 me
1620 2127 1791 2200 (PsaL
1832 2128 2001 2201 xvu);
2053 2138 2111 2185 et

530 2220 693 2291 paulo
721 2228 864 2291 post,
892 2220 960 2276 de
1003 2221 1203 2276 auxilio
1229 2221 1410 2277 divino
1452 2219 1749 2286 conlidens,
1773 2219 1903 2276 dicit
1928 2238 1940 2273 :
1975 2217 2108 2274 For-

532 2308 807 2363 titudinem
832 2326 1020 2374 meam,
1049 2309 1291 2375 Domine,
1322 2319 1424 2364 ate
1449 2310 1739 2364 custodiam
1771 2308 1977 2379 (Ibid.).
2007 2307 2109 2363 Su-

525 2412 633 2469 pra
663 2406 887 2454 caeteras
912 2399 1057 2454 enim
1095 2399 1279 2454 turbas
1309 2399 1544 2455 ﬁdelium
1585 2414 1686 2454 nec
1723 2413 1829 2455 non
1864 2400 2109 2469 antiquo-

529 2504 653 2544 rum
669 2487 939 2559 justorum
964 2499 1020 2546 et
1049 2494 1455 2563 prophetarum,
1493 2492 1792 2548 eminentes
1840 2492 2109 2562 apostolos

524 2594 660 2636 suos
687 2579 868 2636 volens
900 2580 1159 2637 Dominus
1186 2583 1490 2648 ostendere,
1521 2583 1654 2638 dixit
1677 2583 1746 2639 ad
1772 2583 1892 2640 illos
1915 2600 1933 2639 :
1958 2583 2109 2639 Beati

528 2668 669 2725 oculi
711 2671 799 2741 qui
846 2670 1020 2725 vident
1056 2688 1174 2742 qua:
1214 2689 1299 2727 vos
1328 2673 1541 2739 videtis,
1586 2682 1635 2728 et
1677 2690 1830 2729 aures
1859 2689 1975 2746 quae
2007 2691 2108 2728 au-

529 2759 681 2814 diunt
719 2777 836 2831 qua:
866 2778 950 2821 vos
992 2763 1188 2819 auditis
1209 2776 1230 2817 .'
1258 2764 1408 2819 multi
1442 2767 1579 2820 enim
1608 2768 1870 2839 propheta:
1904 2777 1955 2821 et
1973 2768 2109 2838 justi

530 2848 991 2906 uolueruntvidere
1010 2869 1127 2923 qua:
1166 2870 1251 2908 vos
1289 2854 1486 2917 uidetis,
1518 2865 1566 2908 et
1619 2872 1723 2910 non
1770 2855 2035 2922 viderunt;
2061 2865 2109 2911 et

528 2937 717 2992 audire
751 2955 868 3009 qua:
907 2941 1100 2996 auditis
1124 2981 1138 3007 ,
1184 2951 1232 2996 et
1274 2959 1379 2998 non
1424 2943 1703 2999 audierunt
1751 2944 1901 3017 (Luc.
1934 2946 2012 3018 Χ).
2044 2947 2112 3001 Et

530 3028 661 3084 item
684 3030 812 3086 alibi
838 3049 851 3086 :
880 3032 1004 3086 lam
1025 3074 1040 3097 ,
1078 3034 1284 3103 inquit,
1314 3051 1416 3088 non
1439 3035 1611 3090 dicam
1632 3054 1721 3091 vos
1741 3054 1913 3093 servos
1928 3079 1945 3105 ,
1985 3041 2109 3110 quia

526 3135 704 3175 servus
733 3122 893 3175 nescit
937 3122 1062 3192 quid
1108 3098 1269 3195 faciat
1318 3125 1559 3179 dominus
1613 3126 1746 3196 ejus.
1784 3125 1887 3182 Vos
1930 3098 2109 3182 autem
2139 3098 2184 3161 ο

528 3208 641 3263 dixi
668 3212 862 3265 amicos
885 3252 902 3278 ,
942 3214 1071 3284 quia
1101 3215 1276 3268 omnia
1303 3232 1619 3285 quaecunque
1664 3216 1841 3271 audivi
1878 3234 1911 3271 a
1951 3216 2113 3274 Patre

527 3315 665 3364 meo,
695 3310 819 3356 nota
848 3303 948 3371 feci
979 3304 1119 3358 vobis
1149 3303 1331 3375 (Joan.
1361 3303 1474 3374 xv).
1508 3305 1723 3361 Eisdem
1752 3306 1828 3360 ait
1853 3307 1980 3361 item
2006 3307 2112 3363 alio

527 3388 687 3448 loco:
727 3391 1060 3464 Quaecunque
1094 3393 1431 3465 alligaveritis
1481 3414 1637 3466 super
1678 3409 1904 3465 terram,
1960 3410 2111 3455 erunt

531 3478 697 3549 ligata
737 3491 786 3536 et
812 3481 866 3536 in
892 3483 1019 3538 coelo
1067 3483 1282 3555 (Matth.
1326 3485 1503 3557 xvm).
1540 3486 1672 3542 Item
1719 3488 1847 3545 alibi
1893 3489 2107 3561 (Matth.

530 3567 672 3639 xu),
696 3569 1001 3627 sciscitanti
1034 3571 1194 3628 Petro
1241 3573 1371 3642 quid
1402 3575 1505 3630 sibi
1529 3582 1584 3629 et
1634 3577 1795 3632 sociis
1829 3578 1941 3633 suis
1986 3594 2112 3649 pro-

529 3657 725 3717 fuisset
766 3663 1051 3732 reliquisse
1082 3665 1264 3719 omnia
1303 3674 1360 3719 et
1381 3667 1533 3736 sequi
1561 3668 1997 3740 Redemptorem,
2024 3686 2111 3725 re-

528 3752 745 3821 spondit
770 3747 988 3807 dice’ns:
1020 3753 1182 3808 Amen
1207 3755 1324 3808 dico
1366 3756 1505 3811 vobis
1538 3758 1677 3827 quod
1701 3775 1787 3813 vos
1830 3761 1920 3831 qui
1946 3764 2110 3816 secuti

526 3841 652 3897 estis
680 3858 792 3907 me,
822 3844 878 3897 in
908 3845 1294 3913 regeneratione
1324 3862 1443 3900 cum
1466 3847 1655 3902 sederit
1683 3847 1857 3905 Filius
1884 3852 2108 3908 hominis

528 3931 585 3985 in
620 3932 739 3987 sede
776 3935 1065 4004 majestatis
1105 3955 1214 3993 sua:
1238 3979 1253 4003 ,
1296 3940 1537 3996 sedebitis
1576 3951 1624 3997 et
1652 3959 1737 3999 vos
1777 3960 1933 4014 super
1965 3944 2108 3999 sedes

528 4020 804 4075 duodecim
823 4023 1123 4091 judicantes
1150 4026 1426 4082 duodecim
1446 4030 1611 4084 tribus
1645 4029 1837 4086 Israel.
1861 4032 1951 4088 Isti
1984 4041 2110 4087 sunt

529 4110 623 4167 lux
652 4114 836 4168 mundi
873 4115 1087 4185 (Matth.
1113 4118 1192 4184 ν),
1231 4120 1355 4189 quia
1385 4136 1485 4192 per
1512 4122 1657 4192 ipsos
1698 4123 1877 4180 lumen
1908 4124 2030 4180 ﬁdei
2055 4132 2110 4180 et

527 4217 672 4256 verte
695 4204 936 4261 scientia:
960 4208 1192 4276 primum
1217 4209 1476 4266 Dominus
1497 4213 1621 4268 huic
1647 4216 1846 4270 mundo
1868 4216 2105 4281 tradidit,

529 4302 587 4348 et
614 4294 680 4349 ab
701 4309 945 4350 errorum
975 4313 1041 4354 ac
1081 4309 1426 4368 peccatorum
1458 4304 1695 4360 tenebris
1721 4314 1909 4375 gentes
1932 4314 1987 4360 et
2011 4321 2108 4376 po-

528 4383 684 4452 pulos
706 4388 865 4441 eruit.
892 4388 983 4444 Isti
1011 4400 1135 4445 sunt
1160 4391 1238 4446 sal
1276 4399 1454 4457 terra),
1483 4395 1608 4462 quia
1647 4410 1745 4465 per
1772 4397 1916 4466 ipsos
1945 4397 2105 4451 terri-

2206 1861 2345 1917 nihil
2366 1866 2683 1915 amaverunt
2714 1859 2768 1913 in
2794 1858 2941 1913 omni
2966 1871 3046 1925 re,
3084 1857 3191 1912 nisi
3218 1856 3309 1912 Dei
3330 1856 3683 1912 voluntatem.
3714 1857 3799 1911 Ita

2208 1962 2265 2009 et
2290 1968 2409 2019 nos,
2441 1952 2655 2016 fratres,
2684 1950 2969 2022 diligamus
3003 1949 3058 2003 in
3101 1948 3354 2005 omnibus
3392 1947 3556 2003 rebus
3585 1947 3682 2003 Dei
3712 1946 3800 2001 fa-

2209 2059 2335 2099 cere
2359 2042 2708 2106 voluntatem,
2740 2049 2796 2094 et
2818 2048 3124 2096 creatorem
3155 2047 3401 2095 nostrum
3444 2052 3689 2093 amemus
3734 2038 3802 2092 in

2208 2134 2520 2203 semetipso,
2548 2139 2852 2187 creaturam
2882 2144 3012 2185 vero
3044 2129 3099 2184 in
3141 2129 3421 2184 conditore
3446 2142 3583 2183 suo:
3621 2135 3680 2182 et
3710 2126 3803 2183 sic

2208 2225 2526 2280 habebimus
2576 2220 3032 2277 ordinatissimam
3063 2220 3422 2283 charitatem,
3476 2219 3604 2289 quia
3649 2218 3804 2274 Deus

2210 2314 2450 2370 cbaritas
2476 2322 2579 2380 est,
2606 2322 2667 2370 et
2689 2314 2779 2384 qui
2808 2313 2980 2384 diligit
3016 2314 3158 2368 hanc
3182 2312 3523 2368 dilectionem
3546 2351 3561 2376 ,
3615 2311 3804 2381 diligit

2211 2408 2414 2473 Deum;
2445 2416 2501 2463 et
2526 2407 2571 2463 si
2595 2408 2670 2463 ita
2694 2407 3041 2464 dilexerimus
3067 2447 3083 2472 ,
3128 2407 3300 2477 diligit
3345 2420 3447 2460 nos
3485 2406 3600 2474 ipse
3626 2405 3799 2472 Deus,

2211 2498 2440 2570 diligunt
2465 2508 2520 2554 et
2548 2514 2649 2555 nos
2676 2499 2848 2555 sancti
2878 2497 3103 2568 apostoli
3137 2497 3346 2566 iudices
3372 2495 3563 2561 nostri,
3592 2503 3648 2551 et
3668 2510 3803 2550 exc.

2211 2600 2335 2647 rant
2362 2608 2461 2662 pro
2488 2593 2668 2659 nobis,
2692 2601 2753 2647 ut
2781 2593 2836 2647 in
2871 2591 3160 2647 universali
3206 2590 3414 2661 iudicio
3441 2588 3641 2645 Christi
3670 2603 3802 2642 cum

2212 2682 2344 2752 ipsis
2373 2683 2428 2736 in
2468 2691 2784 2754 perpetuum
2830 2697 3187 2738 coronemur:
3222 2681 3365 2752 quod
3393 2680 3507 2751 ipse
3534 2688 3804 2749 przestare

2213 2772 2462 2843 dignetur
2479 2771 2646 2840 iudex
2667 2780 2723 2827 et
2762 2771 3020 2825 Dominus
3045 2778 3244 2831 noster,
3277 2769 3367 2838 qui
3395 2783 3519 2823 cum
3558 2767 3718 2820 Patre
3742 2774 3806 2819 et

2213 2861 2419 2933 Spiritu
2450 2869 2639 2918 sancto
2666 2863 2801 2917 vivit
2827 2870 2883 2916 et
2922 2870 3112 2934 regnat
3145 2860 3312 2926 Deus,
3345 2875 3445 2931 per
3486 2858 3667 2915 omnia
3695 2870 3804 2912 s1:-

2212 2951 2335 3008 cula
2372 2953 2711 3009 Steculorum.
2734 2953 2928 3007 Amen.

2718 3065 2999 3120 HOMILIA
3036 3063 3277 3121 XXXVI.

2679 3151 2733 3191 IN
2771 3151 2967 3190 NA'I'ALI
3007 3150 3322 3191 MARTYRUI.

2283 3224 2421 3293 Quia
2475 3225 2618 3280 beati
2673 3225 2928 3296 martyris
2975 3223 3173 3279 natalis
3218 3222 3376 3278 hodie
3432 3222 3612 3277 illuxit
3653 3221 3803 3291 dies,

2210 3330 2370 3385 quem
2398 3315 2696 3380 vobiscum,
2718 3313 2914 3370 fratres
2944 3313 3268 3377 charissimi,
3291 3312 3459 3368 voluit
3488 3328 3588 3368 nos
3610 3311 3801 3369 Domi-

2211 3425 2314 3465 nus
2334 3409 2632 3474 celebrare,
2658 3407 2859 3477 aliquid
2882 3447 2900 3475 ,
2951 3407 3185 3462 donante
3215 3405 3339 3471 illo,
3383 3406 3449 3461 de
3493 3414 3799 3478 martyrum

2211 3500 2380 3571 gloria
2403 3508 2457 3555 et
2477 3501 2736 3570 patientia
2780 3500 3128 3556 disseramus.
3155 3500 3338 3556 Gloria
3373 3500 3586 3569 quidem
3632 3515 3800 3554 mun-

2211 3590 2350 3643 dana
2396 3590 2465 3644 ab
2494 3590 2626 3660 ipsis
2653 3597 2959 3659 contempta
2983 3600 3086 3656 est,
3111 3598 3166 3646 et
3208 3590 3326 3644 ideo
3360 3589 3619 3645 patientia
3670 3604 3801 3661 pro-

2210 3679 2336 3733 bata
2375 3688 2498 3734 est:
2532 3694 2659 3733 nam
2700 3673 2870 3749 gloria
2897 3678 3083 3735 eorum
3134 3680 3444 3735 abscondita
3492 3679 3696 3735 latebat
3737 3679 3802 3735 in

2209 3768 2363 3823 cmlis
2384 3807 2400 3832 ,
2448 3769 2574 3839 quia
2606 3769 2866 3839 patientia
2899 3784 3084 3825 eorum
3116 3771 3468 3824 exercebatur
3514 3768 3569 3824 in
3599 3769 3796 3838 terris;

2209 3862 2302 3931 qui
2344 3876 2451 3915 non
2490 3861 2747 3918 exhorret
2774 3875 2961 3917 eorum
3006 3861 3320 3931 patientiam
3346 3900 3362 3926 ,
3412 3860 3689 3930 perveniet
3725 3859 3799 3917 ad

2210 3951 2454 4023 gloriam.
2489 3950 2700 4006 Miseria
2723 3952 2866 4006 enim
2886 3959 3107 4021 putatur
3129 3952 3238 4020 pati
3270 3951 3402 4005 dura
3438 3958 3493 4006 et
3514 3964 3704 4019 aspera
3734 3950 3796 4007 in

2210 4056 2395 4105 carne,
2419 4041 2544 4109 quia
2575 4056 2764 4096 revera
2798 4040 3080 4096 molestum
3131 4046 3241 4106 est;
3284 4039 3387 4093 nisi
3434 4047 3578 4093 esset
3619 4038 3801 4094 omni-

2208 4130 2310 4186 bus
2345 4130 2629 4186 molestum
2659 4170 2675 4195 ,
2740 4144 2849 4184 non
2904 4137 3051 4184 esset
3097 4127 3423 4199 martyribus
3474 4128 3796 4200 gloriosum.

2210 4220 2388 4275 Multis
2413 4235 2542 4289 ergo
2567 4217 2784 4275 lascivis
2826 4227 2882 4274 et
2905 4217 3084 4272 avaris
3126 4227 3397 4289 martyres
3444 4217 3617 4274 sancti
3650 4219 3799 4274 insa-

2208 4311 2326 4364 nire
2353 4309 2453 4365 visi
2477 4318 2624 4374 sunt,
2650 4310 2865 4379 quando
2891 4323 2990 4378 pro
3018 4307 3219 4364 Christi
3264 4309 3482 4363 nomine
3518 4318 3668 4364 tanta
3696 4325 3799 4380 pa-

2212 4400 2482 4454 tiebantur
2510 4418 2523 4452 :
2555 4412 2611 4455 et
2660 4414 2784 4455 eum
2835 4414 3046 4470 semper
3072 4399 3337 4454 veraciter
3376 4400 3796 4468 confitebantur,

528 4487 680 4544 gena:
700 4477 1097 4533 condimentum
1119 4482 1327 4551 saporis
1345 4483 1470 4538 vita:
1491 4490 1707 4539 aeternae
1729 4495 2103 4555 perceperunt,
2131 4461 2186 4522 D
2212 4500 2270 4545 ut
2293 4506 2422 4561 ergo
2449 4499 2707 4561 negarent
2737 4461 3083 4561 urgebantur.
3116 4490 3220 4544 Alii
3252 4506 3381 4546 vero
3405 4491 3572 4562 virgis
3616 4499 3674 4545 et
3701 4490 3801 4548 fla-

528 4572 590 4619 nt
609 4566 995 4636 restringerent
1023 4572 1200 4625 carnis
1226 4571 1521 4639 lasciviam,
1546 4582 1603 4628 et
1626 4590 1655 4626 a
1675 4575 1956 4644 putredine
1982 4591 2108 4646 pec.

526 4663 772 4711 catorum
817 4666 873 4713 et
916 4660 1168 4715 vitiorum
1220 4662 1493 4718 vermibus
1539 4672 1884 4719 servarentur
1934 4665 2105 4721 illmsi.

526 4741 620 4798 Isti
649 4753 770 4799 sunt
795 4745 1073 4802 duodecim
1108 4749 1311 4818 lapides
1355 4752 1597 4819 pretiosi,
1629 4768 1765 4821 quos
1818 4754 1872 4808 in
1920 4754 2109 4810 funda-

529 4842 711 4886 mento
734 4833 969 4889 caelestis
993 4836 1205 4892 aediﬁcii
1248 4841 1453 4909 positos
1482 4839 1716 4897 Joannes
1766 4843 1818 4897 in
1844 4843 2108 4914 Apocaly-

531 4921 615 4990 psi
646 4937 743 4976 sua
773 4925 1029 4980 describit
1057 4926 1239 4998 (Apoc.
1270 4928 1405 4998 XXI),
1429 4931 1553 4999 quia
1577 4932 1888 5000 praedicatio
1925 4949 2112 4989 eorum

530 5010 787 5069 Ecclesia:
814 5014 1161 5072 fundamenta
1215 5017 1431 5074 locavit.
1474 5019 1625 5076 Unde
1665 5029 1720 5076 et
1761 5021 1958 5077 Paulus
2000 5023 2110 5076 ait:

541 5106 642 5162 Vos
666 5112 788 5165 estis
808 5113 939 5168 cives
958 5123 1256 5168 sanctorum
1284 5123 1331 5169 et
1357 5115 1623 5170 domestici
1660 5116 1801 5170 Dei:
1829 5117 2114 5188 δίψει-(ι’άί-

530 5196 673 5265 ﬁcati
721 5215 877 5270 super
917 5202 1316 5270 fundamentum
1360 5204 1714 5274 apostolorum
1749 5215 1799 5260 et
1839 5208 2114 5277 propheta-

531 5303 648 5341 rum
671 5287 830 5359 (Eph.
858 5290 941 5360 ιι).
975 5291 1069 5346 Isti
1109 5301 1236 5347 sunt
1282 5294 1561 5349 duodecim
1606 5306 1778 5365 porta:
1812 5295 2109 5355 Jerusalem

530 5392 705 5444 novae,
725 5395 845 5449 qua:
870 5381 936 5437 de
956 5381 1095 5436 coelo
1122 5383 1421 5449 descendit,
1444 5385 1570 5454 quia
1600 5402 1697 5457 per
1724 5388 1870 5457 ipsos
1887 5389 2113 5459 ianuam

528 5466 656 5525 ﬁdei
684 5470 917 5539 primum
945 5470 1264 5528 intravimus
1285 5513 1300 5539 ,
1352 5482 1408 5530 et
1444 5476 1585 5530 inter
1612 5477 1757 5534 cives
1802 5491 2111 5534 sanctorum

530 5560 829 5614 cnumerati
874 5575 1081 5617 sumus.
1109 5561 1237 5619 Haec
1272 5578 1403 5636 ergo
1448 5568 1876 5635 considerantes,
1914 5568 2113 5626 fratres

531 5648 835 5704 chanissimi
860 5690 875 5716 ,
926 5652 1227 5713 recolamus
1273 5673 1393 5727 quae
1423 5661 1557 5715 tanti
1598 5661 1763 5719 duces
1804 5662 1983 5733 populi
2015 5664 2113 5721 Dei

2210 4580 2363 4653 gellis
2392 4580 2693 4636 diutissime
2725 4589 2853 4635 sunt
2874 4580 3164 4644 verberati,
3183 4580 3271 4633 alii
3296 4580 3524 4636 fustibus
3548 4589 3603 4634 et
3627 4580 3801 4649 plum-

2208 4668 2350 4724 batis
2375 4669 2521 4734 caesi,
2547 4668 2636 4723 alii
2659 4669 3001 4723 membratim
3034 4668 3245 4734 laniati,
3267 4669 3354 4722 alii
3382 4669 3559 4738 gladio
3603 4670 3796 4735 occisi,

2210 4759 2301 4814 alii
2330 4759 2613 4825 excoriati,
2645 4760 2764 4830 pice
2797 4769 2853 4814 et
2898 4760 3118 4830 plumbo
3161 4760 3364 4829 liquato
3420 4760 3664 4831 perfusi,
3703 4762 3797 4818 alii

2209 4850 2402 4905 ardore
2440 4864 2734 4919 prunarum
2785 4850 3046 4916 cruciati,
3079 4851 3167 4905 alii
3214 4850 3442 4907 flammis
3470 4852 3671 4918 exusti,
3702 4853 3798 4909 alii

2215 4939 2269 4992 in
2302 4953 2454 4993 mare
2494 4936 2678 5002 mersi,
2710 4937 2801 4991 alii
2836 4936 3023 4992 bestiis
3071 4939 3339 5008 deputati,
3390 4939 3480 4994 alii
3513 4954 3797 4997 carcerum

2212 5038 2340 5085 sunt
2368 5030 2594 5083 horrore
2619 5037 2672 5083 et
2694 5027 2839 5082 fame
2864 5029 3066 5083 necati.
3094 5027 3233 5095 Quot
3260 5029 3402 5083 enim
3429 5043 3716 5100 plenarum
3740 5041 3799 5087 et

2214 5119 2471 5175 mortium
2510 5133 2705 5188 genera
2735 5117 2905 5172 hostis
2933 5119 3239 5188 excogitare
3280 5127 3510 5188 poterat,
3542 5128 3622 5175 tot
3650 5136 3797 5175 mar-

2214 5209 2426 5280 tyribus
2445 5210 2561 5265 sine
2584 5209 2688 5264 ulla
2714 5209 3061 5264 miseratione
3081 5208 3390 5280 indigebat;
3427 5210 3521 5265 sed
3541 5210 3643 5281 ipsi
3669 5209 3798 5268 licet

2214 5301 2271 5354 in
2303 5307 2490 5368 aperto
2514 5299 2731 5355 horrida
2745 5299 3146 5369 paterentur,in
3166 5298 3378 5355 occulto
3403 5308 3580 5356 tamen
3609 5300 3795 5357 ineffa-

2213 5388 2396 5445 biliter
2415 5390 2829 5445 coronabantur.
2852 5388 3002 5444 Multi
3030 5389 3245 5458 quidem
3272 5388 3494 5458 gloriam
3520 5399 3795 5445 terrenam

2215 5480 2562 5549 quaesierunt,
2578 5479 2731 5534 multi
2758 5479 2858 5533 viri
2891 5478 3055 5534 fortes
3075 5486 3131 5533 et
3155 5494 3255 5549 pro
3276 5478 3451 5548 patria
3477 5479 3793 5548 sanguinem

2214 5570 2543 5625 fundendum
2569 5584 2690 5627 esse
2722 5570 2992 5625 duxemnt
3017 5585 3116 5625 nec
3143 5569 3365 5625 fundere
3390 5570 3792 5633 dubitaverunt,

2215 5663 2308 5732 qui
2334 5663 2559 5733 gloriam
2590 5662 2753 5719 etiam
2786 5669 2911 5731 post
2936 5667 3161 5716 mortem
3188 5660 3328 5731 apud
3353 5668 3599 5732 posteros
3628 5659 3791 5716 habe-
