4036 6370
275 312 375 373 '69
1244 310 1555 367 nostth
1597 312 1688 367 nr;
1723 268 1836 368 res

1936 309 1964 368 Β
1999 308 2403 381 ΡΒΕΟῙΡῸΙΒ,
2445 313 2598 372 ETC.
3475 328 3546 384 ’10

278 432 465 481 “rent:
494 421 589 480 scd
610 436 729 492 qua:
775 418 987 476 illorum
1018 418 1182 491 gloria
1228 422 1556 492 martyribus
1589 436 1870 493 coutpara-
1895 431 1946 491 Α
1970 426 2094 495 quis
2120 443 2133 478 :
2167 426 2339 482 Tanta
2364 427 2504 483 mala
2536 428 2666 483 mihi
2699 429 2950 487 inimicus
2977 446 3129 490 meus
3164 434 3293 493 fecit
3333 446 3388 494 ut
3414 455 3543 499 eum

273 515 417 571 'tur!
465 513 597 583 Quis
617 512 791 595 potuit
809 512 1050 569 invenire
1079 514 1368 583 imperator
1395 515 1537 585 quod
1583 516 1756 585 potuit
1781 516 1866 571 in-
1969 513 2116 569 nulla
2145 515 2351 573 ratione
2391 516 2592 588 possim
2629 519 2867 590 diligere.
2906 521 3158 585 Attendis
3184 527 3310 595 quid
3339 529 3435 586 tibi
3463 530 3545 587 fe-

274 605 485 660 venire
513 603 770 675 piscator.
802 601 1203 672 lmperatorum,
1224 600 1508 657 consulum
1546 612 1603 657 et
1628 604 1866 658 virorum
1968 605 2108 658 cerit
2151 606 2333 672 homo,
2365 615 2420 662 et
2443 623 2549 662 nou
2578 610 2809 665 attendis
2837 610 2965 679 quid
3004 620 3060 667 tu
3088 612 3281 672 feceris
3308 617 3419 674 Deo
3448 638 3462 675 :
3491 619 3541 678 si

266 692 535 755 ‘fortium,
562 693 655 762 qui
696 693 882 748 orbem
909 692 1073 747 armis
1112 692 1436 747 domuerunt
1462 700 1517 748 et
1550 692 1869 765 subjugave-
1967 695 2348 751 conscientiam
2374 705 2516 751 tuam
2535 697 2817 769 diligenter
2842 702 3062 759 discutis
3082 714 3137 760 et
3162 705 3406 776 inquiris,
3423 713 3541 770 sine

291 792 441 848 runt,
470 781 714 852 sepulcra
743 789 867 836 sunt
906 781 1129 836 Romae:
1170 781 1239 835 ad
1265 780 1419 849 cujus
1451 780 1753 850 sepulcrum
1787 782 1867 835 in-
1966 784 2073 839 ulla
2109 788 2543 856 compensatione
2589 789 2789 858 majora
2820 800 2876 846 tu
2911 802 3129 861 peccata
3154 799 3448 854 commims
3480 800 3533 855 in

290 880 442 928 trare
486 872 738 942 dignatus
780 877 863 925 est
895 869 1222 938 imperator:
1253 879 1307 924 et
1337 877 1536 935 tamen,
1564 869 1866 925 diademate
1963 870 2132 926 Deum
2164 890 2326 943 quam
2351 875 2408 928 in
2444 883 2495 930 te
2539 880 2866 934 commiserit
2900 882 3061 936 homo
3087 899 3099 936 :
3130 892 3186 938 ct
3229 900 3333 954 qua
3360 886 3538 943 fronte

260 962 537 1033 'deposito
564 960 631 1016 ad
664 959 969 1031 sepulcrum
995 974 1152 1014 suum
1187 966 1454 1025 orantem,
1482 960 1716 1029 suscepit
1740 976 1863 1015 eum
1964 962 2045 1016 vis
2082 970 2142 1016 ut
2198 963 2293 1017 tibi
2334 964 2476 1019 Deus
2522 966 2770 1034 dignetur
2819 968 3086 1025 dimittere
3136 973 3382 1041 multum,
3413 990 3536 1030 cum

285 1054 529 1124 piscator
551 1070 565 1107 :
593 1066 739 1117 ecce,
755 1051 798 1106 si
825 1058 1038 1105 terrena
1058 1050 1224 1121 gloria
1241 1048 1415 1105 fuerat
1434 1051 1861 1120 concupiscenda

266 1143 643 1216 martyribus,
674 1157 774 1197 nec
803 1142 916 1212 ipsa
945 1139 1176 1195 fraudati
1205 1149 1352 1207 sunt,
1379 1141 1470 1211 qui
1495 1142 1751 1197 honorem
1782 1150 1862 1195 ta-

265 1250 411 1290 men
438 1236 580 1291 inter
606 1234 826 1305 angelos
850 1233 1197 1302 quaesierunt.
1240 1233 1495 1289 Videmus
1519 1248 1704 1289 eorum
1749 1233 1862 1303 glo-

281 1326 397 1382 rias
427 1326 479 1378 in
510 1324 705 1390 terris,
751 1331 807 1379 et
841 1333 1151 1392 stupemus;
1182 1322 1309 1392 quid
1358 1330 1693 1392 pateremur,
1727 1323 1772 1377 si
1804 1322 1855 1375 in

258 1415 423 1471 -οωιο
450 1415 792 1469 videremus:
824 1422 1058 1482 quantus
1113 1428 1211 1468 nos
1265 1420 1453 1482 stupor
1487 1412 1857 1468 admirationis

276 1506 726 1575 apprehenderet,
751 1504 794 1560 si
824 1505 1131 1559 videremus
1171 1511 1441 1574 martyres
1468 1503 1611 1559 inter
1637 1505 1856 1575 angelos

270 1596 590 1666 gloriantes,
621 1610 850 1665 quorum
897 1596 1139 1651 nata—lilia
1171 1595 1416 1650 videmus
1439 1596 1662 1666 populos
1707 1597 1853 1652 cele-

1964 1061 2018 1106 tu
2056 1069 2160 1108 non
2190 1055 2487 1125 acquiescis
2515 1058 2783 1113 dimittere
2813 1063 3037 1130 parum?
3060 1063 3165 1119 Vos
3193 1076 3392 1133 autem,
3418 1066 3534 1122 fra—

1960 1150 2090 1209 tres,
2127 1145 2253 1213 quia
2281 1147 2518 1214 quotidie
2547 1147 2728 1204 dicitis
2755 1150 2866 1206 Deo
2911 1151 2964 1205 in
2997 1154 3277 1210 oratione:
3313 1156 3535 1213 Dimitte

1960 1233 2105 1287 nobis
2132 1234 2303 1289 debita
2343 1247 2542 1301 nostra,
2570 1239 2705 1292 sicut
2743 1250 2790 1293 et
2815 1258 2907 1294 nos
2935 1242 3243 1298 dimittimus
3289 1245 3537 1300 debitori-

1958 1321 2052 1375 bus
2106 1325 2296 1377 nostris
2328 1325 2540 1396 (Matth.
2572 1327 2670 1399 vt),
2707 1329 2959 1386 dimittite
3002 1343 3056 1387 et
3096 1334 3393 1391 dimittetur
3440 1352 3535 1393 vo-

1956 1412 2067 1479 l;is;
2098 1414 2211 1483 ipsa
2238 1416 2381 1471 enim
2429 1416 2640 1473 Veritas
2671 1420 2870 1475 clamat
2919 1424 3234 1480 terribiliter
3277 1435 3332 1481 et
3355 1427 3486 1482 dicit
3513 1446 3527 1483 :

1956 1502 2018 1557 Si
2046 1521 2135 1558 vos
2161 1522 2265 1560 non
2307 1508 2611 1563 dimiseritis
2637 1511 2931 1567 hominibus
2962 1528 3171 1585 peccata
3202 1534 3399 1585 eorum,
3433 1538 3528 1577 nec

1950 1593 2093 1647 vobis
2123 1592 2284 1649 Pater
2327 1606 2493 1652 vester
2544 1600 2761 1655 caelestis
2815 1603 3035 1660 dimittet
3083 1619 3291 1677 peccata
3338 1623 3525 1669 vestra.

268 1686 513 1741 brantes.
553 1684 657 1741 Sed
699 1700 799 1740 nos
837 1685 1080 1740 volumus
1104 1684 1335 1755 gaudere
1361 1700 1484 1739 cum
1510 1686 1751 1752 sanctis,
1795 1696 1852 1741 et
1878 1756 1920 1766 __
1954 1683 2231 1741 Imitemur
2279 1702 2405 1759 ergo
2429 1698 2645 1745 sanctos
2671 1700 2937 1763 martyres
2969 1694 3165 1751 Christi
3192 1698 3247 1752 iu
3292 1698 3427 1766 fide,
3472 1702 3527 1757 in

264 1777 674 1832 tribulationem
709 1777 891 1832 mundi
931 1777 1179 1832 nolumus
1211 1776 1478 1833 sustinere
1526 1793 1647 1832 cum
1695 1777 1842 1833 illis;
1876 1756 1925 1815 Β
1948 1774 2273 1841 humilitate,
2304 1756 2364 1831 in
2389 1756 2830 1846 mansuetudine;
2849 1784 2902 1837 in
2933 1785 3209 1854 patientia,
3253 1788 3309 1842 in
3339 1756 3526 1864 longa-

267 1867 364 1935 qui
394 1866 538 1922 enim
567 1873 785 1921 sanctos
812 1873 1103 1937 martyres,
1155 1865 1241 1921 vel
1270 1866 1329 1920 in
1371 1876 1630 1937 quantum
1659 1875 1847 1938 potue-

254 1957 367 2021 rit,
394 1956 626 2011 noluerit
648 1956 872 2021 imitari,
895 1956 962 2010 ad
986 1972 1172 2012 eorum
1198 1955 1585 2012 beatitudinem
1615 1972 1719 2012 non
1748 1972 1846 2028 po-

248 2048 395 2101 1erit
422 2047 726 2117 pervenire.
768 2045 858 2101 Sic
891 2056 947 2101 et
981 2046 1270 2117 Apostolus
1314 2048 1609 2117 pradicet,
1658 2048 1844 2104 dicens

264 2138 356 2211 (11
383 2137 505 2192 Cor.
541 2138 581 2209 ι)
608 2153 623 2191 :
665 2137 728 2195 Si
770 2138 1024 2207 fuerimus
1052 2139 1180 2193 socii
1209 2140 1533 2209 passionum,
1565 2140 1758 2195 erimus
1792 2148 1842 2195 et

244 2225 700 2280 -eonsolationum.
736 2226 805 2281 Et
843 2227 1100 2282 Dominus
1127 2226 1183 2281 in
1213 2226 1508 2298 Evangelio
1539 2242 1554 2282 :
1597 2226 1655 2283 Si
1684 2244 1841 2283 mun-

268 2316 387 2380 dus,
409 2317 603 2385 inquit,
628 2334 715 2372 vos
741 2316 884 2383 odit,
931 2317 1111 2371 scitote
1140 2318 1264 2388 quia
1310 2334 1391 2371 me
1437 2317 1664 2387 priorem
1701 2318 1841 2372 vobis

264 2406 385 2459 odio
414 2407 597 2460 habuit
633 2405 812 2480 (Joan.
835 2406 948 2479 xv).
983 2406 1217 2462 Recusat
1233 2421 1352 2462 esse
1384 2408 1436 2462 in
1470 2422 1715 2477 corpore,
1747 2409 1842 2480 qui

260 2495 444 2551 odium
465 2513 574 2553 non
599 2498 713 2553 vult
741 2499 1008 2553 sustinere
1037 2514 1167 2570 cum
1195 2499 1390 2568 capite.
1435 2496 1540 2554 Sed
1572 2499 1704 2554 dicit
1743 2500 1844 2555 ali-

257 2589 414 2656 quis:
443 2588 510 2642 Et
535 2589 654 2659 quis
678 2597 762 2644 est
798 2589 890 2658 qui
919 2589 1089 2658 possit
1116 2589 1393 2643 beatorum
1423 2595 1721 2658 martyrum
1749 2602 1842 2644 ve-

244 2677 420 2747 stigia
447 2678 630 2748 sequi;
661 2678 786 2733 huic
828 2692 928 2749 ego
972 2678 1304 2746 respondeo:
1341 2676 1477 2743 Quia
1530 2692 1637 2735 non
1667 2677 1839 2733 solum

256 2776 553 2837 martyres,
575 2769 668 2823 sed
689 2767 850 2823 etiam
882 2768 1053 2836 ipsum
1080 2767 1365 2822 Dominum
1392 2781 1515 2822 cum
1548 2766 1717 2836 ipsius
1745 2766 1840 2821 ad-

234 2852 490 2924 "iutorio,
510 2856 557 2911 si
581 2856 842 2921 volumus,
870 2870 1156 2926 possumus
1182 2855 1401 2910 imitari.
1437 2855 1576 2909 Audi
1598 2869 1704 2909 non
1728 2869 1834 2919 me,

246 2946 371 3001 sed
413 2946 583 3015 ipsum
608 2946 884 3001 Dominum
913 2946 1095 3018 generi
1138 2947 1374 3002 humano
1405 2944 1732 3002 clamantem
1773 2959 1839 3002 ac

257 3033 569 3088 dicentem:
600 3033 789 3090 Discite
816 3053 848 3090 a
888 3051 971 3090 me
1014 3037 1139 3106 quia
1191 3037 1332 3090 mitis
1377 3052 1494 3091 sum
1541 3044 1589 3091 et
1619 3034 1834 3090 humilis

1938 1866 2211 1934 .nimitate,
2242 1868 2296 1922 in
2324 1869 2638 1937 dilectione;
2682 1880 2737 1926 et
2775 1873 2854 1929 sic
2886 1877 3179 1945 poterimus
3211 1878 3353 1949 ipsos
3383 1896 3525 1936 mar-

1944 1962 2092 2025 tyres
2114 1957 2252 2026 apud
2277 1956 2442 2012 Deum
2472 1961 2671 2017 habere
2698 1963 3098 2032 intercessores,
3128 1967 3202 2021 ita
3229 1979 3287 2023 ut
3305 1970 3521 2025 delean-

1943 2052 2032 2099 tur
2056 2057 2278 2115 peccata
2304 2058 2517 2112 nostra,
2547 2059 2603 2106 et
2630 2055 2849 2122 praemia
2890 2061 3091 2110 aeterna
3138 2056 3291 2111 nobis
3334 2059 3521 2114 confe-

1942 2142 2167 2188 rantur:
2195 2145 2486 2206 przestante
2516 2140 2739 2195 Domino
2786 2151 2970 2197 nostro
3012 2140 3137 2199 Iesu
3161 2143 3394 2208 Christo,
3427 2148 3519 2215 qui

1943 2223 2076 2279 vivit
2126 2235 2181 2280 et
2223 2235 2411 2297 regnat
2453 2242 2578 2283 cum
2625 2229 2736 2285 Deo
2770 2229 2928 2286 Patre
2969 2232 3023 2285 in
3055 2233 3260 2287 unitate
3288 2234 3519 2303 Spiritus

1940 2316 2114 2373 sancti
2138 2317 2301 2383 Deus,
2326 2333 2423 2389 per
2444 2319 2624 2373 omnia
2643 2319 2836 2375 saecula
2861 2321 3194 2378 saeculorum.
3218 2324 3407 2380 Amen.

2430 2444 2713 2501 HOMILIA
2748 2446 3011 2504 XXXVII.

2196 2572 2254 2611 IN
2288 2571 2483 2612 NA'I'ALI
2522 2572 2833 2614 SANCTORUI
2867 2573 3257 2616 CONFESSOBUI.

2007 2666 2198 2734 Hodie,
2217 2667 2412 2724 fratres
2435 2669 2762 2734 charissimi,
2790 2670 2964 2726 sancti
2993 2670 3317 2727 confessoris
3341 2672 3513 2728 nostri

1935 2760 2277 2816 celebramus
2292 2760 2459 2825 diem,
2482 2774 2588 2828 quo
2603 2759 2743 2816 hanc
2763 2760 2927 2816 vitam
2942 2761 3261 2817 laboriosam
3291 2763 3519 2818 derelin-

1937 2852 2196 2921 quens,in
2220 2852 2386 2907 vitam
2409 2860 2630 2908 renatus
2644 2861 2728 2908 est
2750 2862 3092 2924 perpetuam;
3123 2869 3228 2923 quo
3245 2853 3414 2908 ﬁnivit
3441 2854 3518 2907 la-

1936 2941 2120 2999 borem
2147 2942 2481 3012 certaminis,
2496 2950 2550 3000 et
2573 2944 2816 3016 percepit
2838 2945 3117 3016 praemium
3143 2943 3514 3001 confessionis.

1935 3035 2245 3091 Sicutenim
2257 3046 2568 3093 sanctorum
2593 3047 2910 3108 martyrum,
2928 3038 3000 3091 ita
3015 3045 3070 3093 et
3083 3038 3361 3092 beatorum
3381 3052 3511 3093 con-

246 3123 419 3177 corde
441 3122 651 3191 (Matth.
694 3123 791 3197 χι).
816 3124 955 3181 Audi
978 3099 1037 3181 et
1061 3127 1279 3181 beatum
1301 3125 1520 3182 Petrum
1543 3126 1835 3181 admonen-
1859 3099 1906 3179 Ο
1938 3123 2202 3180 fessorum
2216 3124 2353 3180 solet
2366 3126 2668 3196 triumphos
2679 3099 2952 3181 celebrare
2965 3126 3200 3181 Ecclesia
3230 3144 3244 3179 :
3273 3125 3509 3191 illorum,

244 3220 369 3266 tem
395 3209 703 3278 :‘Christus,
746 3214 953 3284 inquit,
992 3231 1087 3286 pro
1127 3216 1271 3271 vobis
1314 3231 1501 3286 passus
1544 3224 1641 3280 est,
1673 3215 1833 3270 relin-

240 3316 419 3371 quens
468 3302 606 3356 vobis
652 3302 983 3374 exemplum,
1032 3313 1089 3357 ut
1135 3306 1425 3375 sequamini
1473 3305 1688 3375 vestigia
1719 3306 1833 3376 ejus

245 3391 309 3465 (I
337 3391 486 3446 Petr.
508 3392 589 3465 tt).
622 3393 760 3449 Ecce
785 3393 1033 3450 Christus
1071 3394 1202 3450 dicit
1227 3409 1243 3448 :
1273 3393 1470 3448 Discite
1501 3410 1533 3447 a
1554 3410 1670 3460 me;
1703 3395 1834 3451 bea—

256 3493 348 3539 tus
378 3483 575 3538 Petrus
599 3483 764 3539 dicit:
795 3481 865 3537 Ut
892 3485 1181 3554 tequamini
1208 3484 1424 3554 vestigia
1459 3482 1593 3552 ejus.
1623 3484 1830 3540 Simili-

258 3579 341 3627 ter
365 3573 641 3643 apostolus
664 3571 862 3628 Paulus
911 3572 1109 3628 clamat
1134 3587 1150 3627 :
1179 3572 1479 3629 Imitatores
1506 3575 1605 3630 Dei
1639 3586 1828 3643 estote,

248 3662 386 3716 sicut
425 3660 527 3729 ﬁlii
551 3662 843 3717 eharissimi
871 3661 1030 3734 (Eph.
1053 3663 1128 3734 v).
1152 3660 1290 3729 Quid
1315 3664 1382 3719 ad
1405 3664 1519 3720 haec
1541 3666 1832 3736 responde-

250 3753 454 3816 bimus,
479 3753 696 3819 fratres,
726 3753 810 3809 vel
845 3769 1009 3824 quam
1051 3754 1451 3810 excusationem
1505 3756 1705 3812 habere
1736 3772 1831 3827 po-

248 3845 517 3900 terimus?
550 3845 609 3901 Si
656 3846 753 3902 tibi
782 3846 976 3916 aliquis
1022 3846 1170 3902 dicat
1192 3854 1253 3901 ut
1280 3846 1511 3903 virtutes
1539 3862 1673 3917 quas
1702 3848 1830 3903 fecit

247 3936 515 3991 Dominus
544 3937 738 3992 debeas
782 3936 1007 4002 imitari,
1029 3934 1175 4003 iusta
1205 3944 1386 4005 potest
1407 3951 1527 3993 esse
1551 3936 1830 3992 excusatio

244 4038 365 4094 tua,
391 4030 517 4098 quia
542 4030 767 4084 virtutes
807 4037 863 4084 et
914 4028 1179 4083 mirabilia
1225 4026 1404 4084 facere
1432 4043 1539 4083 non
1579 4028 1830 4083 omnibus

243 4120 436 4176 datum
462 4128 579 4183 est;
609 4118 753 4187 iuste
790 4127 970 4174 autem
1005 4125 1062 4174 et
1104 4127 1253 4173 caste
1275 4118 1477 4183 vivere,
1500 4125 1555 4173 et
1594 4118 1829 4173 charita-

244 4221 360 4266 tem
384 4224 509 4265 cum
530 4208 779 4263 omnibus
806 4208 1079 4264 custodire
1100 4223 1223 4262 cum
1253 4207 1349 4261 Dei
1375 4206 1666 4277 adiutorio,
1708 4220 1826 4261 om-

240 4300 411 4356 nibus
433 4307 758 4369 prteceptum
786 4307 887 4355 est.
918 4297 1053 4353 Nam
1080 4306 1134 4352 et
1166 4299 1280 4368 ipse
1306 4298 1564 4352 Dominus
1605 4312 1715 4352 non
1746 4297 1828 4351 di-

241 4391 329 4449 xit
352 4407 368 4445 :
389 4391 587 4445 Discite
613 4408 645 4444 a
669 4405 749 4444 me
769 4396 1009 4444 mortuos
1030 4388 1314 4453 suscitare,
1336 4402 1499 4456 super
1524 4401 1693 4456 aquas
1717 4386 1827 4441 sic-

242 4483 328 4539 cis
353 4482 585 4553 pedibus
612 4480 921 4545 ambulare;
957 4494 1064 4533 non
1091 4477 1255 4541 dixit;
1288 4477 1383 4532 sed
1414 4476 1542 4547 quid
1570 4476 1682 4531 ait?
1705 4477 1825 4548 quia

242 4574 392 4627 mitis
415 4588 536 4626 sum
572 4580 619 4624 et
645 4569 857 4624 humilis
885 4568 1072 4632 corde;
1127 4575 1182 4622 et
1229 4567 1421 4621 iterum
1448 4583 1461 4619 :
1491 4565 1701 4636 Diligite
1728 4567 1827 4619 ini-

242 4668 412 4721 micos
440 4675 657 4729 vestros,
692 4673 739 4719 et
769 4663 1052 4733 benefacite
1078 4662 1157 4716 his
1182 4663 1270 4732 qui
1297 4661 1516 4715 oderunt
1546 4677 1631 4715 vos
1654 4673 1671 4711 :
1696 4660 1828 4715 sicut

240 4769 295 4812 et
322 4754 492 4811 Pater
530 4765 694 4811 vester
721 4754 937 4809 scelestis
977 4752 1135 4807 solem
1182 4769 1335 4806 suum
1369 4752 1498 4805 oriri
1523 4752 1651 4820 facit
1674 4766 1830 4820 super

240 4848 410 4903 bonos
437 4856 488 4901 et
522 4845 689 4899 malos
719 4844 869 4916 (Luc.
899 4842 996 4915 vt).
1035 4842 1103 4897 Et
1136 4842 1259 4896 licet
1305 4841 1413 4896 sint
1440 4839 1543 4894 alia
1575 4838 1740 4893 multa
1770 4838 1826 4893 in

239 4939 446 5011 quibus
465 4938 636 4993 Deum
665 4937 954 4991 debeamus
973 4941 1029 4988 et
1065 4934 1255 4988 beatos
1289 4937 1554 5002 martyres
1602 4928 1824 4992 imitari,

240 5028 349 5083 ista
379 5035 564 5082 tamen
603 5026 709 5080 duo
751 5025 1022 5095 prtecipua
1063 5031 1227 5077 sunt:
1272 5021 1325 5076 id
1352 5028 1454 5085 est,
1481 5027 1543 5075 ut
1568 5018 1727 5075 mites
1755 5018 1829 5074 si-

241 5134 367 5174 mus
396 5125 453 5172 et
474 5116 708 5173 humiles
731 5117 914 5179 corde,
930 5123 983 5170 et
1009 5114 1255 5169 inimicos
1281 5120 1496 5167 nostros
1526 5119 1637 5166 toto
1667 5109 1827 5165 corde

240 5221 298 5265 et
328 5212 461 5267 totis
513 5210 721 5264 viribus
767 5209 1069 5280 diligamus.
1121 5208 1196 5262 De
1246 5207 1527 5277 diligendis
1569 5205 1824 5270 inimicis,

240 5300 447 5359 fratres
471 5301 804 5366 charissimi,
836 5299 1014 5355 nullus
1057 5313 1294 5368 unquam
1319 5298 1376 5352 in
1401 5297 1624 5351 veritate
1652 5310 1709 5350 se
1738 5310 1829 5364 po-

242 5394 373 5449 terit
395 5407 683 5448 excusare.
705 5390 893 5445 Potest
916 5388 1044 5443 mihi
1068 5388 1262 5458 aliquis
1287 5387 1465 5442 dicere
1490 5406 1503 5440 :
1545 5384 1662 5442 Non
1698 5401 1823 5455 pos-

247 5497 363 5538 sum
391 5481 664 5553 ieiunare,
696 5496 800 5535 non
846 5495 1060 5548 possum
1108 5493 1196 5532 res
1222 5493 1367 5533 meas
1405 5485 1547 5532 totas
1577 5477 1826 5547 pauperi-

249 5572 345 5627 bus
374 5576 510 5629 dare
534 5613 550 5639 ,
599 5581 655 5626 et
683 5571 733 5624 iu
769 5568 1096 5625 monasterio
1147 5566 1257 5622 Deo
1308 5567 1543 5629 servire;
1584 5564 1825 5634 nunquid

249 5672 423 5730 potest
444 5664 632 5721 dicere
656 5680 669 5716 :
701 5658 816 5716 Non
862 5675 1078 5731 possum
1107 5658 1371 5728 diligere?
1399 5655 1505 5713 Sed
1554 5656 1683 5711 dicit
1722 5655 1821 5709 ali-

1929 3214 2058 3284 quia
2108 3229 2334 3285 agonem
2382 3214 2697 3284 explentes,
2749 3214 2983 3284 palmam
3028 3214 3273 3284 martyrii
3302 3228 3516 3268 merue-

1931 3316 2095 3372 runt;
2139 3308 2391 3373 istorum,
2421 3307 2549 3375 quia
2574 3306 2630 3360 in
2655 3320 2797 3361 verte
2824 3305 2947 3361 lldei
2972 3304 3309 3360 confessione
3338 3304 3511 3373 persi-

1930 3404 2154 3462 stentes,
2187 3411 2441 3453 coronam
2463 3396 2590 3452 vita:
2617 3403 2964 3467 acceperunt.
2988 3395 3052 3449 Et
3076 3394 3270 3449 merito
3295 3394 3512 3463 utrique

1928 3487 2045 3557 pari
2093 3486 2298 3541 ratione
2341 3487 2711 3549 honorantur,
2760 3483 2886 3552 quia
2933 3483 3148 3551 utrique
3197 3479 3311 3535 veri
3344 3488 3512 3534 testes

1929 3575 2130 3631 Christi
2167 3584 2223 3629 et
2273 3574 2388 3630 veri
2434 3574 2744 3628 laudatores
2791 3571 3154 3627 exstiterunt:
3194 3584 3318 3624 nam
3361 3582 3510 3623 mar-

1928 3673 2076 3736 tyres
2097 3664 2314 3728 Graece,
2353 3670 2520 3718 testes
2546 3664 3000 3732 interpretantur;
3029 3658 3512 3714 confessoresvero
3608 3662 3611 3663 '

1929 3754 2121 3809 Latine
2146 3751 2454 3807 laudatores
2481 3750 2807 3820 signiﬁcant.
2834 3750 2909 3804 De
2925 3749 3056 3819 ipsis
3081 3749 3223 3803 enim
3254 3746 3510 3801 Dominus

1929 3843 2109 3900 dicit:
2155 3827 2259 3908 Qui
2300 3858 2381 3896 me
2431 3840 2702 3910 confessus
2755 3839 2913 3908 fuerit
2965 3853 3143 3892 coram
3189 3837 3512 3903 hominibus,

1929 3931 2213 3999 conﬁtebor
2231 3942 2279 3984 et
2305 3946 2396 4000 ego
2417 3944 2537 3984 eum
2569 3944 2746 3982 coram
2778 3926 2940 3981 Patre
2964 3942 3077 3980 meo
3104 3926 3195 3996 qui
3221 3935 3295 3979 est
3324 3926 3378 3979 in
3406 3941 3514 3981 cte-

1928 4017 1993 4075 lis
2031 4019 2246 4091 (Matth.
2290 4019 2368 4091 x).
2397 4018 2505 4074 Sed
2540 4019 2655 4073 haec
2678 4016 2966 4082 confessio,
2994 4016 3213 4081 fratres,
3246 4028 3353 4070 non
3389 4023 3509 4070 tan-

1929 4119 2044 4165 tum
2071 4125 2186 4175 ore,
2214 4110 2309 4165 sed
2351 4110 2513 4164 etiam
2561 4107 2724 4163 corde
2773 4107 2932 4162 simul
2978 4115 3030 4162 et
3065 4120 3226 4174 opere
3279 4106 3510 4161 tenenda

1928 4210 2042 4268 est;
2097 4202 2213 4272 ipsa
2267 4201 2410 4256 enim
2460 4201 2675 4255 Veritas
2719 4199 2832 4252 ait:
2867 4197 2988 4252 Non
3025 4198 3193 4251 omnis
3244 4196 3334 4264 qui
3382 4195 3508 4248 dicit

1927 4296 2081 4361 mihi,
2113 4295 2353 4361 Domine,
2382 4294 2624 4358 Domine,
2648 4293 2865 4347 intrabit
2892 4292 2948 4346 in
2971 4305 3182 4361 regnum
3210 4287 3456 4342 caelorum
3482 4303 3496 4340 :

1927 4387 2018 4441 sed
2034 4388 2121 4458 qui
2141 4386 2266 4455 facit
2282 4384 2594 4440 voluntatem
2610 4381 2789 4437 Patris
2807 4382 2906 4436 mei
2922 4381 3012 4451 qui
3036 4381 3093 4433 in
3115 4377 3254 4432 caelis
3274 4384 3369 4442 est,
3395 4375 3503 4445 ipse

1928 4479 2142 4534 intrabit
2187 4478 2243 4532 in
2274 4492 2484 4547 regnum
2515 4473 2759 4529 ctelorum
2812 4471 3024 4542 (Matth.
3067 4469 3166 4540 ιι).
3219 4467 3319 4522 Hic
3361 4465 3508 4521 enim

1930 4578 2149 4627 sanctus
2173 4569 2292 4624 ideo
2314 4567 2542 4622 Domino
2577 4566 2777 4636 placuit
2796 4564 2921 4633 quia
2968 4563 3113 4617 intus
3149 4574 3247 4631 per
3280 4557 3511 4614 creduli-

1929 4669 2114 4724 tatem,
2138 4667 2189 4713 et
2225 4657 2356 4713 foris
2388 4672 2485 4726 per
2509 4653 2941 4726 praedicationem
2990 4665 3055 4705 ac
3101 4648 3228 4702 boni
3271 4643 3505 4713 exempli

1926 4748 2318 4819 operationem,
2341 4747 2446 4801 rite
2472 4745 2756 4801 Dominum
2785 4740 3039 4795 laudavit.
3072 4737 3178 4792 Iste
3200 4735 3416 4805 quidem
3436 4747 3505 4788 ex

1927 4853 2116 4894 eorum
2156 4850 2433 4892 servorum
2460 4846 2685 4888 numero
2710 4838 2795 4886 est
2837 4828 2928 4898 qui
2957 4824 3249 4882 secundum
3291 4819 3505 4875 Domini

1929 4928 2263 5002 parabolam,
2288 4927 2536 4981 veniente
2574 4923 2789 4979 domino
2834 4934 2962 4983 suo,
2992 4912 3363 4971 commendata
3400 4910 3506 4967 sibi

1932 5020 2137 5076 talenta
2158 5032 2278 5073 cum
2304 5016 2451 5072 lucro
2476 5013 2791 5084 reportavit,
2827 5019 2989 5080 atque
3017 5007 3154 5062 bene
3187 5015 3502 5058 remunera-

1932 5122 2038 5178 tus,
2068 5112 2121 5166 in
2148 5108 2399 5181 gaudium
2428 5105 2626 5161 domini
2659 5100 3004 5179 suiintravit.
3029 5097 3231 5151 Servus
3249 5107 3376 5164 ergo
3409 5092 3503 5162 qui

1932 5201 2198 5271 geminata
2232 5197 2432 5252 talenta
2462 5195 2666 5261 retulit,
2695 5208 2728 5247 a
2774 5191 2993 5247 domino
3039 5186 3310 5249 laudatur,
3338 5191 3503 5253 atque

1932 5292 1999 5347 ad
2019 5299 2276 5346 aeternam
2300 5285 2784 5342 remunerationem
2809 5278 3150 5352 perducitur:
3178 5276 3266 5332 cui
3291 5285 3346 5332 et
3369 5288 3505 5331 voce

1932 5381 2198 5437 dominica
2240 5380 2477 5434 dicitur:
2519 5377 2689 5446 Euge,
2715 5388 2855 5428 serve
2879 5371 3006 5425 bone
3029 5378 3079 5424 et
3120 5366 3288 5438 ﬁdelis
3314 5407 3327 5431 ,
3370 5366 3504 5437 quia

1930 5490 2085 5544 super
2112 5489 2281 5543 pauca
2326 5472 2474 5541 fuisti
2498 5468 2689 5538 ﬁdelis,
2705 5480 2861 5536 super
2887 5462 3052 5518 multa
3079 5471 3127 5516 te
3151 5460 3463 5515 constituam
3482 5472 3502 5508 :

1929 5566 2068 5618 intra
2101 5564 2157 5616 in
2208 5562 2458 5632 gaudium
2504 5558 2702 5613 domini
2749 5556 2825 5609 tui
2872 5552 3086 5626 (Matth.
3141 5547 3291 5620 xxv).
3323 5545 3500 5601 Pauca

1930 5653 2126 5725 quippe
2171 5661 2296 5707 sunt
2324 5652 2463 5707 bona
2506 5648 2683 5705 omnia
2727 5645 3008 5718 praesentis
3032 5642 3179 5707 vita),
3208 5635 3504 5711 quamlibet
