4036 6370
522 280 590 338 Ἱὶ
1151 274 1216 330 Β.
1254 272 1508 329 RABANI
1543 268 1763 329 MAURI
1802 265 2118 327 ARCHIEP.
2151 261 2465 322 MOGUNT.
2503 260 2787 319 OPERUM
2828 260 3005 317 PARS
3040 258 3103 316 II.
3703 257 3779 312 7‘2

518 388 689 445 multa
708 386 1010 442 videantur.
1037 383 1143 440 Sed
1170 393 1297 438 tunc
1328 383 1501 438 fidelis
1520 398 1710 438 servus
1740 396 1898 451 supra
1926 378 2094 433 multa
2120 387 2169 446 Α
2197 378 2321 432 liam
2342 377 2504 433 etiam
2534 376 2586 430 in
2619 376 2723 430 hoc
2757 373 2916 445 pleno
2941 372 3302 428 colluvionum
3332 346 3638 443 fragilitatis
3676 373 3781 426 hu-

515 477 869 533 constituitur
889 473 1123 544 quando,
1145 472 1353 527 devicta
1398 471 1543 525 omni
1588 469 1943 538 corruptionis
1981 482 2094 521 mo-

518 567 701 630 lestia,
729 566 794 620 de
829 563 1044 618 aeternis
1073 562 1278 633 gaudiis
1311 563 1365 617 in
1392 561 1482 615 illa
1510 558 1715 615 caelesti
1741 558 1867 613 sede
1892 556 2091 627 gloria-

518 666 631 711 tur.
661 656 813 710 Tunc
834 653 903 707 ad
926 652 1128 707 domini
1153 651 1235 706 sui
1263 650 1512 721 gaudittm
1540 648 1778 718 perfecte
1826 645 2096 700 intromit—

524 749 676 812 titur,
699 745 913 815 quando
939 745 994 798 in
1028 754 1228 798 aeterna
1259 741 1347 796 illa
1374 740 1547 811 patria
1576 746 1903 806 assumptus,
1935 744 2097 804 atque

523 841 836 912 angelorum
874 837 1102 894 cratibus
1129 837 1412 901 admistus,
1446 835 1526 890 sic
1556 833 1782 888 interius
1808 832 2003 903 gaudet
2031 831 2118 885 de‘

525 946 751 987 munere
774 938 833 984 ut
863 945 969 984 non
1002 929 1073 984 sit
1097 926 1212 997 jam
1249 927 1392 996 quod
1428 925 1667 980 exterius
1688 924 1864 980 doleat
1890 924 1956 977 de
1972 937 2098 977 cor-

525 1023 794 1092 ruptione.
832 1018 1062 1075 Sanctus
1104 1033 1231 1089 ergo
1272 1017 1403 1080 iste,
1443 1016 1669 1070 Domino
1704 1013 1927 1083 jubente
1958 1013 2094 1068 bene

524 1109 786 1181 vigilavit,
815 1115 870 1162 et
902 1107 1090 1161 beatus
1118 1116 1203 1161 est
1232 1116 1443 1168 servus,
1476 1105 1601 1173 quia
1632 1120 1754 1159 cum
1797 1103 1946 1157 venit
1993 1102 2097 1156 Do-

524 1200 703 1253 minus
739 1198 854 1268 ejus
891 1197 1094 1251 invenit
1138 1210 1260 1250 eum
1309 1194 1639 1264 vigilantem.
1699 1192 1817 1261 Ipse
1865 1205 2097 1260 namque

523 1287 709 1357 vigilat
741 1285 830 1355 qui
853 1285 921 1339 ad
948 1292 1220 1354 aspectum
1257 1284 1371 1337 veri
1418 1281 1635 1335 luminis
1675 1280 1870 1333 mentis
1913 1279 2098 1333 oculos

524 1384 742 1447 apertos
774 1383 955 1440 tenet;
995 1374 1216 1446 vigilat,
1267 1374 1358 1443 qui
1412 1381 1593 1427 servat
1623 1370 1898 1441 operando
1954 1369 2098 1439 quod

523 1467 730 1532 credit;
790 1466 1009 1538 vigilat,
1068 1465 1160 1535 qui
1216 1480 1247 1518 a
1303 1479 1361 1519 se
1419 1464 1649 1533 torporis
1707 1470 1762 1517 et
1820 1460 2094 1532 negligen-

522 1557 613 1611 tiae
674 1557 921 1612 tenebras
968 1556 1197 1627 repellit.
1254 1554 1390 1610 Hinc
1447 1554 1645 1610 etenim
1687 1552 1887 1608 Paulus
1924 1553 2091 1609 dicit:

523 1645 800 1716 Evigilate,
816 1645 971 1715 justi,
1004 1656 1050 1699 et
1079 1643 1237 1698 nolite
1266 1652 1479 1714 peccare
1509 1642 1561 1712 (Ι
1609 1641 1733 1697 Cor.
1788 1641 1900 1711 xv).
1946 1642 2098 1697 Fecit

2195 481 2369 522 manas
2404 481 2627 536 corpore
2665 464 3019 527 consecravit,
3047 463 3170 517 dum
3208 462 3261 516 in
3295 470 3406 517 toto
3437 462 3635 516 mundo
3662 463 3781 516 vir-

2193 557 2381 627 gineus
2405 556 2503 611 llos
2528 556 2708 610 Maria:
2745 552 3220 610 immarcescibiles
3250 567 3478 607 coronas
3512 552 3781 619 innectat,

2193 656 2249 704 et
2276 650 2626 719 septrigeratn
2662 644 2881 717 pudoris
2918 644 3092 699 aulam
3124 641 3465 697 immaculato
3492 651 3782 696 conservet

2195 736 2407 792 aﬂ'ectu.
2447 735 2583 791 Hinc
2608 749 2844 804 eousque
2874 733 3153 803 integritas
3180 731 3545 802 perseveravit
3569 732 3638 785 ad
3662 731 3784 800 pal-

2194 845 2357 895 mam,
2389 836 2446 883 ut
2474 829 2528 883 in
2557 827 2751 898 puellis
2781 835 3041 897 tropaeum
3079 824 3383 880 sanctitatis
3410 823 3692 894 arriperet,
3722 832 3784 878 et

2192 935 2291 991 per
2317 919 2543 990 vestigia
2580 918 2769 973 matris
2814 917 3037 987 virginis
3072 915 3138 970 ad
3168 914 3445 971 ccelestem
3476 916 3781 970 thalamum

2195 1010 2517 1081 perveniret.
2553 1008 2847 1078 Virginitas
2871 1006 3085 1077 quidem
3113 1020 3201 1060 res
3228 1014 3311 1060 est
3339 1014 3547 1070 sancta,
3575 1020 3663 1060 res
3696 1013 3785 1059 est

2197 1099 2466 1169 perfecta;
2491 1097 2803 1169 principalis
2836 1097 3029 1162 virtus,
3073 1095 3359 1165 specialem
3390 1096 3441 1148 in
3472 1109 3635 1164 regno
3680 1094 3784 1149 Dei

2198 1191 2400 1244 habens
2426 1204 2702 1244 coronam.
2732 1186 2849 1241 Non
2875 1186 3018 1240 enim
3046 1186 3165 1241 ideo
3190 1184 3470 1239 laudabilis
3494 1192 3579 1238 est
3608 1184 3780 1254 virgi—

2196 1282 2336 1334 nitas
2357 1280 2480 1349 quia
2519 1287 2571 1333 et
2603 1279 2655 1332 in
2687 1277 3014 1347 martyribus
3049 1276 3337 1346 reperitur,
3367 1273 3462 1328 sed
3491 1274 3618 1343 quia
3660 1274 3784 1344 ipsa

2194 1379 2460 1438 martyres
2483 1365 2627 1421 facit.
2647 1365 2781 1431 Quis
2796 1372 2973 1419 autem
2995 1374 3080 1418 est
3097 1363 3188 1433 qui
3210 1362 3445 1418 humano
3464 1377 3585 1416 eam
3604 1360 3787 1431 possit

2201 1457 2416 1528 ingenio
2461 1454 2935 1525 comprehendere,
2977 1467 3136 1523 quam
3177 1467 3277 1507 nec
3316 1460 3507 1506 natura
3544 1451 3658 1506 suis
3700 1451 3790 1507 in-

2194 1548 2357 1603 clusis
2396 1545 2599 1619 [ιῖονιεε⁷
2636 1544 2921 1616 inclusam]
2958 1542 3163 1614 legibus
3188 1543 3645 1612 comprehendere
3679 1558 3786 1613 po-

2197 1640 2334 1693 test?
2369 1649 2462 1693 aut
2487 1638 2608 1707 quis
2637 1635 2866 1690 naturali
2900 1650 3033 1690 voce
3069 1634 3365 1704 completus
3397 1632 3603 1705 [Forte,
3632 1648 3791 1688 com-

521 1735 666 1789 enim
695 1734 842 1789 illum
871 1734 1129 1789 Dominus
1151 1733 1488 1788 discumbere
1514 1748 1635 1787 cum
1664 1732 1866 1787 sanctis
1888 1731 2018 1795 suis,
2042 1731 2095 1787 id
2125 1722 2170 1780 B
2200 1726 2476 1801 plectitur]
2505 1727 2645 1797 quod
2669 1742 2829 1795 supra
2851 1740 3005 1780 usum
3029 1725 3099 1780 sit
3123 1733 3347 1779 naturae.
3372 1724 3414 1779 Ε
3439 1722 3575 1778 etelo
3598 1739 3791 1778 accer-

520 1832 627 1890 est,
652 1825 706 1879 in
731 1831 930 1878 aeterna
965 1824 1147 1892 quiete
1170 1821 1509 1878 refoveri.‘Et
1532 1822 1802 1878 transiens
1830 1822 2097 1876 ministra-

521 1916 601 1969 bit
628 1915 720 1977 illi,
736 1916 862 1983 quia
884 1912 1018 1969 lucis
1042 1929 1152 1968 sua:
1173 1913 1529 1969 illustratione
1558 1928 1679 1968 eum
1696 1913 1886 1979 satiat;
1919 1921 2097 1969 trans-

522 2003 604 2057 ire
630 2002 772 2056 enim
797 2001 1010 2055 Domini
1036 2010 1120 2056 est
1143 2001 1197 2056 in
1225 2001 1489 2057 claritatis
1529 2017 1639 2057 suae
1675 2001 2093 2072 speculationem

523 2106 621 2146 nos
651 2092 875 2156 ducere;
904 2106 1027 2146 cum
1053 2105 1176 2145 eum
1200 2107 1361 2162 quem
1385 2093 1438 2147 in
1462 2092 1795 2148 humanitate
1825 2093 1877 2147 in
1894 2091 2096 2161 judicio

523 2182 827 2246 cernimus,
877 2181 1038 2236 etiam
1091 2182 1145 2236 in
1182 2182 1461 2237 divinitate
1496 2191 1618 2252 post
1654 2183 1914 2253 judicium
1949 2182 2098 2238 vide-

524 2288 663 2327 mus.
691 2271 942 2338 Proinde,
974 2271 1173 2329 fratres
1200 2273 1306 2328 mei
1336 2273 1691 2339 dilectissimi,
1726 2274 1984 2328 attentius
2012 2273 2095 2327 vi-

518 2362 721 2431 gilate,
765 2363 818 2417 in
864 2362 1227 2417 conditionem
1275 2362 1618 2418 mortalitatis
1664 2372 1858 2419 vestra:
1904 2364 2098 2419 mentis

517 2450 707 2504 oculos
735 2449 879 2521 figite
905 2465 922 2504 :
957 2451 1192 2505 venienti
1218 2466 1314 2506 vos
1336 2450 1503 2520 judici
1533 2468 1629 2522 per
1660 2451 1816 2509 ﬂetus
1854 2454 2098 2524 quotidie

519 2547 577 2594 et
606 2538 834 2593 lamenta
861 2550 1190 2610 prazparate;
1228 2555 1350 2595 cum
1373 2550 1521 2596 certa
1552 2556 1697 2597 mors
1726 2552 1941 2598 maneat
1980 2558 2097 2598 om-

523 2627 703 2691 nibus,
737 2628 902 2684 nolite
925 2629 991 2684 de
1011 2629 1325 2698 temporalis
1347 2630 1472 2685 vitae
1514 2631 1850 2701 providentia
1891 2632 2097 2688 incerta

519 2715 798 2786 cogitare:
854 2726 1193 2772 terrenarum
1242 2733 1422 2773 rerum
1466 2734 1563 2774 vos
1613 2734 1742 2774 cura
1767 2735 1872 2775 non
1900 2734 2095 2791 aggra-

520 2814 640 2872 vet;
683 2806 1029 2877 quantislibet
1063 2809 1207 2861 enim
1248 2806 1364 2862 auri
1413 2814 1468 2862 et
1494 2809 1704 2877 argenti
1738 2808 1969 2863 molibus
1996 2810 2100 2864 cir-

522 2897 805 2954 cumdctur
830 2939 844 2963 ,
897 2897 1223 2966 quibuslibet
1261 2897 1515 2967 pretiosis
1564 2898 1804 2953 vestibus
1845 2899 2099 2954 induatur

520 3001 667 3050 caro,
699 2986 825 3056 quid
869 2996 952 3042 est
980 2980 1123 3042 aliud
1152 3002 1312 3057 quam
1353 3001 1514 3042 caro:
1543 2987 1709 3042 nolite
1747 3002 1875 3059 ergo
1925 2998 2099 3043 atten-

518 3073 647 3128 dere
670 3055 799 3143 quid
837 3075 1046 3130 habetis
1066 3115 1080 3140 ,
1125 3055 1217 3130 sed
1247 3075 1376 3145 quid
1403 3076 1554 3131 estis.
1580 3074 1755 3131 Vultis
1778 3055 1960 3132 autem
2005 3092 2098 3130 au-
2125 3055 2170 3117 (ἶ

518 3165 634 3218 dire
659 3164 786 3233 quid
819 3165 948 3219 estis
975 3183 986 3218 :
1017 3166 1279 3234 propheta
1310 3165 1535 3231 indicat,
1572 3165 1757 3220 dicens
1784 3184 1797 3219 :
1841 3163 1968 3220 Vere
2024 3166 2102 3234 fe-

521 3271 642 3308 num
669 3264 743 3308 est
791 3255 1011 3325 populus
1042 3255 1176 3325 (Isa.
1218 3256 1340 3326 XL);
1386 3257 1431 3312 si
1462 3257 1607 3311 enim
1656 3255 1835 3311 fenum
1875 3257 2102 3327 populus

520 3359 627 3397 non
656 3352 760 3409 est,
784 3344 873 3398 ubi
902 3352 1030 3399 sunt
1066 3344 1140 3399 illi
1170 3346 1259 3415 qui
1303 3361 1365 3400 ea
1402 3360 1522 3416 quae
1566 3345 1727 3400 hodie
1755 3345 1983 3401 colimus
2007 3361 2103 3402 vo-

502 3432 748 3495 .biscum,
782 3440 1054 3488 transacto
1090 3448 1231 3488 anno
1278 3433 1419 3488 beati
1450 3433 1609 3503 hujus
1636 3432 1961 3490 confessoris
2007 3450 2104 3490 na-

521 3521 693 3576 talitia
723 3520 1164 3577 celebraverunt:
1197 3537 1230 3577 o
1258 3531 1456 3592 quanta
1509 3532 1564 3577 et
1622 3522 1800 3593 qualia
1853 3524 1919 3578 de
1966 3538 2103 3593 prm-

520 3612 689 3666 sentis
715 3613 839 3666 vitae
884 3612 1187 3682 provisione
1223 3612 1567 3684 cogitabant,
1621 3613 1715 3667 sed
1768 3612 2103 3683 subripiente

519 3701 711 3757 mortis
753 3702 1002 3766 articulo,
1031 3711 1250 3773 repente
1280 3703 1333 3757 in
1364 3703 1447 3757 his
1490 3718 1608 3773 quae
1632 3703 1815 3759 videre
1849 3703 2105 3771 nolebant

518 3792 722 3847 inventi
747 3800 894 3859 sunt,
926 3803 982 3848 et
1009 3804 1203 3849 cuncta
1252 3794 1410 3849 simul
1444 3795 1756 3865 temporalia
1782 3835 1798 3861 ,
1848 3811 1968 3865 qua:
1991 3805 2104 3850 tra-

518 3890 662 3935 ctata
692 3882 845 3952 quasi
876 3883 1139 3938 stabiliter
1163 3892 1347 3939 tenere
1375 3883 1696 3939 videbantur
1716 3925 1729 3949 ,
1780 3886 2100 3941 amiserunt.

519 3970 655 4038 Quia
684 3971 848 4041 igitur
876 3974 1162 4028 momentis
1190 3974 1303 4029 suis
1333 3974 1478 4029 horae
1510 3973 1720 4045 fugiunt
1739 4014 1754 4039 ,
1796 3976 1962 4047 agite,
1995 3975 2104 4030 fra-

519 4069 630 4116 tres
655 4061 957 4116 charissimi
978 4104 992 4127 ,
1043 4072 1103 4117 ut
1135 4063 1186 4117 in
1217 4062 1345 4119 boni
1371 4065 1550 4134 operis
1602 4065 1852 4120 mercede
1882 4074 2104 4120 tenean-

517 4157 627 4205 tur.
656 4151 850 4207 Audite
869 4152 997 4221 quid
1019 4153 1233 4223 sapiens
1278 4152 1535 4210 Salomon
1570 4154 1700 4210 dicit
1729 4169 1743 4208 :
1775 4152 1940 4210 Omne
1962 4155 2101 4225 quod

518 4251 682 4312 potest
711 4259 895 4296 manus
923 4252 1013 4297 tua
1064 4244 1258 4313 facere,
1282 4246 1541 4299 instanter
1583 4262 1819 4315 operare,
1842 4248 1967 4316 quia
2010 4262 2102 4300 nec

519 4348 666 4400 opus,
701 4347 791 4384 nec
824 4333 977 4397 ratio,
1010 4348 1102 4386 nec
1144 4334 1401 4403 sapientia
1435 4343 1509 4388 est
1533 4334 1673 4405 apud
1702 4334 1896 4404 inferos
1915 4352 2017 4405 quo
2045 4344 2100 4390 tu

517 4435 763 4489 oropems
793 4418 983 4491 (Ercli.
1027 4419 1105 4490 v).
1149 4420 1285 4488 Quia
1334 4437 1461 4493 ergo
1517 4432 1572 4476 et
1620 4430 1861 4476 ventura:
1910 4423 2100 4478 mortis

519 4516 731 4579 tempus
755 4510 1081 4580 ignoramus,
1108 4519 1163 4564 et
1190 4520 1312 4580 post
1340 4521 1565 4566 mortem
1597 4512 1810 4582 operari
1834 4527 1938 4567 non
1969 4529 2101 4584 pos-

519 4614 727 4664 sumus,
750 4610 993 4669 superest
1023 4610 1083 4655 ut
1105 4610 1230 4657 ante
1248 4612 1476 4657 mortem
1506 4612 1747 4672 tempora
1779 4603 1980 4659 indulta
2013 4621 2101 4660 ra-

516 4688 755 4759 piamus,
804 4698 858 4745 et
913 4689 1220 4745 laboremus
1266 4690 1472 4744 utiliter
1497 4691 1753 4760 quidquid
1790 4706 2095 4761 possumus,

518 4788 783 4849 quatenus
802 4795 923 4834 cum
945 4777 1345 4834 confessoribus
1370 4781 1481 4835 suis
1502 4779 1747 4835 Christus
1791 4781 1946 4837 nobis
1974 4792 2097 4852 post

519 4867 681 4923 finem
729 4869 884 4924 istius
922 4870 1045 4923 vita:
1073 4870 1332 4923 concedat
1384 4868 1438 4923 in
1485 4869 1691 4924 ctelesti
1723 4885 1887 4941 regno
1914 4872 2094 4940 potius

517 4959 708 5028 laetari,
741 4978 1046 5033 quamcum
1086 4964 1458 5033 peccatoribus
1512 4965 1566 5020 in
1613 4965 1824 5022 inferno
1870 4969 2092 5039 puniri:

517 5051 671 5121 cujus
695 5069 795 5109 nos
822 5055 956 5109 iram
996 5056 1234 5111 devitarc
1272 5065 1327 5111 et
1374 5058 1600 5128 gratiam
1647 5058 1938 5128 impetrare
1980 5060 2096 5130 ipse

518 5146 799 5208 concedat,
827 5146 917 5216 qui
948 5161 1048 5201 nos
1093 5145 1408 5213 redemerat,
1438 5147 1687 5203 Christus
1728 5147 1979 5203 Salvator
2000 5164 2097 5205 no-

517 5244 649 5299 Ster,
677 5236 770 5306 qui
801 5237 934 5291 vivit
959 5245 1015 5291 et
1040 5247 1227 5309 regnat
1248 5239 1407 5302 Deus,
1434 5252 1534 5307 per
1561 5238 1741 5293 omnia
1764 5237 1961 5293 saecula
1995 5253 2096 5295 sat-

517 5324 780 5380 culorum.
813 5326 1004 5382 Amen.

915 5430 1259 5489 HOMILIA
1325 5431 1688 5487 XXXVIII.

1007 5541 1060 5581 IN
1098 5541 1293 5580 NATALI
1330 5540 1607 5580 VIRGINUM.

588 5610 962 5671 Immaculatus
1020 5615 1279 5671 Dominus
1328 5615 1725 5670 immaculatum
1780 5615 1880 5671 sibi
1938 5614 2093 5673 fami-

2203 1821 2328 1876 sivit
2383 1819 2525 1891 quod
2579 1818 2885 1873 imitaretur
2914 1817 2969 1871 in
3018 1816 3178 1871 terris
3213 1833 3226 1868 :
3262 1830 3361 1870 nec
3401 1814 3673 1869 immerito
3711 1814 3793 1866 vi-

2202 1910 2359 1965 vendi
2386 1924 2541 1965 usum
2568 1907 2814 1978 quaesivit
2836 1921 2868 1962 e
2896 1906 3053 1971 caelo,
3078 1920 3197 1976 qua:
3224 1919 3477 1975 sponsum
3508 1902 3611 1957 sibi
3639 1904 3796 1959 inve-

2202 2003 2281 2058 nit
2311 2003 2363 2057 in
2410 2002 2566 2058 cmlo.
2618 2000 2744 2056 Haec
2794 2000 2965 2055 nubes
2992 2014 3203 2063 aereas,
3244 1997 3460 2069 angelos
3494 1996 3795 2065 sideraque

2204 2092 2625 2161 transgrediens,
2651 2090 2877 2147 verbum
2906 2089 3000 2144 Dei
3046 2089 3100 2143 in
3130 2088 3248 2158 ipso
3276 2089 3396 2142 sinu
3428 2087 3633 2141 invenit
3677 2086 3792 2139 Pa-

2202 2185 2301 2239 tris
2346 2195 2400 2239 et
2439 2191 2549 2239 toto
2589 2182 2768 2238 hausit
2816 2188 3053 2252 pectore.
3092 2179 3225 2234 Nam
3256 2180 3378 2250 quis
3405 2187 3618 2234 tantum
3658 2193 3793 2232 cunt

2202 2276 2488 2339 invenerit,
2535 2275 2803 2343 relinquat
2843 2272 3085 2328 bonum?
3116 2271 3257 2341 Ergo
3295 2271 3361 2324 de
3408 2284 3474 2324 eo
3501 2267 3795 2339 Scriptura

2202 2365 2368 2421 dicit:
2406 2363 2736 2435 Unguentum
2765 2362 3088 2418 exinanitum
3129 2370 3203 2415 est
3235 2376 3422 2415 nomen
3451 2368 3621 2422 tuum,
3664 2375 3797 2428 pro-

2201 2464 2376 2524 pterea
2437 2451 2834 2507 adulescentula:
2891 2450 3182 2505 dilexerunt
3238 2460 3289 2505 et
3351 2459 3682 2504 attraxerant
3741 2459 3797 2504 ts

2204 2543 2382 2615 (Cant.
2412 2542 2475 2615 ι).
2498 2543 2716 2597 Futurae
2744 2549 2924 2595 autem
2949 2540 3360 2595 resurrectionis
3385 2539 3495 2611 jam
3522 2539 3623 2594 istc
3650 2538 3798 2595 ordo

2202 2633 2434 2702 speciem
2478 2640 2656 2697 tenet;
2690 2631 2831 2686 unde
2866 2638 2923 2685 et
2965 2629 3222 2698 scriptum
3259 2638 3344 2684 est
3368 2630 3421 2684 in
3447 2628 3743 2699 Evangelio
3775 2645 3793 2684 :

2203 2721 2271 2775 In
2315 2723 2689 2775 resurrectione
2732 2737 2853 2790 ergo
2891 2737 2994 2775 non
3040 2718 3258 2784 nubunt,
3307 2736 3468 2790 neque
3505 2719 3791 2783 nubentur,

2202 2810 2293 2865 sed
2313 2820 2461 2865 erunt
2486 2811 2617 2863 sicut
2645 2810 2817 2881 angeli
2844 2808 2940 2862 Dei
2960 2808 3016 2862 in
3035 2807 3160 2862 caelo
3187 2807 3399 2877 (Matth.
3424 2807 3580 2878 xxxi).
3610 2806 3795 2863 Nemo

2202 2915 2330 2971 ergo
2359 2898 2584 2953 miretur
2610 2898 2653 2952 si
2686 2896 2890 2969 angelis
2913 2906 3290 2966 comparentur
3315 2911 3435 2967 quae
3469 2896 3795 2967 angelorum

2204 2989 2431 3045 Domino
2454 2987 2789 3058 copulantur.
2838 2984 2977 3041 Vera
3022 2987 3168 3040 enim
3212 2987 3326 3041 hare
3359 2986 3420 3039 fit
3449 2987 3538 3041 Dei
3580 2987 3792 3058 imago,

2203 3080 2532 3149 respondens
2561 3079 2629 3133 ad
2653 3077 3065 3133 sanctimoniam
3094 3077 3327 3142 Domini,
3366 3077 3633 3133 illustrior
3661 3092 3797 3146 por-

2203 3173 2278 3227 tio
2314 3174 2490 3243 gregis
2517 3172 2740 3228 Christi.
2788 3171 2996 3228 Gaudet
3042 3186 3139 3242 per
3185 3172 3324 3236 illas,
3374 3178 3536 3241 atque
3578 3171 3633 3225 in
3680 3170 3796 3228 illis

2202 3261 2425 3333 largiter
2470 3261 2626 3317 ﬂoret
2669 3262 2922 3318 Ecclesia:
2971 3263 3160 3317 matris
3188 3262 3417 3333 gloriosa
3449 3260 3789 3326 fecunditas;

2202 3364 2513 3424 quantoque
2540 3354 2658 3424 plus
2682 3354 2898 3425 copiosa
2922 3352 3202 3424 virginitas
3231 3366 3454 3406 numero
3488 3366 3586 3406 suo
3611 3351 3790 3415 addit,

2200 3445 2452 3516 gaudium
2498 3446 2690 3501 matris
2716 3444 2974 3516 augescit.
3001 3440 3292 3515 Virginitas
3329 3444 3696 3498 sacratissima
3729 3445 3792 3499 in

2201 3550 2301 3590 suo
2328 3536 2495 3607 gradu
2526 3551 2693 3606 usque
2725 3537 2777 3591 in
2812 3536 3089 3606 sanguinis
3117 3534 3435 3590 effusionem
3464 3535 3791 3604 permansit,

2200 3628 2455 3697 quoniam
2489 3642 2586 3682 suo
2625 3627 2769 3682 illam
2815 3625 3074 3697 sanguine
3110 3625 3482 3695 subrigaverat
3507 3623 3791 3681 Christus.

2201 3715 2499 3771 Inardescit
2520 3715 2573 3770 in
2598 3715 2906 3771 caelestibus
2929 3715 3161 3780 animus,
3184 3714 3258 3767 nil
3286 3714 3338 3767 itt
3360 3712 3591 3767 terrenis
3618 3712 3788 3780 libet;

2200 3802 2444 3860 deforme
2492 3805 2821 3875 conspicitur
2866 3802 3126 3874 quidquid
3170 3803 3237 3857 de
3274 3809 3491 3857 terrena
3532 3801 3792 3870 placebat

2202 3893 2412 3964 specie:
2447 3894 2572 3965 quia
2601 3892 2712 3949 sola
2742 3893 2991 3962 pretiosae
3018 3891 3323 3962 margaritae
3366 3891 3588 3946 claritas
3618 3890 3791 3962 fulget

2203 3985 2257 4039 in
2296 3992 2503 4050 mente;
2534 3984 2599 4039 de
2626 3983 2777 4052 cujus
2807 3984 3092 4039 dilectione
3121 3996 3266 4040 recte
3304 3998 3402 4054 per
3434 3983 3787 4039 Salomonem

2203 4074 2398 4129 dicitur
2423 4092 2437 4129 :
2488 4072 2675 4129 Valida
2693 4084 2845 4129 estut
2881 4091 3025 4129 mors
3047 4074 3255 4129 dilectio
3278 4075 3454 4136 (Cant.
3482 4074 3625 4145 vin),
3655 4078 3786 4146 quia

2202 4164 2449 4219 videlicet
2498 4165 2640 4220 sicut
2686 4179 2833 4220 mors
2867 4164 3150 4230 interimit,
3181 4165 3261 4220 sic
3290 4166 3358 4220 ab
3386 4179 3569 4220 amore
3599 4182 3785 4222 rerum

2203 4255 2565 4324 corporalium
2612 4264 2830 4310 aeternae
2880 4256 3001 4310 vitae
3049 4256 3286 4311 charitas
3339 4258 3539 4313 occidit
3584 4272 3601 4312 :
3657 4274 3788 4314 nam

2203 4359 2361 4415 quem
2390 4343 2625 4415 perfecte
2665 4344 3026 4407 absorbuerit,
3062 4347 3129 4401 ad
3174 4354 3386 4402 terrena
3416 4346 3546 4402 foris
3574 4348 3788 4404 deside-

2204 4436 2283 4491 ria
2329 4435 2474 4490 velut
2512 4432 2879 4490 insensibilem
2932 4436 3122 4492 reddit.
3174 4435 3358 4506 Neque
3402 4438 3546 4492 enim
3593 4448 3787 4495 sancta

2204 4529 2319 4584 haec
2350 4527 2504 4597 cujus
2543 4528 2701 4582 hodie
2731 4526 2972 4582 natalitia
3003 4528 3354 4594 celebramus,
3389 4529 3522 4584 mori
3550 4544 3650 4599 pro
3678 4530 3789 4587 Do-

2202 4620 2347 4674 mino
2374 4620 2637 4688 potuisset
2668 4618 2720 4673 in
2761 4633 3006 4688 corpore,
3037 4619 3082 4674 si
3111 4620 3262 4689 prius
3311 4635 3342 4674 a
3387 4621 3615 4675 terrenis
3641 4622 3787 4677 desi-

2201 4708 2365 4762 deriis
2397 4716 2606 4761 mortua
2638 4722 2743 4762 non
2774 4707 2966 4762 fuisset
2994 4708 3049 4762 in
3076 4716 3275 4764 mente.
3305 4709 3523 4765 Rectius
3550 4725 3785 4783 namque

2202 4798 2255 4850 in
2302 4797 2517 4852 virtutis
2546 4797 2779 4852 culmine
2815 4798 3026 4853 animus
3072 4805 3340 4852 tormenta
3380 4799 3520 4864 risit,
3557 4801 3784 4869 praemia

2197 4888 2447 4952 calcavit,
2486 4898 2611 4943 ante
2661 4897 2898 4943 armatos
2927 4903 3080 4958 rcges
3104 4896 3158 4943 et
3182 4889 3440 4959 praesides
3468 4890 3629 4945 ducta
3674 4900 3787 4946 ste-

2197 4981 2298 5035 tit:
2331 4979 2561 5035 feriente
2609 4979 2900 5046 robustior,
2956 4978 3234 5047 judicante
3279 4979 3575 5034 sublimior.
3639 4978 3781 5046 Quid

2199 5072 2339 5128 inter
2371 5074 2488 5127 haec
2515 5087 2613 5126 nos
2642 5072 2850 5127 barbati
2895 5080 2949 5126 et
2994 5071 3196 5127 debiles
3236 5071 3488 5136 dicimus,
3523 5070 3649 5140 quia
3699 5070 3782 5125 ire

2198 5163 2265 5217 ad
2294 5177 2457 5233 regna
2486 5161 2727 5218 caelestia
2748 5161 2956 5231 puellas
2980 5175 3077 5230 per
3098 5160 3301 5215 ferrum
3330 5160 3572 5215 videmus
3597 5176 3610 5213 :
3640 5175 3781 5229 quos

2202 5250 2282 5305 ira
2307 5259 2545 5321 superat,
2578 5250 2827 5321 superbia
2857 5249 3029 5315 inﬂat,
3052 5250 3273 5306 ambitio
3297 5248 3595 5320 perturbat,
3625 5249 3781 5305 luxu-

2200 5343 2278 5397 ria
2325 5341 2670 5412 coinquinat?
2714 5341 2814 5408 Qui
2850 5342 2897 5396 si
2938 5342 3160 5411 adipisci
3194 5356 3356 5411 regna
3389 5339 3647 5395 caelorum
3681 5353 3783 5410 per

2199 5431 2334 5487 bella
2356 5431 2791 5502 persecutionum
2821 5447 2926 5486 non
2955 5446 3260 5501 possumus,
3286 5432 3388 5485 hoc
3418 5430 3589 5499 ipsum
3619 5429 3781 5485 nobis

2201 5535 2355 5594 turpe
2394 5526 2464 5580 sit
2486 5525 2625 5595 quod
2655 5525 2904 5580 nolumus
2929 5524 3098 5579 Deum
3122 5523 3315 5579 saltem
3354 5538 3450 5593 per
3475 5536 3662 5592 paruam
3691 5536 3779 5577 se-

2198 5618 2308 5685 qui.
2336 5617 2472 5672 Eccc
2510 5617 2638 5673 nulli
2680 5625 2867 5671 nostro
2906 5623 3143 5685 tempore
3180 5615 3310 5671 dicit
3340 5615 3480 5670 Deus
3508 5628 3524 5668 :
3550 5613 3660 5670 Pro
3688 5627 3776 5669 me
