4036 6370
309 435 378 489 75

305 643 442 696 cide.
470 641 572 710 Qui
601 659 730 716 ergo
753 647 810 701 in
837 664 970 718 pace
998 655 1247 728 subigere
1288 663 1469 718 carnis
1499 664 1762 724 desideria
1789 685 1887 726 no-

302 734 516 802 lumus,
567 740 783 808 quando
838 739 1172 821 [quomodo]
1226 750 1284 806 in
1328 753 1468 811 bello
1518 773 1617 828 pro
1657 759 1886 820 Domino

301 825 476 899 ipsam
518 842 738 885 carnem
783 832 1075 892 dabimus?
1099 839 1211 897 Hoc
1253 857 1384 916 ergo
1417 825 1536 932 pro
1556 861 1706 908 certo
1748 857 1886 912 sciat

299 920 668 993 unusquisque
713 933 949 983 vestrum
976 933 1120 1001 quod
1162 920 1467 1008 quicunque
1511 941 1601 998 hic
1626 960 1735 1001 non
1768 947 1883 1004 vult

296 1008 352 1062 in
383 1025 442 1065 se
469 1012 785 1084 crucifigere
827 1025 884 1073 et
926 1021 1255 1080 mortiﬁcare
1282 1031 1462 1086 carnis
1502 1032 1790 1103 desideria,
1823 1039 1879 1095 in
1979 1043 2030 1098 ‘ci

295 1099 476 1157 futuro
509 1119 619 1160 non
664 1110 942 1176 perveniet
972 1113 1156 1184 utique
1186 1117 1254 1173 ad
1295 1129 1499 1179 aeterna
1527 1129 1743 1196 gaudia.
1773 1130 1881 1189 Sed

290 1189 421 1258 quia
450 1195 739 1261 praesentia
765 1199 960 1267 gaudia
996 1213 1291 1273 sequuntur
1316 1189 1578 1283 perpetua
1621 1216 1875 1288 lamenta,

289 1277 401 1344 hic,
431 1280 624 1338 fratres
647 1284 970 1357 charissimi,
1004 1308 1198 1350 vanam
1229 1277 1468 1360 laetitiam
1499 1304 1668 1376 fugite
1695 1309 1741 1365 si
1769 1311 1878 1368 illic

286 1367 424 1424 ﬂere
453 1369 774 1437 formidatis.
817 1377 984 1437 Nemo
1014 1387 1211 1442 etenim
1240 1399 1419 1460 potest
1442 1405 1496 1450 et
1526 1367 1613 1453 hic
1641 1402 1876 1470 gaudere

285 1473 413 1513 cum
437 1463 656 1532 saeculo,
685 1474 743 1522 et
768 1467 826 1523 in
850 1469 1031 1528 futuro
1051 1491 1280 1548 regnare
1307 1497 1429 1538 cum
1455 1463 1689 1542 Christo.
1718 1489 1874 1546 Tem-

282 1549 526 1618 poralem
567 1554 751 1627 itaque
789 1557 1032 1618 laetitiam
1078 1566 1277 1624 ﬂuxam
1319 1575 1648 1647 restringite,
1691 1584 1874 1638 carnis

278 1641 586 1712 voluptates
629 1648 902 1718 edomate;
951 1655 1210 1727 quidquid
1258 1659 1314 1714 in
1363 1641 1546 1722 mente
1591 1641 1873 1739 pueriliter

275 1731 578 1802 hilarescit,
611 1738 714 1794 hoc
739 1741 1032 1812 disciplinae
1052 1745 1310 1816 juvenilis
1336 1768 1566 1814 censura
1596 1775 1864 1832 coerceat,

277 1829 340 1874 ut
367 1823 492 1878 dum
519 1837 710 1896 sponte
734 1835 1049 1902 temporalia
1075 1836 1281 1910 fugitis,
1307 1853 1510 1903 aeterna
1535 1853 1729 1921 gaudia
1753 1823 1869 1912 sine

273 1910 463 1970 labore
493 1919 719 1988 capiatis
743 1939 758 1976 :
779 1933 1070 1994 praestante
1097 1910 1680 2010 DominomostrovJesu
1706 1910 1864 2005 Chri;
1893 1937 1939 1997 Β

269 2099 415 2158 Deus
441 2119 543 2174 per
567 2109 748 2165 omnia
771 2113 966 2170 saecula
991 2120 1333 2179 saeculorum.
1359 2127 1553 2186 Amen.

784 2221 1066 2284 HOMILIA
1105 2231 1348 2291 XXXIX.

712 2307 766 2347 IN
803 2311 1158 2358 DEDICATIONB
1199 2321 1394 2364 τεκριι

337 2373 576 2446 Propitia
606 2380 888 2442 divinitate
912 2392 1300 2463 omnipotentis
1344 2399 1460 2467 Dei,
1492 2411 1547 2460 et
1583 2421 1856 2470 annuente

263 2466 384 2535 ejus
410 2470 717 2542 clementia,
755 2477 894 2536 bene
918 2487 1244 2544 convenistis
1287 2492 1466 2562 hodie,
1497 2496 1696 2557 fratres
1725 2505 1854 2560 cha-

261 2562 486 2632 rissimi,
532 2577 591 2622 ut
634 2569 748 2626 Deo
781 2573 1000 2632 domum
1040 2580 1433 2656 dedicaremus,
1467 2591 1584 2662 ipso
1625 2593 1852 2663 jubente

261 2671 330 2709 ac
361 2656 574 2716 dicente
618 2680 632 2715 :
677 2661 865 2721 Facite
895 2670 1024 2724 mihi
1071 2681 1455 2748 sanctuarium,
1506 2694 1554 2738 et
1596 2687 1774 2745 habito
1797 2692 1852 2747 in

259 2750 435 2804 medio
462 2754 636 2820 vestri,
659 2757 786 2812 dicit
822 2759 1081 2820 Dominus
1121 2767 1264 2824 Deus
1290 2771 1475 2844 (Zach.
1503 2778 1587 2850 ιι).
1617 2779 1721 2836 Sed
1749 2784 1851 2840 hoc

262 2848 398 2900 tunc
426 2843 583 2915 digne
606 2848 831 2909 facimus
857 2856 904 2910 si
931 2857 1034 2928 ipsi
1062 2859 1160 2917 Dei
1188 2843 1446 2936 templum
1475 2843 1594 2926 fieri
1621 2883 1849 2931 conten-

264 2931 472 3002 dimus,
503 2939 549 2991 si
582 2943 850 3001 studemus
877 2963 1175 3021 congruere
1203 2955 1532 3016 solemnitati
1559 2978 1723 3034 quam
1750 2982 1846 3023 co-

256 3022 456 3092 limus;
481 3040 538 3084 ut
581 3034 718 3089 sicut
757 3040 966 3096 ornatis
1005 3046 1302 3104 studiosius
1326 3049 1567 3119 ejusdem
1605 3057 1848 3115 ecclesiae

249 3119 578 3189 parietibus,
624 3127 865 3196 pluribus
907 3139 1153 3194 accensis
1195 3140 1574 3217 luminaribus,
1619 3151 1847 3210 diversis

249 3224 354 3279 per
380 3209 596 3270 litanias
619 3225 672 3272 et
701 3235 911 3290 preces,
945 3239 1042 3296 per
1069 3228 1328 3290 lectiones
1353 3246 1409 3291 et
1436 3240 1671 3308 cantica,
1699 3247 1844 3301 exci-

1223 449 1526 514 HOMILLE
1563 460 1652 518 DE
1682 462 1926 524 FESTlS
1965 467 2380 540 PRECIPUIS,
2421 471 2571 534 ETC.

307 563 541 617 morere,
575 552 690 618 sed.
717 553 900 612 illicita
930 565 1302 622 tantummodo
1330 568 1385 624 in
1427 578 1479 626 te
1507 573 1771 633 desideria
1801 595 1892 636 oc-

3498 502 3567 558 74

1915 581 1971 644 Α
1993 590 2080 638 cta
2104 584 2424 654 spiritaliter
2449 590 2741 664 intellecta,
2770 614 2955 659 veram
2982 615 3180 665 nostrae
3206 610 3329 668 fidei
3358 624 3412 671 et
3438 633 3571 688 ορθ-

1990 678 2216 735 rationis
2244 680 2610 742 sinceritatem
2636 687 2974 765 denuntiant,
3003 707 3062 755 et
3086 707 3354 773 quomodo
3377 710 3573 769 domus

1987 765 2081 822 Dei
2109 768 2229 825 ﬁeri
2266 775 2560 844 possimus,
2599 783 2826 855 mystice
2869 787 3084 855 docent.
3101 765 3253 862 'Quid
3287 765 3570 874 ergo‘ipse

1986 861 2252 917 conditori
2295 863 2625 940 Redemptor
2672 883 2859 933 noster
2902 878 2975 937 de
3016 861 3423 947 constructione
3458 861 3574 951 sua:

1983 949 2197 1020 domus,
2235 962 2355 1024 quae
2383 973 2482 1014 nos
2521 974 2727 1030 sumus,
2757 965 2812 1022 in
2836 971 3046 1043 eaquae
3088 976 3244 1034 nobis
3277 981 3440 1038 modo
3481 999 3570 1040 re-

1979 1241 2142 1297 neque
2161 1229 2320 1285 arbor
2338 1234 2481 1289 mala
2510 1237 2710 1307 faciens
2731 1243 2962 1314 fructum
2987 1229 3177 1308 bonum
3201 1253 3418 1329 (Matth.
3445 1229 3564 1334 vn);

3205 1313 3218 1329 ι
3366 1313 3369 1314 ⁷
3386 1313 3389 1314 ⁷
3408 1313 3411 1314 ⁷
3460 1313 3563 1334 ⁷““Ἰ⁷

1977 1313 2154 1373 Bonas
2179 1335 2308 1388 ergo
2335 1327 2561 1383 arbores
2589 1338 2644 1386 et
2682 1334 2852 1394 bonos
2884 1354 3071 1398 earum
3108 1344 3317 1406 fructus
3346 1351 3402 1407 in
3439 1369 3568 1410 con-

1976 1414 2330 1489 structionem
2375 1420 2492 1478 sive
2526 1424 2890 1486 ministerium
2929 1435 3010 1489 sui
3043 1440 3225 1509 templi
3258 1458 3353 1499 rex
3380 1457 3567 1502 noster

1973 1507 2209 1577 quaerit;
2259 1519 2317 1567 at
2354 1528 2485 1573 vero
2535 1520 2690 1576 malae
2733 1525 2942 1583 arboris
2963 1532 3054 1600 qui
3099 1507 3170 1588 sit
3221 1537 3368 1603 linis,
3421 1542 3564 1597 idem

1974 1594 2101 1651 alibi
2147 1599 2304 1656 docet
2330 1603 2552 1664 dicens:
2589 1609 2772 1668 Omnis
2805 1594 3108 1690 arbor-qua:
3151 1642 3255 1680 non
3292 1594 3421 1697 facit

1971 1692 2110 1738 ctum
2129 1687 2319 1745 bonum
2342 1697 2608 1753 excidatur
2623 1712 2670 1756 et
2691 1705 2743 1758 in
2763 1706 2935 1777 ignem
2954 1687 3186 1768 mittetur
3205 1717 3421 1790 (Matth.
3441 1687 3559 1796 in);

1972 1774 2157 1796 “LM
2176 1795 2181 1796 ν
2482 1789 2496 1796 ,
2614 1792 2623 1796 -

1971 1774 2193 1833 arbores
2222 1797 2453 1855 namque
2480 1789 2749 1862 homines,
2794 1797 3002 1858 fructus
3034 1814 3213 1862 autem
3236 1825 3401 1880 opera
3427 1817 3562 1872 dicit

1960 2139 2114 2207 ditia,
2137 2143 2373 2215 luxuria,
2396 2151 2658 2211 idolorum
2677 2163 2920 2232 semitas,
2947 2171 3214 2240 veneﬁcia,
3240 2177 3553 2249 inimicitiae,

1959 2237 2332 2307 contentiones,
2381 2248 2776 2320 aemulationes,
2815 2259 2931 2325 ἔνων,
2986 2264 3135 2332 rixte,
3181 2269 3553 2341 dissensiones,

1956 2324 2202 2397 hbzreses,
2224 2324 2454 2402 incidite,
2489 2340 2796 2413 homicidia,
2827 2351 3126 2422 ebrietates,
3151 2367 3553 2423 comessationes

1955 2423 2005 2469 et
2040 2417 2121 2472 his
2157 2422 2353 2478 similia
2394 2425 2536 2499 (Gal.
2571 2432 2644 2504 v).
2692 2436 2786 2492 Vis
2829 2443 3015 2500 audire
3053 2417 3124 2502 an
3175 2417 3550 2528 arbores—qua;

1955 2506 2056 2565 hos
2082 2509 2289 2571 fructus
2318 2517 2524 2578 faciunt
2550 2527 2617 2580 ad
2643 2533 2829 2586 :eterni
2861 2537 3002 2608 regis
3041 2545 3298 2612 templum
3328 2506 3551 2612 caeleste

1954 2603 2298 2670 pertineant?
2341 2613 2616 2685 subjungit
2647 2603 2947 2691 Apostolus
2970 2603 3202 2688 dicens:
3246 2637 3378 2705 Quae
3412 2660 3550 2712 pra:-

1953 2692 2072 2747 dico
2095 2697 2234 2752 vobis
2271 2701 2406 2755 sicut
2439 2709 2681 2776 prwdixi,
2706 2717 2952 2784 quoniam
2982 2723 3072 2792 qui
3111 2725 3239 2782 talia
3262 2742 3441 2800 agunt,
3471 2753 3554 2790 re-

1952 2800 2113 2853 gnum
2153 2788 2252 2844 Dei
2299 2810 2403 2848 non
2450 2814 2827 2872 consequentur
2866 2788 3078 2884 (Ibid).
3129 2788 3550 2898 Bonae'quo'que

2877 2877 2884 2880 .
3040 2877 3048 2884 .
3342 2877 3544 2898 1""J"‘

1953 2877 2166 2935 arboris
2213 2881 2423 2943 fructus
2469 2893 2862 2965 subsequenter
2905 2920 3211 2978 enumerat,
3253 2931 3377 2972 cum
3425 2921 3544 2978 ait:

1951 2963 2182 3024 Fructus
2219 2984 2394 3030 autem
2439 2963 2664 3049 spiritus
2680 2998 2754 3042 est
2796 2992 3044 3065 Charitas,
3089 3005 3364 3075 gaudium,
3414 3029 3542 3081 pax,

3031 3058 3042 3065 ι
3089 3058 3113 3072 ν
3414 3058 3542 3081 Γ-*ννυ

1948 3058 2225 3128 patientia,
2255 3065 2480 3135 bonitas,
2507 3073 2816 3147 benignitas,
2835 3083 2988 3152 ﬁdes,
3025 3100 3392 3167 mansuetudo,
3425 3119 3548 3156 con-

1949 3145 2168 3205 tinentia
2199 3153 2420 3229 (Ibid.);
2453 3165 2542 3231 qui
2571 3145 2825 3226 nimirum
2850 3174 3078 3247 fructus,
3103 3200 3225 3240 cum
3256 3145 3542 3250 arbdribus

1949 3250 1980 3290 e
2004 3242 2199 3309 quibus
2243 3253 2562 3321 procedunt,
2591 3266 2646 3313 et
2687 3261 2774 3316 hic
2803 3266 2870 3320 ad
2912 3242 3130 3329 domum
3163 3242 3541 3340 ﬁdei,etﬂillic

1658 3301 1668 3308 '
2020 3301 2038 3309 _
2243 3301 2260 3316 ι
2286 3301 2293 3302 κ
2317 3301 2331 3303 -
2352 3301 2562 3321 --.-..---,
2593 3301 2646 3313 ν-
2687 3301 2774 3316 μιν
2803 3301 2870 3320 «ιιι
2912 3301 3130 3329 uumum
3163 3301 3305 3340 "uel,
3339 3301 3396 3334 Ct
3427 3301 3541 3340 nuc

250 3301 382 3357 tath
415 3305 658 3374 vocibus,
687 3310 799 3367 Deo
846 3313 1061 3372 laudem
1103 3336 1296 3391 parare
1341 3331 1697 3401 gangarimug
1725 3351 1740 3387 τ
1768 3336 1844 3392 ita
1871 3321 1916 3383 C
1948 3331 2016 3382 ad
2046 3331 2435 3395 habitationem
2459 3359 2708 3412 superna)
2733 3354 3084 3416 beatitudinis
3112 3369 3379 3425 veraciter
3414 3389 3542 3445 per-

250 3394 417 3445 egiam
462 3403 754 3445 nenelmlin
783 3409 1024 3445 nni-dium
1058 3425 1362 3445 ηηοο-η-η-ε
1405 3437 1618 3445 λιι-μυ-
1655 3443 1679 3445 -
1699 3441 1746 3445 ⁸-
1765 3443 1806 3445 ’⁷
1947 3421 2119 3445 ¹²”“’““⁴
2171 3425 2274 3445 “““
2431 3440 2441 3445 ’
2829 3444 2838 3445 7

249 3394 417 3450 etiam
459 3403 759 3468 penetralia
783 3409 1026 3466 cordium
1056 3425 1364 3473 nostrorum
1404 3437 1620 3494 semper
1653 3441 1842 3485 neces-

247 3486 413 3541 sariis
449 3488 712 3549 bonorum
750 3511 978 3568 operum
1011 3505 1330 3566 decoremus
1358 3516 1659 3585 ornatibus,
1697 3534 1841 3576 sem-

245 3589 343 3646 per
370 3579 427 3632 in
469 3584 624 3639 nobis
649 3585 865 3646 ﬂamma
894 3595 1089 3654 divina:
1121 3603 1326 3671 pariter
1349 3615 1404 3660 et
1427 3606 1685 3668 fraterna.
1715 3615 1840 3670 cha-

246 3665 424 3723 ritatis
453 3685 730 3743 augescat,
775 3695 988 3753 semper
1033 3687 1089 3742 in
1121 3665 1420 3752 secretario
1456 3703 1696 3768 pectoris
1739 3720 1838 3761 no-

242 3757 342 3812 stri
374 3761 678 3822 caelestium
719 3776 975 3830 memoria
1016 3792 1407 3852 praeceptorum
1430 3795 1484 3842 et
1510 3793 1836 3864 evangelica

241 3845 574 3911 laudationis
619 3859 846 3919 dulcedo
893 3845 1079 3926 sancta
1125 3885 1356 3931 resonet.
1406 3878 1475 3934 Hi
1517 3893 1644 3939 sunt
1687 3887 1834 3942 enim

237 3936 452 3997 fructus
478 3943 633 4003 bonae
659 3952 887 4021 arboris,
916 3958 1002 4014 hic
1025 3962 1149 4017 boni
1178 3965 1464 4026 thesaurus
1493 3975 1691 4043 cordis,
1716 3977 1834 4033 haec

237 4023 596 4090 fundamenta
619 4042 876 4111 sapientis
904 4051 1204 4121 architecti,
1236 4073 1356 4127 quae
1385 4063 1540 4119 nobis
1568 4066 1831 4125 hodierna

235 4121 414 4175 sancti
438 4122 717 4199 Evangelii
745 4131 904 4190 lectio
927 4121 1288 4200 commendat.
1325 4148 1444 4205 Non
1471 4168 1573 4210 nos
1595 4156 1829 4216 formam

233 4211 596 4285 solummodo,
641 4225 736 4279 sed
788 4228 1040 4287 virtutem
1088 4238 1267 4305 potius
1320 4242 1579 4303 debemus
1627 4211 1829 4309 habere

229 4302 478 4374 pietatis,
509 4314 654 4380 quod
675 4316 838 4373 etiam
861 4302 1106 4393 mystica
1119 4327 1330 4388 Veteris
1356 4334 1704 4397 lnstrumenti
1731 4360 1828 4400 no-

225 4393 316 4449 bis
369 4396 593 4456 historia
621 4405 905 4479 diligenter
945 4416 1210 4488 insinuat,
1241 4427 1456 4493 quando
1484 4432 1567 4486 vel
1615 4433 1826 4507 Moyses

228 4488 641 4550 tabernaculum
671 4501 867 4569 (Exod.
903 4509 1017 4579 XL),
1064 4514 1146 4568 vel
1175 4488 1431 4588 templum
1467 4488 1824 4585 DominoJS'a:

224 4577 410 4635 lomon
441 4583 495 4637 in
524 4596 726 4646 sanctae
755 4577 1010 4654 Ecclesiae
1037 4611 1218 4674 typum
1257 4577 1498 4669 condidit

220 4673 346 4744 vui)
380 4691 394 4727 :
421 4685 650 4749 utraque
681 4685 828 4740 enim
851 4688 1044 4748 domus
1065 4673 1302 4753 firmiter
1330 4700 1552 4760 fundata
1578 4722 1699 4764 esse
1727 4726 1817 4766 re-
1843 4691 1899 4751 D

219 4759 420 4830 fertur,
449 4775 506 4821 et
528 4773 711 4828 omnia
741 4775 1095 4838 instrumenta
1125 4802 1245 4856 quae
1269 4790 1343 4846 ibi
1374 4793 1610 4864 inerant,
1648 4800 1702 4856 id
1733 4813 1820 4860 est

219 4851 429 4921 lapides
465 4861 711 4930 pretiosi,
762 4881 828 4921 ex
858 4871 1055 4939 quibus
1101 4851 1361 4947 templum
1403 4895 1522 4939 erat
1567 4898 1813 4948 constru-

216 4953 402 5013 ctum;
438 4946 584 5020 ligna
627 4954 998 5030 imputribilia,
1029 4982 1060 5022 e
1087 4946 1284 5038 quibus
1309 4989 1468 5031 omne
1499 4980 1812 5040 tabernacu-

217 5037 328 5093 lum
359 5039 586 5111 factum,
617 5056 672 5102 et
699 5052 954 5121 templum
1000 5037 1145 5114 intus
1185 5079 1458 5132 ornatum,
1488 5091 1552 5126 ac
1581 5079 1810 5143 desuper

216 5139 423 5187 tectum
470 5136 737 5209 fulgebat;
781 5159 994 5213 aurum,
1023 5151 1090 5204 de
1134 5167 1240 5222 quo
1267 5164 1322 5210 et
1350 5158 1678 5217 tabernaculi
1710 5181 1806 5236 pa-

214 5223 386 5278 rietes
433 5227 581 5285 intus
627 5247 693 5288 ac
717 5232 851 5291 foris
886 5240 1091 5307 vestiti,
1139 5252 1194 5299 et
1235 5249 1418 5319 templi
1448 5268 1553 5307 non
1597 5223 1807 5314 tantum

212 5317 477 5384 parietes,
508 5335 694 5378 verum
714 5327 878 5382 etiam
903 5330 1195 5403 laquearia,
1221 5340 1422 5408 trabes,
1442 5345 1600 5410 ostia,
1625 5359 1808 5418 postes

213 5417 268 5463 et
286 5412 598 5480 pavimenta
619 5425 777 5472 erant
795 5432 1080 5490 cooperta;
1105 5429 1199 5482 sed
1220 5439 1276 5484 et
1297 5447 1427 5488 vasa
1447 5436 1530 5490 vel
1553 5442 1802 5498 utensilia

213 5501 406 5559 domus
426 5505 729 5578 utriusque,
758 5521 952 5568 cuncta
967 5531 1103 5585 pene
1123 5533 1286 5576 aurea
1312 5531 1367 5578 et
1388 5526 1454 5580 de
1476 5543 1607 5586 auro
1626 5534 1802 5601 puris-

211 5593 352 5650 simo
373 5595 521 5653 facta
553 5598 796 5670 fuerant;
826 5603 1032 5662 fructus
1052 5611 1217 5666 etiam
1239 5615 1495 5672 arborum
1516 5593 1684 5691 quiin
1707 5625 1802 5682 do-

211 5700 360 5741 mum
387 5687 604 5745 Domini
623 5691 1007 5765 offerebantur,
1033 5703 1306 5771 purissimi
1325 5717 1381 5762 et
1400 5713 1653 5781 exquisiti
1680 5730 1800 5774 esse

205 5777 553 5846 jubebantur,
596 5784 698 5841 hoc
723 5797 808 5843 est
835 5789 981 5856 vitis,
1011 5794 1186 5863 olim,
1219 5800 1414 5869 thuris,
1446 5777 1677 5877 myrrha:
1715 5814 1798 5869 vel

211 5872 418 5936 stactis,
445 5883 503 5928 et
537 5884 856 5936 caeterarum
886 5883 1217 5954 hujusmodi;
1252 5893 1364 5950 haec
1393 5872 1643 5957 videlicet
1664 5921 1794 5960 cuu-

537 5966 814 6035 Ρηιιοι..
861 5973 990 6042 CX.

1947 3421 2140 3478 tinent.
2170 3425 2510 3501 Quapropter
2539 3450 2778 3508 oremus,
2816 3444 3010 3505 fratres
3041 3453 3396 3531 dilectissimi,
3414 3421 3539 3521 ⁸(ξηι-

1945 3512 2095 3568 nium
2121 3517 2387 3575 bonorum
2417 3535 2694 3585 auctorem
2732 3542 2787 3589 et
2815 3538 3078 3612 datorem,
3118 3547 3286 3606 Deum
3316 3553 3538 3616 Patrem

1940 3609 2383 3681 omnipotentem,
2434 3628 2504 3675 ut'
2549 3640 2645 3680 nos
2690 3643 2789 3698 per
2815 3609 3072 3694 virtutem
3113 3651 3167 3697 et
3213 3649 3534 3718 sapientiam

1939 3711 2092 3754 suam
2122 3702 2345 3763 arbores
2381 3708 2551 3769 bonas
2577 3716 2789 3789 eﬂiciat,
2830 3734 2884 3780 et
2924 3731 2992 3785 ad
3027 3702 3310 3790 aedilicium
3339 3741 3532 3802 domus

1938 3805 2050 3845 suae
2089 3792 2408 3855 habitabiles
2447 3802 2632 3872 faciat,
2681 3817 2735 3862 et
2780 3827 2942 3882 super
2980 3818 3149 3888 ipsam
3179 3792 3410 3899 petram,
3463 3838 3532 3894 de

1935 3896 2042 3952 qua
2077 3884 2370 3958 Apostolus
2413 3895 2571 3950 dicit:
2626 3897 2790 3956 Petra
2831 3884 3013 3963 autem.
3043 3925 3154 3968 erat
3179 3884 3440 3981 IChristus
3472 3929 3529 4000 (Ι

1935 3973 2040 4000 Pu
2084 3977 2139 4000 Δ
2332 3983 2354 4000 ρ
2445 3986 2456 4000 ,
2771 3995 2803 4000 __

1935 3973 2056 4029 Cor.
2084 3977 2162 4050 ι),
2193 3997 2294 4038 nos
2330 3983 2554 4044 fundare
2596 4007 2661 4046 ac
2704 3995 2969 4056 collocare
3001 4004 3286 4077 dignetur:
3316 4026 3370 4071 et
3394 3973 3526 4076 con-

1933 4075 2016 4122 tra
2042 4070 2449 4133 inundationem
2474 4084 2680 4139 variam
2721 4094 3154 4156 persecutionum
3186 4104 3363 4163 alllatu
3404 4112 3525 4184 Spi-

1932 4157 2071 4215 ritus
2099 4164 2181 4218 sui
2209 4182 2309 4223 nos
2334 4179 2602 4243 protegat,
2655 4187 2708 4231 et
2742 4180 2937 4240 illaesos
2968 4189 3083 4245 sine
3120 4201 3329 4264 peccati
3362 4157 3521 4265 ruina

1930 4250 1985 4304 in
2022 4261 2284 4312 aeternum
2319 4265 2605 4331 custodiat,
2638 4279 2799 4340 atque
2825 4275 2893 4329 ad
2920 4250 3195 4340 cmlestem
3219 4287 3520 4355 Jerusalem

1927 4356 2027 4398 nos
2055 4346 2337 4415 coadunet,
2372 4368 2630 4428 suamque
2651 4361 3037 4427 habitationem
3064 4391 3356 4446 perennem
3389 4405 3518 4446 con-

1927 4444 2123 4502 secret,
2152 4439 2245 4508 qui
2273 4442 2408 4498 vivit
2450 4455 2504 4501 et
2543 4463 2733 4522 regnat
2758 4439 3087 4520 aeternaliter
3123 4485 3189 4526 ac
3229 4489 3514 4547 perpetua-

1927 4522 2046 4547 ηψ-
2089 4528 2136 4547 ,_
2175 4539 2191 4547 _
2230 4532 2241 4542 .
2287 4532 2321 4547 .,
2371 4544 2378 4547 _
2613 4543 2622 4547 -

1923 4522 2047 4580 liter
2089 4528 2144 4582 in
2174 4532 2416 4591 trinitate
2443 4547 2500 4593 et
2535 4543 2737 4601 unitate
2773 4551 3034 4624 perfecta,
3068 4560 3229 4632 Deus,

1924 4616 2017 4671 nia
2047 4622 2242 4678 saecula
2267 4628 2608 4687 saeculorum.
2639 4616 2827 4694 Amen.

2491 4774 2774 4838 HOMILIA
2824 4786 2934 4844 XL.

1917 4865 1972 4905 IN
2023 4870 2411 4920 ΔΝΝΠΕΒΒΔΒΙΔ
2465 4882 2822 4934 γεετινιτλτε
2869 4899 3242 4951 ΒΕΒΙΟΔΤῘΟΝΙΒ
3288 4914 3502 4960 TEMPLI.

2349 4978 2716 5055 (Evangelium
2745 4992 2968 5052 Joannis
2996 4999 3076 5072 Χ.)

1983 5081 2065 5138 Ex
2105 5091 2428 5148 auctoritate
2466 5095 2710 5155 lectionis
2753 5114 3092 5177 evangelicae,
3133 5112 3333 5177 fratres
3376 5127 3502 5184 cha-

2890 5163 2919 5173 ν
3034 5163 3091 5177 ίίι
3133 5163 3333 5177 -·“·“·ν⁵¹
3376 5163 3500 5184 “ua-

1912 5163 2136 5235 rissimi,
2161 5172 2450 5233 edocemur
2470 5181 2628 5252 hujus
2658 5187 2779 5246 festi
2808 5193 3007 5253 habere
3028 5217 3500 5276 commemoratio-

1910 5273 2055 5327 nem,
2089 5263 2178 5318 ubi
2207 5265 2404 5340 legitur
2425 5278 2565 5343 quod
2593 5278 2732 5337 facta
2762 5287 2870 5341 sint
2892 5289 3279 5371 Hierosolymis
3303 5307 3494 5369 Eucae-

1907 5351 2020 5418 nia,
2053 5364 2108 5410 et
2136 5356 2293 5418 Jesus
2338 5374 2752 5436 praesentialiter
2780 5397 2846 5435 eo
2879 5351 3240 5459 temporedibi
3281 5403 3496 5462 adesset

1907 5443 2089 5515 (Joan.
2115 5450 2192 5523 ι).
2220 5455 2471 5516 Encaania
2495 5475 2673 5522 autem
2698 5473 3034 5534 vocabantur
3058 5485 3319 5544 solemnia
3345 5494 3492 5550 dedi-

1904 5540 2130 5598 cationis
2153 5551 2357 5618 templi,
2383 5570 2502 5624 quae
2529 5561 2756 5629 populus
2779 5565 2897 5635 Dei,
2928 5586 2997 5627 ex
3025 5579 3247 5650 antiqua
3269 5595 3488 5655 patrum

1904 5630 2150 5655 ιπηιλειειιμ
2169 5652 2184 5655 -
2619 5651 2629 5655 ⁸

1902 5630 2209 5704 traditione,
2243 5655 2342 5708 per
2375 5659 2543 5702 annos
2587 5651 2824 5725 singulos
2867 5630 3174 5724 celebrarej
3186 5630 3485 5736 corisueve-

1901 5731 1987 5779 rat
2016 5744 2029 5780 :
2062 5743 2292 5798 quorum
2341 5741 2565 5812 vestigia
2593 5761 2691 5801 nos
2731 5749 2890 5808 hodie
2916 5753 3068 5824 juxta
3095 5778 3299 5821 morem
3328 5770 3484 5827 Chri~

1899 5814 2060 5870 stiani
2090 5819 2239 5877 orbis
2266 5839 2572 5898 sequentes,
2600 5850 2832 5896 annuam
2861 5845 3213 5908 dedicationis
3241 5859 3483 5916 ecclesia:

1899 5916 2096 5965 nostrae
2139 5912 2279 5970 diem
2321 5919 2516 5977 divinis
2543 5924 2788 5987 laudibus
2835 5943 2889 5989 et
2934 5939 3130 6010 vigiliis
3176 5947 3479 6008 studuimus

2961 6033 2999 6092 3
