4036 6370
459 422 524 477 ’75

1112 411 1171 469 Β.
1216 407 1473 466 RABANI
1510 404 1737 467 MAURI
1774 399 2065 465 ARCHIEP

2173 400 2455 469 [OGUNT.
2496 398 2785 467 OPERUM
2800 444 2807 447 .
2824 397 3004 455 PARS
3038 395 3103 454 II.

3689 394 3762 455 76

457 547 618 606 agere
653 529 948 587 solemnem
976 547 990 580 :
1018 533 1076 583 et
1102 526 1244 580 hanc
1274 525 1437 582 nobis
1464 512 1814 585 festivitatem
1845 535 1911 583 eo
1938 533 2053 574 ma-
2078 518 2134 595 Α
2157 533 2217 575 se
2257 517 2628 589 unusquisque
2677 514 2892 573 invidiae
2929 514 3015 577 vel
3056 512 3168 573 odii
3200 523 3410 573 veneno
3436 524 3762 583 percussus,

450 604 574 700 jure
603 623 888 683 devotione
927 614 1203 677 celebrare
1233 620 1467 690 Oportet,
1497 630 1604 699 quo
1630 615 1793 672 etiam
1816 613 2054 672 Redem-
2086 604 2087 607 “

454 718 601 792 ptori
647 722 835 774 nostro
870 713 1239 793 gratissimum
1294 722 1413 768 esse
1461 709 1852 787 cognovimus;
1921 704 2056 763 adeo

456 821 517 869 ut
542 812 600 868 in
622 808 716 869 illa
754 796 1166 882 ipse'teniplum
1198 796 1406 878 ingredi
1420 804 1492 875 ‘et
1530 818 1836 862 sermonem
1876 796 2058 863 facere

457 905 525 963 ad
550 896 830 979 populum,
876 910 939 959 ac
987 894 1284 957 divinitatis
1315 914 1426 955 sua:
1451 906 1792 955 sacramenta
1817 893 2058 967 pandere

394 1054 409 1069 η
458 998 708 1074 dignatus
735 999 825 1054 sit.
857 992 1027 1051 Facta
1055 998 1197 1060 sunt,
1228 990 1423 1062 inquit,
1449 989 1703 1049 Encwnia
1728 986 1783 1045 in
1809 984 2058 1041 Hieroso-

455 1094 634 1165 lymis,
661 1100 710 1147 et
736 1090 900 1145 hiems
926 1090 1062 1154 eral,
1088 1096 1137 1142 et
1176 1085 1479 1141 ambulabat
1506 1085 1663 1141 Iesus
1695 1084 1751 1139 in
1773 1078 1961 1154 templo
2002 1079 2058 1141 in

456 1186 662 1257 porticu
705 1180 1022 1238 Salomonis.
1062 1178 1121 1235 Si
1160 1193 1290 1252 ergo
1320 1178 1490 1234 voluit
1516 1174 1796 1237 ambulare
1829 1175 1884 1229 in
1921 1181 2056 1229 tem-

455 1276 564 1349 plo,
588 1277 643 1331 in
668 1290 777 1347 quo
802 1284 931 1330 caro
954 1279 1010 1328 et
1032 1258 1251 1344 sanguis
1280 1271 1563 1327 brutorum
1588 1266 1902 1327 animalium
1925 1258 2059 1321 oﬂ‘e-

457 1368 698 1435 rebatur,
727 1362 898 1423 multo
929 1366 1102 1438 magis
1137 1372 1383 1428 nostram
1406 1360 1671 1439 orationis
1702 1363 1943 1427 domum,
1965 1352 2059 1415 ubi

405 1445 423 1461 κ
456 1458 637 1519 carnis
673 1460 843 1533 ipsius
883 1475 946 1516 ac
990 1452 1266 1531 sanguinis
1298 1464 1638 1521 sacramenta
1688 1451 2058 1533 celebrantur,

400 1602 405 1609 .
454 1555 679 1612 visitare
694 1531 980 1627 ﬁgaudebit.
1012 1550 1068 1607 Si
1092 1546 1476 1623 perambulare
1492 1564 1599 1606 non
1625 1531 1871 1616 despexit
1893 1541 2060 1615 porti-

456 1666 605 1718 cum,
620 1649 674 1706 in
696 1664 804 1721 qua
828 1664 925 1705 rex
944 1642 1216 1719 quondam
1239 1643 1485 1702 mortalis
1510 1659 1573 1698 ac
1590 1651 1859 1707 terrenus,
1875 1652 2061 1710 quani-

454 1744 535 1799 vis
555 1741 985 1815 potentissimus,
1005 1756 1068 1795 ac
1089 1730 1523 1811 sapientissimus
1545 1737 1615 1792 ad
1634 1734 1897 1792 orandum
1915 1740 2060 1789 stare

454 1835 681 1901 solebat,
715 1840 919 1906 quanto
945 1832 1119 1904 magis
1145 1829 1446 1903 penetralia
1475 1828 1722 1895 cordium
1747 1833 2059 1885 nostrorum

2160 608 2453 669 iracundia:
2484 625 2691 667 veneno
2732 608 2990 681 repletus,
3021 605 3264 669 avaritia:
3283 603 3490 675 iaculis
3503 604 3767 665 vulnera-

2163 719 2268 778 tus,
2301 706 2632 767 curiositatis
2665 706 2796 763 vitio
2827 702 3085 776 pollutus,
3131 701 3358 763 luxuriie
3385 701 3638 765 sordibus
3668 701 3764 759 in-

2157 800 2434 883 quinatus,
2477 818 2600 859 cum
2640 800 2942 865 reverentia
2969 806 3027 861 et
3059 796 3367 859 humilitate
3409 796 3767 865 subtraham,

2158 912 2227 961 ne
2286 904 2507 969 propter
2574 892 3051 967 prmsumptionem
3105 906 3171 949 ac
3236 890 3602 963 pertinaciam
3624 926 3643 959 ,
3694 890 3769 946 ab

2158 996 2361 1055 aeterno
2401 987 2498 1044 Dei
2543 986 2790 1049 convivio
2828 992 2883 1043 et
2918 992 3235 1045 sanctorum
3263 984 3538 1041 consortio
3562 997 3766 1055 seque-

2158 1090 2389 1151 stratus,
2424 1081 2606 1151 ligatis
2635 1079 2884 1141 manibus
2907 1086 2963 1139 et
3003 1077 3231 1151 pedibus
3269 1076 3327 1134 in
3347 1086 3613 1141 etei-num
3632 1089 3768 1149 pro-

2154 1168 2379 1244 iiciatur
2412 1173 2765 1235 incendium:
2792 1172 2888 1229 sed
2915 1170 3092 1242 magis
3127 1170 3344 1227 studeat
3368 1178 3431 1225 ut
3456 1185 3556 1240 per
3585 1171 3769 1241 paeni—

2160 1268 2389 1325 tentiam
2416 1278 2472 1325 et
2498 1267 2895 1338 eleemosyuas,
2920 1279 3018 1337 per
3045 1278 3237 1336 pacem
3259 1272 3317 1325 et
3344 1264 3767 1332 continentiam,

2161 1361 2376 1425 sobrius
2402 1370 2458 1419 et
2477 1362 2715 1419 mundus
2740 1359 2939 1428 iactus.
2963 1358 3056 1416 hic
3078 1357 3403 1417 iiduciaiim
3422 1357 3491 1414 ad
3514 1371 3770 1413 mensam

2162 1453 2376 1511 Domini
2412 1454 2674 1511 accedere
2705 1453 2893 1526 possit,
2934 1459 2989 1513 et
3030 1452 3085 1511 in
3116 1450 3303 1509 futuro
3333 1450 3407 1507 ad
3446 1446 3771 1508 sanctorum

2162 1547 2483 1619 angelorum
2512 1554 2570 1605 et
2592 1546 2984 1620 apostolorum,
3027 1546 3415 1619 prophetarum
3459 1554 3518 1602 et
3552 1554 3769 1617 marty-

2163 1657 2306 1710 rum,
2328 1650 2386 1701 et
2409 1649 2736 1704 emtoremm
2752 1639 3033 1710 iustorum
3054 1639 3395 1705 societatem,
3425 1638 3772 1696 minuendus

2162 1734 2452 1807 pervenire
2483 1752 2498 1795 ξ
2532 1736 2678 1805 quod
2718 1734 2880 1791 nobis
2916 1749 3017 1790 sua
3057 1733 3233 1805 gratia
3272 1736 3535 1805 praetore
3568 1732 3769 1804 digne-

2165 1833 2255 1881 tur
2293 1824 2625 1896 Redemptor
2663 1832 2721 1882 et
2768 1824 3018 1883 Salvator
3053 1833 3242 1882 noster
3287 1823 3450 1881 tiosos
3492 1823 3768 1890 Christus,

452 1928 690 1984 invisere
715 1934 877 1999 atque
896 1924 1168 1981 illustrare
1191 1924 1463 1980 desiderat
1487 1940 1499 1953 ·
1525 1922 1571 1978 si
1596 1930 1777 1983 tamen
1800 1934 1865 1977 ea
1892 1916 2063 1995 porti-
2089 1916 2140 1983 Β
2168 1918 2411 1990 quicum
2437 1917 2601 1976 Patre
2623 1925 2681 1977 et
2706 1918 2919 1991 Spiritu
2945 1928 3135 1977 sancte
3161 1919 3296 1975 vivit
3321 1925 3381 1977 et
3407 1926 3599 1993 regnat
3625 1918 3774 1976 Deus

454 2037 578 2078 cum
613 2034 734 2077 esse
769 2016 1100 2085 Salomonis,
1131 2017 1233 2072 hoc
1269 2025 1374 2083 est,
1404 2010 1451 2072 si
1489 2030 1553 2071 ea
1589 2014 1841 2073 timorem
1868 2024 2051 2076 suum,

453 2112 599 2186 quod
615 2122 700 2169 est
714 2112 926 2168 initium
948 2110 1244 2185 sapientiai,
1262 2107 1461 2165 habere
1481 2106 1853 2180 perspexerit:
1879 2118 2055 2175 neque

453 2207 597 2264 enim
628 2205 927 2277 putandum
974 2212 1060 2259 est
1100 2202 1226 2275 quia
1257 2202 1450 2265 domus
1480 2199 1820 2261 solummodo
1861 2197 1917 2259 in
1947 2209 2057 2268 qua

452 2301 520 2356 ad
545 2299 813 2357 orandum
832 2296 917 2353 vel
946 2298 1015 2352 ad
1044 2294 1303 2368 mysteria
1329 2294 1654 2350 celebranda
1675 2290 2055 2355 convenimus,

351 2411 355 2415 ·
453 2390 710 2461 templum
760 2386 833 2444 sit
876 2387 1124 2454 Domini;
1169 2395 1225 2441 et
1262 2402 1371 2443 non
1418 2386 1543 2459 ipsi,
1594 2385 1689 2457 qui
1734 2385 1791 2447 in
1834 2381 2059 2443 nomine

452 2482 668 2539 Domini
713 2480 1089 2553 convenimus,
1141 2478 1311 2533 multo
1355 2478 1586 2549 amplius
1632 2475 1894 2548 templum
1938 2474 2058 2543 ejus

453 2576 789 2649 appellemur
809 2584 866 2630 et
888 2574 1087 2640 simus;
1114 2589 1237 2629 cum
1259 2571 1548 2629 manifeste
1567 2572 1710 2627 dicat
1731 2569 2052 2642 Apostolus:

464 2666 568 2725 Vos
588 2669 711 2724 estis
733 2665 983 2740 templum
1010 2665 1106 2720 Dei
1132 2666 1226 2720 vivi
1253 2663 1305 2737 (Ι
1327 2664 1450 2720 Cor.
1478 2664 1559 2736 ιιι)
1580 2682 1594 2731 ;
1618 2665 1758 2720 sicut
1783 2663 1919 2721 dicit
1947 2662 2057 2721 Do-

453 2762 672 2817 minus:
712 2755 1028 2812 Inhabilabo
1060 2757 1114 2810 in
1139 2756 1214 2810 eis
1237 2765 1285 2810 et
1330 2758 1467 2810 inter
1500 2753 1619 2810 illos
1659 2751 1940 2809 ambulabo
1970 2749 2051 2823 (11

455 2853 578 2909 Cor.
609 2851 706 2923 v1).
749 2850 809 2906 Si
847 2865 978 2922 ergo
1014 2848 1274 2919 templum
1317 2848 1413 2903 Dei
1451 2863 1658 2914 sumus,
1696 2859 1949 2903 curemus
1977 2857 2061 2899 so-

452 2944 640 3009 lerter,
666 2951 723 2997 et
748 2941 907 2997 bouis
937 2948 1248 3012 satagamus
1276 2939 1514 3007 actibus,
1554 2948 1614 2995 ut
1649 2939 1707 2997 in
1727 2940 1917 2995 eodem
1959 2950 2061 2992 suo

453 3035 656 3107 templo
702 3033 899 3106 saepius
929 3032 1045 3104 ipse
1079 3042 1134 3089 et
1181 3033 1369 3088 venire
1412 3041 1468 3088 et
1511 3032 1853 3093 mansionem
1879 3030 2063 3084 facere

454 3126 729 3198 dignetur.
762 3126 1068 3181 Caveamus
1098 3125 1295 3183 hiemis
1319 3124 1649 3195 exemplum,
1699 3139 1771 3179 ne
1808 3122 2064 3178 videlicet

454 3222 617 3281 corda
649 3229 837 3277 nostra
864 3216 1126 3274 Dominus
1157 3219 1453 3277 adveniens
1489 3233 1521 3273 a
1551 3215 1837 3277 charitatis
1864 3214 2065 3269 ardore

455 3304 728 3382 torpentia
756 3310 1013 3381 reperiat,
1064 3312 1206 3363 sicut
1246 3308 1561 3371 Iudaeorum
1589 3318 1812 3378 pectora
1835 3305 2067 3376 perﬁdia
2091 3294 2143 3367 C

457 3402 654 3457 durata
706 3394 935 3465 invenit,
982 3398 1213 3469 ideoque
1253 3414 1319 3459 ea
1360 3399 1522 3454 citius
1571 3407 1856 3455 aversatus
1901 3397 2085 3463 relin-.

457 3500 620 3563 quat;
650 3491 760 3557 imo
788 3491 964 3563 magis
991 3499 1254 3562 quantum
1282 3506 1597 3565 possumus,
1617 3507 1741 3548 cum
1770 3492 1939 3563 ipsius
1971 3492 2068 3551 ad-

451 3584 655 3656 jutorio
695 3578 1027 3650 laboremus,
1083 3600 1152 3640 ne
1193 3584 1336 3645 Deus
1390 3592 1576 3642 noster
1617 3587 1671 3640 in
1705 3585 1907 3656 templo
1943 3601 2067 3651 suo,

458 3677 565 3730 hoc
592 3680 675 3727 est
706 3668 760 3731 in
788 3676 966 3741 nobis,
996 3675 1235 3731 inveniat
1262 3677 1409 3747 quod
1449 3676 1637 3735 oculos
1676 3692 1791 3735 suae
1815 3676 2068 3744 maiesta-

458 3768 531 3823 tis
557 3758 829 3822 oil‘endat:
858 3763 951 3819 sed
984 3762 1354 3821 habitaculum
1397 3770 1581 3824 cordis
1622 3770 1793 3825 nostri
1838 3785 2070 3826 evacue-

463 3869 549 3915 tur
602 3856 771 3924 vitiis,
822 3865 877 3911 et
929 3856 1222 3912 virtutibus
1269 3857 1578 3928 repleatur;
1620 3860 1904 3917 claudatur
1953 3862 2067 3918 dia-

459 3952 606 4018 bolo,
632 3959 689 4006 et
715 3950 994 4029 aperiatur
1021 3950 1240 4005 Christo
1268 3968 1282 4005 :
1314 3959 1370 4007 et
1414 3952 1491 4009 ita
1536 3952 1845 4009 laboremus
1875 3962 1937 4009 nt
1964 3968 2063 4008 no-

459 4047 546 4103 bis
578 4047 845 4105 bonorum
871 4061 1096 4117 operum
1129 4046 1369 4103 clavibus
1395 4046 1617 4117 ianuam
1646 4051 1800 4121 regni
1827 4051 2073 4109 ccclesiis

461 4141 677 4210 aperire
706 4134 998 4211 possimus.
1031 4138 1185 4195 Sicut
1212 4140 1360 4195 enim
1404 4141 1560 4197 malis
1605 4142 1881 4213 operibus,
1910 4142 2071 4211 quasi

462 4236 784 4305 quibusdam
814 4234 952 4290 seris
991 4250 1056 4289 ac
1084 4235 1350 4300 vectibus,
1384 4236 1509 4290 vita:
1546 4235 1887 4303 nobisjauua
1917 4237 2069 4291 elau-

463 4331 632 4396 ditur,
661 4324 759 4394 ita,
787 4330 993 4401 absque
1028 4328 1213 4397 dubio,
1242 4330 1400 4385 bonis
1424 4331 1682 4400 operibus
1709 4332 1973 4402 aperitur.
2000 4331 2071 4385 Et

462 4422 607 4487 ideo,
632 4412 829 4477 fratres
856 4420 1187 4485 charissimi,
1213 4421 1585 4492 unusquisque
1605 4422 1913 4478 consideret
1938 4436 2073 4476 cou—

464 4514 750 4568 scientiam
792 4528 968 4581 suam,
994 4522 1049 4568 et
1067 4514 1280 4584 quando
1316 4529 1379 4569 se
1403 4514 1587 4584 aliquo
1615 4514 1847 4573 crimine
1876 4514 2069 4587 vulne-

464 4616 643 4661 ratum
671 4622 790 4663 esse
820 4608 1156 4677 cognoverit,
1185 4609 1337 4679 prius
1367 4606 1965 4678 orationibus,ka
1984 4606 2072 4661 vel

462 4698 823 4770 tleemosynis
846 4699 1059 4754 studeat
1093 4701 1353 4754 mundare
1383 4700 1772 4755 conscientiam
1802 4714 1974 4763 suam,
2011 4706 2072 4753 et;

406 4834 409 4841 .
463 4793 544 4847 sic
576 4791 963 4848 eucharistiam
992 4801 1286 4861 praesumat
1318 4794 1565 4864 accipere
1599 4812 1610 4847 :
1648 4793 1690 4847 si
1724 4793 1867 4848 enim
1902 4808 2071 4865 agno-

403 4877 422 4896 ”
468 4901 627 4940 secus
654 4894 865 4939 reatum
886 4900 1063 4950 suurn,
1096 4886 1208 4956 ipse
1237 4901 1267 4939 τι
1293 4885 1476 4939 divino
1517 4884 1673 4937 altari
1706 4900 1760 4938 se
1792 4882 2067 4939 subduxe—

393 4968 403 4980 ’
464 4979 553 5041 rit,
600 4977 707 5031 cito
760 4978 826 5032 ad
870 4977 1257 5047 indulgentiam
1288 4977 1481 5031 divinae
1529 4976 1914 5031 misericordiae
1946 4992 2069 5045 per-

462 5066 666 5130 veniet,
699 5069 826 5136 quia
855 5070 998 5119 sicut
1022 5070 1113 5133 qui
1148 5085 1201 5123 se
1240 5067 1435 5123 exultat
1474 5068 1879 5133 lmmiliuliimr,
1922 5069 2001 5123 ita
2037 5084 2070 5123 e

466 5156 760 5222 contrario,
786 5154 877 5229 qui
903 5173 956 5209 se
983 5154 1224 5221 humiliat
1259 5153 1578 5213 exaltabitur
1609 5152 1762 5225 (Luc.
1800 5152 1935 5224 xiv).
1962 5154 2073 5220 Qui

468 5252 640 5319 enim,
689 5249 831 5309 sicut
876 5249 1006 5315 dixi,
1050 5263 1353 5321 agnoscens
1394 5256 1609 5313 ream
1636 5263 1821 5313 suum,
1851 5249 1965 5318 ipse
2008 5264 2073 5305 se

450 5343 747 5401 humiliter
794 5343 863 5400 ab
907 5341 1065 5399 altari
1107 5340 1348 5399 ecclesia:
1391 5356 1490 5410 pro
1534 5340 1911 5399 emendatione
1940 5343 2069 5398 vitae

468 5453 752 5495 removere
776 5436 1022 5499 voluerit,
1055 5436 1122 5491 ab
1150 5443 1352 5497 aeterno
1381 5436 1471 5492 illo
1497 5442 1553 5489 et
1581 5436 1796 5493 caelesti
1818 5436 2073 5494 convivio

467 5528 933 5587 excommunicari
976 5527 1191 5598 penitus
1221 5545 1329 5591 non
1355 5529 1582 5589 timebit.
1614 5530 1766 5601 Rogo
1792 5545 1909 5596 vos,
1956 5530 2067 5584 fu-

467 5632 603 5688 tres,
638 5617 926 5693 diligenter
970 5621 1230 5681 attendite
1264 5640 1277 5677 :
1310 5624 1361 5679 si
1387 5624 1454 5679 ad
1489 5640 1735 5683 mensam
1776 5624 2068 5692 cuiusce-r-

469 5731 574 5787 que
608 5714 844 5786 potentis
873 5714 1113 5775 hominis
1130 5730 1293 5775 nemo
1328 5718 1607 5788 praesumit
1653 5733 1781 5774 eum
1823 5718 2069 5777 vestwns‘

468 5806 760 5863 conscissis
801 5815 858 5863 et
908 5808 1204 5880 inquitsatis
1248 5811 1527 5877 accedere,
1573 5819 1779 5882 quanto
1817 5811 1992 5883 magis
2032 5825 2067 5867 δ
2119 5811 2126 5839 ³

2161 2025 2261 2085 per
2290 2010 2473 2068 omnia
2495 2010 2696 2071 mulo
2723 2011 3071 2071 siliculorum.
3097 2011 3293 2068 Amen.

2731 2114 3017 2185 HOMlLlA
3057 2116 3193 2183 XLI.

2647 2224 2701 2267 1N
2740 2222 3014 2271 υθιιωιοιι
3052 2218 3264 2267 Militia.

2235 2300 2527 2359 Sciendum
2579 2308 2684 2368 est,
2732 2300 2933 2357 Mirus
2984 2299 3323 2366 charisslml,
3373 2298 3519 2371 quod
3567 2299 3691 2356 ideo
3741 2315 3774 2354 a

2166 2392 2371 2450 sanctis
2405 2391 2661 2449 Patribus
2697 2392 2900 2448 nostris
2943 2393 3299 2449 constitutum
3336 2392 3418 2446 est
3444 2384 3774 2447 Christianis

2165 2498 2223 2546 et
2262 2490 2576 2547 mandatum
2619 2499 2680 2544 ut
2729 2488 2784 2544 in
2824 2489 3260 2546 solemnitatibus
3305 2494 3660 2557 sanctarum,
3719 2492 3778 2545 et

2166 2580 2402 2639 maxime
2437 2582 2493 2636 in
2539 2579 2839 2636 Dominicis
2874 2579 3084 2648 diebus,
3128 2581 3301 2637 otium
3345 2581 3610 2636 haberent
3648 2587 3706 2637 et
3743 2590 3778 2637 a

2168 2682 2389 2731 terreno
2414 2674 2633 2745 negotio
2658 2684 2937 2743 vacarent,
2967 2679 3030 2730 ut
3061 2675 3366 2747 paratiores
3392 2684 3448 2732 et
3474 2675 3779 2747 promptio-

2168 2782 2261 2824 res
2293 2777 2479 2824 essent
2520 2770 2591 2823 ad
2633 2768 2877 2824 divinum
2918 2769 3142 2835 cultum,
3194 2781 3319 2825 eum
3356 2782 3464 2824 non
3510 2767 3784 2823 baberent

2169 2859 2302 2931 quid
2324 2874 2419 2915 eos
2440 2859 2563 2915 inde
2582 2857 2821 2919 tardaret
2838 2859 3264 2927 incommodum,
3295 2856 3783 2930 reiinquerentqne

2170 2970 2237 3013 eo
2285 2963 2530 3027 tempore
2580 2963 2851 3012 terrenam
2904 2955 3358 3019 sollicitudinem,
3406 2964 3513 3027 quo
3562 2946 3783 3010 facilius

2170 3056 2393 3119 possem
2414 3047 2509 3103 Del
2530 3047 2815 3103 intendere
2834 3046 3190 3103 voluntatem.
3214 3044 3345 3102 inde
3372 3045 3486 3116 lpSe
3516 3044 3784 3098 Dominus

2169 3154 2271 3209 per
2297 3138 2623 3209 Prophetam
2650 3138 2823 3195 dicit:
2856 3138 3057 3193 Verere
3098 3148 3147 3193 et
3186 3137 3354 3192 videte
3393 3135 3644 3207 quoniam
3684 3144 3788 3205 ego

2171 3246 2295 3288 sunt
2331 3230 2475 3284 Dm
2512 3227 2687 3301 (Paul.
2718 3230 2867 3301 xcv).
2909 3230 2980 3283 At
3027 3228 3086 3284 lii
3122 3228 3235 3298 qui,
3270 3226 3500 3283 diversis
3539 3220 3687 3283 curis
3714 3238 3788 3283 a3

2171 3322 2411 3394 negotiis
2449 3321 2727 3393 implicati,
2758 3322 2901 3377 hanc
2928 3321 3255 3377 sententiam
3292 3318 3389 3376 Dei
3419 3316 3701 3392 spernunt,
3726 3322 3787 3374 et

2171 3415 2371 3472 (lirium
2413 3413 2854 3484 contemplationi
2904 3422 3105 3469 vacare
3157 3411 3369 3477 nolunt,
3408 3411 3577 3467 timeo
3612 3420 3685 3465 ne
3724 3409 3787 3465 in

2171 3510 2355 3566 futuro
2375 3508 2603 3579 judicio,
2627 3509 2736 3564 illis
2754 3508 2981 3577 ianuam
3001 3507 3215 3565 Domini
3239 3505 3585 3579 pulsantibus
3612 3508 3785 3575 atque

2173 3602 2391 3673 aperire
2428 3600 2781 3672 poscentibus
2816 3598 3031 3672 (ﬂuuit.
3074 3597 3224 3669 xxv),
3259 3597 3522 3653 Dominus
3559 3608 3793 3668 respom

2174 3699 2338 3753 deat:
2371 3697 2539 3751 Amen
2579 3697 2699 3750 dine
2743 3694 2909 3759 vobis,
2960 3694 3135 3748 nescio
3174 3706 3261 3747 vos
3287 3706 3305 3743 :
3337 3688 3587 3746 discedite
3625 3702 3656 3745 ιι
3680 3704 3786 3758 me,

2174 3804 2353 3844 omnes
2381 3791 2473 3859 qui
2495 3787 2784 3858 operamini
2812 3786 3141 3857 iniquitatem
3179 3782 3396 3856 (Matth.
3425 3783 3565 3854 vn);
3594 3791 3649 3839 et
3692 3779 3795 3857 qui

2174 3881 2339 3936 modo
2362 3880 2532 3935 Deum
2555 3890 2799 3949 quazrere
2820 3878 3116 3951 negligant,
3144 3878 3212 3933 ab
3234 3877 3351 3947 ipso
3375 3884 3504 3932 tunc
3527 3886 3795 3947 respuan-

2174 3985 2287 4031 tur.
2325 3974 2552 4041 ldciree,
2596 3973 2795 4028 fratres
2839 3972 2970 4038 mel,
3025 3986 3134 4025 non
3181 3971 3250 4026 sit
3292 3968 3446 4025 vobis
3490 3967 3793 4025 molestum

2177 4070 2237 4126 in
2260 4068 2561 4125 Dominicis
2589 4067 2781 4123 diebus
2801 4067 2933 4122 etin
2965 4064 3227 4120 natalitiis
3252 4070 3568 4119 sanctorum
3600 4060 3793 4117 divino

2179 4159 2403 4215 studere
2428 4158 2619 4213 cultui.
2649 4157 2988 4211 Dominlt‘tim
3013 4164 3143 4226 ergo
3167 4154 3307 4221 dicm
3331 4147 3559 4225 apostoli
3586 4152 3643 4206 et
3660 4166 3795 4224 apo-

2177 4250 2358 4305 stolici
2408 4250 2511 4303 viri
2566 4250 2689 4303 ideo
2750 4247 3001 4319 religiosa
3065 4245 3408 4302 solemnitate
3469 4243 3791 4300 habendum

2177 4350 2501 4408 sanxerunt,
2534 4342 2660 4413 quia
2686 4343 2741 4397 in
2770 4342 2958 4398 eodem
2991 4338 3322 4411 Redemptor
3351 4346 3534 4397 noster
3565 4355 3595 4393 a
3642 4356 3794 4395 mor-

2180 4436 2289 4490 tuls
2335 4434 2675 4490 resurrexit:
2708 4434 2909 4504 unique
2958 4433 3078 4489 ideo
3112 4430 3429 4489 Dominicus
3463 4429 3797 4502 appellatur,

2178 4538 2240 4584 ut
2263 4529 2315 4583 in
2334 4543 2403 4583 eo
2426 4542 2460 4583 a
2482 4528 2715 4583 terrenis
2742 4527 2997 4596 operibus
3024 4525 3113 4580 vel
3136 4507 3329 4579 mundi
3360 4520 3632 4577 illecebris
3667 4520 3792 4575 alis-

2184 4622 2440 4685 tinentes,
2489 4629 2698 4674 tantum
2742 4619 2941 4674 divinis
2988 4616 3220 4673 cultibus
3286 4613 3613 4679 serviamus,
3658 4612 3798 4667 dan-

2184 4723 2267 4768 tes
2290 4712 2496 4767 scilicet
2530 4712 2634 4765 diei
2658 4710 2787 4765 huic
2815 4712 3077 4765 honorem
3102 4714 3157 4765 et
3182 4706 3541 4763 reverentiam
3564 4712 3798 4777 preplrr

2186 4820 2338 4876 spem
2387 4804 2803 4860 resurrectionis
2851 4810 3047 4859 nostra:
3082 4816 3242 4871 quam
3280 4798 3544 4856 habemus
3586 4799 3640 4853 in
3682 4796 3793 4853 illa.

2186 4897 2322 4951 Nam
2364 4898 2503 4953 sicut
2532 4897 2646 4966 ipse
2694 4894 2951 4949 Dominus
2990 4893 3150 4949 Jcsus
3179 4893 3430 4949 Christus
3459 4900 3513 4946 et
3542 4888 3800 4943 Salvator
3840 4928 3849 4934 ρ

2184 4998 2373 5045 noster
2404 4992 2562 5044 tertia
2591 4989 2678 5043 die
2723 4987 3021 5043 resurrexit
3051 4998 3079 5041 a
3119 4985 3368 5049 mortuis,
3400 4982 3477 5037 ita
3508 4984 3562 5036 et
3586 4998 3686 5037 nos
3712 4999 3801 5037 re.-

2185 5091 2534 5138 suriwturoo
2557 5081 2610 5128 in
2638 5079 2935 5128 novissimo
2967 5073 3052 5129 die
3093 5086 3398 5144 speramus.
3425 5075 3670 5147 Apparet
3700 5093 3799 5130 au-

2185 5176 2299 5223 tem
2321 5167 2464 5221 diem
2492 5166 2659 5221 etiam
2679 5167 2733 5220 in
2757 5164 3055 5237 Scripturis
3078 5168 3280 5225 sanctis
3300 5185 3420 5225 esse
3446 5164 3750 5227 solemnem
3778 5188 3793 5225 :

2182 5259 2303 5331 ipse
2339 5265 2424 5313 est
2468 5258 2615 5312 enim
2654 5256 2771 5313 dies
2810 5258 3018 5329 primus
3041 5258 3244 5328 smculi,
3291 5261 3344 5316 in
3395 5263 3512 5334 ipso
3555 5256 3793 5317 formata

2190 5359 2319 5406 sunt
2345 5351 2615 5406 elementa
2656 5350 2868 5419 mundi,
2899 5351 2953 5406 in
2996 5351 3112 5422 ipso
3146 5354 3315 5408 creati
3352 5358 3480 5407 sunt
3507 5344 3707 5424 angeli,
3739 5354 3793 5410 in

2184 5445 2305 5514 ipSO
2330 5452 2549 5512 quoque
2590 5456 2623 5495 a
2667 5444 2897 5497 mortuis
2935 5440 3235 5497 resurrexit
3263 5438 3534 5511 Christus,
3580 5443 3633 5499 in
3674 5444 3797 5518 ipso

2181 5539 2253 5592 de
2286 5535 2437 5590 caelis
2468 5534 2705 5604 Spiritus
2732 5538 2956 5590 sanctus
2998 5546 3159 5605 super
3185 5534 3458 5606 apostolos
3485 5534 3793 5610 descendit,

2187 5640 2385 5684 manna
2417 5628 2470 5681 in
2500 5628 2691 5683 eodem
2718 5626 2807 5683 die
2835 5628 2887 5681 in
2922 5638 3107 5684 eremo
3142 5629 3317 5700 primo
3346 5631 3412 5687 de
3438 5628 3579 5688 coelo
3601 5629 3793 5691 datum

2182 5726 2288 5778 est.
2320 5720 2415 5777 His
2444 5721 2589 5777 enim
2610 5712 2895 5791 speciebus
2922 5720 3225 5777 actualibns
3249 5712 3435 5799 [Forte
3460 5720 3791 5795 specialibus

2182 5813 2397 5869 actibus
2426 5812 2503 5886 et]
2540 5812 2754 5868 indiciis
2780 5811 3059 5869 Dominica
3092 5814 3207 5870 dies
3235 5821 3416 5870 exstat
3440 5815 3693 5890 insignis,
3726 5835 3791 5879 ac

472 5900 717 5958 convivio
750 5903 939 5961 aeterni
964 5902 1150 5975 Regis,
1175 5904 1230 5962 id
1259 5913 1344 5963 est
1372 5905 1440 5962 ab
1471 5905 1630 5962 altari
1662 5904 1881 5962 Douini
1907 5904 2091 5987 debet
2120 5934 2164 5986 χι
2184 5906 2309 5961 ideo
2327 5904 2498 5961 sancti
2523 5905 2771 5960 doctores
2793 5903 3047 5962 Ecclesiae
3063 5906 3419 5963 decreverunt
3440 5923 3655 5969 omnem
3678 5909 3790 5983 glo-

3846 1280 3863 1315 2
