4036 6370
290 448 355 505 ’Π
1207 452 1510 510 llOMlLl/E
1549 453 1636 508 DE
1674 451 1916 509 FESTIS
1951 452 2361 519 ΡΒΛΞΟΙΡΗΙΞ,
2402 450 2554 508 ETC.
3483 457 3549 513 78

289 566 427 621 riam
458 564 665 620 Judaici
701 564 1014 620 sabbatismi
1048 565 1103 620 in
1128 564 1275 621 illam
1314 568 1622 630 transferre,
1649 572 1705 619 ut
1730 563 1874 636 quod
1899 567 1953 631 Α
1975 573 2031 620 et
2069 565 2389 649 avaritiam,
2410 569 2676 634 quatenus
2717 576 2881 617 unum
2921 573 3179 634 punctum
3207 566 3312 624 diei
3356 569 3423 625 ad
3452 572 3545 627 Dei

286 656 388 728 ipsi
411 656 467 711 in
495 656 683 727 figura,
702 670 800 711 nos
820 655 1215 712 celebraremus
1237 657 1290 711 in
1313 657 1569 724 veritate;
1594 656 1719 725 quia
1748 665 1875 723 tunc

285 747 390 802 erit
436 746 653 818 requies
688 755 873 802 nostra
915 762 1060 813 vera,
1093 749 1306 819 quando
1346 748 1670 804 resurrectio
1712 747 1876 803 fuerit

283 846 618 910 perpetrata,
638 848 693 895 et
712 840 1075 895 remuneratio
1101 840 1157 895 in
1186 841 1365 896 anima
1386 851 1439 896 et
1465 857 1692 911 corpore
1716 840 1875 896 simul

280 930 551 1004 perfecta.
575 932 934 990 Observemus
954 948 1082 1004 ergo
1108 933 1250 988 diem
1274 933 1631 1000 Dominicam,
1653 933 1870 1001 fratres,

281 1030 341 1077 et
381 1008 785 1080 sanctificemus
832 1023 999 1090 illam,
1059 1023 1199 1078 sicut
1242 1024 1479 1093 antiquis
1530 1008 1597 1079 de
1648 1024 1872 1079 sabbato

279 1124 614 1188 praeceptum
642 1123 743 1178 est.
774 1100 987 1173 dicente
1026 1100 1332 1186 legislatdre
1357 1134 1368 1169 :
1394 1116 1435 1169 A
1464 1132 1676 1187 vespera
1711 1132 1872 1187 usque

282 1206 353 1264 ad
385 1226 650 1281 vesperam
673 1208 995 1285 celebrabitis
1017 1208 1238 1263 sabbata
1274 1217 1443 1263 vestra
1470 1206 1655 1280 (Lavit.
1689 1207 1866 1279 χχιιι).

283 1298 578 1379 Videamus
624 1314 693 1353 ne
721 1298 892 1377 otium
932 1306 1176 1354 nostrum
1203 1314 1400 1353 vanum
1446 1298 1536 1363 sit,
1569 1299 1667 1379 sed.
1706 1313 1737 1352 c
1774 1314 1867 1354 ve-

278 1403 443 1458 spera
470 1374 575 1443 diei
618 1374 1029 1471 sabbatiusque
1061 1388 1130 1445 ad
1162 1404 1443 1461 vesperam
1474 1390 1580 1445 diei
1607 1374 1867 1446 Dominiei

279 1478 610 1548 sequestrati
634 1494 667 1534 a
694 1478 860 1533 rurali
902 1478 1065 1550 opei‘e
1102 1489 1159 1537 et
1197 1479 1266 1535 ab
1298 1478 1445 1535 omni
1487 1482 1725 1554 negotio,
1753 1481 1867 1539 solo

277 1558 466 1658 divino
486 1560 652 1631 cultui
675 1592 929 1658 vacemus
953 1595 966 1631 :
1001 1560 1081 1633 sic
1102 1592 1314 1658 quoque
1338 1578 1739 1635 sanetificamus
1762 1579 1865 1634 rite

278 1650 563 1721 sabbatum
600 1650 831 1735 Domini,
862 1668 1073 1723 dicente
1110 1650 1335 1723 Domino
1363 1688 1376 1723 :
1402 1668 1567 1724 Omtte
1599 1686 1727 1740 opus
1760 1687 1863 1726 non

275 1740 484 1825 facietis
506 1755 559 1812 in
585 1775 664 1812 eo.
695 1741 889 1814 Veniat
910 1760 1038 1831 ergo
1064 1745 1367 1831 cuicunque
1391 1762 1647 1831 possibile
1679 1763 1769 1830 sit,
1793 1764 1862 1819 ad

274 1846 643 1915 vespertinam
670 1857 832 1918 atque
857 1858 1178 1904 nocturnam
1199 1849 1641 1918 celebrationem,
1666 1861 1721 1908 et
1744 1863 1861 1909 oret

271 1937 351 1993 ibi
389 1938 443 1992 in
476 1948 747 1995 conventu
798 1930 1053 1997 Ecclesia:
1098 1958 1196 2012 pro
1236 1944 1473 2021 peccatis
1511 1945 1625 2003 suis
1664 1946 1854 2002 Deum.
1886 1922 1935 1997 Β

272 2026 377 2095 Qui
408 2034 539 2086 Vero
570 2024 675 2087 hoc
722 2031 829 2115 litin
858 2032 1051 2115 possit,
1080 2026 1271 2090 saltem
1312 2018 1368 2089 in
1409 2018 1570 2091 domo
1596 2052 1692 2092 sua
1716 2045 1855 2102 oret,

270 2130 329 2175 et
365 2138 472 2177 non
499 2123 734 2196 negligat
778 2112 887 2181 Deo
914 2112 1123 2183 solvere
1156 2135 1338 2182 votum
1375 2143 1438 2185 ac
1471 2130 1694 2187 reddere
1722 2148 1856 2202 pen-

269 2228 393 2273 sum
425 2220 723 2275 servitutis.
746 2220 804 2275 In
832 2208 919 2277 die
949 2210 1037 2277 illa
1061 2238 1190 2279 vero
1210 2206 1390 2278 nullus
1414 2239 1472 2279 se
1500 2240 1531 2279 a
1553 2226 1707 2280 sacra
1730 2226 1859 2282 mis-

270 2320 456 2365 sarum
489 2306 854 2368 celebratione
884 2322 1117 2383 separet,
1142 2330 1317 2385 neque
1336 2315 1541 2370 otiosus
1567 2298 1689 2386 quis
1714 2316 1860 2372 domi

270 2404 570 2467 rettiaueat,
606 2404 818 2460 caeteris
846 2394 914 2459 ad
940 2396 1223 2461 ecbiesiam
1257 2406 1645 2478 pergentibus;
1682 2423 1859 2479 neque

266 2492 322 2547 iit
351 2497 637 2551 venatione
664 2496 724 2553 se
753 2505 999 2568 occupet,
1024 2508 1080 2553 et
1116 2482 1379 2554 diabolico
1416 2500 1753 2572 mancipetur
1779 2497 1859 2557 of-

266 2588 416 2653 ﬁcio,
444 2589 902 2660 circumvagando
936 2590 1160 2660 campos
1190 2598 1246 2645 et
1271 2574 1459 2656 silvas,
1492 2590 1782 2647 clamorem
1803 2600 1862 2649 et

263 2682 594 2738 cachinnum
647 2676 916 2752 cxaitans,
989 2700 1096 2739 non
1147 2676 1408 2756 gemitum
1455 2699 1555 2739 nec
1598 2685 1859 2742 orationis

260 2774 438 2830 verba
464 2791 531 2830 ex
560 2762 752 2832 intimo
779 2784 999 2857 pectore
1037 2760 1104 2831 ad
1138 2776 1313 2857 Deum.
1331 2760 1633 2857 proferens.
1666 2775 1860 2833 Adhuc

267 2882 515 2938 quoque,
540 2864 682 2938 quod
724 2856 1097 2925 detestabilius
1119 2852 1418 2955 est,.aliqui
1463 2852 1531 2924 ad
1571 2869 1860 2926 ecclesiam

269 2954 577 3024 venientes,
614 2960 716 3013 non
746 2956 971 3026 intrant,
1002 2958 1110 3014 non
1140 2954 1398 3015 insistunt
1443 2961 1718 3032 precibus,
1749 2978 1858 3016 non

266 3048 592 3116 exspectant
617 3049 736 3102 cuiu
766 3046 981 3103 isilcn'tio
1022 3058 1268 3105 sanctam
1300 3051 1588 3107 missarum
1616 3036 1858 3107 celebra-

264 3138 473 3195 tionem
503 3142 515 3193 ἐ
540 3141 633 3195 scd
663 3126 877 3210 quando
906 3142 1166 3200 lectiones
1184 3136 1378 3201 divinae
1410 3144 1554 3200 intus
1582 3126 1856 3217 leguntur,

263 3238 397 3287 tunc
435 3230 535 3302 ipsi
564 3223 698 3288 loris
727 3242 822 3288 aut
861 3240 1057 3289 causas
1079 3235 1261 3291 dicere
1288 3245 1342 3290 et
1377 3220 1608 3291 diversis
1635 3220 1857 3293 student

261 3322 551 3379 calumniis
588 3325 936 3397 impugnare;
988 3320 1081 3383 aut
1118 3322 1371 3386 videlicet
1418 3312 1473 3383 in
1519 3312 1655 3395 alea,
1685 3324 1770 3384 vel
1797 3312 1854 3385 in
1882 3311 1930 3376 Ο

261 3414 401 3472 locis
427 3410 705 3474 inutilibus
732 3415 1020 3475 insudare:
1049 3418 1335 3491 aiiqdotics
1363 3421 1553 3487 etiam,
1594 3421 1737 3492 quod
1761 3437 1856 3491 pe-

255 3506 349 3578 jus
376 3517 478 3576 est,
503 3511 668 3581 aliqui
701 3510 867 3567 nimia
895 3500 1176 3568 iracundia
1204 3515 1607 3570 succenduntur
1630 3522 1687 3569 et
1708 3529 1857 3569 ama-

270 3601 489 3657 rissime
514 3604 782 3672 rixantur,
812 3602 885 3666 ita
917 3598 975 3660 iii
1004 3606 1170 3661 armis
1201 3622 1260 3662 se
1293 3588 1381 3663 vel
1410 3590 1644 3662 fustibus
1692 3588 1858 3661 alter—

262 3692 449 3749 utrum
497 3694 783 3767 Impetum,
834 3692 889 3753 et
933 3698 1075 3770 Saepe
1112 3682 1462 3754 homicidium
1519 3704 1853 3771 perpetreut.

264 3790 335 3846 Et
371 3788 475 3846 ho‘e
501 3793 568 3846 ab
608 3780 714 3848 illis
739 3775 975 3848 maiime
1003 3778 1065 3847 iit
1094 3791 1185 3863 qui
1213 3778 1358 3864 pleni
1386 3780 1589 3847 invidia
1627 3800 1683 3847 et
1710 3778 1856 3858 odio,

264 3868 482 3939 diabolo
498 3878 743 3951 ductore,
768 3868 821 3939 iii
846 3878 1173 3940 conventum
1200 3866 1454 3939 Ecclesiae
1475 3890 1724 3954 pergunt,
1750 3896 1858 3937 non

265 3980 326 4026 ut
364 3973 682 4043 semctipsos
726 3973 1003 4043 adjuvant,
1052 3964 1146 4031 sed
1179 3974 1253 4051 ut.
1283 3970 1431 4051 alios
1453 3956 1669 4029 laedant.
1700 3956 1860 4029 ’lales

266 4065 435 4119 etiam
474 4065 518 4120 si
544 4065 837 4121 homicidio
866 4067 938 4122 ibi
968 4068 1211 4138 pet-eunt,
1239 4050 1332 4120 aut
1356 4050 1533 4121 subita
1558 4073 1732 4120 morte
1772 4078 1862 4119 ra-

264 4157 513 4228 piunttJr,
544 4168 652 4229 quo
694 4158 848 4225 alias,
888 4160 990 4216 nisi
1033 4176 1157 4216 cum
1193 4161 1307 4230 ipso
1335 4154 1486 4229 cujus
1528 4142 1698 4215 secuti
1735 4146 1862 4214 sunt

266 4248 523 4321 vestigia,
550 4240 751 4307 vadiiiit
786 4252 841 4305 in
874 4256 1075 4307 aeterna
1101 4238 1412 4306 tormenta?
1438 4245 1614 4304 Nolite
1636 4244 1750 4303 haec
1780 4230 1862 4301 fa-

265 4350 415 4408 cere,
441 4340 641 4399 fratres
666 4344 793 4409 tnei,
827 4336 991 4400 nolite
1019 4343 1379 4415 vosmetipsos
1407 4342 1676 4415 decipere,
1702 4338 1861 4397 nolite

266 4434 321 4488 in
352 4438 622 4489 conventu
670 4440 874 4501 vestro,
910 4434 1083 4490 locum
1118 4414 1485 4490 darcidiabolo
1518 4414 1733 4507 (Ep/tes.
1760 4414 1858 4504 ιν),

266 4522 364 4581 sed
408 4526 585 4596 magis
621 4526 977 4598 vosmetipsos
1025 4534 1327 4598 praeparate
1370 4514 1662 4596 hospitium
1705 4512 1862 4580 Ciiri-

266 4628 371 4673 sto.
412 4614 528 4672 Non
559 4620 687 4689 ergo
728 4616 859 4673 foris
889 4616 1103 4684 fabulis,
1151 4612 1245 4672 sed
1286 4612 1432 4672 intus
1462 4604 1774 4687 psalmodize
1802 4625 1859 4670 et

1976 656 2232 724 officium,
2260 665 2316 713 et
2353 655 2618 726 reliquum
2649 655 2897 711 diurnum
2936 658 3190 726 spatium,
3223 674 3348 717 cum
3389 672 3549 721 nocte

1976 747 2155 815 simul,
2179 732 2245 803 ad
2269 762 2455 804 eorum
2475 747 2760 816 deputetur
2785 746 3102 817 voluptates.
3131 748 3326 818 Nolite,
3355 754 3550 813 fratres

1976 841 2083 896 mei
2118 838 2474 906 dilectissimi,
2519 840 2632 895 haec
2656 837 2856 903 facere,
2891 840 3056 895 nolite
3090 842 3204 897 base
3228 841 3552 903 facientibus

1974 934 2321 999 consentire;
2370 932 2493 1003 quia
2532 946 2640 986 non
2686 930 2858 986 solum
2892 932 2984 1001 qui
3027 932 3143 988 haec
3186 933 3411 1003 faciunt,
3454 939 3553 994 sed

1974 1025 2139 1080 etiam
2183 1026 2275 1095 qui
2325 1024 2669 1080 consentiunt
2722 1022 3061 1091 facientibus,
3107 1033 3352 1094 pereunt.
3412 1027 3551 1086 Ante

1974 1118 2155 1174 omnia
2178 1132 2307 1189 ergo
2346 1131 2537 1172 causas
2566 1116 2621 1170 in
2646 1115 3031 1172 festivitatibus
3063 1116 3229 1172 nolite
3252 1102 3432 1174 dicere
3460 1128 3554 1175 aut

1972 1210 2183 1277 audire,
2206 1209 2299 1266 sed
2320 1209 2425 1265 alio
2448 1217 2688 1278 tempore
2715 1216 2770 1262 et
2797 1206 3169 1276 cumjustitia;
3200 1225 3300 1266 nec
3326 1225 3551 1269 munera

1973 1301 2284 1372 accipiendo
2302 1292 2645 1356 subvertatis
2658 1298 2860 1368 judicia
2883 1297 3057 1369 justa;
3080 1301 3228 1373 quia,
3255 1303 3550 1365 secundum

1972 1388 2184 1447 Domini
2228 1392 2591 1448 sententiam:
2623 1390 2945 1463 Quocunque
2986 1380 3191 1462 judicio
3228 1394 3553 1464 judicaveri—

1969 1482 2060 1561 tis,
2078 1483 2412 1552 judicabitur
2438 1481 2503 1538 de
2527 1482 2669 1537 vobis
2700 1481 2914 1561 (Matth.
2947 1482 3067 1555 vn).
3100 1482 3290 1539 Nullus
3310 1493 3549 1541 vestrum

1967 1591 2026 1631 se
2048 1560 2296 1640 inebriet,
2330 1575 2457 1647 quia
2492 1575 2674 1632 ebrius
2698 1576 2890 1631 insano
2920 1575 3224 1631 simillimus
3246 1585 3345 1632 est.
3378 1576 3556 1636 Nolite

1967 1652 2022 1726 in
2049 1670 2359 1727 nominibus
2388 1669 2506 1744 (sic)
2536 1670 2793 1736 bibendo,
2824 1670 3043 1724 nomina
3074 1678 3253 1725 vestra
3283 1670 3463 1727 delere
3485 1671 3555 1729 de

1966 1761 2122 1819 ctelo.
2165 1760 2302 1816 Sunt
2330 1761 2549 1832 quidem
2598 1760 2777 1826 multi,
2820 1762 2961 1830 quod
2989 1761 3142 1832 pejus
3170 1770 3275 1828 est,
3322 1762 3412 1832 qui
3444 1776 3554 1819 non
3616 1808 3630 1820 .

1966 1852 2140 1908 solum
2185 1852 2391 1922 seipsos
2421 1850 2709 1916 inebriant,
2764 1852 2860 1907 sed
2899 1854 3066 1908 etiam
3094 1853 3230 1909 alios
3275 1861 3475 1925 cogunt
3496 1857 3556 1913 et

1963 1934 2213 2013 adjurant
2257 1952 2318 1998 ut
2366 1942 2595 2014 amplius
2622 1958 2786 2012 quam
2826 1928 3043 2014 expedit
3080 1944 3287 2008 bibant;
3335 1952 3391 2001 et
3426 1946 3555 2004 inde

1963 2052 2106 2119 saepe
2147 2037 2289 2091 inter
2324 2050 2427 2119 eos,
2446 2034 2745 2090 nascuntur
2763 2035 2948 2107 jurgia
2974 2046 3037 2119 et
3067 2037 3377 2117 homicidia.
3406 2036 3568 2095 Nun—

1963 2112 2092 2201 quid
2130 2112 2482 2200 perpeuditis,
2523 2127 2744 2204 fratres,
2779 2128 2933 2197 cujus
2970 2112 3059 2184 isti
3090 2112 3145 2185 in
3185 2131 3290 2187 hoe
3323 2147 3555 2204 sequan-

1964 2230 2052 2277 tur
2084 2204 2417 2276 voluntatem
2447 2239 2465 2301 ε⁵
2487 2202 2698 2274 Εὗνίοδὶ
2729 2204 2891 2286 enim,
2926 2222 3004 2276 ait
3029 2206 3340 2301 Apostolus,
3382 2202 3431 2278 ei
3460 2225 3551 2279 Ito-

1962 2313 2170 2370 micidw
2198 2329 2414 2384 regnum
2443 2298 2542 2368 Dei
2571 2330 2673 2368 non
2701 2315 3036 2385 possidebunt
3087 2298 3137 2390 (l
3162 2298 3285 2371 Cor.
3317 2318 3415 2388 γι).
3446 2315 3557 2375 Ob-

1963 2420 2121 2462 secro
2151 2404 2268 2473 vos,
2302 2390 2663 2471 dilectissimi,
2695 2413 2878 2476 patres
2919 2416 2974 2462 et
3016 2408 3468 2487 matres,_fratres
3500 2418 3558 2467 et

1963 2510 2196 2563 sorores,
2244 2509 2342 2566 per
2378 2510 2576 2579 nomen
2616 2486 2832 2552 Domini
2873 2480 3044 2555 nostri
3083 2480 3210 2555 jesu
3244 2482 3467 2565 Christi,
3500 2495 3559 2556 et

1960 2604 2061 2660 per
2081 2604 2306 2660 regnum
2328 2604 2395 2645 ac
2410 2572 2673 2667 judicium
2698 2587 2813 2657 ejus
2838 2597 3148 2667 venturum,
3176 2599 3236 2645 ut
3271 2590 3558 2667 subtraha-

1967 2680 2037 2737 tis
2083 2695 2178 2737 vos
2218 2670 2286 2736 ab
2328 2680 2475 2736 omni
2525 2666 2743 2736 homine
2783 2680 3094 2736 ambulante
3135 2664 3460 2751 inordinate,
3502 2689 3559 2739 et

1964 2772 2127 2845 digne
2152 2770 2441 2828 ambuletis
2484 2772 2767 2828 vocatione
2793 2788 2900 2844 qua
2926 2772 3103 2828 vocati
3150 2772 3302 2839 estis,
3332 2788 3433 2828 nec
3461 2788 3558 2831 ue—

1964 2854 2179 2940 gligatis
2223 2850 2487 2921 honorem
2534 2875 2799 2947 vestrum,
2824 2865 2942 2945 'sed
2983 2864 3300 2945 perpendite
3348 2863 3556 2921 redem-

1964 2959 2206 3037 ptionem
2236 2968 2457 3030 quaeest
2486 2958 2549 3037 in
2572 2957 2789 3037 Christo
2812 2955 2961 3037 lesu.
2988 2958 3111 3037 Filii
3139 2958 3233 3013 Dei
3260 2958 3555 3030 uuucupati

1964 3034 2115 3113 estis,
2164 3050 2312 3128 quia,
2339 3065 2501 3105 verus
2536 3032 2705 3105 Filius
2750 3032 2843 3104 Dei
2875 3065 2971 3128 vos
3010 3032 3278 3105 liberavit.
3330 3049 3555 3105 Studete

1964 3136 2122 3199 bonis
2160 3126 2405 3200 moribus
2450 3151 2600 3197 tanto
2642 3143 2854 3212 parenti
2890 3126 3128 3213 placere,
3159 3152 3428 3213 quatenus
3456 3157 3555 3198 vos

1965 3250 2073 3291 non
2100 3244 2161 3293 ut
2190 3216 2550 3307 nequissimos
2585 3248 2773 3292 servos
2796 3243 3116 3305 perpetuam
3146 3235 3323 3290 tradat
3345 3236 3413 3289 ad
3439 3247 3557 3303 pm-

1961 3343 2109 3406 nam,
2156 3310 2252 3383 sed
2285 3327 2345 3381 tit
2378 3329 2737 3406 charissimos
2774 3312 2925 3403 filios
2950 3339 3238 3401 supernam
3281 3310 3442 3405 ducat
3486 3324 3557 3380 ad

1959 3402 2217 3491 patriam,
2245 3425 2307 3473 ut
2338 3402 2468 3493 sitis
2515 3402 2822 3493 cohaeredes
2850 3402 2971 3470 Filii
3009 3414 3127 3485 ejus
3161 3412 3289 3472 Jesu
3310 3402 3553 3493 Christi,

1962 3526 2090 3589 eum
2115 3524 2223 3581 quo
2243 3490 2375 3589 vivit
2399 3517 2455 3564 et
2480 3514 2671 3589 regnat
2696 3492 2842 3589 Deus
2860 3507 2917 3561 in
2945 3507 3153 3562 unitate
3176 3490 3413 3579 Spiritus
3432 3520 3559 3563 san-

1963 3584 2037 3660 cti
2055 3618 2154 3676 per
2176 3584 2359 3660 omnia
2384 3584 2580 3659 stecula
2611 3584 2950 3659 saeculorum.
2983 3596 3175 3657 Anien.
3194 3628 3219 3639 -

2519 3712 2801 3775 ΗΟΜΙΗΑ
2841 3713 2996 3770 XLII.

2036 3823 2251 3865 DON'I'M
2275 3821 2372 3864 BOS
2397 3820 2487 3871 QUI
2518 3816 2573 3861 IN
2603 3816 2757 3860 BENE
2796 3812 3038 3859 ηηοπιι
3064 3806 3398 3858 assicamus
3419 3815 3482 3858 ει

2576 3887 2938 3932 FATIGABANT.

2034 3972 2302 4028 Gaudium
2346 3979 2430 4027 est
2472 3969 2605 4025 mihi
2654 3982 2928 4047 magnum,
2979 3967 3180 4022 fratres
3223 3967 3553 4034 charissimi,

1964 4066 2217 4137 quodvos
2261 4048 2420 4119 video
2462 4075 2659 4137 nomen
2699 4057 3069 4135 Christianum
3097 4057 3342 4131 diligere,
3368 4057 3554 4137 eccle-

1964 4132 2074 4211 sias
2106 4154 2470 4225 frequentare,
2515 4136 2841 4225 baptismum
2871 4132 3071 4204 Christi
3113 4145 3236 4203 ﬁliis
3262 4155 3317 4221 et
3342 4132 3556 4204 filiabus

1963 4247 2158 4302 vestris
2207 4254 2496 4315 appetere,
2532 4250 2587 4297 et
2637 4242 2752 4296 veri
2803 4238 2901 4293 Dei
2950 4237 3119 4294 cultui
3170 4236 3426 4293 studere:
3459 4238 3554 4292 sed

1963 4336 2118 4392 valde
2146 4336 2300 4391 doleo
2326 4335 2469 4406 quod
2490 4332 2765 4412 aliquibus
2790 4330 3008 4401 ineptiis
3027 4328 3289 4400 plurimos
3307 4344 3375 4383 ex
3402 4328 3556 4385 vobis

1963 4424 2230 4499 obligatos
2257 4442 2443 4483 errare
2489 4424 2781 4511 conspicio,
2841 4431 2896 4478 et
2930 4422 3077 4477 inter
3105 4436 3234 4503 vera
3278 4419 3555 4501 religionis

1964 4504 2287 4576 Christianae
2328 4510 2574 4589 qumdam
2618 4504 2751 4571 falsa
2798 4504 3199 4595 intermiscere,
3218 4514 3360 4583 quod
3407 4511 3556 4567 nullo

1966 4604 2128 4666 modo
2154 4600 2268 4665 fieri
2296 4596 2508 4676 debuit;
2530 4608 2791 4678 scriptum
2814 4616 2899 4662 est
2924 4590 3067 4662 eiiim
3100 4624 3113 4658 :
3145 4590 3413 4659 Modicum
3444 4605 3555 4674 fer—

265 4710 608 4767 orationibus
646 4710 877 4767 studete.
908 4704 1084 4765 Nolite
1130 4710 1359 4764 invicem
1393 4710 1446 4763 in
1483 4707 1709 4762 ecclesia
1740 4723 1862 4762 ver—
1886 4683 1942 4743 Ῑ)
1969 4702 2201 4757 mentum
2243 4708 2404 4753 totam
2445 4712 2677 4753 massam
2717 4696 3003 4765 corrumpit
3057 4686 3105 4765 (Ι
3134 4690 3255 4748 Cor.
3306 4690 3382 4764 v).
3420 4689 3555 4745 Nam

268 4804 476 4868 bosari,
507 4804 601 4858 sed
632 4804 798 4873 quieti
828 4818 966 4858 esse.
1018 4800 1155 4855 Sunt
1195 4801 1337 4854 enim
1370 4796 1609 4869 plurimi,
1643 4802 1695 4852 et
1726 4816 1862 4867 prir-

266 4897 421 4963 ciplte
451 4894 646 4964 aliqua:
688 4890 967 4961 mulieros,
1000 4910 1117 4965 qutt-
1152 4894 1223 4947 ita
1272 4894 1324 4946 in
1362 4893 1587 4947 ecclesia
1620 4893 1863 4961 garriunt

269 4986 368 5061 [eti
414 4988 492 5041 ita
538 4984 911 5045 verbosantur.
964 4988 1022 5039 ut
1066 4978 1325 5039 lectiones
1361 4984 1571 5037 divinas
1600 5000 1699 5037 nec
1736 4984 1862 5052 ipsa:

270 5078 516 5141 audiant,
548 5084 649 5129 nec
676 5074 812 5127 alios
847 5070 1031 5125 audire
1076 5072 1409 5139 permittunt.
1455 5062 1704 5134 Nunquid
1738 5071 1863 5141 talis

268 5170 573 5225 eort'ventus
595 5168 717 5222 cum
751 5163 843 5220 tali
872 5158 1080 5229 ordine,
1114 5159 1309 5215 fratres
1336 5158 1464 5223 mei,
1496 5154 1549 5211 in
1585 5142 1744 5211 domo
1769 5148 1863 5211 Dei

271 5262 432 5319 debet
464 5260 617 5325 fieri;
666 5264 760 5312 aut
815 5255 997 5312 taliter
1051 5246 1206 5309 decet
1251 5251 1305 5305 in
1349 5258 1638 5320 conspectu
1676 5248 1769 5303 Dei
1810 5254 1866 5303 et

272 5352 590 5412 satietorum
617 5349 930 5421 angelorum
958 5348 1074 5418 ejus
1098 5334 1393 5402 assistere?
1413 5342 1605 5398 Adhuc
1625 5356 1863 5421 quoque,

275 5443 417 5519 quod
442 5442 602 5499 Valde
629 5418 917 5497 dolendum
964 5438 1067 5504 est,
1111 5436 1371 5507 conqueri
1409 5418 1860 5519 vobiscilmvolo,

278 5516 400 5612 (ista
417 5544 548 5595 sunt
569 5535 751 5606 aliqui,
768 5540 822 5590 et
835 5533 1068 5587 maxime
1087 5526 1335 5603 potentes
1358 5526 1513 5612 istius
1531 5516 1731 5612 mundi,
1750 5528 1861 5598 qui,

279 5604 399 5686 eum
422 5604 751 5685 veniuutiad
772 5618 1190 5688 ecclesiam,hon
1224 5620 1351 5677 sunt
1378 5608 1554 5676 devoti
1585 5606 1650 5674 ad
1679 5604 1864 5675 laudes

280 5719 372 5776 Dei
399 5706 781 5781 celebrandas,
813 5710 907 5771 sed
933 5708 1133 5786 cogunt
1170 5714 1544 5785 presbyterqu
1577 5718 1636 5764 ut
1673 5698 1867 5765 abbre-

281 5816 390 5870 viet
419 5810 648 5869 missam
668 5814 724 5865 et
750 5796 817 5865 ad
842 5804 1053 5865 libitum
1085 5824 1271 5863 eorum
1302 5814 1512 5868 cantet;
1542 5820 1642 5858 nec
1669 5803 1717 5857 ci
1744 5802 1867 5857 licet

287 5923 496 5966 morem
521 5903 944 5962 ecclesiasticum
992 5899 1143 5972 sequi
1185 5908 1406 5971 propter
1434 5896 1644 5951 illorum
1687 5894 1868 5967 gulam

1967 4812 2089 4850 cum
2114 4803 2239 4847 ante
2262 4792 2375 4846 dies
2402 4790 2607 4860 aliquot
2640 4789 2856 4859 quietus
2882 4778 3025 4840 domi
3067 4798 3377 4865 tuanercm._
3406 4791 3467 4859 et
3488 4781 3555 4834 de

1966 4882 2198 4941 utilitate
2228 4894 2427 4945 vestra,
2455 4880 2726 4953 quomodo
2757 4878 3057 4947 profectum
3084 4883 3323 4930 vestrum
3366 4873 3419 4927 in
3460 4874 3557 4925 Do-

1971 4981 2115 5033 ll‘llltt
2163 4979 2571 5049 ampliﬁcai‘em,
2623 4991 2833 5030 mecum
2877 4981 3187 5033 tractarem,
3238 4969 3417 5023 subito
3444 4968 3557 5039 ipsa

1967 5070 2212 5125 diecirca
2238 5084 2517 5138 vesperam
2548 5075 2711 5136 atque
2740 5062 2951 5138 initium
2980 5060 3154 5117 noctis
3187 5069 3335 5110 tanta
3358 5055 3559 5110 vocife-

1970 5153 2108 5208 ratio
2133 5153 2315 5224 populi
2336 5134 2572 5215 exstitit,
2608 5134 2667 5205 ut
2696 5134 3078 5217 irreligiositas
3106 5144 3223 5214 ejus
3248 5155 3559 5216 penetraret

1969 5260 2143 5313 usque
2189 5242 2256 5297 ad
2302 5239 2519 5297 coelum.
2556 5232 2713 5308 Quod
2755 5238 2876 5293 cuni
2908 5232 3238 5313 requirei‘eui
3270 5234 3399 5306 quid
3453 5234 3555 5290 sibi

1970 5310 2175 5389 clamor
2204 5332 2291 5388 hic
2318 5330 2502 5399 vellet,
2536 5316 2791 5386 dixerunt
2834 5314 2965 5381 inihi
2992 5310 3134 5398 quod
3173 5322 3437 5381 laboranti
3477 5322 3561 5379 lu~

1971 5430 2053 5483 na:
2084 5434 2265 5483 vestra
2297 5422 2614 5482 vociferatio
2658 5408 3021 5487 subvénissét,
3052 5416 3109 5474 et
3148 5418 3413 5476 delectum
3439 5417 3556 5488 ejus

1972 5519 2085 5572 suis
2129 5514 2320 5572 studiis
2350 5514 2646 5584 adjuvat-et.
2680 5506 2793 5565 Risi
2817 5508 3055 5582 quidem,
3083 5512 3138 5565 ét
3169 5506 3394 5563 iniratus
3436 5506 3556 5562 sum

1971 5610 2292 5675 vanitateui,
2331 5602 2475 5679 Quod
2502 5606 2652 5675 quasi
2687 5603 2865 5659 dc'voti
2892 5600 3185 5659 Christiani
3209 5601 3319 5656 Deo
3348 5596 3557 5654 fereba-

1973 5690 2043 5760 tis
2082 5703 2363 5767 auxilium,
2407 5709 2660 5769 tanquam
2710 5697 2821 5768 ipse
2872 5698 3119 5753 infirmus
3158 5700 3212 5751 et
3249 5688 3554 5771 imbecillis,

1974 5800 2075 5854 nisi
2103 5798 2302 5853 nostris
2332 5794 2677 5862 adjuvaretur
2711 5793 2954 5855 vocibus,
2992 5808 3097 5845 non
3124 5780 3293 5859 possit
3326 5782 3556 5839 lumina-

1975 5891 2056 5945 ria
2087 5889 2373 5947 defendere
2414 5903 2532 5956 quu:
2578 5887 2799 5945 creavit.
2827 5884 2993 5939 Facto
3024 5883 3219 5951 quippe
3259 5882 3418 5932 mane
3464 5886 3553 5929 se-
