4036 6370
539 391 609 446 79
1194 383 1254 438 Β.
1291 381 1547 438 RABANI
1583 380 1804 437 MAURI
1840 377 2162 435 ARCHIEP.
2207 370 2518 430 MOGUNT.
2555 368 2844 428 OPERUM
2884 369 3066 426 PARS
3100 368 3164 425 Il.
3505 395 3508 399 ι
3749 372 3807 427 80

537 498 756 572 quentis
781 496 910 564 diei,
942 493 1266 550 sciscitabar
1309 495 1377 550 ab
1407 495 1486 549 eis
1514 494 1604 564 qui
1644 493 1713 548 ad
1744 509 1843 550 nos
1871 489 2128 547 visitandi
2152 499 2208 557 Α
2233 484 2449 556 quando
2487 483 2671 540 taliter
2693 483 2975 551 evenerit,
3019 498 3116 538 vos
3152 480 3490 537 clamoribus
3538 479 3806 548 laborare;

534 589 714 663 gratia
741 595 1132 652 convenerant,
1161 585 1206 638 si
1233 584 1413 655 aliqua
1434 584 1630 639 horum
1653 584 1734 639 eis
1763 584 2142 639 innotuerint.~

530 679 605 738 At
628 680 706 736 illi
728 678 958 751 professi
987 685 1113 733 sunt
1152 691 1209 732 se
1237 675 1516 731 similia'et
1547 676 1723 730 adhuc
1741 674 1925 746 pejora
1949 677 2003 729 in
2037 675 2122 731 his

531 771 663 830 locis
688 772 744 826 in
772 771 969 842 quibus
1007 770 1109 839 ipsi
1139 779 1473 834 manserant,
1509 767 1743 823 sensisse
1769 781 1784 820 :
1812 767 2122 822 nam'alius

535 862 811 920 referebat
851 861 1119 932 mugitum
1170 875 1436 917 cornuum
1483 873 1541 913 se
1589 858 1823 925 audisse,
1865 861 2021 929 quasi
2065 858 2121 913 in

530 957 671 1012 bella
712 954 1133 1019 concitantium;
1181 953 1336 1019 alius,
1368 969 1659 1025 porcorum
1686 953 1964 1023 grunituin
1989 967 2119 1008 exe-

527 1048 671 1118 gisse
695 1065 707 1100 :
731 1047 952 1116 quidam
1003 1060 1135 1099 vero
1189 1044 1664 1114 narrabant-quod
1709 1043 1843 1099 alios
1885 1044 2121 1099 viderint

526 1137 632 1193 tela
661 1146 716 1192 et
749 1137 979 1207 sagittas
1019 1145 1211 1190 contra
1251 1133 1436 1188 lunam
1462 1133 1733 1203 jactasse;
1774 1135 1912 1190 alios
1938 1145 2120 1188 autem

524 1229 675 1286 focos
696 1229 754 1284 in
781 1228 977 1284 coelum
1005 1227 1301 1298 sparsisse;
1331 1225 1839 1297 aliirmaveruntque
1868 1227 2012 1298 quod
2038 1226 2120 1281 lu-

524 1338 652 1378 nam
695 1323 880 1379 nescio
927 1338 1048 1392 quae
1089 1330 1341 1391 portenta
1383 1321 1672 1388 laniarent,
1703 1331 1758 1376 et
1788 1322 1891 1376 nisi
1927 1322 2029 1392 ipsi
2066 1322 2118 1376 ei

523 1419 785 1474 auxilium
814 1417 1139 1488 praeberent,
1171 1416 1386 1485 penitus
1429 1415 1578 1470 illam
1605 1415 1723 1485 ipsa
1746 1425 1992 1471 monstra
2025 1416 2118 1470 de-

522 1522 780 1570 vorarent
808 1530 822 1566 :
852 1511 946 1566 alii
972 1526 1102 1567 vero
1143 1519 1203 1565 ut
1243 1509 1622 1567 satisfacerent
1657 1511 1964 1566 dazmonum
2001 1511 2117 1566 illu-

527 1605 688 1672 sioni,
720 1605 865 1675 quod
893 1619 1053 1675 sepes
1105 1618 1232 1658 suas
1276 1603 1444 1658 armis
1489 1601 1767 1667 sciderint,
1801 1610 1856 1658 et
1896 1601 2115 1658 vascula

521 1713 642 1767 quae
665 1698 806 1768 apud
855 1710 914 1750 se
955 1695 1101 1749 domi
1139 1695 1432 1759 habebant,
1466 1693 1749 1766 fregerint,
1779 1693 1937 1762 quasi
1985 1693 2115 1748 illud

517 1789 658 1844 luna:
684 1789 982 1860 plurimum
1011 1786 1302 1856 proliceret
1334 1786 1390 1839 in
1429 1785 1709 1839 auxilium.
1739 1785 1869 1851 Quae
1908 1793 1992 1839 est
2021 1784 2114 1838 de-

515 1881 743 1949 mentia,
798 1879 1017 1943 fratres,
1053 1893 1243 1947 quaeve
1292 1879 1409 1932 haec
1445 1877 1698 1932 insania?
1720 1876 1973 1947 Nunquid
2013 1893 2110 1932 vos
2137 1893 2185 1954 Β

515 1976 775 2032 fortiores
796 1973 928 2029 estis
952 1973 1088 2039 Deo,
1115 1981 1174 2026 ut
1200 1987 1301 2043 pro
1325 1971 1414 2026 illo
1435 1985 1678 2042 pugnare
1700 1971 1951 2026 nitamini
1978 1988 1992 2026 :
2019 1979 2112 2025 aut

515 2089 642 2130 sues
670 2081 865 2129 vestrae
890 2072 1226 2143 potentiores
1244 2070 1451 2143 angelis
1479 2069 1598 2140 ejus
1625 2078 1772 2137 sunt,
1803 2077 1864 2123 ut
1891 2069 2112 2142 grunitu

513 2181 614 2221 suo
645 2165 749 2236 ipsi
783 2164 1106 2236 indigeant?
1135 2163 1416 2230 Quomodo
1449 2162 1588 2218 coelo
1632 2170 1689 2215 et
1734 2161 2004 2216 sideribus
2031 2160 2115 2215 fe-

512 2258 647 2314 retis
674 2257 958 2323 auxilium,
990 2257 1084 2327 qui
1109 2257 1470 2326 vosmetipsos
1499 2271 1554 2309 tn
1584 2263 1727 2309 terra
1770 2269 1878 2309 non
1910 2252 2111 2308 sullici-

511 2350 581 2405 tis
611 2349 681 2404 ad
717 2348 1152 2421 protegendum?
1186 2347 1326 2414 Quid
1359 2347 1601 2417 superbit
1630 2346 1771 2402 cinis
1815 2354 1871 2401 et
1899 2345 2111 2415 pulvis?

509 2439 701 2514 (Eccli.
736 2440 818 2514 ιι.)
858 2439 1134 2512 Scriptum
1181 2449 1268 2496 est
1295 2439 1478 2494 enim:
1507 2438 1631 2492 Non
1669 2449 1747 2493 est
1773 2439 1831 2492 in
1880 2437 2108 2493 hominis

506 2542 762 2603 potestate
797 2533 884 2586 via
912 2531 1028 2602 ejus
1051 2544 1068 2582 :
1094 2531 1230 2585 exiet
1258 2531 1473 2601 spiritus
1493 2531 1630 2599 ejus,
1662 2541 1712 2583 et
1738 2538 2024 2584 revertetur
2050 2530 2110 2585 in

507 2629 708 2676 terram
764 2620 941 2695 (Psal.
999 2621 1180 2693 cxnv).
1232 2621 1371 2688 Quid
1412 2622 1586 2677 dicam
1637 2621 1814 2688 vobis,
1868 2621 2103 2678 fratres:

506 2710 671 2768 laudo
699 2713 831 2768 vos?
866 2713 922 2767 in
958 2711 1064 2768 hoc
1109 2727 1217 2766 non
1245 2711 1425 2776 laudo,
1461 2711 1587 2781 quia
1612 2727 1709 2782 per
1736 2711 2012 2768 diabolum
2043 2712 2109 2767 il-

508 2804 636 2869 lusi,
660 2807 924 2878 paganico
949 2805 1125 2861 errori
1153 2821 1222 2860 ex
1245 2813 1398 2874 parte
1420 2807 1716 2874 nonﬁparva
1746 2805 1911 2860 dediti
1935 2805 2102 2872 estis;

505 2904 560 2951 et
587 2897 692 2952 hoc
713 2898 881 2964 unde,
911 2897 1018 2953 nisi
1043 2913 1113 2952 ex
1132 2898 1380 2968 paganis,
1406 2912 1638 2970 quorum
1668 2899 1943 2954 consortia
1985 2898 2108 2953 dili-

506 2988 658 3059 gitis,
687 3003 874 3044 eorum
904 3004 1086 3045 mores
1127 2989 1418 3044 imitamini
1449 3009 1462 3043 :
1501 2991 1808 3046 contradixi
1839 2991 1983 3046 enim
2003 3006 2103 3046 vo-

504 3081 591 3135 bis
630 3083 828 3151 saepius
875 3082 1093 3137 illorum
1133 3081 1408 3137 consortia
1449 3089 1506 3138 et
1541 3081 1776 3139 nefanda
1814 3083 2101 3150 convivia;

504 3174 600 3228 sed
627 3175 850 3230 obedire
875 3174 1008 3229 mihi
1038 3189 1135 3230 vos
1174 3182 1327 3230 vetat
1365 3175 1616 3230 avaritia.
1646 3174 1940 3231 Pecuniam
1979 3174 2103 3229 dili-

2222 578 2521 650 permittite
2549 577 2794 633 Creatori
2832 576 3099 633 facturam
3135 591 3318 642 suam,
3355 575 3476 645 ipse
3507 574 3654 629 enim
3690 589 3810 644 opus

2221 670 2518 726 suum‘scit
2547 684 2758 740 regere,
2788 670 2882 740 qui
2926 669 3103 740 potuit
3123 677 3180 723 et
3216 682 3434 724 creare».
3479 665 3542 722 Si
3571 682 3699 740 ergo
3725 666 3811 722 ali-

2219 780 2328 836 qua
2353 765 2506 834 signa
2535 764 2589 818 in
2617 763 2731 818 sole
2759 762 2844 816 vel
2869 757 3045 828 luna,’
3059 761 3142 816 vel
3186 761 3387 828 stellis,
3429 760 3655 816 insolito
3679 775 3814 816 more

2220 856 2590 928 apparuerint,
2637 870 2859 911 necesse
2903 864 2989 911 est
3035 855 3182 911 enim
3227 863 3288 908 ut
3330 854 3474 909 ﬁant
3521 864 3650 910 ante
3688 855 3814 910 diem

2220 962 2475 1019 maguum
2497 945 2706 1016 judicii,
2737 947 3031 1001 secundum
3065 944 3317 1002 Veritatis
3345 959 3571 1012 vocem,
3593 961 3698 1001 non
3732 959 3815 998 vos

2221 1050 2350 1095 tunc
2381 1040 2473 1094 tali
2498 1039 2881 1110 superstitione
2922 1037 3185 1108 fatigetis,
3221 1037 3319 1093 sed
3348 1037 3532 1110 magis
3567 1037 3624 1091 in
3651 1036 3816 1092 cordi-

2217 1131 2322 1187 bus
2369 1130 2572 1186 vestris
2603 1129 2817 1184 Domini
2862 1128 3294 1184 misericordiam
3346 1127 3741 1198 deprccemini,
3771 1141 3816 1184 et

2217 1221 2373 1293 signo
2414 1236 2512 1275 vos
2539 1221 2719 1276 crucis
2754 1219 2957 1276 Christi
2987 1220 3355 1290 consignetis;
3403 1229 3678 1289 quatenus
3715 1221 3816 1292 ipse

2217 1315 2310 1385 qui
2337 1331 2438 1396 vos
2469 1331 2566 1386 per
2592 1323 2840 1370 sanctam
2881 1329 3100 1369 crucem
3133 1313 3410 1369 redimere
3435 1314 3692 1385 dignatus
3720 1325 3812 1386 est,

2217 1408 2274 1461 in
2321 1409 2554 1465 adventu
2604 1408 2790 1479 gloriae
2832 1423 2962 1476 suae,
3017 1407 3132 1478 ejus
3181 1409 3462 1463 tutamine
3522 1409 3717 1465 illatsos
3757 1412 3815 1466 ab

2215 1499 2365 1553 omni
2391 1512 2579 1554 errore
2599 1515 2929 1556 conservare
2954 1500 3227 1571 dignetur,
3253 1499 3421 1556 Jesus
3449 1500 3710 1558 Christus
3731 1503 3817 1557 Do-

2214 1593 2396 1647 minus
2433 1603 2490 1649 et
2517 1592 2771 1649 Salvator
2798 1602 3006 1660 noster,
3035 1595 3129 1666 qui
3165 1610 3293 1650 cum
3323 1595 3497 1652 Patre
3537 1606 3594 1653 et
3627 1599 3814 1669 Spiritu

2215 1693 2402 1741 sancto
2420 1686 2571 1741 venit
2599 1694 2655 1742 et
2679 1696 2873 1758 regnat
2899 1688 3045 1744 Deus
3073 1703 3173 1760 per
3198 1690 3388 1745 omnia
3415 1693 3622 1747 saecula
3652 1708 3811 1748 saecu-

2213 1776 2411 1833 lorum.
2439 1779 2636 1834 Amen.

2750 1879 3037 1936 HOMILIA
3078 1881 3262 1937 XLIII.

2215 1985 2429 2028 CONTRA
2470 1988 2762 2030 PAGANICOS
2798 1989 3061 2041 ERRORES,
3088 1993 3232 2045 ,ρυοδ
3265 1994 3458 2043 Αιιρυι
3501 1995 3572 2035 DE
3601 1996 3811 2038 RUDIBUS

2648 2060 2987 2102 CHRISTIANIS
3019 2063 3144 2111 SEQU
3154 2065 3336 2104 UNTUR
3351 2090 3359 2102 .-

2282 2155 2540 2227 Legimus
2569 2159 2624 2212 in
2675 2157 2856 2215 Veleri
2897 2160 3244 2217 Testamento
3292 2163 3598 2220 Dominum
3630 2167 3810 2238 populo

2210 2260 2310 2300 suo
2338 2262 2501 2317 quem
2526 2247 2692 2318 elegit
2737 2249 2842 2304 sibi
2868 2249 2924 2304 in
2965 2251 3344 2307 haereditatem
3391 2255 3470 2309 ita
3496 2259 3808 2328 praecepisse

2211 2336 2394 2408 (Leuit,
2428 2338 2522 2409 xx)
2552 2356 2564 2391 :
2597 2338 2783 2395 Sancti
2822 2350 3004 2408 estote,
3043 2343 3168 2412 quia
3208 2355 3256 2396 et
3301 2361 3400 2415 ego
3445 2357 3668 2402 sanctus
3704 2364 3807 2402 sum

2211 2428 2467 2484 Dominus
2498 2431 2638 2485 Deus
2682 2441 2867 2486 vester.
2923 2432 3103 2488 Nolite
3141 2435 3421 2492 ambulare
3475 2439 3534 2494 in
3576 2440 3806 2512 legitimis

2211 2521 2505 2588 nationum,
2553 2537 2685 2592 quas
2723 2539 2816 2592 ego
2855 2524 3170 2594 expulsurus
3217 2544 3337 2581 sum
3374 2540 3501 2584 ante
3535 2550 3625 2586 vos
3653 2549 3671 2586 :
3699 2550 3806 2602 pro-

2207 2622 2324 2684 pter
2357 2612 2554 2668 scelera
2582 2615 2721 2672 enim
2742 2616 2980 2686 ipsarum
3015 2618 3351 2675 abominatus
3381 2639 3506 2676 sum
3534 2641 3643 2690 eas,
3671 2635 3714 2678 et
3737 2641 3806 2677 se-

2207 2707 2392 2776 paravi
2423 2723 2514 2761 vos
2548 2724 2581 2761 a
2611 2709 2814 2762 caeteris
2839 2709 3068 2780 populis,
3097 2721 3153 2764 ut
3182 2714 3365 2768 essetis
3391 2717 3520 2769 mei.
3551 2715 3805 2769 Intrantes

2207 2796 2267 2852 in
2293 2806 2489 2854 terram
2505 2816 2664 2871 quam
2685 2801 2823 2856 dabo
2847 2803 3010 2870 vobis,
3039 2804 3324 2876 disperdite
3360 2821 3584 2864 cunctos
3611 2811 3803 2863 habita-

2208 2900 2347 2946 tores
2371 2899 2525 2946 terra:
2548 2891 2714 2959 illius,
2748 2894 3066 2965 confringite
3091 2897 3271 2952 titulos
3295 2908 3346 2952 et
3373 2910 3586 2954 statuas
3610 2901 3806 2955 commi-

2208 2985 2372 3048 nuite,
2398 2994 2554 3056 atque
2593 2988 2770 3040 omnia
2795 2987 3000 3042 excelsa
3032 2999 3250 3044 vastate.
3281 2990 3568 3061 Maleﬁcos
3595 2995 3651 3047 in
3678 3002 3804 3046 terra

2206 3087 2378 3132 vestra
2399 3095 2505 3133 non
2526 3080 2798 3149 patiemini
2825 3083 3011 3136 vivere.
3054 3081 3150 3136 Vir
3171 3084 3278 3138 sive
3303 3085 3521 3151 mulier,
3550 3088 3606 3138 in
3631 3085 3804 3155 quibus

2207 3168 2454 3241 pythonis
2477 3170 2694 3239 spiritus
2715 3171 2790 3225 vel
2813 3171 3153 3226 divinationis
3175 3174 3362 3243 fuerit,
3389 3186 3562 3230 morte
3584 3175 3804 3228 morian-

503 3267 650 3337 gitis,
681 3277 736 3320 et
762 3269 1067 3336 gehennam
1092 3283 1200 3324 non
1231 3268 1632 3341 expavescitis;
1665 3269 1977 3339 corporales
2003 3268 2100 3323 de-
2131 3257 2177 3322 C
2208 3265 2336 3331 tum!
2355 3262 2617 3334 lapidibus
2654 3265 2856 3319 obruite
2897 3266 3016 3321 illos
3045 3281 3063 3320 ε
3088 3269 3172 3322 sin
3199 3279 3380 3324 autem
3417 3270 3696 3326 nolueritis
3720 3269 3803 3322 ltu-

504 3357 660 3413 licias
687 3357 959 3428 appetitis,
991 3365 1047 3411 et
1084 3356 1315 3411 salutem
1354 3360 1548 3413 anima:
1584 3366 1850 3414 aeternam
1875 3357 2104 3429 negligi-
2201 3356 2446 3426 jusmodi
2499 3357 2827 3427 interﬁcere,
2874 3360 2965 3431 qui
3016 3363 3397 3431 remanserint,
3461 3374 3617 3418 erunt
3677 3361 3803 3416 vobis

507 3450 577 3504 tis
610 3467 624 3504 :
650 3450 856 3505 idcirco
903 3464 1005 3505 uec
1046 3450 1290 3520 corporis
1319 3464 1423 3504 nec
1467 3450 1662 3506 animae
1687 3451 1979 3506 sanitatem
2011 3451 2110 3506 ha-

507 3541 639 3596 bere
667 3540 950 3610 poteritis;
983 3540 1134 3610 quia,
1178 3547 1239 3595 ut
1278 3541 1356 3596 ait
1393 3541 1669 3612 apostolus
1709 3541 1946 3597 Paulus:
1975 3540 2108 3596 Ideo

507 3641 631 3684 sunt
660 3633 796 3686 inter
829 3639 917 3687 vbs
947 3632 1101 3687 multi
1125 3632 1328 3705 infirmi
1353 3643 1402 3688 et
1429 3633 1730 3698 imbecilles,
1757 3644 1807 3689 et
1839 3634 2109 3689 dormiunt

505 3720 658 3773 multi
680 3721 730 3789 (Ι
764 3720 888 3772 Cor.
937 3724 1037 3793 ιι).
1085 3722 1264 3779 Nolite
1290 3738 1500 3790 errare,
1548 3721 1766 3792 fratres,
1810 3726 1978 3781 nolite
2006 3725 2108 3780 hu-

500 3810 805 3881 juscemodi
831 3810 1110 3866 erroribus
1139 3811 1317 3882 decipi
1345 3830 1360 3866 :
1384 3812 1600 3867 Domini
1628 3825 1703 3868 est
1740 3824 1884 3870 terra
1920 3825 1969 3870 et
1995 3816 2106 3886 ple-

511 3902 697 3957 nitudo
724 3903 859 3974 ejus,
903 3902 1045 3957 orbis
1083 3912 1344 3961 terrarum
1388 3917 1437 3959 et
1479 3907 1710 3961 universi
1743 3909 1833 3979 qui
1866 3909 2110 3964 habitant

506 3998 561 4049 in
591 4013 651 4051 eo
690 3994 864 4069 (Psal.
896 3995 1077 4070 mu).
1104 3995 1298 4052 Beatus
1325 3998 1480 4070 cujus
1520 4009 1596 4055 est
1631 4000 1776 4056 Deus
1812 4001 1979 4056 Iacob
2009 4002 2109 4057 ad-

500 4091 655 4160 jutor
679 4090 793 4158 ejus
819 4106 838 4144 :
859 4107 975 4161 spes
1010 4090 1126 4161 ejus
1161 4091 1216 4145 in
1241 4090 1465 4148 Domino
1508 4094 1620 4150 Deo
1642 4097 1831 4168 ipsius,
1867 4078 1958 4167 qui
1983 4098 2108 4167 fecit

506 4181 695 4235 caelum
722 4190 771 4236 et
800 4191 1020 4248 terram,
1057 4199 1204 4237 mare
1229 4193 1276 4238 et
1300 4184 1477 4238 omnia
1504 4202 1621 4257 quw
1653 4187 1712 4241 in
1741 4187 1816 4242 eis
1844 4197 1985 4253 sunt,
2016 4189 2108 4258 qui

506 4272 735 4325 custodit
780 4273 1055 4327 veritatem
1081 4275 1139 4327 in
1163 4274 1417 4329 saeculum
1451 4274 1624 4349 (Psal.
1649 4279 1833 4349 θην).
1862 4279 1983 4348 Ipsa
2012 4295 2108 4334 au-

505 4371 618 4419 tem
671 4372 939 4431 monstra,
972 4380 1094 4434 quae
1119 4364 1294 4422 dicitis
1327 4366 1534 4434 lunam,
1566 4367 1810 4425 defectus
1846 4371 1929 4425 sui
1970 4380 2108 4426 tem-

504 4473 661 4532 pore,
699 4448 1106 4528 laniare,hnihil
1136 4470 1288 4529 sunt;
1320 4479 1497 4535 neque
1526 4465 1674 4520 enim
1697 4468 1848 4522 credi
1893 4466 1978 4522 fas
2022 4478 2106 4524 est

507 4548 759 4607 homines
786 4551 842 4606 in
883 4550 1092 4608 belluas
1120 4568 1280 4624 posse
1305 4555 1505 4610 mutari
1530 4570 1545 4609 :
1572 4557 1668 4611 sed
1706 4556 2012 4612 daimonum
2043 4558 2108 4612 fi-

505 4643 618 4697 ctio
638 4643 754 4700 haec
781 4644 1094 4700 hominibus
1125 4646 1303 4701 brutis
1333 4655 1390 4702 et
1417 4649 1801 4718 insipientibus
1825 4666 1926 4720 per
1958 4666 2108 4721 quae—
2133 4632 2186 4692 Β

507 4735 632 4789 dam
662 4735 1045 4805 phantasmata
1071 4737 1294 4810 ingerit,
1321 4753 1428 4808 quo
1455 4738 1670 4796 facilius
1696 4757 1790 4796 eos
1811 4743 2021 4810 possint
2039 4744 2107 4797 ad

509 4826 873 4882 idololatriam
903 4843 1225 4900 provocare.
1259 4828 1364 4885 Sed
1402 4846 1473 4886 ne
1501 4830 1642 4888 forte
1682 4831 1876 4889 dubios
1908 4850 1973 4890 ac
2000 4835 2109 4891 sol-

509 4917 688 4974 licitos
731 4919 798 4974 de
823 4919 966 4974 luna:
991 4921 1352 4988 obscuritate,
1394 4937 1516 4993 qua:
1561 4938 1735 4994 nuper
1759 4926 1976 4992 accidit,
2009 4942 2106 4982 vos

509 5016 840 5086 relinquam,
866 5035 976 5074 non
994 5029 1080 5075 est
1098 5020 1220 5084 hoc,
1253 5017 1477 5086 fratres,
1508 5020 1729 5093 aliquod
1757 5031 2101 5092 portentum;

511 5108 606 5162 sed
649 5108 915 5160 naturalis
942 5111 1027 5160 vis
1059 5111 1207 5176 cogit
1235 5110 1409 5160 solem
1449 5127 1513 5160 ac
1549 5113 1729 5163 lunam
1771 5115 1951 5162 lalilpr
1977 5115 2109 5163 ecli—

511 5203 655 5273 psin,
689 5202 792 5255 hoc
816 5209 902 5256 est
939 5196 1234 5266 defectum,
1279 5198 1414 5268 pati.
1455 5197 1592 5253 Nam
1635 5199 1924 5255 manifesta
1968 5200 2107 5254 ratio

511 5293 705 5361 probat
747 5291 918 5347 solem
961 5291 1268 5346 interventu
1294 5289 1614 5361 lunae,quae
1657 5291 1884 5348 inferior
1921 5309 2104 5358 cursu,

512 5385 695 5441 lumen
720 5386 788 5440 ad
816 5395 1034 5441 nostros
1052 5383 1240 5440 oculos
1267 5399 1375 5439 non
1399 5397 1561 5454 posse
1580 5384 1925 5453 perfundere,
1962 5385 2106 5456 quod

513 5477 577 5531 ﬁt
603 5476 660 5530 in
688 5485 932 5547 tempore
979 5475 1318 5532 accensionis
1357 5475 1510 5548 ejus;
1541 5475 1724 5530 lunam
1751 5492 1879 5531 vero
1907 5477 2102 5532 simili-

514 5577 620 5633 ter,
653 5584 775 5638 qua:
820 5585 851 5623 a
889 5570 1003 5625 sole
1029 5569 1354 5635 illustratur,
1402 5584 1499 5639 per
1525 5570 1774 5625 umbram
1812 5578 1974 5625 terrai
2002 5570 2100 5626 ob-

514 5662 726 5716 scurari
769 5663 824 5717 in
851 5663 1168 5733 plenilunio,
1197 5664 1300 5718 hoc
1325 5670 1410 5718 est
1455 5664 1510 5717 in
1553 5662 1741 5732 quinta
1780 5661 1989 5717 decima
2018 5663 2104 5719 die

513 5753 696 5809 astatis
715 5754 851 5826 ejus,
895 5755 1112 5827 quando
1157 5754 1240 5812 sol
1275 5755 1330 5810 in
1374 5754 1481 5809 alia
1527 5762 1678 5822 parte
1717 5751 1860 5817 cwli,
1895 5770 1958 5806 ex
1998 5753 2102 5807 alia

515 5844 644 5899 luna
691 5846 913 5903 relucet.
975 5848 1045 5902 Et
1083 5848 1211 5903 ideo
1263 5863 1372 5902 non
1426 5855 1506 5900 est
1551 5860 1774 5899 necesse
1801 5886 1813 5907 ,
1865 5845 2100 5909 fratres,

2210 3451 2365 3522 quasi
2391 3449 2527 3505 clavi
2554 3453 2612 3506 in
2651 3452 2818 3507 oculis
2852 3467 2899 3506 et
2935 3453 3133 3509 lancea:
3158 3456 3213 3509 in
3241 3455 3524 3523 lateribus,
3559 3469 3607 3513 et
3635 3456 3804 3510 adver-

2208 3542 2471 3598 sabantur
2512 3543 2655 3599 vobis
2683 3546 2741 3598 in
2784 3554 2926 3600 terra
2964 3547 3309 3602 habitatitmis
3347 3560 3558 3617 vestrae,
3590 3559 3638 3604 et
3663 3547 3803 3620 quid-

2209 3635 2338 3706 quid
2367 3635 2475 3692 illis
2504 3637 2677 3708 facere
2708 3639 3081 3709 cogitaveram,
3124 3641 3265 3696 vobis
3295 3642 3518 3710 faciam.
3549 3643 3800 3704 Audistis,

2209 3726 2411 3783 fratres
2435 3729 2766 3796 charissimi,
2797 3745 2960 3798 quam
2993 3732 3310 3790 terribiliter
3333 3735 3523 3792 divina
3546 3751 3652 3791 vox
3673 3749 3802 3791 com-

2209 3822 2452 3877 minatur
2477 3821 2561 3877 his
2588 3822 2682 3892 qui
2708 3823 3058 3879 adversarios
3086 3841 3213 3881 suos
3243 3841 3434 3884 secum
3463 3843 3687 3885 manere
3717 3842 3800 3897 pa—

2210 3916 2452 3982 tiuntur;
2486 3916 2653 3971 timeo
2683 3919 2826 3987 quod
2857 3919 3026 3973 vestri
3065 3921 3472 3979 cohabitatores
3499 3923 3652 3979 vobis
3682 3922 3801 3974 ﬁant

2210 4007 2268 4061 in
2305 4007 2621 4062 scandalum
2646 4016 2702 4062 et
2725 4008 2781 4062 in
2815 4009 3049 4074 ruinam,
3079 4025 3311 4080 quorum
3341 4029 3527 4070 mores
3547 4010 3796 4085 pravissi—

2211 4114 2329 4154 mos
2365 4100 2676 4154 imitamini.
2726 4100 3008 4168 Quomodo
3055 4104 3199 4158 enim
3227 4120 3349 4160 cum
3383 4106 3604 4162 Christo
3629 4114 3681 4160 et
3709 4119 3798 4157 an-

2209 4190 2343 4261 gelis
2377 4190 2492 4261 ejus
2538 4194 2840 4264 regnabunt
2883 4195 2936 4250 in
2980 4195 3150 4261 uelis,
3184 4197 3277 4266 qui
3330 4212 3458 4252 cum
3509 4196 3718 4253 diabolo
3749 4201 3797 4248 et

2210 4283 2474 4339 ministris
2499 4285 2616 4357 ejus
2647 4287 2966 4342 societatem
2996 4287 3198 4342 habent
3225 4288 3281 4342 in
3303 4291 3508 4346 terris?
3540 4286 3797 4360 quomodo

2209 4373 2523 4444 gaudebunt
2547 4375 2604 4429 in
2650 4377 2900 4433 convivio
2940 4379 3167 4449 perenni
3199 4388 3542 4448 sanctorum,
3573 4380 3665 4452 qui
3700 4391 3796 4431 non

2211 4472 2476 4534 reSpuunt
2494 4466 2742 4522 convivia
2760 4467 2994 4523 nefanda
3017 4471 3390 4540 paganorum?
3412 4471 3524 4526 Aut
3543 4465 3797 4540 quomodo

2212 4558 2269 4612 in
2298 4558 2419 4613 luce
2439 4568 2704 4630 perpetua
2727 4571 2955 4631 possunt
2975 4563 3164 4618 laudes
3192 4563 3302 4618 Deo
3335 4565 3518 4620 dicere
3555 4579 3675 4618 cum
3713 4576 3798 4613 an-

2213 4649 2369 4720 gelis,
2392 4651 2485 4720 qui
2510 4653 2597 4706 hic
2623 4652 2836 4707 diabolo
2868 4654 3125 4710 exhibent
3158 4655 3403 4712 funestos
3428 4657 3587 4712 ludos
3614 4656 3667 4709 in
3689 4652 3796 4707 ido-

2213 4742 2318 4797 lis?
2343 4741 2635 4813 Apostolus
2655 4752 2839 4800 autem
2859 4745 3168 4817 hujusmodi
3191 4761 3290 4802 nos
3309 4749 3586 4803 consortia
3609 4746 3796 4802 habere

2211 4844 2359 4891 vetat
2387 4843 2444 4891 et
2473 4836 2603 4892 dicit
2629 4838 2682 4910 (Ι
2713 4837 2836 4894 Cor.
2867 4839 2958 4911 x):
2996 4840 3329 4908 Charissimi,
3351 4841 3517 4912 fugite
3549 4841 3613 4893 ab
3640 4836 3795 4892 idolo-

2213 4944 2330 4982 rum
2361 4926 2593 4983 cultura.
2634 4928 2776 4984 Nolo
2806 4941 2982 4985 autem
3010 4948 3098 4986 vos
3131 4929 3249 5000 ﬁeri
3295 4933 3464 4986 socios
3517 4926 3792 4984 dwmom’o-

2212 5036 2329 5073 rum
2349 5037 2370 5086 ;
2406 5035 2511 5074 non
2538 5022 2749 5091 potestis
2781 5021 2998 5078 calicem
3040 5020 3257 5073 Domini
3297 5020 3469 5075 bibere
3491 5031 3538 5074 et
3589 5017 3792 5073 calicem

2210 5110 2635 5170 dwmouturum;
2673 5122 2776 5158 non
2801 5109 3010 5175 potestis
3042 5123 3236 5162 mensa:
3265 5108 3481 5164 Domini
3522 5108 3791 5180 participes

2210 5208 2353 5258 esse,
2415 5201 2463 5246 et
2525 5211 2718 5247 mensw
2773 5195 3176 5252 dwmoniorum.
3227 5198 3296 5253 Et
3348 5201 3478 5254 item
3529 5198 3635 5253 alio
3684 5197 3790 5249 loco

2210 5284 2295 5356 (Il
2327 5281 2452 5338 Cor.
2484 5284 2562 5357 γι)
2594 5301 2608 5339 :
2635 5285 2835 5354 Nolite,
2863 5288 3058 5358 inquit,
3088 5292 3282 5363 jugum
3317 5293 3506 5350 ducere
3532 5307 3651 5368 cum
3681 5286 3792 5356 inli-

2208 5377 2432 5432 delibus.
2471 5377 2603 5443 Quae
2634 5380 2774 5434 enim
2815 5383 3148 5454 participatio
3163 5386 3410 5452 justitiw,
3449 5403 3565 5448 cum
3611 5380 3787 5455 iniqui?

2208 5481 2339 5538 tate,
2380 5480 2474 5524 aut
2514 5487 2633 5541 qua:
2659 5473 2882 5525 societas
2907 5473 3012 5526 luci
3038 5474 3108 5527 ad
3151 5475 3426 5542 tenebras;
3465 5492 3582 5546 qua:
3625 5479 3787 5526 autem

2210 5564 2481 5618 conventio
2512 5561 2710 5618 Christi
2736 5565 2807 5618 ad
2825 5563 3018 5632 Belial,
3051 5577 3141 5620 aut
3169 5586 3448 5640 quispam
3495 5567 3639 5638 ﬁdeli
3676 5574 3783 5618 cunt

2209 5655 2410 5726 inﬁdeli
2433 5671 2452 5710 :
2474 5656 2592 5727 quis
2615 5665 2791 5710 autem
2816 5673 3100 5712 consensus
3129 5661 3319 5730 templo
3343 5647 3444 5716 Dei
3469 5675 3586 5714 cum
3609 5651 3782 5718 idolis:

2211 5765 2298 5804 vos
2319 5749 2442 5802 estis
2469 5747 2714 5818 templum
2744 5747 2842 5801 Dei
2869 5749 2999 5814 vivi;
3026 5751 3162 5804 sicut
3199 5751 3326 5806 dicit
3367 5752 3529 5818 Deus,
3558 5764 3678 5820 quia
3708 5743 3782 5798 iw

2211 5841 2457 5895 habitabo
2487 5841 2542 5894 in
2572 5840 2700 5906 illis,
2731 5849 2778 5894 et
2807 5840 3142 5896 inambulabo
3178 5843 3314 5897 inter
3343 5861 3448 5910 eos,
3489 5852 3537 5897 et
3563 5855 3650 5896 ero
3670 5834 3778 5890 illo-
