4036 6370
267 379 336 415 1⁸1³.
949 380 978 414 ξ’
1041 377 1193 414 νίὲριη

270 463 504 542 "8i'y!-u-l
550 489 557 516 1
611 501 668 524 ",5:
699 487 845 535 ἰιιιῖει
874 486 897 532 ,ἲ

263 611 266 614 ~
301 593 422 634 rum
449 577 618 642 Deus,
657 586 729 631 etw
759 577 853 647 ipsi
895 586 1045 631 erunt
1089 576 1216 632 mihi
1252 577 1492 648 populus.
1522 575 1880 648 Quapropter,
1909 578 1963 638 Α
1999 599 2042 639 ορ.

277 703 282 706 -
304 671 507 732 "fratres
535 667 864 731 cbarissimi,
881 668 948 722 ab
975 667 1294 736 huiusmodi.
1311 684 1406 725 vos
1431 669 1708 726 erroribus
1732 713 1733 716 η
1754 684 1884 738 pur—

285 770 454 834 :gate,
489 769 547 816 et
576 758 717 815 ﬁlios
745 767 956 816 vestros
995 765 1062 815 ac
1097 759 1341 816 subditos
1387 761 1456 816 ab
1499 761 1603 816 hac
1643 761 1884 831 nequitia

263 895 270 905 .
304 851 659 924 castigantes,
683 850 887 916 tollite;
912 850 1092 906 nullus
1109 867 1182 908 ex
1208 851 1697 924 vobiseharagios,
1729 862 1784 908 et
1802 854 1884 909 di-

273 948 500 1010 -~vlnos,~
524 943 608 1000 vel
636 935 921 1015 sortilegos
946 945 1208 1014 requirat,
1229 961 1342 1002 nec
1367 945 1432 1002 de
1455 948 1696 1016 qualibet
1721 962 1884 1003 causa

301 1049 402 1091 eos
428 1044 523 1090 aut
548 1035 863 1091 infirmitate
891 1036 1216 1107 interroget;
1243 1037 1429 1094 nullus
1454 1038 1556 1094 sibi
1582 1039 1886 1096 incantato-

271 1141 397 1181 u-res
439 1125 727 1181 adhibeat:
754 1126 881 1196 quia
908 1126 1231 1196 ‘quicunque
1273 1128 1466 1184 fecerit
1517 1131 1620 1186 hoc
1661 1130 1881 1197 malum,

285 1217 491 1272 ,statim
527 1217 719 1286 perdet
772 1217 1023 1286 baptismi
1063 1227 1484 1287 sacramentum,
1535 1229 1591 1277 et
1627 1223 1886 1278 continuo

299 1307 609 1375 sacrilegus
632 1313 688 1361 et
708 1322 951 1378 paganus
975 1306 1203 1368 efﬁcitur
1230 1327 1246 1366 :
1269 1319 1327 1367 et
1351 1312 1459 1367 nisi
1484 1313 1718 1382 grandes
1744 1314 1886 1370 elee—

307 1415 568 1471 mosynte,
594 1408 648 1455 et
675 1400 808 1454 dura
839 1416 903 1456 ac
941 1402 1148 1471 prolixa
1181 1405 1504 1473 poenitentia
1551 1406 1883 1472 subvenerit,

305 1493 363 1548 in
392 1501 654 1547 aeternum
687 1493 903 1562 peribit.
929 1493 1189 1550 Similiter
1228 1505 1284 1551 et
1333 1498 1556 1567 auguria
1595 1497 1886 1554 observare

271 1633 275 1636 .
304 1584 492 1649 nolite,
525 1599 625 1640 nec
648 1585 702 1639 in
743 1585 937 1640 itinere
961 1588 1121 1656 positi
1168 1587 1374 1658 aliquas
1401 1589 1638 1645 aviculas
1661 1601 1886 1646 cantan-

305 1684 386 1730 tes
413 1677 712 1743 attendere,
741 1693 841 1732 nec
879 1693 946 1732 ex
993 1679 1206 1734 illarum
1248 1681 1461 1735 cantico
1490 1682 1784 1737 diabolicas
1810 1682 1889 1736 di-

302 1767 614 1823 vinationes
633 1769 952 1824 annuntiare
967 1770 1296 1839 praesumite.
1325 1771 1512 1827 Nullus
1531 1787 1598 1828 ex
1616 1773 1770 1828 vobis
1791 1773 1886 1829 oh-

301 1865 485 1912 servet
513 1874 617 1928 qua
649 1859 736 1912 die
761 1860 827 1913 de
859 1862 1017 1914 domo
1059 1870 1239 1928 exeat,
1273 1879 1378 1933 qua
1407 1865 1602 1919 iterum
1645 1876 1886 1921 reverta-

1165 423 1194 495 Ϊ
1261 415 1562 520 ubam
1603 399 2411 546 nnlresrts‘ignmcnPUIS,
2452 455 2602 511 mc.
2688 411 2690 432 ί
3021 533 3026 538 η
3496 451 3566 510 82

2518 570 2795 628 HOMlLlA
2846 569 3025 625 XLIV.

2000 723 2024 730 _
2058 684 2122 728 DE
2156 679 2402 726 BONORUI
2436 678 2866 720 CHRISTIANORUI
2903 678 2971 716 ΕΤ
3013 678 3043 716 Ε
3087 676 3390 718 60111⁵3ωο
3426 679 3493 720 D3

2507 749 2759 792 MALORUI
2803 748 3048 789 MORIBUS.

1967 883 1978 916 ί
2017 869 2019 871 ί
2058 851 2282 922 Oportet
2308 865 2424 917 vos,
2448 848 2646 905 fratres
2675 846 3002 913 cbarissimi,
3032 845 3262 901 sollicite
3279 851 3338 900 et
3356 845 3564 905 intente

1987 942 2332 998 considerare
2369 940 2735 998 Christianum
2778 953 3007 1004 nomen,
3057 937 3200 1006 quod
3242 950 3342 992 nos
3378 950 3569 993 omnes

1977 1033 2281 1104 gaudemus
2328 1033 2548 1100 habere,
2599 1030 2728 1100 quid
2773 1029 2927 1086 nobis
2971 1028 3234 1097 designet,
3274 1026 3407 1097 quid
3447 1040 3570 1097 pro-

1971 1124 2188 1191 ;mittat,
2232 1123 2466 1193 quidque
2496 1121 2652 1176 nobis
2700 1119 2827 1175 boni
2854 1117 3118 1183 conferat,
3157 1118 3258 1172 hoc
3297 1125 3402 1182 est,
3439 1117 3570 1187 quid

1985 1215 2254 1286 signiﬁcet
2293 1213 2350 1270 in
2380 1212 2656 1285 religione,
2702 1212 2832 1283 quid
2877 1211 3154 1282 promittat
3181 1210 3234 1263 in
3283 1224 3401 1279 spe,
3438 1208 3569 1278 quid

1973 1305 2234 1363 conferat
2258 1305 2313 1360 in
2336 1304 2792 1360 remuneratione.
2828 1303 2875 1357 A
2903 1302 3117 1356 Christo
3143 1301 3286 1355 enim
3315 1300 3454 1355 Filio
3473 1300 3572 1355 Dei

1988 1397 2264 1469 unigenito
2298 1394 2592 1451 Christiani
2634 1410 2910 1458 vocamur,
2953 1401 3006 1447 et
3050 1393 3170 1447 ideo
3201 1393 3291 1460 qui
3336 1393 3465 1447 dicit
3507 1405 3569 1448 se

1989 1489 2357 1546 Christianum
2385 1503 2526 1553 esse,
2554 1487 2710 1541 debet
2735 1487 2873 1541 sicut
2913 1484 3002 1539 ille
3042 1484 3337 1538 ambulavit
3361 1491 3415 1539 et
3455 1484 3572 1554 ipse

1989 1580 2288 1645 ambulare,
2319 1579 2373 1633 id
2397 1586 2482 1633 est
2512 1577 2565 1631 in
2589 1577 2816 1647 justitia,
2848 1586 2904 1630 et
2944 1576 3251 1640 sanctitate,
3298 1584 3458 1644 atque
3484 1590 3574 1630 ve-

1991 1673 2194 1728 ritate:
2223 1673 2328 1726 hoc
2348 1671 2490 1726 enim
2534 1685 2634 1724 nos
2670 1671 2922 1724 admonet
2949 1683 3144 1722 nomen
3181 1666 3568 1721 Christianum.
3609 1695 3613 1702 -

1991 1764 2060 1818 Et
2099 1762 2406 1833 quicunque
2435 1760 2520 1816 his
2564 1760 2837 1830 gressibus
2876 1757 3151 1812 Christum
3198 1757 3462 1826 sequitur,
3505 1757 3572 1810 ad

1990 1872 2282 1928 supernam
2313 1855 2484 1912 tendit
2507 1855 2759 1924 patriam,
2783 1862 2839 1906 et
2867 1853 3035 1907 vitam
3066 1853 3118 1905 in
3150 1850 3302 1906 caelis
3338 1849 3572 1918 accipiet

306 1956 415 2011 tur,
445 1948 571 2016 quia
604 1963 792 2004 omnes
822 1951 936 2006 dies
973 1951 1117 2008 Deus
1144 1929 1309 2021 fecit,-
1331 1956 1470 2010 sicut
1496 1955 1778 2026 Scriptura
1805 1959 1886 2013 di-
1988 1951 2395 2020 sempiternam.
2422 1948 2539 2002 Non
2573 1947 2728 2002 nobis
2756 1946 2976 2010 sufficit,
3002 1945 3222 2008 fratres,
3250 1943 3391 2012 quod
3417 1941 3575 1996 Chri-

299 2040 377 2093 cit
404 2057 419 2093 :
447 2040 517 2093 Et
544 2041 713 2110 factus
755 2053 828 2096 est
857 2043 968 2097 dies
1012 2045 1229 2114 primus,
1280 2057 1328 2100 et
1368 2047 1477 2101 dies
1514 2049 1794 2114 secundus,
1838 2059 1888 2103 et

300 2132 413 2186 dies
441 2134 623 2187 tertius
647 2133 800 2205 (Gen.
837 2137 899 2205 l),
936 2136 1186 2192 similiter
1211 2146 1266 2192 et
1291 2147 1536 2208 quartus,
1564 2147 1620 2194 et
1644 2141 1885 2210 quintus,

299 2233 357 2276 et
385 2232 590 2290 sextus,
621 2233 676 2279 et
723 2228 1042 2293 sabbatum;
1071 2237 1126 2283 et
1158 2228 1287 2282 illud
1315 2247 1327 2282 :
1353 2227 1504 2284 Fecit
1542 2229 1682 2284 Deus
1712 2234 1887 2286 omnia

301 2313 437 2367 bona
468 2313 620 2369 valde
645 2314 799 2387 (Gen.
833 2317 917 2388 ιι).
943 2317 1066 2372 lllas
1086 2332 1217 2373 vero
1239 2334 1346 2374 non
1373 2320 1548 2374 solum
1573 2321 1886 2392 sacrilegas,

300 2407 396 2460 sed
427 2407 590 2461 etiam
614 2407 954 2473 ridiculosas,
989 2410 1410 2464 sternutationes
1449 2412 1796 2467 considerare
1835 2422 1890 2468 et

299 2498 598 2553 observare
639 2499 844 2564 nolite;
880 2499 975 2554 sed
1013 2501 1222 2569 quoties
1267 2502 1420 2557 vobis
1467 2503 1521 2556 in
1564 2519 1888 2574 quacunque

301 2598 458 2659 parte
497 2590 661 2644 fuerit
707 2590 1003 2646 necessitas
1051 2593 1399 2662 pr0perandi,
1433 2593 1643 2663 signate
1686 2610 1782 2650 vos
1832 2596 1888 2650 in

273 2682 523 2756 nomine
563 2683 790 2750 Christi,
815 2693 869 2739 et
900 2685 1209 2756 Symbolum
1241 2687 1603 2758 apostolorum
1644 2690 1728 2745 vel
1755 2689 1888 2745 Ora-

305 2772 507 2826 tionem
551 2775 886 2830 Dominicam
917 2776 1151 2831 ﬁdeliter
1175 2779 1437 2846 dicentes,
1483 2781 1660 2836 securi
1698 2782 1764 2836 de
1793 2782 1885 2836 Dei

308 2863 607 2930 adjutorio,
631 2867 732 2920 iter
759 2868 922 2938 agite.
953 2868 1019 2922 Et
1043 2871 1169 2938 quia
1198 2872 1413 2939 quando
1438 2873 1744 2942 supradicta
1774 2889 1888 2928 om—

311 2953 403 3004 nia
436 2953 738 3026 sacrilegia,
765 2957 872 3012 Deo
889 2958 1042 3013 vobis
1071 2959 1388 3028 inspirante,
1419 2972 1766 3019 contemnere
1799 2965 1885 3019 vel

277 3118 280 3120 V
306 3040 593 3110 despicere
622 3047 915 3115 cmperitis,
948 3049 1062 3105 scio
1089 3051 1231 3120 quod
1259 3051 1484 3108 moleste
1510 3053 1613 3108 hoc
1643 3063 1886 3124 acceptu-

303 3147 401 3185 rus
429 3140 511 3186 est
554 3133 816 3201 diabolus,
854 3141 981 3207 quia
1024 3155 1121 3194 vos
1150 3141 1296 3197 videt
1327 3143 1393 3197 de
1436 3144 1673 3199 amicitia
1705 3144 1791 3200 vel
1820 3145 1886 3201 de

302 3222 563 3278 societate
597 3240 692 3280 sua
720 3227 998 3282 discedere
1017 3238 1070 3284 et
1096 3232 1373 3302 sacrilegia
1400 3247 1497 3304 per
1523 3250 1642 3305 quae
1670 3250 1767 3291 vos
1793 3237 1886 3291 de-

1989 2044 2224 2099 stianum
2260 2057 2453 2097 nomen
2495 2040 2826 2111 accepimus,
2858 2039 2904 2093 si
2931 2051 3094 2107 opera
3130 2034 3436 2090 Christiana
3463 2046 3572 2085 non

1988 2134 2274 2190 fecerimus
2303 2151 2313 2185 :
2343 2132 2418 2186 illi
2449 2133 2590 2186 enim
2621 2131 2858 2201 prodest,
2890 2128 3032 2197 quod
3067 2125 3406 2182 Christianus
3436 2121 3574 2177 dici-

1988 2235 2100 2289 tur,
2140 2223 2230 2293 qui
2259 2221 2579 2276 charitatem
2620 2220 2810 2290 diligit,
2842 2218 3161 2274 ebrietatem
3190 2215 3348 2285 fugit,
3380 2226 3573 2283 super-

1986 2316 2129 2370 biam
2179 2316 2499 2377 detestatur,
2570 2312 2826 2366 invidiam
2876 2310 3020 2364 velut
3057 2322 3324 2363 venenum
3374 2303 3575 2360 diaboli

1988 2409 2225 2480 respuit;
2256 2408 2345 2462 ille
2369 2422 2498 2462 vero
2518 2404 2858 2461 Christianus
2885 2411 2968 2458 est
2993 2401 3083 2471 qui
3113 2399 3317 2454 furtum
3346 2413 3454 2452 non
3493 2393 3576 2450 fa-

1988 2503 2083 2568 cit,
2111 2503 2202 2572 qui
2231 2501 2423 2556 t‘alsum
2453 2499 2819 2555 testimonium
2849 2509 2955 2551 non
2988 2495 3140 2559 dicit,
3169 2493 3262 2563 qui
3292 2507 3394 2546 nec
3415 2505 3573 2544 men-

1989 2593 2142 2657 titur,
2178 2608 2278 2647 nec
2321 2591 2595 2661 perjurat;
2625 2589 2715 2659 qui
2752 2587 3075 2642 adulterium
3115 2599 3224 2638 non
3265 2580 3575 2647 committit,

1989 2681 2081 2748 qui
2110 2681 2175 2734 ad
2203 2679 2487 2734 ecclesiam
2530 2677 2867 2747 frequentius
2900 2675 3066 2738 venit,
3099 2674 3192 2743 qui
3209 2673 3276 2727 de
3309 2669 3578 2726 fructibus

1989 2772 2100 2826 suis
2137 2787 2242 2826 non
2270 2780 2450 2842 gustat
2481 2771 2584 2825 nisi
2630 2771 2779 2839 prius
2805 2784 2871 2824 ex
2901 2768 3034 2839 ipsis
3072 2767 3185 2821 Deo
3214 2764 3415 2834 aliquid
3446 2761 3579 2818 olfe-

1987 2871 2096 2928 rat,
2124 2863 2215 2933 qui
2257 2862 2496 2917 decimas
2526 2861 2681 2915 annis
2728 2859 2951 2931 singulis
2997 2857 3297 2927 erogandas
3327 2853 3581 2924 pauperi-

1990 2956 2093 3011 bus
2117 2954 2312 3020 reddit,
2343 2955 2433 3024 qui
2464 2954 2837 3009 sacerdotibus
2860 2952 2972 3007 suis
2997 2952 3261 3005 honorem
3294 2945 3572 3016 impendit,

1988 3048 2080 3118 qui
2110 3063 2298 3102 omnes
2327 3048 2571 3102 homines
2598 3047 2738 3102 sicut
2766 3045 3002 3114 seipsum
3027 3041 3222 3112 diligit,
3248 3039 3341 3110 qui
3374 3037 3580 3092 nullum

1989 3138 2262 3194 hominem
2307 3139 2431 3193 odio
2457 3137 2638 3192 habet.
2669 3137 2760 3192 llle
2800 3151 2930 3191 vero
2966 3150 3072 3188 non
3107 3133 3280 3186 solum
3318 3129 3584 3185 Christia-

1988 3245 2091 3284 nus
2114 3239 2214 3295 est,
2241 3229 2334 3284 sed
2355 3229 2470 3299 ipse
2497 3228 2746 3283 Christus
2770 3227 2826 3281 in
2857 3225 2948 3280 illo
2967 3225 3202 3288 habitat,
3228 3223 3320 3292 qui
3345 3227 3578 3276 stateras

269 3311 540 3406 ’cipiebat
573 3325 937 3382 contemnere,
983 3320 1192 3390 aliquas
1234 3324 1504 3392 nequitias
1533 3325 1687 3380 vobis
1716 3325 1889 3382 factu—
1915 3315 1960 3379 C
1992 3321 2206 3376 dolosas
2245 3330 2300 3375 et
2327 3335 2608 3374 mensuras
2651 3318 2890 3387 duplices
2923 3317 3072 3368 velut
3116 3313 3353 3382 gladium
3383 3309 3582 3366 diaboli

302 3408 398 3456 'rus
419 3413 523 3470 est,
565 3417 659 3461 aut
705 3407 940 3478 aliquam
982 3410 1351 3469 infirmitatem
1383 3414 1747 3481 immissurus,
1790 3425 1885 3471 aut

265 3493 268 3496 ’
301 3492 521 3565 aliquod
547 3498 770 3565 animal,
799 3509 892 3555 aut
935 3517 1034 3572 per
1081 3505 1330 3560 morbum
1359 3514 1455 3560 aut
1491 3522 1589 3576 per
1616 3509 1889 3579 evagatio-

302 3600 426 3639 nem
465 3596 552 3641 est
581 3588 878 3658 ablaturus,
907 3594 1036 3662 quia
1058 3595 1125 3650 ad
1171 3611 1266 3651 vos
1290 3598 1596 3666 probandos
1619 3599 1723 3654 hoc
1744 3598 1888 3655 Deus

303 3677 572 3746 permittit
597 3681 736 3748 ﬁeri,
780 3690 841 3738 ut
869 3693 1126 3755 agnoscat
1147 3695 1328 3743 utrum
1359 3687 1591 3745 fideliter
1618 3691 1685 3744 ad
1711 3692 1887 3761 ipsum

187 3760 206 3771 ’
301 3768 552 3834 venistis,
586 3773 704 3827 etsi
750 3776 1091 3831 totadiaboli
1128 3780 1560 3835 machinamenta
1592 3760 1887 3852 despicitis,

303 3869 362 3914 et
381 3870 564 3916 utrum
592 3863 711 3933 plus
743 3866 918 3922 valeat
955 3870 1094 3938 apud
1117 3884 1215 3926 vos
1244 3886 1395 3925 amor
1427 3887 1557 3927 suus
1595 3888 1759 3942 quam
1797 3888 1891 3928 cu-

275 3946 496 4021 jusque
529 3956 778 4012 animalis
815 3960 1052 4015 amissio.
1085 3960 1190 4017 Sed
1217 3962 1262 4018 si
1307 3963 1472 4018 semel
1516 3973 1608 4018 aut
1655 3965 1890 4020 secundo

303 4047 577 4115 nequitias
601 4067 734 4119 quas
755 4052 1001 4109 diabolus
1025 4057 1333 4125 immiserit,
1363 4068 1475 4115 toto
1498 4064 1678 4117 animo
1701 4073 1756 4118 et
1779 4071 1892 4118 tota

304 4136 412 4192 fide
431 4145 885 4211 contempseritis,
915 4145 986 4200 ita
1023 4148 1196 4218 ipsum
1227 4150 1498 4206 diabolum
1527 4162 1712 4222 postea
1743 4170 1772 4207 a
1801 4139 1894 4210 ve-

301 4239 415 4285 stra
451 4231 792 4289 infestatione
821 4237 1080 4308 repellere
1105 4240 1415 4310 dignabitur
1450 4243 1613 4310 Deus,
1645 4255 1703 4300 ut
1753 4262 1892 4300 nun-

302 4337 467 4390 quam
506 4339 602 4378 vos
651 4328 820 4395 possit
867 4344 961 4382 sua
1009 4329 1301 4386 calliditate
1335 4333 1602 4404 decipere.
1645 4335 1893 4391 Christus

301 4416 450 4468 enim
478 4417 621 4471 Deus
644 4428 830 4473 noster
867 4421 1040 4489 ipsum
1087 4423 1359 4478 diabolum
1385 4434 1441 4481 et
1475 4427 1752 4482 ministros
1778 4427 1893 4496 ejus

303 4507 417 4560 sola
449 4515 715 4574 potestate
745 4525 840 4563 sua
888 4511 1070 4576 habet,
1121 4528 1218 4569 nec
1238 4529 1335 4570 vos
1360 4523 1541 4584 potest
1583 4532 1683 4571 nec
1711 4526 1894 4573 vestra

297 4598 356 4653 in
384 4599 567 4669 aliquo
595 4616 790 4655 nocere
829 4602 932 4656 nisi
981 4612 1241 4672 quantum
1287 4606 1355 4660 ab
1392 4608 1509 4676 ipso
1537 4609 1887 4677 permittitur.

301 4693 581 4748 Permittit
619 4704 799 4750 autem
823 4691 928 4751 hoc
969 4697 1110 4753 Deus
1139 4698 1348 4754 duabus
1372 4715 1440 4754 ex
1468 4701 1676 4768 causis;
1707 4710 1768 4756 ut
1795 4711 1888 4757 aut

287 4789 402 4836 nos
429 4782 622 4852 probet
649 4785 696 4838 si
726 4785 851 4840 boni
883 4801 1088 4850 sumus,
1139 4795 1232 4841 aut
1264 4789 1515 4859 castiget,
1549 4789 1594 4844 si
1631 4798 1885 4859 peccato-

301 4886 423 4936 res;
459 4881 512 4926 et
541 4874 663 4929 ideo
685 4876 860 4945 ipsum
890 4877 1098 4943 timete,
1123 4878 1199 4932 illi
1228 4878 1327 4934 soli
1354 4880 1578 4945 servite,
1605 4883 1804 4938 mentis
1833 4893 1888 4938 et

279 4963 550 5032 "corporis
586 4965 880 5052 puritatem
925 4977 1160 5035 servate,
1189 4985 1350 5025 omne
1373 4985 1542 5040 genus
1577 4972 1889 5030 fornicatio-

305 5054 390 5107 nis
415 5063 477 5106 ut
501 5062 708 5122 pestem
737 5053 822 5109 vel
846 5055 1294 5125 mortem‘t‘ugite,
1323 5062 1681 5128 continentes,
1712 5065 1888 5120 humi-

304 5145 404 5208 les,
448 5147 607 5200 mites
634 5160 696 5201 ac
733 5141 1000 5217 patientes
1023 5155 1219 5212 estote,
1262 5132 1884 5218 frugalitatem‘dili'gité,

269 5238 437 5292 "etin
458 5246 605 5293 recta
634 5238 737 5294 ﬁde
757 5254 822 5294 ac
841 5238 999 5296 bonis
1020 5239 1272 5308 operibus
1297 5255 1470 5309 usque
1497 5239 1550 5293 in
1581 5237 1742 5294 finem
1765 5240 1891 5298 vitae

269 5333 657 5399 'perseverare
700 5327 932 5396 studete,
961 5337 1015 5386 et
1041 5331 1121 5386 sic
1165 5330 1232 5384 ad
1271 5337 1529 5385 aeternam
1570 5331 1736 5384 vitam
1774 5331 1890 5387 sine

297 5417 418 5473 nlla
465 5432 617 5473 mora
654 5417 1018 5489 pervenietis:
1050 5429 1340 5488 pne-stante
1381 5419 1499 5490 ipso
1529 5418 1890 5490 Redemptore

307 5517 498 5565 nostro
527 5508 653 5566 Iesu
677 5509 915 5575 Christo,
946 5509 1039 5579 qui
1085 5524 1210 5564 cum
1254 5507 1415 5565 Patre
1442 5517 1497 5565 et
1533 5509 1738 5580 Spiritu
1766 5525 1892 5565 san-

275 5605 398 5658 “cto
421 5601 557 5657 vivit
577 5611 634 5657 et
659 5611 850 5674 regnat
884 5602 1028 5657 Deus
1077 5617 1173 5672 per
1209 5601 1392 5658 omnia
1435 5601 1636 5658 saecula
1667 5601 1892 5659 saculo-

484 5694 674 5751 Amen.

1988 3413 2341 3486 pertimescit.
2393 3410 2484 3465 llle
2515 3411 2687 3464 bonus
2716 3407 3057 3462 Christianus
3106 3412 3188 3458 est
3232 3403 3326 3473 qui
3367 3401 3583 3470 quando

1990 3505 2058 3559 ad
2099 3502 2385 3558 ecclesiam
2441 3500 2609 3566 venit,
2658 3507 2711 3552 et
2749 3495 3078 3552 oblationem
3124 3507 3243 3562 qua:
3288 3491 3344 3545 in
3385 3488 3580 3545 altario

1991 3596 2172 3650 mittat
2193 3594 2430 3657 exhibet,
2458 3600 2514 3646 et
2541 3588 2889 3661 pauperibus,
2923 3587 3221 3642 secundum
3247 3582 3389 3652 quod
3431 3581 3580 3635 vires

1992 3686 2174 3749 habet,
2222 3693 2314 3738 aut
2341 3690 2626 3752 argentum
2652 3679 2883 3751 porrigit
2926 3684 3021 3732 aut
3050 3675 3270 3730 cibum:
3302 3671 3390 3740 qui
3422 3684 3581 3739 pere-

1992 3779 2176 3851 grinos
2204 3778 2260 3832 in
2288 3777 2503 3831 domum
2537 3787 2688 3828 suam
2715 3769 2936 3837 excipit,
2969 3767 3062 3835 qui
3089 3760 3391 3830 hospitibus
3417 3758 3584 3828 pedes

1992 3871 2164 3936 lavat;
2191 3869 2282 3939 qui
2320 3883 2427 3923 non
2470 3865 2643 3920 solum
2681 3861 2804 3946 lites
2848 3873 2955 3912 non
2995 3854 3260 3919 concitat;
3293 3851 3387 3906 sed
3413 3851 3580 3907 etiam

1992 3961 2271 4017 discordes
2313 3960 2379 4013 ad
2409 3945 2777 4014 concordiam"
2794 3959 3041 4011 revocat;
3091 3945 3182 4015 qni
3212 3952 3267 4000 et
3291 3945 3405 4014 ipse
3433 3949 3584 3998 caste

1991 4053 2143 4116 vivit,
2176 4058 2230 4106 et
2265 4049 2402 4103 filios
2428 4046 2512 4101 vel
2539 4045 2745 4100 vicinos
2785 4055 2912 4096 suos
2945 4049 3002 4092 ut
3027 4045 3175 4092 caste
3200 4042 3255 4088 et
3298 4033 3475 4088 sobrie
3501 4031 3583 4086 vi-

1993 4152 2124 4198 vant
2151 4151 2206 4195 et
2234 4140 2414 4194 verbis
2439 4139 2692 4192 admonet
2715 4141 2770 4188 et
2788 4129 3051 4198 exemplis
3083 4128 3259 4181 docet.
3294 4124 3385 4178 [lle
3407 4123 3583 4178 bonus

1994 4232 2334 4288 Christianus
2361 4236 2444 4283 est
2482 4227 2573 4296 qui
2612 4225 2826 4295 quoties
2857 4229 3058 4276 sanctae
3097 4217 3468 4272 solemnitates
3491 4227 3584 4270 ve:

1993 4325 2170 4386 niunt,
2199 4329 2258 4375 ut
2287 4320 2532 4374 securius
2559 4315 2945 4378 communicet,
2977 4321 3102 4366 ante
3129 4310 3313 4380 plures
3349 4307 3463 4361 dies
3491 4319 3585 4361 ca-

1995 4414 2232 4468 stitatem
2265 4425 2388 4464 cum
2415 4407 2632 4478 propria
2659 4421 2828 4461 uxore
2855 4402 3107 4466 custodit,
3135 4408 3196 4454 ut
3225 4401 3390 4454 libera
3420 4405 3475 4452 et
3497 4409 3585 4452 se-

1995 4521 2126 4559 cura
2155 4500 2488 4558 conscientia
2516 4499 2584 4555 ad
2612 4499 2784 4552 altare
2813 4493 3049 4558 Domini,
3078 4500 3228 4546 casto
3254 4503 3484 4558 corpore
3525 4489 3582 4541 et

1995 4593 2198 4649 mundo
2237 4593 2423 4656 corde,
2465 4595 2760 4660 praesumat
2798 4585 3097 4641 accedere:
3132 4582 3224 4650 qui
3263 4573 3579 4651 Symbolum

1897 4659 1971 4724 ’θ
1995 4684 2366 4756 apostolorum
2409 4659 2482 4738 eti
2510 4680 2822 4737 Orationem
2875 4675 3212 4732 Dominicam
3266 4669 3581 4725 memoriter

1993 4784 2161 4840 tenet,
2194 4784 2248 4830 et
2281 4773 2420 4829 ﬁlios
2453 4773 2538 4826 vel
2566 4770 2702 4826 filias
2733 4785 2860 4824 suas
2893 4774 2954 4821 ut
2977 4765 3080 4836 ipsi
3101 4771 3324 4820 teneant
3348 4759 3582 4818 ﬁdeliter

1996 4867 2171 4924 docet.
2205 4866 2344 4922 Ecce
2382 4864 2627 4928 audistis,
2668 4863 2885 4926 fratres,
2925 4856 3112 4928 quales
3140 4854 3248 4909 sint
3284 4849 3584 4907 Christiani

1993 4958 2141 5022 boni,
2167 4963 2221 5011 et
2245 4956 2388 5021 ideo,
2418 4963 2678 5025 quantum
2702 4965 3011 5023 possumus,
3040 4961 3165 5002 cum
3185 4944 3281 4999 Dei
3310 4940 3578 5011 adiutorio
3644 4937 3647 4942 ’

1995 5049 2307 5103 laboremus
2340 5054 2402 5100 ut
2434 5060 2628 5100 nomen
2652 5043 3018 5099 Christianum
3063 5051 3172 5091 non
3201 5035 3273 5090 sit
3299 5032 3493 5088 falsum
3523 5033 3581 5087 in

1971 5140 2170 5196 “nobis,
2195 5154 2306 5186 ncc-
2325 5139 2565 5186 in—nabis
2587 5137 2798 5185 Christi
2823 5133 3162 5182 sacramenta
3190 5125 3464 5195 patiantur
3495 5123 3582 5178 in-

1990 5222 2209 5290 juriam,
2248 5222 2343 5276 sed
2377 5235 2591 5290 semper
2635 5235 2800 5290 opera
2835 5217 3142 5273 Christiana
3183 5225 3238 5270 et
3279 5213 3581 5284 cogitemus

1997 5313 2053 5366 in
2080 5311 2260 5376 corde,
2288 5319 2342 5366 et
2372 5312 2687 5381 impleamus
2729 5311 2782 5364 in
2818 5322 3000 5377 opere.
3030 5306 3163 5360 Nam
3202 5305 3292 5360 ille
3319 5305 3582 5360 Christia-

1998 5416 2102 5458 nus
2125 5402 2301 5472 qualis
2322 5410 2424 5467 est,
2454 5404 2545 5471 qui
2569 5403 2657 5454 vix
2687 5398 2974 5469 aliquando
2999 5396 3068 5451 ad
3092 5395 3376 5451 ecclesiam
3406 5393 3579 5460 venit,

1997 5502 2053 5548 et
2084 5494 2299 5562 quando
2325 5493 2550 5554 venerit,
2594 5506 2703 5545 non
2747 5497 2856 5542 stat
2893 5488 2948 5541 in
2975 5486 3203 5542 ecclesia
3231 5492 3292 5538 ut
3327 5491 3445 5539 oret
3476 5497 3578 5552 pro

1994 5583 2232 5652 peccatis
2256 5583 2390 5646 suis,
2419 5582 2512 5637 sed
2536 5589 2596 5634 ut
2622 5593 2813 5634 causas
2840 5577 3006 5641 dicat,
3029 5566 3272 5630 aut'lites
3303 5581 3396 5628 aut
3423 5572 3574 5628 rixas

1997 5677 2264 5741 concitet;
2297 5684 2352 5730 et
2381 5676 2427 5729 si
2464 5667 2640 5728 locum
2688 5671 2969 5733 invenerit,
2997 5683 3170 5736 usque
3196 5666 3264 5721 ad
3307 5663 3570 5719 vomitum

1997 5771 2144 5826 bibet
2165 5784 2180 5823 :
2204 5777 2258 5824 et
2299 5776 2650 5838 posteaquam
2689 5781 2747 5820 se
2784 5761 3158 5824 inebriaverit,
3201 5763 3388 5824 surget
3425 5754 3575 5809 velut

1997 5861 2344 5930 phreneticus
2379 5866 2434 5913 et
2483 5858 2725 5922 insanus,
2777 5854 3044 5913 diabolica
3075 5863 3226 5905 more
3272 5847 3473 5902 ballare
3515 5852 3575 5897 et
