4036 6370
294 417 368 476 35
1249 401 1552 463 HOMILUE
1595 403 1682 459 DE
1720 401 1961 459 FESTIS
2001 397 2416 467 PRIECIPUIS,
2460 394 2611 457 ETC.
3495 396 3564 451 8t}

278 501 339 588 let
362 531 660 603 proximum
680 524 735 601 (Ι
749 521 910 580 Joan.
934 521 1030 593 tv).
1051 520 1107 575 Si
1128 519 1264 576 forte
1281 518 1888 591 quislibetquzeratquis
1914 518 1970 582 Α
1995 524 2235 580 netrarc,
2284 522 2405 569 tene
2451 511 2794 574 charitatem,
2829 508 2915 562 ubi
2955 509 3189 580 pendent
3232 509 3414 565 omnia
3441 523 3457 564 :
3487 511 3564 567 ita

292 621 367 680 sit
391 620 694 694 proximus,
724 614 859 670 sciat
883 625 1096 668 omnem
1117 609 1487 665 Christianum
1516 616 1661 663 recte
1693 607 1873 679 proxi-

290 697 440 768 mum
471 711 601 780 dici,
629 708 753 779 quia
785 720 972 761 omnes
1000 704 1054 758 in
1079 703 1347 774 baptismo
1386 701 1478 755 lilii
1508 701 1604 756 Dei
1639 701 1876 757 sanctifi-

287 817 498 867 camur,
527 807 583 856 ut
613 799 808 854 fratres
832 796 998 851 simus
1025 793 1340 864 spiritaliter
1376 793 1428 847 in
1470 793 1732 848 charitate
1753 808 1876 863 per-

290 895 460 951 fecta.
501 889 747 948 Nobilior
789 897 870 946 est
903 887 1180 960 generatio
1207 885 1466 966 spiritalis
1495 902 1655 957 quam
1685 903 1876 943 carna-

289 989 375 1068 lis,
406 991 470 1044 de
511 1004 615 1062 qua
657 987 710 1041 in
749 982 1038 1057 Evangelia
1077 983 1189 1054 ipsa
1229 979 1440 1038 Veritas
1472 984 1582 1036 ait:
1625 984 1744 1037 Nisi
1762 983 1875 1053 quis

291 1089 502 1135 renatus
529 1078 685 1147 fuerit
713 1094 776 1130 ea:
802 1093 938 1146 aqua
982 1083 1029 1128 et
1071 1072 1271 1144 Spiritu
1316 1081 1512 1138 sancto,
1563 1091 1666 1128 non
1713 1085 1874 1144 potest

287 1171 508 1226 introire
548 1171 600 1222 in
644 1186 858 1239 regnum
885 1165 981 1219 Dei
1011 1166 1190 1239 (Joan.
1223 1168 1326 1235 ιιι).
1367 1166 1464 1231 Qui
1497 1173 1673 1220 autem
1699 1166 1876 1220 taliter

286 1263 595 1334 proximum
643 1260 947 1332 intelligens
992 1259 1184 1334 diligit,
1216 1260 1332 1314 sine
1363 1259 1526 1314 (ΙιιΙιῑο
1557 1260 1874 1314 charitatem

286 1369 475 1409 Veram
504 1353 559 1412 in
607 1351 899 1424 semetipso
958 1351 1181 1405 tenebit.
1241 1349 1365 1403 llaec
1420 1351 1603 1422 igitur,
1658 1349 1872 1416 fratres,

286 1449 572 1521 diligenter
609 1446 968 1512 considerate,
1002 1454 1200 1500 etcum
1236 1444 1338 1500 fide
1379 1453 1432 1498 et
1464 1442 1750 1497 dilectione
1781 1455 1872 1496 ve-

286 1548 457 1594 stram
507 1537 807 1609 operamini
862 1552 1076 1607 semper
1120 1533 1675 1599 salutem,.habentes
1725 1549 1873 1604 spem

281 1630 522 1696 ﬁrmam,
563 1630 688 1700 quia
733 1629 992 1699 quidquid
1039 1628 1163 1682 boni
1207 1629 1256 1680 in
1306 1627 1557 1698 praesenti
1592 1626 1766 1698 agitis,
1821 1627 1873 1680 in

281 1723 468 1782 futuro
493 1723 678 1782 abillo
726 1721 1173 1776 intestimahilitcr
1210 1718 1706 1786 rcnmnerahiiniui,
1750 1719 1873 1789 quia

280 1827 473 1872 auctor
512 1825 564 1868 et
589 1823 859 1885 protector
882 1824 962 1868 est
991 1813 1177 1866 salutis
1218 1823 1416 1867 nostra:
1446 1810 1601 1867 Jesus
1626 1811 1874 1868 Christus

1978 606 2190 663 tenebis
2225 619 2345 676 qua:
2394 604 2467 659 lbi
2511 601 2773 667 didicisti,
2813 603 3020 657 tenebis
3065 602 3228 657 etiam
3267 605 3410 674 quod
3455 618 3562 659 non

1979 701 2236 758 didicisti.
2290 700 2348 755 Si
2397 699 2540 753 enim
2585 699 2728 753 nosti
2774 695 3120 762 eharitatem,
3170 697 3372 769 aliquid
3417 699 3558 756 nosti

1976 795 2122 848 unde
2152 801 2205 847 et
2229 791 2359 847 illud
2406 790 2601 862 pendet
2635 791 2778 860 quod
2809 789 2946 847 forte
2984 807 3090 846 non
3130 793 3307 857 nosti;
3337 800 3391 847 et
3418 793 3475 848 in
3497 807 3562 849 eo

1978 885 2122 954 quod
2159 885 2212 938 in
2241 881 2536 953 Scripturis
2586 881 2859 954 intelligis,
2910 883 3149 938 Charitas
3191 892 3370 952 patet;
3410 893 3465 939 et
3506 885 3560 940 in

1977 992 2044 1032 eo
2079 979 2219 1048 quod
2246 992 2352 1031 non
2390 974 2662 1047 intelligis,
2695 976 2934 1032 charitas
2974 975 3122 1031 latet.
3152 976 3244 1031 ille
3283 977 3462 1046 itaque
3491 985 3564 1032 te-

1980 1078 2072 1123 net
2098 1069 2312 1138 etquod
2337 1076 2486 1138 patet
2511 1075 2564 1122 et
2585 1067 2726 1137 quod
2755 1068 2882 1123 latet
2909 1069 2962 1123 in
2985 1068 3182 1124 divinis
3205 1071 3560 1133 sermonibus,

1979 1163 2072 1233 qui
2102 1163 2423 1217 charitatem
2462 1169 2608 1218 tenet
2653 1163 2706 1217 in
2737 1163 2998 1218 moribus.
3046 1162 3404 1233 Quapropter,
3428 1161 3559 1216 fra-

1979 1267 2092 1314 tres
2125 1257 2452 1322 charissimi,
2473 1257 2753 1313 sectamini
2780 1257 3101 1312 charltatem
3131 1275 3142 1310 :
3178 1257 3289 1326 ipsa
3312 1255 3565 1311 videlicet

1978 1337 2061 1408 eet
2105 1353 2257 1407 dulce
2293 1367 2355 1407 ac
2403 1349 2617 1406 salubre
2657 1352 2928 1406 vinculum
2977 1350 3256 1415 mentium,
3301 1348 3417 1403 sine
3459 1363 3562 1418 qua

1979 1444 2129 1500 dives
2158 1459 2362 1514 pauper
2393 1453 2494 1509 est,
2531 1451 2584 1496 et
2614 1460 2735 1498 cum
2765 1458 2869 1514 qua
2899 1457 3099 1513 pauper
3129 1443 3279 1498 dives
3306 1450 3408 1498 est.
3437 1439 3564 1496 Rrec

1979 1536 2033 1590 in
2068 1536 2717 1602 adversitatibustolerat,
2769 1535 2826 1591 in
2865 1536 3314 1607 prosperitatibus
3366 1544 3566 1604 tempe-

1980 1640 2087 1697 rat,
2135 1633 2186 1686 in
2223 1633 2372 1688 duris
2417 1632 2759 1701 passionihus
2806 1630 2980 1695 fortis,
3030 1630 3082 1683 in
3115 1628 3270 1683 bonis
3308 1627 3562 1697 operibus

1979 1722 2192 1788 hilaris,
2240 1723 2290 1777 in
2326 1723 2714 1776 tentatinnihus
2765 1721 3053 1787 tutissima,
3097 1722 3149 1775 in
3197 1719 3562 1790 hospitalitate

1980 1813 2268 1880 latissima,
2314 1815 2452 1869 inter
2505 1829 2664 1869 veros
2720 1812 2914 1869 fratres
2955 1811 3371 1880 jncundissima,
3421 1811 3561 1866 intra

281 1908 543 1962 Dominus
569 1916 772 1972 noster,
797 1906 888 1976 qui
913 1922 1032 1968 cum
1050 1905 1208 1958 Patre
1241 1914 1294 1960 et
1317 1904 1516 1978 Spiritu
1543 1913 1731 1959 saneto
1752 1905 1882 1960 vivit
1909 1902 1958 1962 B
1987 1903 2148 1960 falsos
2179 1907 2339 1959 etiam
2372 1905 2761 1975 patientissima
2791 1924 2802 1959 :
2837 1907 2894 1960 in
2932 1905 3063 1960 Abel
3094 1917 3191 1975 per
3237 1903 3559 1959 sacriﬁcium

279 2013 337 2064 et
366 2010 555 2084 regnat
584 2001 751 2074 Deus,
786 2016 883 2080 per
903 1999 1080 2056 omnia
1103 1997 1296 2053 saecula
1317 1998 1654 2054 saeculorum.
1679 1997 1871 2060 Amen.

823 2109 1108 2172 HOMILIA
1145 2109 1327 2170 XLVI.

859 2199 926 2238 DF.
972 2197 1302 2240 CUARITA'I‘E.

349 2276 504 2334 Libet
555 2291 643 2338 me
704 2275 906 2346 aliquid
963 2275 1018 2334 in
1068 2273 1520 2344 contemplatione
1565 2276 1870 2345 charitatis,

274 2368 476 2424 fratres
525 2367 856 2434 charissitui,
925 2366 1201 2424 dilectioni
1255 2376 1448 2422 vestrae
1503 2368 1704 2432 dicere,
1753 2385 1873 2438 quze

276 2468 482 2532 quanto
511 2461 685 2531 magis
716 2476 811 2520 cor
847 2459 1114 2527 accendit,
1169 2469 1320 2522 tanto
1361 2461 1720 2531 copiosiorem
1766 2478 1871 2520 ser-

273 2567 496 2614 monem
519 2553 731 2617 tribuit,
754 2562 810 2612 et
837 2563 1038 2624 quanto
1072 2553 1247 2624 magis
1272 2554 1329 2614 in
1354 2554 1675 2632 disputando
1703 2571 1760 2610 se
1781 2573 1872 2612 ex—

275 2644 470 2708 tendi;
503 2652 650 2704 tanto
673 2659 774 2701 vos
790 2645 1013 2702 suavius
1039 2644 1232 2704 reiicit.
1257 2644 1370 2722 Ipsa
1395 2646 1540 2702 enim
1569 2646 1871 2706 divinarum

277 2733 688 2807 Scripturarum
720 2736 1074 2813 multiplicem
1113 2737 1499 2799 abundantiam
1526 2739 1872 2802 altissimam—

277 2840 390 2896 que
407 2826 707 2889 doctrinam
731 2827 847 2891 sine
877 2827 986 2884 ullo
1017 2842 1204 2884 errore
1235 2829 1650 2904 comprehcndit
1669 2839 1728 2885 et
1753 2831 1870 2886 sine

283 2917 400 2975 ullo
423 2919 606 2982 labare
631 2919 878 2984 custodit,
911 2919 1066 2992 cuius
1107 2936 1202 2976 cor
1226 2921 1446 2992 plenum
1471 2931 1554 2980 est
1581 2922 1868 2990 cbaritate,

282 3012 500 3074 dicente
526 3013 815 3083 Apostolo:
849 3011 1131 3072 Plenitudo
1165 3012 1294 3089 legis
1332 3023 1405 3070 est
1437 3015 1667 3073 Charitas.
1697 3014 1866 3086 (Rom.

274 3105 437 3174 xm);
474 3113 528 3164 et
551 3103 608 3158 in
634 3104 741 3166 alio
762 3104 879 3162 loco
902 3118 920 3162 ς,
950 3102 1103 3158 Finis
1133 3114 1305 3159 autent
1333 3106 1578 3176 praecepti
1603 3114 1677 3162 est
1700 3105 1873 3167 chari-

272 3203 388 3260 ιω,
413 3195 480 3249 de
501 3195 656 3254 corde
695 3213 849 3266 puro,
901 3206 949 3256 et
998 3195 1316 3250 conscientia
1358 3197 1509 3259 bona,
1540 3205 1586 3250 et
1630 3196 1736 3266 [ide
1767 3213 1869 3256 non

271 3286 401 3354 ﬁcta
429 3285 477 3357 (ι
511 3285 646 3348 Tim...
690 3263 756 3356 ᾖ).
795 3286 933 3354 Quid
972 3295 1056 3342 est
1086 3295 1265 3340 autem
1306 3285 1550 3360 ρεωεεριί
1583 3263 1730 3354 [ἰήιε.
1767 3286 1868 3348 nisi
1900 3263 1945 3337 C

269 3377 536 3448 νηριτμί
562 3375 915 3447 Ἇάἰωριειὶαἳ
947 3376 1091 3452 Quid
1106 3385 1190 3432 est.
1211 3385 1392 3440 autem
1420 3377 1676 3454 prmeepti
1701 3377 1870 3440 arum.

271 3467 471 3540 pictiu.
497 3469 604 3528 nisi
803 3468 1115 3542 plenitudo?
1148 3468 1302 3538 Quod
1331 3484 1462 3548 ergo
1497 3469 1570 3528 ihi
1615 3469 1870 3536 diximus,

271 3561 546 3631 plenitudo
595 3562 729 3639 legis
771 3563 1028 3630 charitas,
1071 3563 1172 3622 hoc
1228 3563 1398 3620 etiam
1445 3563 1701 3630 «rutulius,
1748 3564 1871 3633 ﬁnis

269 3657 526 3725 ρηεςεριί
544 3665 624 3722 est
653 3657 908 3718 charitas.
934 3655 1045 3716 Nec
1073 3656 1312 3714 dubitari
1348 3655 1460 3712 ullo
1494 3658 1656 3712 modo
1694 3666 1874 3728 poteSt

273 3747 422 3818 quod
449 3747 712 3823 templum
735 3748 829 3802 Dei
860 3748 956 3816 sit,
983 3747 1038 3802 in
1067 3763 1174 3818 quo
1200 3747 1410 3811 habitat
1445 3747 1718 3813 Charitas;
1744 3747 1874 3810 dicit

273 3838 432 3898 enim.
456 3837 732 3905 Joannes:
785 3838 931 3900 Deus
975 3849 1048 3903 est
1099 3839 1356 3900 charitas.
1409 3838 1542 3904 llaec,
1573 3849 1758 3902 autem
1792 3837 1874 3904 di.-

272 3943 470 3992 centes
519 3935 772 4006 apostoli,
825 3943 882 3997 et
949 3935 1112 3994 nobis,
1157 3935 1446 3997 eharitatis.
1498 3935 1872 3996 excellentiam

275 4027 750 4092 commendantes,
777 4041 888 4086 non
935 4028 1128 4098 utique.
1156 4026 1328 4092 aliud,
1367 4026 1474 4090 nisi
1511 4028 1660 4098 quod
1697 4042 1875 4085 come-

276 4117 494 4182 dcrant,
521 4127 807 4178 eructuarc
830 4124 1106 4193 poterant,
1127 4117 1243 4190 Ipse
1265 4117 1461 4188 quippe
1487 4117 1746 4176 Dominus
1779 4132 1868 4187 pa-

274 4225 441 4266 scens
467 4224 561 4264 eos
593 4209 716 4263 cibo
737 4208 954 4273 salutis,
973 4207 1136 4270 verbo
1157 4208 1464 4272 cbaritatis,
1489 4208 1632 4276 quod
1656 4218 1739 4262 est
1761 4209 1872 4278 ipse

272 4304 440 4374 patris
464 4303 616 4362 vivus
635 4302 730 4373 qui.
752 4303 816 4362 de
831 4302 973 4362 coelo.
994 4302 1290 4372 descendit,
1316 4300 1659 4372 Mandatum.
1672 4303 1868 4376 inquit,

275 4413 476 4458 novum
503 4397 570 4458 do
611 4398 774 4460 vobis,
796 4407 852 4451 ut
885 4415 979 4458 vos
1008 4399 1240 4469 diligatis
1271 4399 1490 4460 invicem
1516 4398 1700 4472 (lana.
1727 4400 1870 4471 ιιιι).

277 4485 389 4553 Qui
406 4501 537 4557 ergo
563 4495 752 4548 contra
774 4488 969 4543 mortis
995 4498 1322 4560 victustatem
1359 4491 1546 4554 attulit
1567 4493 1690 4552 vitae
1726 4493 1875 4554 noui-

278 4585 476 4643 tatem,
525 4577 862 4647 ipsecontra
899 4588 1060 4644 vetus
1093 4593 1380 4652 peccatum.
1406 4584 1630 4654 opponit
1681 4601 1874 4646 navum

1975 2007 2159 2068 grata;
2194 1997 2244 2050 in
2273 1997 2380 2051 Noe.
2417 2013 2510 2068 per
2533 1997 2790 2052 diluvium
2823 2012 3031 2062 secura,
3067 1997 3120 2051 in
3151 1997 3381 2051 Abrahze
3407 2011 3563 2067 pere-

1973 2090 2281 2162 grinatione
2325 2089 2657 2155 fidelissima,
2683 2090 2732 2143 in
2777 2089 2955 2161 Moyse
2997 2092 3136 2145 inter
3175 2088 3352 2161 jurgia
3396 2089 3560 2145 lenis-

1974 2183 2132 2246 sima,
2187 2182 2239 2235 in
2296 2181 2462 2235 David
2509 2181 2944 2236 trihulationilms
2993 2181 3452 2246 mansuetissima,
3503 2181 3556 2234 in

1974 2274 2150 2328 tribus
2196 2273 2380 2340 pueris
2428 2271 2651 2327 blandus
2707 2272 2845 2342 ignis
2897 2273 3211 2327 innocenter
3239 2279 3471 2342 Spectat,
3506 2272 3559 2326 in

1974 2363 2296 2421 Macbabreis
2347 2381 2516 2419 szevos
2563 2366 2712 2436 ignes
2765 2364 2981 2419 fortiter
3039 2365 3253 2431 tolerat,
3297 2374 3447 2420 casta
3505 2365 3560 2418 in

1975 2457 2222 2514 Susanna
2255 2475 2381 2530 erga
2414 2459 2609 2523 virum,
2658 2459 2710 2512 in
2737 2460 2889 2514 Anna
2924 2468 3046 2530 post
3071 2461 3266 2526 virum,
3305 2459 3362 2515 in
3402 2459 3557 2513 Anna

1975 2545 2093 2620 (sic)
2140 2557 2338 2618 praeter
2369 2549 2565 2615 virum,
2600 2548 2768 2604 libera
2815 2549 2869 2604 in
2896 2549 3062 2606 Paulo
3104 2549 3171 2604 ad
3201 2550 3556 2623 urguendum,

1975 2640 2197 2696 humilis
2231 2641 2282 2695 in
2313 2641 2474 2696 Petro
2503 2643 2568 2695 ad
2601 2643 2982 2708 obedientium,
3023 2644 3261 2700 humana
3308 2644 3361 2700 in
3405 2644 3560 2700 Chri-

1972 2735 2164 2791 stianis
2205 2737 2273 2789 ad
2314 2736 2702 2803 confitendum,
2737 2737 2914 2792 divina
2960 2738 3015 2792 in
3057 2738 3272 2794 Christo
3316 2737 3382 2792 ad
3412 2736 3560 2808 igno-

1973 2827 2254 2884 scendum.
2287 2825 2392 2884 Sed
2428 2830 2554 2887 auid
2584 2844 2683 2901 ego
2717 2830 2893 2900 majus
2924 2830 2990 2885 de
3014 2829 3279 2885 charitate
3311 2837 3404 2884 aut
3434 2828 3562 2882 ube-

1973 2922 2088 2978 rius
2125 2937 2347 2991 possum
2397 2921 2576 2976 dicere
2616 2938 2775 2994 quam
2831 2939 2927 2994 per
2976 2938 3037 2978 os
3087 2921 3327 2992 Apostoii
3376 2921 3560 2976 laudes

1975 3017 2091 3092 eius
2145 3018 2349 3071 intonat
2409 3017 2688 3084 Dominus,
2737 3018 3229 3092 supereminentem
3280 3018 3423 3073 viam
3471 3017 3558 3072 de-

1973 3107 2329 3162 monstrantis
2360 3115 2520 3177 atque
2546 3109 2774 3165 dicentis
2807 3127 2819 3162 :
2874 3108 2935 3164 Si
2972 3107 3164 3180 linguis
3191 3110 3461 3162 hominum
3489 3107 3563 3160 lo-

1975 3211 2172 3272 quaret
2199 3200 2526 3270 angelorum,
2551 3202 2861 3255 charitatem
2885 3212 3057 3256 autent
3088 3218 3188 3255 non
3217 3199 3458 3264 habeam,
3485 3199 3562 3270 fa-

1978 3302 2090 3346 ctus
2103 3309 2216 3346 sum
2237 3292 2371 3346 velut
2393 3310 2462 3346 (es
2490 3310 2686 3346 sonans
2719 3303 2808 3346 aut
2835 3292 3131 3362 cymbalum
3155 3293 3400 3347 tinniens.
3422 3289 3488 3344 Et
3516 3292 3561 3346 si

1976 3383 2206 3437 habuero
2233 3381 2578 3456 proli/uetiam,
2602 3391 2648 3436 et
2677 3383 2902 3440 noverim
2925 3384 3172 3453 mysteria
3195 3383 3372 3437 omnia
3390 3390 3437 3436 et
3453 3400 3566 3436 om-

1976 3492 2091 3530 nem
2106 3475 2398 3541 scientiam,
2428 3484 2474 3528 et
2499 3473 2729 3528 habuero
2749 3491 2952 3528 omnem
2980 3471 3161 3544 ﬁdem,
3186 3474 3260 3528 ita
3287 3485 3342 3533 ut
3360 3483 3560 3528 montes

1977 3567 2317 3638 transferam,
2355 3563 2660 3619 charitatem
2689 3581 2790 3622 nan
2817 3555 3070 3632 habuero,
3102 3565 3231 3620 nihil
3260 3549 3399 3621 sum;
3426 3561 3494 3620 Et
3519 3567 3564 3620 si

1977 3655 2290 3710 distribuero
2317 3655 2369 3709 in
2403 3655 2540 3710 cibos
2567 3671 2856 3725 pauperum
2885 3673 3060 3710 omnes
3087 3655 3365 3726 facultates
3397 3673 3561 3722 meas,

1977 3757 2024 3801 et
2050 3749 2094 3801 si
2119 3745 2392 3802 tradidero
2419 3763 2606 3818 corpus
2627 3765 2794 3801 meum
2813 3749 2889 3802 ita
2913 3762 2966 3800 ut
2993 3747 3230 3814 ardeam,
3252 3747 3561 3806 charitatem

1980 3850 2156 3895 autem
2188 3855 2291 3891 non
2336 3833 2586 3900 habuero,
2627 3837 2758 3892 nihil
2781 3837 2912 3891 mihi
2931 3838 3161 3908 prodest.
3186 3836 3431 3895 Charitas
3457 3859 3557 3913 pa—

1979 3931 2110 3988 tiens
2139 3937 2233 3994 est,
2253 3924 2477 4000 benigna
2502 3940 2600 3994 est,
2626 3927 2856 3987 charitas
2879 3947 2980 3984 non
2996 3931 3300 3998 (L'ntulatur,
3333 3950 3437 3988 non
3458 3934 3566 4005 agit

1976 4040 2266 4096 perperam,
2300 4040 2401 4076 non
2429 4021 2668 4092 inﬂatur,
2699 4041 2804 4076 non
2823 4034 2896 4077 est
2925 4025 3224 4090 rurtbitiosa,
3253 4042 3355 4080 non
3378 4027 3566 4097 quierit

1976 4132 2093 4188 qua!
2126 4129 2222 4169 sua
2264 4125 2404 4181 sunt,
2443 4133 2543 4168 non
2570 4116 2829 4182 irritatur,
2857 4133 2958 4171 non
2983 4116 3174 4189 cogitat
3219 4117 3437 4184 malum,
3464 4135 3567 4173 non

1978 4209 2168 4283 gaudet
2227 4225 2379 4286 super
2440 4209 2732 4282 iniquitate,
2793 4211 3081 4282 congnndet
3139 4222 3312 4270 autem
3337 4212 3563 4266 veritati.

1981 4287 2173 4358 Omnia
2205 4303 2415 4372 suffert,
2462 4303 2636 4356 ontnia
2683 4301 2864 4368 credit,
2922 4304 3097 4357 omnia
3146 4313 3338 4374 sperat,
3394 4305 3568 4358 omnia

1978 4397 2198 4451 sustinet
2249 4413 2267 4449 :
2318 4396 2549 4449 charitas
2589 4411 2853 4470 nunquam
2893 4396 3084 4450 excidit
3152 4391 3206 4468 (Ι
3248 4393 3374 4452 Cor.
3423 4395 3566 4467 xm).

1981 4489 2192 4556 Quanta
2223 4499 2305 4545 est
2348 4490 2450 4552 ista
2484 4490 2662 4545 anima
2688 4488 3016 4560 linguarum,
3041 4489 3346 4566 prophetia,
3378 4489 3564 4552 virtus,

1982 4592 2447 4644 sacramentorum
2488 4583 2663 4647 salus,
2699 4582 2935 4636 scientiae
2965 4581 3399 4648 solidamentum,
3448 4579 3568 4638 ﬁdei

276 4669 620 4730 mandatum.
649 4669 986 4742 Quapropter
1017 4681 1180 4737 vetus
1201 4685 1488 4744 peccatum.
1515 4677 1766 4747 quisquis
1797 4678 1878 4740 vis
1903 4667 1956 4727 D
1984 4677 2218 4741 fructus,
2246 4675 2445 4730 divitiz'e
2493 4691 2812 4746 pauperum,
2855 4673 2964 4728 vita
3014 4674 3361 4728 morientium
3387 4674 3398 4725 !
3433 4671 3571 4739 Quid

278 4761 658 4830 exstinguere,
680 4763 940 4822 mandata
957 4779 1103 4824 eave
1133 4766 1418 4836 cxstingue
1448 4766 1802 4837 cupiditatem.
1823 4776 1876 4831 et

280 4852 620 4920 amplectere
667 4855 1007 4914 charitatem.
1069 4856 1222 4912 Sicut
1269 4858 1414 4916 enim
1461 4859 1617 4920 rudit:
1646 4860 1874 4914 omnium

281 4945 554 5006 malum
576 4948 836 5014 cupiditas.
869 4947 954 5019 (ΙΙ
1001 4948 1138 5010 Tim.
1188 4949 1286 5019 vi),
1336 4951 1416 5012 ita.
1454 4950 1606 5014 radiat
1636 4952 1877 5014 orarium

280 5035 560 5094 bonorum.
599 5035 854 5096 clamitas.
894 5035 1088 5092 Totam
1131 5041 1552 5106 magnitudinem
1593 5052 1647 5098 ct
1690 5042 1874 5104 latitu-

284 5128 472 5186 dinem
510 5128 823 5191 divinorum
846 5129 1190 5199 ειοιμὼιιιηιι
1214 5144 1403 5188 secura
1434 5129 1673 5198 possidet
1700 5133 1878 5191 chari-

286 5231 395 5285 tas,
424 5238 534 5290 qua
559 5223 752 5289 Deum,
779 5224 1200 5295 prouimmnque
1222 5223 1522 5294 diligimus,
1546 5223 1720 5279 Docet
1733 5224 1875 5284 enim

288 5327 394 5368 nos
425 5312 666 5370 catastis
694 5329 831 5374 unus
876 5313 1131 5384 magister
1175 5321 1230 5367 et
1266 5314 1442 5376 dicit;
1469 5313 1672 5384 Diliges
1699 5300 1879 5370 Domi-

290 5421 420 5458 num
447 5403 616 5466 Reum
639 5412 794 5466 «sunt.
825 5419 891 5462 ea;
915 5414 1028 5456 toto
1047 5405 1201 5464 corda
1237 5414 1348 5470 tuo,
1391 5415 1447 5460 et.
1464 5421 1528 5460 ex
1567 5415 1680 5460 tota
1700 5406 1877 5458 anima

293 5504 406 5559 lita,
423 5495 700 5553 etwtotis
725 5494 919 5550 uiribus
945 5495 1069 5559 tuis,
1099 5503 1150 5550 et.
1179 5494 1372 5564 diliges
1391 5497 1690 5565 "ronianum
1733 5506 1879 5548 tuum

294 5589 425 5648 licet!
450 5591 714 5660 utipsam:
742 5590 804 5650 in
930 5589 1141 5648 MM:
1170 5593 1466 5661 praceptis,
1502 5601 1611 5646 tota
1651 5591 1735 5646 lea;
1757 5609 1881 5662 pen-

295 5681 380 5736 det
405 5693 452 5736 et
474 5684 738 5752 prophetae
761 5681 977 5753 (Μωαι.
1007 5683 1127 5752 xu).
1159 5681 1216 5738 Si
1239 5698 1376 5753 ergo
1393 5699 1509 5740 non.
1521 5694 1678 5740 vacat
1690 5701 1880 5740 omnes

295 5775 532 5845 pagina
568 5784 784 5833 sanctas
828 5777 1184 5846 pensatum;
1225 5776 1407 5836 omnia
1455 5777 1725 5838 volantium
1768 5793 1882 5834 ser-

298 5881 520 5924 monum
565 5867 835 5937 evolvere,
863 5869 1042 5924 omnia
1086 5868 1491 5938 Scripturarum
1532 5879 1743 5928 secreta
1787 5885 1883 5941 pc-

1985 4777 2098 4826 tain
2146 4767 2547 4838 magnanimum
2609 4780 2769 4833 quam
2828 4779 2924 4838 pro
2979 4763 3155 4833 impiis
3210 4762 3382 4820 mori!
3435 4761 3573 4828 Quid

1988 4871 2096 4924 ttun
2126 4859 2413 4932 benignum
2449 4873 2611 4927 quam
2659 4866 2712 4912 ct
2746 4855 2990 4910 inimicos
3040 4853 3295 4924 diligere!
3336 4852 3459 4908 Sola
3491 4861 3572 4908 est

1985 4969 2145 5024 quam
2177 4952 2406 5008 felicitas
2441 4950 2613 5004 aliena
2658 4965 2764 5004 non
2809 4950 3033 5020 premit,
3057 4949 3182 5020 quia
3219 4964 3324 5002 non
3354 4949 3574 5003 aemula-

1986 5059 2070 5108 tur
2087 5072 2106 5113 ς.
2127 5050 2240 5104 sola
2267 5058 2534 5118 estquam
2552 5047 2781 5106 felicitas
2803 5062 2902 5104 sua
2921 5063 3028 5102 non
3057 5046 3282 5109 extollit,
3313 5047 3437 5114 quia
3465 5061 3572 5100 non

1984 5141 2234 5199 utatur;
2270 5140 2382 5192 sola
2425 5142 2506 5190 est
2536 5149 2696 5203 quam
2743 5133 3074 5194 conscientia
3105 5133 3246 5194 mala
3277 5151 3382 5194 non
3419 5151 3570 5192 com-

1983 5227 2191 5296 puugit,
2221 5226 2344 5296 quia
2369 5242 2474 5284 non
2503 5227 2618 5299 agit
2645 5240 2928 5297 perperam
2957 5242 2969 5276 :
3005 5225 3147 5287 inter
3172 5228 3468 5305 opprobria
3488 5244 3574 5288 se-

1984 5331 2138 5381 cura,
2187 5318 2324 5376 inter
2352 5317 2478 5375 odia
2511 5317 2752 5374 beneﬁca
2781 5324 2902 5386 est;
2943 5316 3084 5373 inter
3130 5317 3422 5397 isdurinsos
3464 5319 3575 5390 pla-

1991 5407 2114 5464 cida
2145 5416 2256 5474 est,
2289 5409 2428 5464 inter
2456 5407 2686 5468 insidias.
2715 5408 2981 5468 innocens
3013 5417 3095 5468 est
3124 5427 3135 5461 :
3183 5410 3325 5471 inter
3377 5409 3574 5483 iniqui-

1988 5507 2130 5558 tates
2147 5515 2398 5569 gemens,,
2418 5501 2470 5559 in
2498 5499 2728 5554 veritate
2752 5500 3056 5572 inspirans.
3076 5500 3218 5568 Quid
3245 5501 3330 5558 illa
3356 5499 3570 5566 fortius,

1988 5608 2096 5648 non
2126 5593 2192 5648 ω]
2230 5593 2625 5658 κειιίὺυρηὼιε,
2679 5593 2774 5646 sed
2808 5592 2874 5648 ad
2923 5592 3259 5654 suﬂerendas
3307 5593 3574 5663 injurias?

1988 5685 2126 5752 Quid
2168 5684 2252 5739 illa
2285 5684 2519 5750 fidelium.
2555 5700 2661 5741 non
2690 5685 2940 5753 vanitati.
2977 5689 3076 5744 sed
3100 5687 3408 5744 teternimti.
3437 5687 3572 5744 Nam

1987 5780 2109 5835 ideo
2157 5781 2361 5840 tolerat-
2402 5781 2588 5836 omnia-
2641 5781 2696 5838 in
2748 5784 3006 5852 praesenti
3042 5783 3173 5847 vita,
3225 5781 3351 5852 quia
3403 5778 3575 5838 credit

1985 5873 2164 5927 omnia
2197 5874 2260 5927 de
2292 5871 2472 5926 futura
2499 5875 2632 5939 vita,
2676 5883 2730 5930 et
2776 5875 2965 5931 siuii‘ert
2995 5874 3176 5930 omnia
3198 5888 3318 5943 quae
3352 5873 3440 5927 hic
3468 5870 3570 5923 im-
