4036 6370
483 398 564 453 87
1117 390 1176 443 Β.
1219 383 1471 443 RABANI
1485 421 1492 434 ί
1505 381 1725 442 ΜΑΗΒῘ
1748 377 2077 444 ARCHIEP.

2175 371 2436 433 unum.
2463 367 2747 432 caenum
2779 363 2964 432 rans
2999 362 3058 416 ιι.
3656 358 3725 418 δε

484 509 1165 585 ιιιίῑῑωυιδ,.ίιιιίε.ιει)θτίιι
1191 497 2062 572 omniaque);.ibi;promittuntur.,
2081 495 2134 562 Α
2156 507 2273 562 gere
2299 488 2372 560 (ι
2407 488 2530 542 Cor.
2565 502 2640 553 vn
2669 485 2722 556 ),
2760 480 3128 554 quasistatim
3150 477 3216 538 in
3241 482 3398 540 tactu
3432 471 3734 546 periculum

485 605 677 662 Merito
711 615 994 671 nunquam,
1009 599 1186 663 cadet,
1216 595 1346 666 quia,
1365 594 1481 658 sine
1511 590 1724 652 defectu
1747 594 2046 660 permanet.
2070 647 2072 650 ,

485 701 625 770 Ergo
663 695 945 752 sectamini
972 691 1308 770 charitatem,
1344 687 1555 758 fratres,
1607 691 1662 738 et
1694 682 1751 737 in
1771 695 1834 736 ea
1858 681 1946 751 pie
1965 693 2053 733 co-

487 769 727 864 gitantes
756 797 811 843 et
841 795 1024 842 sancte
1050 769 1314 846 viventes,
1346 776 1534 834 afferte
1562 777 1797 830 fructum
1831 769 2057 840 iustitiae

485 894 541 940 et
561 900 657 955 per
684 882 852 954 ipsius
879 876 1368 936 ducatum'studete
1393 881 1451 926 ut
1473 867 1802 941 perveniatis
1824 865 1890 920 ad
1912 879 2058 920 sum-

485 985 636 1033 mum
673 976 873 1032 bonum
897 991 916 1027 τι
940 985 1151 1028 summo
1174 968 1320 1026 enim
1365 965 1510 1020 bono
1544 963 1758 1032 adepto,
1799 966 2058 1014 aeternam

485 1069 872 1126 beatitudinem
911 1063 1202 1127 habebitis,
1237 1059 1306 1114 ad
1324 1071 1490 1129 quam
1512 1069 1614 1109 nos
1637 1050 1922 1124 pervenire
1948 1049 2068 1118 ipse.

487 1163 770 1224 concedat,
791 1160 885 1230 qui
914 1167 1000 1213 est
1033 1159 1191 1212 beata
1228 1151 1467 1210 charitas
1491 1155 1548 1204 et
1574 1146 1739 1202 chara
1761 1140 2058 1204 beatitudo,

485 1252 642 1308 Jesus
667 1227 916 1307 Christus
941 1248 1200 1303 Dominus
1241 1251 1450 1305 noster,
1490 1252 1613 1296 cum
1655 1233 1838 1298 Patre,
1869 1239 1924 1292 et
1945 1227 2066 1299 Spi-

488 1346 590 1400 ritu
633 1352 820 1399 sancto
843 1356 983 1395 unus
1013 1337 1158 1395 solus
1189 1344 1246 1392 et
1278 1341 1716 1401 verusregnans
1757 1325 1919 1390 Deus,
1963 1334 2064 1391 per

487 1435 666 1490 omnia
690 1433 896 1489 saecula
923 1429 1260 1486 szeculorum.
1297 1425 1491 1480 Amen.

1007 1541 1288 1601 HOMILIA
1321 1535 1526 1594 XLVII.

853 1636 916 1674 DE
953 1628 1255 1674 CASTITATE
1291 1627 1360 1666 ΕΤ
1402 1622 1679 1663 ὶιυΝΒΙΊΊΛ.

556 1714 864 1770 Gloriosum
917 1718 972 1766 et
1023 1707 1289 1778 insignem
1361 1702 1503 1756 inter
1563 1707 1786 1752 czeteras
1834 1693 2062 1747 virtutes

486 1807 659 1859 locum
686 1805 910 1860 castitas
943 1808 999 1856 et
1024 1795 1287 1854 munditia
1315 1799 1482 1856 tenet,
1507 1789 1705 1843 fratres
1731 1782 2059 1848 charissimi,

485 1897 609 1966 quia
649 1897 764 1965 ipsa
809 1893 924 1949 sola
963 1899 1048 1946 est
1094 1903 1215 1958 quae
1261 1883 1490 1940 mundas
1534 1885 1743 1934 mentes

485 1996 708 2058 praestat
736 1984 918 2038 videre
957 1982 1146 2035 Deum.
1178 1976 1331 2032 Unde
1372 1975 1490 2044 ipsa
1508 1969 1725 2024 Veritas
1751 1966 1826 2020 ait
1855 1983 1868 2018 :

485 2055 680 2132 mundo
694 2076 867 2139 corde,
887 2070 1244 2144 quoniamipsi
1267 2067 1435 2122 Deum
1461 2063 1704 2120 videbunt
1730 2060 1946 2133 (Matth.
1973 2055 2061 2127 v);

486 2184 548 2224 ac
575 2169 619 2223 si
648 2184 678 2222 e
708 2165 984 2222 contrario
1020 2163 1259 2217 diceret:
1283 2157 1364 2212 llli
1395 2171 1522 2212 vero
1549 2153 1735 2210 miseri
1766 2158 1890 2206 sunt
1932 2163 2067 2218 quo-

486 2277 606 2315 rum
634 2260 797 2313 corda
827 2255 1030 2312 carnali
1061 2249 1498 2321 concupiscentia
1539 2254 1664 2302 sunt
1686 2243 1911 2314 polluta,
1941 2239 2068 2311 quia

487 2361 714 2407 aeternas
745 2356 1063 2418 merguntur
1101 2347 1156 2400 in
1200 2343 1470 2398 tenebras.
1507 2337 1741 2394 Castitas
1782 2335 1924 2389 enim
1967 2348 2066 2387 an-

487 2433 659 2512 gelica
706 2452 792 2497 est
829 2443 969 2505 vita;
1018 2439 1246 2494 castitas
1291 2449 1414 2489 cum
1458 2431 1782 2493 humilitate,
1836 2426 2070 2496 Spiritus

487 2535 659 2590 sancti
695 2532 988 2588 merebitur
1027 2527 1444 2588 habitationem,
1492 2537 1655 2591 quem
1702 2517 1923 2589 expellit
1970 2517 2071 2570 im—

487 2628 749 2682 munditia
778 2626 1084 2688 libidinum,
1108 2622 1321 2676 dicente
1352 2617 1634 2687 Scriptura
1659 2633 1674 2668 :
1713 2609 1914 2682 Corpus
1957 2625 2074 2680 pec-

490 2718 619 2771 catis
678 2715 941 2769 subditum
988 2711 1215 2783 Spiritus
1267 2718 1478 2764 sanctus
1528 2705 1738 2774 effugiet
1793 2700 1947 2774 (Sap.
2006 2696 2069 2769 1).

488 2808 726 2862 Membra
754 2813 938 2861 nostra
968 2805 1169 2858 debent
1188 2801 1299 2856 Deo
1320 2815 1441 2855 esse
1468 2798 1666 2860 dicata,
1698 2808 1805 2849 non
1840 2791 2075 2846 fornica-

489 2901 623 2955 tioni
663 2918 675 2953 :
721 2904 958 2968 opponat
1001 2897 1164 2950 homo
1205 2891 1471 2948 desiderio
1496 2887 1677 2942 carnis
1703 2899 1813 2940 sua:
1841 2890 2075 2938 aeterno-

489 3008 610 3046 rum
644 2989 890 3044 llammas
914 2994 1340 3048 tormentorum;
1381 2986 1660 3036 assuescat
1680 2975 1895 3045 juvenis
1919 2969 2076 3028 casti-

492 3091 677 3146 tatem,
711 3090 771 3135 ut
800 3081 872 3136 sit
904 3079 1098 3150 dignus
1135 3075 1413 3146 sapientiae
1454 3071 1571 3127 Dei.
1605 3068 1705 3125 Ubi
1734 3063 2076 3122 immunditia

487 3185 572 3230 est
621 3175 878 3244 corporis,
936 3172 1010 3226 ibi
1070 3168 1331 3225 habitatio
1380 3162 1630 3220 diabolici
1684 3158 1929 3230 spiritus,
1981 3152 2076 3224 qui

490 3268 728 3322 maxime
756 3269 952 3333 gaudet
979 3265 1034 3317 in
1077 3259 1451 3331 inquinatione
1489 3253 1671 3310 carnis
1701 3257 1918 3305 nostrae.
1946 3245 2077 3302 Om-

487 3374 588 3414 nes
642 3355 996 3411 immunditiae
1033 3350 1146 3406 Deo
1201 3349 1512 3419 displicent,
1563 3352 1618 3398 et
1670 3341 1908 3396 maxime
1961 3352 2082 3407 quae

489 3465 598 3504 non
620 3456 749 3503 sunt
772 3443 1067 3500 naturales.
1117 3439 1388 3495 Admonet
1426 3437 1610 3504 itaque
1647 3447 1748 3488 nos
1798 3429 2081 3500 Scriptura

495 3907 867 3979 pientissimns
913 3901 1222 3974 proferebat
1255 3896 1556 3954 sententias
1594 3894 1662 3949 de
1696 3891 1937 3948 cavenda
1980 3890 2083 3944 im-

499 4001 760 4058 munditia
791 3997 990 4062 carnis,
1015 3995 1199 4051 dicens
1224 3989 1408 4064 (Prov.
1432 3988 1521 4061 v):
1549 3984 1727 4041 Favus
1755 3984 1892 4038 enim
1913 3980 2084 4037 distil-

499 4097 615 4152 lans
640 4089 1109 4154 labia‘meretricis,
1145 4097 1194 4141 et
1218 4083 1434 4141 nitidius
1459 4081 1571 4137 oleo
1599 4087 1781 4150 guttur
1799 4077 1934 4147 ejus.
1975 4074 2085 4129 No-

499 4188 710 4244 vissima
737 4194 911 4238 autem
935 4180 1077 4236 illius
1097 4194 1282 4234 amara
1309 4174 1459 4247 quasi
1485 4170 1826 4234 absinthium,
1851 4175 1899 4222 et
1929 4174 2086 4220 acuta

500 4281 650 4352 quasi
674 4276 881 4348 gladius
910 4275 1099 4343 biceps.
1142 4267 1310 4324 Pedes
1337 4267 1451 4336 ejus
1490 4261 1810 4318 descendunt
1849 4258 1917 4312 ad
1946 4272 2088 4310 mor—

503 4346 625 4437 tem,
651 4346 696 4424 et
721 4369 790 4422 ad
812 4367 1008 4435 inferos
1033 4377 1240 4432 gressus
1278 4357 1422 4412 illius
1461 4360 1752 4424 penetrant.
1797 4347 1904 4402 Per
1935 4346 2090 4402 semi-

504 4476 611 4518 tam
634 4461 750 4516 vitis
774 4473 879 4513 non
916 4453 1206 4515 ambulant,
1235 4449 1350 4519 vagi
1383 4454 1503 4501 sunt
1531 4460 1738 4516 gressus
1781 4441 1896 4511 ejus
1937 4448 1984 4492 et
2011 4439 2091 4491 in-

504 4551 846 4624 vestigabiles.
881 4547 1039 4602 Nunc
1057 4561 1200 4616 ergo,
1230 4541 1330 4611 ﬁli,
1369 4537 1495 4594 audi
1535 4553 1636 4601 me,
1658 4545 1708 4590 et
1733 4551 1794 4588 ne
1823 4530 2032 4586 recedas
2057 4546 2090 4582 a

504 4645 668 4701 verbis
708 4643 814 4697 oris
864 4640 984 4693 mei.
1022 4636 1196 4706 Longe
1229 4633 1314 4703 {ac
1341 4632 1406 4686 ab
1442 4647 1505 4684 ea
1534 4630 1670 4684 viam
1715 4637 1882 4690 tuam,
1928 4633 1977 4677 et
2025 4639 2088 4677 ne

506 4735 881 4808 appropinques
921 4729 1120 4800 foribus
1143 4727 1326 4780 domus
1364 4723 1499 4793 ejus.
1539 4717 1653 4773 Hoc
1680 4714 1948 4784 siquidem
1978 4727 2086 4768 non

506 4830 678 4886 solum
706 4802 778 4883 de
803 4822 1148 4880 meretricum
1195 4812 1534 4871 immunditia
1583 4808 1741 4872 dixit,
1773 4805 1868 4860 sed
1919 4802 2085 4858 etiam

506 4922 572 4976 de
599 4919 746 4974 omni
786 4915 969 4972 carnis
1001 4905 1464 4977 concupiscentia,
1504 4916 1623 4971 qua:
1671 4896 1924 4954 sollicitat
1964 4894 2084 4948 ani-

507 5025 652 5064 mam
701 5021 852 5061 suam
900 5000 1210 5057 consentire
1256 4992 1536 5050 desideriis
1595 4989 1743 5045 suis:
1797 4988 1894 5042 sed
1948 4984 2086 5039 ratio

481 5083 706 5152 utentis
732 5095 1020 5163 pmhiberc
1051 5090 1220 5140 debet
1241 5087 1473 5149 impetus
1510 5081 1686 5136 carnis
1727 5086 1782 5133 et
1809 5076 2087 5132 refrenare

509 5158 812 5254 Voluptates
838 5178 955 5249 ejus
981 5176 1218 5244 iniquas.
1247 5169 1376 5224 [tem
1407 5166 1498 5222 ille
1538 5164 1632 5234 qui
1674 5177 1857 5232 supra,
1902 5158 2089 5230 prohi-

509 5249 1447 5334 hens-cohabitatlonemfeminarum
1453 5255 1758 5326 juvenibus,
1771 5249 2063 5324 dicit(Prov
2072 5288 2086 5303 .

507 5369 625 5442 v1):
661 5357 914 5434 Nunquid
959 5355 1273 5413 abscondam
1313 5359 1475 5422 potest
1505 5349 1658 5404 homo
1698 5347 1866 5416 ignem
1893 5345 1950 5396 in
1969 5343 2089 5396 sinu

509 5435 630 5526 suo,
644 5469 699 5513 ut
713 5456 1014 5512 uestimenta
1027 5447 1171 5504 illius
1182 5463 1286 5501 non
1299 5443 1540 5506 ardeant;
1556 5449 1645 5494 aut
1660 5435 1928 5492 ambulare
1939 5447 2096 5501 super

484 5583 486 5586 ν
512 5523 709 5622 prunas
743 5553 800 5600 et'
825 5555 928 5598 nan
964 5538 1336 5596 comburantur
1367 5532 1560 5604 planta
1587 5530 1734 5600 ejus:
1766 5527 1841 5580 sic
1891 5523 1979 5594 qui
2005 5524 2092 5576 in-

517 5643 750 5715 greditur
781 5637 850 5691 ad
894 5634 1164 5690 mulierem
1190 5627 1418 5701 promitti
1445 5624 1549 5688 sui,
1587 5637 1692 5677 non
1728 5617 1826 5672 erit
1864 5613 2091 5669 mundus

520 5703 635 5789 cum
657 5729 886 5801 tetigerit
913 5741 1051 5781 eam.
1094 5719 1381 5777 Similiter
1414 5726 1470 5770 et
1514 5713 1708 5768 beatus
1765 5707 1962 5762 Paulus
1999 5703 2093 5758 ad-

521 5830 700 5876 monet
741 5833 867 5874 nos:
904 5816 1228 5875 Bonum-est,
1248 5806 1522 5876 inquiens,
1547 5799 1818 5856 mulierem
1847 5812 1952 5850 non
1976 5804 2094 5847 tan-

2153 591 2328 639 esset:
2358 580 2580 651 pulchra
2609 585 2694 635 est
2719 575 2865 636 enim
2891 581 3045 629 casta
3064 569 3324 641 iuvenum
3358 566 3640 638 pudicitia,
3673 573 3738 622 et

2155 676 2266 730 Deo
2299 671 2562 737 amabilis,
2599 678 2653 726 et
2677 667 2747 725 ad
2793 681 2952 722 omne
2978 665 3201 722 bonum.
3232 658 3398 715 utilis.
3451 657 3554 726 Qui
3594 655 3738 731 ﬁlios

2158 763 2320 818 habet
2363 727 2659 832 spiritales,
2697 757 2785 813 vel
2831 753 3092 820 carnales,
3143 749 3352 806 nutriat
3379 748 3500 806 illos
3544 748 3602 802 in
3643 727 3739 804 ca;

2157 855 2360 920 stitate,
2395 852 2527 917 Deo,
2557 865 2664 906 non
2693 849 2747 903 in
2772 844 3150 908 fornicatione,
3186 840 3419 896 diabolo.
3450 838 3588 907 Quid
3613 852 3740 908 pro-

2160 945 2283 1002 dest
2306 941 2512 1006 homini
2558 939 2724 993 lilium
2754 937 2974 1000 habere,
3020 932 3246 997 nutrire,
3278 945 3478 993 amare,
3514 929 3560 984 si
3584 936 3744 984 aeter-

2158 1037 2244 1091 nis
2264 1051 2386 1091 eum
2412 1031 2612 1095 nutriat
2638 1026 2934 1085 tormentis.
2959 1022 3060 1092 Qui
3086 1023 3141 1076 in
3164 1021 3408 1087 castitate
3430 1018 3632 1082 vivunt,
3645 1032 3746 1071 an-

2159 1127 2383 1199 gelicam
2428 1127 2628 1183 habent
2680 1123 2735 1176 in
2773 1120 2935 1175 terris
2979 1114 3462 1172 conversationem.
3510 1109 3748 1164 Castitas

2159 1215 2431 1280 hominem
2480 1215 2618 1272 coelo
2657 1211 2956 1284 coniungit,
2996 1207 3201 1277 angelis
3246 1204 3375 1259 facit
3411 1203 3605 1257 civem.
3640 1199 3746 1266 Qui

2159 1312 2438 1374 mulierem
2464 1311 2628 1366 habet
2662 1306 2979 1376 legitimam,
3008 1299 3248 1370 legitime
3297 1304 3480 1350 utatur
3504 1308 3566 1348 ea
3610 1301 3750 1346 tem-

2157 1405 2380 1475 poribus
2427 1398 2764 1472 opportunis,
2802 1402 2881 1460 ut,
2929 1390 3219 1448 secundum
3245 1384 3585 1457 Apostolum,
3616 1396 3751 1452 pos-

2161 1497 2231 1553 sit
2304 1509 2496 1549 vacare
2550 1489 2822 1552 orationi,
2879 1495 2934 1541 et
2975 1481 3406 1539 benedictionem
3474 1481 3754 1530 mereatur

2162 1585 2395 1640 ﬁliorum
2423 1598 2454 1637 a
2480 1583 2590 1636 Deo
2634 1579 2899 1648 accipere.
2947 1573 3116 1628 Nemo
3145 1571 3306 1634 dicat,
3337 1584 3369 1622 a
3390 1565 3752 1621 fornicatione

2162 1690 2221 1730 se
2265 1671 2536 1730 custodire
2576 1685 2685 1724 non
2719 1682 2900 1738 posse,
2935 1662 3106 1732 ﬁdelis
3152 1669 3227 1716 est
3253 1659 3390 1714 enim
3423 1657 3586 1719 Deus,
3617 1654 3757 1708 dicit

2160 1764 2446 1837 Apostolus
2473 1761 2492 1834 (
2517 1762 2547 1815 Ι
2574 1759 2696 1816 Cor.
2726 1777 2762 1814 x
2789 1758 2842 1830 ),
2883 1757 2971 1828 qui
2998 1772 3099 1810 non
3142 1750 3390 1822 permittit
3424 1765 3515 1803 nos
3560 1744 3757 1800 tentari

1787 1841 2069 1930 hominum;
2095 1867 2143 1936 Β
2170 1873 2328 1928 supra
2355 1855 2410 1909 id
2435 1853 2575 1925 quod
2603 1860 2811 1922 portare
2840 1862 3136 1918 possumus,
3161 1841 3250 1897 sed
3289 1841 3444 1912 faciet
3479 1854 3599 1893 cum
3638 1845 3760 1889 ten-

1910 1963 2065 2017 Βεαιί
2163 1951 2359 2005 tatione
2392 1953 2716 2018 proventum.
2747 1941 2893 1996 Talis
2925 1938 3212 2007 unicuique
3254 1931 3462 1989 homini
3520 1928 3759 1984 tentatio

2167 2040 2343 2105 datur,
2395 2037 2510 2092 sive
2561 2035 2615 2088 in
2648 2031 2826 2088 carnis
2875 2026 3164 2091 desiderio,
3219 2023 3333 2079 sive
3358 2022 3412 2076 in
3461 2018 3762 2074 ambitione

2168 2129 2372 2195 saeculi,
2397 2127 2482 2183 vel
2511 2126 2673 2180 etiam
2711 2125 2766 2178 in
2794 2134 3116 2192 quacunque
3143 2113 3455 2173 tentationis
3482 2109 3759 2172 molestia,

2169 2222 2381 2292 qualem
2418 2227 2511 2273 aut
2534 2232 2656 2272 cum
2704 2212 2858 2268 laude
2897 2211 3133 2274 vincere,
3156 2213 3250 2260 aut
3287 2218 3410 2258 cum
3457 2197 3762 2268 opprobrio

2171 2311 2521 2366 succumbere
2579 2306 2795 2378 poterit.
2846 2300 3104 2358 Omnibus
3149 2297 3295 2351 enim
3357 2291 3582 2347 castitas
3637 2301 3765 2358 per-

2172 2402 2478 2458 necessaria
2509 2407 2613 2464 est,
2644 2397 2736 2452 sed
2760 2394 2990 2449 maxime
3020 2387 3285 2444 ministris
3313 2381 3516 2439 Christi
3546 2378 3766 2442 altaris,

2173 2509 2400 2565 quorum
2440 2492 2546 2546 vita
2587 2489 2814 2544 aliorum
2844 2485 3002 2540 debet
3027 2496 3146 2537 esse
3181 2477 3412 2532 eruditio
3448 2482 3503 2528 et
3537 2469 3766 2526 assidua

2175 2560 2362 2643 salutis
2401 2581 2731 2653 praedicatio.
2765 2577 2922 2632 Tales
2962 2574 3103 2628 enim
3138 2571 3292 2625 decet
3332 2564 3620 2621 Dominum
3662 2560 3768 2613 ha-

2171 2678 2302 2733 bere
2329 2676 2626 2737 ministros,
2656 2670 2747 2741 qui
2771 2668 2914 2723 nulla
2961 2661 3279 2733 contagione
3311 2657 3490 2713 carnis
3519 2665 3774 2709 corrum-

2173 2776 2388 2840 pantur,
2419 2767 2513 2822 sed
2541 2765 2720 2836 potius
2759 2757 3088 2816 continentia
3120 2750 3389 2808 castitatis
3418 2745 3767 2817 splendeant.

2175 2835 2233 2917 et
2287 2859 2414 2916 totis
2470 2853 2776 2912 honestatis
2827 2850 3062 2920 fulgeant
3115 2847 3171 2900 in
3213 2841 3410 2913 populo
3463 2835 3771 2906 exemplis;

2177 2953 2371 3023 quibus
2384 2949 2645 3004 Dominus
2671 2960 2768 3016 per
2794 2941 3152 3012 legislatorem
3177 2933 3343 2988 dicit:
3377 2929 3559 2985 Sancti
3583 2935 3771 2988 estote,

2175 3046 2301 3104 auia
2329 3060 2420 3114 ego
2455 3048 2665 3095 sanctus
2705 3053 2822 3092 sum
2860 3033 3116 3087 Dominus
3159 3027 3298 3081 Deus
3332 3031 3498 3077 vester
3539 3018 3560 3090 (
3590 3016 3766 3070 Leuit.

2175 3153 2233 3192 ιι
2259 3135 2312 3208 );
2350 3135 2492 3188 Deus
2524 3130 2667 3185 enim
2695 3128 2786 3181 lux
2816 3134 2921 3185 est,
2949 3132 3001 3176 et
3026 3119 3265 3174 tenebrae
3291 3117 3343 3169 in
3380 3129 3445 3168 eo
3489 3124 3595 3164 non
3640 3116 3777 3161 sunt

2101 3229 2147 3292 C
2177 3198 2319 3292 ullae,
2344 3239 2442 3279 nec
2469 3222 2647 3291 aliqua
2683 3217 2898 3273 foeditas
2925 3214 2974 3267 ei
3019 3208 3212 3267 sociari
3254 3213 3448 3276 potest.
3504 3200 3570 3255 Et
3620 3198 3775 3261 ideo,

2181 3318 2380 3374 fratres
2428 3309 2784 3373 dilectissimi,
2815 3307 2926 3360 sive
2975 3302 3096 3368 viri,
3123 3300 3235 3355 sive
3257 3295 3483 3356 feminas,
3515 3292 3630 3346 sive
3661 3288 3780 3345 cle-

2182 3410 2282 3466 rici
2350 3422 2446 3462 seu
2492 3403 2638 3468 laici,
2693 3396 2990 3456 secundum
3044 3389 3286 3463 Apostoli
3344 3382 3778 3442 admonitionem

2182 3505 2202 3580 (
2226 3503 2289 3559 II
2318 3502 2441 3558 Cor.
2465 3517 2543 3556 vn
2568 3498 2619 3572 ):
2652 3495 2966 3552 Mundemus
2994 3507 3086 3544 nos
3117 3488 3179 3540 ab
3209 3486 3350 3539 omni
3379 3481 3778 3553 inquinamento

2183 3570 2357 3652 carnis
2386 3604 2436 3648 et
2460 3570 2697 3665 spiritus,
2724 3586 3067 3658 perﬁcientes
3107 3575 3590 3635 sanctificationem
3613 3571 3668 3625 in
3707 3570 3783 3623 ti-

2183 3703 2334 3745 more
2383 3686 2498 3740 Dci.
2534 3681 2860 3739 Studeamus
2889 3686 2947 3732 ut
2985 3677 3033 3730 ei
3073 3673 3162 3744 qui
3187 3672 3252 3725 ad
3304 3677 3559 3724 aeternam
3617 3679 3781 3718 suam

2183 3780 2409 3854 gloriam
2449 3791 2548 3832 nos
2592 3773 2826 3836 vocavit,
2872 3784 2971 3840 per
3023 3765 3203 3821 omnia
3251 3761 3578 3832 placeamus,
3641 3768 3785 3824 qua-

2182 3882 2342 3930 tenus
2387 3884 2512 3925 cum
2552 3882 2620 3922 eo
2664 3864 2896 3919 feliciter
2937 3861 2992 3914 in
3027 3865 3288 3911 aetemum
3327 3862 3553 3922 regnare
3600 3844 3784 3915 possi-

2185 3979 2322 4027 mus,
2369 3967 2660 4032 prazstante
2713 3954 2939 4008 Domino
2986 3958 3173 4005 nostro
3217 3944 3343 3999 Jesu
3389 3940 3626 3999 Christo,
3682 3935 3781 4004 qui

2185 4073 2308 4114 cum
2355 4055 2516 4109 Patre
2549 4062 2605 4108 et
2637 4050 2845 4120 Spiritu
2881 4053 3068 4102 sancto
3095 4042 3229 4097 vivit
3275 4047 3331 4094 et
3366 4043 3552 4108 regnat
3600 4032 3776 4097 Deus,

2184 4165 2282 4222 per
2306 4148 2489 4204 omnia
2519 4144 2714 4200 saecula
2767 4138 3105 4194 saeculorum.
3135 4133 3324 4186 Amen.

2702 4248 2985 4308 HOMILIA
3034 4243 3264 4301 XLVIII.

2190 4348 2256 4386 DE
2293 4343 2488 4386 STUDIO
2526 4339 2822 4383 εΑΡιεΝτιΑε
2849 4338 2918 4376 ΕΤ
2959 4327 3326 4374 IEDITATIONE
3377 4323 3569 4364 DIVINE
3602 4319 3778 4360 LEGIS.

2262 4421 2506 4491 Oportet,
2553 4417 2747 4471 fratres
2793 4409 3118 4472 charissimi,
3161 4413 3221 4459 ut
3269 4401 3468 4458 mundo
3519 4398 3681 4454 corde
3724 4406 3784 4450 et

2195 4487 2345 4570 casto
2384 4523 2611 4578 corpore
2637 4503 2955 4574 sapientiam
2999 4498 3236 4554 divinam
3280 4493 3489 4546 discere
3540 4487 3781 4554 diligatis

2111 4599 2168 4672 Β
2191 4613 2248 4661 et
2286 4602 2585 4673 intelligere
2623 4598 2913 4670 appetatis,
2960 4592 3088 4663 quia
3129 4590 3246 4658 ipsa
3292 4582 3528 4654 cognitio
3566 4579 3662 4633 Dei
3722 4593 3785 4632 se

2193 4693 2424 4751 fideliter
2461 4669 2825 4762 quaerentibus
2861 4693 2916 4741 et
2951 4684 3215 4738 instanter
3259 4670 3644 4730 meditantibus
3686 4669 3786 4722 tri-

2190 4785 2330 4841 buit.
2365 4757 2667 4854 Cognitioni
2709 4785 2889 4830 autem
2935 4771 3031 4827 Dei
3070 4766 3202 4824 nihil
3263 4763 3457 4818 melius
3504 4769 3609 4824 est,
3651 4757 3781 4828 quia

2193 4876 2326 4933 nihil
2375 4847 2587 4929 beatius
2640 4877 2744 4933 est,
2777 4876 2832 4922 et
2868 4866 2983 4935 ipsa
3007 4876 3134 4915 vera
3175 4853 3450 4912 beatitudo
3477 4857 3581 4907 est.
3627 4847 3784 4904 Unde

2191 4980 2247 5026 et
2311 4969 2562 5025 Salvator
2617 4965 2682 5019 ad
2726 4962 2941 5016 Patrem
2984 4955 3060 5009 ait
3099 4971 3111 5007 :
3154 4950 3283 5004 Haec
3337 4955 3413 5000 est
3458 4950 3633 4998 autem
3675 4940 3781 4992 vita

2193 5072 2412 5126 eterna,
2434 5067 2491 5112 ut
2522 5060 2832 5120 cognoscant
2857 5059 2906 5098 te
2924 5058 3087 5097 unum
3131 5054 3310 5094 verum
3341 5036 3528 5100 Deum,
3555 5040 3602 5086 et
3627 5045 3779 5099 quem

2192 5148 2378 5203 misisti
2417 5144 2603 5199 Iesum
2653 5139 2918 5195 Christum
2964 5135 3299 5203 (lo-tmxvn
3326 5129 3366 5202 ).
3431 5125 3598 5195 Hujus
3649 5135 3780 5190 ergo

2195 5238 2470 5310 sapientiae
2522 5232 2735 5299 notitia,
2763 5229 2997 5301 qualiter
3041 5225 3386 5295 adipiscatur,
3431 5218 3650 5280 fratres,
3678 5228 3778 5266 au-

2195 5307 2326 5388 dite.
2358 5331 2539 5385 Primo
2585 5325 2825 5381 omnium
2869 5317 3221 5392 quaerendum
3281 5321 3364 5369 est
3403 5307 3606 5365 homini
3657 5320 3780 5376 quae

2194 5425 2265 5479 sit
2293 5437 2420 5477 vera
2471 5417 2698 5475 scientia
2745 5429 2982 5482 veraque
3010 5406 3300 5478 sapientia,
3322 5401 3463 5472 quia
3518 5397 3779 5468 sapientia

2195 5514 2355 5583 hujus
2396 5507 2576 5564 διεσαιὶ
2625 5504 2845 5561 stultitia
2874 5512 2948 5556 est
3000 5497 3139 5569 apud
3169 5495 3333 5549 Deum
3389 5489 3453 5561 (Ι
3490 5485 3611 5542 Cor.
3645 5501 3705 5541 ιιι
3732 5485 3774 5556 ).

2201 5603 2439 5660 Scientia
2475 5614 2603 5654 vera
2652 5605 2738 5652 est
2764 5611 2795 5650 a
2820 5591 3018 5650 diaboli
3047 5587 3288 5651 servitio,
3321 5584 3462 5654 quod
3493 5583 3618 5638 sunt
3647 5594 3778 5650 pec-

2196 5706 2337 5759 cata,
2368 5693 2650 5757 recedere;
2681 5697 2736 5746 et
2763 5686 3026 5758 sapientia
3082 5681 3316 5754 perfecta
3349 5687 3432 5732 est
3487 5675 3658 5729 Deum
3685 5681 3774 5723 co-

2198 5791 2310 5845 lere
2346 5785 2640 5842 secundum
2674 5781 3048 5836 mandatorum
3079 5774 3220 5829 illius
3245 5769 3548 5831 veritatem,
3574 5763 3703 5836 quia
3725 5759 3784 5815 in
