4036 6370
304 399 372 455 89
1163 380 1168 382 ⁷
1257 397 1557 455 HOMILLE
1603 385 1691 455 nia
1731 400 1880 458 res:

2012 402 2416 471 PRAECIPUIS,
2458 404 2608 460 ETC.
3480 411 3550 466 90

307 514 392 568 his
441 511 646 568 duribus
701 505 811 565 Vita
857 511 1011 566 beata
1041 515 1355 582 acquiritur,
1406 516 1543 570 sicut
1587 515 1872 573 Psalmista
1898 519 2108 582 Avivit
2151 529 2206 574 et
2235 529 2420 591 regnat
2464 536 2584 576 cum
2629 524 2739 578 Deo
2764 524 2922 579 Patre
2961 526 3014 580 in
3065 527 3271 584 unitate
3319 528 3552 600 Spiritus

306 603 412 658 ait:
431 601 638 656 Diverte
665 617 696 654 a
723 600 882 667 malo,
900 610 948 656 et
974 602 1058 671 fac
1077 602 1264 655 bonum
1280 601 1450 665 (Psal.
1466 619 1628 658 xxxvr
1649 604 1708 669 ;1
1729 605 1869 662 Petr.

306 693 424 764 ιιι).
469 692 580 746 Nec
616 692 778 745 etiam
809 691 1002 747 suﬁiclt
1047 695 1293 763 cuiquam
1345 711 1452 749 non
1483 696 1620 750 mala
1674 699 1868 763 facere,

307 783 412 838 nisi
457 782 619 836 etiam
654 783 791 837 bona
821 781 1010 849 faciat;
1046 800 1146 840 nec
1170 786 1312 840 bona
1339 784 1536 852 facere,
1564 789 1664 843 nisi
1711 789 1874 844 etiam

307 871 450 926 mala
476 872 706 927 omittat.
744 868 930 928 Omnis
954 889 1080 946 ergo
1109 875 1199 944 qui
1239 877 1318 932 sic
1363 879 1574 948 sapiens
1614 889 1720 946 est,
1751 897 1877 952 pro-

305 961 392 1015 cul
423 961 584 1017 dubio
613 962 804 1018 beatus
843 963 947 1018 erit
996 965 1048 1018 in
1094 976 1376 1035 aeternum,
1428 971 1583 1025 beata
1612 973 1876 1042 siquidem

303 1051 417 1105 vita
454 1059 535 1106 est
562 1052 792 1123 cognitio
821 1052 1149 1122 divinitatis;
1184 1059 1417 1127 cognitio
1450 1060 1742 1116 divinitatis
1771 1063 1879 1116 vir-

307 1149 397 1195 tus
433 1141 560 1196 boni
597 1143 778 1211 operis
801 1153 917 1210 est;
950 1145 1122 1203 virtus
1160 1147 1285 1203 boni
1322 1152 1500 1220 operis
1537 1150 1747 1208 fructus
1796 1161 1880 1210 est

303 1240 524 1286 aeterna:
553 1233 917 1290 beatitudinis.
953 1236 1034 1291 Ad
1068 1239 1172 1293 hoc
1213 1255 1343 1312 ergo
1390 1242 1588 1298 bonum
1621 1243 1879 1300 habemus

305 1325 562 1380 solatium
613 1327 914 1383 divinarum
965 1330 1247 1388 lectionem
1295 1333 1718 1405 Scripturarum,
1751 1339 1876 1408 quia

299 1429 577 1471 sacrarum
603 1417 763 1474 lectio
793 1418 1189 1491 Scripturarum
1217 1425 1409 1480 divina:
1427 1435 1509 1482 est
1533 1429 1879 1500 prmcognitio

301 1523 410 1562 non
435 1524 599 1578 parva
645 1509 1008 1569 beatitudinis.
1056 1515 1114 1569 ln
1144 1516 1228 1570 his
1275 1518 1418 1571 enim
1466 1519 1618 1588 quasi
1668 1519 1722 1574 in
1747 1535 1880 1589 quo-

299 1596 429 1651 dam
492 1599 726 1668 speculo,
778 1601 938 1656 homo
991 1605 1224 1674 seipsum
1289 1607 1630 1665 considerare
1679 1619 1876 1680 potest,

300 1687 479 1756 qualis
508 1689 579 1743 sit
620 1690 704 1745 vel
750 1707 856 1762 quo
884 1695 1084 1750 tendat.
1142 1696 1327 1752 Lectio
1367 1701 1579 1755 assidua
1633 1704 1880 1772 purificat

298 1778 503 1844 omnia,
553 1780 800 1835 timorem
867 1783 1056 1839 incutit
1098 1788 1376 1858 gehennm,
1434 1792 1502 1846 ad
1543 1795 1732 1863 gaudia
1791 1813 1881 1849 su-

296 1882 467 1936 perna
506 1884 601 1924 cor
633 1871 852 1944 instigat
889 1874 1131 1945 legentis.
1164 1877 1265 1944 Qui
1297 1879 1411 1933 vult
1439 1897 1560 1936 cum
1600 1884 1709 1939 Deo
1741 1900 1881 1940 sem-

297 1971 398 2025 per
453 1972 596 2023 esse,
641 1959 952 2030 frequenter
989 1963 1145 2018 debet
1207 1981 1364 2022 orare
1391 1977 1446 2023 et
1506 1969 1683 2041 legere
1711 1991 1723 2024 :
1752 1989 1876 2028 nam

295 2063 421 2102 cum
447 2065 683 2119 oramus,
725 2054 821 2117 ipsi
849 2072 971 2110 cum
1013 2057 1124 2113 Deo
1149 2058 1454 2128 loquimur;
1495 2080 1616 2118 cum
1641 2079 1770 2121 vero
1799 2066 1876 2121 le-

294 2143 495 2212 gimus,
541 2144 684 2201 Deus
729 2147 1010 2204 nobiscum
1041 2152 1294 2222 loquitur.
1336 2154 1617 2211 Geminum
1672 2159 1882 2214 confert

295 2231 497 2286 bonum
552 2234 711 2291 lectio
758 2246 1068 2295 sanctarum
1117 2241 1541 2314 Scripturarum,
1592 2249 1706 2303 sive
1753 2251 1880 2319 quia

296 2323 630 2380 intellectum
665 2329 863 2384 mentis
915 2332 1112 2398 erudit,
1165 2349 1258 2389 seu
1288 2337 1412 2404 quia
1439 2353 1470 2390 a
1499 2340 1680 2394 mundi
1731 2341 1882 2394 vani-

296 2415 500 2470 tatibus
540 2417 871 2474 abstractum
922 2423 1192 2479 hominem
1243 2427 1309 2481 ad
1351 2444 1589 2484 amorem
1637 2431 1732 2486 Dei
1760 2447 1883 2503 per-

292 2507 463 2563 ducit.
517 2509 696 2566 Labor
730 2513 986 2570 honestus
1032 2525 1116 2571 est
1144 2517 1410 2586 lectionis,
1451 2530 1505 2577 et
1534 2523 1761 2578 multum
1813 2524 1880 2578 ad

291 2601 730 2658 emundationem
783 2605 948 2660 animi
1010 2608 1252 2678 prolicit:
1287 2612 1426 2666 sicut
1470 2629 1537 2667 ex
1575 2613 1882 2669 carnalibus

293 2693 435 2748 escis
465 2695 626 2749 alitur
654 2711 801 2762 caro,
831 2696 905 2752 ita
927 2713 1004 2766 ει,
1029 2701 1224 2757 divinis
1250 2704 1478 2774 eloquiis
1526 2706 1752 2762 interior
1779 2707 1878 2762 ho—

293 2801 388 2840 mo
416 2788 646 2841 nutritur
674 2803 737 2842 ac
765 2791 1031 2858 pascitur;
1061 2794 1198 2848 sicut
1241 2795 1525 2852 Psalmista
1554 2803 1656 2853 ait:
1709 2799 1881 2867 Quam

298 2873 479 2928 dulcia
518 2876 750 2943 faucibus
777 2880 904 2933 meis
932 2880 1137 2952 eloquia
1162 2894 1253 2939 tua
1281 2903 1436 2956 super
1475 2887 1575 2941 mel
1605 2898 1652 2942 et
1704 2890 1879 2958 favum

301 2967 386 3020 ori
434 2985 544 3024 meo
593 2970 783 3041 (Psal.
833 2992 1000 3033 cxvut
1029 2979 1068 3050 ).
1121 2980 1228 3036 Sed
1254 2981 1343 3035 ille
1388 2983 1736 3039 beatissimus
1774 2995 1876 3049 est,

300 3059 395 3126 qui
426 3060 632 3117 divinas
663 3063 973 3136 Scripturas
1001 3069 1399 3140 legens,'verba
1424 3075 1587 3128 vertit
1613 3076 1668 3128 in
1694 3090 1876 3144 opera.

294 3148 497 3208 Omnes
520 3153 674 3224 plane
721 3156 1010 3229 Scripturae
1050 3172 1247 3220 sanctae
1277 3166 1345 3221 ad
1385 3174 1624 3221 nostram
1655 3166 1879 3222 salutem

1974 615 2147 670 sancti
2173 614 2333 682 Deus,
2364 631 2463 684 per
2489 618 2671 671 omnia
2695 619 2888 674 saecula
2924 621 3262 678 saeculorum.
3285 625 3475 681 Amen.

2552 753 2828 810 HOMlLlA
2870 755 3056 814 XLIX.

2148 878 2214 918 DE
2249 877 2487 929 JEJUNIIS,
2537 881 2750 922 VIGILIIS
2785 885 2960 932 ATQUE
3001 886 3370 931 ORATIONIBUS.

2041 974 2406 1044 Interrogatus
2434 975 2501 1030 ab
2525 977 2780 1046 apostolis
2803 978 3082 1048 Dominus,
3106 983 3299 1052 quibus
3323 984 3437 1054 ipse
3461 984 3556 1039 de-

1975 1066 2053 1122 dit
2071 1076 2387 1136 potestatem
2418 1082 2577 1136 super
2606 1085 2816 1124 omnem
2853 1076 3104 1128 virtutem
3133 1075 3354 1142 inimici,
3385 1085 3443 1131 ut
3465 1077 3553 1132 in-

1975 1161 2160 1219 ﬁrmos
2216 1172 2487 1229 curarent,
2537 1166 2807 1222 daemones
2863 1168 3138 1238 ejicerent,
3199 1184 3319 1224 cum
3356 1168 3554 1224 daemo-

1975 1255 2122 1311 nium
2151 1274 2182 1313 a
2223 1258 2457 1315 lunatico
2486 1261 2753 1331 expellere
2799 1276 2904 1315 non
2946 1268 3184 1330 possent,
3232 1261 3552 1331 respondit:

1977 1347 2093 1403 Hoc
2132 1366 2291 1420 genus
2331 1354 2706 1407 daamoniorum
2735 1369 2836 1406 non
2872 1353 3027 1418 exiet,
3077 1352 3177 1406 nisi
3219 1369 3312 1422 per
3356 1354 3556 1408 oratio-

1977 1454 2093 1493 nem
2133 1448 2181 1493 et
2213 1439 2475 1512 jejunium
2511 1441 2722 1513 (Matth.
2745 1441 2901 1513 xvu);
2939 1458 3047 1512 quo
3071 1442 3226 1497 nobis
3253 1443 3436 1511 utique
3463 1443 3556 1498 de-

1976 1533 2294 1589 monstravit
2331 1545 2532 1604 quanta
2567 1537 2739 1592 virtus
2783 1537 2852 1592 sit
2893 1536 3230 1592 abstinentia;
3257 1552 3378 1591 cum
3421 1551 3556 1606 pura

1977 1623 2236 1688 oratione,
2276 1628 2489 1697 quando
2530 1629 2632 1683 hoc
2671 1629 2784 1698 ipsa
2827 1626 3036 1683 ellicere
3073 1627 3215 1681 valet
3255 1627 3395 1695 quod
3426 1642 3556 1696 apo—

1977 1716 2165 1770 stolica
2213 1726 2450 1786 potestas
2498 1734 2604 1774 non
2657 1719 2849 1789 potuit.
2924 1717 3037 1774 Hoc
3083 1728 3264 1773 autem
3309 1717 3555 1780 dicimus,

1979 1803 2192 1872 fratres,
2223 1825 2328 1862 non
2359 1809 2500 1878 quod
2530 1825 2783 1880 negemus
2823 1807 3107 1877 apostolos,
3158 1806 3427 1876 principes
3455 1804 3559 1859 Ec-

1908 1906 1955 1964 B
1981 1897 2156 1953 clesise
2175 1908 2230 1954 et
2250 1900 2412 1954 duces
2439 1900 2617 1970 populi
2644 1900 2761 1966 Dei,
2790 1899 3126 1954 abstinentia:
3160 1912 3379 1967 cperam
3407 1897 3558 1962 dare,

1981 1990 2064 2046 vel
2088 1990 2358 2047 Christum
2391 1993 2632 2048 dicamus
2660 1994 2738 2048 eis
2776 1993 2985 2063 plenam
3012 1991 3268 2061 pietatem
3298 1990 3426 2044 dare
3451 2003 3559 2042 non

1978 2098 2136 2152 posse
2167 2102 2180 2139 :
2225 2086 2317 2140 sed
2347 2086 2508 2141 rudes
2535 2085 2711 2140 adhuc
2748 2084 3011 2153 discipuli,
3040 2083 3132 2152 qui
3163 2083 3215 2136 in
3243 2081 3430 2136 diebus
3459 2094 3560 2132 nu-

1979 2177 2211 2246 ptiarum
2243 2188 2520 2232 manentes
2571 2193 2692 2233 cum
2735 2192 2948 2248 sponso,
2981 2174 3223 2246 jejunare
3256 2173 3341 2227 vel
3386 2171 3563 2240 legere

1980 2281 2087 2321 non
2129 2276 2393 2335 poterant,
2452 2267 2751 2322 instruendi
2795 2268 2898 2322 hoc
2942 2265 3100 2319 modo
3134 2274 3310 2326 erant,
3356 2261 3410 2316 in
3453 2275 3563 2328 quo

1979 2357 2303 2426 protervitas
2333 2358 2504 2412 hostis
2547 2358 2750 2427 antiqui
2802 2356 3034 2410 maxime
3081 2352 3324 2423 superari
3370 2350 3558 2419 possit,

1980 2456 2041 2502 ut
2063 2446 2322 2512 Ecclesia,
2365 2463 2484 2516 quae
2511 2462 2608 2516 per
2635 2461 2729 2501 eos
2765 2453 2881 2500 erat
2907 2444 3201 2506 edocenda,
3249 2446 3566 2511 agnosceret

1981 2539 2420 2610 qualitercontra
2448 2539 2657 2592 hostem
2687 2536 3074 2606 nequissimum
3102 2530 3386 2602 confligere
3409 2530 3568 2584 debe—

1981 2641 2066 2687 ret
2090 2640 2145 2686 et
2173 2631 2386 2685 vincere
2423 2637 2623 2699 posset.
2681 2628 2969 2682 Sciendum
3005 2632 3088 2681 est
3113 2637 3242 2692 ergo
3273 2622 3401 2677 illud
3437 2635 3562 2690 per-

1981 2723 2178 2778 fectum
2209 2736 2328 2776 esse
2361 2719 2625 2790 jejunium
2653 2719 2795 2789 quod
2835 2733 2955 2773 cum
2986 2713 3339 2785 elecmosynis
3365 2720 3417 2768 et
3445 2726 3566 2766 ora-

1980 2817 2127 2872 tione
2154 2815 2349 2870 cmlum
2385 2814 2597 2879 transit,
2629 2813 2756 2884 quia
2786 2812 2959 2882 ipsum
2989 2810 3056 2864 ad
3084 2810 3337 2864 thronum
3367 2803 3566 2859 altissi-

1979 2907 2161 2964 miDei
2186 2907 2449 2978 pervenit.
2482 2905 2632 2960 Tunc
2659 2904 2804 2959 enim
2833 2905 3014 2967 homo,
3045 2899 3303 2971 spiritalis
3319 2896 3563 2960 effectus,

1981 2999 2185 3069 angelis
2239 2997 2580 3068 conjungitur
2621 2995 2839 3064 Deoque
2889 2991 3108 3047 liberius
3150 2989 3452 3060 copulatur,
3520 2984 3566 3039 si

1981 3092 2300 3146 abstinentia
2345 3090 2524 3145 carnis
2551 3086 2883 3143 orationibus
2921 3083 3208 3139 exaltatur.
3237 3080 3342 3134 Per
3363 3078 3566 3149 jejunia

1981 3183 2128 3239 enim
2173 3190 2226 3237 et
2265 3181 2540 3236 orationes
2581 3178 2791 3233 occulta
2838 3174 3216 3246 mysteriorum
3265 3167 3567 3225 caelestium

294 3245 511 3313 scriptae
575 3258 719 3315 sunt,
751 3259 811 3305 ut
849 3253 1193 3323 proficiamus
1223 3258 1278 3313 in
1307 3259 1385 3314 eis
1411 3260 1466 3314 in
1508 3260 1752 3316 veritatis
1789 3275 1878 3314 co-

1981 3273 2308 3337 revelantur,
2374 3271 2649 3339 divinique
2698 3264 3023 3323 sacramenti
3066 3276 3266 3318 arcana
3319 3259 3565 3330 pandun-

293 3337 555 3408 gnitione.
604 3341 813 3413 Saepius
848 3361 1021 3402 caecus
1071 3347 1292 3404 offendit
1326 3366 1487 3421 quam
1544 3351 1753 3418 videns,
1802 3352 1881 3407 sic

293 3430 553 3504 ignorans
582 3436 755 3509 legem
785 3439 881 3496 Dei
916 3444 1110 3514 saepius
1157 3447 1473 3518 ignoranter
1495 3457 1686 3519 peccat
1719 3465 1882 3521 quam

293 3521 385 3577 ille
424 3525 514 3593 qui
564 3528 686 3583 scit.
731 3528 884 3588 Sicut
925 3549 1098 3590 caacus
1134 3538 1250 3593 sine
1301 3539 1544 3605 ductore,
1601 3541 1678 3597 sic
1721 3542 1882 3596 homo

295 3615 415 3669 sine
459 3615 696 3687 doctore,
727 3623 875 3678 viam
926 3634 1128 3681 rectam
1169 3630 1255 3683 vix
1309 3631 1576 3694 graditur.
1620 3632 1687 3687 Et
1735 3632 1880 3700 ideo,

294 3705 494 3764 fratres
555 3711 881 3782 charissimi,
925 3717 1228 3789 quicunque
1291 3735 1358 3775 ex
1408 3721 1560 3776 vobis
1620 3721 1882 3778 lectiones

295 3814 482 3855 sacras
510 3801 687 3874 legere
711 3813 764 3861 et
793 3806 1093 3880 intelligere
1143 3821 1386 3881 possunt,
1428 3814 1482 3867 in
1512 3814 1597 3869 his
1647 3815 1881 3871 studium

294 3887 628 3958 impendant,
659 3902 718 3949 ut
754 3911 937 3951 earum
987 3897 1295 3969 frequenter
1331 3902 1683 3958 meditatione
1724 3911 1882 3957 utan-

296 3989 414 4034 tur:
453 3985 543 4052 qui
595 4001 724 4043 vero
766 4004 983 4045 sensum
1032 3992 1276 4048 lectionis
1313 3997 1482 4049 s‘acrae
1532 4009 1594 4049 ex
1651 3996 1882 4051 lectione

295 4085 406 4126 non
453 4085 678 4142 possunt
730 4081 1026 4150 percipere,
1056 4083 1316 4138 attentius
1362 4085 1584 4140 audiant
1618 4087 1881 4156 interpre-

294 4170 522 4231 tantem,
553 4177 613 4222 ut
636 4171 897 4242 recipiant
923 4175 1112 4232 saltem
1136 4178 1262 4232 inde
1291 4178 1721 4234 aediﬁcationem.
1746 4178 1879 4235 Cum

292 4272 428 4312 vero
473 4262 781 4331 magisterio
836 4267 1040 4323 caelesti
1093 4269 1363 4335 instructi,
1405 4270 1533 4339 quid
1576 4268 1878 4325 faciendum

295 4348 496 4416 quidve
550 4352 824 4408 vitandum
878 4359 965 4421 sit,
1003 4357 1360 4425 dilectissimi,
1411 4361 1710 4432 accipiatis,
1771 4377 1877 4416 non

295 4440 370 4492 sit
399 4456 551 4496 mora
574 4443 628 4498 in
652 4443 898 4502 faciendo
919 4451 1060 4518 quod
1086 4451 1228 4507 intus
1262 4452 1486 4522 sapiatis
1511 4451 1872 4525 intelligendo,

296 4528 444 4597 quia,
474 4539 532 4584 ut
565 4532 749 4587 beatus
789 4534 1020 4593 Iacobus
1067 4541 1344 4610 apostolus
1382 4539 1630 4596 aitzNon
1670 4542 1877 4596 audito-

1985 3379 2091 3436 tur,
2149 3369 2293 3440 quod
2337 3368 2393 3422 in
2443 3365 2662 3420 Daniele
2710 3363 2972 3434 prOpheta
3017 3367 3073 3414 et
3123 3357 3280 3412 Petro
3329 3352 3569 3425 apostolo

1983 3459 2282 3516 manifestis
2354 3455 2566 3512 indiciis
2635 3451 3031 3522 comprobatur.
3101 3448 3270 3520 lgitur
3334 3443 3570 3514 quandiu

1983 3552 2153 3606 Adam
2201 3549 2480 3615 abstinuit,
2523 3547 2722 3603 mansit
2763 3545 2820 3600 in
2867 3543 3157 3614 paradiso:
3203 3536 3567 3601 manducavit,

1984 3654 2039 3702 et
2067 3643 2320 3714 expulsus
2367 3650 2468 3696 est.
2513 3639 2723 3709 Jejunia
2775 3643 2902 3693 sunt
2948 3633 3109 3689 fortia
3158 3631 3262 3687 tela
3311 3629 3570 3684 adversus

1986 3744 2316 3793 tcntamenta
2365 3734 2787 3790 daemoniorum:
2821 3729 2927 3784 cito
2962 3727 3106 3782 enim
3153 3738 3248 3792 per
3297 3720 3569 3775 abstinen-

1983 3830 2114 3884 tiam
2164 3828 2473 3882 vincuntur.
2527 3823 2677 3880 Unde
2723 3821 2885 3876 etiam
2937 3815 3194 3872 Dominus
3223 3820 3279 3866 et
3324 3810 3572 3864 Salvator

1982 3929 2168 3976 noster
2215 3934 2404 3975 eorum
2451 3917 2700 3971 incursus
2731 3910 2949 3982 jejuniis
2976 3916 3032 3964 et
3073 3905 3407 3963 orationibus
3436 3916 3575 3971 pra:-

1981 4020 2165 4067 monet
2211 4023 2486 4079 superare,
2543 4013 2598 4061 et
2627 4019 2725 4060 suo
2753 4000 2998 4071 exemplo
3042 3997 3212 4054 voluit
3234 3996 3302 4049 ad
3329 3995 3433 4048 hoc
3473 4005 3571 4045 nos

1982 4104 2294 4160 informare.
2344 4100 2616 4172 Jejunavit
2663 4105 2718 4152 et
2757 4094 3026 4152 diabolum
3075 4091 3223 4154 vicit,
3272 4086 3468 4149 oravit,
3517 4089 3572 4137 et

1981 4197 2278 4268 principem
2307 4195 2466 4264 hujus
2503 4191 2688 4245 mundi
2718 4188 2863 4244 foras
2903 4186 3098 4255 ejecit:
3132 4179 3391 4236 immundi
3426 4176 3570 4230 enim

1981 4290 2201 4361 spiritus
2248 4287 2319 4342 ibi
2367 4301 2424 4341 se
2465 4282 2765 4339 liducialius
2810 4279 3122 4342 immittent,
3175 4273 3266 4328 ubi
3314 4269 3572 4325 videbunt

1980 4381 2291 4452 frequentes
2328 4374 2766 4438 comessationes,
2825 4370 3114 4426 ebrietates
3155 4363 3417 4464 exerceri.
3456 4361 3569 4464 Ab-

1981 4472 2236 4528 stinentia
2283 4483 2480 4538 corpus
2544 4471 2804 4531 macerat,
2859 4462 2952 4521 sed
3001 4476 3094 4516 cor
3159 4456 3565 4527 impinguescit;

1982 4578 2200 4620 carnem
2251 4560 2514 4626 debilitat,
2569 4559 2664 4613 sed
2720 4556 2954 4610 animam
3011 4550 3296 4607 confortat.
3366 4546 3473 4602 Sed
3517 4554 3571 4601 ct

297 4636 379 4718 res
425 4619 552 4692 legis
591 4624 730 4692 justi
775 4635 897 4680 sunt
937 4631 1077 4698 apud
1129 4630 1318 4697 Deum,
1348 4631 1439 4687 sed
1470 4634 1696 4702 factores
1749 4632 1874 4703 legis
1903 4635 1954 4694 D
1985 4619 2089 4710 hoc
2144 4652 2438 4708 notandum
2477 4619 2562 4704 e'st
2601 4648 2744 4718 quod
2791 4635 2996 4716 jejunia
3053 4639 3390 4698 solummodo
3449 4653 3574 4691 cum

295 4707 440 4777 (Jac.
479 4713 556 4782 1);
589 4723 643 4767 et
665 4715 779 4785 ipsa
830 4717 1041 4773 Veritas
1083 4721 1186 4774 ait:
1232 4720 1422 4778 Servus
1446 4723 1535 4796 qui
1567 4723 1664 4776 scit
1693 4722 1878 4777 volun-

295 4810 456 4853 tatem
482 4802 682 4858 domini
722 4807 824 4871 sui,
879 4819 927 4862 et
979 4827 1082 4864 non
1108 4811 1258 4880 facit,
1294 4812 1558 4882 vapulabit
1601 4812 1796 4876 multis,
1826 4820 1882 4867 et

296 4889 506 4960 reliqua
563 4894 713 4963 (Luc.
747 4896 868 4967 xu).
902 4898 1035 4953 Item
1066 4901 1195 4956 alibi
1238 4903 1497 4972 scriptum
1533 4911 1646 4957 est:
1686 4901 1881 4956 Scienti

296 4985 491 5067 bonum
525 4986 715 5055 facere,
747 4999 797 5042 et
844 5008 946 5045 non
976 4993 1188 5061 facienti
1224 5004 1491 5064 peccatum
1513 5005 1587 5050 est
1614 4996 1692 5049 illi
1738 4996 1878 5067 (Jac.

297 5065 399 5137 ιε’).
433 5066 622 5138 Itaque
669 5070 816 5124 omni
858 5072 1131 5142 diligentia
1179 5078 1393 5129 studete
1437 5087 1498 5132 ut
1549 5065 1886 5144 cognoscatis

297 5157 632 5215 voluntatem
676 5162 808 5216 Dei:
856 5173 1141 5234 postquam
1183 5173 1362 5220 autem
1400 5166 1760 5236 cognoveritis
1787 5181 1884 5221 vo-

300 5246 565 5303 luntatem
586 5250 723 5320 ejus,
765 5268 977 5308 summo
1014 5254 1133 5310 nisu
1163 5257 1470 5311 contendite
1501 5264 1561 5311 ut
1621 5258 1758 5312 hanc
1807 5255 1887 5310 fa-

300 5340 478 5403 ciatis,
510 5340 794 5410 implentes
837 5346 1085 5400 mandata
1120 5347 1291 5414 illius;
1322 5357 1378 5403 et
1411 5349 1678 5404 instanter
1725 5350 1886 5418 depo-

301 5433 441 5488 scite
473 5441 531 5488 ut
571 5435 625 5488 in
671 5435 773 5489 hoc
812 5447 1241 5506 perseverantes,
1277 5442 1603 5509 perveniatis
1649 5441 1716 5494 ad
1767 5455 1886 5510 pro-

233 5523 236 5525 ⁴
308 5525 477 5578 missa
520 5525 732 5594 ipsius:
765 5526 828 5581 ad
858 5528 1001 5596 quod
1029 5543 1126 5583 vos
1175 5528 1431 5598 adjuvare
1480 5531 1730 5600 dignetur
1778 5531 1892 5600 ipse

305 5618 395 5685 qui
419 5633 517 5687 per
535 5633 689 5672 suam
716 5619 1011 5673 bonitatem
1037 5634 1136 5674 nos
1159 5622 1372 5675 vocavit
1394 5630 1449 5677 et
1471 5638 1568 5691 per
1591 5639 1742 5677 suam
1767 5639 1888 5694 gra-

308 5707 439 5760 tiam
469 5707 738 5774 liberavit,
776 5711 975 5780 quique
1000 5710 1136 5765 bene
1165 5713 1497 5767 certantibus
1537 5713 1778 5768 cazlestia
1803 5729 1890 5769 re-

307 5814 412 5869 gna
464 5800 730 5866 nromisit,
775 5799 931 5856 Iesus
955 5800 1201 5856 Christus
1248 5801 1505 5857 Dominus
1554 5813 1754 5870 noster,
1795 5804 1888 5875 qui

1985 4743 2140 4799 bonis
2183 4741 2432 4811 operibus
2484 4739 2580 4792 Dei
2630 4745 2757 4792 sunt
2816 4732 3183 4803 acceptabilia;
3241 4731 3331 4800 qui
3393 4736 3573 4781 autem

1987 4832 2121 4887 cibis
2166 4830 2455 4893 abstinent,
2488 4835 2542 4882 et
2584 4841 2751 4896 prava
2796 4833 2982 4894 agunt,
3043 4825 3314 4878 daemones
3354 4819 3570 4872 imitan-

1988 4932 2104 4988 tur,
2129 4920 2323 4991 quibus
2369 4934 2492 4974 esea
2522 4917 2756 4974 carnalis
2805 4932 2913 4971 non
2954 4923 3058 4980 est,
3104 4921 3162 4969 et
3189 4910 3428 4981 nequitia
3466 4908 3574 4979 spi-

1987 5011 2160 5067 ritalis
2189 5023 2400 5080 semper
2443 5009 2620 5063 inest:
2659 5007 2746 5062 ille
2785 5007 2928 5062 enim
2974 5006 3111 5060 bene
3158 5001 3390 5058 abstinet
3429 5014 3459 5053 a
3499 4999 3575 5054 ci-

1986 5105 2091 5168 bis,
2141 5103 2230 5170 qui
2274 5109 2330 5157 et
2368 5118 2398 5155 a
2442 5101 2658 5156 malitiae
2702 5101 2925 5155 actibus'
2960 5105 3014 5149 et
3060 5113 3092 5147 a
3137 5096 3320 5150 mundi
3365 5093 3576 5166 jejunat

1987 5188 2388 5243 ambitionibus.
2443 5186 2630 5240 Melius
2671 5195 2755 5241 est
2777 5198 2990 5254 quoque
3028 5183 3424 5253 praedicationis
3451 5200 3574 5238 san-

1987 5288 2089 5336 cta:
2125 5279 2372 5336 convivio
2420 5278 2683 5332 victuram
2720 5277 2772 5329 in
2812 5282 3070 5345 perpetuo
3107 5283 3343 5330 mentem
3387 5275 3575 5329 retice-

1988 5386 2068 5435 re,
2101 5385 2262 5440 quam
2289 5376 2535 5422 ventrem
2578 5366 2870 5422 mortiferae
2915 5367 3094 5420 carnis
3144 5366 3409 5420 deliciosis
3443 5380 3574 5433 epu-

1988 5461 2055 5515 lis
2099 5467 2365 5514 saturare.
2441 5459 2647 5529 Vigiliis
2699 5473 2828 5528 ergo
2873 5457 3089 5514 studere
3141 5467 3196 5512 et
3243 5457 3576 5512 orationibus

1989 5550 2326 5621 frequentius
2389 5551 2634 5606 insistere
2695 5550 2810 5618 ipse
2864 5549 3114 5605 Salvator
3179 5563 3294 5611 nos,
3358 5546 3572 5612 fratres,

1989 5642 2191 5706 docuit,
2243 5642 2470 5696 dicens:
2517 5639 2733 5710 Vigilate
2762 5642 2935 5713 itaque
2977 5642 3118 5696 omni
3161 5650 3385 5710 tempore
3425 5656 3576 5693 oran-

1989 5743 2086 5799 tes,
2125 5745 2181 5787 ut
2219 5735 2363 5804 digni
2407 5734 2701 5786 habeamim’
2747 5735 2922 5805 fugere
2951 5737 3051 5790 ista
3086 5735 3262 5788 omnia
3301 5748 3416 5805 qua:
3459 5748 3551 5785 ven

1991 5834 2111 5880 tura
2141 5838 2280 5890 sunt,
2326 5835 2371 5878 et
2398 5835 2536 5878 stare
2579 5836 2698 5880 ante
2725 5826 2891 5894 ﬁlium
2929 5827 3151 5883 hominis
3183 5823 3332 5895 (Luc.
3359 5822 3492 5885 xxxi;
3522 5827 3578 5874 et
