4036 6370
312 411 387 487 επ
992 439 1019 483 ιι
1084 438 1175 483 ης,
1228 410 1566 485 meum
1606 410 1697 485 nn
1732 409 1873 481 res:

1970 408 2418 499 summa
2454 409 2630 491 Ετςο.»
2896 470 2923 501 μ
3495 409 3564 499 θὲ

308 525 685 595 distribuentis
730 525 787 582 in
830 539 963 583 usus
997 525 1352 597 indigentium
1370 574 1373 581 ,
1391 528 1566 598 pretia
1627 526 1884 605 apostolis
1986 494 2343 605 cissitudinem
2368 526 2547 599 reddet
2570 525 2618 607 ei
2639 490 2820 603 (Prov.
2845 498 2983 601 xta).
3012 522 3319 627 Suptt'enim:
3330 506 3556 623 plurimi

306 616 631 673 offerebant.
661 616 733 677 At
759 632 904 675 nunc
932 617 999 673 de
1036 617 1363 701 patrimonio
1398 633 1501 675 nec
1526 619 1761 675 decimas
1792 619 1887 683 da-
1926 610 1936 625 '
1986 617 2076 687 qui
2102 616 2303 673 nullam
2326 614 2774 697 inagris,'nullam
2794 614 2848 669 in
2872 610 3288 705 vineisﬁnullam
3306 610 3359 701 iii

307 722 453 774 mus,
474 716 677 766 etcum
696 712 930 767 vendere
951 711 1139 781 juheat
1161 696 1439 779 Dominus,
1461 713 1689 768 emimus
1708 713 1886 783 potius

305 810 364 853 et
389 814 670 870 augemus.
702 798 857 857 Sicut
884 802 937 857 in
970 802 1126 858 nobis
1150 804 1417 859 emarcuit
1442 803 1594 875 vigor
1631 802 1779 869 ﬁdei,
1806 804 1886 863 sic

307 890 643 951 credentium
701 891 868 948 robur
918 892 1197 965 elanguit:
1235 902 1290 949 et
1337 894 1540 950 idcirco
1582 893 1842 951 Dominus
1865 933 1882 961 ,

306 988 553 1052 tempora
587 981 704 1036 hinc
754 989 939 1037 nostra
987 983 1309 1052 respiciens,
1362 983 1419 1038 in
1450 982 1740 1054 Evangelia
1786 997 1885 1038 suo

306 1071 384 1151 ait
412 1090 425 1123 :
457 1068 630 1127 Filius
649 1073 873 1128 hominis
894 1089 1013 1127 cum
1035 1074 1244 1137 venerit,
1276 1083 1432 1148 putas
1473 1074 1694 1128 inveniet
1724 1073 1885 1142 ﬁdem

302 1162 361 1239 in
384 1163 563 1216 terra?
587 1161 739 1234 (Luc.
770 1178 824 1218 ι.
852 1163 871 1232 )
899 1164 1151 1220 Videmus
1188 1163 1303 1227 ﬁeri
1332 1163 1472 1235 quod
1500 1163 1589 1220 ille
1610 1164 1881 1235 praedixit,

303 1251 361 1306 in
389 1252 485 1306 Dei
509 1253 722 1319 timore,
754 1253 809 1308 in
833 1252 950 1324 lege
968 1254 1212 1325 iustitiae,
1240 1254 1630 1320 in'dilectione,
1671 1255 1727 1309 in
1754 1268 1881 1324 ope-

303 1357 385 1407 re,
427 1342 558 1398 ﬁdes
587 1343 729 1399 nulla
756 1353 840 1400 est
863 1363 876 1398 :
905 1358 1061 1401 nemo
1098 1347 1403 1402 futurorum
1430 1356 1632 1401 metum
1660 1336 1878 1417 cogitat,

301 1433 447 1490 diem
461 1435 671 1490 Domini
691 1445 747 1491 et
770 1437 907 1492 iram
918 1436 1039 1505 Dei,
1054 1446 1111 1494 et
1136 1438 1427 1494 incredulis
1440 1447 1666 1494 ventura
1681 1438 1880 1510 suppli-

298 1526 408 1590 cia,
437 1534 492 1581 et
519 1535 720 1582 statuta
745 1528 967 1599 perﬁdis
994 1538 1197 1585 aeterna
1218 1539 1486 1587 tormenta
1516 1546 1676 1586 nemo
1703 1531 1881 1587 consi-

298 1615 486 1683 derat;
511 1632 633 1688 qua:
655 1626 918 1675 metueret
950 1621 1279 1676 conscientia
1300 1630 1488 1676 nostra
1516 1621 1563 1675 si
1593 1622 1873 1688 crederet;

296 1708 429 1776 quia
447 1723 556 1764 non
584 1711 774 1777 credit,
820 1712 1039 1768 omnino
1067 1728 1166 1769 nec
1209 1714 1431 1779 metuit;
1460 1713 1507 1769 si
1542 1723 1722 1769 autem
1755 1729 1876 1771 cre-

295 1799 487 1867 deret,
511 1808 570 1857 et
596 1810 839 1870 caveret;
865 1804 912 1858 si
935 1813 1165 1870 caveret,
1196 1814 1251 1861 et
1271 1805 1545 1861 evaderet.
1561 1805 1876 1863 Excitemus

294 1909 397 1949 nos
408 1902 669 1964 quantum
684 1911 988 1967 possumus,
1007 1897 1337 1953 dilectissimi
1358 1896 1577 1966 fratres,
1601 1906 1656 1954 et
1684 1914 1875 1955 somno

294 1985 509 2042 inertiae
527 1988 726 2043 veteris
771 1988 999 2060 abrupto
1023 2030 1040 2056 ,
1070 1990 1139 2045 ad
1167 1989 1503 2046 observanda
1547 2000 1604 2047 et
1641 1993 1876 2064 gerenda

295 2074 512 2131 Domini
562 2084 829 2149 praecepta
877 2078 1177 2149 vigilemus.
1251 2079 1464 2135 Scimus
1514 2080 1645 2136 tales
1686 2082 1874 2151 quales

292 2183 415 2223 esse
448 2184 549 2225 nos
573 2169 691 2240 ipse
716 2170 972 2241 praecepit
999 2171 1183 2226 dicens
1208 2189 1221 2224 :
1250 2169 1367 2226 Sint
1382 2170 1544 2225 lumbi
1567 2173 1720 2227 vestri
1740 2188 1878 2244 pra:—

297 2259 456 2313 cincti
484 2268 533 2313 et
577 2258 804 2315 lucerna:
833 2260 1072 2315 ardentes
1117 2262 1173 2316 in
1195 2262 1436 2317 manibus
1466 2265 1672 2330 vestris,
1695 2274 1743 2318 et
1783 2281 1875 2320 vos

290 2354 490 2409 similes
510 2355 803 2410 hominibus
815 2355 1226 2425 exspectantibus
1240 2356 1508 2410 dominum
1535 2375 1689 2412 suum
1708 2376 1876 2430 quan-

287 2446 360 2500 do
391 2446 560 2500 veniat
592 2463 626 2499 a
652 2447 881 2515 nuptiis;
911 2456 988 2512 ut,
1020 2462 1138 2501 cum
1160 2447 1352 2501 venerit
1376 2456 1425 2502 et
1453 2449 1736 2518 pulsaverit
1758 2466 1876 2519 ape-

289 2537 435 2592 riant
454 2539 522 2591 ei.
544 2535 697 2592 Beati
721 2540 854 2593 servi
872 2539 954 2593 illi
978 2556 1127 2610 quos,
1162 2556 1281 2593 cum
1310 2542 1574 2595 advenerit
1604 2542 1870 2609 dominus,

288 2631 544 2685 invenerit
598 2629 869 2701 vigilantes
920 2631 1070 2704 (Luc.
1111 2632 1230 2704 xu).
1281 2632 1567 2689 Accinctos
1612 2648 1711 2690 nos
1752 2650 1872 2690 esse

287 2729 527 2791 oportet,
557 2736 624 2777 ne
645 2736 769 2777 cum
796 2722 1152 2792 expeditionis
1181 2722 1296 2778 dies
1318 2723 1552 2789 venerit,
1583 2724 1872 2795 impeditos

289 2820 349 2865 et
385 2812 683 2882 implicatos
711 2813 1093 2883 apprehendat.
1120 2811 1322 2868 Luceat
1347 2812 1403 2867 in
1436 2813 1593 2869 bonis
1614 2812 1870 2883 operibus

299 2911 552 2958 nostrum
580 2903 758 2959 lumen
800 2913 855 2958 et
877 2902 1101 2973 fulgeat,
1145 2913 1205 2959 ut
1244 2905 1421 2975 ipsum
1445 2904 1628 2959 lumen
1653 2919 1753 2960 nos
1800 2903 1869 2959 ad

288 2996 474 3051 lucem
507 2995 763 3051 claritatis
787 3005 1001 3052 aeternae
1030 2997 1097 3051 de
1134 2997 1235 3052 hac
1264 2995 1443 3051 saeculi
1479 3006 1636 3052 nocte
1672 2996 1870 3066 perdu-

284 3097 401 3155 cat,
430 3104 538 3161 quo
564 3104 685 3145 cum
714 3089 947 3155 Christo,
983 3090 1075 3160 qui
1103 3097 1186 3144 est
1214 3103 1356 3144 verae
1389 3089 1539 3160 pacis
1576 3097 1783 3154 auctor,
1814 3096 1867 3144 et

283 3195 413 3236 cum
455 3180 657 3235 sanctis
693 3179 894 3252 angelis
923 3194 1059 3248 ejus,
1104 3186 1303 3234 aeterna
1342 3193 1474 3249 pace
1512 3186 1567 3233 et
1609 3188 1864 3249 perpetua

284 3268 550 3327 felicitate
589 3237 876 3329 fruamur:
909 3237 1201 3340 pites'tante
1240 3237 1469 3324 Domino
1512 3237 1936 3353 nos-tro-Jesuc'

280 3361 524 3429 Christo,
578 3363 673 3434 qui
700 3377 823 3418 cum
872 3361 1036 3418 Patre
1061 3370 1119 3418 et
1152 3360 1359 3433 Spiritu
1411 3371 1600 3418 sancto
1634 3362 1768 3417 vivit
1810 3369 1865 3417 et

283 3460 478 3523 regnat
496 3453 641 3510 Deus
685 3468 784 3524 per
809 3453 991 3509 omnia
1037 3451 1232 3508 siecula
1277 3452 1619 3508 saeculorum.
1664 3452 1859 3508 Amen.

858 3586 1143 3648 HQMILIA
1167 3586 1300 3648 LIII.

403 3726 469 3763 DE
502 3723 881 3773 BENIGNITATE,
906 3722 1259 3763 ΒΗΜᾹΝΙΤΔἸἘ
1280 3723 1351 3762 ET
1375 3721 1735 3763 ELEEIOSYNA.

354 3843 671 3899 Audivimus
712 3841 1049 3913 Apostolum,
1085 3842 1281 3898 fratres
1308 3841 1635 3908 charissimi,
1685 3840 1865 3897 suavi-

281 3944 367 3988 ter
391 3934 552 3988 nohis
587 3933 893 4003 loquentem
921 3948 988 3988 ac
1020 3933 1287 3989 dicentem
1311 3931 1440 4006 (Tit.
1469 3932 1555 4004 nl)
1573 3950 1585 3986 :
1603 3932 1863 4003 Apparuit

275 4024 573 4095 benignitas
598 4033 648 4079 et
698 4024 999 4079 humanitas
1049 4023 1343 4080 Salvatoris
1388 4023 1552 4077 nostri
1580 4022 1713 4089 Dei,
1760 4038 1863 4077 non

274 4115 605 4186 exoperibus
625 4115 873 4186 justitite,
908 4131 1026 4187 qua:
1049 4115 1266 4186 fecimus
1296 4131 1413 4181 nos,
1451 4113 1543 4169 sed
1571 4115 1863 4170 secundum

274 4206 697 4261 misericordiam
738 4222 891 4260 suam
924 4205 1092 4261 salvos
1145 4221 1239 4261 nos
1269 4205 1423 4275 fecit,
1453 4220 1546 4276 per
1596 4203 1863 4259 lavacrum

276 4295 685 4366 regenerationis
731 4304 779 4350 et
815 4296 1164 4350 renovationis
1196 4292 1429 4366 Spiritus
1463 4294 1634 4349 sancti
1662 4333 1679 4359 ,
1709 4309 1863 4365 quem

273 4388 465 4458 effudit
493 4368 571 4441 in.
594 4404 688 4442 nos
716 4387 1045 4443 abundanter
1082 4403 1175 4458 per
1214 4386 1396 4441 Iesum
1435 4382 1703 4441 Christum
1734 4384 1862 4441 Sal-

275 4489 511 4535 vatorem
544 4490 807 4546 nostrum,
834 4488 892 4533 ut
908 4478 1194 4549 justiﬁcati
1223 4479 1394 4549 gratia
1416 4478 1603 4548 ipsius,
1629 4476 1861 4531 haeredes

1985 704 2186 762 divitiis
2195 692 2495 787 portionem
2512 706 2733 771 habent,
2747 692 2973 787 quorum
2998 698 3193 787 inapiae
3204 694 3281 759 de
3302 692 3375 787 ea
3387 692 3563 787 ,quai'ti

1983 795 2242 857 Dominus
2269 782 2426 859 nobis
2451 795 2596 852 dedit
2628 784 2782 867 copia
2811 778 3103 852 consulere
3122 778 3401 863 debemus,
3422 778 3563 867 ‘ui'ét

1984 882 2088 959 ipsi
2115 888 2395 944 nobiscum
2430 887 2541 943 Deo
2567 902 2666 957 pro
2691 866 3216 973 terraa'fecuniditate
3238 864 3564 979 benedican'i

1983 985 2039 1043 et
2061 978 2330 1050 gaudeant
2355 978 2755 1057 possidentibus
2796 977 2969 1047 fuisse.
2990 970 3215 1059 deusta,
3247 970 3369 1059 quae
3397 970 3557 1039 etiam

1981 1069 2308 1151 pauperibus
2353 1085 2419 1125 ac
2454 1054 2756 1142 peregrinis
2796 1069 2939 1124 facta
2968 1058 3189 1149 fuerint
3213 1054 3556 1151 communia;

2135 1160 2265 1216 illud
2293 1170 2377 1217 est
2399 1152 2674 1237 horreum,
2716 1170 2771 1219 et
2798 1144 3038 1218 omnium
3061 1150 3333 1239 fructuum
3362 1144 3559 1239 multi;

1979 1236 2265 1325 plicatione
2292 1234 2684 1323 dignissimum,
2739 1248 2805 1335 de
2834 1269 2942 1324 quo
2988 1234 3293 1320 egentium,
3333 1262 3388 1309 et
3413 1236 3559 1335 dein;

1980 1342 2130 1427 lium,
2156 1356 2211 1400 et
2240 1346 2648 1425 peregrinorum
2682 1333 2958 1401 Saturatur
2993 1326 3231 1409 esuries;
3272 1334 3409 1416 quos
3438 1322 3559 1401 ideo

1980 1426 2079 1494 sub
2106 1438 2334 1494 diversis
2359 1437 2619 1494 molestiis
2636 1439 2847 1511 iustitia
2874 1436 2969 1494 Dei
3007 1426 3254 1495 laborare
3281 1426 3553 1510 permisit,

1978 1536 2039 1581 ut
2057 1535 2113 1582 et
2139 1528 2368 1583 miseros
2393 1545 2490 1599 pro
2516 1530 2795 1600 patientia,
2822 1539 2877 1585 et
2894 1516 3268 1585 misericordes
3286 1540 3386 1599 pro
3399 1522 3559 1584 benc-

1977 1619 2210 1701 volentia
2250 1629 2555 1676 coronaret.
2590 1619 2971 1677 Eilicacissima
3009 1622 3153 1677 enim
3189 1637 3288 1692 pro
3324 1622 3562 1691 peccatis

1977 1710 2285 1780 deprecatio
2310 1721 2393 1766 est
2422 1712 2479 1766 in
2523 1710 2878 1784 eleemosynis
2904 1722 3064 1783 atque
3093 1712 3337 1784 jejuniis,
3377 1720 3433 1767 et
3461 1727 3558 1766 vc-

1976 1802 2167 1859 lociter
2213 1803 2281 1859 ad
2330 1804 2537 1859 divinas
2567 1804 2879 1860 conscendit
2929 1818 3089 1859 aures
3138 1803 3337 1859 talibus
3381 1802 3559 1857 oratio

1900 1882 1950 1943 B
1977 1892 2187 1949 elevata
2235 1893 2509 1966 suffragiis
2532 1935 2547 1961 ,
2604 1896 2731 1965 quia
2768 1894 2908 1950 sicut
2945 1894 3202 1965 scriptum
3232 1902 3335 1961 est,
3367 1896 3558 1948 anima:

1976 2002 2088 2041 sua:
2132 1987 2388 2058 benefacit
2434 1989 2516 2043 vir
2560 1988 2855 2044 misericors
2900 1986 3081 2061 (Prov.
3107 1987 3206 2060 ιι).
3233 1987 3368 2043 Pars
3410 1987 3554 2043 enim

1976 2078 2338 2149 corporalium
2374 2078 2686 2136 facultatum
2725 2096 2845 2153 quae
2884 2080 3250 2153 indigentibus
3283 2080 3558 2134 ministra-

1976 2179 2084 2239 tur,
2115 2172 2169 2227 in
2212 2172 2428 2229 divitias
2471 2172 2719 2245 largienti
2751 2174 2945 2229 transit
2984 2182 3232 2241 attentas,
3258 2174 3335 2230 ita
3370 2181 3430 2228 ut
3453 2172 3558 2228 mi-

1976 2264 2328 2321 sericordiam
2352 2265 2448 2320 Dei
2476 2273 2532 2320 et
2555 2265 2942 2334 indulgentiam
2972 2272 3313 2335 peccatorum
3342 2271 3558 2319 nostro-

1976 2371 2093 2410 rum
2126 2371 2421 2428 pauperum
2447 2357 2792 2413 miseratione
2836 2366 2891 2413 et
2955 2357 3313 2428 eleemosynis
3341 2372 3553 2412 merea-

1972 2459 2095 2498 mur
2124 2462 2137 2497 :
2179 2446 2432 2516 quoniam
2460 2447 2553 2517 qui
2588 2462 2746 2502 suum
2794 2448 2859 2501 ab
2889 2446 3049 2518 inope
3076 2463 3185 2503 non
3210 2447 3406 2503 avertit
3435 2448 3548 2502 ani-

1974 2550 2144 2602 mum,
2176 2536 2285 2592 cito
2307 2537 2374 2592 ad
2404 2551 2462 2592 se
2490 2537 2703 2594 Domini
2730 2539 2997 2594 convertit
3033 2539 3300 2606 auditum,
3332 2539 3545 2595 dicente

1972 2626 2202 2684 Domino
2234 2648 2247 2684 :
2273 2629 2457 2686 Estote
2478 2647 2600 2703 ergo
2628 2632 3011 2699 misericordes,
3041 2632 3175 2688 sicut
3200 2632 3363 2688 Pater
3392 2642 3554 2688 vester

1973 2720 2267 2778 misericors
2318 2729 2395 2776 est
2435 2721 2609 2795 (Luc.
2639 2723 2765 2795 vi);
2812 2732 2908 2779 et:
2969 2724 3122 2779 Beati
3167 2724 3546 2790 misericordes,

1971 2810 2218 2879 quoniam
2265 2814 2366 2885 ipsi
2389 2814 2805 2869 misericordiam
2828 2827 3206 2888 consequentur
3226 2815 3442 2889 (Matth.
3472 2817 3548 2887 v).

1970 2898 2124 2966 Quod
2162 2917 2293 2973 ergo
2320 2905 2652 2960 reddituram
2702 2922 2762 2963 se
2792 2908 3045 2979 promisit
3072 2910 3307 2977 Veritas,
3358 2924 3550 2965 secura

1970 2993 2241 3062 expendet
2268 2995 2597 3053 humanitas.
2628 2997 2896 3054 Constans
2933 3008 3069 3066 esto,
3105 2998 3413 3057 Christiane
3444 3000 3551 3054 lar-

1971 3085 2113 3155 gitor
2142 3103 2154 3139 :
2189 3088 2307 3143 daa
2345 3105 2453 3159 quo
2481 3090 2737 3161 accipias,
2785 3106 2906 3147 sere
2940 3093 3084 3162 quod
3129 3102 3322 3160 metas,
3359 3108 3550 3164 sparge

1969 3175 2111 3244 quod
2124 3174 2375 3251 colligas;
2401 3180 2764 3236 nolimetuere
2790 3182 3157 3252 dispendium,
3172 3185 3280 3239 noli
3301 3186 3368 3239 de
3390 3186 3552 3241 dubio

1968 3268 2245 3339 suspirare
2286 3280 2551 3342 proventu
2578 3314 2593 3337 ,
2624 3275 2925 3331 substantia
2961 3287 3051 3330 tua
3090 3292 3214 3331 cum
3252 3277 3392 3332 bene
3431 3292 3553 3333 ero-

1966 3368 2146 3432 gatur,
2176 3370 2440 3432 augetur:
2472 3374 2854 3421 remuneratur
2889 3374 3017 3422 tuus
3039 3367 3157 3423 νυΙῐ
3209 3376 3263 3422 te
3290 3383 3411 3424 esse
3432 3384 3550 3423 mu-

1965 3453 2207 3520 niﬁcum,
2243 3463 2300 3510 et
2335 3455 2427 3525 qui
2470 3457 2561 3511 dat
2589 3466 2651 3512 ut
2683 3459 2909 3526 habeas,
2944 3461 3170 3516 mandat
3215 3467 3276 3516 ut
3318 3460 3550 3527 tribuas,

1964 3545 2187 3602 dicens:
2214 3546 2352 3602 Date
2404 3558 2453 3603 et
2486 3548 2699 3604 dabitur
2745 3552 2889 3607 vobis
2945 3552 3098 3625 (Luc.
3134 3553 3233 3631 γι).
3288 3553 3333 3614 Ο
3368 3568 3551 3627 avare,

1965 3636 2012 3697 si
2042 3652 2231 3699 autum
2258 3639 2449 3717 diligas
2490 3641 2575 3701 vel
2614 3643 2832 3704 divitias
2879 3650 3083 3717 saeculi,
3130 3651 3194 3706 da
3229 3666 3298 3706 ne
3320 3650 3547 3721 perdas;

1965 3733 2011 3789 si
2038 3737 2359 3803 servaveris,
2389 3738 2507 3793 sine
2533 3737 2697 3794 dubio
2740 3740 2935 3810 perdes
2987 3742 3033 3796 si
3073 3742 3408 3813 erogaveris,
3433 3758 3552 3798 om-

1965 3828 2095 3883 nino
2118 3828 2345 3885 habebis
2366 3846 2459 3885 eas
2484 3831 2845 3899 aaternaliter,‘
2863 3834 3071 3889 dicente
3105 3835 3220 3906 ipsa
3258 3834 3498 3891 Veritate
3531 3851 3547 3889 :

1969 3918 2341 3979 Thesaurizate
2368 3925 2505 3980 vobis
2553 3926 2826 3982 thesauros
2853 3929 2910 3981 in
2948 3927 3095 3995 ctelo,
3126 3928 3215 3982 ubi
3255 3945 3347 3983 nec
3371 3944 3548 3999 aerugo

1968 4028 2060 4067 nec
2100 4015 2241 4069 tinea
2287 4014 2568 4071 demolitur
2594 4058 2610 4085 ,
2669 4034 2833 4091 neque
2877 4010 3022 4089 [ures
3064 4019 3319 4092 effodiunt
3368 4032 3416 4097 et
3461 4002 3549 4091 fu-

1967 4114 2192 4160 rantur:
2216 4106 2304 4161 ubi
2336 4117 2411 4162 est
2435 4109 2711 4165 thesaurus
2749 4120 2894 4177 tuus,
2942 4112 3015 4167 ibi
3051 4124 3126 4167 est
3172 4122 3222 4168 et
3261 4129 3352 4167 cor
3397 4123 3546 4167 tuum

1968 4192 2185 4267 (Matth.
2215 4198 2299 4269 vr';
2328 4198 2457 4254 Luc.
2482 4201 2601 4272 xu).
2634 4200 2832 4271 Utique
2852 4203 2991 4258 bene
3012 4202 3387 4273 dispensantes
3412 4213 3542 4259 tem-

1966 4287 2209 4357 poralia,
2271 4290 2551 4360 acquiritis
2606 4299 2831 4347 aeterna.
2885 4290 3005 4347 Noli
3051 4293 3273 4349 timidus
3321 4282 3442 4351 esse
3490 4294 3545 4350 in

1966 4377 2261 4450 largiendo,
2305 4396 2373 4437 ne
2425 4382 2501 4438 sis
2537 4398 2741 4455 egenus
2779 4384 2834 4438 in
2863 4384 3241 4452 retributione,
3283 4385 3409 4457 quia
3432 4376 3543 4457 hqui

1958 4468 2122 4542 parce
2142 4473 2384 4540 seminat,
2408 4490 2565 4545 parce
2583 4485 2633 4529 et
2663 4486 2815 4530 metet
2856 4474 2943 4546 (ΙΙ
2973 4474 3094 4532 Cor.
3121 4479 3343 4559 1.x);qui
3374 4458 3546 4559 autem

274 4571 565 4641 efﬁciamur
600 4568 886 4624 secundum
936 4584 1077 4638 spem
1106 4568 1223 4623 vita:
1252 4575 1484 4622 teternte.
1522 4565 1581 4621 Si
1610 4581 1742 4637 ergo
1766 4566 1861 4621 be-
1885 4613 1938 4641 η
1966 4563 2294 4617 miserebitur
2314 4566 2580 4635 pauperis,
2614 4565 2792 4620 beatus
2817 4566 2916 4621 erit
2950 4550 3299 4638 (Pramum)...
3324 4550 3546 4641 Redeat:

274 4613 552 4641 'll"'"'"""
600 4613 885 4624 "‘"'"""""'
936 4613 1076 4638 'r""
1109 4613 1218 4623 '""
1253 4613 1366 4622 ""'
1382 4613 1484 4621 ’⁷⁷⁷⁷
1523 4613 1581 4621 ’⁷⁵
1614 4613 1735 4637 "U‘
1766 4613 1832 4621 ⁸⁷*
1969 4613 2279 4617 """""’"'
2314 4613 2580 4635 r""r""1
2615 4613 2790 4620 """"
2818 4613 2909 4621 ""
2951 4613 2997 4638 \"
3025 4613 3130 4621 ""
3161 4613 3294 4637 —"l'
3324 4613 3531 4641 """“"'.'_

274 4661 515 4731 nignitas
528 4670 583 4717 et
608 4659 916 4715 humanitas
937 4658 1235 4714 Salvatoris
1255 4655 1632 4724 nostri,nullis
1654 4655 1857 4711 nostris
1882 4613 1939 4715 1?
1959 4656 2070 4726 ptio
2090 4655 2272 4728 itaque
2293 4657 2485 4711 anima:
2513 4656 2840 4743 viri,‘divitiaz
2853 4658 2969 4730 ejus
3003 4656 3185 4735 (Prov.
3200 4658 3356 4733 xm);
3383 4646 3545 4739 hanc}

274 4754 707 4826 praecedentibus
730 4753 940 4808 meritis
961 4793 976 4816 ,
1010 4751 1182 4823 gratis
1217 4749 1374 4806 nobis
1401 4747 1689 4815 subvenit,
1724 4762 1861 4819 quo-
1962 4754 2047 4801 rat
2058 4746 2248 4814 Deum,
2270 4748 2359 4818 qui
2380 4738 2655 4803 miseretur
2676 4746 2919 4820 pauperis
2942 4766 2959 4803 :
2985 4746 3245 4804 absconde
3256 4738 3545 4827 eleemosy;

274 4845 441 4900 modo
468 4860 599 4911 nos,
628 4843 984 4909 dilectissimi,
1017 4843 1062 4896 si
1109 4839 1225 4910 ejus
1254 4840 1409 4912 regni
1438 4839 1682 4897 haeredes
1717 4835 1858 4895 eﬂici
1962 4853 2085 4892 nam
2125 4837 2181 4892 in
2204 4839 2326 4894 sinu
2366 4834 2631 4911 pauperis,
2662 4830 2799 4921 dicit,
2833 4826 3113 4913 Scriptura
3142 4838 3331 4911 (Eccli.
3360 4839 3540 4921 una),

274 4935 549 5001 volumus,
600 4934 862 5007 proximis
910 4933 1113 4988 nostris
1164 4930 1382 5003 pietatis
1404 4944 1571 5001 opera
1607 4944 1719 4986 non
1757 4928 1858 4984 im-
1958 4938 2009 5022 et
2042 4930 2158 4999 ipsa
2200 4928 2370 4984 orabit
2394 4947 2489 5002 pro
2518 4939 2608 4997 te;
2654 4916 2795 4987 sicut
2822 4946 2963 5019 aqua
3007 4930 3301 5022 enstinguit
3339 4914 3540 5022 igpeiu',

273 5004 720 5102 pendimuslAit
764 5027 909 5082 enim
940 5026 1057 5095 ipsa
1095 5024 1351 5095 Veritas:
1382 5021 1520 5076 Date
1553 5029 1603 5075 et
1643 5018 1859 5081 dabitur
1960 5010 2037 5107 ita
2084 5019 2425 5095 eleemosyna
2457 5031 2778 5092 peccatum;
2824 5006 3075 5077 animam‘
3108 5004 3429 5109 esurientem

274 5092 455 5185 ἱοιίκ
479 5132 723 5173 mensura
751 5133 858 5187 qua
886 5092 1050 5170 mensi
1100 5092 1328 5184 fueritis,
1367 5112 1674 5166 remetietur
1717 5109 1861 5165 vobis
1960 5100 2276 5181 despexeris,
2311 5092 2361 5185 et
2390 5127 2454 5165 ne
2476 5126 2750 5198 exasperes
2770 5102 3057 5185 pauperem
3100 5092 3541 5199 inclamfoiie'tsuo'

276 5212 435 5283 (Luc.
468 5211 577 5281 vi);
610 5219 666 5266 et
688 5209 819 5264 item
851 5226 863 5263 :
898 5207 959 5262 Si
984 5206 1143 5272 enim,
1170 5202 1369 5273 inquit,
1396 5201 1454 5259 in
1483 5202 1665 5274 iniquo
1693 5215 1863 5254 mam-
1954 5197 2158 5273 .(Eccli.
2183 5198 2402 5272 Iv).Qui
2430 5201 2625 5256 avertit
2645 5188 2928 5275 aurem‘ad
2944 5188 3235 5257 clamorem
3261 5188 3538 5283 pauperis,

275 5276 439 5356 inona
461 5276 644 5370 ﬁdeles
670 5317 773 5356 non
815 5298 957 5363 estis,
990 5295 1132 5367 quod
1180 5303 1406 5350 vestrum
1435 5300 1513 5348 est
1559 5290 1677 5363 quis
1717 5287 1863 5343 dabit
1956 5288 2107 5348 illius
2126 5292 2300 5348 oratio
2330 5286 2814 5377 clementiam‘Deir
2842 5306 2948 5367 non
2975 5290 3323 5377 mercabitur;
3343 5276 3398 5363 in
3428 5276 3539 5375 viii

276 5393 424 5448 vobis
446 5364 658 5461 (lbid.).
678 5388 967 5443 Sciendum
994 5364 1077 5461 est
1098 5387 1263 5451 enim,
1287 5384 1504 5449 fratres,
1532 5380 1863 5453 benignitate
1958 5391 2055 5461 tua
2080 5381 2308 5440 benefac
2341 5374 2534 5440 animae
2558 5364 2686 5459 tuin,
2717 5364 3084 5461 eleemosynas
3104 5372 3109 5383 ’
3131 5366 3266 5439 dans
3288 5364 3535 5461 imiseris,

277 5474 333 5538 et
366 5454 708 5537 humanitate
742 5478 897 5534 nobis
925 5456 1045 5533 esse
1064 5460 1206 5547 ‘opus
1231 5468 1296 5529 ut
1334 5472 1402 5529 de
1437 5472 1523 5528 bis
1557 5485 1679 5542 quae
1703 5468 1861 5527 nobis
1956 5454 2087 5546 iquia
2127 5482 2249 5547 post
2274 5483 2505 5531 mortem
2534 5454 2645 5559 non
2677 5454 2921 5559 habebis
2942 5462 3267 5559 potestatem
3293 5454 3538 5553 benefa-

262 5564 520 5633 ctelestis
565 5573 726 5649 Pater
770 5567 1195 5647 misericorditer
1224 5565 1476 5632 contulit,
1518 5579 1616 5621 nos
1646 5576 1861 5635 quoque
1961 5560 2137 5622 ciendi
2172 5584 2185 5619 :
2214 5566 2269 5620 in
2287 5560 2550 5623 conviviis
2577 5552 2683 5647 tuis
3303 5558 3538 5653 et

279 5673 418 5727 alios
444 5672 785 5742 adiuvemus,
807 5675 863 5723 et
883 5666 938 5721 in
962 5678 1285 5736 quocunque
1301 5677 1588 5735 possumus
1608 5656 1858 5731 indigen-

268 5752 425 5825 tibus
450 5766 714 5839 proximis
733 5764 932 5821 nostris
955 5762 1146 5819 solatia
1165 5761 1405 5817 tribuere
1423 5773 1530 5813 non
1559 5744 1853 5818 tardemus',

260 5842 403 5927 "Quia
428 5856 699 5930 feneratur
716 5855 939 5947 Domino
958 5855 1047 5926 qui
1059 5854 1333 5907 miseretur
1343 5851 1637 5922 pauperi,et
1656 5848 1764 5921 ipse
1783 5846 1859 5900 vi-

1961 5667 2048 5715 tus
2065 5660 2119 5714 in
2149 5654 2272 5713 illis.
2314 5656 2443 5712 Tria
2480 5640 2615 5711 ‘Sunt
2642 5638 2841 5747 genera
2870 5636 3404 5747 (elemosynam;

1960 5752 2282 5822 corporalis,
2314 5736 2562 5837 'hoc'lest,
2594 5732 2931 5839 egenti'iiai-e
2954 5732 3217 5827 quidquid
3241 5732 3528 5839 potueris;

1952 5820 2130 5901 altera
2158 5828 2454 5914 spiritalis,
2482 5820 2584 5923 hoc
2613 5820 3067 5946 est,';di‘milttereia
3093 5834 3201 5925 quo
