4036 6370
459 467 526 523 99

1093 465 1154 522 Β.
1197 463 1447 521 ΒΑΒΑΝΙ
1487 465 1706 523 MAURI
1742 464 2062 522 ARCIIIEP.
2090 462 2400 522 MOGUNT.
2436 464 2721 522 OPERUM
2758 465 2937 521 PARS
2974 466 3038 521 Il.

3607 466 3714 519 ίυυ

460 582 565 645 ris;
591 579 744 635 tertia
762 577 1162 649 delinquentem
1188 581 1462 650 cerrigere
1478 588 1793 636 oterrantes
1811 580 1867 635 in
1887 562 2043 635 viam.
2058 582 2112 645 Α
2138 579 2276 634 alius
2296 580 2511 649 sapiens
2543 597 2557 634 :
2590 578 2820 645 Quanto,
2851 578 3045 649 inquit,
3091 577 3264 647 maior
3285 593 3359 641 es,
3403 578 3625 633 humilia
3660 588 3718 632 te

455 672 712 725 reducere
733 670 997 725 veritatis.
1031 669 1125 724 llis
1153 671 1296 725 enim
1324 671 1582 727 omnibus
1606 672 1890 742 speciebus
1914 670 2032 740 pla-

458 768 613 815 catur
640 760 804 824 Deus,
851 765 907 813 et
932 759 1042 813 vita
1083 771 1426 829 promeretur
1453 770 1678 826 aeterna,
1706 761 2038 817 assentiente

458 847 737 919 Scriptura
792 865 855 904 ac
894 849 1143 905 dicente:
1178 852 1312 906 Date
1368 852 1787 924 elemosynam,
1831 863 1879 909 et
1923 868 2040 908 ecce

463 942 639 996 omnia
654 941 854 996 munda
884 953 1004 997 sunt
1024 928 1170 997 vobis
1196 942 1349 1015 (Luc.
1366 946 1549 1017 ιι);θι
1564 947 1724 1001 item:
1751 945 2037 1011 Dimittite,

460 1034 653 1104 inquit,
685 1044 734 1088 et
760 1034 1051 1089 dimittetur
1081 1036 1243 1091 vobis.
1263 1038 1330 1092 Et
1358 1038 1632 1108 apostolus
1659 1038 1895 1095 Jacobus
1916 1039 1991 1092 ait
2021 1055 2035 1093 :

462 1123 682 1180 Fratres
704 1126 826 1191 mei,
849 1127 895 1182 si
919 1129 1035 1198 quis
1061 1145 1126 1183 ea:
1168 1130 1307 1184 vobis
1355 1131 1604 1186 errauerit
1643 1147 1676 1186 α
1716 1133 1949 1197 veritate,
1990 1131 2041 1185 et

462 1218 765 1271 converterit
794 1218 910 1288 quis
934 1234 1077 1285 sum,
1095 1221 1228 1274 scire
1254 1220 1399 1275 debet
1417 1222 1666 1291 quoniam
1691 1221 1784 1293 qui
1812 1222 2042 1276 conuerti

461 1309 640 1380 fecerit
655 1320 977 1380 peccatorem
1002 1312 1066 1366 ab
1090 1329 1267 1368 errore
1287 1314 1384 1367 vite
1408 1329 1543 1382 sua,
1560 1312 1781 1368 saluabit
1808 1314 2042 1367 animum

461 1402 575 1471 ejus
602 1420 635 1455 a
666 1412 848 1469 morte,
868 1412 916 1458 et
942 1405 1106 1474 aperit
1137 1404 1524 1459 Multitudine»:
1542 1415 1870 1474 peccatorum
1894 1404 2039 1476 (Jac.

465 1490 540 1561 v).
572 1489 679 1546 Sed
705 1492 807 1547 hoc
835 1501 961 1548 tunc
980 1493 1117 1549 bene
1138 1503 1191 1548 et
1218 1495 1464 1549 ordinate
1494 1494 1572 1561 lit,
1607 1495 1654 1550 si
1676 1494 2044 1564 unusquisque

463 1595 495 1635 a
531 1582 825 1651 semetipso
846 1568 1331 1654 primumincipiat
1369 1585 1473 1640 hoc
1508 1585 1709 1640 bonum
1738 1584 2045 1639 misericor-

462 1672 582 1738 diae,
613 1679 671 1726 ut
691 1673 773 1727 sui
819 1674 1159 1741 misereatur,
1185 1688 1253 1729 ne
1275 1690 1373 1746 per
1404 1682 1751 1745 peccatorum
1774 1674 2044 1731 sarcinam

462 1773 740 1834 mergatur
791 1765 846 1819 in
887 1778 1135 1834 poenam;
1168 1767 1310 1822 unde
1345 1768 1603 1838 scriptum
1640 1775 1762 1822 est:
1795 1765 2045 1821 Miserere

462 1858 652 1913 animo:
685 1867 788 1913 tua:
814 1858 1025 1931 placens
1064 1860 1173 1915 Deo
1206 1859 1399 1932 (Eceli.
1432 1860 1595 1932 xxx);
1630 1868 1893 1932 quatenus
1917 1861 2045 1915 dum

2136 673 2191 727 in
2212 672 2471 737 omnibus,
2485 680 2535 725 et
2552 686 2729 724 coram
2751 670 2860 725 Deo
2886 670 3108 725 invenies
3129 668 3357 739 gratiam
3382 666 3572 739 (Ereti.
3603 666 3716 738 nl).

2137 763 2267 819 item
2298 762 2440 818 Deus
2482 776 2579 831 per
2615 761 2934 831 prophetam
2964 760 3039 814 ait
3068 778 3080 813 :
3107 759 3189 813 Ad
3221 772 3375 829 quem
3416 768 3591 813 autem
3632 774 3722 814 re—

2110 851 2377 922 ‘spiciam,
2407 850 2511 907 nisi
2532 850 2601 905 ad
2628 850 2908 916 humilem,
2951 859 2997 904 et
3026 851 3278 920 quietum,
3319 859 3368 903 et
3411 858 3721 904 trementem

2139 943 2291 999 verba
2314 954 2432 998 mea
2461 942 2483 1015 (
2506 942 2616 998 Ita.
2659 941 2838 1016 um).
2878 942 3193 1013 Quicunque
3225 943 3444 999 humilis
3469 951 3526 998 et
3557 943 3720 1013 quie-

2139 1046 2230 1093 tus
2251 1053 2359 1094 non
2385 1035 2576 1103 fuerit,
2608 1052 2713 1093 non
2740 1046 2918 1108 potest
2940 1039 2996 1093 in
3022 1053 3090 1095 eo
3112 1039 3360 1095 habitare
3387 1041 3563 1109 gratia
3593 1040 3724 1111 Spi-

2141 1126 2278 1183 ritus
2301 1127 2495 1184 sancti.
2532 1127 2674 1183 Deus
2711 1127 2931 1184 humilis
2968 1126 3145 1184 factus
3186 1137 3269 1185 est
3298 1134 3495 1185 nostra:
3525 1129 3727 1186 salutis

2141 1234 2324 1286 causa,
2356 1218 2645 1276 erubescat
2676 1219 2838 1275 homo
2860 1218 3124 1290 superbus
3150 1228 3293 1275 esse.
3323 1220 3592 1287 Quantum
3617 1220 3725 1274 hu-

2140 1309 2367 1366 militate
2389 1309 2681 1365 inclinatur
2704 1325 2799 1366 eor
2823 1311 2892 1366 ad
2912 1310 3040 1377 ima,
3067 1318 3277 1366 tantum
3300 1311 3514 1380 prolicit
3536 1311 3592 1365 in
3618 1326 3724 1366 ex-

2143 1401 2327 1457 celso:
2359 1402 2451 1473 qui
2475 1401 2620 1458 enim
2646 1401 2865 1457 humilis
2907 1402 3032 1469 erit,
3082 1402 3407 1461 exaltabitur
3432 1403 3489 1458 in
3522 1402 3718 1475 gloria.

2142 1492 2356 1549 Primus
2403 1493 2719 1550 humilitatis
2748 1495 2948 1565 gradus
2971 1504 3074 1561 est,
3121 1496 3366 1552 veritatis
3411 1504 3727 1550 senionem

2142 1581 2421 1638 humiliter
2469 1584 2691 1650 audire,
2745 1585 3059 1641 memoriter
3108 1585 3372 1652 retinere,
3417 1586 3729 1641 voluntarie

2142 1673 2442 1744 perlicere;
2474 1688 2593 1729 eam
2634 1674 2831 1746 quippe
2856 1690 3019 1745 quam
3062 1686 3169 1732 non
3196 1676 3404 1732 invenit
3439 1674 3722 1739 humilem,

2143 1763 2346 1820 veritas
2370 1762 2518 1836 .l'ugit
2540 1772 2796 1822 mentem.
2842 1766 3056 1834 Quanto
3077 1767 3196 1836 quis
3223 1766 3479 1823 humilior
3512 1768 3619 1822 erit
3659 1768 3727 1821 de

2146 1855 2348 1924 seipse,
2374 1863 2525 1911 tanto
2547 1852 2720 1924 major
2745 1856 2850 1911 erit
2875 1857 2930 1911 in
2956 1864 3245 1926 conspectu
3274 1855 3371 1912 Dei
3404 1875 3418 1910 :
3454 1856 3728 1928 superbus

462 1949 584 2006 aliis
611 1952 851 2007 studium
875 1953 1229 2009 correctionis
1275 1954 1559 2026 impendit,
1612 1955 1726 2025 ipse
1774 1953 2040 2010 efﬁciatur

2142 1962 2274 2003 vero
2300 1956 2501 2017 quanto
2525 1948 2811 2019 gloriosior
2836 1957 3059 2026 apparet
3092 1951 3234 2006 inter
3260 1950 3524 2017 homines,
3572 1957 3727 2005 tanto

467 2043 785 2099 eniendatus
820 2059 850 2099 a
869 2044 1040 2100 vitiis.
1065 2043 1138 2101 Ut
1173 2060 1302 2117 ergo
1327 2047 1442 2102 haec
1464 2061 1624 2118 agere
1646 2046 1876 2118 pleniter
1912 2062 2039 2119 pos-

466 2132 654 2198 simus,
700 2134 960 2189 habemus
1000 2135 1069 2190 ad
1104 2134 1209 2191 hoc
1228 2134 1423 2191 fortem
1473 2138 1773 2209 adiutorem
1817 2139 2042 2207 ctpinm

461 2221 798 2294 largitorem,
823 2224 1174 2282 mediatorem
1228 2226 1477 2283 videlicet
1525 2226 1621 2282 Dei
1662 2236 1717 2282 et
1763 2228 2044 2283 hominum

462 2314 745 2369 Dominum
767 2312 974 2381 Iesum,
1005 2316 1097 2385 qui
1123 2316 1257 2370 vivit
1280 2325 1335 2372 et
1372 2325 1563 2388 regnat
1585 2332 1709 2373 cum
1735 2317 1845 2372 Deo
1884 2316 2046 2372 Patre

460 2403 517 2459 in
553 2405 757 2459 unitate
799 2392 1035 2477 Spiritus
1073 2407 1248 2463 sancti
1278 2407 1442 2475 Deus,
1489 2423 1587 2478 per
1626 2409 1808 2466 omnia
1847 2409 2043 2465 saecula

460 2495 803 2552 saeculorum.
829 2494 1025 2552 Amen.

1026 2587 1306 2645 HOMILIA
1339 2590 1470 2653 LIV.

693 2696 759 2736 DE
798 2695 1000 2738 TIIORE
1037 2697 1125 2737 οει
1161 2700 1231 2738 ΕΤ
1274 2699 1411 2738 VERA
1452 2696 1809 2741 HUIHLITA'I‘Bt

528 2767 696 2825 David
723 2772 984 2842 propheta
1011 2780 1066 2828 et
1091 2773 1394 2844 psalmista,
1418 2776 1532 2845 qui,
1575 2783 1712 2831 teste
1736 2776 2041 2847 Scriptura,

464 2864 761 2917 secundum
784 2878 878 2918 cor
897 2864 1109 2920 Domini
1137 2865 1359 2931 electus,
1406 2864 1535 2922 fecit
1570 2882 1759 2924 omnes
1802 2870 2044 2924 volunta-

466 2960 543 3006 tes
565 2952 700 3023 ejus,
727 2953 861 3023 ipse,
884 2954 1083 3011 fratres
1106 2956 1430 3023 charissiuli,
1455 2958 1580 3028 quid
1614 2968 1827 3015 creator
1861 2967 2044 3015 noster

461 3041 514 3095 in
544 3043 699 3098 nobis
726 3054 941 3115 appetat
969 3055 1023 3101 et
1049 3047 1237 3118 diligat
1267 3049 1499 3119 quodam
1536 3048 1654 3104 loco
1680 3052 1937 3116 ostendit,
1970 3051 2043 3106 ita

460 3133 643 3190 dicens
677 3154 688 3190 :
722 3136 852 3202 Quis
880 3139 1016 3193 sicut
1057 3139 1316 3195 Dominus
1344 3140 1485 3196 Deus
1523 3152 1697 3197 noster
1728 3145 1820 3214 qui
1839 3145 1895 3199 in
1919 3145 2042 3200 altis

456 3225 688 3296 habitat,
722 3239 769 3285 et
796 3230 1018 3285 humilia
1048 3233 1257 3303 respicit
1294 3235 1351 3288 in
1379 3235 1505 3289 coelo
1534 3245 1583 3290 et
1612 3237 1668 3290 in
1696 3246 1838 3291 terra
1866 3236 2038 3308 (Paul.

2144 2038 2402 2109 dejectior
2429 2038 2535 2093 erit
2563 2049 2687 2094 ante
2727 2039 2915 2094 Deum.
2948 2025 3051 2108 Qui
3077 2042 3222 2095 enim
3250 2042 3368 2096 sine
3416 2040 3726 2097 humilitate

2141 2129 2282 2184 bona
2307 2143 2470 2199 opera
2510 2129 2641 2200 agit,
2690 2130 2745 2184 in
2767 2140 2985 2186 ventum
3020 2132 3296 2202 pulverem
3339 2139 3537 2202 portat;
3588 2131 3728 2186 Item

2143 2215 2428 2288 Scriptura
2450 2217 2581 2273 dicit
2607 2236 2620 2271 :
2650 2217 2789 2284 Quid
2813 2221 3039 2291 superbit
3064 2232 3203 2276 terra
3226 2230 3274 2277 et
3301 2222 3470 2277 cinis?
3510 2222 3529 2294 (
3553 2221 3726 2275 Ereti.

2142 2322 2200 2363 x.
2231 2305 2398 2370 )dum
2440 2316 2600 2362 vento
2644 2308 2907 2378 superbiai
2951 2310 3281 2382 dispergitur
3314 2312 3459 2381 quod
3496 2309 3726 2379 jejuniis

2142 2398 2227 2455 vel
2254 2397 2611 2470 eloemosynis
2645 2417 2974 2474 congregare
3010 2403 3242 2458 videtur,
3293 2402 3433 2470 Noli,
3470 2419 3505 2459 o
3533 2404 3727 2466 homo,

2144 2489 2199 2544 in
2229 2490 2518 2545 virtutibus
2547 2491 2767 2562 gloriari
2794 2493 2919 2559 tuis,
2951 2495 3078 2565 quia
3104 2494 3332 2549 alterum
3357 2494 3643 2551 habiturus
3667 2508 3732 2548 es

2136 2579 2393 2649 judicem,
2428 2597 2537 2637 non
2558 2583 2810 2652 teipsum,
2837 2585 2891 2639 in
2912 2582 3065 2653 cujus
3088 2593 3377 2655 conspectu
3405 2585 3638 2656 teipsum
3665 2585 3723 2639 in

2145 2673 2307 2727 corde
2334 2680 2429 2727 tuo
2456 2673 2673 2730 studeas
2699 2674 3009 2741 humiliore,
3038 2683 3303 2745 quatenus
3328 2683 3381 2731 te
3407 2674 3495 2731 ille
3514 2675 3725 2732 exultet

2145 2765 2202 2820 in
2234 2775 2475 2836 tempore
2498 2767 2870 2824 retributionis
2893 2780 3024 2823 suae.
3052 2768 3326 2825 Descende
3349 2775 3410 2823 ut
3434 2768 3728 2834 ascendas,

2148 2858 2433 2915 humiliare
2465 2867 2519 2914 ut
2548 2859 2831 2928 exalteris,
2862 2874 2929 2916 ne
2955 2856 3223 2917 exaltatus
3263 2859 3601 2916 humilleris:
3633 2859 3734 2930 qui

2147 2950 2290 3005 enim
2322 2950 2422 3007 sibi
2450 2951 2571 3010 vilis
2599 2953 2810 3009 videtur
2844 2967 2981 3017 esse,
3014 2959 3138 3007 ante
3162 2952 3331 3008 Deum
3356 2950 3582 3022 pulcher
3606 2958 3726 3016 est;

2147 3044 2239 3113 qui
2282 3043 2386 3099 sibi
2423 3042 2731 3113 displicent,
2765 3044 2875 3099 Deo
2906 3042 3139 3112 placent.
3186 3042 3315 3099 Esto
3337 3042 3498 3114 igitur
3525 3057 3737 3112 parvus

2147 3134 2203 3188 in
2233 3133 2404 3189 oculis
2447 3134 2576 3200 tuis,
2614 3140 2673 3188 ut
2710 3133 2786 3189 sis
2821 3148 3045 3205 magnus
3084 3134 3142 3189 in
3177 3132 3347 3190 oculis
3396 3132 3524 3198 Dei;
3575 3138 3735 3186 tanto

2146 3222 2292 3276 enim
2317 3221 2425 3277 eris
2460 3223 2599 3292 apud
2623 3222 2790 3277 Deum
2817 3223 3127 3293 pretiosior,
3164 3232 3367 3294 quanto
3395 3221 3572 3298 [ueris
3601 3230 3737 3277 ante

458 3334 569 3373 cm
589 3320 630 3390 ).
662 3295 719 3376 Si
742 3336 871 3394 ergo
900 3295 1157 3379 Dominus
1183 3325 1500 3392 altissimus,
1526 3326 1679 3395 etijus
1709 3295 2040 3385 excellentiae

2144 3316 2331 3371 oculos
2374 3323 2496 3370 tuos
2543 3315 2865 3385 despectior.
2905 3316 2963 3371 in
3011 3331 3224 3372 summo
3264 3295 3467 3371 honore
3510 3328 3732 3372 summa

458 3414 512 3460 et
540 3409 924 3479 magnitudinis
944 3427 1053 3468 non
1090 3424 1173 3469 est
1199 3415 1337 3481 linis,
1381 3417 1437 3472 in
1467 3418 1616 3474 omni
1646 3427 1898 3475 creatura
1918 3432 2039 3487 sua,

459 3505 513 3551 et
531 3511 595 3551 ea
623 3514 742 3568 quae
769 3500 824 3555 in
849 3504 1115 3571 supernis,
1154 3514 1211 3561 et
1238 3522 1300 3561 ea
1337 3518 1459 3578 qum
1486 3509 1542 3564 in
1570 3510 1770 3565 inﬁmis
1806 3520 1890 3567 est
1913 3526 2043 3567 con-

459 3588 666 3656 stituta,
708 3590 763 3644 in
791 3593 997 3663 angelis
1033 3596 1282 3653 videlicet
1312 3608 1365 3653 et
1396 3600 1736 3669 hominibus,
1768 3603 2040 3659 humilita-

459 3687 567 3737 tem
593 3682 901 3738 considerat
932 3695 986 3740 et
1014 3687 1242 3757 probat;
1269 3703 1531 3759 quantum
1572 3707 1795 3748 necesse
1818 3702 1905 3748 est
1942 3709 2040 3749 no-

456 3772 541 3827 bis
580 3773 871 3830 humilitati
909 3791 1123 3848 semper
1166 3770 1404 3848 studere,
1442 3782 1722 3854 ipsamque
1767 3784 1822 3839 in
1860 3785 2037 3840 omni-

456 3862 557 3919 bus
592 3880 913 3922 conservare
956 3877 1015 3923 ut
1056 3869 1136 3926 sic
1176 3870 1483 3942 placeamus
1524 3875 1791 3930 conditori
1828 3883 2034 3930 nostro.

458 3952 667 4019 Quanta
699 3964 878 4013 autem
902 3958 973 4013 sit
997 3976 1140 4015 verte
1184 3962 1508 4020 humilitatis
1546 3966 1739 4032 virtus,
1771 3964 1927 4021 facile
1969 3984 2037 4022 ex

455 4042 633 4100 verbis
662 4046 869 4102 Domini
892 4051 1223 4121 agnoscitur,
1254 4054 1369 4123 qui,
1403 4063 1462 4110 ut
1490 4056 1796 4127 superbiam
1844 4056 2035 4112 Phari-
2063 4079 2072 4088 ο

456 4151 683 4191 szcornm
725 4139 1027 4207 damnaret,
1061 4144 1233 4199 dixit:
1270 4144 1454 4201 Omnis
1485 4148 1574 4219 qui
1608 4164 1661 4201 se
1690 4147 1910 4215 exultat,
1941 4150 2039 4215 liu-

455 4228 774 4295 miliabitur;
806 4241 853 4285 et
879 4234 968 4302 qui
1001 4251 1053 4288 se
1075 4235 1337 4302 humiliat,
1367 4238 1686 4293 excitabitur
1708 4239 1868 4311 (Luc.
1898 4240 2034 4313 xw).

456 4316 787 4405 Humilitatis
828 4324 1025 4393 quippe
1072 4328 1321 4395 passibus
1364 4329 1431 4384 ad
1463 4329 1585 4384 coeli
1627 4329 1861 4384 culmina
1901 4344 2036 4385 con-

457 4411 750 4475 scenditur,
779 4415 921 4482 quod
951 4415 1093 4471 Deus
1121 4419 1368 4476 excelsus
1392 4437 1497 4475 non
1521 4423 1793 4492 superbia,
1815 4421 1911 4477 sed
1932 4422 2033 4477 hu-

457 4499 683 4555 militate
722 4502 1001 4572 attingitur
1045 4504 1203 4581 (Jac.
1257 4526 1308 4562 IV
1332 4509 1382 4581 ),
1422 4513 1487 4565 de
1529 4528 1635 4581 quo
1675 4512 1877 4566 dictum
1905 4520 2033 4568 est:

457 4589 595 4644 Deus
641 4593 873 4662 superbis
904 4580 1135 4664 resistit,
1177 4580 1459 4655 humilibus
1491 4580 1664 4655 autem
1691 4602 1779 4657 dat
1808 4603 2034 4672 gratiam

2147 3407 2245 3462 tibi
2267 3408 2337 3463 sit
2360 3407 2666 3474 humilitas;
2693 3406 2914 3463 honoris
2938 3406 3053 3462 laus
3074 3415 3157 3462 est
3178 3405 3497 3463 humilitatis
3520 3406 3728 3472 virtus;

2145 3500 2237 3555 sed
2284 3501 2427 3555 hanc
2471 3515 2614 3554 verte
2654 3499 2975 3555 humilitatis
3007 3500 3256 3554 virtutem
3304 3512 3462 3553 nemo
3501 3497 3621 3553 sine
3650 3499 3724 3553 ti-

2143 3605 2294 3645 more
2320 3590 2415 3644 Dei
2445 3591 2646 3645 habcre
2686 3586 2885 3660 potest,
2915 3590 3041 3661 Quia
3063 3590 3250 3645 eorum
3278 3599 3468 3646 neuter
3495 3591 3614 3646 sine
3643 3590 3725 3645 al-

2144 3688 2262 3737 tero
2300 3695 2420 3737 esse
2449 3688 2646 3751 potest.
2682 3681 2820 3747 Quid
2847 3688 3028 3736 autem
3057 3681 3220 3737 timor
3246 3681 3343 3737 Dei
3374 3681 3592 3747 alliciat,
3622 3680 3731 3735 fra-

2144 3781 2275 3838 tres,
2329 3772 2510 3827 auditc
2537 3790 2548 3825 :
2574 3770 2792 3826 Initium
2844 3772 3147 3842 sapientiae,
3192 3772 3349 3826 timor
3394 3771 3604 3825 Domini
3648 3782 3726 3825 est

2142 3848 2327 3937 (Psal.
2357 3848 2478 3935 cit).
2518 3858 2706 3933 Magna
2744 3872 2826 3919 est
2868 3858 3077 3918 cautela
3117 3861 3346 3934 peccati,
3392 3852 3485 3918 Dei
3513 3878 3731 3933 semper

2141 3940 2483 4027 praesentiam
2520 3952 2731 4009 timere.
2766 3940 2866 4022 Qui
2897 3953 3138 4025 perfecte
3173 3938 3341 4009 Deum
3377 3953 3550 4021 timet,
3601 3953 3726 4008 dili-

2141 4054 2329 4118 genter
2358 4060 2417 4102 se
2444 4060 2475 4099 a
2499 4038 2738 4117 peccatis
2778 4042 3031 4099 custodit.
3077 4041 3310 4098 Timenti
3345 4044 3513 4099 Deum
3549 4043 3603 4098 in
3631 4061 3730 4097 no-

2140 4137 2364 4193 vissimo
2411 4122 2496 4191 die
2540 4120 2677 4192 bene
2716 4136 2843 4203 erit,
2891 4144 2946 4190 et
2972 4148 3181 4191 merces
3209 4132 3325 4205 ejus
3370 4135 3423 4190 in
3461 4143 3727 4190 aeternum

2141 4236 2439 4301 permanet.
2486 4228 2587 4296 Qui
2615 4226 2887 4284 erubescit
2920 4228 2973 4282 in
3003 4233 3295 4296 conspectu
3339 4212 3574 4281 hominis
3601 4241 3730 4297 pec-

2141 4335 2289 4385 care,
2326 4327 2531 4390 quanto
2571 4320 2744 4391 magis
2786 4316 3006 4389 dignum
3051 4324 3135 4372 est
3161 4317 3302 4386 quod
3342 4316 3626 4371 erubescat
3674 4316 3727 4369 ln

2142 4419 2440 4482 conspectu
2488 4410 2581 4466 Dei
2632 4410 2969 4481 iniquitatem
3024 4425 3206 4480 agere,
3263 4408 3353 4479 qui
3402 4425 3508 4465 non
3552 4398 3729 4465 solum

2141 4519 2339 4573 opera,
2388 4504 2483 4558 sed
2543 4502 2701 4557 corda
2754 4492 3096 4556 considerat?
3144 4501 3246 4569 Qui
3292 4500 3485 4556 timore
3534 4511 3729 4556 sancto

2142 4594 2314 4651 Deum
2364 4601 2649 4660 metuunt,
2702 4580 2983 4664 inquirunt
3032 4608 3153 4664 quae
3201 4592 3401 4663 placita
3453 4601 3578 4648 sunt
3627 4590 3727 4649 illi.

457 4681 513 4750 (Ι
565 4680 703 4735 Pctr.
744 4684 835 4754 v).
888 4685 1123 4761 Undeet
1166 4692 1216 4745 in
1251 4691 1475 4747 Psalmis
1518 4694 1743 4747 dicitur:
1782 4651 2038 4751 Excelsa;
2066 4651 2117 4711 Β
2142 4688 2296 4743 Alius
2325 4696 2409 4743 est
2437 4688 2599 4744 timor
2626 4686 2859 4741 ﬁliorum
2904 4687 3043 4743 alius
3090 4695 3175 4742 est
3220 4686 3381 4742 timor
3401 4700 3728 4742 servorum:

456 4773 729 4837 Dominus,
763 4784 811 4828 et
838 4776 1055 4832 lmmilia
1092 4783 1319 4851 respicit,
1349 4794 1394 4837 ct
1421 4784 1530 4837 alta
1556 4803 1586 4838 (ι
1608 4785 1757 4855 longe
1778 4789 2039 4857 cognoscit

458 4862 637 4931 (I’sul.
668 4870 939 4936 cxxxvn).
990 4871 1111 4924 Alta
1154 4873 1331 4940 posuit
1378 4891 1472 4942 pro
1504 4877 1781 4943 superbis;
1816 4878 2038 4935 humilia

458 4969 583 5008 vero
626 4960 875 5028 respicit,
905 4970 961 5013 ut
992 4963 1230 5026 attollat;
1260 4965 1367 5018 alta
1386 5004 1400 5029 ,
1435 4968 1535 5021 hoc
1564 4979 1644 5022 cst
1671 4972 1923 5040 superba,
1949 4989 2040 5028 co-

456 5046 704 5112 giniscit,
762 5057 820 5103 ut
867 5049 1104 5118 dejiciat.
1162 5054 1444 5110 Discamus
1500 5060 1895 5127 humilitatem,
1943 5080 2039 5133 per

455 5152 615 5205 quam
636 5138 747 5193 Deo
771 5142 1133 5211 propinquare
1154 5145 1468 5212 poterimus,
1497 5148 1640 5200 sicut
1663 5150 1848 5215 ipsein
1870 5149 2043 5205 Evan-

457 5229 595 5297 gelio
642 5230 755 5284 ait:
785 5229 979 5285 Discite
1029 5250 1060 5286 a
1101 5249 1181 5287 me
1219 5235 1341 5304 quia
1392 5236 1530 5290 mitis
1576 5254 1692 5291 sum
1736 5248 1783 5292 et
1826 5238 2040 5296 humilis

456 5317 627 5384 corde,
654 5329 701 5373 et
729 5321 995 5375 invenietis
1027 5323 1253 5392 requiem
1283 5325 1558 5379 animabus
1597 5328 1778 5381 vestris
1804 5326 2034 5400 (Matth.

457 5408 565 5482 xi).
611 5409 714 5463 Per
763 5410 1067 5479 superbiam
1117 5413 1379 5468 mirabilis
1419 5417 1731 5486 angelorum
1785 5428 2037 5475 creatura

458 5501 650 5555 cecidit
699 5501 765 5555 de
790 5500 949 5566 coelo,
984 5518 1079 5572 per
1107 5503 1466 5561 humilitatem
1505 5508 1596 5563 Dei
1644 5506 1907 5579 fragilitas
1933 5510 2035 5565 hu-

458 5606 630 5645 manae
659 5600 865 5647 naturae
901 5596 1139 5649 ascendit
1178 5598 1232 5651 in
1274 5598 1487 5653 coelum.
1522 5599 1757 5656 Honesta
1782 5611 1863 5656 est
1894 5603 2041 5657 enim

461 5684 599 5739 inter
649 5686 894 5742 homines
943 5690 1263 5746 humilitatis
1304 5692 1658 5757 consuetudo,
1704 5693 1845 5749 sicut
1882 5693 2039 5748 Salo-

462 5790 586 5829 mon
614 5776 689 5830 ait
722 5794 734 5829 :
768 5775 867 5832 Ubi
899 5776 1056 5848 fuerit
1098 5782 1361 5852 superbia,
1396 5783 1465 5836 ibi
1494 5784 1590 5838 erit
1619 5792 1667 5838 et
1694 5782 2039 5850 contumelia;

467 5866 550 5919 ubi
577 5879 749 5924 autent
770 5872 1057 5940 humilitas,
1086 5876 1156 5927 ibi
1179 5884 1225 5929 et
1251 5876 1509 5944 sapientia
1541 5875 1731 5945 (Prov.
1763 5876 1850 5945 ιιι)
1875 5894 1889 5946 ;
1914 5876 2043 5934 item

2145 4783 2286 4839 servi
2334 4783 2477 4838 enim
2526 4792 2746 4855 propter
2787 4786 3054 4837 tormenta
3090 4782 3338 4839 dominos
3376 4784 3590 4845 timent,
3634 4766 3732 4838 ﬁlii

2146 4892 2272 4933 vero
2302 4886 2521 4950 preptcr
2548 4893 2786 4933 amorem
2836 4879 3006 4948 patris
3034 4878 3241 4932 timent.
3289 4878 3347 4933 Si
3378 4878 3472 4933 lilii
3497 4879 3592 4935 Dei
3634 4894 3730 4934 su-

2146 4988 2286 5033 mus,
2321 4971 2606 5027 timeamus
2633 4987 2755 5024 cum
2785 4987 2851 5024 cx
2879 4971 3160 5025 cbaritatis
3186 4971 3488 5037 dulcedine,
3520 4986 3625 5027 non
3661 4971 3733 5028 de

2146 5063 2361 5117 timoris
2387 5062 2767 5118 amaritudine.
2796 5061 2968 5117 Homo
2994 5062 3212 5132 sapiens
3241 5063 3293 5117 in
3328 5063 3579 5119 omnibus
3601 5051 3730 5135 ope-

2143 5152 2295 5207 ribus
2331 5153 2445 5208 suis
2489 5153 2656 5208 Deum
2704 5154 2933 5222 metuit,
2978 5154 3155 5211 sciens
3194 5170 3252 5209 se
3295 5152 3412 5222 ejus
3453 5168 3729 5225 nunquam

2145 5244 2490 5312 praesentiam
2526 5242 2763 5316 effugere
2789 5259 2969 5315 posse,
3010 5245 3150 5301 sicut
3184 5245 3469 5302 Psalmista
3511 5246 3620 5300 Deo
3646 5246 3731 5300 di-

2144 5334 2220 5389 cit
2244 5352 2255 5386 :
2291 5332 2407 5399 Quo
2426 5334 2510 5388 ibo
2535 5351 2567 5387 a
2590 5335 2778 5405 spiritu
2803 5344 2916 5401 tuo,
2945 5345 2992 5390 et
3014 5354 3045 5389 a
3071 5336 3207 5405 facie
3233 5346 3323 5389 tua
3348 5351 3447 5405 quo
3479 5335 3679 5406 fugiam
3705 5336 3729 5376 ⁷

2144 5422 2319 5493 (Psul.
2348 5439 2585 5479 cxxxvin
2604 5422 2645 5495 ;)
2676 5425 2982 5497 item:quia
3012 5442 3173 5496 neque
3196 5427 3260 5481 ab
3297 5425 3527 5493 Oriente,
3560 5443 3727 5497 neque

2144 5514 2209 5568 ab
2239 5512 2536 5580 Occidente,
2556 5516 2893 5581 subauditur,
2919 5523 3065 5587 patet
3093 5518 3245 5573 locus
3264 5518 3500 5590 fugiendi
3530 5519 3723 5573 Deum.

2145 5592 2247 5674 Qui
2284 5607 2439 5662 timet
2465 5609 2632 5662 Deum
2662 5609 2895 5679 accipiet
2932 5610 3231 5666 doctrinam
3262 5610 3410 5680 ejus;
3442 5619 3499 5666 et
3529 5610 3623 5682 qui
3647 5610 3728 5665 vi-

2145 5698 2434 5769 gilaverint
2455 5700 2510 5754 in
2537 5700 2807 5756 mandatis
2827 5699 2964 5768 ejus,
2990 5700 3261 5757 invenient
3296 5688 3725 5757 benedictionem

2148 5788 2548 5859 sempiternam.
2584 5791 2848 5847 Timentis
2872 5790 3041 5847 Deum
3069 5792 3223 5851 beata
3265 5800 3349 5848 est
3385 5791 3585 5857 anima,
3612 5799 3667 5845 et
3695 5808 3723 5846 a

2149 5881 2446 5938 tentatione
2473 5868 2735 5938 diabolica
2779 5892 2892 5939 tuta
2918 5895 3177 5941 remanet.
3223 5886 3415 5942 Beatus
3446 5887 3599 5942 homo
3632 5884 3723 5955 qui
