4036 6370
314 432 410 488 101

1281 424 1585 484 iiOMlLl/E
1627 427 1715 482 DE
1754 425 1996 486 FESTIS
2035 425 2446 492 PRIECIPUIS,
2485 424 2638 482 ETC.

3467 429 3579 487 102

311 561 517 615 semper
543 554 621 599 est
649 544 866 614 pavidus
895 541 1090 615 (Prov.
1134 560 1300 599 xxvm
1319 549 1372 615 ),
1420 553 1474 600 et
1507 547 1595 601 cui
1637 548 1890 601 donatum
1919 551 1970 612 Α
1997 546 2174 599 animo
2199 561 2314 598 mea
2352 545 2407 597 in
2437 544 2575 596 atria
2611 542 2843 596 Domini.
2886 541 2992 594 Cor
3020 557 3189 598 meum
3214 552 3408 598 etcum
3435 562 3571 615 mea,

313 647 398 692 est
423 635 518 690 Dei
557 635 802 690 timorem
833 649 1046 705 semper
1072 646 1196 690 ante
1220 637 1407 691 oculos
1442 638 1659 692 habere.
1689 639 1789 705 Qui
1824 640 1890 692 ti-

312 738 423 784 met
445 728 754 792 Dominum,
780 728 982 784 recedit
1012 728 1079 783 ab
1110 729 1304 784 itinere
1333 745 1520 800 pravo,
1547 739 1603 786 et
1626 733 1694 785 ad
1722 733 1891 786 virtu-

313 832 428 878 tum
467 821 715 878 semitam
748 822 863 876 vias
901 837 1026 876 suas
1068 821 1270 892 dirigiti
1316 822 1500 878 Timor
1543 823 1637 878 Dei
1682 826 1892 895 repellit

311 921 537 986 peccata
567 922 623 969 et
653 912 834 981 adjicit
865 913 1094 968 virtutes
1123 931 1135 966 1
1164 915 1328 968 timor
1369 924 1586 970 cautum
1625 916 1754 972 facit
1795 919 1891 971 ho-

309 1009 513 1062 minem
539 1015 595 1062 et
634 1006 920 1062 sollicitum
954 1022 1022 1062 ne
1051 1015 1267 1076 peccet;
1313 1009 1405 1063 ubi
1440 1023 1569 1065 vero
1607 1013 1768 1066 timor
1794 1012 1888 1068 Dei

309 1117 417 1154 non
446 1107 547 1166 est,
575 1099 645 1153 ibi
668 1099 949 1154 dissolutio
966 1100 1088 1153 vitai
1114 1109 1219 1155 est.
1249 1099 1349 1167 Qui
1381 1101 1549 1156 Deum
1579 1103 1630 1156 in
1660 1115 1886 1174 prospe-

306 1196 384 1249 ris
411 1210 517 1248 non
546 1193 718 1258 timet,
755 1194 942 1248 timeat
967 1193 1050 1247 vel
1091 1194 1142 1248 in
1175 1195 1446 1262 adversis;
1473 1195 1703 1267 refugiat
1733 1199 1799 1252 ad
1829 1198 1888 1251 ii-

304 1286 439 1348 111111,
471 1285 562 1355 qui
587 1283 818 1355 ﬂagellat
842 1293 897 1340 et
921 1294 1078 1341 sanat
1111 1303 1122 1339 :
1151 1279 1344 1341 Beatus
1371 1288 1448 1340 vir
1471 1290 1560 1359 qui
1595 1291 1737 1343 tintet
1779 1291 1885 1343 Do-

302 1381 527 1442 minum,
577 1378 631 1431 in
677 1377 939 1431 mandatis
982 1379 1096 1448 ejus
1138 1381 1277 1449 cupit
1322 1381 1475 1434 nimis
1505 1381 1523 1451 (
1549 1377 1694 1435 Paul:
1744 1398 1810 1436 ex
1843 1385 1881 1452 ).

301 1472 490 1524 'l‘imor
519 1469 615 1523 Dei
644 1469 894 1525 timorem
919 1465 1142 1540 expellit
1167 1462 1448 1541 geltcttnm,
1481 1473 1604 1541 quia
1636 1473 1766 1528 facit
1797 1475 1886 1529 110-

299 1566 502 1618 minem
553 1571 833 1634 peccatum
879 1571 1074 1621 cavere
1114 1569 1168 1619 et
1214 1563 1436 1634 jtistitla:
1489 1579 1653 1636 cpera
1699 1577 1878 1638 agere.

299 1658 428 1711 Post
476 1659 590 1712 hate
632 1658 697 1712 ad
740 1657 889 1712 illum
935 1659 1216 1727 perveniet
1262 1659 1510 1715 timorem
1547 1662 1639 1730 qui
1687 1663 1883 1718 dicitur

297 1759 520 1804 sanctus
549 1761 605 1804 et
639 1758 924 1818 permanet
959 1751 1012 1805 in
1045 1751 1294 1806 saeculum
1326 1754 1507 1808 01001111
1555 1757 1681 1824 quia
1717 1766 1799 1811 est
1827 1758 1882 1812 in

295 1840 607 1895 dilectione.
638 1840 728 1896 Sic
769 1856 920 1911 ergo,
948 1841 1160 1908 fratres,
1188 1844 1471 1899 timeamus
1507 1846 1672 1900 Deum
1710 1859 1770 1902 ut
1800 1851 1880 1903 di-

1995 640 2380 694 exsultaverunt
2403 639 2457 691 in
2480 638 2646 692 Deum
2672 639 2841 692 vivum
2866 635 3036 708 (Psal.
3063 640 3311 706 LXXXIII).
3329 639 3575 706 Quatuor

1995 747 2227 804 namque
2257 740 2383 787 sunt
2410 731 2697 802 qualitates
2721 730 3063 785 aflectiouum
3093 732 3290 800 quibus
3317 732 3572 800 cogitatio

1987 825 2118 896 justi
2153 825 2308 879 ttedio
2337 824 2536 880 salubri
2577 824 2983 894 compungitur,
3017 825 3120 878 hoc
3157 832 3267 888 est,
3311 825 3572 880 tnemoria

1992 919 2389 988 praeteritorum
2414 917 2733 983 facinorum,
2777 918 3080 973 recordatio
3108 919 3413 974 futurarum
3460 931 3574 990 pte-

1991 1025 2205 1076 narum,
2253 1009 2616 1065 ccmsider‘atio
2662 1009 3112 1080 peregrinationis
3155 1023 3265 1064 sua:
3315 1011 3368 1064 in
3415 1010 3574 1079 hujus

1992 1102 2113 1155 vitae
2151 1102 2391 1168 miseria,
2422 1101 2746 1156 desiderium
2793 1116 3038 1171 superine
3071 1103 3277 1172 patrita,
3307 1110 3572 1172 quatenus

1991 1196 2057 1248 ad
2103 1209 2221 1249 eam
2260 1194 2583 1264 quantocius
2629 1193 2805 1248 valeat
2839 1196 3140 1264 pervenire.
3186 1195 3411 1261 Quando
3441 1209 3572 1266 ergo

1991 1285 2092 1339 ista
2116 1286 2167 1339 in
2195 1286 2360 1341 corde
2402 1286 2636 1340 hominis
2678 1286 2830 1350 1111111,
2879 1287 3158 1341 sciendum
3185 1296 3268 1340 est
3297 1295 3426 1340 tunc
3453 1302 3574 1342 esse

1990 1381 2156 1433 Deum
2198 1393 2295 1448 per
2334 1379 2563 1449 gratiam
2594 1379 2829 1433 humare
2854 1379 3000 1434 cordi
3031 1383 3387 1449 lil'ttBBDlllelll;
3431 1379 3575 1433 unde

1988 1479 2042 1527 et
2071 1472 2124 1525 in
2156 1470 2360 1541 psalmo
2380 1470 2577 1526 dicitur
2603 1489 2614 1524 :
2641 1471 2782 1524 Deus
2803 1471 2964 1524 vitam
2992 1486 3160 1525 meum
3192 1473 3426 1524 nuntiavi
3446 1471 3574 1527 tibi:

1985 1565 2204 1635 posuisti
2249 1564 2508 1633 lncrymas
2552 1579 2692 1617 meas
2741 1565 2796 1616 in
2836 1572 3113 1632 conspectu
3164 1573 3285 1626 tuo,
3341 1563 3474 1616 sicut
3519 1562 3575 1615 in

1986 1658 2326 1728 promissione
2352 1667 2444 1710 tua
2485 1656 2502 1726 (
2537 1655 2679 1710 Psal.
2709 1669 2775 1711 Lv
2803 1657 2842 1727 ).
2887 1656 3181 1711 Promissio
3222 1655 3570 1726 indulgentiae

1987 1763 2148 1821 quam
2183 1752 2447 1807 habemus
2478 1766 2507 1804 a
2537 1751 2666 1816 Deo,
2707 1751 2976 1822 lacrymas
3014 1751 3348 1822 ptenltentla:
3377 1749 3578 1803 excitat

1986 1842 2136 1899 cordi
2177 1853 2385 1900 nostro.
2429 1844 2738 1899 Thesaurns
2765 1842 3141 1898 desiderabilis
3185 1843 3239 1895 in
3273 1844 3435 1896 corde
3479 1842 3577 1894 ho-

294 1933 526 2003 iigamus
554 1950 716 1997 eum;
747 1936 873 2004 quia
916 1937 1146 2006 perfecta
1181 1938 1411 1993 charitas
1446 1940 1590 2009 foras
1619 1941 1778 1996 mittit
1810 1945 1880 1996 ri-
1911 1931 1957 1989 D
1987 1935 2166 1999 minis,
2215 1935 2646 2006 compunctiouis
2677 1935 2902 1989 dulcedo
2933 1947 2947 1987 t
2981 1935 3160 1987 anima
3194 1933 3429 1988 hominis
3453 1946 3573 2002 quae

293 2042 492 2079 morem
530 2026 592 2098 (I
622 2025 784 2080 Joan.
817 2028 906 2096 ιγ)
936 2028 1216 2092 servilem;
1246 2039 1410 2100 atque
1434 2031 1506 2085 ita
1538 2032 1735 2087 habere
1757 2049 1883 2103 pos-

293 2119 465 2172 simus
523 2119 905 2174 abundantiam
972 2122 1314 2186 securitatis,
1383 2131 1438 2177 et
1490 2123 1880 2194 plenitudinem

291 2209 538 2264 onmium
577 2211 865 2266 bonorum.
918 2212 1070 2268 Unde
1115 2222 1169 2267 et
1215 2213 1482 2284 Propheta
1540 2217 1614 2270 ait
1645 2236 1656 2270 1
1686 2218 1881 2274 Timete

291 2303 604 2370 Dominum,
655 2322 832 2360 omnes
869 2308 1038 2360 sancti
1083 2308 1226 2376 ejus,
1270 2312 1518 2378 quoniam
1566 2312 1694 2366 nihil
1738 2314 1880 2368 deest

290 2395 594 2449 timentibus
630 2412 770 2450 cum.
818 2396 1012 2451 Dii-ites
1053 2409 1300 2468 eguerunt
1339 2410 1386 2453 et
1437 2403 1751 2471 esurierunt,
1793 2407 1878 2459 in-

285 2493 551 2561 quirente:
602 2501 775 2545 autem
814 2490 1094 2546 Dominum
1127 2507 1227 2546 non
1270 2493 1507 2562 deﬁcient
1554 2499 1694 2550 omni
1746 2498 1876 2552 bono

287 2583 464 2658 (Psal.
497 2603 646 2641 χχιιι
667 2587 707 2658 ).
737 2588 1078 2657 Quapropter
1106 2589 1336 2642 obsecro
1365 2603 1481 2655 vos,
1514 2589 1875 2660 dilectissimi,

285 2687 349 2731 ut
394 2679 640 2734 timorem
680 2679 770 2733 Dei
804 2693 1018 2747 semper
1055 2687 1178 2734 ante
1219 2681 1418 2736 mentis
1459 2683 1652 2738 Vestrae
1692 2684 1878 2740 deities

287 2771 539 2826 habeatis
558 2781 614 2826 et
639 2771 960 2827 oblivionem
995 2781 1387 2842 praeceptorum
1428 2773 1522 2827 Dei
1552 2776 1772 2830 omnino
1797 2777 1880 2830 fu-

290 2864 488 2932 giatis,
526 2864 760 2934 illudque
806 2861 992 2920 scdulo
1047 2867 1295 2937 cogitetis
1344 2868 1577 2938 qualiter
1627 2868 1877 2924 timentes

291 2958 467 3010 Deum
503 2967 557 3012 et
581 2959 842 3014 mandatis
879 2961 995 3030 ejus
1021 2961 1336 3017 obedientes
1373 2963 1439 3017 ad
1467 2964 1634 3018 vitam
1673 2965 1878 3019 vadunt

282 3055 636 3118 perpetuam;
698 3059 1102 3107 contemnentes
1155 3063 1282 3108 vero
1336 3061 1389 3109 et
1441 3063 1707 3127 przecepta
1759 3057 1876 3126 ejds

281 3148 626 3208 spernentes,
661 3142 713 3196 in
743 3157 959 3211 ptenam
986 3143 1137 3198 ibunt
1166 3152 1452 3213 aeternam:
1490 3147 1876 3203 lunnilitatem-

279 3243 391 3298 que
428 3244 611 3284 veram
663 3230 715 3286 in
759 3234 922 3287 corde
967 3239 1145 3289 vestro
1184 3237 1328 3290 intus
1365 3235 1645 3303 habeatis,
1688 3239 1874 3309 sicque

279 3336 403 3374 eam
437 3337 544 3376 non
575 3324 700 3378 ficte
740 3326 980 3380 moribus
1007 3342 1188 3382 coram
1231 3330 1494 3399 proximis
1525 3331 1719 3386 vestris
1747 3332 1874 3387 insi-
1903 3297 1946 3360 Ο

280 3413 486 3479 nuetis,
517 3423 577 3468 ut
606 3415 732 3484 ipsi,
767 3417 921 3472 bonis
947 3420 1207 3490 exemplis
1237 3422 1433 3475 vestris
1459 3421 1733 3489 instructi,
1766 3425 1878 3494 glo-

279 3502 496 3559 riticent
545 3505 739 3572 Deum,
790 3516 844 3562 et
879 3509 1156 3564 vobiscum
1188 3519 1447 3565 aeternam
1492 3513 1544 3565 in
1577 3513 1729 3570 cmlis
1758 3523 1874 3569 stu-

281 3596 448 3650 deant
497 3598 780 3668 percipere
826 3602 1318 3657 remunerationem
1360 3623 1370 3656 :

283 3691 433 3744 mino
466 3700 652 3747 nostro
685 3691 814 3749 Iesu
849 3693 1088 3762 Christo,
1115 3697 1206 3766 qui
1234 3713 1357 3752 cum
1395 3697 1557 3754 Patre
1585 3707 1640 3754 et
1670 3698 1876 3770 Spiritu

281 3792 474 3839 sancto
505 3785 636 3840 vivit
664 3793 718 3841 et
761 3797 952 3859 regnat
998 3790 1158 3856 Deus,
1193 3801 1292 3862 per
1316 3792 1498 3848 Omnia
1541 3791 1733 3849 saecula
1770 3809 1870 3850 sa:-

279 3879 550 3949 culorum.
580 3879 773 3936 Amen.

859 3996 1138 4052 HOMILIA
1196 3995 1281 4053 LV
1294 4041 1305 4053 .

280 4104 346 4142 DE
387 4100 740 4144 CONFESSIONE
779 4105 843 4145 AC
875 4107 1225 4147 [‘(ENI'I‘ENTIA
1262 4110 1436 4156 ATQUE
1467 4110 1874 4150 COT-lPUNCTIONE

980 4179 1186 4218 CORDIS.

351 4256 715 4312 Considerarc
754 4273 850 4311 nos
879 4265 1111 4326 oportet,
1149 4255 1346 4311 fratres
1390 4257 1714 4322 charissimi,
1747 4259 1874 4327 quid

280 4347 438 4401 nobis
463 4346 742 4417 Scriptura
772 4359 922 4402 sacra
947 4347 1187 4400 insinuet
1211 4347 1538 4411 faciemlum,
1570 4365 1678 4416 quo
1706 4349 1876 4417 possi-

279 4458 402 4496 mus
426 4441 686 4511 gclieunm
715 4439 957 4496 devitarc
986 4449 1313 4494 tormentum
1338 4448 1390 4494 01
1412 4440 1478 4494 ad
1511 4441 1730 4496 caeleste
1754 4457 1876 4510 per-

279 4534 470 4587 venire
519 4531 802 4604 gaudinm,
867 4532 1100 4601 qualiter
1143 4533 1341 4586 bonum
1394 4534 1534 4601 quod
1587 4542 1873 4602 peccantes

279 4625 642 4696 perdidimus,
688 4625 1016 4695 ptenitentcs
1047 4637 1427 4694 rocnperemus
1465 4644 1475 4678 :
1512 4627 1652 4694 quod
1688 4627 1871 4694 utique

279 4737 392 4774 non
437 4720 596 4773 aliter
635 4719 695 4774 111
754 4719 854 4773 nisi
901 4737 997 4790 per
1016 4720 1288 4774 salubrem
1318 4725 1785 4789 col'npunctionem
1817 4731 1872 4775 et

281 4828 468 4867 veram
513 4812 930 4866 confessionem.
979 4814 1333 4881 Computtclio
1375 4813 1536 4880 igitur
1584 4813 1763 4867 cordis
1806 4831 1866 4866 ex

280 4909 609 4963 humilitatis
657 4908 857 4960 virtute
887 4909 1148 4968 nascitur,
1185 4907 1247 4961 de
1289 4909 1702 4977 compunctimie
1747 4924 1872 4961 0011-

281 5002 451 5055 fessio
500 5011 868 5070 peccatorum,
918 4996 983 5053 dc
1028 5000 1365 5054 confessione
1420 5002 1755 5070 putuitentia,
1810 5001 1874 5055 de

279 5092 604 5163 poenitentia
655 5105 781 5145 vera
827 5090 1107 5160 proveniet
1158 5089 1476 5144 delictorum
1521 5091 1871 5159 indulgentia.

278 5185 643 5255 Compunctio
677 5183 860 5238 cordis
889 5192 970 5238 est
1004 5181 1282 5237 humilitas
1317 5184 1514 5238 mentis
1550 5200 1672 5238 cum
1703 5184 1876 5254 lacry~

281 5277 390 5330 mis
435 5283 494 5329 et
530 5276 906 5330 recordatione
959 5283 1303 5346 peccatorum
1349 5285 1404 5328 et
1441 5276 1634 5329 timore
1664 5275 1872 5342 judicii.

281 5368 365 5421 Ex
395 5365 615 5438 gemino
657 5366 804 5420 fonte
835 5368 1269 5437 compunctiouis
1309 5369 1483 5422 solent
1511 5368 1776 5438 profluere
1800 5365 1877 5422 la-

280 5471 505 5527 crymre,
540 5454 642 5510 hoc
672 5464 776 5521 est,
806 5461 898 5510 aut
922 5455 1049 5511 dum
1083 5474 1236 5512 mens
1256 5466 1480 5528 operum
1511 5477 1728 5514 suorum
1762 5460 1877 5515 diii-

281 5550 504 5618 gentius
536 5549 674 5602 mala
705 5549 1039 5612 considerat,
1084 5558 1176 5603 aut
1202 5551 1327 5603 dum
1356 5547 1621 5605 desiderio
1658 5561 1876 5608 10101⁷1110

280 5642 408 5696 vita:
446 5641 705 5710 suspirat.
747 5638 900 5696 Unde
941 5645 996 5696 et
1035 5641 1302 5712 Propheta
1339 5643 1449 5696 ait:
1481 5643 1655 5698 Sitivit
1700 5647 1878 5701 anima

279 5747 402 5788 mea
444 5733 515 5787 ad
557 5729 723 5786 Deum
774 5733 966 5798 vivunt,
1013 5733 1224 5805 quando
1271 5735 1476 5788 veniam
1525 5745 1571 5790 et
1619 5735 1878 5807 apparebo

282 5836 406 5882 ante
430 5825 623 5898 faciem
649 5823 785 5880 Dei?
804 5825 1016 5896 [uerunt
1043 5827 1169 5882 mihi
1192 5828 1438 5900 ἰᾶσι-1111110
1461 5847 1587 5884 mea:
1612 5848 1770 5899 panes
1794 5831 1879 5887 die

288 5944 305 5975 ι
354 5919 716 5994 nocle(1’sul.
759 5923 875 5995 xu)
904 5942 917 5988 ',
951 5925 1079 5980 item
1116 5943 1126 5978 ε
1182 5925 1394 5996 (Joncup
1420 5925 1534 5979 iscit
1590 5935 1636 5980 et
1689 5928 1875 5998 defecit

1418 3611 1714 3673 prmstatite
1774 3607 1877 3661 Dm
1904 3633 1918 3645 -

1899 4667 1952 4727 D

1986 2028 2038 2082 in
2071 2028 2316 2082 oratione
2357 2027 2757 2098 eompungitur,
2785 2026 2940 2080 valde
2976 2024 3054 2078 illi
3096 2023 3309 2095 proiicit
3336 2023 3404 2076 ad
3434 2020 3576 2077 salu-

1986 2130 2112 2177 tem.
2165 2121 2300 2176 Cum
2355 2129 2452 2191 per
2500 2121 2803 2176 orationem
2857 2119 3203 2190 compunctio
3251 2115 3570 2181 cifumlitur,

1985 2215 2217 2284 Spiritus
2260 2213 2430 2268 sancti
2471 2213 2813 2284 praesentiam
2842 2211 3099 2267 cordibus
3143 2209 3343 2263 nostris
3385 2208 3574 2262 adesse

1983 2311 2089 2357 non
2129 2302 2349 2356 dubium
2394 2308 2475 2355 est
2517 2318 2528 2352 :
2565 2301 2658 2354 sed
2698 2307 2824 2355 tunc
2865 2297 3096 2353 Salubris
3141 2303 3224 2351 est
3271 2296 3385 2364 ipsa
3428 2309 3579 2348 coms

1980 2393 2200 2464 ptmctio
2227 2394 2443 2463 quando
2473 2392 2744 2447 hominem
2775 2396 3037 2461 provocat
3075 2389 3141 2441 ad
3175 2384 3576 2442 confessionem

1979 2493 2329 2555 peccatorum
2365 2492 2419 2538 et
2448 2483 2516 2538 ad
2538 2483 2948 2538 conversionem
2985 2479 3226 2534 melioris
3255 2478 3396 2532 vitae.
3432 2476 3571 2530 Hor-

1976 2586 2128 2651 tatur
2158 2579 2342 2647 itaque
2380 2592 2480 2631 nos
2527 2577 2725 2647 saepius
2753 2583 2939 2631 sancta
2972 2573 3255 2642 Scriptura
3296 2572 3366 2625 ad
3403 2571 3572 2625 medi-

1981 2679 2227 2726 camenta
2263 2670 2448 2741 fugere
2478 2669 2832 2725 confessionis
2869 2683 2883 2722 t
2913 2683 3017 2723 non
3065 2669 3207 2736 quod
3253 2667 3394 2720 Deus
3435 2665 3575 2719 indi-

1980 2774 2102 2836 geat
2151 2763 2507 2821 confessionis
2557 2773 2785 2828 nostrae,
2844 2763 2929 2817 cui
2977 2759 3157 2817 omnia
3203 2765 3400 2830 praesto
3448 2764 3578 2813 sunt

1979 2871 2100 2925 qum
2124 2858 2445 2925 edgitamus,
2478 2854 2750 2925 loquimur
2772 2860 2864 2908 aut
2900 2855 3147 2920 agimus;
3175 2853 3267 2908 sed
3294 2863 3392 2905 nos
3422 2850 3577 2903 aliter

1979 2947 2112 3002 salvi
2143 2947 2258 3001 fieri
2285 2955 2392 3002 11011
2428 2961 2734 3017 possumus,
2771 2946 2874 3000 nisi
2915 2944 3276 3001 confiteantur
3305 2943 3575 3013 11101ιί1011-

1983 3047 2061 3093 tes
2097 3047 2215 3108 quae
2252 3041 2436 3109 inique
2475 3040 2742 3109 gessimus
2784 3029 3136 3108 negligentes.
3196 3036 3296 3104 Qui
3334 3035 3575 3103 scipstnu

1979 3140 2197 3186 accusat
2243 3133 2294 3185 iu
2335 3133 2576 3201 peccatis
2620 3132 2750 3196 suis,
2785 3132 2928 3187 hunc
2969 3130 3214 3186 diabolus
3262 3143 3368 3183 non
3411 3128 3575 3180 habet

1981 3236 2174 3290 iterum
2209 3251 2467 3291 accusare
2497 3235 2549 3289 in
2590 3235 2675 3288 dic
2709 3233 2900 3302 judicii
2932 3234 3014 3289 :si
3068 3236 3244 3287 tamen
3285 3229 3576 3286 confitetur

1980 3337 2313 3408 pcenitendo,
2363 3331 2518 3391 diluit
2557 3323 2676 3406 qua:
2732 3333 2875 3399 fecit,
2939 3351 3037 3390 nec
3091 3335 3288 3388 iterum
3347 3337 3572 3385 renovat

1980 3447 2098 3500 qmc
2129 3429 2256 3502 egit.
2287 3430 2621 3499 (.‘onﬁtemini
2645 3471 2659 3495 ,
2712 3419 2841 3483 dicit
2879 3415 3113 3483 Iacobus
3152 3413 3447 3498 apostolus,
3487 3421 3568 3475 nt-

1979 3534 2235 3578 terutrum
2257 3534 2469 3594 peccata
2499 3532 2689 3586 vestra,
2723 3531 2772 3575 et
2792 3532 2937 3575 orate
2971 3538 3064 3592 pro
3087 3521 3304 3574 invicem
3329 3525 3383 3571 ut
3405 3515 3574 3571 solre-

1979 3608 2107 3672 mini
2147 3618 2297 3692 (Jac.
2329 3617 2427 3691 v);
2475 3621 2601 3672 item
2641 3618 2827 3673 beatus
2864 3611 3062 3670 Paulus
3109 3613 3387 3686 apostolus
3429 3631 3440 3664 :
3474 3607 3578 3665 Ore

1979 3723 2174 3778 autent,
2217 3709 2411 3780 inquit,
2455 3709 2712 3780 confessio
2757 3711 2816 3778 [it
2858 3707 3187 3785 ad.salutem
3226 3695 3413 3776 (Rom.
3455 3701 3569 3773 x);

1979 3805 2072 3861 sed
2109 3813 2161 3860 ct
2207 3801 2460 3859 Salomon
2493 3797 2560 3858 de
2598 3797 2940 3857 confessione
2991 3811 3337 3870 peccatorum
3391 3787 3525 3850 dixit
3557 3799 3572 3850 ἑ

1981 3896 2084 3963 Qui
2128 3891 2396 3950 abscondit
2433 3891 2629 3957 scelera
2667 3911 2763 3948 sua
2798 3909 2901 3946 non
2934 3891 3234 3960 dirigetur:
3265 3887 3354 3959 qui
3395 3895 3571 3938 mitem

1980 3991 2244 4058 confessus
2275 3989 2452 4057 fuerit,
2477 3999 2522 4040 et
2556 3975 2816 4057 relique-rit
2843 4001 2926 4048 ea,
2952 3973 3368 4036 misericordiam
3394 3993 3575 4031 conse—

1976 4091 2164 4151 quetur
2195 4075 2396 4148 (Prov.
2442 4077 2660 4144 xxviii).
2698 4073 2946 4144 Magnum
2977 4082 3079 4133 est,
3128 4067 3350 4130 fratres,
3387 4065 3576 4120 salutis

1979 4172 2454 4234 medicamentum,
2509 4187 2615 4223 non
2666 4169 2863 4222 iterare
2906 4182 3023 4234 (11110
3078 4163 3238 4231 impie
3281 4161 3567 4232 gessimus,

1979 4282 2077 4321 nec
2125 4265 2360 4334 priorem
2388 4260 2700 4317 cicatricem
2739 4258 3020 4313 vulnerum
3059 4253 3394 4317 resauciare;
3427 4249 3566 4305 unde

1979 4359 2108 4414 dicit
2154 4354 2390 4410 Joannes
2437 4353 2766 4424 evatigclista
2805 4370 2816 4405 :
2870 4347 2925 4404 Si
2977 4345 3312 4417 conﬁtmnnu
3359 4360 3575 4412 peccatu

1978 4462 2180 4516 nostra,
2220 4449 2392 4518 ﬁdelis
2436 4458 2507 4501 est
2563 4446 2701 4499 Deus
2741 4455 2786 4498 et
2818 4445 2998 4514 justus
3051 4450 3103 4494 ut
3146 4431 3376 4492 remittat
3429 4437 3576 4491 nobis

1976 4552 2211 4613 pem-alo,
2238 4552 2284 4595 et
2309 4541 2520 4594 munde!
2549 4557 2640 4592 nos
2664 4538 2726 4592 ab
2754 4537 2895 4589 omni
2919 4527 3192 4604 iniquitate
3219 4527 3270 4603 (Ι
3301 4529 3462 4584 Jonn.
3496 4532 3533 4600 I)
3556 4549 3569 4596 ;

1978 4635 2228 4688 similiter
2256 4644 2310 4687 ct
2337 4632 2622 4686 Psalmista
2671 4630 2744 4682 ait
2775 4647 2786 4680 :
2829 4621 2948 4679 Diri
2985 4623 3267 4693 conﬁtebor
3297 4619 3571 4676 adversus;

1979 4727 2406 4796 171t?illjit$li.-'i".'llt
2449 4742 2611 4777 meum
2653 4713 2904 4782 Domino,
2949 4731 2993 4771 et
3035 4730 3090 4771 tu
3125 4715 3363 4769 remisisti
3396 4716 3577 4783 impie-

1980 4829 2138 4871 tulcm
2181 4819 2374 4885 peccati
2423 4817 2522 4866 mei
2569 4816 2583 4878 (
2619 4813 2760 4866 I’sul.
2799 4812 2979 4880 XXXI).
3031 4810 3227 4864 Vivens
3255 4808 3578 4861 θυηίὶτοῖυεῑν

1984 4918 2234 4976 peccator
2265 4924 2383 4974 qua:
2416 4906 2560 4970 fuit,
2592 4905 2717 4974 quia
2749 4911 2962 4957 nonest
3001 4905 3276 4954 fructuosa
3303 4897 3573 4952 confessio

1984 4995 2123 5067 apud
2152 4999 2371 5062 inferos,
2408 5019 2502 5051 nec
2528 4997 2842 5068 pmnitontia
2876 4998 2940 5048 ad
2974 4996 3200 5050 salutem
3240 4994 3530 5063 proficiens
3559 5011 3571 5046 :

1985 5108 2110 5146 ecce
2130 5109 2272 5144 nunc
2305 5103 2512 5158 tempus
2540 5094 2750 5156 Salutis,
2775 5107 2900 5144 cccc
2927 5106 3069 5142 nunc
3096 5098 3303 5157 tempus
3328 5098 3575 5155 accepta-

1982 5182 2089 5236 bile
2121 5183 2248 5236 Deo.
2283 5181 2516 5251 Tempus
2561 5192 2643 5236 est
2692 5198 2835 5237 nunc
2881 5179 3215 5235 remissionis
3265 5180 3574 5249 [nruitenti-

1983 5273 2104 5338 bus,
2148 5273 2239 5327 sed
2292 5279 2502 5341 tempus
2537 5275 2638 5328 erit
2675 5283 2799 5343 post
2845 5282 3070 5326 mortem
3107 5273 3359 5326 vindicta:
3403 5274 3573 5340 negli—

1984 5368 2237 5438 gentibus
2273 5370 2519 5441 confiteri
2572 5370 2778 5424 scelera
2827 5385 2925 5423 sua
2959 5387 2970 5421 :
3004 5384 3192 5422 omnes
3234 5369 3376 5421 enim
3422 5367 3571 5435 impii

1982 5476 2222 5514 amaram
2251 5461 2302 5515 in
2335 5463 2618 5516 tormentis
2653 5461 3024 5531 pcmiitcntiam
3061 5461 3290 5523 habent,
3343 5459 3436 5512 sed
3465 5473 3570 5510 non

1982 5554 2195 5623 proiicit
2245 5556 2324 5610 eis
2375 5555 2689 5624 pomitcntia
2732 5555 2799 5608 ad
2853 5552 3268 5618 remissionem,
3309 5551 3401 5606 sed
3445 5567 3572 5605 con-

1979 5649 2207 5702 scientia
2241 5657 2458 5719 torquet
2497 5664 2592 5703 eos
2631 5648 2696 5701 ad
2737 5655 3085 5717 augmentum
3126 5658 3410 5714 pinnarum
3450 5659 3571 5713 qnze

1980 5741 2277 5810 patiuntur.
2323 5741 2622 5796 Potuerunt
2658 5740 2760 5794 sibi
2800 5756 2897 5809 per
2933 5738 3328 5797 confessionem
3365 5754 3567 5808 praeca-

1979 5849 2105 5889 vere
2157 5843 2546 5890 tormentorum
2604 5833 3017 5896 10101011111110111,
3061 5839 3111 5885 01
3167 5831 3514 5901 neglexerunt
3558 5845 3563 5854 υ

1982 5928 2055 5980 1111
2086 5931 2225 5982 sicut
2254 5926 2398 5981 foras
2427 5926 2678 5990 flammis,
2711 5925 2784 5978 ita
2813 5926 2958 5978 intus
2990 5923 3319 5978 conscientia
3351 5934 3564 5989 propin!
