4036 6370
290 280 397 336 105

284 394 433 448 niam
458 387 716 455 inveniet,
743 385 839 458 qui
863 381 1004 441 male
1022 383 1213 454 'aptum
1237 380 1408 437 veniae
1436 357 1650 449 tempus
1685 365 1944 450 perdi-‘J’A
1977 358 2004 368 ”
2043 367 2046 372 ’

285 485 386 541 dit.
413 481 494 541 ibi
511 479 626 550 jam
659 494 696 534 a
716 478 830 534 Deo
847 491 959 532 non
992 483 1172 547 potest
1191 471 1393 528 mereri
1419 469 1744 542 quodrpetit,
1773 466 1870 540 qui
1921 472 1952 530 ³,

285 577 380 634 hic
404 574 578 632 noluit
599 569 955 640 audire.qu
991 566 1174 638 jussit.
1219 563 1322 632 Qui
1353 574 1564 634 tempus
1600 563 1876 632 paenitens

287 668 378 726 tia:
406 668 594 723 datum
620 661 866 735 negiigit,
896 660 1100 716 frustra
1121 664 1246 714 ante
1271 655 1503 713 tribunal
1530 654 1730 711 Christi
1752 667 1879 725 pre-1

287 754 654 816 cesel'fundit.
705 752 988 810 Festinare
1010 751 1168 807 debet
1193 749 1564 821 unusquisque
1605 757 1879 815 nostrum;

288 847 513 914 fratres,
544 845 613 901 ad
632 845 800 900 Deum
823 841 1182 898 convertenda
1211 841 1337 896 dum
1360 849 1559 914 potest,
1585 854 1656 895 ne
1679 840 1727 895 si
1740 841 1881 900 dum

284 945 472 1010 potest
507 935 774 1005 noluerit,
825 935 1048 992 omnino
1092 947 1218 988 cum
1247 933 1459 988 intrare
1491 931 1746 997 voluerit,
1768 929 1880 987 non

285 1031 480 1104 possit.
537 1029 776 1100 Semper;
806 1041 938 1097 ergo
961 1034 1263 1084 extremum
1295 1026 1443 1082 diem
1462 1025 1736 1082 debemus
1762 1028 1885 1082 me;

286 1131 465 1188 tuere,
501 1135 682 1190 quem
715 1129 1321 1191 nunquam-possumus
1368 1117 1682 1189 praevidere.

286 1227 436 1270 nunc
455 1211 634 1283 ipsum
667 1209 811 1268 diem
837 1207 892 1266 in
921 1224 1032 1281 quo
1053 1208 1346 1280 loquimur,
1385 1210 1453 1266 ad
1480 1209 1726 1266 inducias
1751 1196 1889 1265 cuni

287 1300 562 1358 versionis
607 1300 949 1371 accepimus:
991 1308 1048 1355 et
1086 1307 1266 1355 tamen
1309 1300 1451 1355 maia
1487 1315 1608 1372 qua:
1655 1292 1888 1357 fecimus

289 1392 421 1449 ﬂere
449 1406 784 1449 recusamus.
830 1390 949 1447 Non
979 1391 1157 1448 solum
1203 1392 1492 1448 commissa
1531 1407 1639 1447 non
1670 1391 1876 1463 plangi-

289 1497 414 1539 mus
439 1521 458 1548 ,
505 1481 600 1537 sed
647 1481 813 1536 etiam
863 1497 984 1552 quae
1025 1480 1323 1538 deﬂeantur
1345 1521 1361 1548 ,
1396 1491 1675 1554 augemus.
1725 1480 1802 1534 At?
1831 1481 1879 1536 si

289 1571 471 1640 aliqua
495 1585 596 1625 nos
622 1570 886 1642 aegritudo
928 1571 1218 1642 corripiat,
1269 1571 1314 1626 si
1362 1570 1517 1643 signa
1546 1570 1880 1642 aegritudinis

289 1661 528 1718 vicinam
565 1669 797 1717 mortem
827 1661 1172 1729 denuntient,
1212 1663 1458 1719 inducias
1490 1663 1705 1718 vivendi
1730 1677 1893 1732 quaem.

1237 263 1544 325 HOMILLE
1581 262 1670 320 DE
1707 261 1950 320 FESTIS
1988 259 2402 326 PRIECIPUIS,
2442 259 2593 316 ETC.

2359 357 2364 362 ’
2406 338 2806 428 "sumen
2834 337 2991 428 Lvu.

2028 504 2030 506 τ
2082 478 2171 521 ιη
2197 473 2808 522 constitero-usuin
2840 446 3434 522 seruitio
3496 454 3541 494 ἰλ

2011 556 2304 612 Admonet
2333 551 2453 620 nos;
2478 552 2815 618 charissimi,
2845 550 3304 609 beatus'Joamies
3346 556 3558 624 apostol

1972 648 2078 716 lus,
2106 655 2168 705 et
2196 644 2272 702 ad
2302 638 2678 714 contemptum
2699 641 3248 699 caducarum-r‘e'mm
3277 639 3559 714 provocat,

1973 741 2195 798 dicens:
2228 727 2990 809 Nolite-diligere‘mu‘ndum',‘
3036 747 3202 806 neque
3245 750 3327 790 ea
3353 735 3479 806 qua!
3504 735 3562 790 iit

1973 831 2170 887 mundo
2190 837 2318 886 sunt
2341 842 2362 882 :
2375 829 2649 900 quoniam
2665 817 3110 882 mundui‘transit
3129 829 3179 882 et
3192 813 3565 902 satrapam?-

1975 921 2206 993 tia‘sy'us.
2231 919 2360 988 ~Qui
2401 923 2574 976 autem
2599 911 3095 990 "fdei‘tﬂuo'luntatem
3125 909 3461 984 Dei,‘manet
3504 905 3561 971 iri

1975 1023 2233 1069 ceterum
2247 1009 2308 1084 (Ι
2325 1009 2488 1066 Joan‘.
2521 1009 2622 1082 11)."!
2634 999 2897 1065 Similiter
2919 1016 2975 1065 et
2993 1007 3190 1065 beatus
3203 995 3418 1063 'Pau‘lus
3437 1007 3566 1077 apo-

1977 1107 2168 1180 stolas,
2192 1113 2436 1170 scribens
2465 1103 2538 1168 ad
2561 1107 2922 1192 Timotheum,
2948 1125 3050 1166 nos
3074 1093 3344 1166 instruens
3373 1103 3564 1192 docet;

1979 1208 2242 1281 Prwoipe,
2289 1187 2761 1279 inquit,‘diritibus
2805 1201 3178 1277 mundi'hujus
3207 1198 3316 1260 non
3350 1187 3570 1274 superbe
3673 1243 3684 1257 .

1979 1311 2183 1368 sapere;
2233 1290 2400 1368 neque
2427 1311 2638 1367 sperare
2684 1297 2740 1350 in
2776 1295 2975 1350 incerto
3019 1295 3351 1358 divitiarum,
3393 1290 3484 1348 sed
3516 1293 3572 1347 in

1979 1389 2090 1444 Deo
2126 1388 2260 1454 rivo,
2311 1389 2404 1460 qui
2447 1395 2662 1459 prastat
2719 1387 2871 1442 nobis
2911 1385 3451 1441 o‘mnia‘abundant‘er
3488 1382 3570 1438 ‘ad

1983 1478 2281 1550 fruendum.
2321 1479 2426 1548 Qui
2459 1479 2654 1535 divites
2683 1489 2813 1534 sunt
2854 1479 2910 1534 in
2933 1477 3192 1551 ‘operibus
3222 1478 3368 1544 suis,
3413 1473 3573 1533 facile

1981 1575 2261 1641 tribuant,
2315 1573 2719 1631 communicent
2775 1589 2899 1630 cum
2947 1574 3033 1630 his
3075 1575 3168 1648 qui
3212 1591 3319 1632 non
3346 1575 3573 1640 habent,

1985 1663 2356 1719 lhesaurizent
2389 1663 2494 1720 sibi
2521 1664 2932 1720 fundamentum
2977 1665 3180 1720 bonum
3225 1664 3280 1719 in
3308 1662 3572 1729 futurum,

289 1752 464 1808 rimus
492 1762 552 1809 ut
577 1761 798 1825 peccata
827 1761 1014 1810 nostra
1048 1752 1380 1811 deﬂeamus:
1414 1763 1472 1812 et
1495 1769 1588 1810 eas
1615 1770 1740 1811 cum
1768 1769 1880 1810 ma-
1906 1752 1954 1812 B
1982 1765 2037 1808 ut
2067 1753 2458 1826 apprehenderat
2492 1769 2668 1809 veram
2697 1753 2856 1808 vitam
2887 1752 2939 1825 (Ι
2972 1753 3107 1808 Tim.
3137 1753 3236 1824 vi).
3273 1739 3574 1817 Attendite,

289 1854 398 1910 guo
423 1850 558 1898 aestu
586 1842 838 1900 desiderii
864 1844 1118 1915 petimus,
1155 1859 1292 1915 quas
1319 1853 1569 1915 acceptas
1602 1844 1766 1901 modo
1783 1859 1884 1916 pro
1934 1843 1966 1877 ⁵)

292 1933 463 1991 nihilo
489 1937 770 1992 habemus.
799 1935 1098 1994 Pensemus
1117 1952 1284 2003 nunc,
1329 1936 1688 2002 dilectissimi,
1724 1953 1898 2009 super

289 2040 396 2081 nos
415 2025 632 2081 divitias
667 2024 962 2082 conditoris
997 2026 1210 2092 nostri;
1255 2041 1481 2097 peccare
1504 2042 1604 2082 nos
1628 2027 1798 2094 vidit,
1832 2034 1888 2083 et

290 2115 553 2187 pertulit;
592 2116 685 2188 qui
733 2130 834 2172 nos
883 2124 1010 2172 ante
1057 2115 1273 2187 culpam
1319 2131 1547 2188 peccare
1586 2117 1883 2189 prohibuit,

291 2208 460 2265 etiam
490 2215 614 2276 post
644 2206 857 2279 culpam
899 2215 1217 2278 exspectare
1267 2208 1336 2264 ad
1372 2207 1586 2264 veniam
1611 2222 1720 2264 non
1744 2208 1889 2265 desi-

292 2297 431 2355 stif:
461 2297 601 2354 ’ecce
624 2296 741 2369 ipse
766 2312 887 2364 nos,
911 2312 1073 2367 quem
1097 2297 1456 2368 despeximus,
1490 2306 1678 2365 vocat;
1709 2297 1888 2354 aversi

290 2385 485 2444 abillo
531 2403 740 2456 sumus,
771 2396 829 2444 et
862 2396 1042 2444 tamen
1095 2404 1204 2445 non
1249 2390 1530 2445 avertitur.
1585 2388 1740 2447 Unde
1791 2404 1912 2461 per.

290 2480 489 2534 Isaiam
513 2478 740 2534 dicitur:
772 2478 844 2534 Et
866 2490 1016 2536 erunt
1043 2480 1182 2536 oculi
1210 2481 1289 2536 tui
1327 2481 1558 2538 videntes
1595 2491 1887 2554 pracepto-

294 2586 407 2626 rem
433 2579 606 2636 tuum,
654 2579 704 2625 et
752 2588 906 2626 aures
941 2581 1046 2626 tua:
1075 2572 1287 2628 audient
1317 2589 1492 2629 vocem
1537 2582 1654 2645 post
1679 2583 1916 2645 tergum.

295 2664 556 2718 monentis
581 2661 714 2735 (ιω.
744 2662 898 2735 xxx).
927 2663 1092 2732 Quasi
1123 2664 1178 2719 in
1215 2664 1409 2721 faciem
1450 2664 1614 2722 homo
1646 2665 1892 2724 monitus
1919 2731 1921 2734 Q

1987 1844 2204 1912 fratres,
2237 1852 2294 1901 et
2320 1844 2553 1902 sollicite
2574 1859 2696 1915 qua:
2725 1844 2980 1900 dicuntur
3007 1853 3232 1915 pensate
3256 1861 3270 1898 :
3297 1859 3422 1898 nam
3447 1851 3576 1898 ‘cum

1987 1937 2243 1995 divitibus
2283 1937 2598 2009 praecipitur
2625 1948 2686 1992 ut
2714 1935 3086 1992 thesaurizeut
3130 1934 3235 1991 sibi
3260 1932 3580 1990 fundamcné

1986 2036 2100 2084 tum
2129 2028 2330 2084 bonum
2371 2029 2428 2084 in
2465 2027 2707 2084 futurum
2741 2035 2804 2083 ut
2841 2025 3248 2098 apprehendant
3281 2040 3468 2082 veram
3496 2024 3579 2080 vi-

1989 2127 2122 2185 tam,
2150 2119 2268 2175 sine
2299 2117 2462 2174 dubio
2496 2118 2600 2175 ista
2631 2117 2764 2174 falsa
2815 2118 2928 2172 vita
2952 2124 3057 2173 est.
3107 2117 3178 2172 Et
3200 2116 3437 2172 maxime
3478 2115 3584 2171 hoc

1987 2212 2185 2269 divites
2211 2209 2400 2267 audire
2429 2212 2648 2278 debent,
2677 2224 2814 2281 quos
2835 2209 3055 2281 quando
3078 2223 3345 2281 pauperes
3369 2207 3586 2264 intuen-

1989 2313 2080 2360 tur
2125 2311 2495 2370 murmurant,
2535 2310 2778 2374 gemunt,
2809 2301 3049 2356 laudanti
3084 2300 3350 2366 invident,
3381 2297 3586 2368 aequari

1991 2394 2128 2451 velle
2146 2402 2357 2466 optant,
2387 2394 2625 2465 impares
2651 2405 2711 2448 se
2732 2389 2937 2456 dolent,
2992 2398 3048 2445 et
3077 2388 3222 2444 inter
3237 2387 3427 2443 laudes
3452 2384 3584 2442 divi-

1991 2496 2128 2554 tmu,
2155 2487 2261 2544 hoc
2289 2485 2608 2557 plerumque
2647 2483 2852 2550 dicunt,
2894 2481 3008 2539 Soli
3053 2489 3181 2536 sunt
3203 2480 3293 2536 isti
3316 2519 3334 2547 ,
3364 2479 3452 2535 isti
3479 2477 3586 2536 soli

1991 2579 2199 2634 vivunt.
2244 2576 2474 2648 Propter
2501 2576 2618 2632 haec
2643 2589 2775 2646 ergo
2807 2574 2976 2630 verba
3003 2572 3201 2643 quibus
3225 2570 3476 2628 homines
3502 2578 3588 2627 te-

1993 2684 2130 2727 nues
2175 2668 2436 2725 divitibus
2487 2665 2776 2723 adulantur
2801 2706 2817 2733 ,
2844 2665 2972 2736 quia
3001 2663 3105 2735 ipsi
3130 2663 3338 2728 vivunt,
3393 2676 3464 2717 ne
3504 2660 3593 2717 his

295 2761 406 2820 est,
435 2753 746 2825 quandoad
767 2753 1037 2824 justitiam
1066 2756 1318 2812 conditus
1361 2764 1632 2828 praecepta
1668 2757 1896 2814 rectitu-

1998 2760 2330 2818 adulantium
2371 2757 2544 2816 inflati
2591 2757 2774 2814 verbis
2799 2797 2814 2825 ,
2849 2764 3044 2828 putent
3087 2770 3148 2811 se
3191 2768 3320 2810 vere
3364 2753 3588 2808 vivere:

303 2846 452 2902 diuis
475 2847 716 2917 accepit;
745 2848 841 2904 sed
864 2863 989 2904 cum
1009 2849 1124 2904 haec
1154 2849 1343 2906 eadem
1371 2856 1642 2920 praecepta
1660 2859 1920 2906 contem-~
1997 2850 2257 2923 Ρνιεσὶρε,
2280 2849 2479 2921 inquit,
2507 2849 2754 2904 diuitibus
2795 2847 2956 2918 hujus
2993 2846 3179 2901 mundi
3223 2861 3330 2900 non
3375 2843 3594 2914 superbe

299 2935 435 3008 psit,
471 2937 628 3008 quasi
657 2937 922 2994 conditori
954 2953 1054 2995 suo
1094 2940 1314 2996 dorsum
1349 2940 1549 2997 mentis
1595 2940 1651 2996 in
1698 2939 1895 2996 faciem
1997 2957 2205 3014 sapere,
2237 2958 2402 3014 neque
2449 2955 2661 3012 sperare
2707 2939 2765 2994 in
2790 2939 2990 2994 incerto
3041 2937 3371 3003 divitiarum,
3424 2935 3514 2990 sed
3540 2934 3597 2988 in"

298 3028 468 3085 dedit.
503 3029 612 3086 Sed
638 3045 766 3087 ecce
797 3032 974 3088 adhuc
1016 3042 1138 3102 post
1180 3041 1394 3106 tergum
1423 3034 1670 3105 sequitur
1692 3042 1749 3091 et
1775 3050 1893 3090 mo—
2000 3032 2112 3089 Deo
2155 3033 2288 3097 rivo,
2335 3033 2424 3101 qui
2475 3039 2690 3102 praestat
2742 3028 2890 3084 nobis
2939 3030 3119 3084 omnia
3168 3028 3499 3082 abundanter
3524 3023 3598 3079 ad

298 3125 394 3174 net
421 3135 436 3184 ;
472 3119 599 3190 quia
619 3118 736 3188 jam
769 3129 828 3178 et
877 3138 908 3176 a
939 3123 1096 3180 nobis
1131 3132 1473 3195 contemptus
1494 3134 1598 3192 est,
1630 3135 1687 3182 et
1715 3135 1897 3182 tamen
1920 3125 1972 3190 C.
2002 3125 2309 3198 fruendum.
2350 3125 2556 3180 Divites
2577 3125 2703 3189 sint,-
2731 3123 2828 3180 sed
2846 3123 2976 3178 ubi?
3004 3113 3364 3193 ln'operibus,
3393 3120 3593 3192 inquit,

299 3225 402 3266 nos
427 3211 604 3267 adhuc
633 3227 830 3270 vocare
857 3229 966 3270 non
989 3225 1186 3272 cessat.
1225 3215 1391 3284 Quasi
1420 3217 1640 3275 dorsum
1663 3218 1713 3274 ei
1741 3219 1795 3274 in
1821 3218 1899 3275 fa-

299 3302 442 3358 ciem
465 3300 736 3372 dedimus,
766 3305 919 3376 cujus
945 3306 1112 3362 verba
1139 3306 1488 3379 despicimus,
1517 3308 1672 3378 cujus
1695 3325 1900 3381 praece-

299 3388 395 3464 pta
431 3393 746 3452 calcamus:
790 3396 886 3452 sed
935 3405 1086 3453 stans
1129 3407 1255 3469 post
1300 3407 1510 3473 tergum
1537 3415 1636 3457 nos
1679 3416 1900 3459 aversos
1933 3447 1936 3450 .

303 3491 560 3552 revocat;
610 3486 704 3558 qui
727 3495 783 3542 et
821 3486 970 3546 videt
994 3487 1138 3559 quod
1164 3490 1478 3562 despicitur,
1510 3500 1568 3548 et
1591 3501 1772 3548 tamen
1802 3507 1902 3563 per

301 3587 573 3650 praecepta
599 3579 820 3650 clamat,
864 3596 962 3653 per
979 3582 1297 3654 patientiam
1326 3593 1622 3656 exspectat.
1668 3584 1918 3642 Pensate=

305 3687 461 3744 ergo,
489 3671 688 3730 fratres
712 3675 1042 3744 charissimi,
1077 3677 1122 3732 si
1147 3676 1368 3734 cuilibet
1387 3687 1627 3733 vestrum
1655 3677 1898 3748 loquenti
1935 3721 1938 3724 .

307 3763 546 3820 famulus
583 3779 715 3822 suus
744 3766 924 3822 subito
951 3768 1273 3838 superbiret,
1308 3776 1455 3840 terga
1481 3769 1536 3824 in
1562 3767 1754 3826 faciem
1782 3769 1934 3828 mit-.

306 3855 728 3928 teret,nunquid
758 3872 867 3913 non
895 3867 1237 3930 contemptus
1259 3859 1542 3924 dominus,
1571 3857 1688 3928 ejus
1715 3873 1907 3929 super-
1941 3911 1943 3914 ,

306 3948 459 4005 biam
489 3947 724 4004 feriret?
763 3948 986 4005 vulnera
1017 3950 1276 4007 districta:
1305 3951 1787 4008 animadversionis
1822 3951 1908 4008 in-

308 4031 557 4112 ﬂigeret?
586 4025 724 4100 Ecce
750 4057 849 4098 nos
874 4041 1149 4113 peccando
1176 4044 1382 4099 auctori
1411 4052 1612 4108 nostro,
1668 4053 1820 4116 terga
1849 4043 1906 4100 in
1941 4077 1946 4096 ς

310 4131 510 4212 faciem
539 4132 806 4200 dedimus,
829 4142 885 4190 et
905 4141 1086 4189 tamen
1113 4134 1468 4190 sustinemur.
1492 4133 1737 4205 Superbe
1757 4147 1909 4189 aver-
1941 4163 1946 4188 .-

311 4215 405 4282 sos
439 4225 673 4297 licuigne
705 4235 926 4282 revocat
959 4244 972 4280 :
1028 4234 1084 4283 et
1120 4227 1223 4298 qui;
1263 4224 1427 4283 ferire
1469 4242 1570 4284 nos
1594 4234 1909 4284 aversantes

1998 3217 2159 3275 bouis
2187 3236 2200 3273 :
2235 3216 2394 3274 facile
2433 3216 2697 3282 tribuant,
2742 3214 2871 3285 quia
2913 3229 3022 3270 non
3055 3213 3291 3285 perdunt
3325 3214 3470 3284 quod
3495 3211 3595 3267 tri-'

2000 3310 2215 3378 buunt;
2259 3307 2668 3365 communicent
2719 3321 2846 3363 cum
2872 3305 2960 3362 his
2996 3305 3089 3377 qni
3133 3319 3240 3360 non
3271 3303 3506 3370 habent,
3544 3311 3605 3359 et'

1999 3417 2069 3459 ex
2089 3402 2198 3459 hoc
2221 3402 2591 3457 thesaurizent
2617 3399 2722 3456 sibi
2763 3398 3179 3454 fundamentum
3205 3396 3408 3452 bonum
3437 3395 3493 3450 in
3516 3395 3602 3450 fu-

2002 3505 2186 3552 turum
2213 3505 2275 3551 ut
2309 3494 2719 3566 apprehendant
2745 3505 2935 3546 veram
2951 3489 3142 3556 vitam,
3174 3505 3283 3544 non
3306 3483 3606 3544 assentio-ni

2002 3599 2086 3648 tes
2113 3589 2478 3653 adulantibus,
2526 3587 2619 3659 qui
2657 3587 2847 3642 dicunt
2873 3586 3089 3651 vivere,
3135 3594 3190 3640 et
3223 3584 3366 3641 solos
3392 3575 3608 3638 vivere.‘

2003 3679 2129 3738 Vita
2159 3681 2262 3737 ista
2303 3686 2527 3736 somnus
2567 3686 2672 3745 est,
2715 3677 2916 3734 divitia:
2947 3675 3254 3734 istae’Ivelut
3281 3678 3338 3732 in
3376 3673 3610 3732 somniis’

2003 3774 2196 3830 ﬂuunt.
2249 3772 2390 3828 Audi
2417 3770 2718 3842 psalmum,
2778 3783 2813 3826 o
2857 3770 3006 3826 dives
3033 3768 3418 3841 pauperrime:
3455 3759 3605 3821 Dor;

2002 3866 2230 3921 mist-unt
2273 3875 2517 3919 somnum
2562 3877 2719 3918 suum
2742 3900 2758 3928 ,
2801 3870 2852 3916 et
2905 3859 3036 3916 nihil
3074 3855 3384 3914 invenerunt
3425 3863 3612 3914 omnes‘

2004 3953 2107 4010 uiri
2145 3954 2453 4010 divitiarum
2501 3952 2558 4006 in
2607 3950 2851 4005 manibus
2897 3950 3013 4004 suis
3052 3947 3225 4020 (ιιεαι.
3267 3946 3451 4020 uxv).
3490 3946 3614 4002 Ali‘o’

2007 4042 2224 4114 quando
2246 4049 2312 4097 'et
2345 4039 2629 4096 mendicus
2666 4039 2720 4094 in
2787 4047 2934 4093 terra
2981 4037 3194 4108 jacens,
3245 4035 3446 4107 frigore
3495 4031 3614 4092 tre:

2008 4149 2186 4200 mens,
2222 4140 2520 4202 occupatus
2566 4139 2747 4184 tamen
2779 4142 2993 4193 somno,
3029 4127 3314 4182 thesauros
3343 4125 3620 4192 somniat,"

1945 4263 1952 4287 ι
2009 4235 2066 4286 et
2085 4227 2303 4300 gaudet,
2329 4235 2386 4281 et
2423 4224 2668 4296 superbit
2711 4223 2767 4278 in
2815 4221 3076 4288 somniis,
3102 4229 3158 4276 et
3211 4235 3418 4292 parem
3446 4207 3624 4288 suum'

311 4315 512 4389 potuit,
539 4325 601 4372 ut
622 4326 963 4373 revertamur
997 4331 1224 4374 munera
1246 4317 1534 4388 promittit.
1566 4316 1762 4382 Tanta,
1785 4317 1906 4373 ὀὶ»-
1947 4333 1952 4346 ε
2009 4333 2312 4391 pannosum
2346 4333 2454 4373 non
2497 4317 2755 4388 dignatur
2791 4325 3085 4386 agnoscere
3115 4329 3129 4368 :
3169 4323 3228 4370 et
3269 4313 3442 4369 donec
3470 4303 3625 4384 ‘dorL‘:

313 4403 490 4477 secro,
528 4410 825 4468 conditoris
846 4411 1015 4466 nostri
1047 4410 1418 4466 misericordia
1447 4410 1703 4465 duritiam
1723 4417 1918 4466 reatus:
1941 4453 1950 4468 ,ι
2011 4410 2131 4476 mit,
2167 4409 2320 4464 dives
2352 4415 2456 4464 est.
2489 4406 2624 4462 Cum
2664 4419 2796 4477 ergo
2825 4403 3132 4475 vigilaverit
3154 4419 3182 4470 ,‘
3226 4391 3624 4474 inve‘iiit‘huod'

312 4503 490 4560 nostri
510 4499 768 4571 emolliat,
790 4502 1034 4566 etgbomo
1055 4502 1148 4572 qui
1171 4501 1370 4556 malum
1413 4503 1556 4572 quod
1587 4501 1715 4557 fecit
1746 4516 1913 4572 expe~
1931 4484 2211 4596 foalsum
2233 4498 2534 4590 gaudebat;
2575 4511 2699 4552 cum
2737 4495 3096 4567 evigilaverit.
3123 4480 3630 4588 invenit-quod"

314 4595 412 4649 riri
437 4600 734 4667 percussus
761 4601 996 4666 poterat,
1025 4594 1216 4650 saltem
1227 4601 1575 4665 exspectatus
1600 4595 1918 4652 erubescat.

315 4684 527 4740 liabete
560 4700 704 4757 ergo,
734 4683 936 4742 fratres
974 4686 1104 4752 mei,
1143 4685 1395 4741 fiduciam
1431 4685 1499 4741 de
1531 4685 1910 4742 misericordia
1953 4729 1956 4736 .

318 4773 620 4833 conditoris
667 4775 860 4842 nostri,
905 4776 1141 4847 cogitate
1192 4791 1313 4846 qua:
1363 4776 1574 4842 facitis,
1618 4778 1914 4849 recogitate

318 4881 443 4954 quae
463 4864 690 4934 fecistis,
720 4865 1024 4950 largitatem
1049 4880 1295 4936 superna:
1321 4866 1540 4943 pietatis
1567 4867 1814 4936 aspicite,
1859 4875 1924 4924 et
1953 4901 1956 4906 -

272 5011 277 5015 .
319 4959 391 5015 ad
416 4944 824 5018 misericordem
845 4956 1105 5036 iudicem,
1126 4957 1254 5013 dum
1268 4958 1444 5038 adhuc
1462 4965 1761 5028 exspectat,
1792 4972 1917 5014 cum

321 5049 584 5140 lacrymis
613 5052 833 5124 venite:
864 5047 1270 5128 considerantes
1303 5062 1539 5118 namque
1573 5046 1716 5117 quod
1738 5047 1964 5118 justus.

321 5131 417 5210 sit,
471 5151 696 5216 peccata
721 5150 905 5199 vestra
936 5141 1101 5198 nolite
1140 5125 1453 5214 negligere;
1504 5139 1918 5200 considerantes

322 5245 458 5288 vero
473 5219 626 5308 quod
645 5229 768 5300 pius
802 5231 914 5296 sit,
961 5230 1131 5306 nolite
1173 5230 1484 5301 desperare.
1524 5229 1740 5288 Praebet
1773 5229 1916 5298 apud
1961 5244 1968 5248 '

326 5318 754 5409 Deum‘homini
784 5320 1038 5382 ﬁduciam
1086 5321 1231 5376 Deus
1257 5322 1442 5386 homo,
1474 5327 1558 5375 est
1592 5320 1753 5376 nobis
1795 5334 1919 5389 spes
1967 5367 1970 5370 .

327 5409 528 5484 magna
564 5409 984 5481 panitentibus,
1042 5410 1170 5480 quia
1210 5410 1501 5466 advocatus
1529 5418 1716 5468 noster
1742 5410 1920 5466 factus
1970 5443 1972 5445 ›

328 5509 415 5560 est
433 5495 604 5576 iudex
633 5509 842 5569 noster,
889 5502 984 5582 qui
1011 5502 1146 5558 vivit
1196 5511 1251 5557 et
1283 5509 1477 5573 regnat
1505 5516 1630 5557 cum
1675 5501 1839 5558 Patre
1865 5502 1918 5558 in

330 5581 541 5670 unitate
573 5595 808 5674 Spiritus
845 5595 1019 5651 sancti
1041 5595 1212 5661 Deus,
1257 5609 1356 5665 per
1378 5593 1562 5650 omnia
1601 5595 1797 5652 sarcula
1821 5611 1922 5652 sa:-

333 5679 608 5764 ruiorum.
636 5688 826 5766 Amen.

464 5775 468 5780 ’
556 5857 561 5878 ί
659 5782 934 5873 Peritos.
970 5783 1114 5862 ΩΧ,
1153 5849 1156 5852 .

2017 4581 2142 4650 rum
2169 4593 2368 4649 doleat.
2413 4582 2576 4645 Dives
2609 4601 2742 4659 ergo
2781 4588 3022 4643 moriens
3052 4586 3244 4642 similis
3271 4593 3354 4643 est
3381 4577 3630 4660 pauperi"

2017 4685 2282 4759 vigilanti,
2322 4683 2414 4753 qui
2441 4683 2730 4738 thesauros
2761 4679 2984 4735 videbat
3010 4678 3078 4733 in
3129 4677 3355 4733 somnis.
3382 4671 3534 4730 “Nam
3558 4671 3618 4730 et

2020 4775 2349 4834 induebatur
2369 4785 2611 4846 purpura
2637 4781 2695 4829 et
2713 4774 2877 4844 bysso
2901 4770 3122 4841 quidam
3153 4767 3307 4826 dives
3324 4809 3339 4836 ,
3376 4767 3490 4823 nec
3516 4763 3630 4824 no.“

2022 4868 2260 4924 minatus
2284 4905 2301 4932 ,
2328 4880 2429 4921 nec
2449 4864 2833 4929 nominandus,
2875 4869 3220 4932 contemptor
3255 4861 3509 4932 pauperis
3532 4849 3632 4929 ,ἰδέ

2020 4963 2194 5021 contis
2241 4969 2371 5017 ante
2411 4961 2634 5032 ianuam
2671 4965 2846 5014 suam.
2903 4955 3233 5013 induebatur
3262 4959 3516 5026 purpura
3561 4961 3618 5008 ct

2018 5053 2370 5126 byssorsicot
2404 5051 2776 5121 evangelicum
2801 5047 3172 5104 testimonium
3194 5054 3311 5113 est;
3350 5055 3407 5103 et
3426 5041 3636 5117 sputa;

2019 5143 2182 5198 batur
2213 5141 2456 5212 quotidie
2495 5137 2796 5212 splendide.
2845 5139 3088 5194 Mortuus
3108 5144 3214 5205 est,
3245 5133 3485 5208 sepultus
3509 5129 3637 5207 est,

2022 5233 2426 5305 evigilavit,~et
2471 5246 2530 5288 se
2556 5232 2612 5287 in
2638 5230 2874 5286 ﬂammis
2911 5227 3140 5284 invenit.
3189 5227 3460 5284 Durinivit
3487 5225 3618 5299 ergo

2025 5338 2274 5380 somnum
2299 5337 2480 5386 suum,
2505 5329 2564 5378 et
2581 5321 2716 5377 nihil
2747 5318 2954 5374 invenit
2975 5317 3067 5374 ille
3085 5317 3398 5374 divitiarum
3426 5319 3482 5373 in
3498 5313 3638 5372 'ma-'

2026 5415 2185 5470 nibus
2205 5414 2339 5478 suis,
2369 5415 2500 5483 quia
2531 5411 2665 5468 nihil
2703 5409 2831 5466 boni
2857 5410 2969 5481 egit
2995 5409 3247 5465 manibus
3296 5406 3430 5464 suis.
3485 5403 3642 5463 Pro-1

2026 5517 2148 5578 pter
2175 5507 2344 5562 vitam
2365 5519 2497 5578 ergo
2515 5510 2832 5575 quaeruntur
2853 5501 3083 5567 divitiae,
3123 5516 3232 5558 non
3253 5500 3367 5556 vita
3397 5508 3624 5570 propter

2028 5598 2264 5654 divitias.
2311 5599 2486 5666 Quam
2525 5595 2679 5652 multi
2717 5607 2842 5649 cum
2869 5595 3000 5650 suis
3035 5591 3279 5649 hostibus
3298 5589 3440 5662 pacti
3468 5583 3648 5658 suut,‘

1935 5731 1938 5734 .
2030 5697 2097 5745 ut—
2125 5699 2298 5745 totum
2323 5689 2594 5752 tollerent,
2624 5695 2680 5743 et
2696 5687 2865 5742 vitam
2887 5686 3291 5756 relinquerent;
3324 5690 3619 5751 quantum-

3141 5777 3174 5837 5
