4036 6370
314 406 444 539 ‘ios
598 530 644 541 ﬂ
748 526 751 531 _
1284 398 2671 563 nomen:'Felis'tlinéipufsiiicf
2952 416 2960 449 ³
3114 542 3137 553 η
3508 414 3612 525 ito

640 508 1058 636 imitata
1074 528 1598 659 insumamus
1623 526 1799 641 έευμ
1825 538 1909 651 ait

2021 534 2475 655 stiaspatiun'tur,
2503 546 2719 633 fortiter
2740 586 2833 628 eas
2867 542 3143 653 sull‘eraui,
3171 584 3230 631 ut
3250 564 3448 651 interna
3473 582 3608 659 beas

312 651 593 735 uerum
621 660 1061 731 nemnem
1090 656 1336 729 iudicia.
1372 674 1475 721 nec
1498 658 1922 744 ﬁnitimam

336 758 618 837 Quousque
636 745 889 823 sacculus,
927 760 1127 819 eorum.
1158 736 1738 833 immutasse“?
1772 736 1922 837 θίξίρ

328 835 612 929 eam
651 840 1345 929 smmum
1374 828 1743 927 .Wémt-
1768 828 1922 929 Jut-

315 941 428 991 .oes
463 927 636 997 pravi.
656 926 818 1021 initia
854 930 1139 1013 prophetae
1156 931 1429 1007 .verhum.
1462 926 1798 1019 .wasilari.
1818 926 1922 1021 sa;-

331 1031 493 1121 σφωε
516 1030 627 1075 non
655 1018 967 1130 relinquunt
985 1022 1041 1079 tu
1060 1010 1260 1127 ἱ
1548 1010 1923 1130 de

331 1109 459 1179 vitae
481 1111 770 1168 commodo
798 1120 1006 1183 tantum
1034 1115 1297 1193 cogitant,
1316 1117 1390 1191 ,αθ
1416 1116 1603 1199 futuro
1630 1109 1812 1191 autem
1834 1109 1921 1199 ni.-

331 1204 411 1262 hil
432 1204 739 1275 ,ihiporum
771 1221 927 1262 more
962 1215 1171 1269 meta
1194 1210 1471 1287 rapiean
1491 1250 1510 1278 ,
1543 1196 1601 1281 et
1628 1212 1719 1271 vix
1736 1196 1921 1287 pauca

328 1296 660 1367 pauperibus
684 1296 1071 1369 relinquentes.
1083 1284 1377 1361 Iracundus
1391 1284 1767 1385 jwlujudicii
1790 1284 1921 1379 eia-

327 1401 456 1449 men
483 1386 644 1456 plene
690 1390 935 1455 contueri
975 1405 1082 1453 non
1109 1392 1273 1461 valet,
1318 1394 1444 1461 quia
1466 1394 1697 1465 caligine
1723 1393 1918 1467 furoris

324 1494 439 1539 non
468 1478 614 1551 videt
634 1480 937 1539 claritatem
949 1484 1199 1556 iustitia}.
1226 1485 1347 1557 Non
1372 1503 1605 1557 persona
1634 1488 1688 1543 in
1712 1487 1919 1558 judicio

327 1570 745 1641 consideranda.
798 1576 894 1637 sed
931 1591 1116 1637 causa.
1160 1577 1433 1650 Scriptum
1474 1588 1559 1648 est
1584 1582 1767 1637 enim:
1800 1580 1917 1643 Non

329 1666 571 1735 accipias
589 1680 885 1736 personam
908 1666 1199 1737 iuiudicio.
1226 1669 1401 1742 Iniqui
1423 1671 1635 1744 iudices
1653 1682 1840 1729 errant
1859 1675 1919 1749 in

324 1759 579 1817 veritatis
604 1761 901 1827 mittentia,
944 1762 1071 1819 dum
1108 1762 1400 1820 intendunt
1435 1764 1752 1835 qualitatem
1790 1780 1918 1839 per,-
2014 1823 2018 1827 .

325 1864 515 1917 suam;
544 1859 603 1907 et
625 1848 829 1909 noc'ent
863 1867 1006 1924 sape
1052 1851 1236 1923 iustis,
1267 1855 1395 1910 dum
1442 1854 1689 1927 improbe
1724 1858 1936 1925 defea—_

2024 662 2252 737 timdine
2285 662 2629 749 inven'mntur
2662 663 2835 739 digni.
2882 662 3204 749 Contestans
3236 670 3461 739 obsecro
3486 690 3606 749 vos,

2023 744 2573 835 fpatces,c.hatissinu,
2610 765 2667 814 ut
2694 772 2908 843 semper
2926 744 3032 817 hoc
3050 761 3362 843 attendatis,
3390 744 3605 835 quando

2022 847 2553 927 θυςυιξωλιιςιὶςξειίε,
2591 864 2687 933 seu
2712 836 3181 923 defendatistive
3207 860 3371 925 etiam
3393 867 3495 911 noc
3522 855 3606 935 fa:

2023 938 2289 1023 cientibus
2321 926 2709 1023 consentiatis;
2750 934 2891 1019 quod
2920 942 3200 1019 veritatem
3241 953 3296 999 et
3334 926 3601 1019 justitiam

2018 1014 2131 1111 me
2166 1014 2505 1111 relinquatis,
2529 1014 2625 1107 sed
2650 1024 2703 1087 in
2730 1014 2978 1088 omnibus
3003 1016 3290 1091 observare
3316 1014 3601 1109 studeatis,

2020 1128 2287 1195 quatenus
2322 1136 2512 1203 avere
2540 1121 2726 1191 judice
2753 1134 2965 1193 vestro,
3002 1125 3117 1198 ipsa
3147 1123 3398 1203 videlicet
3446 1110 3603 1201 Veri;

2022 1192 2154 1279 tate,
2182 1228 2302 1289 quae
2316 1192 2579 1283 judicabit
2604 1216 2789 1293 orbem
2822 1192 2978 1272 terrzc
2999 1192 3053 1272 in
3084 1192 3338 1289 aequitaie
3370 1229 3425 1275 et
3437 1194 3599 1289 justi-

2021 1302 2135 1377 tia,
2188 1318 2442 1379 coronam
2493 1302 2992 1363 immarcescibilem
3039 1324 3163 1364 cum
3200 1310 3498 1367 benedictis
3544 1294 3601 1368 in

2018 1404 2219 1471 aeterna
2263 1395 2598 1453 beatitudine
2640 1400 2881 1467 accipere
2935 1398 3287 1468 mereamini;
3340 1399 3456 1473 ipso
3497 1392 3600 1458 tri?

2019 1485 2238 1552 buente,
2268 1491 2357 1559 qui
2385 1487 2519 1563 vivit
2542 1497 2597 1542 et
2622 1499 2811 1562 regnat
2831 1506 2952 1544 cum
2979 1484 3085 1546 Deo
3122 1482 3281 1547 Patre
3308 1491 3363 1547 in
3394 1482 3600 1549 unitate

2020 1573 2253 1659 Spiritus
2285 1578 2456 1633 sancti
2485 1576 2648 1644 Deus,
2692 1594 2789 1651 per
2817 1578 2996 1636 omnia
3035 1580 3229 1636 srecula
3254 1580 3592 1659 saeculorum.

2016 1658 2210 1722 Amen.
2444 1658 2447 1663 ’

2547 1757 2828 1817 HOMILIA
2879 1759 3016 1816 LIX.

2227 1868 2295 1913 DE
2324 1869 2583 1912 SUPEBBIA
2608 1872 2677 1913 ΕΤ
2705 1873 2843 1913 νΑΝΑ
2871 1874 3064 1915 ςιοιιιιι
3099 1872 3361 1915 CAVENDA.

322 1938 462 1994 dunt
498 1940 712 2012 impios.
758 1940 1022 2012 Acceptio
1052 1957 1338 1999 munerum
1370 1945 1427 1999 in
1458 1943 1679 2017 iudiciis
1704 1961 1914 2017 prmva—
1938 1932 1989 1994 Β
2022 2010 2027 2019 θ
2086 1942 2313 2018 Oportet
2357 1964 2454 2005 vos
2498 1949 2668 2013 scire,
2720 1947 2918 2006 fratres
2956 1944 3282 2019 charissimi,
3338 1951 3594 2022 quoniam

321 2031 518 2089 ricatio
537 2040 623 2088 est
662 2032 927 2088 veritatis.
977 2033 1082 2102 Qui
1108 2033 1283 2091 Deum
1308 2035 1580 2103 timentes,
1604 2036 1750 2106 juste
1768 2039 1912 2109 judi-

319 2132 469 2190 eant,
490 2133 695 2181 mter-na
724 2140 762 2181 ι
782 2127 896 2183 Deo
919 2127 1200 2197 accepturi
1221 2134 1347 2183 sunt
1373 2128 1618 2199 prmia.
1649 2128 1912 2186 Conside-

316 2217 551 2272 randum
594 2225 682 2273 est
728 2218 896 2289 igitur
917 2218 1088 2289 iudici
1139 2235 1208 2274 ne
1244 2219 1503 2276 falsorum
1539 2221 1759 2276 testium
1785 2220 1908 2281 dolo

312 2309 629 2376 deludetur,
658 2324 728 2366 ne
748 2324 879 2366 cum
907 2309 1040 2382 ipsis
1081 2310 1305 2368 sceleris
1334 2312 1420 2377 sui
1445 2312 1704 2371 sortiatur
1730 2312 1910 2368 vindi-

312 2410 482 2459 ctam.
520 2400 723 2458 Falsus
742 2403 908 2470 testis,
947 2402 1082 2459 dicit
1105 2402 1380 2470 Salomon,
1416 2420 1520 2459 non
1556 2403 1653 2459 erit
1679 2405 1909 2476 impuni-

314 2504 402 2553 tus
429 2494 611 2567 (Prov.
644 2498 783 2569 ns).
811 2496 915 2564 Qui
936 2494 1130 2553 falsum
1153 2497 1521 2555 testimonium
1549 2497 1758 2569 profert
1777 2514 1909 2556 con-

317 2595 400 2644 tra
430 2590 738 2658 proximum
768 2602 952 2667 suum
981 2630 996 2654 ,
1038 2590 1415 2662 erstinguetur
1446 2590 1667 2647 lucerna
1693 2589 1812 2659 eius
1849 2591 1907 2647 in

314 2681 405 2736 die
432 2682 624 2737 ultimo
681 2678 866 2752 (Prov.
898 2679 1070 2752 itm).
1110 2680 1249 2737 item
1297 2681 1428 2737 alibi
1458 2681 1627 2738 dicit:
1675 2680 1747 2736 0s
1768 2682 1907 2754 quod

316 2773 585 2837 mentitur,
617 2771 806 2826 occidit
846 2772 1078 2826 animam
1132 2769 1285 2843 (Sap.
1334 2771 1400 2845 ι),
1446 2772 1701 2843 quoniam
1759 2783 1908 2831 metu

320 2860 603 2928 cujuslibet
630 2862 915 2932 potestatis
939 2862 1223 2918 veritatem
1265 2862 1524 2929 occultat,
1572 2863 1909 2919 iracundiam

322 2949 421 3006 Dei
468 2967 628 3022 super
662 2967 725 3008 se
758 2953 996 3020 invocat,
1038 2953 1166 3024 quia
1208 2952 1388 3023 magis
1428 2953 1585 3009 timet
1628 2954 1907 3010 hominem

315 3056 484 3112 quam
505 3043 693 3097 Deum.
720 3042 1021 3099 Falsidicus
1047 3044 1200 3101 testis
1220 3051 1313 3101 est
1338 3044 1514 3100 tribus
1536 3044 1791 3115 personis
1813 3046 1909 3101 ob-

312 3131 541 3187 noxius:
569 3132 805 3202 primum
830 3132 962 3201 Deo,
1002 3133 1158 3207 cuius
1186 3135 1527 3206 praesentiam
1572 3136 1905 3203 contemnit;

312 3221 505 3276 deinde
526 3221 723 3292 iudici,
753 3239 921 3293 quem
947 3220 1083 3279 fallit
1111 3223 1458 3289 mentiendo;
1506 3231 1781 3295 postremo
1818 3225 1902 3280 in-

2016 2039 2255 2096 ccelestis
2285 2041 2427 2112 regis
2453 2040 2653 2097 milites
2690 2041 2845 2110 estis,
2873 2050 3061 2098 contra
3094 2057 3230 2114 quos
3250 2043 3435 2100 hostes
3457 2060 3594 2115 prae-

2014 2131 2148 2189 liare
2190 2132 2449 2189 debeatis.
2491 2132 2632 2189 Dicit
2656 2132 2803 2189 enim
2859 2134 3050 2190 beatus
3099 2135 3372 2207 apostolus
3397 2134 3593 2193 Paulus

2015 2222 2230 2295 (Ep/tes.
2264 2223 2341 2297 vr)
2369 2243 2381 2279 :
2426 2222 2549 2278 Non
2571 2234 2645 2279 est
2673 2224 2820 2279 nobis
2851 2222 3150 2279 colluctatio
3194 2227 3443 2281 adversus
3471 2243 3592 2281 car-

2014 2331 2130 2370 nem
2153 2330 2201 2370 et
2226 2316 2553 2387 sanguinem,
2577 2316 2667 2370 sed
2704 2314 2951 2371 adversus
2994 2315 3252 2386 principes
3284 2324 3333 2370 et
3358 2325 3593 2386 potesta-

2000 2415 2110 2475 tes,
2137 2414 2187 2460 et
2216 2406 2463 2462 adversus
2513 2404 2694 2460 mundi
2740 2415 2960 2461 rectores
3013 2406 3341 2461 tenebrarum
3379 2407 3592 2474 harum,

2014 2506 2195 2551 contra
2224 2495 2493 2568 Spiritales
2522 2494 2790 2566 nequitias
2817 2494 2873 2550 in
2899 2495 3208 2552 calestibus.
3241 2496 3300 2552 Si
3326 2512 3455 2569 ergo
3480 2498 3593 2568 spi-

2014 2584 2199 2651 ritales
2256 2595 2381 2642 sunt
2410 2586 2615 2654 hostes,
2669 2586 2930 2643 adversus
2975 2603 3110 2657 quos
3163 2588 3591 2661 belligerandum

2011 2688 2115 2745 est,
2144 2695 2266 2735 cum
2286 2680 2622 2750 spiritalibus
2641 2682 2807 2737 armis
2828 2697 3069 2756 pugnare
3095 2683 3371 2739 debemus.
3399 2683 3593 2742 Hostes

2013 2771 2157 2826 enim
2187 2771 2359 2827 nostri
2387 2771 2656 2828 daemones
2702 2780 2866 2828 sunt:
2901 2787 3052 2827 arma
3086 2788 3291 2839 eorum,
3323 2790 3445 2830 cum
3468 2776 3592 2846 qui-

2012 2862 2113 2916 bus
2159 2862 2505 2920 invisibiliter
2530 2873 2719 2920 contra
2750 2879 2848 2920 nos
2897 2873 3162 2935 pugnant,
3216 2874 3343 2920 sunt
3370 2865 3521 2920 vitia.
3546 2865 3591 2922 E

2012 2961 2202 3009 contra
2247 2969 2368 3020 nos,
2426 2954 2562 3009 duce
2619 2963 2781 3025 atque
2806 2954 3134 3025 imperatore
3159 2963 3347 3010 nostro
3374 2951 3592 3011 Christo

2012 3057 2174 3114 super
2201 3058 2301 3099 nos
2349 3053 2627 3116 regnante,
2687 3046 2859 3102 sacris
2893 3045 3060 3101 armis
3103 3046 3367 3103 virtutum
3391 3046 3593 3103 bellum

2012 3142 2255 3190 nostrum
2323 3150 2596 3207 geramus,
2645 3144 2701 3192 et
2741 3136 3024 3191 victoriam
3081 3134 3238 3192 facile
3284 3151 3384 3208 per
3429 3136 3593 3207 Regis

2010 3216 2471 3285 nostri'auxilium
2518 3227 2812 3297 capiemus.
2864 3226 2957 3281 Ait
2993 3227 3140 3282 enim
3176 3229 3292 3299 ipse
3320 3226 3385 3284 ad
3415 3227 3590 3282 aciem

310 3288 550 3380 nocenti,
601 3288 946 3385 quem-falso
981 3316 1291 3374 teStimonio
1336 3288 1526 3373 lmdit:
1554 3316 1710 3388 Saepe
1757 3317 1903 3387 enim
1930 3288 1976 3357 Ο
2012 3317 2357 3372 inimicorum
2392 3331 2519 3373 suos
2553 3288 2848 3373 eshortans
2877 3335 2890 3370 :
2930 3315 3106 3373 Nolite
3144 3288 3360 3385 timere,
3392 3317 3588 3387 inquit,

308 3405 492 3459 evenit
514 3414 576 3460 ut
608 3402 728 3461 falsi
774 3414 955 3474 testes,
986 3405 1205 3477 quando
1230 3415 1572 3478 separantur,
1603 3424 1727 3463 mox
1758 3425 1910 3467 men-

311 3498 478 3554 daces
499 3499 841 3557 inveniantur
866 3519 878 3555 :
911 3514 1011 3558 nec
1038 3499 1142 3556 sibi
1161 3500 1471 3557 blandiatur
1489 3501 1701 3572 quis,.si
1726 3501 1911 3569 audiat

312 3590 511 3647 falsum
547 3594 914 3650 testimonium
971 3594 1073 3649 dici
1124 3603 1315 3649 contra
1358 3593 1674 3664 quemlibet,
1703 3605 1758 3652 et
1800 3611 1909 3654 non

311 3682 662 3751 manifestat,
692 3699 758 3740 eo
782 3685 926 3755 quod
970 3685 1085 3757 ipse
1113 3683 1307 3740 falsum
1330 3700 1437 3740 non
1467 3685 1647 3741 dicat:
1681 3694 1909 3757 uterque

310 3777 456 3831 enim
484 3792 609 3836 reus
636 3785 738 3843 est,
766 3785 823 3832 et
841 3776 937 3846 qui
956 3776 1237 3832 veritatem
1266 3776 1518 3840 occultat,
1550 3784 1606 3832 et
1633 3776 1725 3847 qui
1754 3792 1902 3832 men-

313 3868 530 3923 dacium
590 3868 745 3934 dicit,
784 3869 910 3940 quia
960 3864 1050 3923 ille
1077 3868 1331 3940 prodesse
1377 3882 1485 3923 non
1510 3867 1645 3935 vult,
1692 3877 1748 3923 et
1795 3869 1908 3940 ipse

312 3974 511 4015 nocere
535 3960 823 4015 desiderat.
853 3959 1053 4016 Beatus
1073 4000 1089 4027 ,
1113 3960 1264 4031 cujus
1290 3958 1659 4038 testimonium
1690 3954 1745 4016 in
1772 3977 1905 4017 con-

312 4056 503 4116 spectu
534 4046 629 4103 Dei
678 4047 956 4117 probabile
982 4047 1303 4103 invenietur.
1365 4045 1517 4104 Scire
1550 4063 1646 4104 vos
1668 4056 1903 4118 oportet,

310 4138 535 4205 fratres,
566 4139 709 4210 quod
754 4148 986 4210 quatuor
1009 4139 1184 4194 modis
1202 4137 1413 4208 iustitia
1440 4141 1494 4195 in
1516 4137 1734 4209 judiciis
1773 4141 1904 4196 sub-

312 4233 564 4299 vertitur,
600 4233 703 4288 hoc
741 4241 846 4298 est,
895 4233 1104 4299 timore,
1144 4231 1457 4303 cupiditate,
1494 4233 1641 4299 odio,
1682 4248 1901 4300 amore;

315 4325 537 4389 timore,
572 4324 700 4379 dum
736 4333 881 4379 metu
904 4322 1186 4394 potestatis
1211 4321 1473 4393 alicuius,
1505 4324 1789 4379 veritatem
1818 4324 1903 4379 di-

313 4430 440 4471 cere
465 4413 549 4469 vel
569 4413 815 4484 judicare
839 4414 1095 4484 quislibet
1119 4412 1360 4483 pavescit
1384 4430 1399 4479 ;
1439 4414 1749 4483 cupiditate,
1777 4414 1905 4469 dum

311 4505 538 4576 praemio
574 4503 811 4558 muneris
864 4500 1089 4570 alicuius
1123 4502 1488 4572 corrumpitur
1523 4499 1687 4571 judex
1714 4520 1728 4570 ;
1757 4503 1901 4570 odio,

315 4599 444 4653 dum
471 4594 759 4666 cujuslibet
785 4592 1079 4650 inimicitiae
1102 4606 1265 4649 causa
1295 4605 1490 4647 nocere
1515 4592 1669 4647 alteri
1700 4593 1907 4648 deside-

315 4698 439 4755 rat;
486 4701 692 4752 amore,
725 4685 850 4742 dum
880 4683 1083 4739 amicos
1131 4682 1216 4738 vel
1243 4681 1575 4755 propinquos
1607 4691 1796 4739 contra
1814 4682 1904 4757 ju-

2011 3405 2205 3463 fortior
2240 3416 2323 3463 est
2344 3408 2435 3478 qui
2463 3408 2520 3463 in
2543 3408 2699 3466 vobis
2724 3419 2810 3464 est
2837 3422 3001 3480 quam
3044 3410 3136 3480 qui
3165 3408 3220 3466 in
3251 3411 3450 3465 mundo
3486 3420 3587 3466 est.

2009 3496 2295 3579 Confidite,
2324 3499 2451 3570 quia
2485 3512 2586 3571 ego
2632 3498 2738 3556 vici
2766 3498 3025 3555 mundum
3058 3498 3244 3575 (Joan.
3298 3501 3433 3574 xvr).
3462 3500 3583 3556 Pri—

1974 3654 1979 3657 _
2010 3606 2158 3657 mum
2198 3606 2432 3662 namque
2472 3582 2790 3663 ignotorum
2825 3590 3054 3646 telorum
3086 3590 3257 3647 hostis
3287 3590 3493 3661 antiqui
3519 3606 3587 3646 ac

2008 3680 2331 3754 principium
2368 3688 2451 3737 est
2480 3676 2752 3753 superbia,
2802 3694 2923 3752 qua:
2959 3680 3267 3753 ubicunque
3316 3680 3588 3736 subintra—

2007 3774 2166 3841 verit,
2203 3774 2445 3830 omnium
2473 3774 2728 3829 vitiorum
2762 3781 2882 3845 post
2907 3786 2965 3830 se
2987 3781 3196 3829 turmas
3222 3771 3405 3829 trahit.
3435 3771 3588 3828 Hanc

2008 3880 2222 3937 quoque
2270 3866 2505 3921 maxime
2561 3863 2809 3921 conditor
2851 3871 3036 3920 noster
3059 3858 3396 3930 detestatur;
3439 3863 3581 3920 unde

2004 3965 2063 4012 et
2095 3957 2162 4013 de
2189 3973 2255 4013 eo
2279 3957 2542 4027 scriptum
2571 3963 2656 4012 est
2684 3975 2696 4010 :
2730 3955 2916 4012 Omnis
2945 3955 3275 4028 arrogantia,
3300 3952 3585 4012 abomina-

2008 4049 2085 4104 tio
2110 4056 2197 4103 est
2220 4048 2363 4118 apud
2391 4047 2560 4103 Deum
2588 4064 2603 4115 ;
2632 4056 2687 4103 et
2714 4044 2843 4103 item
2869 4067 2882 4101 :
2917 4045 3139 4102 0dibilis
3161 4064 3339 4102 coram
3357 4046 3585 4102 Domino

2006 4150 2056 4195 et
2086 4136 2653 4209 hominibussuperbia
2691 4134 2880 4210 (Eccli.
2914 4136 2991 4210 ι).
3024 4137 3091 4192 Et
3109 4138 3238 4192 item
3272 4156 3285 4192 :
3324 4134 3584 4207 Superbis

2007 4231 2151 4287 Deus
2183 4230 2408 4297 resistit,
2454 4230 2748 4286 humilibus
2793 4239 2974 4285 autem
3001 4230 3233 4299 gratiam
3262 4229 3355 4284 dat
3396 4225 3580 4299 (Prov.

2006 4320 2112 4393 ιιι).
2156 4321 2448 4377 Maximum
2484 4329 2540 4376 et
2573 4320 2809 4393 primum
2839 4320 3035 4392 quippe
3079 4316 3276 4377 diaboli
3298 4328 3582 4392 peccatum

2004 4414 2111 4469 fuit
2134 4414 2384 4485 superbia
2410 4431 2425 4480 ;
2454 4423 2511 4470 et
2553 4413 2657 4469 hac
2706 4412 2951 4469 homines
2978 4412 3183 4484 primos
3208 4411 3455 4483 decepit;
3484 4426 3583 4466 un-

2005 4507 2073 4563 de
2110 4509 2370 4580 scriptum
2394 4516 2517 4564 est:
2559 4506 2778 4561 Initium
2815 4506 3070 4577 superbire
3109 4506 3340 4561 homines
3370 4514 3582 4576 aposta-

1994 4608 2119 4654 tare
2155 4616 2188 4653 a
2215 4598 2327 4653 Dec
2358 4598 2523 4665 fecit:
2547 4598 2797 4669 quoniam
2825 4596 2891 4652 ab
2943 4614 3005 4651 eo
3027 4598 3117 4668 qui
3148 4597 3273 4668 fecit
3308 4595 3456 4649 illum
3502 4612 3581 4649 re-

2007 4691 2156 4746 cessit
2188 4705 2279 4744 cor
2306 4690 2444 4760 ejus,
2465 4687 2715 4759 quoniam
2741 4688 2949 4743 initium
2977 4698 3051 4742 est
3079 4686 3245 4741 omnis
3271 4686 3467 4757 peccati
3492 4703 3584 4741 su-

313 4780 523 4836 stitiam
554 4777 793 4836 defendit
818 4775 1109 4850 potentior.
1142 4770 1239 4831 His
1271 4786 1502 4846 quatuor
1524 4774 1717 4842 modis,
1764 4789 1904 4847 saepe
1998 4782 2223 4853 perbia:
2251 4781 2341 4847 qui
2384 4780 2604 4835 tenuerit
2656 4778 2821 4844 illam,
2875 4776 3242 4849 adbnplebitur
3267 4777 3579 4845 maledictis,

314 4870 754 4943 aequitasjudicii
796 4870 1149 4935 subvertitur,
1201 4877 1259 4924 et
1316 4867 1624 4924 innocentia
1667 4864 1898 4922 laeditur.

315 4963 597 5037 Magisque
653 4961 869 5019 dolendi
922 4970 1049 5018 sunt
1101 4961 1195 5033 qui
1249 4960 1563 5033 apprimuut
1612 4974 1900 5033 pauperes,

314 5072 483 5128 quam
528 5054 622 5126 qui
658 5054 935 5127 patiuntur
978 5051 1247 5123 iniuriam.
1284 5050 1362 5106 Illi
1403 5050 1549 5107 enim
1575 5049 1669 5121 qui
1715 5040 1901 5122 oppri-

314 5156 543 5206 muntur
583 5145 933 5219 temporalem
961 5144 1237 5202 miseriam
1264 5144 1373 5202 cito
1403 5130 1617 5209 ﬁniunt,
1651 5140 1729 5198 illi
1772 5156 1905 5200 vero

317 5243 413 5314 qui
439 5241 749 5313 opprimunt
777 5254 872 5296 eos
892 5254 991 5311 per
1003 5237 1289 5309 justitiam,
1312 5236 1527 5293 aeternis
1553 5234 1783 5292 ﬂammis
1806 5233 1903 5291 de.

317 5341 598 5406 putantur.
634 5328 737 5386 Hic
760 5344 892 5387 vero
910 5344 1057 5400 saepe
1082 5346 1113 5385 a
1140 5327 1300 5384 malis
1320 5328 1447 5384 boni
1468 5325 1800 5397 iudicantur,
1842 5326 1902 5383 in

318 5425 505 5483 futura
530 5424 796 5495 siquidem
819 5423 929 5479 vita
952 5422 1081 5478 mali
1118 5422 1427 5495 judicantur
1465 5435 1499 5476 a
1524 5419 1703 5477 bonis.
1744 5410 1902 5493 Sapo

316 5519 488 5575 etiam
511 5526 568 5575 et
587 5517 679 5576 hic
712 5516 845 5574 boni
871 5515 1110 5572 infelices
1137 5525 1265 5571 sunt
1289 5522 1344 5571 et
1378 5513 1563 5569 miseri
1589 5527 1772 5570 coram
1804 5514 1904 5570 lto-

314 5612 581 5677 miuibus.
616 5618 678 5666 et
706 5610 835 5666 mali
859 5609 1077 5676 felices;
1121 5609 1179 5665 in
1213 5608 1305 5664 illa
1338 5608 1519 5678 itaque
1545 5606 1906 5664 retributione

320 5711 529 5761 atem
568 5715 786 5774 semper
812 5700 940 5759 boni
970 5700 1155 5756 felices
1193 5705 1373 5763 erunt,
1416 5708 1471 5752 et
1514 5696 1642 5753 mali
1693 5710 1908 5768 semper

322 5796 513 5856 lusori
530 5804 708 5852 erunt.
737 5793 942 5862 Quibus
969 5793 1105 5850 bene
1128 5792 1233 5848 erit
1255 5791 1310 5845 in
1329 5791 1433 5846 hoc
1459 5789 1654 5845 saeculo
1681 5796 1909 5844 conten-

329 5887 462 5962 dant
484 5887 721 5944 maxime
739 5903 806 5944 ne
826 5889 963 5944 bona
992 5884 1219 5957 perdant
1239 5888 1518 5952 perpetua,
1544 5888 1597 5934 et
1620 5877 1712 5949 qui
1742 5879 1908 5935 mole-

2004 4881 2051 4927 et
2084 4872 2341 4927 subvertet
2366 4888 2454 4927 eos
2492 4870 2548 4925 in
2575 4870 2749 4940 ﬁnem.
2786 4865 3073 4940 Propterea
3110 4867 3447 4921 exhonoravit
3474 4866 3583 4922 Do-

2004 4966 2176 5020 minus
2202 4974 2480 5019 conventus
2517 4961 2797 5029 malorum,
2842 4969 2890 5021 et
2914 4958 3170 5015 destruxit
3217 4972 3304 5012 eos
3332 4974 3492 5028 usque
3523 4957 3581 5013 in

2000 5055 2183 5125 ﬁnem.
2212 5052 2374 5109 Sedes
2416 5050 2612 5108 ducum
2662 5043 3002 5123 superborum
3038 5048 3299 5103 destruxit
3331 5045 3499 5115 Deus,
3527 5058 3577 5105 et

2008 5146 2187 5201 sedere
2209 5145 2331 5215 fecit
2354 5144 2504 5199 mites
2522 5160 2618 5215 pro
2646 5141 2773 5197 illis.
2804 5138 3028 5196 Radices
3072 5136 3304 5211 gentium
3330 5140 3578 5213 superba-

2010 5254 2129 5295 rum
2161 5234 2373 5305 arefecit
2410 5226 2578 5302 Deus,
2605 5243 2655 5289 et
2672 5229 2927 5304 plantavit
2958 5228 3184 5285 humiles
3208 5244 3273 5286 ea:
3305 5229 3432 5301 ipsis
3454 5246 3580 5303 gen-

2009 5331 2164 5387 tibus.
2200 5329 2389 5386 Terras
2408 5329 2639 5401 gentium
2656 5323 2834 5381 euertit
2873 5319 3130 5377 Dominus
3169 5330 3217 5376 et
3242 5320 3466 5392 perdidit
3488 5338 3578 5376 eas

2008 5438 2170 5494 usque
2200 5419 2267 5476 ad
2298 5418 2714 5489 fundamentum.
2746 5408 2974 5483 Arefecit
3001 5428 3064 5469 ea:
3107 5408 3255 5484 ipsis,
3301 5421 3350 5467 et
3377 5412 3577 5482 disper-

2008 5514 2142 5567 didit
2178 5510 2316 5577 illos,
2340 5519 2391 5564 et
2426 5524 2627 5565 cessare
2655 5502 2775 5576 fecit
2797 5505 3104 5559 memoriam
3134 5521 3167 5558 a
3192 5510 3356 5558 terra.
3394 5498 3579 5557 Perdi-

2007 5604 2084 5659 dit
2112 5596 2254 5659 Deus
2303 5601 2606 5656 memoriam
2641 5596 3003 5668 superborum,
3041 5603 3091 5652 et
3132 5590 3337 5665 reliquit
3378 5600 3580 5646 memo—

2010 5699 2143 5751 riam
2192 5688 2468 5750 humilium
2520 5707 2674 5745 sensu
2721 5678 2911 5763 (Eccli.
2941 5689 3019 5761 ιι).
3064 5686 3401 5757 Quapropter
3427 5683 3575 5739 oumi

2013 5786 2144 5842 vitio
2178 5784 2413 5840 deterior
2459 5790 2543 5838 est
2577 5779 2865 5851 superbia:
2904 5794 3024 5851 qua:
3051 5791 3193 5848 saepe
3225 5784 3279 5831 et
3311 5775 3378 5831 de
3421 5773 3577 5829 bonis

2015 5880 2255 5934 nascitur
2279 5875 2505 5939 actibus,
2546 5874 2671 5930 dum
2700 5874 2862 5929 homo
2898 5870 2955 5927 in
2996 5871 3109 5926 suis
3142 5869 3298 5924 bonis
3323 5863 3579 5937 operibus
