4036 6370
298 374 400 426 :.’tt
973 377 1007 416 ti
1063 379 1172 426 τινρ.

1168 409 1172 538 ζ
1212 409 1217 418 ’
1272 399 1702 544 “omissi;
1740 403 1996 542 rss‘ris.‘
2017 407 2430 538 pniscumls,
2467 453 2618 510 ETC.

3472 461 3575 518 ιη

1156 529 1340 630 ngeum

2006 551 2197 639 gladio
2207 570 2456 640 persequi
2479 586 2585 626 non
2612 578 2810 640 potest,
2836 571 3180 643 persequitur
3209 576 3470 632 oratione.
3507 578 3576 634 Et

305 659 657 741 dum-haece
674 659 878 727 nostris
904 661 1467 733 aetibusamputanda
1487 669 1592 726 est,
1623 661 1901 747 sedetiam

305 751 392 821 de
417 751 860 822 internisanimae
911 752 1172 821 radicitus
1201 753 1568 825 exstirpanda.
1613 752 1732 821 Non
1757 751 1902 820 enim

295 843 784 920 estdesitum“...
798 845 1098 924 itagundizs
1121 846 1391 926 cohibitus
1411 893 1416 906 ς
1433 846 1596 917 furor
1621 845 1900 918 in.-s¢rbo.

294 932 528 1012 itm-in
556 932 836 1011 ιθιῖβειιιωτ
864 933 1133 1012 prolatus.
1167 934 1644 1012 .si,illam..sr¢ani§
1669 935 1902 1007 pecteris

294 1024 500 1103 rastri
525 1024 690 1102 ρρμῆν
713 1039 900 1102 silem
939 1033 1158 1101 secreta:
1185 1027 1430 1102 Gordium
1458 1024 1898 1101 iamneiamne

296 1131 446 1194 esse
470 1117 838 1197 perspexerit.
852 1113 1030 1196 ,Ωιιᾳεί
1058 1133 1196 1193 vero
1216 1119 1468 1195 universa
1493 1117 1762 1194 ,virulenta
1785 1132 1902 1190 ser-

291 1209 902 1287 .aemium-senrrsvel
919 1208 1188 1286 ferarum.
1216 1227 1338 1284 cum
1368 1212 1422 1283 in
1445 1205 1744 1287 esblitsdine.
1761 1211 1901 1283 suis.-

301 1361 304 1363 .
322 1295 724 1378 sussuhilibns
739 1298 1122 1378 immorantur.
1136 1343 1145 1375 -_
1161 1301 1384 1378 innoxia
1401 1310 1771 1377 perseverent.
1785 1315 1902 1378 ,ξιβρ

296 1387 701 1471 |.‘t,a,men'e:rﬂ.eo.
715 1392 1056 1459 pronuntiari
1093 1402 1321 1471 possunt
1362 1393 1739 1464 innoxia-quia
1767 1391 1899 1454 nulli

295 1486 570 1560 ppceant,
602 1480 706 1540 hoc
725 1480 869 1538 enim
893 1482 974 1537 eis
1001 1498 1119 1537 non.
1159 1482 1409 1554 affectum
1439 1481 1711 1556 [allectus]
1739 1483 1898 1548 boni-

291 1576 474 1650 .tatis,
524 1576 620 1634 sed
667 1561 969 1634 necessitas
1013 1577 1318 1640 solitudinis
1341 1576 1588 1645 confert;
1627 1593 1748 1648 qua:
1774 1593 1896 1634 cum

299 1664 546 1742 laedendi
575 1677 732 1722 nacta
772 1665 937 1721 fuerit
973 1668 1207 1737 copiam,
1256 1668 1313 1722 in
1358 1668 1660 1738 semetipsis
1710 1682 1900 1722 recon-

320 1758 494 1829 ditum
525 1758 676 1812 virus
723 1766 778 1813 et
823 1759 1022 1815 anima:
1067 1757 1340 1814 feritatem
1379 1757 1626 1830 protinus
1673 1766 1900 1829 egerunt

293 1854 482 1925 atque
518 1845 908 1900 demonstrant.
959 1846 1194 1902 Radices
1248 1846 1391 1914 enim
1432 1833 1686 1902 vitiorum
1717 1845 1898 1916 potius

289 1938 494 2023 (excidi
543 1940 786 2010 praecipit
831 1940 1175 2011 evangelicus
1220 1955 1420 2008 sermo,
1473 1957 1636 2012 quam
1690 1942 1901 2005 fructus

293 2031 410 2112 τλιιιιὶ
435 2033 626 2110 procul
680 2031 861 2097 dubio,
912 2033 1111 2089 evulsis
1160 2033 1458 2102 fomitibus,
1487 2051 1792 2107 nequaqum
1819 2036 1900 2091 ul-

287 2113 490 2188 '__terius
544 2121 903 2200 pullulahunt.
944 2121 1120 2193 Atque
1169 2126 1244 2179 ita
1266 2141 1421 2182 mens
1471 2127 1670 2196 poterit
1700 2127 1900 2200 jugiter

295 2213 371 2290 “in
429 2212 578 2267 omni
602 2287 609 2289 η
627 2212 888 2283 patientia
918 2221 972 2269 et
996 2216 1286 2272 sanctitate
1337 2215 1577 2287 durare:
1611 2233 1735 2274 cum
1778 2219 1898 2276 haec

303 2317 423 2376 non
461 2303 528 2358 de
552 2304 837 2376 superﬁcie
863 2306 1194 2374 operationis
1221 2317 1277 2363 et
1311 2315 1552 2376 actuum,
1584 2309 1679 2365 sed
1707 2310 1773 2366 de
1799 2325 1892 2366 co-

299 2395 636 2476 gitationum
687 2395 890 2452 fuerint
938 2399 1122 2454 evulsa
1160 2400 1548 2470 penetralibus.
1603 2402 1670 2457 Et
1695 2401 1899 2458 idcirco

285 2501 384 2569 “ne
403 2485 750 2550 homicidium
777 2496 1134 2560 perpetretur,
1166 2489 1248 2544 ira
1267 2491 1558 2560 odiumque
1581 2491 1896 2557 succiditur,

315 2581 436 2658 sine
463 2581 659 2656 quibus
688 2581 964 2636 homicidii
993 2583 1198 2639 crimen
1244 2583 1554 2639 nullomodo
1576 2583 1778 2639 valebit
1803 2584 1899 2640 ad-

297 2662 482 2747 mitti.
514 2669 617 2736 Qui
651 2672 899 2728 irascitur
933 2672 1079 2728 enim
1121 2673 1277 2742 fratri
1303 2689 1423 2740 suo,
1463 2690 1583 2728 reus
1627 2675 1724 2729 erit
1752 2675 1899 2744 judi-

315 2745 398 2816 cio
425 2762 640 2834 (Matth.
671 2763 726 2835 v)
754 2780 769 2830 ;
798 2766 887 2836 qui
936 2765 1045 2819 odit
1095 2765 1312 2834 fratrem
1341 2783 1497 2826 suum
1531 2766 1793 2821 homicida
1821 2775 1898 2822 est

319 2852 372 2924 (Ι
398 2853 555 2907 Joan.
599 2854 715 2926 Ill);
758 2855 813 2910 in
837 2869 903 2910 eo
938 2856 1164 2921 scilicet,
1194 2873 1304 2926 quo
1333 2873 1459 2913 eum
1503 2859 1666 2914 corde
1715 2859 1900 2928 cupiat

321 2941 550 2997 interire
573 2942 724 3012 cujus
748 2960 996 3001 cruorem
1031 2947 1252 3016 propria
1281 2963 1446 3002 manu
1498 2948 1583 3005 vel
1623 2948 1728 3004 telo
1758 2949 1899 3019 apud

315 3029 570 3115 homines
620 3032 835 3090 minime
882 3033 1084 3090 fudisse
1139 3038 1504 3108 cognoscitur.
1556 3037 1765 3094 Alfectu
1791 3040 1899 3095 iras

283 3115 606 3214 “homicida
634 3125 1015 3193 pronuntiatur
1041 3141 1072 3180 a
1100 3125 1348 3193 Domino,
1401 3128 1526 3198 quia
1571 3144 1678 3183 non
1725 3127 1896 3211 solum

305 3199 648 3280 ‘Opera'tionis
670 3211 882 3278 effectu,
912 3213 1005 3269 sed
1044 3214 1206 3268 etiam
1239 3231 1337 3285 pro
1375 3215 1670 3274 voluntatis
1695 3235 1758 3274 ac
1784 3207 1896 3274 voti
1931 3249 1940 3285 τ

317 3295 584 3354 desiderio
635 3301 928 3375 unicuique
956 3309 1047 3358 aut
1088 3303 1370 3376 pratmium
1415 3308 1625 3373 reddat,
1657 3317 1749 3362 aut
1776 3323 1896 3378 pm-

285 3381 463 3445 "n‘am.
493 3390 755 3462 Egregius
781 3409 910 3450 vero
937 3396 1123 3450 mundi
1155 3397 1479 3466 praedicator
1501 3398 1629 3454 dicit
1655 3413 1669 3452 :
1712 3398 1896 3454 Omnis

297 3469 640 3550 amaritudo,
667 3492 717 3538 et
745 3485 827 3538 ira
853 3494 901 3540 et
922 3486 1234 3557 indignatio,
1265 3497 1313 3542 et
1334 3487 1552 3556 clamor,
1584 3499 1631 3543 et
1656 3488 1897 3557 blasphe-

283 3559 420 3638 ‘Vtit'ia
450 3573 671 3628 tollatur
697 3593 730 3629 a
759 3576 900 3631 vobis
931 3577 1145 3649 (Ephes.
1180 3579 1276 3652 ιν).
1317 3579 1427 3636 Nec
1465 3581 1628 3636 etiam
1683 3581 1766 3636 ira
1796 3581 1898 3637 viri

285 3655 578 3735 ‘j'ustitiam
620 3668 712 3724 Dei
743 3671 955 3740 operari
997 3674 1216 3742 poterit.
1248 3674 1334 3728 Ira
1364 3675 1571 3731 scilicet
1600 3676 1718 3731 sine
1753 3685 1894 3732 tem-

285 3751 634 3826 peramento
660 3773 856 3828 expers
879 3767 963 3816 est
989 3761 1231 3817 rationis.
1266 3762 1550 3833 Responsio
1594 3762 1762 3818 mollis
1792 3763 1895 3818 mi-

317 3843 450 3928 tigat
484 3847 639 3912 iram,
673 3866 843 3904 sermo
869 3850 1034 3906 durus
1061 3854 1278 3908 suscitat
1303 3854 1535 3924 furorem
1564 3853 1747 3928 (Prov.
1779 3854 1894 3928 xv).

311 3923 421 3994 ’νίν
444 3941 756 4009 iracundus,
779 3951 840 3997 ut
874 3943 949 3997 ait
991 3943 1266 4012 Salomon,
1308 3923 1772 4016 (provocat‘rixas;
1807 3923 1898 4019 qui

284 4021 518 4103 “patiens
542 4041 638 4099 est,
668 4032 871 4103 mitigat
924 4035 1202 4090 suscitatus
1226 4035 1436 4108 (lbid.).
1479 4036 1740 4106 Spiritum
1768 4052 1897 4092 vero

286 4112 382 4175 "ad
417 4117 758 4178 irascendum
806 4122 1016 4181 facilem
1048 4125 1170 4196 quis
1222 4127 1488 4182 sustinere
1537 4127 1782 4198 poterit?
1807 4128 1896 4184 Ira

282 4203 423 4268 'i'ion
450 4205 617 4270 habet
642 4216 1092 4286 misericordiam,
1117 4231 1528 4288 necerumpens
1553 4218 1706 4295 furor
1732 4218 1898 4275 ﬁnem

287 4300 566 4362 rvindicta:
601 4307 767 4362 novit.
795 4306 854 4363 Si
886 4316 959 4375 te,
996 4323 1028 4363 ο
1054 4309 1239 4375 homo,
1278 4308 1742 4380 praeoccupaverit
1788 4309 1890 4376 ira,

285 4384 502 4468 "initiga
536 4391 674 4452 eam.
700 4397 796 4452 Illa
821 4398 898 4452 ira
923 4399 1064 4454 mala
1085 4408 1168 4455 est
1188 4416 1307 4470 quae
1335 4405 1574 4457 men‘tem
1605 4401 1808 4467 turbat,
1839 4409 1901 4457 ut

281 4480 521 4560 “"l‘e'c‘tum
545 4487 830 4543 consilium
852 4490 1128 4559 perdatur.
1155 4490 1248 4545 llla
1272 4491 1354 4546 ira
1377 4492 1612 4563 estjdsta
1634 4496 1894 4550 eLneces-

283 4563 299 4600 "
309 4572 484 4643 sa'ria,
500 4579 714 4647 quando
733 4581 894 4635 homo
912 4591 1096 4636 contra
1119 4583 1338 4654 propria
1367 4583 1622 4639 irascitur
1649 4589 1894 4656 peccata,

289 4671 365 4724 ‘et
394 4676 586 4722 contra
625 4671 861 4740 seipsum
886 4671 1271 4742 indignabitur,
1314 4673 1442 4729 dum
1471 4674 1611 4729 male
1638 4675 1769 4746 agit.
1798 4675 1892 4729 Di-

287 4757 386 4834 Idit
437 4757 745 4830 Propheta:
778 4759 1079 4818 Irascimini
1128 4774 1177 4819 et
1230 4765 1388 4820 nolite
1439 4783 1652 4838 peccare
1715 4765 1887 4838 (Psal.

282 4841 408 4919 Ἦν).
443 4849 722 4907 Concessit
745 4854 887 4922 quod
915 4863 1120 4910 natura:
1145 4864 1249 4922 est,
1277 4857 1397 4912 tulit
1422 4858 1564 4928 quod
1589 4857 1760 4928 culpae
1781 4868 1887 4916 est.

283 4929 400 4997 ‘lta
433 4942 655 5000 alterius
675 4953 765 5000 tua
786 4945 1020 5003 leniatur
1046 4951 1325 5019 patientia.
1361 4949 1645 5006 Nolivinci
1664 4970 1697 5007 a
1725 4953 1890 5022 malo,

283 5029 406 5088 *sed
435 5035 581 5090 vince
600 5037 657 5091 in
681 5037 813 5092 bono
841 5038 1040 5093 malum
1077 5038 1254 5112 (Rom.
1288 5039 1408 5112 xu).
1437 5041 1676 5098 Alterius
1702 5059 1893 5115 pecca-

285 5117 430 5180 tum
481 5134 632 5182 tuum
661 5129 732 5183 sit
757 5131 1059 5200 praemium.
1107 5132 1365 5202 Displicet
1393 5133 1488 5189 tibi
1518 5133 1740 5191 alterius
1786 5135 1890 5202 ira,

295 5211 458 5287 ‘quod
485 5219 580 5273 tibi
609 5220 662 5274 in
689 5219 861 5276 altero
892 5222 1160 5292 displicet,
1189 5223 1244 5278 in
1271 5225 1442 5295 teipso
1472 5240 1685 5294 quoque
1711 5225 1897 5296 displi-

283 5297 456 5362 "ceat.
486 5307 604 5364 Noli
636 5311 1083 5380 tranquillitatem
1127 5315 1324 5370 mentis
1362 5323 1467 5370 tuae
1515 5315 1738 5372 alterius
1765 5331 1891 5387 per-

288 5391 628 5455 ‘turbatione
656 5400 947 5456 maculare.
981 5399 1099 5457 Noli
1125 5411 1177 5458 te
1201 5404 1462 5474 mqualem
1493 5404 1658 5461 stulto
1693 5403 1893 5473 facere,

311 5479 442 5564 quia
468 5491 549 5546 ira
569 5492 633 5546 in
663 5493 784 5547 sinu
810 5493 957 5548 stulti
981 5494 1271 5565 requiescit
1296 5512 1308 5548 :
1343 5495 1388 5549 si
1413 5503 1469 5549 tu
1494 5495 1748 5552 irasceris
1768 5510 1898 5551 con-

307 5585 402 5639 'tra
423 5599 571 5650 eum,
598 5593 759 5640 erunt
785 5585 890 5640 duo
917 5585 1064 5652 mali,
1095 5594 1153 5640 tu
1182 5593 1236 5642 et
1267 5585 1355 5641 ille
1381 5605 1392 5639 τ
1419 5587 1610 5642 melius
1634 5587 1727 5642 tibi
1751 5597 1897 5644 esset

311 5677 436 5732 esse
460 5678 686 5742 bonum,
727 5693 1035 5747 quanquam
1068 5677 1156 5733 ille
1186 5679 1257 5734 sit
1285 5678 1491 5745 malus;
1522 5694 1618 5734 cur
1642 5686 1699 5734 tu
1726 5694 1793 5735 ex
1820 5679 1897 5734 al-

311 5769 488 5847 terius
519 5769 723 5824 malitia
750 5770 924 5826 malus
973 5769 1238 5827 elliceris?
1279 5769 1386 5826 Sed
1438 5771 1611 5827 adhuc
1643 5771 1788 5842 quod
1812 5779 1897 5826 est

293 5846 559 5935 "gravius,
583 5860 722 5918 alius
746 5862 982 5934 postulat
1008 5872 1240 5920 mortem
1286 5863 1493 5920 inimici
1521 5880 1536 5919 :
1576 5878 1700 5920 eum
1732 5877 1892 5934 quem

1991 663 2147 729 "vivet
2174 662 2352 728 adhuc
2379 664 2471 735 qui
2509 665 2863 729 maledicitur,
2890 674 2944 721 et
2975 673 3155 722 tamen
3196 669 3241 723 is
3289 670 3380 740 qui
3406 672 3576 726 male-

1987 755 2136 824 dicit
2155 755 2267 824 jam
2291 757 2360 812 de
2397 766 2573 814 morte
2621 757 2764 814 illius
2788 773 2913 813 reus
2943 766 3176 816 tenetur.
3205 757 3365 816 Jubet
3392 771 3575 820 autem

1989 845 2144 926 Deus
2166 856 2228 902 ut
2251 847 2509 919 diligatur
2541 848 2810 918 inimicus,
2839 858 2914 922 get
2943 858 3120 905 tamen
3168 859 3389 922 rogatur
3412 852 3574 910 .Deus

1990 947 2064 1010 ait
2113 939 2324 1008 occidat
2367 939 2974 1010 inimicum.._Qnisquis
3024 940 3313 1015 itaquesic
3335 949 3474 1007 orat,
3513 942 3571 997 in

1984 1028 2132 1100 ,ipsis
2159 1028 2280 1102 suis
2297 1029 2547 1102 precibus
2575 1040 2763 1105 contra
2791 1031 3127 1090 conditorem
3154 1039 3373 1102 pugnat.
3420 1030 3573 1088 Unde

1999 1128 2057 1180 et
2086 1119 2188 1176 sub
2209 1117 2358 1193 {udae
2387 1121 2567 1192 specie
2606 1121 2802 1194 dicitur
2827 1119 3008 1178 :Fiat
3038 1121 3204 1176 oratio
3229 1123 3343 1194 ejus
3375 1123 3430 1178 in
3454 1140 3575 1200 pec-

1984 1218 2203 1284 eatum,
2231 1207 2408 1282 (Psal.
2438 1209 2611 1283 cvm).
2654 1209 2841 1268 Oratio
2894 1212 3091 1282 quippe
3140 1211 3193 1267 in
3221 1221 3444 1284 peccato
3491 1221 3577 1269 est

1984 1300 2297 1379 uillapeter‘e
2327 1318 2445 1376 quae
2464 1305 2712 1375 prohibet
2758 1305 2872 1375 ipse
2909 1305 3000 1376 qui
3035 1306 3269 1377 petitur._
3295 1305 3431 1360 Hinc
3468 1303 3574 1360 Ve-

1986 1395 2346 1470 s'itas,l,,dicit:
2386 1394 2521 1460 Cum
2552 1397 2713 1464 Istatis
2757 1397 2822 1452 ad
2877 1398 3177 1464 orandum,
3221 1396 3477 1452 dimittite
3527 1397 3573 1452 si

1999 1483 2128 1554 quid
2163 1483 2373 1540 habetis
2425 1485 2480 1540 in
2530 1486 2785 1542 cordibus
2835 1487 3032 1542 vestris
3082 1486 3275 1558 (Marc.
3328 1485 3428 1558 xi).
3463 1485 3573 1542 Sed

1998 1587 2127 1638 ecce
2155 1574 2312 1630 nobis
2339 1575 2589 1630 inimicus
2617 1558 2855 1647 graviter
2876 1576 3121 1646 deliquit,
3153 1576 3346 1631 damna
3372 1576 3573 1644 intulit,

1991 1658 2242 1730 juvantes
2280 1663 2438 1728 laesit,
2488 1673 2731 1720 amantes
2780 1674 3095 1735 persecutus
3126 1673 3251 1720 est:
3285 1667 3569 1723 retinenda

1991 1751 2113 1809 haec
2139 1764 2338 1818 essent,
2367 1755 2413 1808 si
2435 1755 2755 1810 remittenda
2779 1755 2935 1811 nobis
2963 1756 3156 1811 delicta
3185 1771 3290 1811 non
3341 1764 3565 1825 essent;

1909 1864 1950 1922 ,1-
1989 1841 2290 1922 .advoeatus
2321 1843 2520 1897 etenim
2551 1850 2734 1899 noster
2756 1859 2971 1914 precem
3001 1844 3158 1900 nobis
3197 1844 3252 1899 in
3281 1861 3443 1901 causa
3472 1860 3574 1900 no-

1925 1905 2118 1990 Bistra
2144 1937 2464 2005 composuit,
2499 1944 2555 1991 et
2583 1937 2698 2008 ipse
2724 1935 2963 2006 ejusdem
2991 1952 3167 1996 causa:
3187 1935 3352 2006 judex
3378 1946 3461 1993 est
3481 1935 3574 2006 qui

1999 2025 2292 2082 advocatus
2323 2044 2337 2081 :
2373 2027 2522 2096 preci
2553 2034 2734 2082 autem
2766 2043 2928 2098 quam
2968 2037 3270 2097 composuit
3315 2027 3578 2084 conditio-

1990 2111 2122 2171 nem
2169 2117 2398 2172 inseruit
2447 2117 2630 2173 dicens
2679 2135 2692 2172 :
2730 2117 2938 2172 Dimitte
2984 2117 3130 2172 nobis
3166 2117 3340 2172 debita
3373 2128 3572 2183 nostra,

1999 2207 2135 2262 sicut
2160 2218 2208 2262 et
2248 2224 2340 2262 nos
2370 2207 2680 2263 dimittimus
2707 2208 3024 2264 debitoribus
3053 2209 3262 2262 nostris.
3288 2206 3422 2275 Quia
3449 2221 3577 2278 ergo

1999 2294 2113 2368 ipse
2139 2298 2308 2369 judex
2346 2299 2491 2372 venit
2515 2299 2608 2369 qui
2637 2299 2930 2356 advocatus
2956 2299 3183 2366 exstitit,
3213 2300 3327 2368 ipse
3361 2313 3577 2368 precem

1997 2376 2217 2460 exaudit
2245 2391 2335 2460 qui
2367 2389 2512 2447 fecit.
2557 2391 2668 2446 Aut
2703 2406 2834 2463 ergo
2858 2408 2966 2447 non
3013 2391 3274 2446 facientes
3302 2389 3572 2446 dicimus:

1997 2486 2211 2542 Dimitte
2262 2487 2411 2542 nobis
2462 2487 2634 2541 debita
2679 2497 2879 2553 nostra,
2911 2496 2967 2542 et
2997 2487 3223 2557 reliqua,
3254 2495 3311 2543 et
3334 2495 3575 2544 nosmet-

1999 2580 2145 2650 ipsos
2181 2579 2287 2635 hoc
2332 2580 2558 2636 dicendo
2617 2580 2846 2650 amplius
2895 2579 3162 2651 ligamus;
3201 2588 3294 2634 aut
3345 2579 3578 2636 fortasse

1997 2669 2138 2726 hanc
2166 2669 2530 2726 conditionem
2560 2670 2614 2726 in
2660 2672 2904 2726 oratione
2945 2671 3370 2735 intermittimus,
3403 2679 3461 2726 et
3484 2671 3578 2726 ad-

1999 2769 2220 2816 vocatus
2248 2769 2433 2817 noster
2455 2775 2672 2831 precem
2701 2778 2863 2832 quam
2906 2762 3233 2831 composuit,
3282 2776 3390 2816 non
3419 2776 3574 2816 reco-

1978 2850 2230 2926 (gnoscit,
2264 2858 2426 2920 atque
2477 2851 2616 2921 apud
2656 2866 2716 2906 se
2752 2851 2999 2921 protinus
3051 2851 3224 2906 dicit:
3256 2849 3382 2905 Scio
3431 2851 3578 2920 quod

1999 2942 2207 3007 monui,
2237 2957 2344 2997 non
2372 2951 2456 2997 est
2485 2943 2602 3013 ipsa
2652 2943 2828 2997 oratio
2883 2959 3044 3012 quam
3105 2941 3226 2998 feci.
3264 2941 3400 3009 Quid
3444 2957 3575 3011 ergo

1999 3033 2156 3088 nobis
2179 3030 2503 3099 faciendum,
2534 3033 2748 3098 fratres,
2777 3034 2882 3089 nisi
2920 3042 2979 3088 ut
3016 3049 3159 3090 verte
3187 3032 3466 3088 eharitatis
3495 3030 3577 3084 af-

1993 3123 2199 3202 fectum
2237 3125 2606 3198 impendamus
2641 3125 2898 3182 fratribus
2929 3125 3132 3183 nostris
3162 3143 3174 3180 :
3210 3131 3268 3180 ut
3295 3123 3436 3181 sicut
3463 3137 3578 3178 ma-

2003 3234 2105 3273 nus
2133 3226 2346 3274 nostras
2375 3215 2508 3272 foris
2536 3233 2566 3272 a
2592 3218 2760 3283 crede,
2789 3219 2862 3272 ita
2894 3228 2948 3274 et
2994 3219 3140 3274 intus
3165 3216 3232 3272 ab
3259 3217 3382 3273 odio
3410 3216 3575 3271 corda

1926 3277 1970 3340 Ο
2002 3315 2187 3365 nostra
2213 3315 2498 3364 serventur
2528 3309 2767 3363 innoxia.
2809 3307 3104 3364 Homicida:
3155 3309 3323 3374 enim,
3350 3316 3410 3362 ut
3434 3307 3574 3361 scri-

1999 3408 2150 3480 ptum
2179 3408 2284 3468 est,
2314 3415 2540 3470 regnum
2568 3400 2665 3454 Dei
2692 3415 2798 3455 non
2822 3399 3173 3470 possidebunt
3203 3395 3345 3470 (Gal.
3374 3396 3427 3468 v)
3454 3414 3468 3463 ;
3495 3408 3573 3463 et,

2000 3483 2105 3560 Qui
2133 3493 2241 3548 odit
2279 3493 2498 3563 fratrem
2545 3511 2716 3558 suum,
2745 3495 2799 3548 in
2846 3495 3067 3549 tenebris
3089 3501 3165 3547 est
3194 3490 3246 3565 (ι
3271 3489 3433 3546 Joan.
3463 3489 3526 3561 ιι)
3556 3506 3572 3553 ;

1968 3573 2222 3655 labjicite
2250 3587 2401 3656 prius
2423 3602 2454 3642 a
2484 3587 2639 3642 vobis
2667 3586 2872 3652 odium,
2899 3593 2954 3641 et
3001 3585 3095 3648 ita,
3125 3584 3236 3640 Deo
3261 3581 3575 3644 auxiliante,

1978 3675 2171 3756 “vitare
2222 3676 2448 3746 potestis
2506 3675 2873 3731 homicidium.
2916 3675 3006 3729 Sic
3051 3682 3106 3728 et
3158 3687 3267 3728 non
3317 3671 3576 3726 soluan

2001 3767 2250 3832 tenebras
2275 3765 2578 3822 exteriores
2617 3780 2742 3821 cum
2795 3765 3188 3822 homicidarum
3240 3775 3482 3827 auctore,
3519 3761 3578 3817 id

1997 3863 2082 3914 est
2113 3872 2234 3911 cum
2284 3856 2517 3922 diabolo,
2548 3872 2657 3912 non
2686 3856 2857 3922 ibitis,
2887 3856 2996 3911 imo
3049 3869 3171 3911 cum
3203 3854 3438 3926 pacificis
3467 3852 3573 3908 Pa-

1985 3948 2096 4016 tris
2129 3947 2350 4004 coeleste
2412 3963 2636 4019 regnum
2686 3946 2810 4001 Filii
2865 3946 3162 4003 dulcissimi
3192 3943 3572 4016 possidebitis:

1999 4039 2143 4110 quod
2174 4040 2327 4096 vobis
2371 4040 2633 4109 nobisque
2656 4039 2933 4095 vobiscum
2964 4046 3153 4093 auctor
3193 4047 3248 4092 et
3294 4037 3578 4090 restitutor

1998 4128 2190 4185 salutis
2239 4138 2439 4186 nostrae
2483 4129 2780 4184 concedere
2827 4128 3077 4198 dignetur
3117 4125 3275 4182 Iesus
3326 4125 3578 4180 Christus

1999 4217 2257 4273 Dominus
2291 4227 2495 4284 noster,
2523 4219 2618 4289 qui
2663 4218 2797 4274 vivit
2821 4227 2877 4274 et
2905 4225 3096 4289 regnat
3120 4231 3243 4272 eum
3275 4215 3386 4270 Deo
3411 4215 3575 4271 Patre

1997 4305 2054 4368 et
2082 4311 2287 4382 Spiritu
2317 4321 2524 4376 sancto,
2580 4311 2635 4366 in
2690 4311 2896 4366 unitate
2926 4317 2979 4364 et
3031 4309 3278 4364 trinitate
3331 4306 3578 4379 perfecta

1998 4406 2160 4472 Deus,
2200 4420 2297 4477 per
2320 4405 2503 4460 omnia
2535 4403 2732 4460 saecula
2760 4403 3100 4459 saeculorum.
3129 4402 3324 4458 Amen.

2497 4573 2499 4575 ,
2571 4513 2848 4570 HOMILIA
2872 4511 3010 4568 LXI.

2378 4601 2587 4643 CONTRA
2621 4599 2860 4640 INVIDIAM
2897 4599 2967 4638 ΕΤ
3003 4597 3188 4638 Οῡιυιί.

2072 4676 2261 4733 Zelare
2289 4677 2432 4746 quod
2457 4677 2659 4732 bonum
2701 4674 2904 4741 videas,
2952 4681 3008 4727 et
3053 4673 3292 4728 invidere
3342 4672 3580 4728 meliori-

1998 4771 2120 4835 bus,
2150 4769 2265 4824 leve
2290 4766 2429 4838 apud
2449 4765 2713 4837 quosdam
2737 4773 2794 4818 et
2824 4763 3093 4819 modicum
3114 4763 3322 4819 crimen
3344 4763 3578 4828 videtur,

1999 4860 2196 4916 fratres
2233 4857 2595 4914 dilectissimi.
2623 4856 2868 4926 Dumque
2898 4853 3243 4910 existimatur
3290 4852 3406 4907 leve
3457 4866 3580 4909 esse

1997 4959 2056 5007 et
2080 4949 2376 5016 modicum,
2401 4963 2508 5003 non
2532 4947 2787 5012 timetur;
2816 4946 2941 5001 dum
2997 4961 3102 5001 non
3150 4944 3388 5009 timetur,
3442 4958 3575 5000 con-

1999 5040 2263 5099 temnitur
2287 5057 2302 5106 ;
2326 5040 2451 5095 dum
2483 5037 2872 5101 contemnitur,
2898 5050 3005 5090 non
3056 5033 3216 5089 facile
3248 5034 3450 5088 vitatur
3477 5052 3488 5088 :
3521 5042 3579 5090 et

2002 5130 2064 5186 ﬁt
2091 5146 2233 5187 caeca
2261 5138 2318 5186 et
2343 5129 2552 5186 occulta
2589 5127 2880 5198 pernicies,
2916 5139 3057 5195 quae,
3095 5123 3222 5178 dum
3250 5122 3427 5178 minus
3451 5138 3574 5194 per-

2002 5222 2248 5292 spicitur,
2287 5228 2346 5275 ut
2369 5212 2548 5277 caveri
2574 5235 2605 5274 a
2634 5216 3043 5290 providentibus
3069 5215 3258 5285 possit,
3315 5215 3576 5286 improvi-

2002 5315 2099 5370 das
2127 5322 2332 5369 mentes
2358 5312 2594 5368 latenter
2628 5310 2837 5381 afﬂigit.
2892 5307 3006 5379 Ego
3051 5307 3235 5378 itaque
3283 5316 3414 5379 puto
3441 5307 3575 5365 nihil

2001 5403 2176 5477 magis
2195 5403 2503 5460 Christiano
2548 5402 2864 5466 cavendum,
2888 5399 3024 5456 nihil
3055 5399 3268 5456 cautius
3292 5399 3577 5470 providen-

2001 5496 2148 5560 dum,
2179 5511 2338 5565 quam
2382 5511 2450 5552 ne
2486 5496 2607 5566 quis
2633 5493 2872 5549 invideat
2895 5501 2952 5549 et
2975 5492 3144 5550 livore
3166 5492 3415 5564 capiatur
3444 5509 3457 5545 :
3499 5507 3571 5548 ue

1997 5588 2138 5658 quis,
2167 5586 2400 5644 fallentis
2426 5587 2633 5643 inimici
2679 5587 2836 5643 caecis
2864 5585 3072 5657 laqueis
3093 5584 3418 5657 implicatus,
3443 5583 3574 5640 dum

1999 5678 2117 5733 zelo
2144 5677 2312 5734 frater
2345 5679 2398 5733 in
2427 5676 2610 5732 fratris
2637 5677 2760 5733 odio
2781 5677 3135 5743 convertitur,
3165 5675 3341 5747 gladio
3362 5689 3460 5729 suo
3480 5689 3576 5731 ne-

1999 5770 2143 5825 scius
2177 5770 2294 5839 ipse
2339 5771 2657 5842 perimatur.
2705 5769 2857 5838 Quod
2890 5778 2951 5826 ut
3001 5767 3252 5840 colligere
3275 5765 3488 5836 plenius
3515 5772 3575 5821 et

1999 5861 2338 5919 manifestius
2362 5863 2670 5933 perspicere
2695 5863 2937 5936 possitis,
2979 5861 3047 5916 ad
3083 5866 3247 5929 caput
3267 5857 3383 5927 ejus
3409 5866 3576 5926 atque
