4036 6370
273 385 369 453 “'7
995 409 998 414 '
1121 407 1124 410 λ
1228 376 1534 458 nomn/ii
1574 367 1936 458 nti'i‘es‘ri‘s
1977 362 2388 469 timiditas,
2433 369 2626 461 sic."
2659 387 2664 400 ‘
2700 369 2725 378 ”
2797 371 2799 374 ’

3430 415 3535 474 “8

271 513 462 585 gratia
489 514 606 584 ejus
649 505 1070 587 eti'in'dulfgentia
1112 501 1469 592 prmbeamus.
1515 521 1560 574 si
1596 505 1850 599 .placituri
1879 522 1930 581 Λ
1957 511 2153 574 habere
2173 505 2196 586 ,l
2233 528 2288 576 et
2327 521 2518 591 perdes
2545 537 2640 591 per
2670 507 2992 590 injustitiam
3012 527 3152 595 quod
3181 537 3231 582 te
3258 527 3398 583 Deus
3427 529 3543 585 vult

269 619 487 678 semper
532 607 586 662 in
627 608 816 678 regno,
863 609 916 663 in
952 611 1060 664 hoc
1091 607 1292 666 mundo
1337 621 1461 668 ante
1491 613 1802 686 placeamus
1828 627 1849 666 τ

268 699 356 754 cui
391 705 527 753 tunc
565 699 683 754 sine
722 699 880 754 dubio
917 695 1272 772 placebimus,
1319 704 1363 758 Si
1405 705 1563 759 modo
1604 705 1671 759 a'b
1708 707 1855 760 Omni

270 791 387 847 telo
419 802 474 848 et
497 791 675 849 livore
701 791 922 850 invidia:
957 793 1114 851 alieni
1152 797 1454 864 eximimus,
1489 809 1544 855 ‘et
1583 797 1856 872 proximos

270 885 485 939 nostros
512 893 649 940 ‘vera
691 885 1255 944 dilectione'a'mamus
1290 909 1301 944 ε
1341 883 1463 962 quia
1501 891 1712 962 pacifici
1763 891 1854 947 filii

268 973 396 1032 sunt
431 975 568 1045 Dei,
609 985 663 1033 et
703 981 792 1050 qui
837 980 1265 1049 diligit'fratrei‘n
1309 1002 1461 1040 suum
1505 1001 1570 1041 ex
1601 987 1718 1042 'Deo
1756 1004 1852 1041 na-

268 1067 355 1126 tiis
385 1083 472 1128 est
499 1083 552 1129 et
581 1072 971 1130 videbit'Deum
999 1095 1010 1130 :
1037 1077 1189 1147 Cujus
1217 1064 1427 1136 ‘visione
1458 1075 1716 1154 perpetua
1742 1083 1854 1150 ipse

267 1179 366 1219 nos
409 1165 607 1234 perfrui
641 1167 924 1232 concedat,
959 1169 1048 1238 qui
1082 1185 1179 1225 nos
1222 1187 1249 1225 a
1288 1181 1458 1226 morte
1497 1183 1753 1246 perpetua
1782 1171 1852 1229 li-

263 1258 573 1324 beraverat,
609 1256 856 1314 Christus
893 1260 1126 1316 salvator
1155 1271 1358 1325 noster,
1396 1263 1486 1334 qui
1519 1264 1648 1319 vivit
1681 1274 1734 1319 et
1764 1281 1850 1321 re-

263 1360 393 1422 gnat
417 1368 536 1406 cum
561 1351 670 1408 Deo
699 1349 861 1408 Patre
895 1354 948 1408 in
979 1355 1185 1411 unitate
1221 1354 1456 1428 Spiritus
1486 1359 1658 1414 sancti
1685 1357 1849 1425 Deus,

264 1459 362 1512 per
400 1443 580 1498 omnia
619 1444 814 1500 srccula
855 1446 1191 1504 smculorum.
1238 1449 1431 1508 Amen.

811 1588 1097 1645 diem.“
1135 1590 1299 1646 LXII.

578 1711 784 1756 CONTRA
821 1711 1067 1758 F‘RAUITEH
1103 1717 1174 1758 ΕΤ
1213 1717 1526 1760 AVAlel.

337 1811 603 1867 Convenit
637 1813 773 1869 bene
814 1813 1017 1871 homini
1059 1813 1366 1871 Christiano
1405 1818 1494 1890 qui
1534 1818 1597 1872 ad
1631 1818 1849 1875 cmleste

263 1895 440 1957 tendit
481 1918 733 1974 regnum,
777 1913 830 1960 et
871 1921 1129 1976 supernas
1169 1907 1379 1962 divitias
1419 1908 1699 1980 percipere
1739 1927 1853 1964 am-

263 1995 362 2071 bit,
395 2001 450 2048 ut
481 2010 538 2048 se
565 2012 592 2049 a
621 1996 974 2064 praisentibus
997 1993 1159 2052 rebus
1192 2005 1475 2068 temperet,
1504 2007 1558 2054 et
1583 1999 1854 2071 philargy-

263 2067 359 2137 rite
387 2084 603 2148 malum,
638 2086 781 2156 quod
809 2087 1042 2144 maxime
1074 2088 1368 2143 humanum
1403 2105 1569 2160 genus
1595 2091 1850 2162 captivat,

261 2173 417 2243 quasi
446 2186 710 2229 venenum
742 2176 1078 2232 mortiferum
1119 2175 1319 2246 fugiat,
1366 2195 1433 2234 ne
1474 2196 1571 2251 per
1611 2177 1854 2238 fraudem

260 2265 463 2336 aliquid
499 2267 722 2336 adipisci
753 2271 968 2340 gestiat,
995 2271 1076 2324 vel
1104 2288 1200 2342 per
1226 2272 1576 2341 rapacitatem
1604 2291 1850 2345 possessa

261 2362 651 2418 izmnensurate
678 2361 906 2419 retineat
936 2379 950 2416 :
987 2366 1111 2434 quia
1145 2366 1320 2421 omnis
1349 2363 1496 2422 fraus
1521 2365 1632 2422 Deo
1663 2368 1849 2437 displi-

261 2459 369 2517 cet,
399 2461 450 2507 et
476 2452 702 2508 avaritia
728 2453 1041 2512 idololatriae
1087 2455 1154 2514 ab
1200 2456 1455 2527 Apostolo
1482 2470 1847 2530 comparatur.

258 2541 432 2594 Arare
454 2551 650 2608 autem,
673 2543 803 2598 dicit
829 2539 1128 2614 Scriptura,
1155 2547 1282 2599 nihil
1303 2559 1374 2602 est
1400 2549 1682 2604 scelestius.
1710 2547 1851 2616 Quid

259 2632 491 2700 superbit
521 2640 661 2687 terra
686 2643 732 2687 et
761 2633 932 2688 cinis?
961 2633 1110 2690 Nihil
1139 2647 1212 2691 est
1238 2638 1464 2710 iniquius
1488 2657 1644 2710 quam
1671 2651 1850 2696 amare

257 2726 555 2793 periurium.
608 2723 712 2782 Hic
753 2727 887 2781 enim
937 2729 1168 2783 animum
1218 2747 1366 2784 suam
1416 2731 1649 2787 venalem
1697 2734 1848 2788 habet

261 2813 462 2887 (Eccie.
495 2816 572 2890 ι).
606 2817 843 2874 Avaritia
875 2819 1038 2881 enim,
1072 2837 1232 2892 quam
1267 2821 1438 2879 Graeci
1465 2823 1848 2896 philargyriam

262 2915 486 2974 vocant,
523 2898 698 2963 ’nimia
744 2916 824 2964 est
873 2906 1137 2980 cupiditas
1183 2911 1489 2968 divitiarum
1535 2907 1849 2992 acquirendi

261 2992 351 3051 vel
383 2999 611 3054 tenendi.
642 3000 764 3069 Quae
788 3003 955 3074 pestis
986 3004 1320 3074 inexplebilis
1348 3012 1448 3073 est,
1481 3017 1533 3062 et
1559 3008 1849 3079 hydropico

259 3092 453 3148 inorbo
479 3091 743 3150 similatur
773 3110 786 3148 :
819 3096 957 3150 sicut
980 3097 1122 3151 enim
1153 3097 1482 3170 hydropicus
1505 3108 1705 3172 quanto
1730 3091 1847 3170 plus

255 3184 416 3251 bibit,
451 3194 595 3240 tanto
621 3186 740 3256 plds
768 3187 882 3242 sitit
911 3206 922 3241 :
959 3188 1035 3244 sic
1062 3197 1116 3244 et
1144 3169 1347 3246 avarus
1362 3169 1562 3263 quanto
1587 3169 1919 3291 majorem}:

257 3277 544 3346 pecuniam
578 3281 831 3350 acquirit,
872 3289 1020 3338 tanto
1064 3281 1322 3354 majorem
1360 3285 1558 3341 habere
1591 3285 1794 3358 appetit
1827 3304 1838 3338 :

256 3369 318 3421 e't
345 3366 469 3421 dum
502 3367 691 3425 modus
718 3367 764 3424 ei
797 3388 902 3427 non
928 3381 1009 3428 est
1040 3372 1094 3428 in
1119 3373 1388 3440 habendo,
1420 3377 1608 3431 modus
1633 3376 1707 3430 illi
1739 3365 1877 3430 non"

255 3467 345 3515 est
383 3461 437 3514 in
484 3461 859 3524 desiderando.
897 3453 1037 3522 'flinc
1079 3475 1371 3522 nascuntur
1405 3456 1636 3530 invidiae,
1677 3461 1878 3534 furta,"

255 3549 571 3619 latrocinia,
615 3554 926 3623 homicidia,
971 3556 1274 3622 mendacia,
1321 3559 1573 3630 perjur'ia,
1625 3550 1876 3628 rapinae,

253 3639 558 3708 violentiae,
607 3645 949 3716 inquietudo,
997 3647 1192 3717 injusta
1234 3646 1465 3717 judicia,
1513 3656 1850 3722 contemptus

252 3734 533 3802 veritatis,
559 3733 756 3792 futura:
786 3736 1132 3794 beatitudinis
1163 3739 1380 3804 oblivio,
1416 3739 1699 3795 obduratio
1729 3755 1849 3795 cor—

252 3821 369 3879 dis.
411 3823 553 3892 Quae
584 3823 951 3882 ilt'contraria
989 3827 1367 3885 misericordia:
1414 3836 1466 3884 et
1495 3828 1848 3901 eleemosynm

249 3915 316 3970 in
349 3929 634 3989 pauperes,
665 3926 720 3974 et
746 3918 908 3974 totius
938 3919 1156 3990 pietatis
1188 3917 1399 3975 aemula.
1427 3917 1686 3976 Dominus
1720 3931 1847 3992 ergo

251 4015 472 4076 noster,
506 4009 731 4078 qui'n'os
761 4010 1023 4081 benignos
1060 4017 1177 4068 esse
1217 4011 1281 4067 de
1325 4019 1508 4066 nostra
1549 4007 1860 4068 substantia

249 4088 589 4171 pauperibus
634 4106 687 4156 et
730 4099 943 4168 miseris
987 4103 1264 4167 admonet,
1299 4104 1413 4173 ipse
1454 4117 1551 4158 nos
1593 4105 1659 4158 ab
1701 4103 1884 4159 omni'

250 4190 598 4246 avaritiam
639 4189 840 4261 nijusta
885 4191 1130 4264 pecunia:
1181 4193 1532 4262 acquisitione
1577 4189 1843 4264 prohibet.

249 4277 524 4354 Quiivero
549 4282 628 4342 ait
655 4305 668 4341 :
701 4287 782 4342 D‘e
798 4286 960 4357 iustis
993 4283 1264 4342 laboribus
1305 4287 1410 4342 tuis
1439 4285 1520 4342 fac
1550 4285 1848 4360 eleemosy-

247 4381 418 4444 nam",
461 4378 578 4448 ipse
623 4389 723 4448 per
765 4375 1077 4449 Apestolum
1123 4377 1277 4433 suum
1310 4379 1560 4434 hortatur
1610 4391 1731 4445 nos,
1762 4373 1862 4435 di:

250 4467 407 4524 cens'
433 4473 446 4520 1
473 4467 665 4524 Nolite
708 4467 950 4526 fraudem
999 4467 1180 4525 facere
1208 4470 1451 4525 invicem
1496 4469 1548 4543 (Ι
1570 4468 1878 4544 'C‘or.’v"1‘i).'

1955 609 2178 677 habere,
2211 605 2274 665 ’id
2319 619 2405 667 est
2442 611 2830 669 beatitudinem
2857 619 3258 686 sempiternam.
3290 617 3362 676 'Si
3393 624 3538 678 enim

1957 693 2152 786 fur've'l
2177 709 2364 773 raptor
2378 701 2598 758 oculum
2623 701 2944 776 perdidisset
2970 709 3022 762 i‘n
3052 709 3192 766 furto
3209 704 3300 767 vel
3324 717 3539 786 rapina,

1958 781 2182 875 forsitan
2204 793 2399 865 postea
2433 791 2638 851 furtum
2669 809 2772 854 non
2801 795 3125 858 fecissetve!
3145 781 3404 875 rapinam
3435 825 3447 861 :
3487 817 3542 864 et

1955 871 2130 960 nescit
2157 883 2243 939 ille
2259 885 2393 941 ‘talis
2419 887 2559 957 quod
2591 889 2644 942 in
2672 881 3183 962 ejusmodi‘peccato
3209 871 3391 952 lumen
3426 907 3545 968 per-

1957 975 2089 1032 didit
2117 979 2310 1046 cordis,
2347 981 2487 1054 quod
2518 972 2708 1038 melior
2735 993 2817 1038 e51
2843 985 2989 1040 omni
3030 986 3230 1041 lumine
3277 993 3541 1060 corporis.

1956 1063 2146 1142 Magis,
2193 1083 2374 1139 avare,
2423 1073 2516 1129 des
2564 1075 2903 1147 pauperibus
2963 1079 3105 1150 Quod
3150 1081 3336 1148 habes,
3383 1100 3544 1153 quam

1953 1176 2052 1231 per
2075 1159 2316 1218 fraudem
2347 1165 2595 1237 acquiras
2622 1167 2763 1238 quod
2788 1184 2893 1223 non
2921 1171 3110 1238 babes,
3141 1182 3200 1228 ut
3225 1175 3463 1230 invenias
3493 1178 3544 1230 in

1955 1251 2090 1307 cmi'o
2135 1256 2275 1323 quod
2319 1255 2512 1312 dedisti
2555 1258 2608 1313 in
2647 1265 2795 1315 terra
2835 1279 2847 1316 :
2886 1263 3015 1333 quid
3059 1265 3219 1322 times
3258 1269 3543 1338 pecuniam

1955 1352 2098 1398 tuam
2130 1343 2376 1415 perdere,
2402 1357 2456 1404 et
2482 1365 2585 1405 non
2617 1351 2774 1407 times
2803 1363 2862 1408 ut
2887 1360 3030 1410 totus
3053 1351 3414 1427 pereas'lPro
3443 1377 3538 1415 ac-

1953 1435 2241 1504 quisitione
2275 1440 2514 1508 pecunize
2558 1433 2750 1498 falsum
2791 1445 3155 1502 testimonium
3199 1450 3351 1517 dicis,
3395 1468 3546 1508 men-

1954 1521 2090 1590 tiris,
2134 1527 2277 1597 rapis
2317 1529 2524 1595 aliena,
2558 1527 2732 1599 juras,
2766 1535 3038 1606 ‘perju‘ras,
3084 1544 3203 1606 quae
3243 1538 3326 1594 lex
3351 1549 3541 1596 vetat:

1953 1629 2129 1672 nonne
2168 1631 2288 1674 cum
2337 1621 2453 1675 haec
2495 1622 2674 1678 omnia
2721 1623 2892 1692 'facis,
2939 1633 3106 1696 quare
3144 1643 3249 1684 non
3293 1631 3449 1686 times
3482 1639 3547 1686 ut

1952 1717 2097 1765 totus
2131 1713 2328 1767 ‘ardeas
2367 1713 2421 1768 in
2468 1717 2766 1771 :eternum?
2813 1717 2942 1787 Cur,
2988 1731 3183 1788 avare,
3232 1723 3350 1793 plus
3391 1739 3542 1782 amas

1912 1801 2345 1872 Haurum‘quam
2389 1807 2665 1861 animam?
2710 1808 2847 1876 Quid
2889 1813 3032 1866 enim
3075 1809 3317 1883 proderit
3353 1813 3450 1871 tibi
3496 1817 3542 1872 si

1881 1878 2213 1936 B'mnm'lnm
2247 1897 2554 1936 nni‘vnrenm
2583 1893 2818 1936 ’lnmimiia
2881 1903 3072 1936 λιηςηπη
3110 1913 3285 1936 una...“
3319 1914 3423 1936 an...
3453 1910 3516 1936 ,ιη

1957 1894 2214 1948 mundum
2247 1897 2556 1951 universum
2583 1893 2840 1967 ’lucreris,
2879 1903 3072 1958 animae
3108 1913 3287 1960 autem
3319 1914 3424 1964 tua:
3450 1910 3542 1965 de-

1957 1983 2269 2039 trimentum
2301 1987 2566 2057 patiaris?
2613 1987 2679 2044 Et
2723 1992 2834 2060 ipse
2880 1991 3140 2050 Dominus
3170 1997 3224 2051 in
3249 1986 3541 2070 Evangelio

1957 2073 2086 2129 dicit
2121 2091 2135 2129 :
2173 2074 2369 2132 Cavete
2395 2076 2462 2131 ab
2500 2081 2646 2134 omni
2688 2083 2940 2148 avaritia,
2973 2084 3096 2155 quia
3128 2101 3233 2140 non
3277 2088 3330 2141 in
3372 2090 3542 2144 abun~

1956 2168 2138 2222 dantia
2184 2167 2495 2239 cujusquam
2535 2172 2653 2226 vita
2697 2179 2780 2228 est
2824 2169 2942 2244 qum
2986 2177 3240 2245 possidet.
3290 2171 3542 2250 Nunquid

1956 2273 2062 2314 non
2094 2259 2286 2315 divites
2326 2261 2573 2317 similiter
2614 2264 2916 2318 moriuntur
2955 2266 3093 2319 sicut
3132 2275 3186 2320 et
3228 2279 3491 2338 pauperes
3525 2288 3536 2322 :

1956 2361 2060 2406 non
2091 2355 2345 2422 prodesse
2373 2363 2599 2424 pessun't
2629 2355 2830 2412 divitia:
2864 2358 2918 2412 in
2948 2359 3032 2414 die
3059 2359 3302 2426 ultionis,
3345 2378 3444 2418 nec
3473 2359 3539 2418 li-

1953 2444 2220 2499 berabant
2254 2445 2394 2499 male
2419 2453 2635 2502 utentes
2660 2448 2739 2503 eis
2765 2465 2794 2502 a
2821 2449 2996 2518 pmnis
3021 2451 3382 2520 sempiternis.
3414 2450 3544 2509 Vul-

1954 2534 2043 2599 tis,
2075 2533 2290 2601 fratres,
2316 2552 2481 2593 nosse
2511 2553 2673 2609 quam
2703 2539 3022 2610 perniciose,
3055 2557 3214 2613 quam
3245 2543 3423 2610 noxie,
3455 2544 3540 2602 fo-

1953 2623 2068 2681 mes
2097 2627 2216 2693 iste,
2245 2626 2348 2682 nisi
2373 2629 2536 2684 fuerit
2558 2631 2839 2704 diligenter
2867 2633 3098 2702 excisus,
3129 2636 3198 2690 ad
3227 2634 3342 2707 ejus
3371 2637 3540 2693 inter-

1952 2723 2086 2780 itum
2131 2727 2220 2796 qui
2264 2741 2387 2781 eum
2429 2729 2668 2798 ceperit,
2723 2729 3030 2796 l'ructilicet,
3077 2740 3132 2785 ei.
3172 2747 3330 2788 omne
3372 2749 3543 2806 genus

1952 2813 2206 2886 prmvalct
2234 2819 2552 2876 ramusculis
2582 2820 2872 2876 vitiorum?
2915 2823 3122 2894 respice
3152 2821 3449 2898 [respicite]
3488 2825 3543 2881 in

1952 2905 2145 2962 Judam
2175 2909 2537 2979 apostolorum
2567 2923 2794 2968 numero
2829 2914 3192 2986 depUtandum
3225 2934 3236 2968 :
3267 2917 3392 2986 quia
3431 2931 3540 2972 non

1951 2999 2118 3054 voluit
2156 3003 2420 3072 serpentis
2442 2999 2606 3075 hujus
2634 3014 2793 3075 caput
2823 3015 3126 3074 conterere,
3159 3005 3390 3078 qualiter
3418 3024 3544 3064 eum

1953 3096 2052 3141 suo
2100 3103 2305 3144 veneno
2353 3092 2676 3161 peremerit;
2736 3101 2789 3148 et
2837 3095 3286 3164 concupiscentiae
3333 3096 3544 3165 laqueis

1950 3178 2225 3256 irretitum
2257 3180 2323 3234 ad
2351 3187 2459 3235 tam
2490 3182 2716 3252 abrupta
2746 3183 3041 3254 praecipitia
3073 3187 3278 3242 crimen
3307 3184 3544 3259 impege-

1950 3253 2044 3336 rit,
2068 3279 2125 3323 ut
2153 3269 2544 3342 redemptorem
2573 3267 2758 3327 mundi
2787 3279 2841 3328 et
2863 3271 3115 3329 humana:
3141 3275 3328 3331 salutis
3356 3283 3541 3332 aucto-

1952 3375 2066 3417 rem
2099 3362 2166 3416 ob
2195 3362 2417 3433 triginta
2460 3371 2745 3436 argenteos
2775 3365 3109 3436 persuaserit
3137 3367 3368 3424 vendere
3405 3386 3415 3420 :
3447 3366 3541 3436 qui

1951 3464 2291 3525 nequaquam
2329 3455 2394 3511 ad
2431 3465 2540 3511 tam
2565 3465 2710 3512 esset
2737 3459 3022 3513 scelestum
3065 3455 3385 3532 proditionis
3409 3454 3544 3515 faei-

1952 3563 2055 3602 nus
2085 3548 2384 3615 devolutus,
2433 3549 2476 3604 si
2519 3563 2624 3605 non
2659 3551 3002 3622 philargyriae
3031 3554 3217 3608 morbo
3243 3551 3436 3609 fuisset
3462 3553 3543 3608 in-

1952 3639 2158 3708 fectus;
2207 3658 2304 3698 nec
2351 3641 2643 3697 Dominicze
2689 3644 3069 3715 negotiationis
3114 3661 3237 3700 reus
3278 3661 3340 3701 ac
3372 3646 3543 3700 sacri-

1951 3721 2103 3805 legus
2129 3733 2444 3798 exstitisset,
2472 3731 2575 3788 nisi
2599 3734 2749 3804 prius
2773 3734 2959 3790 solitus
2990 3733 3179 3790 fuisset
3206 3735 3307 3791 sibi
3337 3733 3542 3791 loculos
3569 3815 3572 3818 t

1951 3825 2188 3884 creditas
2210 3825 2521 3901 compilare.
2555 3829 2659 3885 Sed
2681 3831 2808 3886 licet
2833 3828 2986 3885 multi
3011 3827 3343 3887 detestentur
3367 3831 3542 3888 scelus

1950 3915 2120 3987 Judae,
2153 3920 2307 3996 pauci
2352 3928 2534 3975 tamen
2574 3919 2748 3976 vitare
2792 3921 3028 3976 student.
3069 3918 3168 3988 Qui
3199 3938 3327 3992 ergo
3361 3923 3543 3978 Domi-

1950 4027 2079 4065 num
2120 4012 2387 4078 vendidit,
2428 4028 2555 4067 reus
2592 4027 2714 4068 esse
2745 4014 2810 4068 ab
2843 4013 3157 4069 hominibus
3185 4014 3538 4086 diiudicatur;

1951 4109 2005 4157 et
2028 4101 2118 4174 qui
2145 4101 2427 4155 veritatem
2450 4086 2552 4172 pro
2578 4103 2860 4157 mendacio
2886 4113 3202 4170 commutat,
3227 4106 3318 4160 vix
3347 4120 3377 4160 a
3407 4121 3542 4174 quo-

1950 4209 2113 4263 quam
2152 4189 2582 4263 reprelienditur.
2627 4194 2924 4261 Attendite,
2971 4189 3192 4263 fratres,
3235 4212 3355 4267 qua;
3397 4198 3538 4263 dico,

1949 4285 2075 4356 quia
2105 4285 2408 4355 quicunque
2445 4295 2662 4358 propter
2689 4301 2929 4342 amorem
2957 4287 3231 4357 pecuniae,
3269 4288 3354 4343 vel
3392 4303 3541 4354 com-

1948 4365 2168 4432 moddm
2204 4361 2476 4431 terrenum
2497 4418 2510 4442 ,
2550 4377 2834 4433 veritatem
2866 4372 3077 4443 vendit,
3107 4367 3544 4450 miristumpro-

1950 4465 2151 4534 dit,"et
2192 4461 2341 4552 Iudae
2387 4465 2607 4523 Sceleris
2642 4477 2725 4523 est
2759 4465 3045 4542 particeps.
3093 4461 3184 4523 Ait
3232 4469 3374 4525 enim
3426 4469 3574 4548 ipse‘

248 4555 518 4635 Nani'qui
552 4555 747 4614 fraude
771 4557 1023 4630 qualibet
1047 4556 1246 4629 aliquid
1287 4559 1626 4630 acquisierit,
1667 4559 1844 4630 perdit
1869 4557 2205 4642 DtDOminus
2239 4559 2250 4612 ὲ
2285 4557 2397 4642 Ego
2423 4575 2538 4612 sum
2566 4559 2666 4624 ria,
2693 4568 2747 4615 et
2774 4561 2962 4614 veritas
2998 4569 3043 4614 el
3073 4556 3208 4626 vita;
3240 4561 3403 4615 vitam
3435 4561 3541 4615 uti—

242 4640 480 4720 jus‘tit'iae
507 4651 835 4721 aequitatem.
861 4645 984 4719 Dic,
1010 4662 1192 4718 avare,
1218 4647 1322 4718 die,
1356 4651 1566 4721 cupide,
1593 4649 1696 4720 die,
1731 4667 1846 4710 sce-

250 4741 453 4803 lerate,
480 4741 608 4810 quid
636 4737 1128 4813 acquisistitifm'te
1152 4741 1308 4807 dicis,
1332 4741 1535 4797 Aurum
1563 4741 1843 4813 acquisivi,
1881 4739 1886 4746 ’

252 4839 312 4886 et
339 4836 543 4885 verum
569 4831 706 4886 dicis
737 4849 749 4885 :
782 4841 911 4886 ecce
935 4843 1126 4887 aurum
1149 4831 1429 4901 acquisisti
1457 4841 1553 4903 per
1575 4830 1846 4900 fraudem,

251 4919 524 4977 et‘fidem'
555 4921 834 4992 perdidisti
880 4929 978 4991 per
1018 4921 1356 4990 iniustitiam.
1403 4918 1466 4976 Si
1510 4923 1888 4978 in'mercatu'“

253 5015 425 5071 ﬁdem
456 5015 728 5071 invenires
752 5015 996 5070 venalem
1016 5057 1030 5080 ,
1070 5013 1118 5072 si
1154 5014 1327 5071 banus
1368 5029 1548 5082 esses,
1579 5019 1871 5106 Quomodo;

254 5109 637 5178 Comparasses
673 5113 828 5176 eam;
876 5117 1043 5179 quare
1079 5111 1190 5164 non
1233 5108 1396 5164 tii'nes
1437 5105 1668 5179 perdere
1704 5115 1872 5175 eam,'

252 5207 426 5268 quam
453 5205 503 5252 te
521 5195 668 5252 Deus
695 5197 864 5253 voluit
892 5198 1094 5255 habere
1122 5199 1174 5254 in
1207 5195 1402 5255 corde?
1444 5201 1648 5254 Aurum
1677 5198 1846 5257 habes

253 5287 347 5344 vel
378 5287 658 5360 argentum
685 5287 771 5343 vel
800 5287 943 5343 aiiud
979 5288 1107 5360 quid
1142 5290 1434 5360 pretiosum
1466 5289 1521 5345 in
1552 5297 1674 5347 arca
1695 5333 1708 5358 ,
1748 5289 1846 5347 sed

255 5382 537 5439 damnum
563 5383 622 5437 in‘
659 5380 1006 5438 conscientia.
1039 5379 1134 5437 His
1157 5382 1403 5438 omnibus
1427 5381 1678 5440 meliores
1703 5383 1842 5439 divi-

256 5473 368 5529 tias
397 5471 710 5543 perdidisti,
744 5473 798 5529 id
826 5481 907 5529 est
941 5472 1101 5528 tidem
1143 5481 1196 5528 et
1219 5472 1483 5544 justitiam
1523 5481 1576 5530 et
1603 5473 1846 5531 dilectio-

257 5567 512 5622 nem‘Dei
539 5577 594 5622 et
619 5565 872 5638 proximi.
895 5562 1127 5621 Lucrum
1158 5575 1308 5620 tuum
1336 5565 1561 5637 cogitas,
1592 5564 1844 5622 damnum

260 5666 417 5713 tuum
453 5674 562 5715 non
600 5658 947 5715 consideras?
975 5657 1032 5714 Si
1062 5658 1189 5713 huic
1227 5657 1379 5713 lucro
1418 5660 1641 5730 gaudes,
1679 5673 1846 5730 quare

259 5747 360 5807 illa
385 5751 596 5825 perdita
621 5767 726 5806 non
751 5751 996 5825 plangis?
1019 5750 1138 5820 plus
1163 5750 1441 5821 perdidisti
1466 5765 1625 5818 quam
1657 5751 1843 5820 acqui-

261 5845 412 5905 sisti.
452 5843 498 5904 0
537 5845 706 5915 dives,
742 5845 887 5918 rapis
924 5859 1022 5916 per
1049 5843 1344 5916 potentiam
1375 5843 1518 5915 quod
1545 5843 1640 5899 tibi
1670 5845 1845 5915 placet
1879 5847 1887 5858 ‘

1951 4647 2056 4717 qu’e
2081 4645 2311 4715 deserit,
2329 4639 2435 4718 'qui
2459 4649 2741 4702 veritatem
2772 4664 2871 4719 pro
2890 4648 3115 4720 pecunia
3150 4649 3333 4705 vendit
3357 4668 3369 4704 :
3395 4648 3537 4705 unde
3561 4645 3564 4647 ’

1953 4743 2007 4794 et
2049 4747 2292 4796 mercatu
2338 4739 2573 4796 infansto
2612 4757 2716 4795 non
2764 4741 2930 4795 vitam
2978 4747 3216 4796 meretur
3255 4737 3574 4806 aeternam,’

1951 4835 2048 4895 sed
2090 4836 2356 4894 mendacii
2388 4837 2619 4892 debitam
2666 4848 2941 4910 mergetur
2983 4835 3036 4892 in
3069 4843 3306 4908 paenam.
3336 4829 3536 4901 Nolite,

1951 4927 2183 4995 fratres,
2228 4925 2394 4984 nolite
2419 4927 2656 4984 avaritiae
2682 4927 2888 4984 catenis
2923 4925 3108 5001 ligari,
3157 4921 3320 4982 nolite
3355 4941 3537 4981 amore
3573 4978 3578 4982 .

1952 5023 2132 5072 rerum
2164 5014 2455 5072 labentium
2495 5018 2699 5072 irretiri
2729 5038 2741 5072 :
2774 5035 2984 5073 sursum
3025 5025 3121 5072 cor
3143 5014 3352 5088 erigite,
3379 5017 3537 5071 teter-

1953 5115 2077 5163 nani
2133 5103 2523 5164 beatitudinem
2576 5111 2896 5165 desiderate.
2951 5099 3091 5162 Nam
3147 5106 3378 5164 mundus
3436 5107 3578 5180 iste.

1954 5203 2181 5267 transit,
2224 5207 2280 5257 'et
2323 5199 2754 5272 cencupiscentia
2786 5201 2930 5270 ejus;
2972 5199 3193 5256 verbum
3221 5207 3402 5255 autem
3430 5196 3535 5255 Do-

1952 5289 2085 5347 mini
2115 5299 2297 5347 manet
2327 5286 2382 5346 in
2418 5301 2698 5347 mternum.
2740 5289 2877 5347 llinc
2904 5304 3004 5346 nos
3041 5287 3236 5347 Paulus
3260 5289 3533 5364 apostolus
3575 5359 3578 5362 ί

1954 5381 2209 5439 admonet
2245 5387 2298 5438 et
2327 5381 2457 5439 didit
2500 5393 2513 5437 ξ
2555 5381 2774 5454 Tempus
2815 5379 2960 5437 breve
3000 5385 3106 5448 est;
3150 5382 3403 5452 reliquum
3445 5387 3531 5436 sti-

1949 5483 2133 5546 perest
2167 5485 2221 5530 ut
2252 5475 2340 5546 qui
2381 5475 2567 5530 habent
2611 5485 2822 5538 umores,
2868 5481 3115 5544 tanquam
3151 5484 3254 5526 nan
3289 5473 3532 5525 habentes

1949 5568 2052 5621 sint
2079 5580 2098 5618 .'
2131 5576 2176 5620 et
2217 5566 2306 5636 qui
2341 5567 2486 5636 ﬂent,
2527 5571 2774 5634 tanquam
2817 5576 2919 5618 nan
2955 5561 3170 5633 ﬂentes;
3208 5571 3254 5616 et
3283 5561 3371 5632 qui
3402 5573 3534 5630 guu-

1948 5659 2090 5724 dent,
2121 5668 2369 5730 tanquam
2396 5669 2498 5712 non
2531 5655 2844 5727 gaudentes;
2869 5666 2913 5710 et
2940 5655 3029 5726 qui
3051 5661 3246 5718 emunt,
3278 5661 3526 5722 tanquam

1949 5769 2050 5806 non
2077 5751 2428 5822 possidentes;
2464 5757 2510 5802 et
2543 5747 2632 5816 qui
2660 5755 2875 5801 utuntur
2899 5747 2995 5800 hoc
3035 5743 3249 5806 mundo,
3278 5751 3527 5811 tanquam

1950 5865 2048 5901 non
2109 5853 2324 5900 utantur
2374 5859 2391 5897 :
2439 5843 2668 5914 proterit
2719 5843 2853 5895 enim
2913 5839 3084 5912 ﬁgura
3139 5835 3297 5904 hujus
3344 5830 3528 5889 mundi
