4036 6370
276 279 422 335 ηδτ
1245 276 1548 356 Romae.
1581 277 1844 357 DEFES

1946 279 2405 370 ipsecausa.
2447 281 2612 356 Ετεοι
2681 345 2748 368 ,χι
3438 280 3574 359 ἐϋ.

271 407 402 464 quin
431 408 536 449 non
565 394 735 466 diligit
761 394 950 462 Deus;
962 395 1288 466 patientiam
1318 396 1512 451 sectari
1538 405 1592 450 et
1618 395 1684 449 ah
1709 396 1856 449 oumi
1960 407 2157 466 potest;
2189 399 2418 456 invocare
2457 414 2594 462 eum,
2623 397 2746 450 dum
2769 414 2928 470 prope
2945 398 3407 496 [es‘t_.’DLei°eliti7*u't'tlt
3438 401 3536 453 im-

271 487 618 556 impatientia
651 485 952 556 declinare;
983 490 1288 546 castitatem
1319 491 1563 560 corporis
1590 499 1644 545 et
1671 489 1860 543 animae

273 578 594 643 custodire;
642 594 841 642 vanam
879 580 1104 652 gloriam
1149 590 1528 650 contemnere,
1579 591 1632 635 et
1681 581 1858 636 omnia

272 668 487 732 caduca
529 659 786 735 calcare;
837 671 1194 743 humilitatem
1247 672 1447 727 habere
1491 683 1546 728 et
1593 680 1858 728 tumorem

272 761 549 831 superbia;
578 763 879 832 abominari
914 765 1096 820 :-iram
1127 766 1381 821 cohibere
1412 776 1468 820 et
1496 747 1734 819 furorem
1775 780 1859 818 rc-

269 851 556 924 primere;
593 853 660 907 ab
689 855 838 912 omni
864 855 1092 910 stultitia
1133 856 1406 912 declinare
1448 865 1500 912 et
1537 856 1856 928 sapientiam
1889 923 1892 926 1

271 944 516 1014 divinam
547 945 856 1018 amplecti,
917 963 980 1002 ac
1031 963 1242 1004 onmem
1295 949 1626 1004 voluntatem
1677 950 1857 1006 carnis

270 1033 546 1102 subjicere
575 1039 742 1102 menti
774 1057 786 1092 :
821 1039 1102 1095 avaritiam
1135 1057 1385 1112 spernere
1416 1053 1468 1097 et
1500 1043 1716 1114 propria
1749 1042 1856 1095 lar-

268 1128 378 1198 giri
415 1148 426 1182 :
457 1129 701 1186 cmlestia
734 1133 896 1187 rebus
927 1135 1159 1188 terrenis
1199 1151 1550 1205 praeponere;
1594 1136 1857 1205 judicium

269 1219 370 1274 Dei
401 1221 490 1281 die
521 1232 794 1292 noctuque
827 1225 1124 1294 impensius
1154 1228 1402 1282 meditari
1436 1211 1448 1282 ἐ
1480 1231 1562 1284 ha:
1593 1240 1719 1284 sunt
1747 1231 1856 1284 vir-

270 1320 419 1366 tutes
462 1314 657 1369 anima:
679 1357 694 1381 ,
726 1318 866 1371 unde
897 1319 1075 1372 omnis
1110 1319 1313 1376 fructus
1343 1323 1598 1391 spiritalis
1629 1323 1854 1378 orietur.

268 1403 418 1458 Deus
461 1405 602 1458 enim
649 1422 754 1460 non
807 1422 863 1462 se
908 1409 1021 1463 vult
1065 1412 1246 1466 verbis
1288 1421 1495 1467 tantum
1537 1409 1718 1484 diligi,
1760 1414 1856 1469 sed

265 1499 435 1551 corde
458 1513 593 1568 puro
620 1506 674 1553 et
698 1500 950 1568 operibus
972 1501 1153 1570 justis.
1187 1504 1285 1570 Qui
1317 1506 1461 1558 enim
1487 1506 1650 1558 dicit:
1683 1506 1853 1578 Diligo

263 1592 473 1657 Deum,
506 1603 561 1649 et
603 1596 852 1650 mandata
895 1599 1012 1666 ejus
1050 1614 1154 1652 non
1189 1601 1452 1664 custodit,
1489 1601 1717 1654 mendax
1747 1609 1848 1656 est.

253 1683 412 1738 Deus
443 1685 588 1739 enim
618 1702 724 1740 non
754 1688 968 1741 auditor
997 1690 1320 1754 verborum,
1352 1690 1443 1745 sed
1471 1691 1652 1744 cordis
1683 1692 1855 1760 inspe-

1963 491 2078 558 pius
2118 489 2250 542 viam
2275 506 2440 550 suam,
2468 490 2605 542 etvir
2627 490 2834 560 iniquus
2861 473 3194 559 cogitationes
3208 455 3543 561 Ἕὰίξᾏῇεέεί-
3567 491 3572 498 ’

1963 596 2080 634 mas
2103 579 2234 651 (lsa.
2258 580 2366 648 Lv).
2410 580 2542 647 Quia
2568 581 2643 634 sic
2668 590 2746 634 est
2772 582 2876 633 vita
2910 581 3009 652 ista
3032 583 3181 652 quasi
3211 585 3279 636 sit
3301 575 3461 639 homo
3491 586 3541 642 in
3571 573 3578 590 ³

1963 671 2120 725 domo
2145 669 2318 724 aliena
2350 653 2570 744 :Inescit,
2605 686 2710 740 quo
2735 671 2820 724 die
2841 671 2922 726 vel
2949 689 3052 740 qua
3076 671 3206 728 hora
3233 666 3443 730 dicatur
3464 659 3536 742 ei,
3567 655 3577 689 ³

1962 761 2094 816 Veni
2117 762 2282 827 foras,
2307 763 2429 832 quia
2453 780 2558 817 non
2586 774 2670 818 est
2691 773 2780 817 tua
2805 765 2992 818 domus
3026 782 3076 818 in
3105 781 3208 835 qua
3231 760 3329 819 es:
3355 763 3432 820 sic
3456 750 3574 820 in?"

1963 854 2209 924 cognitus
2231 863 2313 910 est
2341 855 2492 907 nobis
2519 855 2638 909 fluis
2667 864 2866 908 noster.
2915 854 3036 908 ideo
3076 852 3424 911 adruunt-mus
3447 841 3576 922 mgf

1961 955 2019 997 nt
2044 947 2182 1015 quod
2205 947 2526 1016 promisistis
2554 947 2605 1001 in
2631 949 2900 1016 baptismo
2922 957 3045 1002 ante
3068 958 3409 1018 conspectum
3438 931 3575 1024 Dei

1959 1039 2045 1092 vel
2072 1040 2402 1109 angelorum,
2431 1041 2570 1093 nulla
2611 1042 2680 1095 sit
2713 1041 3068 1112 negligentia;
3117 1051 3169 1095 et
3196 1039 3242 1096 si
3266 1043 3378 1112 jam
3417 1043 3536 1110 fuit,
3567 1031 3576 1056 ¹

1959 1141 2242 1202 succurrat
2285 1134 2621 1202 poenitentia.
2681 1133 2795 1188 Duo
2841 1144 2965 1188 sunt
3009 1151 3126 1204 qum
3163 1135 3525 1204 promisistis:
3567 1115 3573 1138 τ

1957 1237 2145 1288 unum,
2177 1225 2396 1278 credere
2440 1240 2535 1278 vos
2577 1223 2626 1277 in
2664 1225 2828 1278 Deum
2855 1223 3067 1278 Patrem
3113 1213 3537 1294 omnipotentem

1959 1323 2013 1372 et
2057 1318 2108 1370 in
2144 1315 2326 1370 Iesum
2361 1317 2632 1372 Christum
2667 1316 2861 1370 Filium
2903 1331 3047 1384 eius,
3092 1323 3144 1370 et
3190 1319 3241 1371 in
3274 1303 3568 1388 'Spir'itnn'r

1957 1417 2233 1471 sanctum;
2281 1408 2528 1472 alterum,
2555 1408 2881 1476 promisistis
2919 1409 3304 1462 abrenuntiare
3330 1397 3547 1463 diabolo

1956 1508 2010 1551 et
2031 1499 2278 1552 omnibus
2301 1498 2553 1567 operibus
2579 1497 2714 1565 ejus.
2741 1501 2795 1552 in
2826 1500 2906 1553 his
2927 1499 3179 1554 brevibus
3202 1491 3573 1556 sermonibus"

1956 1590 2121 1644 multa
2162 1598 2284 1643 sunt
2327 1584 2445 1658 qua:
2487 1591 2850 1644 continentur.
2897 1589 2986 1644 llle
3033 1591 3377 1645 abrenuntiat
3423 1579 3573 1646 dia--

1952 1684 2134 1738 bolum
2175 1693 2226 1737 et
2266 1698 2427 1754 opera
2475 1681 2618 1751 ejus,
2669 1685 2760 1753 qui
2800 1683 2932 1754 fugit
2975 1684 3278 1738 criminalia
3317 1669 3571 1758 peccata;

263 1789 388 1835 ctor
419 1790 534 1846 est,
565 1791 620 1838 et
648 1782 821 1852 diligit
851 1800 942 1837 eos
973 1785 1062 1858 qui
1105 1785 1155 1837 in
1190 1786 1534 1855 simplicitate
1563 1786 1742 1840 cordis
1773 1785 1853 1839 di-
1881 1763 1928 1822 Β
1955 1792 2074 1846 qius
2102 1785 2350 1846 mergunt
2393 1776 2638 1831 homines
2676 1777 2727 1830 in
2764 1776 3086 1847 Supplicium
3129 1785 3412 1843 mlernum.
3437 1779 3539 1835 hoc

260 1870 449 1939 ligunt
489 1871 660 1926 illum.
707 1872 800 1928 liis
841 1876 1004 1929 etiam
1043 1877 1368 1946 supradictis
1407 1878 1695 1932 virtutibus
1739 1879 1852 1933 ani-

263 1982 477 2020 marum
496 2008 510 2031 ,
538 1965 735 2022 fratres
764 1969 865 2022 mei
889 2011 902 2034 ,
925 1978 1051 2024 sunt
1076 1972 1319 2040 quadam
1350 1971 1476 2030 vitia
1510 1972 1850 2026 adversantia

262 2077 386 2130 quae
417 2062 686 2134 prodeunt
714 2079 776 2117 ex
811 2065 993 2119 radice
1024 2064 1355 2138 iniquitatis,
1402 2075 1561 2138 atque
1603 2074 1852 2136 mergunt

261 2154 518 2208 homines
569 2155 622 2208 in
673 2164 895 2226 puteum
944 2158 1173 2224 inferni,
1215 2160 1652 2232 perpetrantibus
1693 2175 1755 2214 ea
1799 2168 1853 2213 et

263 2261 370 2300 non
404 2247 840 2304 emendantibus.
876 2249 998 2304 lianc
1028 2260 1154 2306 sunt
1181 2251 1386 2321 ventris
1416 2251 1708 2323 ingluvies,
1743 2253 1851 2307 for-

260 2339 497 2422 nicatio,
527 2341 786 2406 avaritia,
820 2342 898 2394 ira
919 2383 932 2407 ,
964 2358 1096 2396 vana
1123 2342 1291 2418 gloria
1314 2384 1327 2408 ,
1357 2343 1625 2414 superbia.
1657 2345 1736 2398 Ex
1766 2345 1850 2400 his

259 2443 563 2488 nascuntur
592 2436 1046 2500 comessationes,
1085 2436 1378 2494 ebrietates
1398 2478 1412 2504 ,
1446 2437 1595 2496 locus
1625 2440 1850 2495 inhone-

261 2533 379 2579 stus
427 2523 634 2599 (Forte,
685 2527 891 2584 luerum
939 2530 1370 2607 inhonestum),
1419 2533 1844 2605 stultiloquium,

259 2616 637 2683 mendacium,
670 2616 812 2672 furta
832 2659 846 2682 ,
876 2618 1139 2690 perjuria,
1177 2622 1347 2691 turpis
1377 2622 1513 2678 lucri
1546 2626 1844 2696 appetitus,

259 2706 396 2761 falsa
443 2709 781 2774 testimonia,
828 2711 1230 2780 inhumanitas,
1278 2715 1580 2784 rapacitas,
1622 2717 1848 2773 homici-

259 2799 383 2864 dia,
415 2800 738 2868 inimicitia},
768 2804 1172 2867 contentiones,
1203 2807 1444 2874 invidiae,
1478 2809 1808 2878 impatientia
1829 2853 1844 2878 ,

255 2889 598 2962 indignatio,
629 2901 994 2964 contemptus,
1029 2895 1392 2956 inobedientia
1413 2939 1427 2963 ,
1463 2901 1843 2970 murmuratio,

259 2979 549 3036 detractio.
582 2979 659 3035 Ab
688 2983 772 3038 his
801 2984 966 3040 etiam
998 2985 1142 3039 vitiis
1175 2997 1229 3040 et
1258 2987 1326 3041 ab
1365 2987 1485 3044 aliis
1523 3005 1840 3057 caveamus,

256 3080 314 3125 et
349 3071 678 3130 declinemus
709 3074 776 3129 ab
808 3075 916 3140 eis,
951 3084 1004 3128 et
1037 3076 1217 3130 inania
1245 3080 1596 3134 emendemus
1628 3080 1682 3134 in
1723 3095 1839 3136 me-

1955 1876 2058 1932 cst,
2103 1868 2475 1938 sacrilegium,
2521 1869 2896 1933 homicidium,
2948 1871 3295 1936 adulterium,
3341 1871 3536 1926 falsum

1958 1959 2353 2024 testimonium,
2410 1960 2644 2025 furtum,
2691 1961 2968 2030 rapinam,
3023 1962 3350 2031 superbiam,
3397 1963 3538 2017 invi-

1954 2051 2118 2116 diam,
2162 2052 2467 2115 avaritiam,
2512 2051 2884 2120 cupiditatem,
2927 2052 3286 2116 iracundiam,
3325 2067 3537 2107 comes-

1953 2144 2240 2207 sationcm,
2279 2143 2599 2197 ebrietatem
2623 2152 2677 2199 et
2707 2144 2934 2214 reliqua,
2962 2146 3085 2215 quia
3129 2160 3234 2199 non
3280 2147 3539 2200 mentitur

1953 2247 2170 2292 sanctus
2193 2237 2480 2307 Apostolus
2505 2239 2690 2294 dicens
2718 2256 2729 2291 ε
2764 2239 2944 2309 Neque
2973 2239 3165 2293 ebriosi
3200 2255 3413 2313 regnum
3443 2238 3536 2293 Dei

1949 2329 2282 2397 possidebunt
2323 2327 2374 2400 (1
2400 2327 2522 2382 Cor.
2574 2328 2670 2400 vi).
2719 2328 2951 2384 Proinde
3009 2345 3167 2385 nemo
3207 2344 3266 2386 se
3306 2331 3535 2386 circum-

1949 2418 2150 2472 veniat.
2205 2419 2518 2488 Quicunque
2562 2419 2826 2483 ebriosus,
2869 2435 2967 2488 pro
3011 2420 3122 2489 ipsa
3171 2420 3459 2486 ebrietate,
3490 2422 3536 2476 si

1948 2510 2318 2579 paenitentiam
2362 2526 2466 2564 non
2501 2511 2670 2581 egerit
2709 2519 2765 2565 et
2797 2525 2967 2580 usque
3001 2511 3068 2564 ad
3103 2519 3334 2567 mortem
3381 2527 3531 2566 suam

1945 2601 2002 2657 in
2038 2603 2148 2672 ipsa
2178 2603 2443 2658 ebrietate
2467 2602 2744 2668 manserit,
2777 2603 2829 2656 in
2858 2611 3118 2657 aeternum
3151 2603 3368 2673 peribit,
3401 2611 3453 2658 et
3481 2605 3534 2658 in

1946 2707 2205 2767 perpetua
2257 2695 2474 2750 ﬂamma
2530 2696 2645 2750 sine
2679 2694 2788 2748 ﬁne
2831 2694 3060 2749 ardebit.
3114 2693 3378 2750 Similiter
3423 2708 3568 2750 me—'

1946 2788 2206 2841 tuendum
2252 2796 2334 2842 est
2372 2787 2764 2858 juramentum,
2816 2786 2939 2856 quia
2972 2802 3069 2857 per
3098 2786 3358 2857 Spiritum
3410 2803 3534 2842 san~

1943 2886 2090 2932 ctum
2121 2879 2321 2934 dictum
2352 2887 2431 2932 est
2467 2878 2520 2932 in
2549 2893 2704 2933 sacra
2725 2878 3006 2949 Scriptura
3033 2895 3047 2934 :
3083 2877 3168 2932 Vit
3199 2879 3420 2934 multum
3441 2882 3535 2951 ju-

1945 2985 2069 3023 rans
2092 2969 2390 3040 implebitur
2410 2970 2684 3042 iniquitate
2709 2968 2896 3041 (Eccli.
2925 2970 3103 3040 χχιιι).
3135 2969 3270 3037 Quia
3301 2972 3532 3041 quicun-

1945 3073 2050 3130 que
2077 3075 2174 3130 per
2188 3059 2553 3129 juramentum
2604 3059 2812 3132 [Forte,
2862 3060 3183 3134 perjurium]
3238 3061 3444 3128 fecerit,
3481 3065 3534 3116 et

254 3162 366 3220 lius
383 3167 534 3235 quod
565 3168 897 3238 negligenter
927 3170 1303 3242 peccavimus,
1336 3188 1401 3230 ne
1432 3173 1613 3228 subito
1637 3188 1841 3244 praeoc-
1869 3138 1913 3205 C
1945 3152 1992 3207 εί
2025 3152 2176 3244 ,νίνδί
2206 3167 2451 3244 ⁰⁰¹Ῥ⁰Γθν
2486 3162 2663 3244 tamen
2713 3161 2970 3244 morm"?
2994 3161 3075 3207 es‘
3116 3155 3172 3207 in
3218 3153 3416 3244 imm:
3468 3153 3534 3206 Et

258 3258 437 3326 cupati
477 3256 566 3313 die
606 3261 797 3316 mortis
820 3303 836 3327 ,
876 3277 1182 3331 quaeramus
1215 3265 1446 3333 spatium
1479 3267 1837 3336 paenitentiae,

257 3359 314 3404 et
345 3350 590 3420 invenire
641 3369 752 3414 non,
792 3356 1079 3424 possimus.
1136 3356 1456 3416 Meditemur
1504 3361 1840 3432 supradictas

253 3445 484 3505 virtutes
507 3445 728 3524 iugiter,
765 3452 1079 3519 operando,
1120 3452 1460 3520 conﬁtendo,
1491 3454 1838 3524 paenitendo,

257 3541 480 3624 assidue
507 3542 574 3600 ad
604 3541 887 3602 ecclesiam
932 3544 1230 3610 veniendo,
1262 3547 1498 3612 orando,
1531 3547 1800 3620 vigilando
1822 3589 1836 3615 ,

256 3633 658 3704 eleetnosynam
705 3635 999 3706 largiendo.
1056 3636 1179 3694 Haec
1227 3637 1556 3695 facientibus
1585 3639 1693 3694 vita
1738 3641 1840 3698 erit

251 3733 495 3789 aeterna.
531 3735 592 3783 et
632 3728 1002 3800 ingrediantur
1037 3731 1109 3788 .ad
1145 3730 1278 3785 illud
1311 3747 1568 3806 regnum,
1601 3733 1690 3790 tibi
1721 3733 1836 3792 Rex

253 3835 446 3890 regum
462 3828 545 3877 est
563 3827 616 3876 et
646 3820 906 3879 Dominus
925 3821 1319 3880 dominantium
1345 3841 1356 3875 :
1391 3824 1479 3882 ubi
1503 3823 1591 3880 lux
1618 3825 1733 3880 sine
1759 3832 1838 3888 tc-

251 3912 440 3972 hebris
457 3920 560 3982 est,
585 3913 692 3970 vita
725 3913 840 3970 sine
866 3923 1068 3980 morte,
1100 3914 1286 3971 lzetitia
1317 3917 1435 3976 sine
1466 3916 1688 3974 tristitia
1707 3959 1722 3984 ,
1753 3934 1840 3974 sa.

251 4006 402 4061 nitas
433 4005 550 4062 sine
577 4005 798 4071 dolore;
833 4005 920 4062 ubi
952 4023 1114 4068 nemo
1143 4007 1314 4065 esurit
1343 4023 1518 4079 neque
1547 4010 1662 4066 sitit
1686 4027 1700 4075 ;
1746 4011 1834 4068 ubi

253 4106 382 4156 sunt
423 4098 632 4170 majora
667 4106 723 4152 et
767 4099 990 4156 meliora
1018 4100 1158 4156 bona
1197 4101 1461 4174 spiritalia
1493 4117 1614 4174 qua:
1653 4102 1836 4177 lingua

251 4190 489 4245 humana
519 4205 777 4245 enarrare
806 4207 912 4245 non
943 4193 1142 4262 possit,
1169 4208 1294 4262 qua:
1332 4194 1658 4266 praeparavit
1700 4194 1838 4254 Deus

251 4283 601 4353 diligentibus
629 4298 688 4338 se
713 4301 726 4336 :
759 4284 897 4355 quod
916 4285 1100 4342 oculus
1126 4300 1230 4344 non
1259 4286 1385 4346 vidit
1405 4328 1419 4352 ,
1448 4305 1540 4342 nec
1565 4288 1711 4342 auris
1736 4305 1836 4342 au-

250 4374 413 4437 divit,
461 4389 554 4426 nec
595 4372 649 4426 in
695 4390 786 4430 cor
828 4373 1056 4430 hominis
1084 4377 1316 4432 ascendit
1347 4376 1365 4448 (
1389 4376 1419 4434 1
1447 4376 1569 4431 Cor.
1598 4394 1651 4432 ix
1681 4376 1722 4449 ).
1755 4378 1835 4433 Ad

249 4464 356 4524 hoc
393 4477 652 4533 regnum,
699 4463 986 4532 adjuvante
1030 4466 1259 4522 Domino
1304 4467 1582 4526 Salvatore
1627 4477 1828 4534 nostro,

1947 3242 2254 3312 quicunque
2292 3242 2344 3297 in
2375 3257 2432 3297 se
2463 3241 2545 3297 vel
2584 3256 2753 3296 unum
2781 3244 2846 3298 de
2886 3242 3004 3297 istis
3042 3241 3277 3312 peccatis
3327 3240 3530 3296 habere

1945 3331 2254 3402 cognoscit,
2303 3331 2409 3386 nisi
2460 3331 2775 3402 poenitentia
2825 3331 2876 3387 ei
2926 3331 3258 3398 subvenerit,
3307 3345 3531 3402 regnum

1945 3423 2203 3479 caelorum
2236 3425 2436 3480 habere
2468 3440 2572 3479 non
2603 3434 2797 3497 potest.
2853 3424 2958 3481 Sed
2995 3426 3039 3482 si
3069 3425 3316 3484 volumus
3338 3441 3527 3484 veram

1941 3516 2185 3572 invenire
2211 3526 2552 3588 peccatorum
2586 3528 2897 3575 nostrorum
2940 3521 3332 3586 remissionem,
3367 3521 3532 3575 done—

1942 3625 2064 3665 mus
2092 3627 2274 3665 veram
2319 3611 2709 3666 confessionem
2748 3627 2812 3668 ex
2853 3619 2965 3666 toto
2999 3613 3162 3667 corde
3188 3628 3312 3668 eum
3353 3612 3515 3683 lacry-

1942 3702 2066 3767 mis,
2093 3703 2217 3773 quia
2243 3703 2497 3774 “laci-ymae
2525 3703 2904 3772 ptenitentium
2943 3705 3082 3774 apud
3115 3703 3400 3758 Dominum
3432 3705 3536 3775 pro

1941 3793 2266 3865 baptismate
2293 3794 2640 3865 deputantur,
2674 3795 2798 3865 quia
2844 3793 2987 3849 nulla
3019 3804 3125 3849 tam
3157 3796 3336 3866 gravis
3371 3794 3527 3864 culpa

1939 3895 2022 3940 est
2046 3902 2164 3955 qum
2189 3902 2286 3956 per
2313 3886 2690 3956 pmnitentiam
2719 3886 2886 3941 deleri
2916 3886 3238 3956 non'possit.
3271 3883 3549 3950 Proinde,

1942 3977 2299 4044 dilectissimi,
2343 3978 2594 4032 redimite
2639 3978 2850 4032 animas
2890 3986 3102 4033 vestras
3142 3979 3207 4034 de
3248 3993 3408 4048 pcena
3451 3976 3525 4032 in.

1940 4068 2078 4124 ferai
2109 4070 2234 4123 dum
2265 4070 2315 4122 in
2345 4070 2449 4124 hac
2479 4069 2586 4123 vita
2619 4069 2817 4133 vivitis,
2850 4069 2972 4138 quia
2995 4078 3122 4139 post
3151 4078 3379 4124 mortem
3409 4069 3520 4124 nui.

1941 4162 2024 4217 ius
2063 4178 2158 4217 vos
2194 4162 2448 4228 redimet,
2492 4162 2537 4217 si
2568 4162 2632 4216 de
2663 4163 2766 4216 hoc
2807 4161 3004 4216 saeculo
3031 4162 3149 4216 sine
3193 4160 3530 4216 confessione

1940 4263 1994 4310 et
2021 4255 2340 4325 pmnitentia
2375 4254 2571 4308 mortui
2609 4252 2840 4308 fueritis.
2872 4252 3109 4322 Agamus
3131 4247 3526 4323 paenitentiam,

1939 4357 1994 4404 et
2029 4349 2425 4420 cleemosynam
2466 4363 2750 4417 erogemus
2793 4347 3124 4418 pauperibus
3164 4346 3229 4401 de
3261 4343 3409 4414 justo
3447 4336 3528 4399 la-

1938 4442 2069 4497 bore
2117 4442 2413 4511 acquisitis,
2447 4443 2570 4511 quia
2612 4441 2750 4496 sicut
2786 4435 2924 4514 aqua
2977 4439 3270 4508 exstinguit
3323 4439 3526 4510 ignem,

246 4525 660 4627 pervenimus;
689 4525 900 4614 ωὀωη
941 4556 1033 4614 illo
1075 4572 1363 4626 regnem”
1407 4561 1461 4615 in
1499 4525 1832 4639 semp-uana,
1858 4525 1912 4592 Β
1937 4535 2011 4590 ita
2039 4535 2375 4606 eleemosyna
2407 4535 2703 4605 exstinguit
2732 4542 3014 4604 peccatum
3041 4531 3230 4605 (Eccli.
3266 4531 3368 4603 ιιι).
3400 4530 3549 4584 ΒῙ’1ῑ-⁵

247 4644 468 4703 szecula.
499 4646 691 4710 Amen.

782 4740 1063 4804 HOMILIA
1113 4742 1295 4801 LXVI.

745 4851 878 4894 ιτειι
943 4853 1081 4894 UNDE
1145 4853 1334 4898 SUPBA.

315 4927 540 4995 Audite,
600 4927 797 4987 fratres
843 4929 1178 4996 charissimi,
1253 4930 1522 5002 quomodo
1577 4945 1832 5000 magnum

241 5020 548 5092 periculum
579 5029 662 5078 est
699 5021 1068 5078 sacerdotibus
1101 5020 1323 5086 Christi,
1364 5021 1416 5076 id
1451 5030 1534 5079 est
1566 5022 1834 5094 episcOpis

243 5121 299 5170 et
315 5113 674 5186 presbyteris,
699 5114 790 5186 qui
827 5129 931 5170 non
967 5114 1289 5170 annuntiant
1309 5114 1460 5175 vobis
1487 5131 1606 5189 qua:
1636 5115 1834 5182 facere,

244 5220 368 5277 qua:
407 5206 582 5264 vitare
623 5205 864 5264 debeatis
891 5224 902 5259 :
929 5206 1052 5274 quia
1099 5207 1143 5262 si
1189 5222 1286 5262 nos
1328 5223 1436 5266 non
1483 5208 1835 5268 aununtiavc—

243 5295 441 5360 rimus,
478 5304 538 5352 ut
571 5296 856 5367 corrigatis
889 5299 1246 5369 vosmetipsos
1278 5300 1346 5356 ab
1375 5300 1627 5369 operibus
1657 5300 1832 5365 malis,

241 5401 348 5448 nos
401 5387 455 5443 in
497 5389 583 5444 die
619 5387 805 5459 iudicii
855 5389 1119 5443 rationem
1180 5389 1440 5444 reddituri
1494 5389 1702 5446 erimus
1733 5406 1832 5462 pro

243 5479 419 5538 vobis.
463 5481 531 5540 Et
562 5480 609 5536 si
647 5481 1019 5552 unusquisque
1055 5497 1155 5552 pro
1190 5497 1285 5538 suo
1309 5491 1528 5553 peccato
1554 5484 1641 5537 vix
1665 5483 1836 5552 possit

240 5587 460 5646 pinnam
507 5573 769 5639 evadere,
812 5575 943 5645 quid
1001 5575 1066 5632 de
1113 5577 1484 5635 sacerdotibus
1523 5578 1665 5632 erit?
1709 5578 1832 5648 quia

241 5667 400 5726 nobis
443 5666 761 5723 mandatmn
784 5674 864 5721 est
890 5674 946 5719 ut
969 5667 1120 5724 vobis
1156 5668 1533 5724 annuntiemus
1566 5670 1680 5727 sine
1719 5684 1833 5725 ces-

241 5759 479 5828 satione,
513 5758 798 5818 dicentes:
832 5756 1065 5826 Quwtite
1097 5759 1408 5829 Dominum,
1447 5761 1572 5817 dunt
1614 5762 1831 5820 iurcniri

1935 4645 2125 4700 gamus
2154 4627 2319 4683 Deum
2352 4644 2416 4683 ex
2450 4637 2562 4683 toto
2594 4629 2775 4694 corde,
2810 4635 2862 4680 et
2888 4643 2952 4681 ex
2997 4634 3108 4680 tota
3140 4627 3343 4691 anima,
3375 4631 3430 4679 et
3461 4637 3527 4678 ex

1936 4729 2047 4776 tota
2081 4721 2298 4786 virtute,
2326 4730 2380 4776 et
2402 4737 2467 4775 ex
2499 4730 2612 4774 tota
2640 4727 2849 4784 mente;
2877 4718 3067 4773 deinde
3105 4717 3381 4788 proximos
3417 4717 3529 4772 sica

1933 4820 1995 4868 ut
2027 4814 2389 4882 nosmetipsos
2419 4811 2720 4881 diligamus,
2761 4810 2863 4863 hoc
2904 4816 2986 4863 est
3014 4808 3308 4862 maximum
3337 4814 3390 4861 et
3417 4807 3527 4876 pri-

1936 4919 2083 4957 mum
2132 4903 2446 4956 mandatum
2493 4900 2714 4956 Christi.
2775 4900 2842 4954 Et
2871 4898 3152 4954 observate
3185 4895 3526 4951 Dominicum

1938 4995 2105 5060 diem,
2145 5004 2204 5048 ut
2237 4993 2440 5048 nullum
2472 4993 2666 5048 servile
2703 5007 2837 5062 opus
2873 4993 2926 5045 in
2957 5005 3022 5045 eo
3052 4988 3287 5054 faciatis,
3319 4987 3442 5058 quia
3471 4989 3524 5043 in

1939 5106 2005 5145 eo
2032 5091 2173 5144 Deus
2225 5088 2401 5143 lucem
2453 5085 2738 5143 condidit:
2777 5086 2832 5138 in
2883 5099 2948 5139 eo
2997 5097 3195 5137 manna
3245 5082 3300 5135 in
3343 5094 3526 5134 eremo

1936 5181 2104 5252 ptuit;
2140 5181 2191 5234 in
2223 5197 2287 5235 eo
2313 5180 2645 5249 Redemptor
2674 5176 2896 5231 humani
2945 5174 3159 5245 generis
3197 5182 3386 5246 sponte
3427 5177 3525 5243 pro

1939 5276 2113 5329 salute
2145 5284 2325 5328 nostra
2372 5288 2400 5325 a
2441 5271 2670 5325 mortuis
2715 5268 3044 5332 resurrexit;
3083 5267 3138 5320 in
3166 5280 3230 5321 eo
3259 5265 3523 5336 Spiritum

1940 5376 2190 5422 sanctum
2237 5381 2397 5435 super
2427 5363 2716 5433 discipulos
2755 5359 2966 5414 infudit.
3004 5358 3177 5413 Tanta
3208 5358 3365 5413 debet
3403 5369 3524 5412 esse

1935 5459 2280 5515 observantia
2311 5467 2388 5524 ut,
2439 5463 2638 5527 praeter
2684 5452 2959 5509 orationes
3007 5460 3063 5506 et
3111 5451 3394 5505 missarum
3440 5463 3525 5502 su-

1934 5553 2153 5616 lemnia,
2202 5560 2256 5606 et
2297 5566 2358 5606 ea
2404 5564 2521 5620 quae
2561 5548 2626 5602 ad
2667 5545 2990 5600 vescendum
3036 5542 3338 5614 pertinent,
3388 5537 3522 5598 nihil

1936 5646 2079 5700 aliud
2114 5644 2293 5698 faciat.
2342 5641 2475 5695 Nam
2506 5648 2559 5693 et
2601 5638 2643 5693 si
2684 5637 2983 5692 necessitas
3029 5633 3193 5688 fuerit
3234 5628 3521 5699 navigandi

1936 5736 2049 5795 sive
2090 5733 2411 5802 itinerandi,
2441 5730 2661 5787 licentia
2693 5729 2870 5800 datur,
2903 5728 2978 5783 ita
3017 5725 3281 5782 duntaxat
3314 5729 3375 5778 ut
3416 5719 3524 5780 hac
