4036 6370
545 333 655 407 135
1196 343 1260 400 Β.
1299 342 1569 407 usam,
1591 342 1809 407 usum
1845 341 2115 407 ARCiilEl

2220 341 2530 407 MOGUNTV
2554 341 2838 407 QPERUM
2874 341 3054 400 PARS
3085 341 3150 399 ll.
3618 345 3630 382 ί
3649 345 3670 386 ι’
3693 341 3799 399 156

431 425 482 468 ’ς’
545 341 655 407 135
1196 343 1260 400 Β.
1299 342 1809 426 ΒΑΒΑΝΙι

2220 341 2530 423 aequus.
2554 341 2838 408 ornatui
2874 341 3054 400 rans
3085 341 3150 399 ιι.

1945 535 1948 538 ’
2049 502 2358 560 ί⁴ι⁸⁵⁴”’,⁵

573 925 578 938 ι
908 821 1411 1020 nolunt)
1517 811 2422 1106 tumtutum
2526 785 2672 1008 n
2777 853 3428 1015 EPISTODAS.
3644 762 3648 768 ’
3709 847 3722 952 έ

1961 1099 1984 1120 Α

1120 1184 1522 1243 'PREFATIO.
1546 1195 1548 1198 '
1637 1191 1640 1194 ’
1681 1181 1700 1199 ³
1761 1181 1763 1184 ⁴
1915 1189 1918 1192 ’
2222 1187 2310 1239 ubi
2339 1183 2580 1270 Christus
2600 1197 2678 1242 est
2705 1188 2774 1266 ad
2801 1149 3079 1258 dexteram.)
3211 1196 3432 1264 sedens;
3452 1217 3570 1272 quia
3587 1221 3806 1264 sursum

849 1281 852 1286 ’
936 1275 1019 1338 An
1046 1274 1368 1338 ΙιοτηΑιιιωί
1399 1281 1716 1336 Aucusruu.

610 1376 998 1437 Amanttssimo
1034 1375 1345 1446 imperatori
1372 1373 1652 1430 ιοτιωιιο
1679 1369 1922 1444 Augusto
1947 1370 2116 1437 salus,

449 1487 456 1490 -
543 1452 772 1509 victoria
791 1458 848 1505 et
873 1449 984 1504 vita
1018 1454 1297 1518 perpetua.

605 1564 911 1635 Cognoscat
951 1551 1167 1615 almitas
1202 1563 1404 1623 vestra,
1429 1555 1504 1611 mi
1547 1554 1783 1620 domine,
1809 1555 1955 1624 quod
1978 1552 2120 1608 sicut

536 1655 768 1730 primam
801 1661 1012 1723 partem
1035 1648 1380 1706 bomiliarum
1409 1649 1463 1702 in
1487 1645 1746 1704 lectiones
1781 1645 2119 1718 evangelicas

534 1743 1035 1818 atque'appstolicas
1059 1741 1192 1797 mihi
1217 1741 1460 1797 scribere
1478 1740 1742 1810 jussistis,
1767 1756 1928 1812 quam
1954 1739 2116 1796 etiam

535 1858 566 1898 a
591 1840 766 1896 Natali
788 1837 1002 1895 Domini
1026 1835 1311 1906 incipiens,
1343 1850 1514 1904 usque
1550 1835 1605 1889 in
1649 1835 1862 1907 vigilias
1896 1832 2120 1890 Paschtc

530 1932 782 2006 perduxi,
831 1939 887 1985 et
913 1929 1068 1985 vobis
1118 1936 1396 2000 peractam
1426 1926 1726 1992 transmisi,
1755 1926 1828 1980 ita
1857 1941 1888 1980 a
1907 1917 2118 1980 Pascha

531 2040 706 2096 usque
733 2025 802 2080 ad
839 2022 1086 2095 quintam
1121 2021 1384 2077 decimam
1412 2019 1746 2076 Dominicam
1771 2026 1891 2089 post
1929 2017 2122 2073 Pente-

529 2125 736 2180 costen,
767 2114 1062 2171 secundam
1082 2122 1290 2184 partem
1316 2112 1580 2184 pertraxi,
1600 2120 1660 2166 ut
1681 2111 1958 2167 haberetis
1977 2109 2121 2180 quod

529 2209 584 2262 in
623 2207 907 2279 praesentia
934 2215 1116 2262 vestra
1146 2213 1389 2274 tempore
1413 2204 1557 2259 veris
1578 2213 1635 2259 et
1652 2203 1877 2270 aestatis,
1901 2203 1946 2257 si
1968 2201 2123 2257 vobis

529 2303 604 2358 ita
628 2301 891 2373 placeret,
915 2300 1067 2356 horis
1095 2299 1531 2368 competentibus
1558 2297 1851 2367 legeretur.
1879 2294 2122 2350 Tertiam

527 2407 660 2448 vero
690 2399 904 2463 partem
931 2406 964 2445 a
986 2390 1220 2446 termino
1245 2403 1408 2458 supra
1435 2395 1622 2443 notato
1661 2400 1832 2457 usque
1861 2386 1931 2440 ad
1958 2385 2123 2442 finem

529 2483 657 2540 anni
683 2482 1001 2553 perducere,
1031 2481 1078 2536 si
1115 2480 1257 2536 Deus
1309 2480 1384 2534 ita
1428 2477 1682 2544 voluerit,
1731 2477 1911 2548 cogito
1961 2485 2124 2546 atque

2221 1291 2342 1334 sunt
2379 1281 2565 1351 sapite,
2585 1298 2689 1337 non
2708 1300 2824 1355 qua:
2847 1302 3004 1358 super
3027 1297 3244 1346 terram.
3270 1290 3351 1348 Ac
3382 1294 3427 1348 si
3470 1294 3684 1354 dicatur
3708 1316 3815 1358 nos

2221 1373 2312 1445 qui
2342 1374 2409 1430 ad
2438 1374 2725 1446 imaginem
2765 1386 2968 1434 sanctae
3006 1379 3289 1439 Trinitatis
3339 1384 3542 1442 conditi
3593 1405 3812 1460 sumus,

2221 1466 2363 1521 trina
2400 1463 2748 1524 subversione
2777 1470 3032 1541 baptizati
3075 1487 3174 1545 per
3220 1474 3618 1535 invocationem
3644 1481 3810 1553 ejus-

2224 1559 2346 1614 dem
2374 1568 2575 1615 sanctaa
2600 1557 2884 1617 Trinitatis
2915 1563 2983 1619 ad
3034 1566 3280 1621 eamdem
3311 1582 3640 1627 renovamur
3664 1573 3814 1630 ima-

2222 1648 2424 1719 ginem,
2483 1657 2538 1705 et
2593 1650 2685 1720 qui
2731 1649 2875 1708 trino
2911 1662 3134 1722 peccato
3160 1657 3399 1715 maxime
3423 1659 3728 1720 decidimus
3757 1665 3816 1722 in

2224 1748 2474 1806 mortem,
2517 1741 2572 1795 id
2593 1749 2697 1811 est,
2731 1741 2787 1797 in
2815 1744 3143 1817 cogitatione
3172 1748 3379 1820 iniqua,
3412 1751 3467 1807 in
3495 1753 3817 1814 delectatio-

2224 1845 2293 1885 ne
2321 1831 2501 1886 carnis
2521 1848 2642 1887 cum
2671 1847 2938 1890 consensu
2963 1851 3185 1908 operum
3205 1841 3494 1911 malorum,
3515 1847 3680 1903 tertio
3701 1849 3820 1904 ele-

2223 1923 2333 1977 vati
2365 1921 2433 1978 de
2455 1921 2624 1992 fonte,
2654 1925 2974 1982 remissione
2997 1930 3238 1985 omnium
3285 1943 3635 2003 peccatorum
3678 1951 3815 2009 per-

2225 2023 2381 2085 cepta
2404 2029 2502 2085 per
2519 2013 2723 2070 Christi
2744 2017 2995 2088 gratiam,
3019 2019 3159 2074 sicut
3183 2021 3300 2092 ipse
3325 2025 3489 2080 tertia
3513 2027 3601 2082 die
3623 2043 3821 2085 resur-

2225 2109 2387 2173 rexit,
2433 2123 2534 2164 nos
2561 2123 2926 2192 resurgamus_
2959 2111 3028 2168 ad
3081 2112 3270 2169 vitam.
3307 2114 3416 2172 Nos
3449 2133 3580 2174 vero
3604 2120 3652 2175 si
3676 2136 3819 2176 con-

2225 2215 2447 2271 surgere
2469 2200 2714 2270 cupimus
2727 2216 2848 2256 cum
2864 2200 3101 2269 Christo,
3133 2204 3287 2275 prius
3300 2207 3600 2264 moriamur
3610 2211 3821 2266 mundo

2223 2299 2279 2348 et
2298 2292 2748 2362 concupiscentiis
2769 2291 3099 2361 carnalibus,
3124 2303 3184 2350 et
3209 2296 3544 2368 deponamus
3567 2308 3820 2358 veterem

2225 2385 2521 2450 hominem,
2553 2383 2605 2439 id
2628 2391 2733 2450 est,
2764 2384 2961 2440 malam
2988 2385 3346 2455 voluntatem,
3377 2389 3464 2445 vel
3499 2407 3657 2447 usuin
3679 2408 3813 2464 pra-

2224 2493 2352 2532 vum
2377 2485 2433 2532 et
2455 2475 2842 2533 delectationes
2862 2478 3158 2547 pessimas;
3189 2479 3477 2537 induamus
3522 2499 3622 2539 nos
3651 2485 3819 2540 beni-

527 2574 782 2639 decerno,
808 2579 865 2628 et
885 2571 1038 2627 vobis
1058 2585 1179 2625 eam
1207 2569 1480 2635 similiter,
1511 2584 1633 2624 cum
1662 2569 1899 2639 perlecta
1927 2565 2112 2632 fuerit,
2142 2581 2191 2641 Β
2219 2572 2426 2644 gnitate
2459 2578 2519 2624 ut
2537 2571 2799 2640 proximis
2825 2571 3028 2627 nostris
3051 2586 3174 2627 cum
3204 2575 3352 2629 omni
3385 2575 3672 2632 devotione
3701 2578 3812 2634 bo-

527 2664 894 2721 transmittere
941 2661 1194 2734 dispono,
1245 2661 1337 2716 ubi
1383 2661 1549 2716 etiam
1612 2673 1780 2730 prope
1823 2659 2117 2712 terminum

534 2757 706 2830 ipsius
729 2755 910 2828 operis
935 2754 1004 2811 de
1025 2761 1336 2810 sanctorum
1357 2751 1766 2817 festivitatibus,
1790 2764 1892 2805 nec
1918 2763 2028 2804 non
2063 2756 2120 2805 et

526 2849 598 2905 de
624 2848 744 2904 aliis
775 2845 1203 2911 celebritatibus,
1243 2859 1363 2916 qua:
1389 2845 1455 2900 de
1475 2843 1703 2899 diversis
1727 2841 1906 2897 causis
1931 2840 2119 2897 obser-

520 2940 718 2995 vandae
743 2956 774 2994 a
795 2937 1043 3009 patribus
1067 2944 1284 2993 statutae
1322 2943 1471 3002 sunt,
1501 2949 1782 2991 sermones
1822 2931 2116 3002 conscripti

527 3040 804 3088 tenentur.
829 3029 912 3086 Ad
935 3038 1242 3086 extremum
1261 3042 1394 3084 vero
1413 3025 1678 3083 lectiones
1702 3041 1825 3097 quae
1851 3024 1907 3080 in
1927 3023 2118 3080 defun—

529 3131 743 3179 ctorum
788 3120 990 3193 vigiliis
1019 3120 1272 3191 leguntur
1289 3117 1448 3189 juxta
1491 3117 1634 3188 quod
1671 3115 1988 3189 postulastis
2015 3129 2116 3187 po-

523 3215 644 3272 sitae
664 3223 811 3271 sunt.
836 3214 958 3269 Fiat
977 3212 1193 3268 Domini
1217 3212 1466 3268 voluntas
1501 3217 1562 3266 ut
1609 3219 1717 3264 tam
1767 3209 1835 3264 ad
1875 3217 2114 3264 vestram

519 3321 684 3377 quam
733 3305 803 3360 ad
844 3311 1155 3359 vestrorum
1204 3303 1498 3358 utilitatem
1533 3300 1838 3372 proficuum
1874 3300 1969 3356 sit.
2001 3289 2115 3371 Ego

521 3399 691 3464 enim,
715 3404 976 3468 quantum
993 3396 1168 3468 potui,
1192 3394 1332 3463 feci;
1361 3411 1458 3450 vos
1486 3403 1668 3451 autem
1698 3394 1842 3464 quod
1863 3393 1996 3448 mihi
2018 3393 2118 3448 im-

520 3488 853 3560 possibilitas
874 3487 1160 3558 denegavit
1180 3503 1279 3558 per
1294 3495 1536 3542 vestram
1563 3499 1750 3541 sanam
1770 3484 2113 3556 prudentiam

521 3587 578 3634 et
607 3579 806 3633 bonum
860 3577 1102 3634 studium
1150 3577 1434 3649 adimpleri
1485 3592 1592 3632 non
1646 3575 1853 3632 dubito.
1889 3574 2115 3631 Conﬁdo

521 3685 655 3741 ergo
666 3669 812 3738 quod
832 3668 1060 3740 sic.mihi
1079 3669 1378 3724 consolatio
1402 3684 1509 3722 non
1536 3668 1758 3722 minima
1781 3665 2113 3732 conferatur,

520 3769 578 3816 et
595 3759 748 3815 vobis
770 3775 869 3831 pro
895 3760 1142 3830 perfecto
1175 3774 1343 3831 opere
1392 3767 1597 3815 aeterna
1642 3775 1852 3816 merces
1877 3775 1909 3814 a
1944 3759 2116 3814 bono-

522 3868 644 3909 rum
672 3853 918 3910 omninm
943 3853 1201 3925 largitore
1225 3853 1282 3908 in
1302 3851 1456 3908 caelis
1477 3859 1831 3924 prazparetur.

1210 3996 1427 4013 —

1042 4076 1327 4135 HOMILIA
1362 4077 1598 4133 PRIMA.

804 4187 858 4227 IN
881 4185 1084 4227 VICILIA
1106 4186 1321 4228 ΡΑεςιΜξ
1343 4187 1582 4228 δΔΒΒΔΤΟ
1603 4187 1810 4232 δικατο

520 4285 708 4341 Lectio
735 4284 989 4355 Epistolze
1018 4285 1164 4341 beati
1192 4285 1346 4342 Pauli
1386 4288 1619 4357 apostoli
1645 4289 1716 4344 ad
1738 4288 2111 4345 Colossenses.

595 4397 834 4464 Fratres,
858 4399 905 4453 si
926 4401 1333 4455 consurrexistis
1355 4417 1476 4456 eum
1503 4399 1733 4467 Christo,
1755 4417 1875 4473 quae
1899 4418 2115 4456 sursum

521 4499 641 4545 sunt
665 4492 903 4563 quaerite,
928 4491 1018 4547 ubi
1038 4491 1277 4548 Christus
1291 4503 1365 4548 est
1389 4493 1457 4546 ad
1473 4493 1743 4548 dexteram
1770 4491 1868 4548 Dei
1893 4494 2112 4560 sedens;

518 4599 638 4681 (Mf
664 4599 878 4681 εαζεξυη
911 4594 1032 4681 αυξτ
1049 4584 1271 4681 ξαρίις)
1297 4599 1401 4681 ’ξονξ
1427 4600 1545 4681 (tua?
1583 4601 1742 4681 δαηεξζ
1761 4595 1979 4681 τεννατξιν
2005 4595 2110 4681 εις·
2217 4603 2327 4657 vita
2353 4603 2411 4658 in
2429 4603 2604 4659 Adam
2636 4584 2838 4662 amissa
2869 4584 3225 4677 restauratur,
3267 4609 3323 4664 in
3353 4609 3455 4666 hac
3480 4618 3640 4666 nocte
3685 4584 3818 4681 pno-

593 4674 807 4730 Domini
831 4674 1006 4730 nostri
1042 4673 1170 4730 Jesu
1198 4674 1400 4731 Christi
1451 4675 1822 4732 honorabilem
1854 4676 2111 4732 solemni-

523 4779 695 4825 tatem
725 4784 824 4825 sna
847 4767 1064 4824 favente
1085 4769 1398 4833 clementia,
1425 4767 1626 4825 fratres
1658 4768 2009 4848 charissimi,
2046 4769 2113 4824 fi-

520 4861 714 4916 deliter
758 4874 1102 4928 veneremur,
1135 4862 1498 4931 pietatemque
1525 4859 1642 4930 ejus
1670 4860 1992 4917 ineffabilem
2020 4861 2114 4919 ad-

521 4952 911 5025 miremur,qui
933 4971 1040 5011 non
1067 4954 1242 5010 solum
1265 4963 1468 5009 nostra:
1509 4953 1900 5025 redemptionis
1947 4971 2112 5011 causa

519 5044 814 5102 humanam
853 5061 1076 5103 carnem
1127 5046 1390 5116 suscepit,
1444 5061 1637 5102 verum
1688 5049 1856 5104 etiam
1898 5049 2111 5104 diversa

521 5151 808 5210 pinnarum
833 5153 1031 5210 genera
1060 5151 1162 5210 pro
1189 5146 1379 5192 nostra
1417 5136 1591 5193 salute
1631 5140 1816 5196 subire
1862 5139 2114 5212 dignatus

522 5239 626 5299 est,
651 5240 714 5286 ut
736 5231 864 5286 licet
887 5241 1011 5301 post
1040 5230 1268 5285 multum
1305 5231 1514 5287 inertiae
1541 5241 1596 5287 et
1636 5233 1870 5305 pigritim
1912 5244 2112 5292 nostra:

2219 2677 2290 2717 na
2317 2661 2599 2728 faciamus,
2638 2671 2694 2717 et
2729 2671 2853 2734 post
2901 2663 3000 2720 Dei
3054 2664 3397 2722 dilectionem
3451 2667 3589 2723 nihil
3633 2670 3820 2744 amori

2216 2752 2447 2822 proximi
2461 2767 2855 2823 prmponamus,
2877 2754 2974 2810 sed
2993 2763 3052 2811 ut
3074 2755 3318 2827 nosipsos
3351 2757 3473 2813 illos
3497 2757 3817 2831 diligamus.

2219 2841 2504 2914 Sequitur:
2549 2842 2680 2911 Qua:
2720 2863 2930 2901 sursum
2967 2860 3088 2902 sunt
3133 2849 3323 2920 sapite,
3364 2866 3470 2905 non
3493 2867 3613 2922 qua:
3646 2868 3816 2923 super

2217 2945 2434 3004 terram,
2466 2945 2678 2992 tantum
2705 2953 2769 2994 ea
2800 2954 2921 3008 qua:
2954 2939 3200 2996 ctelestia
3225 2950 3371 3008 sunt,
3398 2957 3506 2998 non
3533 2959 3655 3014 qua:
3703 2953 3821 3000 ter-

2217 3028 2435 3096 restria,
2464 3038 2789 3100 quazrentes.
2809 3029 2995 3087 Terrae
3014 3031 3176 3098 mori,
3203 3033 3389 3089 vivere
3413 3042 3595 3090 autem
3621 3035 3820 3092 Domi-

2217 3135 2310 3185 no,
2354 3119 2634 3176 celestem
2695 3121 2892 3176 sectari
2944 3121 3290 3192 sapientiam,
3333 3139 3443 3180 non
3486 3133 3812 3193 terrenam;

2217 3225 2343 3265 nam
2373 3211 2654 3267 subditur:

2294 3323 2495 3378 Μονιαὶ
2523 3325 2661 3380 enim
2690 3327 2813 3382 estis
2843 3337 2892 3383 et
2921 3315 3233 3384 vita-nostra
3255 3328 3562 3384 abscondita
3585 3338 3665 3386 est
3695 3347 3822 3389 cum

2218 3415 2425 3474 Christo
2447 3419 2504 3474 in
2530 3420 2664 3486 Deo,
2691 3422 2818 3492 quia
2847 3421 2940 3477 ﬁlii
2963 3423 3058 3479 Dei
3085 3439 3290 3479 sumus.
3339 3423 3492 3481 Unde
3519 3426 3777 3496 sequitur
3802 3446 3817 3482 :

2220 3507 2352 3564 Cum
2381 3511 2526 3565 enim
2555 3509 2796 3567 Christus
2816 3516 3115 3585 apparuerit
3141 3516 3246 3570 vita
3265 3525 3464 3582 nostra,
3490 3525 3618 3572 tunc
3639 3527 3691 3572 et
3732 3536 3821 3574 vos

2218 3601 2530 3672 apparebitis
2559 3619 2678 3657 cum
2700 3603 2811 3674 ipso
2834 3605 2890 3658 in
2913 3604 3100 3676 gloria.
3143 3605 3388 3663 Nondum
3413 3608 3560 3664 enim
3589 3619 3825 3680 apparet

2219 3693 2348 3762 quid
2377 3701 2433 3748 et
2459 3695 2649 3764 quales
2675 3693 2842 3751 futuri
2872 3712 3058 3752 sumus
3102 3699 3168 3753 ad
3193 3699 3486 3770 judicium;
3515 3715 3638 3756 cum
3667 3702 3822 3756 enim

2219 3784 2467 3841 Christus
2495 3787 2560 3841 ad
2578 3785 2899 3856 iudicandos
2923 3789 3076 3845 vivos
3115 3799 3170 3844 et
3207 3799 3450 3846 mortuos
3477 3793 3820 3863 apparuerit,

2221 3886 2350 3934 tunc
2382 3887 2439 3933 et
2470 3894 2570 3934 nos
2600 3879 2761 3934 simul
2791 3895 2913 3936 cum
2954 3881 3074 3952 ipso
3120 3883 3518 3953 apparebimus,
3557 3883 3610 3936 in
3639 3882 3821 3952 gloria

2139 3947 2186 4010 C
2218 3968 2602 4023 resurrecturi.
2657 3967 2825 4026 Nobis
2852 3947 2998 4025 enim
3024 3979 3079 4026 et
3113 3947 3214 4041 pro
3234 3973 3391 4028 nobis
3421 3947 3677 4028 Christus
3722 3989 3824 4030 na-

2219 4058 2410 4125 scitur,
2435 4059 2639 4130 patitur
2662 4068 2717 4117 et
2737 4061 3054 4128 resurrexit,
3086 4072 3146 4117 ut
3170 4078 3270 4118 nos
3295 4063 3349 4118 in
3375 4064 3484 4118 vita
3508 4079 3609 4134 per
3634 4065 3820 4135 ipsum

2221 4163 2573 4204 renascamur
2606 4151 2658 4204 in
2694 4151 3153 4219 tribulationibus,
3204 4163 3258 4208 et
3297 4169 3424 4209 cum
3449 4169 3514 4209 eo
3548 4154 3604 4208 in
3647 4156 3823 4212 virtu-

2219 4239 2364 4295 tibus
2409 4255 2778 4312 resurgamus.
2831 4242 3025 4300 Omnia
3065 4245 3210 4300 enim
3259 4260 3361 4317 per
3405 4246 3580 4315 ipsum
3623 4247 3680 4301 in
3714 4247 3822 4320 hac

2217 4340 2379 4386 nocte
2419 4341 2725 4388 restaurata
2766 4343 2932 4389 sunt:
2972 4334 3026 4388 in
3071 4337 3174 4392 hac
3213 4337 3410 4406 quippe
3446 4345 3606 4391 nocte
3657 4338 3820 4406 quasi

2217 4421 2472 4491 primitiae
2508 4424 2623 4492 ipse
2645 4425 2962 4492 resurrexit,
2991 4435 3052 4481 ut
3072 4441 3170 4482 nos
3201 4441 3390 4482 omnes
3417 4435 3603 4498 postea
3631 4443 3822 4484 resur-

2217 4527 2437 4582 gamus;
2470 4512 2526 4567 in
2548 4514 2651 4570 hac
2676 4529 2806 4586 ergo
2832 4525 2992 4573 nocte
3027 4518 3313 4588 captivitas
3337 4526 3520 4574 nostra
3547 4518 3809 4586 solvitur,

2219 4695 2483 4764 toplastus
2528 4695 2700 4752 Adam
2751 4713 2782 4753 a
2808 4701 3241 4771 peregrinatione
3285 4701 3427 4757 redit
3464 4702 3534 4758 ad
3574 4703 3815 4773 patriam

2215 4786 2484 4856 paradisi;
2511 4787 2566 4842 in
2590 4789 2693 4844 hac
2719 4791 2865 4846 enim
2885 4803 3042 4849 nocte
3071 4793 3366 4849 Dominica:
3393 4779 3818 4852 resurrectionis

2214 4878 2502 4948 paradisus
2527 4881 2780 4937 omnibus
2808 4891 2975 4953 patet,
3028 4884 3162 4939 nulli
3199 4878 3469 4940 clauditur
3518 4884 3626 4942 nisi
3654 4901 3685 4938 a
3721 4897 3816 4941 se-

2217 4966 2358 5037 ipso,
2381 4968 2512 5024 nulli
2549 4971 2793 5040 aperitur
2817 4973 2919 5029 nisi
2949 4989 2980 5029 a
3000 4973 3256 5042 Christo;
3282 4984 3338 5031 et
3363 4975 3485 5032 ideo
3509 4991 3632 5031 cum
3660 4973 3816 5031 omni

2215 5059 2574 5138 sollicitudine
2603 5077 2890 5120 caveamus
2916 5080 2984 5120 ne
3013 5075 3234 5137 propter
3255 5079 3420 5138 opera
3443 5066 3663 5133 diaboli,
3687 5081 3812 5136 qua

2215 5151 2538 5219 pertrahunt
2578 5151 2645 5207 ad
2685 5152 2982 5220 interitum,
3027 5166 3280 5226 apertum
3305 5158 3466 5212 nobis
3497 5157 3602 5211 iter
3643 5157 3806 5225 regni

2215 5241 2452 5298 caelestis
2497 5257 2596 5299 nos
2633 5243 2731 5313 ipsi
2761 5244 3104 5311 elaudamus,
3133 5247 3230 5302 sed
3284 5248 3463 5318 potius
3509 5253 3610 5318 per
3638 5251 3816 5316 opere:

519 5337 772 5378 somnum
819 5335 928 5376 non
974 5321 1154 5387 inviti,
1181 5321 1276 5377 sed
1317 5322 1629 5387 voluntarii.
1656 5334 1857 5381 sanctae
1874 5335 1929 5381 et
1954 5302 2512 5401 Chri-leustititect
2541 5302 2928 5394 misericordia)
2974 5302 3192 5406 planum
3221 5302 3820 5394 anisiierTmiainns-

521 5412 711 5467 stiana:
730 5409 1009 5483 religionis
1028 5411 1312 5467 dulcedine
1341 5425 1689 5483 provocante,
1736 5417 1791 5471 in
1834 5416 2112 5478 sanetissie

521 5518 626 5558 inae
652 5500 1016 5558 solemnitatis
1039 5511 1308 5558 conventu
1333 5505 1718 5577 expergefacti,
1773 5505 2003 5563 libenter
2055 5517 2111 5564 et

523 5595 717 5650 devote
736 5608 860 5649 cum
887 5594 1034 5650 omni
1048 5595 1406 5652 sollicitudine
1423 5611 1789 5670 resurgamus,
1814 5599 2107 5657 seCundum

522 5687 652 5742 illud
677 5687 821 5757 quod
840 5687 1130 5758 Apostolus
1154 5689 1230 5743 ait
1251 5690 1304 5744 in
1331 5689 1591 5760 praesenti
1609 5692 1873 5750 lectione:
1907 5689 1964 5748 Si
1981 5711 2106 5748 con-

516 5779 826 5836 surrexistis
882 5794 1000 5834 cum
1053 5778 1282 5848 Christo,
1334 5797 1450 5852 quia
1487 5793 1698 5838 sursum
1727 5787 2106 5854 suntquarite,

2215 5425 2284 5480 ad
2321 5441 2544 5497 regnum
2574 5426 2855 5486 oculorum.
2902 5427 3044 5497 Ergo
3083 5428 3388 5484 humilitate
3413 5437 3597 5484 nostra
3629 5421 3814 5484 muli-1

2213 5514 2421 5570 litatem
2451 5531 2551 5586 pro
2577 5517 2732 5571 nobis
2758 5516 2967 5572 Domini
2997 5517 3169 5573 nostri
3217 5517 3271 5572 in
3293 5519 3614 5573 memoriam
3633 5525 3818 5573 revuef

2213 5621 2416 5672 cemus,
2441 5607 2715 5664 humiliter
2743 5607 2798 5663 in
2829 5607 2930 5664 ista
2950 5609 3254 5682 vigilemus,
3278 5610 3562 5666 humiliter
3587 5609 3657 5665 ad
3679 5607 3796 5666 eum

2213 5711 2431 5753 oremus
2493 5700 2582 5770 qui
2632 5700 2789 5758 nobis
2845 5700 3012 5772 gloria
3065 5701 3150 5758 sui
3197 5701 3434 5757 nominis
3473 5701 3805 5758 illuminavit

2216 5789 2356 5843 hanc
2403 5799 2641 5864 noctein,
2667 5791 2753 5848 cui
2777 5790 3047 5848 dicimus:
3073 5790 3411 5858 Deusmeus,
3440 5791 3818 5846 illuminat»

3140 5913 3144 5934 ι
3237 5901 3460 5942 I‘_".,'P
