4036 6370
487 410 589 475 £39

1174 409 1232 470 Β.
1272 414 1524 471 RABANI
1565 408 1782 472 MAURI
1818 404 2137 495 ARCHIEP.
2177 404 2488 472 MOGUNT.
2529 413 2813 473 OPERUM
2852 415 3029 471 PARS
3065 414 3129 470 ll.

3647 416 3753 473 140

484 536 567 588 nis
595 538 711 603 ejus
752 530 1125 609 evangeiizare
1170 532 1442 602 praecepit.
1496 530 1563 585 Et
1593 542 1752 602 quam
1778 531 1960 589 felices
1994 530 2073 586 fe-
2102 532 2157 596 Α
2180 546 2367 603 gemus
2391 544 2515 587 eum
2536 528 2629 601 qui
2663 512 2873 585 Pascha
2895 537 3128 584 nostrum
3153 530 3453 584 immolatus
3494 537 3571 584 est
3601 529 3759 586 Chri—

482 626 645 681 minae
696 638 816 693 quae
846 621 1091 695 angelico
1130 620 1302 679 docta:
1337 622 1556 678 oraculo
1607 620 1938 696 triumphum
1986 640 2069 680 re-
2168 632 2301 689 stas,
2334 632 2393 679 ut
2420 622 2673 677 inchoata
2697 620 2967 691 paschalis
2993 619 3172 693 gaudii
3190 619 3447 676 solemnia
3470 635 3573 677 nos
3594 621 3761 693 digne

483 716 836 772 surrecﬁonis
868 715 1069 771 mundo
1097 716 1419 770 annuntiare
1449 725 1785 783 meruerunt,
1832 732 1897 772 ac
1922 732 2068 772 mor—
2168 729 2423 787 peragere
2467 722 2523 770 et
2563 729 2661 785 per
2715 714 2830 770 haec
2877 713 3190 785 contingam
3232 713 3299 768 ad
3340 713 3536 784 gaudia
3589 714 3762 771 faciat

484 796 591 862 tuis
650 807 791 878 quod
830 800 940 862 Eva
986 808 1295 877 serpentino
1324 809 1544 864 seducta
1588 804 1752 863 affatu
1792 791 2062 864 contiaxit

483 900 767 969 imperium
794 896 1089 969 praedicare
1117 899 1377 954 dirutum!
1414 898 1627 967 Quanto
1656 898 1925 955 feliciores
1951 899 2067 954 ani-

483 1006 586 1045 mm
614 990 857 1045 virorum
886 991 1088 1059 pariter
1116 997 1171 1045 et
1193 986 1533 1057 feminarum,
1586 998 1850 1061 quotquot
1888 991 1941 1046 in
1979 990 2065 1045 die

475 1074 667 1151 iudicii
710 1081 981 1152 percussis
1032 1096 1231 1154 pavore
1275 1097 1338 1135 ac
1360 1082 1515 1152 digna
1546 1081 1748 1136 ultione
1798 1080 2063 1152 reprobis,

484 1171 610 1241 ips:e
655 1170 862 1227 caelesti
890 1171 1063 1244 gratia
1103 1168 1296 1239 adjutze
1351 1171 1681 1241 triumphare
1702 1168 1768 1226 de
1790 1176 1963 1225 morte
2012 1180 2067 1226 et

480 1261 732 1332 gaddidm
782 1260 955 1317 beatae
997 1262 1410 1318 reSurrectionis
1454 1264 1660 1316 intrare
1720 1261 2061 1317 meruerint!

479 1352 834 1409 Currentibus
891 1360 1070 1408 autem
1115 1354 1192 1410 eis
1237 1350 1608 1424 evangelizare
1652 1342 1926 1424 discipulis
1972 1369 2065 1409 oc-

480 1444 650 1497 turrit
679 1440 837 1500 Jesus
881 1456 1082 1515 easQue
1131 1444 1347 1512 salutat,
1399 1447 1689 1501 ostendens
1716 1446 1776 1501 se
1814 1444 2065 1500 omnibus

480 1530 582 1586 iter
604 1532 860 1589 virtutum
890 1534 1294 1602 inchoantibus,
1328 1538 1387 1592 ut
1412 1536 1479 1592 ad
1501 1535 1726 1592 salutem
1749 1538 2065 1608 perpetuam

480 1624 763 1691 pervenire
791 1632 1014 1695 queant,
1068 1625 1371 1693 adjuva'ndo
1400 1636 1709 1681 occurrere.

549 1713 668 1769 Ιιιιε
686 1719 860 1770 autem
881 1727 1228 1783 accesserunt,
1265 1727 1312 1771 et
1336 1726 1610 1772 tenuerunt
1632 1714 1785 1789 pedes
1815 1715 1945 1786 ejus.
1973 1714 2065 1771 Vi-

477 1808 723 1875 deamus,
754 1807 975 1875 fratres,
1018 1810 1072 1864 in
1108 1810 1358 1865 Dominio
1405 1819 1719 1881 resurgente
1761 1826 1793 1864 a
1831 1809 2064 1865 mortuis

2170 807 2517 877 sempiterna,
2587 813 2885 886 praestante
2931 807 3049 878 ipso
3095 805 3324 861 Domino
3367 815 3556 864 nostra
3622 806 3758 865 Jesu

2168 896 2403 966 Christo,
2427 900 2671 971 quicum
2703 884 2812 955 Deo
2850 884 3014 954 Patre
3060 906 3115 954 et
3140 897 3347 968 Spiritu
3387 906 3580 957 saneto
3621 900 3763 956 vivit

2167 1000 2223 1048 et
2262 1001 2452 1064 regnat
2500 993 2557 1048 in
2595 992 2790 1062 szecula
2817 991 3158 1047 Saeculorum.
3212 978 3406 1047 Amen.

2742 1102 3024 1159 HOMILIA
3054 1102 3141 1158 Ill.

2616 1190 2670 1230 IN
2700 1188 2789 1229 nis
2819 1188 3035 1230 ωηο-ω
3067 1189 3303 1253 pascuae.

2272 1262 2456 1321 Lectio
2484 1250 2736 1336 Epistulae
2764 1254 2918 1321 Pauli
2946 1266 3176 1336 apostoli
3205 1250 3274 1321 ad
3300 1265 3637 1324 Corinthios.

2237 1340 2475 1419 Fratres,
2511 1358 2793 1428 expurgate
2838 1367 2978 1412 vetus
3008 1354 3339 1426 fermentum,
3384 1367 3442 1411 ut
3470 1359 3586 1413 sitis
3627 1376 3765 1415 nova

2166 1447 2483 1518 Conspersio,
2520 1448 2655 1501 sicut
2679 1449 2802 1502 estis
2827 1448 3018 1518 azymi.
3050 1444 3260 1504 Etenim
3295 1450 3492 1520 pascha
3519 1460 3767 1507 nostrum

2163 1538 2462 1594 immolatus
2488 1547 2565 1593 est
2612 1538 2870 1594 Christus.

2234 1632 2579 1689 Resurrectio
2629 1631 2842 1687 Domini
2886 1630 3060 1686 nostri
3110 1620 3237 1687 Iesu
3282 1630 3505 1699 Christi,
3556 1631 3767 1692 fratres

2164 1726 2489 1792 charissimi,
2547 1720 2706 1781 fidem
2744 1724 2988 1781 nostram
3023 1724 3248 1781 roborat
3298 1741 3422 1781 cum
3464 1726 3605 1782 facta
3636 1744 3764 1785 cre-

2166 1816 2329 1882 ditur,
2377 1816 2800 1887 memoriamque
2854 1814 2971 1885 ejus
3022 1824 3247 1872 renovat
3291 1833 3412 1872 eum
3445 1816 3766 1874 solemniter

475 1901 762 1955 veritatem
818 1908 1020 1956 nostra;
1064 1901 1264 1968 carnis,
1316 1902 1593 1955 videamus
1638 1900 1866 1972 gloriam
1910 1916 2064 1985 nova:
2089 1870 2140 1948 Β
2166 1908 2489 1964 celebratur.
2532 1870 2775 1965 Denique
2799 1924 2922 1964 cum
2960 1916 3085 1963 ante
3111 1924 3283 1965 annos
3310 1909 3572 1980 plurimos
3603 1908 3769 1965 Chri-

478 1992 918 2062 incorruptionis.
993 1988 1252 2063 Superius
1298 1992 1495 2063 quippe
1540 1990 1737 2046 lectum
1791 1996 1877 2045 est
1934 1991 2060 2060 quia

475 2079 661 2137 clauso
709 2083 945 2139 surrexit
991 2090 1380 2150 monumento;
1451 2098 1594 2138 nunc
1639 2091 1817 2138 autem
1866 2080 2060 2154 legitur

474 2175 617 2243 quod
662 2174 918 2231 mulieres
946 2178 1239 2232 tenuerunt
1266 2174 1432 2246 pedes
1460 2174 1578 2244 ejus
1622 2185 1677 2231 et
1698 2176 2062 2230 adoraveruﬂt

472 2278 611 2322 eum.
651 2265 904 2324 Surrexit
928 2270 1072 2325 enim
1094 2269 1279 2325 clauso
1302 2271 1441 2325 ostio
1466 2270 1801 2326 monumenti
1826 2278 1883 2325 et
1904 2270 2055 2335 exiit,

470 2370 529 2416 ut
559 2363 865 2422 immortale
887 2364 999 2437 jam
1027 2362 1229 2420 factum
1253 2362 1469 2421 doceret
1495 2382 1615 2422 esse
1643 2380 1859 2436 corpus,
1917 2350 2060 2433 quod

470 2455 523 2510 in
552 2465 899 2514 monumento
950 2450 1189 2513 clausum
1218 2454 1394 2514 fuerat
1424 2467 1717 2513 mortuum.
1773 2457 2059 2513 Teuendas

474 2547 793 2604 mulieribus
835 2546 1063 2620 prmbuit
1106 2546 1337 2621 plantas,
1416 2552 1476 2605 ut
1524 2566 1705 2605 veram
1750 2566 1807 2606 se
1857 2549 2060 2606 habere

472 2644 695 2695 carnem
751 2656 871 2710 quae
899 2641 1217 2698 mortalibus
1252 2643 1397 2714 tangi
1442 2650 1623 2713 posset
1664 2643 1959 2698 intimaret.

542 2729 642 2796 Ite,
688 2732 886 2801 inquit,
922 2735 1157 2787 nuntiate
1188 2733 1441 2802 fratribus
1464 2736 1591 2788 meis
1632 2742 1688 2788 ut
1715 2740 1833 2788 eant
1871 2734 1928 2787 in
1953 2718 2059 2787 Ga-

470 2818 689 2888 filmam,
733 2822 807 2876 ibi
847 2838 927 2877 me
954 2820 1218 2878 videbunt.
1271 2824 1315 2879 Ο
1346 2825 1484 2879 mira
1522 2827 1692 2896 pietas
1742 2823 2056 2891 Salvatoris,

469 2913 606 2966 mira
666 2915 1015 2985 benignitas!
1058 2914 1203 2982 Quos
1252 2924 1376 2971 ante
1429 2916 1735 2984 passionem
1770 2916 2059 2985 discipulos

466 3012 543 3057 et'
572 3002 865 3073 aliqttando
898 3006 1061 3060 etiam
1114 3020 1298 3061 servos
1333 3020 1527 3060 vocare
1553 3012 1925 3069 consueverat,
1960 3006 2060 3062 hos

465 3104 586 3164 post
620 3098 1074 3154 resurrectionem
1112 3097 1311 3153 fratres
1344 3096 1596 3168 appellat,
1647 3104 1706 3151 ut
1733 3103 1788 3151 et
1815 3095 2058 3166 ejusdem

393 3170 404 3181 ’
465 3201 524 3241 se
564 3187 917 3243 humanitatis
968 3202 1127 3259 quam
1183 3195 1236 3243 et
1286 3187 1551 3242 habuerat
1591 3185 1833 3241 habitum
1874 3202 2058 3243 resur-

2164 1998 2279 2056 stus
2307 1999 2688 2065 resurrexerit,
2725 1990 2848 2054 non
2873 1996 3107 2054 abSurde
3132 1998 3359 2054 dicimus
3396 2001 3612 2070 quando
3656 2015 3765 2055 an-

2162 2090 2462 2146 niversario
2486 2089 2662 2145 reditu
2690 2089 2794 2145 ista
2818 2089 3131 2144 solemnitas
3165 2097 3540 2160 praesentatur.
3584 2090 3766 2147 Hodie

2162 2170 2420 2236 Dominus
2445 2178 2765 2235 resurrexit.
2789 2176 2941 2246 Quod
2968 2194 3095 2249 ergo
3119 2179 3274 2234 annis
3300 2179 3557 2239 omnibus
3583 2181 3763 2235 itera-

2163 2274 2252 2330 tur
2304 2290 2427 2331 cum
2480 2273 2628 2330 omni
2675 2271 2958 2329 devotione
2999 2285 3160 2341 agere
3196 2260 3474 2339 debemus,
3527 2280 3585 2329 et
3609 2273 3767 2344 quod

2164 2362 2332 2422 semei
2357 2364 2561 2422 factum
2587 2370 2687 2429 est,
2720 2362 2825 2420 fide
2853 2377 3074 2417 necesse
3099 2370 3183 2418 est
3205 2369 3266 2431 ut
3292 2372 3591 2420 teneamus.
3621 2362 3767 2419 [liud

2164 2444 2367 2513 factum
2399 2460 2485 2512 est
2536 2464 2596 2510 ut
2633 2454 3048 2520 redimeremur,
3080 2439 3183 2509 hoc
3210 2454 3519 2533 institutum
3548 2464 3635 2510 est
3684 2470 3763 2510 ne

2162 2548 2620 2604 oblivisceremur.
2652 2545 2788 2601 Nam
2818 2545 2908 2615 qui
2948 2546 3112 2601 istum
3140 2544 3283 2601 diem
3310 2532 3469 2616 digne
3489 2544 3641 2623 cupit
3669 2559 3767 2599 ce—

2162 2634 2397 2707 lebrare,
2432 2641 2724 2695 meminere
2752 2634 2913 2693 debet
2947 2636 3089 2707 quod
3118 2635 3392 2707 apostolus
3429 2634 3629 2690 Paulus
3680 2628 3767 2689 ait.

2162 2733 2219 2787 in‘
2262 2731 2512 2803 praesenti
2572 2728 2849 2786 lectione:
2890 2712 3194 2801 Expurgate
3232 2739 3375 2785 vetus
3417 2729 3761 2799 fermentum,

2162 2820 2219 2877 ut
2254 2823 2368 2878 sitis
2395 2822 2525 2898 noua
2565 2822 2857 2893 conspersio
2892 2824 3025 2877 sicut
3050 2824 3172 2877 estis
3198 2823 3393 2894 azymi.
3444 2821 3761 2877 Excluden-

2164 2904 2292 2973 dum
2312 2933 2441 2989 ergo
2468 2932 2629 2971 omne
2666 2915 2990 2971 fermentum
3018 2908 3225 2985 peccati
3264 2900 3330 2970 de
3351 2914 3612 2969 cordibus
3650 2929 3756 2969 no-

2163 3011 2291 3067 stris
2319 3018 2401 3065 est
2425 3010 2487 3063 ut
2506 3023 2639 3079 pura
2672 3016 2851 3062 mente
2887 3008 2942 3063 et
2959 3018 3106 3063 recta
3128 2992 3463 3062 conscientia
3490 3013 3765 3077 tanquam

2162 3102 2331 3171 panes
2382 3099 2559 3171 azymi
2597 3096 2911 3163 efﬁciamur,
2962 3107 3021 3152 ut
3067 3106 3214 3154 recte
3270 3080 3487 3153 Pascha,
3534 3096 3763 3153 Domini

2164 3186 2440 3249 celebrare
2463 3190 2753 3261 possimus.
2806 3189 3006 3245 Verum
3032 3189 3077 3246 si
3099 3188 3423 3245 fermentum
3454 3189 3671 3261 peccati
3702 3199 3767 3246 et

466 3278 641 3348 gendo
679 3280 1036 3346 resumpsisse
1077 3284 1420 3344 monstraret,
1478 3288 1534 3333 et
1558 3276 1676 3333 illos
1724 3282 1937 3347 quoque
1986 3277 2054 3333 ad
2082 3249 2129 3314 δ
2159 3276 2381 3339 malitiae
2438 3280 2491 3337 in
2526 3270 2687 3337 corde
2733 3288 3003 3349 tenemus,
3063 3296 3172 3337 non
3215 3296 3489 3337 meremur
3540 3267 3767 3338 Pascha

465 3374 882 3440 promerendam
913 3372 1370 3443 spectandamque
1405 3370 1459 3424 in
1483 3385 1578 3425 sua
1606 3383 1769 3424 carne
1796 3382 2051 3423 coronam
2155 3356 2371 3429 Domini
2397 3366 2694 3440 celebrare,
2724 3381 2779 3429 et
2808 3371 2928 3429 ideo
2953 3356 3240 3444 Apostolus
3265 3373 3339 3427 ait
3370 3390 3384 3426 :
3435 3371 3763 3444 Expurgate

466 3463 917 3530 immortalitatis,
966 3478 1069 3534 qua
1109 3465 1225 3535 ipse
1275 3466 1387 3536 jam
1416 3464 1822 3535 praeeminebat,
1872 3462 2047 3532 erige-

467 3564 568 3611 ret.
627 3556 773 3613 Sane
794 3557 937 3628 quod
964 3572 1023 3613 se
1050 3558 1103 3611 in
1133 3556 1349 3613 Galilaea
1380 3555 1666 3612 videndum
1712 3566 1743 3610 a
1773 3554 2051 3626 dishipulis

465 3648 735 3718 praedixit,
776 3655 831 3702 et
859 3650 999 3705 sicut
1035 3649 1311 3719 sequentia
1343 3648 1514 3705 sancti
1550 3644 1829 3719 Evangelii
1865 3638 2045 3703 decla-

465 3745 611 3804 rant,
656 3739 919 3805 exhibuit,
978 3742 1141 3794 etiam
1190 3741 1243 3794 in
1284 3741 1385 3795 hoc
1429 3740 1655 3811 mystice
1705 3744 1759 3795 et
1792 3740 2047 3793 virtutem

463 3845 575 3887 suae
604 3834 1019 3888 resurrectionis
1060 3838 1115 3888 et
1142 3840 1340 3888 nostra:
1378 3829 1680 3902 profectum
1712 3831 1836 3885 vita:
1884 3830 2044 3899 spiri-

464 3923 587 3979 talis
645 3924 900 3981 insinuat.
972 3924 1187 3981 Galilma
1235 3926 1430 3996 quippe
1481 3923 1868 3994 transmigratio
1904 3922 2047 3991 facta

463 4019 898 4091 interpretatur;
942 4026 997 4075 et
1043 4019 1180 4076 bene
1218 4020 1272 4074 in
1304 4018 1521 4075 Galilma
1564 4019 1774 4073 videtur
1822 4033 1852 4071 a
1888 4016 2045 4071 disci-

460 4112 602 4181 pulis
638 4112 731 4183 qui
751 4110 868 4180 jam
898 4114 963 4169 de
986 4121 1159 4167 morte
1182 4112 1249 4167 ad
1284 4110 1471 4177 vitam,
1514 4112 1576 4165 de
1604 4111 1945 4179 corruptione
1978 4109 2044 4164 ad

460 4201 942 4274 incorruptionem,
999 4204 1065 4259 de
1097 4214 1255 4274 parua
1299 4202 1779 4274 transmigraverat
1820 4200 1887 4255 ad
1934 4200 2046 4271 glo—

461 4293 622 4363 riam,
683 4300 743 4347 ut
768 4284 1047 4349 victoriam
1080 4293 1494 4350 resurrectionis
1525 4308 1633 4345 non
1657 4284 2041 4347 solum‘osten-

462 4386 615 4442 sione
637 4386 879 4455 corporis
902 4394 957 4441 et
980 4382 1354 4442 exhortatione
1383 4383 1671 4447 sermonis,
1708 4382 1800 4436 sed
1829 4384 2045 4437 nomine

461 4492 675 4545 quoque
720 4475 821 4531 loci
872 4477 924 4531 in
981 4492 1088 4547 quo
1145 4483 1452 4547 appareret,
1507 4484 1563 4528 et
1603 4472 1914 4542 loqueretur
1966 4473 2045 4525 eis

463 4570 881 4624 commendaret.
940 4568 1046 4624 Sed
1067 4576 1121 4623 et
1145 4568 1349 4637 nosipsi
1409 4567 1603 4637 gaudio
1633 4564 2044 4619 resurrectionis

461 4662 575 4731 ejus
605 4661 677 4715 ita
704 4660 876 4715 solum
910 4666 1035 4714 tunc
1072 4656 1175 4714 frui
1227 4658 1487 4722 valemus,
1537 4658 1581 4710 si
1629 4668 1772 4711 nunc
1818 4655 1883 4711 de
1926 4671 2047 4711 cor-

388 4738 401 4759 ί
462 4752 667 4823 ruptela
713 4752 968 4807 vitiorum
1023 4750 1089 4806 ad
1133 4751 1395 4804 virtutum
1438 4756 1601 4818 opera
1660 4747 2047 4815 transmigrare

461 4843 773 4916 satagimus.
806 4842 959 4900 Unde
984 4841 1283 4896 curandum
1311 4850 1667 4907 summopere,
1699 4834 1894 4892 fratres
1918 4837 2044 4902 mei,

459 4945 518 4989 ut
548 4936 674 5006 quia
728 4934 1141 4991 resurrectionis
1188 4932 1396 4987 Domini
1444 4939 1497 4984 et
1538 4928 1836 4983 Salvatoris
1877 4927 2046 4982 nostri

463 5036 673 5097 tempus
722 5027 1036 5098 agnovimus
1081 5024 1204 5093 quia
1257 5023 1372 5093 ejus
1413 5019 1670 5075 solemnia
1711 5018 2047 5074 celebramus

461 5118 731 5175 continuis
766 5118 1035 5174 bonorum
1054 5130 1278 5186 Operum
1299 5112 1649 5183 profectibus,
1704 5109 1771 5165 ad
1799 5117 2043 5166 contem-

457 5211 711 5283 plandum
738 5210 855 5280 eius
881 5208 1253 5265 celsitudinem
1279 5204 1743 5272 transntigremus.
1775 5200 1911 5269 Quia
1947 5216 2044 5255 no-

458 5312 587 5363 stra:
612 5302 1024 5360 resurrectionis
1054 5303 1261 5369 tempus
1296 5298 1626 5369 ignoramus,
1676 5295 1818 5364 quod
1862 5301 2045 5348 tamen

459 5396 701 5451 futurum
754 5391 904 5447 nullo
928 5391 1086 5445 modo
1140 5388 1479 5459 ambigirnus,
1545 5388 1600 5442 et
1625 5386 1773 5441 omni
1826 5382 2043 5453 quidem

459 5492 518 5543 et
542 5485 601 5539 in
635 5482 736 5537 hac
762 5478 1035 5550 prateipue
1064 5484 1221 5533 nocte
1245 5492 1345 5549 pro
1374 5476 1488 5546 ejus
1514 5477 1918 5547 expectatione
1963 5476 2043 5530 vi-

459 5576 615 5651 gilias
655 5578 898 5645 agamus,
937 5573 1279 5628 Obsecremus
1312 5570 1740 5628 misericordiam
1770 5568 1912 5624 illius
1950 5567 2044 5638 qui

463 5675 766 5738 susceptam
802 5678 900 5737 pro
920 5667 1075 5722 nobis
1118 5665 1393 5722 humiliter
1427 5673 1657 5723 mortem
1711 5681 1837 5720 mox
1880 5662 2045 5720 subli—

462 5762 622 5817 miter
649 5748 940 5833 superavit,
983 5768 1039 5814 ut
1069 5767 1269 5816 nostras
1297 5776 1395 5816 nos
1422 5768 1663 5831 tempore
1694 5758 2045 5815 resurrectio-

466 5856 548 5913 nis
587 5858 653 5913 de
678 5863 851 5913 morte
876 5856 945 5912 ad
976 5856 1136 5911 vitam
1181 5855 1576 5927 transmigrare
1603 5854 1883 5913 concedat.
1937 5852 2044 5912 Ro-

2068 4614 2125 4677 D

2152 3474 2296 3521 vetus
2318 3464 2657 3534 fermentum,
2678 3475 2734 3520 ut
2757 3465 2871 3520 sitis
2904 3483 3033 3520 nova
3053 3465 3372 3536 conspersio,
3403 3467 3540 3520 sicut
3574 3468 3765 3537 azymi

2154 3559 2297 3612 estis.
2326 3555 2517 3628 Azymi
2546 3571 2754 3624 sumus,
2801 3542 2847 3612 si
2891 3556 3052 3611 alieni
3077 3571 3263 3613 sumus
3311 3556 3380 3611 ab
3410 3557 3559 3612 omni
3614 3572 3763 3613 con-

2153 3649 2448 3720 scriptione
2515 3648 2740 3719 peccati.
2806 3645 3075 3703 Modicum
3115 3648 3261 3704 enim
3304 3648 3640 3718 fermentum,
3698 3657 3764 3704 ut

2150 3742 2439 3815 Apostolus
2461 3741 2560 3807 ait,
2591 3749 2753 3794 totam
2773 3757 3005 3796 mussant
3029 3726 3317 3811 corrumpit
3342 3757 3362 3807 ;
3403 3748 3459 3795 et
3486 3739 3612 3795 ideo
3649 3755 3759 3796 ex-

2149 3849 2385 3906 purgare
2429 3838 2484 3887 et
2505 3829 2739 3899 abjicere
2771 3824 3028 3887 debemus
3056 3847 3086 3885 a
3113 3818 3270 3887 nobis
3313 3845 3473 3885 omne
3518 3829 3763 3886 fermen-

2152 3943 2267 3991 tum
2304 3924 2513 3995 peccati
2561 3932 2621 3978 ut
2650 3912 2758 3979 frui
2786 3931 2950 3979 tanta:
2970 3920 3192 3979 Pascha:
3230 3923 3592 3992 solemnitatis
3633 3940 3761 3980 me-

2150 4034 2386 4074 reamur.
2426 4016 2563 4086 Quia
2584 4016 2876 4087 participes
2907 4031 3038 4088 ergo
3068 4030 3167 4072 nos
3212 4013 3395 4071 facere
3419 4022 3623 4070 sancta:
3650 4014 3761 4071 Pa-

2150 4109 2296 4163 scha:
2351 4106 2611 4161 Dominus
2654 4105 2844 4172 voluit,
2895 4121 3112 4161 oremus
3166 4114 3223 4161 ut
3251 4114 3593 4185 sacramenta
3631 4105 3761 4176 ejus

2151 4201 2311 4270 digne
2342 4212 2644 4265 sumamus,
2673 4204 2731 4252 ut
2760 4184 2883 4267 jure
2911 4196 3344 4252 benedictionem
3372 4184 3589 4252 Domini
3617 4212 3759 4253 con-

2150 4291 2304 4361 sequi
2350 4305 2673 4345 mereamur.
2724 4286 2851 4343 Haec
2871 4295 2975 4354 est,
3027 4289 3350 4351 charissimi,
3400 4290 3517 4344 dies
3557 4288 3756 4344 Domi-

2149 4382 2284 4436 nicm
2309 4381 2722 4437 resurrectionis
2769 4388 2822 4435 et
2845 4389 3044 4435 nostrae
3082 4380 3292 4435 initium
3334 4380 3750 4451 redemptionis.

2148 4466 2276 4526 Haec
2299 4478 2399 4537 est,
2453 4473 2691 4541 inquam,
2738 4470 2854 4526 dies
2876 4486 3038 4541 quam
3074 4469 3204 4527 fecit
3231 4469 3514 4527 Dominus.
3544 4471 3753 4527 Exsul-

2150 4570 2327 4617 tomus
2348 4562 2403 4616 in
2430 4577 2510 4626 ea,
2561 4560 2700 4616 hanc
2720 4576 2911 4618 omnes
2935 4576 3068 4620 voce
3096 4577 3353 4628 consona,
3382 4563 3502 4617 laeto
3528 4563 3752 4633 spiritu,

2153 4656 2318 4711 corde
2346 4654 2581 4709 contrito
2601 4654 2961 4721 celebremus,
3012 4662 3069 4711 et
3102 4669 3327 4727 agamus
3360 4654 3660 4725 spiritalem
3690 4656 3751 4710 in

2154 4747 2375 4817 psalmis
2424 4750 2479 4801 et
2516 4747 2730 4818 hymnis
2756 4747 2999 4803 laetitiam
3051 4748 3104 4803 in
3129 4749 3445 4802 memoriam
3475 4748 3752 4818 passionis

2153 4850 2209 4897 et
2248 4840 2660 4897 resurrectionis
2700 4840 2901 4897 Christi
2951 4842 3005 4895 in
3038 4857 3132 4912 spe
3162 4839 3359 4895 futura:
3397 4841 3541 4895 vitae.
3603 4841 3751 4897 Ecce

2152 4935 2255 4989 ista
2280 4932 2385 5001 die,
2437 4934 2650 5004 quando
2684 4934 2985 4989 audivimus
3034 4928 3282 4999 Alleluia,
3346 4934 3752 5007 quodammodo

2152 5026 2367 5081 laetatur
2416 5025 2638 5095 spiritus
2660 5033 2870 5090 noster,
2918 5034 2972 5080 et
2990 5010 3331 5094 jucunditate
3357 5033 3501 5081 totus
3527 5025 3752 5096 perfun-

2154 5118 2298 5172 ditur
2322 5136 2336 5170 :
2367 5114 2597 5170 Alleluia
2624 5130 2859 5185 namque
2890 5112 3007 5171 laus
3036 5116 3093 5170 in
3117 5115 3334 5171 excelsis
3356 5104 3584 5171 Domino
3611 5116 3749 5171 dicio

2155 5214 2259 5264 tur.
2289 5208 2428 5276 Quia
2459 5207 2614 5263 nobis
2639 5207 2891 5263 convenit
2926 5217 2986 5262 ut
3011 5196 3202 5262 devota
3236 5214 3416 5262 mente
3435 5207 3581 5261 omni
3608 5192 3744 5260 tem-

2151 5306 2301 5373 pore,
2330 5298 2417 5356 die
2439 5306 2620 5355 tamen
2642 5298 2745 5353 isto
2773 5298 3043 5369 praecipue
3064 5296 3276 5353 laudem
3300 5298 3355 5351 in
3379 5295 3609 5352 excelsis
3643 5297 3745 5351 Do-

2153 5392 2301 5448 mino
2339 5392 2706 5457 decantemus,
2739 5384 2918 5457 idest,
2971 5406 3076 5446 non
3099 5376 3272 5445 solum
3303 5403 3419 5455 ore,
3458 5389 3551 5443 sed
3575 5389 3742 5442 etiam

2151 5500 2316 5556 Opere
2339 5480 2577 5556 perfecte
2618 5482 2907 5538 Dominum
2946 5482 3195 5539 nostruni
3240 5497 3372 5539 voce
3407 5470 3462 5537 et
3483 5472 3647 5536 corde
3688 5468 3743 5535 in

2151 5578 2399 5633 laudibus
2425 5576 2699 5633 exsultare
2724 5577 3057 5643 Studeamus,
3087 5586 3148 5632 ut
3182 5591 3282 5633 nos
3312 5577 3364 5631 in
3389 5576 3598 5632 cmiesti
3628 5576 3744 5629 vita

2152 5684 2250 5740 per
2275 5668 2425 5723 illum
2460 5654 2733 5726 exsultare
2761 5662 3085 5738 mereamur,
3113 5668 3203 5740 qui
3228 5684 3351 5725 cum
3379 5652 3490 5724 Deo
3527 5676 3585 5723 et
3612 5666 3740 5737 Spi-

2152 5761 2261 5815 ritu
2288 5760 2473 5817 sancto
2510 5761 2643 5816 vivit
2664 5768 2719 5816 et
2752 5768 2940 5834 regnat
2971 5777 3109 5817 unus
3138 5760 3278 5817 Deus
3324 5775 3422 5831 per
3460 5760 3742 5884 ίωυρω-

2155 5852 2221 5884 Ιῖα
2265 5853 2457 5884 Latna-In
2492 5854 2808 5884 hamulum...“
2897 5852 3057 5884 Ληηηη
3652 5849 3668 5869 ⁸

2155 5852 2223 5908 lia
2264 5853 2462 5911 secula
2492 5854 2830 5911 swculorum.
2886 5852 3078 5912 Amen.
3574 5849 3668 5893 ‘-‘
