4036 6370
281 367 371 429 lit

842 465 1119 541 ΗΟΜΙῌᾹ
1154 467 1240 543 iv‘.

649 594 779 634 neu
810 596 860 634 IN
894 578 978 636 ins
1009 598 1225 637 sancrm
1257 598 1488 660 pascuus.

413 667 601 724 Lectio
623 672 794 726 sancti
821 671 1091 742 Evangelii
1119 675 1411 728 secundum
1437 674 1694 730 Marcum.
1727 743 1734 754 Ι

345 755 526 815 Maria
577 760 891 832 Magdalelie
953 776 1000 817 et
1053 757 1230 818 Maria
1278 764 1485 830 Jacobi,
1534 776 1580 819 et
1638 751 1850 822 Sulome

269 857 508 907 cunmm:
535 853 771 908 a'roﬁiata
814 866 870 909 ut
916 853 1169 911 venientes
1208 867 1454 928 ungerent
1485 856 1666 912 Iesum

338 943 601 1013 Audistis,
650 945 848 1004 fratres
895 945 1219 1015 οῐιέἱιυὶδδὶωἰ,
1263 951 1406 1022 quod
1434 960 1635 1005 sancta?
1665 948 1852 1003 mulie-

270 1050 359 1091 res
421 1049 541 1108 quae
591 1035 878 1094 Duminun'r
933 1036 1148 1096 fuerant
1213 1052 1412 1097 secutae
1461 1059 1582 1097 cum
1642 1057 1852 1095 aroma-

269 1128 435 1193 tibus,
485 1120 553 1183 ad
592 1125 1000 1186 monumentum
1054 1141 1342 1196 venerunt,
1418 1141 1472 1187 et
1523 1147 1645 1186 eum
1692 1145 1853 1200 quem

268 1217 539 1272 viventem
597 1215 900 1276 dilexerant
955 1213 1010 1276 et
1058 1220 1171 1292 jam
1221 1233 1434 1277 mortuo
1501 1207 1852 1300 immanitatis

265 1306 657 1380 obseqtmntut‘.
693 1309 802 1368 sed
857 1312 943 1369 res
976 1313 1124 1387 gesta
1170 1307 1372 1387 aliquid
1425 1316 1478 1370 in
1519 1324 1704 1370 sancta
1754 1299 1854 1368 lic-

266 1403 430 1456 clesia
483 1405 660 1476 signat
726 1405 1056 1482 gerendum;
1123 1391 1202 1463 sic
1246 1408 1440 1478 quippe
1490 1422 1710 1462 necesse
1773 1413 1854 1459 est

265 1496 328 1546 ut
359 1493 640 1551 audia‘mbs
690 1502 808 1566 (11110
859 1493 1002 1552 facta
1049 1505 1194 1564 sunt,
1240 1483 1507 1568 quatenus
1559 1500 1855 1572 cogitemus

264 1579 432 1634 etiam
458 1589 577 1649 tmte
615 1582 772 1637 nobis
799 1579 924 1638 sunt
948 1581 1013 1639 ex
1042 1585 1230 1640 eorum
1256 1579 1556 1641 imitatione
1575 1585 1851 1650 facienda;

266 1677 322 1722 et
372 1679 474 1725 nos
503 1679 632 1743 ergo
675 1673 729 1726 in
769 1677 834 1729 e'o'
880 1669 973 1744 qui
1015 1665 1097 1731 est
1145 1677 1393 1732 mortuus
1448 1674 1754 1744 credentes,
1811 1678 1855 1732 si

266 1760 440 1816 odore
486 1762 744 1818 virtutum
779 1759 962 1822 referti
987 1783 1109 1823 cum
1143 1767 1396 1838 Opinione
1419 1765 1685 1826 bonorum
1728 1765 1856 1838 ope-

1374 357 1675 434 HOMlLl/E
1716 379 1781 433 lN
1817 377 2067 436 EVANG.
2109 379 2198 434 ET
2233 375 2449 432 EPIST.

1873 471 1930 554 Α
1951 491 2151 547 etenim
2176 499 2354 544 terror
2375 495 2479 553 est,
2512 486 2566 540 in
2609 489 2750 543 nube
2779 494 2961 543 autem
2994 489 3216 546 visionis
3239 493 3360 548 leue
3381 485 3532 550 uiam

3431 379 3456 433 ι
3467 381 3530 434 5‘2

1949 579 2268 634 dimentum.
2295 579 2420 634 Dies
2467 595 2600 634 vero
2645 581 2806 647 iusti,
2863 582 2919 634 et
2965 596 3072 636 nox
3119 583 3378 654 accipitur
3419 587 3532 641 vita

1948 670 2279 740 peccatoris;
2337 669 2477 723 unde
2519 678 2573 722 et
2614 671 2891 725 conversis
2929 674 3308 740 peccatoribus
3337 676 3533 733 Paulus

1951 763 2083 817 dicit
2114 781 2125 816 :
2161 761 2368 817 Fuistis
2396 761 2682 833 suadendo
2709 764 2952 831 tenebrae,
2997 779 3132 820 nam
3159 773 3334 821 autem
3362 769 3453 822 tua:
3479 772 3535 824 in

1952 854 2194 909 Domino.
2224 855 2281 908 ln
2308 856 2394 910 die
2429 868 2558 925 ergo
2603 869 2700 925 per
2734 859 2930 912 nubem
2962 859 3210 914 columna
3237 869 3533 918 monetrata

1953 955 2054 1012 est,
2084 955 2140 1001 et
2161 947 2214 1000 in
2252 957 2409 1002 nocte
2435 962 2532 1017 per
2571 949 2770 1018 ignem,
2799 951 2891 1020 qui
2920 953 3265 1022 armipotens
3293 954 3436 1010 Deus
3482 964 3537 1012 et

1952 1039 2180 1094 blandus
2205 1039 2365 1109 justis
2405 1049 2458 1095 et
2487 1041 2744 1096 terribilis
2785 1043 3064 1112 apparebit
3112 1042 3330 1112 iniustis
3362 1063 3374 1098 :
3405 1047 3534 1101 istos

1954 1133 2010 1188 in
2033 1135 2234 1204 judicio
2262 1135 2486 1190 veniens
2526 1151 2621 1204 per
2651 1136 2892 1192 lenitatis
2943 1133 3401 1193 mansuetudinem
3445 1139 3530 1193 dc-

1955 1228 2174 1303 mulcet,
2211 1228 2330 1282 illos
2354 1242 2483 1282 vero
2526 1244 2622 1297 per
2650 1229 2872 1299 iustitia:
2915 1227 3311 1285 districtioncm
3347 1238 3534 1286 terret.
3631 1266 3640 1276 ο

1957 1316 2062 1372 Sed
2079 1315 2190 1387 jam
2231 1317 2356 1385 quid
2381 1317 2601 1388 angelus
2622 1319 2910 1390 subjungat
2939 1321 3239 1374 audiamus.

2024 1408 2207 1463 Iesum
2231 1411 2472 1484 qureritis
2525 1410 2885 1466 Nazarenam.
2917 1409 3076 1466 Iesus
3104 1408 3302 1467 Latino
3327 1413 3542 1482 eloquio

1957 1499 2228 1574 salutaris,
2257 1501 2310 1554 id
2339 1508 2423 1556 est
2443 1499 2690 1555 Salvator
2713 1501 3116 1571 interpretatur.
3138 1504 3209 1558 At
3234 1515 3366 1559 vero
3385 1505 3540 1559 multi

1958 1599 2086 1645 tunc
2111 1589 2271 1646 Jcsus
2303 1592 2410 1645 dici
2455 1600 2728 1663 poterant,
2759 1608 2864 1648 non
2898 1600 3082 1648 tamen
3116 1595 3544 1650 substantialite‘r

1959 1683 2051 1735 sed
2103 1684 2498 1752 nuncupative;
2549 1683 2671 1738 ideo
2709 1694 2765 1738 et
2810 1685 2960 1740 locus
2985 1685 3347 1755 subiungitur;
3376 1694 3435 1741 ut
3479 1687 3545 1741 de

1959 1786 2066 1840 quo
2103 1772 2232 1827 Jesu
2281 1773 2486 1828 dictum
2535 1757 2607 1827 sit
2640 1773 3039 1839 manifestetur,
3069 1775 3426 1830 Nazarenam.
3479 1777 3547 1830 Et

269 1867 390 1906 rum
436 1855 728 1911 Dominum
784 1857 1099 1928 dumi'im'us,
1155 1861 1224 1917 ad
1265 1861 1676 1918 monumentum
1731 1847 2178 1932 pro-Bcausam
2228 1867 2477 1936 protinus
2529 1866 2750 1932 subdit,
2795 1867 3138 1936 cruciﬁxum;-
3185 1861 3348 1936 auius
3398 1867 3547 1921 addi;-

266 1942 412 1998 l’ccto
467 1945 608 2002 illius
662 1953 785 2003 cum
826 1952 1158 2007 arouiatib‘u’s
1210 1951 1474 2008 Venimus.
1525 1949 1632 2008 Illa:
1676 1946 1856 2009 autem

268 2038 523 2093 mulieres
568 2041 790 2112 angelos
821 2041 1004 2098 nam
1038 2039 1157 2114 qufe
1182 2041 1303 2100 cum
1329 2041 1660 2101 aromatibus
1697 2060 1857 2101 vene-

268 2132 417 2193 runt,
445 2127 571 2200 quia“
599 2129 851 2188 videlicet
884 2129 986 2189 illae
1010 2125 1218 2190 me'iite‘s
1250 2131 1512 2206 supernos
1542 2138 1687 2193 cives
1714 2138 1857 2208 aspi-

267 2221 442 2286 clunt,
472 2225 592 2293 qua:
620 2231 744 2278 cum
771 2225 1029 2280 virtutum
1059 2217 1317 2283 odoribus
1341 2211 1409 2283 ad
1446 2225 1730 2286 Dominum
1760 2244 1858 2298 per

267 2321 457 2370 saneta
478 2313 744 2372 desideria
775 2307 1215 2389 proﬁciscuntur.
1266 2297 1574 2375 Notandum
1601 2337 1728 2376 vero
1755 2297 1856 2375 no-

266 2405 353 2461 bis
376 2415 482 2473 est,
537 2409 798 2480 quidnam
829 2412 901 2466 sit
929 2413 1072 2480 quod
1103 2407 1158 2466 ill
1181 2401 1387 2468 dextris
1418 2414 1606 2467 sedere
1635 2413 1858 2483 angelus

267 2500 529 2555 cernitur.
567 2501 707 2569 Quid
731 2507 963 2572 namque
1002 2505 1097 2573 per
1119 2497 1397 2560 sinistram
1448 2507 1552 2560 nisi
1575 2507 1682 2560 vita
1719 2521 1857 2574 prce-

264 2595 428 2648 sens?
451 2591 593 2660 Quid
617 2603 748 2648 vero
778 2609 875 2665 per
902 2584 1144 2652 dextram
1199 2597 1300 2654 nisi
1350 2608 1610 2669 perpetua
1638 2600 1749 2653 vita
1786 2601 1858 2656 si-

264 2687 502 2756 gnatur?
525 2684 676 2744 Unde
697 2687 956 2758 scriptum
970 2687 1052 2744 est
1074 2691 1088 2743 ἑ
1110 2689 1262 2744 Lieva
1285 2690 1396 2760 ejus
1419 2673 1513 2745 sub
1532 2692 1698 2761 capite
1722 2708 1855 2755 meo,

264 2784 317 2830 et
343 2773 559 2832 dextera
584 2767 725 2832 illius
751 2768 1134 2848 amplexabitur
1155 2785 1252 2833 me.
1280 2769 1415 2846 Quia
1444 2771 1607 2850 igitur
1628 2767 1859 2834 iisdem-

270 2873 398 2935 ptor
415 2869 598 2922 noster
619 2867 726 2936 jam
752 2867 1037 2939 praesentis
1061 2869 1186 2925 vita:
1208 2869 1608 2942 corruptionem
1633 2853 1858 2926 transie—

269 2968 378 3023 rat,
412 2959 502 3028 qui
547 2960 791 3015 nuntiare
836 2959 1126 3030 perennem
1167 2961 1284 3030 ejhs
1317 2962 1482 3016 vitam
1526 2950 1768 3028 venerat,
1801 2953 1858 3018 in

267 3051 463 3105 dextra
521 3049 768 3118 sedebat;
823 3054 916 3123 qui
962 3049 1099 3109 stola
1143 3055 1374 3111 candida
1420 3053 1706 3126 coepertus
1766 3071 1860 3126 ap-

267 3143 469 3213 paruit,
511 3141 634 3213 quia
688 3137 1000 3200 festivitatis
1048 3145 1248 3201 ucstra:
1301 3146 1495 3218 gaudia
1554 3143 1850 3211 nuntiavit;

271 3209 475 3289 candor
502 3209 702 3290 etenim
731 3232 895 3292 vestis
938 3229 1279 3307 Splendorém
1303 3209 1525 3293 “nostra:
1576 3209 1856 3294 denuntiat
1883 3209 1930 3271 C

270 3325 647 3382 solemnitatis.
682 3323 892 3383 Nostra:
931 3326 1195 3395 dicamus,
1246 3329 1314 3383 an
1365 3313 1509 3385 suae?
1552 3317 1660 3384 Sed
1692 3335 1749 3384 ut
1778 3327 1850 3382 fa-

274 3424 483 3471 teamur
510 3418 711 3483 veritis,
733 3427 788 3474 et
811 3427 922 3474 sua:
961 3413 1202 3475 dicamus
1222 3428 1276 3473 et
1299 3419 1513 3476 nostrae.
1539 3419 1630 3474 llla‘
1663 3419 1860 3490 quippe

274 3509 652 3578 Redemptoris
694 3509 868 3566 nostri
899 3500 1248 3578 resurrectio,
1274 3521 1330 3568 et
1377 3507 1562 3568 nostra
1591 3508 1860 3567 festivitas

272 3601 397 3668 fuit;
437 3603 562 3674 quia
610 3607 708 3659 nos
751 3603 821 3661 ad
855 3601 1319 3661 immortalitatem
1348 3603 1584 3673 reduxit,
1616 3613 1672 3660 et
1702 3601 1862 3678 ange-

273 3695 454 3749 lorum
493 3688 758 3750 festliltas
807 3696 1057 3762 etStitit,
1106 3697 1234 3766 quia
1290 3705 1390 3752 nos
1442 3691 1749 3751 revocando
1795 3695 1864 3750 ad

271 3784 519 3840 caelestia
545 3789 734 3840 eorum
763 3791 1050 3840 numerum
1101 3785 1363 3857 implevit.
1411 3783 1469 3840 ln’
1507 3781 1604 3840 Sua
1642 3801 1772 3857 ergo
1801 3801 1863 3841 ac

273 3884 467 3930 nostra
520 3874 810 3930 festivitttte
860 3876 1084 3946 angelus
1130 3872 1183 3931 ib
1222 3875 1359 3932 albis
1408 3878 1649 3932 vestibus
1700 3892 1864 3947 appa—

274 3965 426 4030 ruit,
475 3965 601 4034 quia
651 3965 776 4020 dum
832 3977 930 4021 nos
972 3981 1068 4034 per
1116 3966 1567 4022 resurrectionem
1620 3965 1864 4021 Domini-

275 4071 399 4111 cam
435 4056 502 4110 ad
537 4061 770 4126 superna
811 4057 1116 4112 reducimus
1138 4099 1151 4121 ,
1183 4055 1416 4112 caelestis
1452 4058 1641 4126 patria:
1669 4055 1864 4112 damna

275 4155 625 4219 reparantur.
657 4151 764 4206 sed
790 4150 918 4219 quid
947 4149 1223 4206 venientes
1252 4149 1480 4206 feminas
1529 4149 1723 4205 ali‘atur
1767 4155 1864 4204 au-

277 4241 513 4294 diamus.

357 4330 536 4383 Nolite
578 4337 932 4399 expavescere.
962 4329 1040 4384 Ac
1071 4322 1115 4386 si
1144 4333 1329 4399 aperte
1375 4329 1516 4385 dicat
1567 4349 1578 4383 :
1629 4328 1870 4385 Faveant

277 4420 358 4474 illi
387 4421 478 4488 qui
518 4437 624 4475 non
669 4427 853 4474 amant
902 4422 1188 4474 adventum
1226 4425 1581 4490 supernorum
1629 4419 1864 4486 civium;

279 4513 671 4582 pertimescant
701 4512 792 4581 qui
830 4512 1137 4566 carnnalibtls
1165 4509 1447 4567 desideriis
1477 4513 1648 4582 pressi
1681 4515 1746 4566 ad
1775 4531 1868 4567 eo—

281 4621 408 4658 rum
439 4619 496 4657 se
544 4604 854 4659 societatem
881 4604 1189 4675 pertingere
1238 4619 1393 4674 posse
1424 4606 1728 4674 desperant.
1764 4589 1870 4660 Vos

281 4705 468 4749 autem
512 4710 608 4749 cur
656 4695 1034 4764 pertimescitis
1076 4695 1165 4763 qui
1199 4703 1406 4750 vestros
1454 4697 1702 4750 concives
1727 4689 1873 4750 vitie-

285 4789 402 4841 tis?
441 4786 593 4842 Unde
630 4795 685 4841 et
719 4787 998 4842 Mattliaeus
1044 4788 1293 4856 angelum
1336 4788 1648 4857 apparuisse
1674 4782 1876 4842 deseri-

284 4883 455 4944 lieus,
489 4882 563 4933 ait
593 4897 607 4940 ;

364 4970 495 5023 Erat
523 4979 761 5041 aspectus
787 4971 903 5040 ejus
935 4971 1074 5024 sicut
1103 4968 1303 5041 fulgur,
1331 4963 1379 5024 et
1424 4965 1721 5026 υεειίἥιεὶιῑα
1762 4965 1875 5042 ejiis

284 5063 524 5117 candida
553 5063 685 5117 sicut
715 5064 823 5117 nim.
869 5063 926 5118 In
966 5063 1176 5132 fulgure
1202 5063 1399 5118 etenim
1455 5067 1630 5117 terror
1671 5063 1879 5120 timoris

284 5163 411 5218 cst,
449 5154 503 5208 in
557 5155 679 5209 nive
722 5163 903 5209 autem
951 5153 1372 5210 blamliiiicntuiu
1419 5153 1688 5211 candoris.
1743 5157 1878 5223 Quia

290 5261 429 5300 vero
463 5246 808 5314 omnipotens
834 5245 996 5311 Deus,
1032 5250 1084 5300 et
1110 5244 1366 5300 terribilis
1398 5253 1482 5299 ρει
1506 5247 1878 5315 peccatoribus

288 5343 350 5390 et
390 5333 621 5390 blandus
661 5334 844 5403 iustis,
899 5337 1043 5390 recte
1091 5335 1244 5391 testis
1294 5336 1706 5391 regurrcctionis
1763 5334 1879 5404 ejus

291 5425 524 5495 angelus
568 5434 622 5480 et
659 5427 715 5480 in
748 5425 956 5496 fulgure
988 5427 1164 5481 vultus
1218 5427 1273 5480 et
1309 5423 1362 5479 ili
1405 5427 1637 5482 cautiore
1668 5423 1882 5483 habitus

292 5515 728 5584 demonstratur,
756 5527 816 5571 ut
858 5518 924 5572 tle
954 5519 1068 5586 ipsa
1094 5527 1187 5571 Sua
1233 5517 1411 5586 Specie
1452 5527 1504 5571 et
1538 5523 1765 5572 terreret
1801 5509 1884 5572 re—

291 5607 504 5679 probos
529 5615 585 5663 et
619 5609 876 5663 mulceret
923 5609 1060 5677 pios.
1109 5606 1260 5663 Unde
1291 5611 1436 5663 recte
1479 5605 1691 5676 quoque
1719 5605 1885 5677 popu-

295 5696 418 5755 lum
472 5713 572 5770 per
616 5701 884 5756 desertum
948 5695 1276 5771 gradientem
1340 5699 1583 5753 columna
1644 5699 1779 5770 ignis
1832 5697 1885 5751 lu

299 5802 469 5853 nocte
515 5802 572 5851 et
623 5795 871 5852 columna
913 5796 1067 5851 nubis
1130 5796 1351 5866 praeibat
1406 5796 1455 5848 iu
1509 5795 1610 5849 die.
1657 5791 1716 5847 In
1766 5794 1886 5862 igne

1960 1957 2039 2011 dit
2065 1973 2077 2008 :

2030 2048 2272 2104 Surrexit
2296 2065 2401 2104 non
2430 2061 2504 2105 est
2537 2052 2640 2106 hic.
2671 2051 2798 2106 Non
2825 2061 2902 2106 est
2947 2052 3030 2104 hic
3065 2050 3266 2106 dicitur
3287 2059 3384 2120 per
3411 2057 3548 2119 prai-

1959 2143 2189 2197 sentiam
2213 2143 2413 2207 carnis,
2439 2144 2532 2214 qui
2563 2153 2744 2199 tamen
2766 2155 3032 2214 nusquam
3058 2143 3247 2199 deerat
3280 2152 3379 2213 per
3411 2149 3548 2212 prro-

1959 2239 2192 2292 sentiam
2220 2239 2538 2308 maiestatis.

2029 2329 2133 2386 Sed
2160 2332 2251 2395 ite,
2279 2331 2436 2386 dicite”
2472 2331 2748 2404 discipulis
2773 2335 2888 2403 ejus
2912 2339 2964 2388 et
3011 2331 3174 2386 Petro
3206 2337 3332 2402 quia
3358 2326 3550 2401 pluita-

1958 2423 2044 2476 det
2065 2438 2156 2476 vos
2197 2422 2256 2476 in
2281 2419 2581 2477 Galilaram.
2614 2423 2980 2490 Quaerendum
3021 2422 3178 2478 nobis
3214 2423 3297 2477 est
3330 2431 3428 2476 cur
3457 2431 3553 2476 no-

1958 2512 2182 2568 minatis
2206 2511 2487 2582 discipulis
2509 2511 2706 2568 Petrus
2727 2515 3039 2587 designetur
3068 2525 3134 2569 ex
3169 2513 3424 2567 nomine?
3446 2511 3550 2566 Sed

1958 2604 2003 2658 si
2033 2605 2179 2659 hunc
2205 2603 2428 2674 angelus
2453 2605 2776 2660 nominatim
2809 2619 2917 2660 non
2942 2605 3293 2675 exprimeret,
3323 2603 3415 2672 qui
3441 2607 3552 2656 nia-

1959 2695 2185 2765 gistrum
2206 2705 2495 2766 negaverat
2509 2697 2692 2752 venire
2709 2696 2851 2752 inter
2866 2696 3157 2766 diseipulos
3180 2701 3285 2750 non
3308 2695 3550 2748 auderet.

1963 2787 2198 2841 Vocatur
2226 2801 2354 2857 ergo
2375 2802 2448 2842 θι
2471 2787 2692 2842 nomine
2723 2802 2793 2842 ne
2821 2787 3136 2857 desperaret
3156 2793 3222 2839 ex
3248 2785 3549 2854 negatione.

1961 2876 2079 2944 Qua
2116 2878 2168 2932 in
2199 2894 2259 2932 re
2287 2879 2738 2933 considerandum
2783 2879 2939 2933 nobis
2972 2887 3057 2932 est
3084 2887 3182 2932 cur
3205 2879 3553 2945 omnipotens

1961 2968 2105 3023 Deus
2126 2983 2250 3022 eum
2280 2981 2444 3038 quem
2472 2973 2681 3024 cunctae
2709 2969 2964 3023 Ecclesiae
2992 2968 3254 3037 praeferre
3276 2965 3554 3035 disposiie-

1919 3065 1935 3071 ‘
1962 3066 2068 3122 rat,
2097 3057 2306 3112 ancillae
2336 3067 2523 3112 vocem
2568 3058 2956 3125 pertimescere
2979 3065 3034 3110 et
3072 3056 3312 3125 seipsum
3355 3060 3554 3123 negare

1964 3147 2294 3217 permiserit.
2345 3146 2499 3212 Quod
2545 3147 2802 3201 nimirum
2850 3160 3060 3218 magna;
3107 3149 3288 3199 ac‘tum
3334 3144 3555 3212 pietatis

1960 3238 2367 3308 dispensatione
2401 3239 2801 3309 cognoscimus,
2853 3247 2913 3293 ut
2957 3238 3004 3293 is
3029 3238 3122 3308 qui
3171 3237 3386 3291 futurus
3433 3245 3554 3290 erat

1961 3339 2147 3402 pastor
2179 3331 2439 3386 Ecclesiae
2480 3331 2535 3385 in
2562 3346 2661 3385 sua
2687 3330 2846 3401 culpa
2894 3329 3131 3386 disceret
3168 3328 3403 3399 qualiter
3433 3327 3556 3381 aliis

1963 3421 2210 3477 misereri
2255 3421 2550 3477 debuisset.
2601 3420 2758 3475 Prius
2801 3420 2988 3491 itaque
3011 3429 3137 3475 cum
3156 3419 3394 3475 oswu'dit
3411 3417 3512 3473 sibi
3539 3457 3554 3483 ,

1961 3524 2018 3568 et
2072 3521 2197 3568 tunc
2243 3512 2537 3583 praeposuit
2583 3513 2832 3578 ceteris,
2882 3520 2944 3566 ut
2985 3523 3052 3567 ex
3097 3519 3196 3566 Sua
3241 3511 3558 3565 infirmitate

1963 3612 2317 3674 cognosceret
2339 3615 2502 3672 quam
2529 3601 2956 3657 misericOrditer
2977 3598 3156 3656 aliena
3180 3600 3397 3653 inﬁrma
3425 3598 3557 3653 tole-

1966 3701 2128 3748 raret.
2164 3692 2308 3747 Bene
2333 3700 2514 3746 autem
2536 3692 2602 3746 de
2632 3691 2992 3762 Redemptum
3016 3698 3204 3746 nostro
3228 3689 3464 3745 dicitur:

2037 3781 2304 3837 Prwcedet
2330 3800 2416 3836 vos
2461 3783 2514 3836 in
2560 3780 2840 3848 Gulileam,
2871 3782 2941 3836 ibi
2984 3798 3103 3836 eum
3149 3781 3388 3836 videbitis
3424 3780 3558 3833 sicut

1966 3876 2098 3928 dixit
2154 3874 2314 3927 vobis.
2372 3872 2650 3927 Galilaeam
2692 3885 2926 3942 namque
2972 3872 3367 3939 transmigratio
3414 3870 3558 3939 facta

1967 3967 2384 4036 interpretatur;
2413 3964 2526 4033 jam
2557 3966 2756 4036 quippe
2784 3964 3116 4034 Redemptor
3153 3971 3339 4018 noster
3368 3965 3399 4015 at
3426 3973 3554 4031 pas-

1968 4059 2120 4116 sione
2148 4060 2217 4114 ad
2245 4059 2720 4123 resurrectionem,
2753 4072 2786 4111 a
2808 4061 2983 4112 morte
3013 4056 3082 4110 ad
3109 4056 3298 4120 vitam,
3338 4068 3369 4108 a
3395 4066 3554 4125 pinna

1970 4153 2037 4206 ad
2059 4151 2309 4222 gloriam,
2339 4166 2369 4204 a
2404 4136 2754 4218 corruptione
2769 4144 2847 4202 ad
2875 4146 3342 4217 incorruptionem
3379 4151 3557 4198 trans-

1971 4243 2249 4313 migrarat,
2290 4250 2346 4295 et
2377 4241 2526 4311 prius
2556 4224 2676 4310 post
2703 4238 3158 4293 resurrectionem
3189 4237 3244 4290 in
3269 4235 3489 4290 Galilrea
3525 4249 3556 4288 a

1970 4333 2245 4403 discipulis
2275 4333 2512 4397 videtur,
2551 4332 2678 4402 quia
2724 4329 3140 4386 resurrectionis
3169 4327 3286 4396 ejus
3329 4326 3555 4395 gloriam

1971 4437 2093 4498 post
2128 4428 2235 4481 laeti
2278 4427 2610 4491 videbimus,
2661 4426 2708 4480 si
2753 4425 2912 4479 modo
2940 4439 2970 4478 a
3005 4425 3152 4478 vitiis
3194 4424 3260 4476 ad
3295 4422 3555 4475 virtutum

1973 4519 2343 4574 celsitudinem
2401 4517 2868 4588 transmigramus.
2901 4517 3001 4582 Qui
3043 4527 3173 4583 ergo
3215 4513 3270 4566 in
3313 4511 3559 4580 sepulcro

1976 4613 2276 4676 nuntiatur,-
2300 4613 2354 4664 in
2384 4611 2859 4680 transinigratione
2895 4608 3214 4669 ostenditur,
3246 4604 3371 4672 quia
3398 4603 3446 4656 is
3467 4601 3558 4670 qui

1974 4703 2026 4756 in
2065 4700 2479 4757 mortiﬁcatione
2529 4701 2708 4754 carnis
2747 4697 3081 4766 agnoscitur,
3112 4698 3164 4749 in"
3213 4693 3560 4761 transmigra-

1973 4793 2120 4847 tione
2165 4792 2362 4846 mentis
2391 4792 2622 4846 videtur.
2674 4789 3145 4859 Transmigremus
3177 4786 3244 4839 ad
3275 4785 3502 4837 virtutes
3529 4797 3559 4835 a

1973 4881 2137 4945 vitiis,
2171 4889 2230 4933 ut
2257 4881 2676 4949 Redemptorem
2727 4879 2972 4933 nostrum
3006 4879 3058 4930 in
3107 4874 3321 4930 Galilaea
3377 4871 3562 4925 videre

1983 4987 2306 5027 mereamur.
2336 4971 2568 5041 Adjuvet
2591 4970 2936 5038 omnipotens
2964 4970 3106 5021 Deus
3131 4966 3198 5018 ad
3223 4964 3388 5016 vitam
3417 4961 3560 5015 desi-

1986 5062 2194 5117 derium
2218 5067 2484 5126 nostrum,
2527 5059 2618 5129 qui
2647 5075 2743 5129 pro
2771 5058 2926 5114 nobis
2968 5057 3024 5110 in
3052 5058 3228 5109 morte
3266 5052 3412 5107 dedit
3438 5051 3562 5104 uni-

1987 5165 2108 5204 cum
2133 5149 2300 5202 lilium
2340 5164 2493 5203 suum
2523 5164 2621 5219 per
2662 5150 2910 5203 eumdem
2941 5143 3127 5200 Jesum
3155 5142 3428 5198 Christum
3461 5139 3565 5193 Do-

1986 5245 2188 5299 minum
2218 5252 2485 5309 nostrum,
2513 5243 2604 5313 qui
2630 5258 2754 5299 cum
2789 5257 2854 5297 eo
2882 5239 3012 5295 vivit
3035 5246 3090 5294 et
3112 5241 3303 5306 regnat
3327 5236 3468 5289 Deus
3509 5231 3566 5284 in

1986 5335 2191 5388 unitate
2223 5332 2457 5402 Spiritus
2505 5333 2678 5389 sancti
2733 5333 2875 5388 Deus
2899 5345 2998 5401 per
3024 5328 3204 5384 omnia
3244 5322 3440 5382 saecula
3467 5335 3555 5377 sar

1989 5413 2250 5480 culorum.
2279 5424 2471 5481 Amen.
2605 5479 2610 5486 ,

2592 5511 2874 5573 HOMILIA
2917 5509 2976 5564 ν.

2654 5620 2811 5659 FERIA
2836 5620 2898 5659 ll.

2309 5691 2492 5754 Lectio
2529 5698 2758 5750 Actuum
2787 5694 3170 5766 apostolorum.

2066 5779 2133 5846 1η
2177 5793 2356 5847 diebus
2388 5791 2490 5845 illis
2531 5801 2674 5844 stans
2714 5788 2901 5842 Petrus
2927 5787 2982 5841 in
3007 5784 3174 5839 medio
3201 5780 3360 5851 plebis
3391 5775 3562 5831 dixit;
