4036 6370
530 349 634 405 145

1171 346 1233 399 B.
1275 343 1530 399 RABANI
1569 284 1789 397 unum
1829 340 2157 431 ARClllEP.
2198 316 2513 399 uocum.
2554 338 2844 399 OPERUM
2877 338 3060 397 PARS
3095 338 3166 395 [ι.

3740 338 3827 395 ιη

516 463 649 519 'Viri
674 463 889 533 fratres,
917 475 1006 514 vos
1035 460 1179 513 scitis
1221 458 1360 529 quod
1410 457 1611 527 factum
1652 464 1729 510 est
1762 454 1975 510 verbum
2016 468 2111 525 per
2137 459 2193 521 Α
2213 456 2285 512 ob
2334 464 2687 528 peccatorum
2727 454 3198 527 magnitudinem;
3254 453 3522 522 corporis
3561 461 3649 510 est
3696 440 3828 518 nldn

525 558 831 614 uniuersam
869 552 1153 619 Iudaeam,
1203 552 1460 623 incipiens
1507 569 1542 605 a
1577 547 1824 616 Galilwa,
1856 558 1973 621 post
2027 548 2137 603 ba-I

524 648 775 721 ptimum
809 643 951 718 quod
979 643 1286 717 praedicavit
1334 640 1595 709 Joannes,
1621 640 1805 697 Iesum
1843 657 1878 695 a
1912 639 1978 695 Ν
1980 656 2112 695 αω-

526 739 643 795 retlt
659 780 677 807 ,
702 746 828 799 etc.
1426 766 1429 775 ι
2094 736 2095 741 “

595 830 846 887 Breviter
864 830 1050 887 omnia
1075 844 1196 901 quae
1220 828 1275 883 in
1302 825 1563 900 Symbolo
1591 827 1943 884 continentur
1965 842 2118 885 com-

526 922 717 994 plexus
772 928 857 978 est
903 921 1176 992 apostolus
1224 920 1417 975 Petrus
1444 930 1445 933 ‘
1474 919 1530 975 in
1579 919 1812 976 lectione
1860 919 2116 991 praesenti

527 1032 688 1086 quam
748 1015 996 1080 audistis,
1040 1013 1239 1070 fratres
1267 1012 1604 1079 charissimi,
1658 1015 1802 1084 quod
1835 1012 1994 1069 Jesus
2047 1012 2120 1067 sit

527 1110 815 1177 Christus,
846 1110 989 1180 quod
1015 1112 1258 1166 omnium
1283 1110 1354 1166 sit
1373 1111 1652 1167 Dominus.
1687 1109 1849 1165 Stans
1878 1109 2023 1165 enim
2062 1110 2121 1163 in

527 1203 698 1257 medio
738 1200 902 1272 plebis
939 1202 1071 1256 dixit
1097 1218 1117 1257 :
1153 1200 1266 1256 Viri
1284 1203 1496 1272 fratres,
1528 1210 1630 1258 'vos
1677 1202 1824 1256 scitis
1858 1202 1998 1273 quod
2041 1199 2122 1270 fa-

527 1302 669 1347 ctum
708 1301 784 1347 est
823 1292 1031 1348 verbum
1059 1310 1152 1363 per
1187 1286 1483 1350 universam
1525 1294 1775 1349 Judteam
1797 1335 1812 1359 ,
1846 1278 2119 1364 incipiens

527 1387 666 1440 enim
702 1402 737 1440 α
772 1382 1036 1454 ϐαιὶιωα,
1082 1397 1199 1457 post
1257 1387 1573 1458 baptismum
1618 1386 1759 1458 quod
1815 1385 2122 1457 praedicavit

528 1475 781 1543 Joannes,
824 1476 1006 1530 Iesum
1045 1494 1076 1529 a
1106 1474 1397 1531 Nazareth.
1428 1475 1626 1531 Totum
1661 1475 1752 1531 hic
1776 1482 1779 1485 ’
1799 1476 2005 1544 pariter
2030 1473 2121 1529 de-

527 1575 885 1634 monstratur,
911 1568 1055 1638 quod
1087 1564 1355 1623 mundum'
1373 1567 1486 1623 Deo
1513 1566 1869 1623 reconciliare
1916 1566 2120 1621 missus

529 1658 601 1711 sit
649 1656 922 1722 Christus,
967 1657 1110 1728 quod
1157 1655 1382 1712 Joannis
1407 1672 1542 1712 voce
1575 1665 1660 1712 est
1705 1671 1885 1726 praeco
1933 1663 2116 1721 natus,

2215 552 2432 622 quando
2476 552 2546 608 ab
2591 550 2774 607 anima
2818 549 3105 605 deseritur.
3136 547 3231 603 Ab
3282 546 3384 601 his
3429 546 3829 607 'duobnsmtor-

2216 645 2289 701 tis
2339 643 2629 715 generibus
2676 642 3126 700 resuscitatorum
3178 639 3339 695 duas
3381 634 3633 695 dicimus
3658 657 3830 701 resur-

2217 736 2509 794 rectiones.
2542 734 2696 792 Nunc
2749 743 2929 790 autem
2975 733 3297 788 animarum
3363 732 3423 787 in
3452 716 3832 807 ‘Ecclesia‘per

2217 826 2417 884 Filium
2445 827 2562 895 Dei,
2591 824 2828 882 Verbum
2858 825 2974 892 Dei,
3007 824 3069 879 ﬁt
3095 823 3483 888 resurrectio,
3509 822 3728 894 quando
3740 822 3831 897 per

2219 920 2453 993 gratiam
2478 917 2578 974 Dei
2600 917 2888 974 viviﬁcatae
2908 924 3200 989 resurgent
3220 930 3260 970 a
3283 923 3481 970 morte
3505 912 3828 984 iniquitatis;

2219 1019 2276 1068 et
2303 1012 2420 1067 haec
2444 1018 2529 1067 est
2570 1011 2748 1082 prima
2775 1009 3127 1075 resurrectio,
3155 1022 3341 1079 quam
3391 1007 3493 1078 qui
3543 999 3759 1072 habent,
3785 1008 3827 1063 in

2221 1104 2480 1169 secunda,
2505 1117 2627 1173 qua
2666 1109 2752 1157 est
2796 1104 3123 1172 corporum,
3158 1099 3422 1155 feliciter
3477 1090 3827 1169 resurgentia

2219 1195 2389 1249 vitam
2410 1202 2691 1250 aeternam.
2707 1193 3013 1265 Resurgent
3026 1201 3084 1248 et
3106 1192 3263 1263 impii
3294 1191 3700 1262 unusquisque
3724 1197 3827 1248 cum

2222 1303 2321 1343 sua
2342 1303 2530 1353 carne,
2559 1295 2620 1341 ut
2646 1302 2771 1342 cum
2793 1285 3007 1343 diabolo
3029 1294 3085 1343 et
3121 1285 3347 1357 angelis
3376 1284 3507 1355 ejus
3531 1272 3827 1355 puniantur.

2222 1378 2336 1437 Hoc
2376 1380 2685 1436 certissime
2728 1380 3008 1435 sciendum
3058 1388 3164 1446 est,
3190 1379 3355 1450 quod
3406 1394 3579 1434 nemo
3609 1379 3715 1433 nisi
3751 1393 3831 1450 per

2222 1474 2518 1530 indebitam
2569 1462 3000 1530 misericordiam
3047 1473 3145 1529 Dei
3187 1472 3561 1537 liberabitur,
3592 1480 3645 1527 et
3692 1486 3829 1528 nemo

2222 1566 2327 1620 nisi
2369 1580 2469 1635 per
2497 1565 2738 1621 debitum
2769 1564 3037 1633 judicium
3061 1565 3460 1621 damnabitur.
3479 1566 3647 1641 (Tunc
3680 1567 3830 1621 sancti

2223 1659 2403 1714 sciunt
2427 1659 2659 1730 plenius,
2704 1659 2835 1729 quid
2864 1660 2990 1715 boni
3019 1659 3136 1727 eius
3184 1660 3507 1717 contulerit
3548 1646 3828 1731 gratia,vel

528 1751 672 1824 quod
702 1749 908 1820 Spiritu
928 1758 1118 1806 sancto
1138 1758 1451 1819 perunctus,
1481 1742 1625 1820 quod
1648 1748 1760 1803 Deo
1784 1747 2121 1833 inhabitante
2150 1825 2192 1833 _
2224 1753 2352 1823 quid
2382 1762 2567 1808 essent
2592 1752 2871 1808 consecuti
2903 1753 2948 1807 si
2977 1753 3157 1808 divina
3194 1768 3299 1809 eos
3343 1754 3829 1825 gratuitomunere

524 1855 625 1910 per
650 1841 913 1897 miracula
960 1843 1303 1907 declaratus,
1329 1842 1473 1912 quod
1510 1840 1803 1897 cruciﬁxus
1829 1849 1884 1895 et
1915 1826 2118 1893 amor:

2233 1860 2333 1900 non
2374 1845 2643 1916 elegisset.
2670 1844 2823 1901 Tunc
2864 1846 2969 1900 erit
2999 1846 3114 1916 ipse
3150 1846 3302 1902 Deus
3328 1855 3663 1903 sanctorum
3690 1846 3826 1901 satie-

528 1932 634 1986 tuis
657 1924 949 1988 suscitatus
975 1933 1197 2003 suisque
1220 1931 1637 1996 manifestatus,
1678 1929 2005 2001 quodjudex
2053 1930 2124 1985 sit
2180 1936 2187 1941 ’
2231 1946 2335 2001 ras,
2366 1937 2652 1991 beatorum
2681 1934 3029 2003 jucundius,
3067 1945 3122 1991 et
3160 1937 3356 1991 omnia
3405 1950 3747 2007 quaecunque
3774 1933 3828 1988 ab

529 2024 775 2078 omnium
800 2022 855 2077 in
882 2023 989 2078 line
1021 2031 1303 2090 venturus,
1332 2025 1585 2095 quodque
1618 2024 1782 2079 etiam
1810 2038 1908 2093 per
1937 2022 2124 2077 Eccle—
2227 2026 2307 2081 eis
2340 2026 2564 2081 honeste
2598 2025 2895 2081 desiderari
2947 2033 3196 2095 possunt,
3248 2033 3311 2081 et
3362 2026 3480 2080 vita
3501 2066 3518 2092 ,
3567 2025 3738 2090 salus,
3784 2032 3827 2078 et

527 2114 666 2169 siam
694 2127 849 2168 suam
875 2129 974 2184 per
1008 2113 1169 2169 ﬁdem
1198 2122 1372 2169 totum
1391 2115 1464 2169 sit
1487 2115 1676 2169 orbem
1704 2112 2121 2168 illuminaturus.
2228 2116 2431 2180 victus,
2454 2122 2509 2172 et
2533 2116 2710 2186 c0pia,
2737 2123 2794 2171 et
2813 2113 3003 2186 gloria,
3020 2118 3092 2170 ‘et
3118 2115 3321 2180 honor,
3378 2124 3441 2170 et
3483 2129 3618 2185 pax,
3648 2121 3827 2168 aeterna

529 2204 737 2261 Deinde
783 2203 1126 2276 subiungitur
1150 2222 1164 2256 :
1190 2266 1193 2273 _
2227 2209 2530 2275 beatitudo,
2561 2220 2617 2263 et
2645 2209 2804 2265 beata
2834 2208 3137 2272 aeternitas,
3160 2207 3247 2285 cui
3279 2208 3362 2263 sit
3384 2208 3572 2263 honor
3597 2194 3652 2262 et
3681 2203 3823 2275 gloria

602 2293 876 2363 Ωαοπιοάο
926 2296 1080 2350 una?“
1109 2312 1229 2350 eum
1278 2294 1659 2366 Deuslspiritu
1687 2298 1892 2348 ‘sancto
1932 2302 1981 2347 ετ
2022 2294 2126 2347 υίν-
2230 2316 2375 2356 nunc
2393 2309 2449 2356 et
2476 2296 2713 2370 semper,
2740 2306 2797 2354 et
2823 2298 2880 2355 in
2916 2298 3113 2354 sarcula
3144 2297 3517 2354 saeculorum.
3549 2297 3735 2353 Amen.

528 2393 657 2439 tute.
676 2383 883 2441 Unctus
899 2393 985 2440 est
1008 2399 1138 2456 ergo
1154 2383 1312 2461 Iesus
1333 2400 1441 2440 non
1471 2385 1593 2439 oleo
1617 2382 1839 2449 visibili,
1860 2378 1955 2439 sed
1986 2383 2126 2438 dono

528 2476 718 2547 gratiae
767 2475 1048 2545 spiritalis,
1106 2491 1228 2546 quae
1267 2476 1449 2530 omnia
1501 2474 1734 2545 pleniter
1776 2472 2120 2539 continebat;

528 2568 898 2641 quodvisibili
951 2568 1291 2639 signiﬁcatur
1342 2576 1622 2639 unguento
1662 2583 1769 2638 quo
1815 2567 2125 2638 baptizatos

529 2662 685 2733 ungit
722 2660 998 2726 Ecclesiae,
1031 2660 1159 2715 dum
1187 2674 1285 2729 per
1316 2660 1716 2729 impositionem
1742 2656 1959 2716 manus
2006 2659 2125 2728 epi-

533 2752 683 2823 scopi
704 2751 939 2822 Spiritus
963 2750 1293 2821 septiformis
1319 2752 1633 2817 invocatur;
1660 2752 1717 2806 in
1739 2765 1846 2821 qua
1868 2751 2124 2807 similitu-
2168 2746 2175 2752 ’

530 2845 659 2901 dine
691 2858 856 2915 super
880 2859 1005 2899 eum
1029 2842 1360 2912 baptizatum
1392 2841 1631 2914 Spiritus
1656 2850 1876 2898 sanctus
1904 2843 1960 2897 in
1999 2857 2125 2913 spe-

531 2937 617 2993 cie
636 2935 900 2992 columbae
921 2936 1220 2992 descendit.
1257 2934 1411 2991 Tunc
1430 2933 1730 2992 Ecclesiam
1767 2949 1921 2989 suam
1948 2932 2127 3005 praeﬁ-

522 3038 730 3096 gurare
750 3025 1004 3098 dignatus
1032 3033 1151 3092 est,
1177 3025 1233 3080 in
1264 3040 1371 3095 qua
1398 3024 1671 3096 praecipue
1695 3023 1962 3095 baptizati
1985 3023 2127 3079 acci-

2825 2409 3114 2467 HOMILIA
3137 2411 3226 2468 VI.

2790 2498 2923 2537 l'l‘EM
2990 2498 3151 2537 FERIA
3213 2497 3275 2537 ῙῙ.

2368 2578 2557 2634 Lectio
2603 2576 2779 2633 sancti
2808 2575 3086 2646 Evangelii
3119 2591 3433 2633 secundum
3504 2591 3701 2634 .ucam.

2302 2669 2370 2725 In
2389 2669 2483 2723 illo
2504 2658 2753 2740 tempore,
2770 2668 2876 2723 duo
2902 2684 2967 2722 ea:
2992 2666 3269 2739 discipulis
3297 2670 3457 2724 ibant
3490 2671 3551 2724 in
3576 2665 3820 2724 castellum

2228 2761 2370 2833 quod
2401 2770 2516 2816 erat
2544 2762 2601 2817 in
2623 2762 2794 2832 spatio
2822 2760 3119 2815 stadiorum
3137 2763 3429 2831 sexaginta
3460 2763 3530 2817 ab
3549 2758 3819 2816 Jerusalem

2229 2855 2438 2910 nomine
2489 2854 2765 2919 Emmaus,
2792 2863 2840 2908 et
2872 2852 2975 2923 ipsi
3015 2851 3375 2923 loquebantur
3401 2853 3478 2908 ad
3514 2853 3728 2907 invicem
3763 2846 3817 2903 de

2228 2949 2310 3004 Itis
2342 2948 2582 3004 omnibus
2603 2964 2721 3020 qua:
2746 2947 3073 3014 acciderunt,
3106 2955 3215 3009 etc.

2298 3043 2359 3099 In
2386 3042 2697 3113 quotidiana
2732 3042 2882 3097 vobis
2916 3040 3259 3098 solemnitate
3281 3039 3691 3101 laborantibus,
3726 3033 3816 3088 fra-

528 3118 687 3189 piunt
706 3116 970 3188 Spiritum
992 3124 1271 3185 sanctum;
1305 3126 1436 3172 tunc
1459 3116 1606 3173 enim
1634 3114 2016 3188 intelligendus
2043 3125 2128 3170 est
2230 3126 2344 3190 “es
2384 3133 2690 3189 charissim;
2709 3172 2725 3197 ν
2766 3146 2939 3202 pauca
2985 3131 3253 3203 loquenda
3297 3138 3467 3197 sum,
3517 3138 3573 3185 ει
3611 3126 3814 3183 fortasse.

528 3218 727 3266 unctus
764 3224 891 3265 cum
927 3206 1155 3264 Verbum
1200 3224 1322 3263 caro
1369 3206 1571 3279 factum
1599 3216 1721 3262 est:
1748 3205 1804 3262 id
1833 3214 1937 3273 est,
1979 3204 2127 3277 quod

2233 3224 2347 3280 haec
2382 3224 2569 3279 utilius
2610 3223 2939 3292 proderunt,
2976 3222 3103 3291 quia
3154 3237 3297 3292 sape
3328 3230 3389 3280 et
3419 3221 3680 3277 alimenta
3715 3228 3813 3289 qua

532 3302 773 3356 humana
810 3309 1022 3361 nam”
1058 3300 1186 3373 ,δίηθ
1212 3298 1340 3355 “nis
1374 3297 1807 3368 Pmen‘ibus
1856 3299 2123 3354 bonorum
2231 3319 2412 3373 minus
2445 3315 2736 3379 sufﬁciunt,
2772 3316 2983 3371 avidius
3033 3324 3344 3371 sumuntur.
3393 3315 3675 3372 Lectionis
3704 3322 3815 3380 ergo

533 3405 761 3461 operum
795 3390 1007 3445 meritis
1044 3390 1156 3445 Deo
1184 3388 1350 3444 verbo
1379 3396 1464 3445 est
1507 3390 1564 3444 in
1602 3396 1761 3445 utero
1785 3388 2015 3459 virginis
2043 3402 2132 3444 co-

531 3481 741 3553 pulata,
770 3488 834 3535 ut
857 3480 1064 3549 pariter
1086 3478 1269 3535 divina
1288 3486 1345 3533 et
1372 3479 1611 3533 humana
1635 3486 1833 3534 natura
1853 3492 1960 3531 una
1983 3485 2131 3532 esset

533 3585 789 3643 persona,
819 3580 876 3627 et
893 3571 965 3627 ob
992 3572 1097 3627 hoc
1126 3584 1252 3627 eum
1279 3569 1810 3627 conﬁtemur‘natum
1834 3570 1901 3625 de
1925 3567 2131 3640 Spiritu

538 3671 834 3721 sanctoiet
867 3660 1036 3716 Maria
1072 3660 1315 3730 Virgine.
1352 3659 1457 3727 Qui
1484 3661 1823 3731 pertransivit
1870 3660 1996 3714 bene
2041 3659 2131 3729 fa-

534 3756 721 3812 ciendo
761 3772 825 3810 ac
851 3754 1092 3811 sanando
1142 3770 1320 3810 omnes
1368 3770 1642 3825 oppressos
1673 3771 1707 3807 a
1745 3742 1979 3818 diabolo,
2006 3769 2133 3823 quo-

536 3849 684 3903 niam
730 3846 873 3902 Deus
911 3854 1178 3902 eratcum
1213 3846 1325 3900 illo.
1370 3843 1427 3901 ld
1469 3844 1771 3911 est,Pater
1816 3859 1941 3900 cum
1991 3844 2131 3900 Filio

534 3952 754 4010 semper
783 3952 1024 4005 manere,
1054 3937 1250 3994 melius
1272 3946 1357 3994 est
1400 3937 1704 4008 intelligere
1748 3951 1911 4006 quam
1937 3936 2131 3992 divini-

538 4038 706 4088 tatem
724 4029 849 4086 Filii
875 4044 998 4085 cum
1021 4029 1262 4095 homine,
1282 4043 1444 4098 quem
1474 4027 1789 4096 assumpsit,
1816 4027 2132 4082 cohabitan-

535 4133 648 4180 tem
680 4116 1008 4194 significare,
1045 4136 1114 4176 ne
1152 4119 1355 4175 Christi
1390 4133 1679 4190 personam
1726 4118 2031 4189 geminaret
2078 4127 2134 4174 et

535 4215 595 4270 in
632 4228 875 4271 errorem
901 4212 1200 4267 maximum
1228 4212 1516 4267 incideret.
1559 4210 1859 4283 Sequitur:

585 4305 679 4363 .Et
720 4320 815 4359 nos
852 4309 1006 4357 testes
1031 4318 1211 4356 sumus
1242 4303 1479 4356 omnium
1504 4317 1623 4373 quae
1650 4302 1798 4371 fecit,
1843 4303 1899 4357 in
1925 4304 2134 4375 regione

540 4396 855 4450 Judazorum
879 4402 930 4448 et
965 4392 1284 4448 Jerusalem.
1319 4393 1486 4450 Recte
1510 4402 1693 4449 autem
1722 4401 1888 4450 testes
1917 4409 1977 4449 se
2011 4408 2134 4450 esse
2162 4402 2167 4411 '

540 4491 830 4550 testantur,
859 4483 954 4554 qui
993 4497 1092 4554 per
1129 4484 1445 4539 universum
1485 4485 1748 4540 mundum
1805 4483 1956 4539 missi
2006 4492 2135 4538 sunt

538 4574 1227 4646 Evangelium,praedicare
1240 4584 1302 4651 ut
1322 4575 1378 4629 in
1404 4574 1615 4645 psalmo
1633 4575 1864 4646 legimus
1887 4592 1901 4629 :
1925 4573 1997 4628 In
2026 4590 2138 4628 om-
2164 4580 2217 4639 D

541 4683 658 4723 nem
688 4674 883 4723 terram
911 4668 1067 4723 exivit
1108 4683 1267 4722 sonus
1287 4684 1488 4732 eorum,
1514 4677 1562 4722 et
1588 4667 1645 4721 in
1664 4666 1797 4737 ﬁnes
1817 4667 1956 4721 orbis
1978 4676 2134 4722 terra?

539 4766 694 4813 uerba
737 4774 937 4813 eorum.
980 4758 1122 4814 Deus
1170 4756 1337 4813 Pater
1364 4759 1498 4815 duas
1542 4758 1597 4813 in
1626 4756 1846 4813 Christo
1874 4767 2134 4828 operatur

540 4856 763 4905 naturas
794 4868 809 4905 :
836 4865 937 4921 per
963 4863 1128 4904 unam
1150 4864 1275 4921 quae
1323 4850 1375 4906 ei
1413 4849 1716 4907 communis
1753 4857 1839 4905 est
1864 4864 1985 4905 cum
2023 4848 2136 4906 Deo

540 4939 735 5006 Patre,
769 4956 836 4996 ex
882 4956 949 4995 eo
985 4942 1129 5011 quod
1168 4939 1315 4996 Deus
1353 4950 1467 5008 est;
1496 4955 1597 5011 per
1633 4940 1862 4996 alteram
1910 4957 2018 5013 qua
2065 4958 2135 4999 ex

540 5032 711 5087 Maria
731 5032 953 5103 Virgine
988 5032 1153 5088 homo
1178 5031 1355 5089 factus
1382 5041 1483 5088 est.
1514 5032 1623 5090 Per
1666 5036 1766 5091 has
1802 5036 1938 5091 duas
1977 5045 2135 5092 natu-

539 5138 634 5178 ras
670 5123 727 5177 in
772 5138 881 5178 uno
905 5122 1045 5179 Filio
1084 5124 1179 5179 Dei
1206 5124 1351 5179 Deus
1381 5123 1542 5180 Pater
1593 5125 1728 5181 duas
1778 5125 1910 5183 facit
1954 5143 2137 5184 resur-

541 5214 810 5270 rectiones
859 5215 1083 5269 humani
1110 5207 1326 5286 generis
1353 5257 1369 5282 ,
1421 5216 1476 5272 id
1520 5224 1607 5274 est
1636 5244 1679 5284 ,-
1708 5220 2016 5276 animarum
2078 5230 2135 5278 et

541 5318 850 5374 corporum.
904 5304 1116 5360 Habent
1150 5305 1398 5363 enimet
1443 5298 1638 5365 animat
1695 5320 1927 5368 mortem
1977 5329 2132 5370 suam

542 5396 600 5451 in
624 5396 903 5465 impietate
942 5405 1105 5469 atque
1146 5398 1744 5470 peccatis,‘secundum
1794 5424 1958 5478 quam
1976 5405 2137 5467 mor-

542 5499 654 5547 tem
688 5493 887 5547 mortui
934 5502 1092 5559 sunt,
1132 5495 1200 5551 de
1247 5498 1441 5565 quibus
1494 5500 1641 5583 idem
1697 5501 1958 5559 Dominus
2007 5505 2129 5559 ait:
2166 5496 2175 5509 ’

546 5582 673 5640 Sine
721 5595 952 5639 mortuos
996 5586 1210 5657 sepelire
1247 5601 1478 5645 mortuos
1513 5610 1672 5659 suos;
1711 5602 1773 5649 ut
1823 5597 2031 5652 scilicet
2076 5598 2134 5653 in

544 5675 726 5730 anima
754 5678 951 5733 mortui
1004 5679 1055 5732 in
1102 5696 1329 5752 corpore
1358 5696 1597 5742 mortuos
1634 5689 1943 5758 sepelirent.
1988 5690 2131 5747 Mors

545 5776 629 5821 est
688 5768 937 5827 videlicet
1006 5772 1201 5829 animae
1267 5778 1483 5845 quando
1542 5780 1680 5835 Deus
1748 5766 1953 5837 deserit
2011 5800 2131 5839 eam

2231 3409 2555 3483 evangelicae
2600 3400 2913 3464 summatim
2953 3422 3176 3464 sensum
3232 3409 3405 3463 statui
3447 3423 3559 3463 non
3604 3419 3698 3476 per
3727 3400 3812 3457 sin-

2230 3502 2356 3573 gula
2382 3494 2571 3557 verba
2593 3490 2930 3565 discurrere,
2946 3515 3015 3555 ne
3062 3499 3415 3557 dilectionem
3465 3505 3703 3554 vestram
3736 3507 3813 3546 va-

2232 3592 2361 3647 leat‘
2403 3607 2585 3648 sermo
2643 3592 2909 3661 prolixior
2968 3592 3328 3663 expositionis
3368 3605 3638 3667 onerare.
3687 3584 3809 3640 Ecce

2233 3683 2493 3748 audistis,
2537 3681 2736 3738 fratres
2765 3683 3102 3750 charissimi,
3151 3684 3280 3755 quia
3310 3684 3545 3755 duobus
3597 3678 3809 3747 discipu-

2230 3773 2300 3832 lis
2362 3774 2799 3839 ambulantibus,
2858 3775 2913 3828 in
2958 3762 3086 3839 via,
3138 3790 3247 3830 non
3293 3774 3521 3846 quidem
3567 3765 3807 3829 credenti-

2231 3868 2335 3923 bus
2356 3908 2371 3933 ,
2422 3869 2515 3923 sed
2546 3876 2727 3922 tamen
2761 3866 2829 3921 de
2860 3878 2919 3922 se
2958 3866 3304 3937 loquentibus
3350 3867 3620 3922 Dominus
3667 3871 3808 3931 appa—

2234 3960 2382 4023 ruit,
2433 3959 2527 4014 sed
2577 3958 2657 4013 eis
2708 3958 2943 4027 speciem
3003 3973 3165 4027 quam
3204 3962 3674 4031 ,recognoscerent
3716 3962 3802 4021 non

2233 4034 2488 4108 ostendit.
2510 4050 2625 4105 Hoc
2653 4065 2783 4122 ergo
2803 4051 2915 4121 egit
2941 4048 3074 4105 foris
3104 4049 3369 4106 Dominus
3418 4050 3475 4105 in
3502 4046 3671 4104 oculis
3706 4055 3808 4097 cor-

2234 4144 2384 4217 poris
2409 4144 2551 4215 quod
2586 4143 2725 4213 apud
2754 4142 2899 4213 ipsos
2934 4132 3194 4214 agebatur
3220 4142 3382 4215 "intus
3408 4142 3465 4196 in
3498 4138 3666 4196 oculis
3704 4146 3804 4189 cor-

2158 4234 2163 4241 ’
2236 4235 2340 4290 dis.
2380 4235 2487 4305 Ipsi
2516 4249 2748 4303 namque
2785 4234 2927 4303 apud
2957 4233 3280 4303 semetipsos
3308 4233 3460 4288 intus
3493 4240 3549 4286 et
3576 4224 3806 4284 amabant

2236 4333 2293 4381 et
2333 4324 2672 4389 dubitabant,
2700 4324 2783 4379 eis
2822 4331 3005 4379 autem
3030 4324 3312 4399 Dominus
3338 4323 3477 4379 foris
3496 4333 3557 4401 pet
3589 4326 3803 4394 praesens

2239 4424 2447 4482 aderat,
2469 4424 2525 4471 et
2562 4407 2692 4487 quid
2719 4424 2865 4472 esset
2885 4432 2991 4471 non
3020 4418 3361 4472 ostendebat.
3386 4418 3465 4473 De
3488 4431 3549 4471 se
3586 4428 3708 4483 ergo
3734 4409 3801 4463 lo-

2241 4510 2528 4578 quentibus
2552 4509 2896 4579 prmsentiam
2920 4523 3073 4563 suam
3100 4509 3364 4575 exhibuit,
3394 4508 3491 4565 sed
3513 4507 3580 4563 de
3600 4521 3656 4561 se
3679 4497 3801 4556 dubi-

2244 4600 2480 4655 tantibus
2518 4601 2842 4670 cognitionis
2888 4615 3000 4654 suaa
3048 4600 3281 4671 speciem
3312 4600 3616 4659 abscondit.
3648 4591 3799 4650 Verba

2243 4691 2456 4761 quidem
2471 4692 2718 4756 contulit,
2737 4693 2994 4748 duritiam
3018 4692 3323 4748 intellectus
3336 4690 3656 4764 increpavit,
3672 4680 3800 4741 Scri-

2242 4793 2416 4853 pturae
2436 4798 2594 4839 sacra
2620 4786 2877 4855 mysteria
2905 4800 3024 4855 qua:
3046 4785 3112 4839 de
3138 4785 3315 4856 seipso
3343 4792 3499 4843 erant
3518 4777 3734 4869 aperuit,
3755 4776 3801 4825 εί

2244 4884 2425 4931 tamen
2457 4875 2550 4946 qui
2575 4878 2753 4930 adhuc
2774 4877 2829 4930 in
2856 4891 3045 4932 eorum
3092 4876 3347 4933 cordibus
3367 4875 3677 4948 peregrinus
3701 4870 3800 4955 el":ll

2243 4981 2273 5020 a
2304 4965 2431 5034 ﬁde,
2459 4966 2540 5022 ire
2561 4981 2620 5022 se
2648 4965 2861 5038 longius
2886 4966 3074 5035 ﬁnxit;
3117 4966 3322 5040 ﬁngere
3352 4980 3583 5039 namque
3606 4968 3797 5039 eomPO‘

2242 5074 2373 5114 nere
2400 5058 2651 5123 dicimus,
2682 5059 2827 5113 unde
2852 5068 2909 5114 et
2934 5060 3325 5130 compositores
3359 5060 3457 5143 luti
3506 5053 3793 5139 ﬁgul0§,\’0‘

2242 5165 2445 5205 camus.
2477 5149 2618 5205 Nihil
2657 5165 2788 5220 ergo
2820 5151 3045 5222 simplex
3073 5153 3276 5208 veritas
3310 5168 3409 5224 per
3434 5146 3791 5225 {duplicitaleul

2244 5240 2388 5307 fecit,
2427 5243 2521 5296 sed
2565 5241 2725 5297 talem
2757 5257 2817 5297 se
2849 5243 2930 5299 eis
2967 5244 3214 5300 exhibuit
3255 5246 3312 5300 in
3349 5228 3604 5323 corpore,
3644 5226 3796 5323 ᾳιξῆῌε

2243 5332 2382 5402 apud
2405 5332 2523 5388 illos
2553 5341 2674 5387 erat
2700 5334 2756 5388 in
2780 5341 2980 5391 mente.
3007 5336 3281 5394 Probandi
3311 5294 3490 5396 autem
3513 5308 3665 5395 erant
3682 5294 3787 5397 Sibi,

2242 5424 2336 5494 qui
2355 5437 2477 5477 eum
2502 5424 2606 5478 etsi
2642 5426 2876 5481 necdum
2898 5434 2960 5481 ut
2991 5427 3279 5485 Dominum
3301 5414 3597 5501 diligerent,
3623 5422 3790 5501 saltem

2237 5521 2299 5569 ut
2321 5515 2666 5585 peregrinum
2709 5531 2895 5575 amare
2921 5510 3261 5589 potuissent,
3287 5522 3394 5581 Sed
3430 5525 3662 5598 quiesse
3707 5525 3769 5570 οι

2238 5603 2415 5679 tranei
2460 5618 2491 5657 a
2535 5605 2803 5661 charitate
2834 5623 2942 5663 non
2964 5617 3233 5679 poterant,
3270 5611 3326 5668 hi
3353 5606 3475 5670 cum
3505 5611 3686 5684 quibus
3707 5612 3789 5661 η’

2237 5698 2373 5752 ritas
2393 5698 2742 5769 gradiebatur
2754 5716 2877 5756 eum
2894 5703 2961 5757 ad
2985 5694 3279 5775 hospitium
3302 5709 3455 5779 quasi
3479 5682 3782 5779 pcregriuuii'

2239 5796 2454 5843 vocant.
2506 5787 2616 5844 Cur
2656 5787 2837 5846 autem
2887 5792 3118 5850 dicimus
3144 5777 3349 5863 vocant,
3379 5777 3497 5855 cuni
3542 5788 3641 5849 illic
3673 5777 3786 5842 κη’
