4036 6370
249 401 412 526 ξω
469 495 473 500 .

1379 450 1686 509 HOMILIE
1724 452 1792 508 IN
1830 452 2083 510 EVANG.
2122 452 2210 506 ET
2249 451 2460 507 EPIST.

3451 446 3556 504 1&6

251 615 264 620 -
285 560 456 640 ptum
477 567 549 624 sit
567 606 583 631 ,
623 575 676 624 ct
700 578 969 637 coegerunt
999 584 1137 622 eum.
1169 568 1247 622 Ex
1273 583 1379 637 quo
1410 567 1665 622 nimirum
1692 581 1877 624 exem-
1905 571 1958 625 Α
1980 564 2125 626 estis,
2152 571 2200 615 et
2221 559 2480 616 desideria
2501 561 2664 628 patris
2692 559 2845 613 vestri
2864 559 3037 627 facere
3053 557 3230 613 vultis.
3253 558 3390 614 Ecce
3412 559 3558 615 unde

297 661 390 730 plo
438 657 706 729 colligitur
744 657 834 726 qui
882 655 1098 728 [For-te,
1144 657 1290 729 quia]
1330 658 1599 728 peregrini
1651 657 1718 711 ad
1772 658 1872 712 ho-

296 752 525 827 spitium
549 793 552 802 .
573 765 672 808 son
716 750 892 808 solum
932 750 1193 806 invitandi
1232 760 1378 816 sunt,
1412 752 1505 807 sed
1559 753 1724 806 etiam
1764 759 1872 804 tra-

261 837 481 902 {hendi.
527 839 768 902 Mensam
812 849 1039 910 ponunt,
1063 840 1233 896 cibos
1267 839 1524 906 offerunt,
1545 848 1600 895 et
1629 854 1790 910 quem
1817 839 1871 893 in

294 934 594 1004 Scriptum
625 947 796 987 sacrae
838 931 1174 1002 expositione
1225 948 1332 988 non
1381 941 1765 1003 cognoverant,
1818 932 1872 986 in

291 1025 452 1095 panis
475 1023 736 1079 fractione
765 1032 1111 1092 cognoscunt.
1143 1023 1420 1080 Audiendo
1451 1040 1580 1094 ergo
1604 1034 1874 1094 praecepta

292 1115 392 1170 Dei
433 1115 717 1170 illuminati
766 1129 872 1168 non
928 1122 1072 1180 sunt,
1109 1113 1355 1170 faciendo
1407 1115 1689 1170 illuminati
1724 1121 1870 1183 sunt,

291 1206 420 1274 quia
474 1209 734 1274 scriptum
781 1212 864 1259 est
897 1223 909 1258 :
947 1203 1071 1258 Non
1117 1204 1384 1260 auditores
1427 1205 1552 1276 legis
1588 1205 1722 1276 justi
1752 1216 1872 1259 sunt

290 1297 432 1366 apud
465 1296 653 1362 Deum,
683 1295 774 1350 sed
798 1297 1020 1366 {actores
1065 1295 1192 1367 legis
1225 1297 1677 1368 justiﬁcabuntur.
1723 1296 1875 1364 Quis-

289 1388 416 1456 quis
463 1402 592 1454 ergo
632 1385 746 1439 vult
788 1386 967 1440 audita
1025 1386 1344 1457 intelligere,
1385 1387 1601 1443 festinet
1653 1402 1715 1441 ea
1754 1401 1874 1457 quas

279 1477 399 1544 jam
445 1477 743 1548 intelligere
765 1478 938 1547 potuit
969 1493 1130 1547 opere
1156 1478 1396 1550 implere.
1439 1479 1578 1534 Ecce
1615 1480 1873 1534 Dominus

289 1587 399 1624 non
431 1578 515 1624 est
560 1570 808 1639 cognitus
851 1571 976 1624 dum
1022 1570 1371 1640 loqueretur,
1418 1579 1472 1624 et
1502 1569 1751 1640 dignatus
1791 1578 1874 1624 est

288 1661 541 1731 cognosci
564 1660 689 1714 dum
721 1661 976 1730 pascitur.
1010 1660 1440 1730 Hospitalitatem
1481 1676 1631 1730 ergo,
1661 1661 1870 1716 charis-

288 1753 413 1808 simi
450 1751 665 1818 fratres,
712 1751 937 1822 diligite,
968 1753 1250 1808 charitatis
1294 1762 1696 1824 opera'amate,
1746 1754 1874 1808 hinc

286 1847 432 1902 enim
456 1860 553 1916 per
592 1845 818 1900 Paulum
846 1847 1044 1900 dicitur
1070 1865 1081 1899 :
1112 1839 1355 1900 Charitas
1387 1846 1735 1915 fraternitatis
1766 1861 1874 1900 ma-

1974 653 2071 707 ﬁlii
2103 651 2324 708 diaboli.
2353 650 2482 719 Quae
2535 660 2659 705 sunt
2695 650 2840 704 illius
2882 648 3192 705 desideria?
3234 648 3336 704 Ille
3382 649 3555 705 homi-

1975 744 2093 799 cida
2119 754 2232 799 erat
2263 745 2329 799 ab
2352 745 2526 810 initio,
2553 754 2600 798 et
2632 761 2717 798 vos
2749 743 2983 814 quaeritis
3027 758 3108 796 me
3137 743 3390 797 occidere.
3411 743 3556 800 Ecce

1974 836 2248 906 quomodo
2279 835 2582 890 imitatione
2611 834 2705 890 ﬁlii
2741 835 2938 890 diaboli
2973 853 2985 888 :
3037 849 3162 889 nam
3186 842 3242 888 et
3280 833 3376 888 ﬁlii
3399 842 3556 889 erant

1972 927 2202 982 Abrahae
2226 936 2448 999 propter
2470 927 2734 998 originem
2763 926 2944 982 carnis
2963 924 3162 995 quibus
3191 925 3292 980 ista
3333 932 3551 994 aposto-

1974 1018 2056 1073 lus
2085 1019 2422 1088 loquebatur,
2460 1026 2515 1074 et
2543 1018 2636 1072 ﬁlii
2668 1019 2984 1074 imitationis
3007 1025 3227 1087 propter
3250 1017 3554 1072 castitatem

1973 1110 2183 1165 timoris
2227 1111 2424 1180 quibus
2473 1111 2780 1180 specialiter
2823 1111 3074 1166 dicebar:
3101 1109 3170 1163 Et
3193 1111 3283 1180 qui
3329 1112 3384 1164 in
3413 1109 3555 1165 vobis

1972 1200 2152 1254 timent
2187 1200 2353 1254 Deum
2392 1201 2600 1255 verbum
2639 1200 2825 1257 salutis
2863 1201 3021 1271 hujus
3050 1201 3268 1255 missum
3294 1209 3389 1254 est.
3419 1199 3556 1255 Illud

1972 1293 2158 1363 utique
2183 1293 2250 1348 de
2285 1308 2393 1363 quo
2435 1293 2603 1350 Isaias
2629 1295 2742 1348 ait:
2779 1293 3002 1350 Verbum
3028 1296 3170 1348 misit
3214 1294 3472 1348 Dominus
3497 1294 3555 1347 in

1971 1381 2136 1436 Iacob
2158 1423 2173 1449 ,
2204 1394 2252 1437 et
2277 1383 2458 1437 cecidit
2501 1385 2555 1437 in
2591 1383 2778 1449 Israel,
2814 1384 2866 1437 id
2893 1393 2996 1448 est,
3021 1384 3170 1438 misit
3195 1384 3337 1437 Deus
3359 1382 3555 1437 Filium

1971 1491 2152 1539 suum,
2182 1476 2246 1529 de
2276 1491 2382 1545 quo
2411 1475 2644 1530 Joannes
2669 1477 2743 1529 ait
2769 1493 2781 1528 :
2808 1475 2875 1528 In
2895 1475 3150 1546 principio
3172 1487 3280 1529 erat
3303 1473 3554 1539 Verbum,

1971 1575 2020 1620 et
2061 1565 2280 1619 Verbum
2301 1576 2413 1620 erat
2434 1567 2576 1636 apud
2597 1567 2788 1630 Deum,
2817 1576 2865 1619 et
2887 1565 3028 1620 Deus
3049 1575 3159 1620 erat
3193 1564 3440 1619 Verbum.
3468 1565 3554 1620 Ad

1972 1658 2156 1722 Jacob,
2182 1659 2233 1712 id
2263 1669 2369 1722 est,
2395 1661 2462 1713 ad
2489 1658 2720 1714 Judaeos.
2749 1659 2816 1712 Et
2842 1658 2987 1712 venit
3015 1658 3080 1712 ad
3119 1657 3316 1723 Israel,
3344 1658 3448 1712 hoc
3474 1665 3560 1712 est

1973 1752 2037 1804 ad
2088 1751 2327 1818 gentium
2369 1749 2642 1819 populum.
2694 1750 2789 1804 Dei
2819 1758 2997 1804 autem
3028 1747 3246 1802 verbum
3269 1789 3284 1813 ,
3331 1748 3445 1818 ipse
3473 1754 3558 1801 est

1972 1842 2069 1896 Dei
2102 1843 2289 1907 Filius,
2318 1853 2646 1913 quapropter
2677 1857 2800 1897 cum
2842 1857 2965 1897 eum
3011 1840 3173 1896 Pater
3212 1840 3377 1895 verbo
3413 1837 3556 1911 [ver-

287 1952 406 1996 neat
451 1943 506 1994 in
553 1940 732 2005 vobis,
763 1949 809 2014 et
847 1937 1268 2008 hospitalitatem
1292 1937 1450 1991 nolite
1488 1936 1739 1991 oblivisci.
1771 1937 1874 1990 Per
1901 1934 1948 1992 B
1976 1933 2126 2004 bum]
2176 1934 2341 1998 misit,
2384 1949 2413 1986 a
2467 1934 2628 1988 Patre
2669 1942 2724 1988 et
2759 1931 2937 1989 Verbo
2966 1931 3081 2002 ejus
3129 1933 3324 1987 factum
3365 1944 3448 1987 est
3496 1940 3558 1984 ut

285 2033 429 2086 hanc
475 2029 617 2084 enim
658 2029 974 2098 placuerunt
1015 2027 1234 2096 quidam
1280 2025 1485 2096 angelis
1525 2025 1758 2094 hospitio
1787 2039 1873 2081 re-

285 2122 475 2191 ceptis.
504 2120 644 2174 Hinc
668 2119 860 2174 Petrus
883 2119 957 2172 ait
987 2137 1000 2171 :
1029 2116 1330 2187 Hospitales
1351 2118 1566 2172 invicem
1600 2119 1710 2172 sine
1733 2135 1874 2172 mur-

284 2209 825 2279 murationibus.lpsa
839 2209 1054 2264 Veritas
1085 2208 1214 2263 dicit
1245 2227 1256 2262 :
1286 2207 1485 2280 Hospes
1509 2209 1606 2278 fui,
1626 2220 1672 2263 et
1697 2227 1870 2265 susce-

267 2301 433 2373 pistis
463 2317 567 2354 me.
601 2299 832 2370 Opinata
866 2315 954 2353 res
982 2307 1066 2354 est
1093 2298 1250 2353 valde
1269 2307 1324 2353 et
1360 2301 1629 2354 seniorum
1660 2309 1872 2356 nostro-

282 2406 406 2445 rum
446 2389 599 2444 nobis
641 2389 902 2443 relatione
941 2388 1160 2443 tradita.
1180 2388 1411 2454 Quidam
1458 2398 1611 2458 pater
1639 2390 1871 2447 familias

283 2497 406 2536 cum
439 2489 554 2536 tota
571 2481 730 2535 domo
773 2495 872 2534 sua
899 2495 1094 2551 magno
1142 2480 1524 2548 hospitalitatis
1549 2483 1726 2537 studio
1753 2497 1871 2538 ser-

282 2572 491 2637 viebat;
524 2587 754 2642 cumque
779 2571 1019 2641 quotidie
1060 2572 1127 2626 ad
1166 2587 1412 2626 mensam
1446 2588 1596 2627 suam
1635 2589 1870 2645 peregri-

282 2680 384 2719 nos
407 2665 726 2734 susciperet,
747 2665 983 2734 quodam
1009 2663 1094 2718 die
1121 2663 1440 2733 peregrinus
1465 2663 1684 2734 quidam
1729 2665 1884 2744 inter.

285 2755 421 2810 alios
448 2756 617 2822 venit,
659 2755 729 2810 ad
755 2770 999 2810 mensam
1038 2755 1232 2809 ductus
1259 2762 1361 2809 est.
1400 2753 1647 2826 Dumque
1691 2764 1871 2825 pater-

287 2847 524 2903 familias
550 2864 618 2903 ex
643 2847 960 2903 humilitatis
984 2847 1374 2903 consuetudine
1412 2862 1608 2917 aquam
1634 2848 1794 2902 vellet
1815 2849 1871 2903 in

288 2937 409 3007 ejus
432 2938 676 2994 manibus
695 2937 938 3004 fundere,
957 2953 1251 2994 conversus
1275 2954 1496 2993 urceum
1526 2940 1751 3009 accepit,
1775 2939 1868 2994 sed

286 3040 515 3101 repente
537 3047 654 3086 eum
683 3032 737 3085 in
758 3030 911 3100 cujus
939 3031 1189 3085 manibus
1227 3045 1422 3100 aquam
1445 3029 1671 3085 fundere
1695 3030 1870 3086 volue-

284 3131 493 3177 ratnon
513 3123 730 3178 invenit.
753 3120 995 3192 Cumque
1017 3123 1118 3178 hoc
1135 3120 1339 3178 factum
1368 3137 1552 3178 secum
1572 3123 1688 3193 ipse
1709 3122 1870 3180 mira»

283 3221 456 3278 retur,
489 3213 673 3268 eadem
702 3223 860 3268 nocte
890 3213 939 3266 ei
978 3213 1238 3268 Dominus
1277 3228 1376 3284 per
1397 3213 1659 3268 visionem
1687 3213 1822 3270 dixit
1849 3232 1862 3267 :

1975 2023 2306 2078 mitteretur.
2323 2023 2464 2094 Ergo
2489 2041 2517 2077 a
2535 2023 2696 2078 Patre
2724 2032 2779 2079 et
2806 2023 2942 2079 Filio
2965 2025 3164 2080 missus
3191 2032 3276 2078 est
3297 2024 3440 2077 idem
3466 2021 3556 2076 Fi-

1973 2114 2098 2181 lius,
2123 2116 2215 2185 qui
2244 2116 2466 2170 verbum
2483 2115 2659 2172 Patris
2679 2125 2764 2172 est
2785 2118 2898 2186 ipse
2919 2116 3087 2172 Filius
3113 2117 3166 2170 in
3185 2117 3300 2186 ipso
3320 2116 3415 2170 Dei
3432 2114 3561 2170 Ver-

1973 2208 2062 2272 bo,
2081 2209 2223 2276 quod
2243 2217 2360 2262 erat
2377 2209 2428 2262 in
2447 2208 2710 2278 principio
2733 2209 2872 2278 apud
2886 2209 3054 2264 Deum
3082 2218 3135 2264 et
3160 2211 3301 2264 Deus
3327 2218 3464 2264 erat.
3498 2207 3559 2262 In

1972 2297 2089 2368 ipsa
2120 2299 2327 2354 scilicet
2365 2300 2627 2367 sapientia
2681 2301 2776 2354 Dei
2829 2311 2965 2365 erat,
3014 2315 3121 2370 quo
3153 2311 3394 2371 tempore
3425 2301 3558 2355 Ver-

1972 2390 2100 2446 bum
2131 2407 2259 2446 caro
2282 2391 2436 2447 fieret
2460 2401 2514 2446 et
2535 2393 2802 2448 habitaret
2829 2393 2880 2446 in
2913 2393 3098 2460 nobis;
3127 2393 3252 2462 quia
3281 2391 3556 2462 plenitudo

1970 2485 2233 2554 temporis
2280 2500 2402 2539 cum
2454 2485 2724 2552 venisset,
2768 2486 2916 2540 misit
2972 2488 3114 2542 Deus
3153 2485 3348 2540 Filium
3397 2498 3555 2539 suum

1970 2571 2172 2629 factum
2203 2590 2270 2629 ex
2301 2575 2558 2642 muliere,
2586 2584 2646 2629 ut
2683 2577 3023 2632 incarnatum
3049 2577 3286 2632 Verbum
3318 2573 3556 2630 homini-

1970 2665 2071 2720 bus
2101 2675 2404 2734 appareret.

2043 2755 2146 2823 Qui
2173 2758 2310 2810 enim
2331 2758 2637 2813 habitabant
2662 2760 2717 2813 in
2739 2758 3037 2814 Jerusalem
3061 2768 3110 2814 et
3141 2759 3399 2830 principes
3417 2756 3556 2830 εἶκεν

1967 2849 2265 2917 ignorantes
2286 2850 2466 2904 Jesum
2495 2861 2542 2904 et
2565 2868 2708 2905 voces
2739 2853 3127 2922 prophetarum,
3150 2867 3267 2922 qua:
3287 2868 3381 2922 per
3407 2867 3558 2905 omne

1969 2936 2242 2992 sabbatum
2291 2937 2552 3007 leguntur,
2593 2949 2695 2993 etc.
2725 2939 2862 2994 Hinc
2889 2949 2944 2994 et
2986 2941 3041 2994 in
3085 2940 3310 2995 Actibus
3340 2948 3559 3009 aposto-

1968 3025 2143 3082 lorum
2191 3028 2449 3098 scriptum
2487 3037 2571 3083 est
2604 3047 2615 3081 :
2647 3028 2852 3100 Moyses
2881 3033 3017 3084 enim
3049 3049 3080 3085 a
3113 3029 3428 3102 temporibus
3458 3047 3556 3083 an-

1968 3116 2124 3186 tiquis
2149 3115 2302 3170 habet
2325 3118 2379 3170 in
2404 3117 2622 3188 singulis
2663 3119 2979 3184 civitatibus,
3007 3121 3096 3189 qui
3131 3135 3248 3172 eum
3274 3118 3557 3188 praedicent

1966 3207 2022 3259 iu
2051 3208 2348 3277 synagogis.
2371 3207 2430 3260 ln
2463 3207 2548 3263 his
2581 3209 2906 3265 testimoniis
2935 3209 3222 3264 manifeste
3247 3208 3558 3263 declaratur

284 3303 511 3359 Canens
535 3304 724 3359 diebus
745 3320 832 3359 me
856 3305 911 3358 in
937 3306 1196 3360 membris
1216 3306 1373 3369 meis,
1403 3306 1658 3360 hesterno
1685 3316 1865 3362 autem
1895 3287 1945 3350 C
1972 3299 2100 3368 quia
2137 3298 2302 3354 lectio
2331 3300 2463 3370 legis
2509 3301 2594 3355 vel
2619 3292 3006 3372 propbemrum
3033 3318 3064 3356 a
3089 3300 3289 3356 Judaeis
3327 3301 3557 3357 sabbato

283 3393 373 3448 die
399 3410 487 3448 me
519 3395 572 3448 in
628 3396 948 3466 memetipso
992 3395 1299 3465 suscepisti.
1352 3394 1490 3450 Ecce
1526 3396 1581 3450 in
1608 3395 1871 3466 judicium

261 3485 512 3540 veniens
553 3485 684 3540 dicit
718 3503 733 3540 :
764 3484 916 3550 Quod
967 3487 1060 3540 uni
1105 3479 1434 3541 ex'minimis
1483 3488 1609 3540 meis
1654 3485 1868 3556 fecistis,

283 3575 414 3628 mihi
460 3574 674 3643 fecistis.
712 3576 852 3630 Ecce
881 3583 1007 3631 ante
1026 3575 1293 3646 judicium
1339 3592 1461 3632 cum
1503 3591 1600 3646 per
1629 3577 1871 3632 membra

283 3665 583 3734 suscipitur
629 3680 747 3732 sua,
774 3675 1114 3736 susceptores
1163 3683 1289 3722 suos
1325 3667 1493 3722 etiam
1536 3683 1632 3737 per
1670 3677 1870 3724 semet-

259 3754 464 3824 ,ipsum
488 3755 730 3824 requirit,
745 3764 808 3828 et.
826 3763 1007 3810 tamen
1024 3772 1121 3812 nos
1137 3757 1204 3811 ad
1231 3757 1616 3827 hospitalitatis
1639 3759 1871 3829 gratiam

281 3845 427 3915 pigri
466 3862 672 3901 sumus.
699 3846 952 3913 Pensate,
990 3848 1205 3912 fratres,
1249 3857 1454 3918 quanta
1492 3849 1872 3919 hospitalitatis

283 3939 462 3994 virtus
482 3940 583 4004 sit;
621 3940 686 3996 ad
712 3956 925 3996 mensas
949 3951 1161 3996 vestras
1188 3939 1466 3995 Christum
1494 3940 1769 4010 suscipite,
1815 3951 1875 3996 ut

280 4045 384 4084 vos
407 4031 476 4084 ab
505 4047 570 4085 eo
600 4031 801 4100 suscipi
830 4032 900 4088 ad
927 4033 1173 4087 convivia
1201 4042 1406 4087 mterna
1428 4032 1656 4088 valeatis
1679 4049 1694 4099 ;
1735 4047 1874 4102 prte-

279 4123 414 4177 bete
448 4122 606 4176 modo
648 4122 934 4194 peregrino
977 4121 1196 4179 Christo
1230 4122 1546 4192 hospitium,
1581 4131 1640 4176 ut
1665 4137 1762 4177 vos
1817 4123 1871 4177 in

271 4212 491 4286 judicio
519 4229 624 4268 non
649 4214 802 4283 quasi
823 4215 1138 4285 peregrinos
1159 4213 1367 4270 nesciat
1382 4255 1398 4279 ,
1429 4215 1522 4268 sed
1543 4221 1602 4266 ut
1628 4214 1873 4283 proprios

285 4303 519 4374 recipiat
539 4306 605 4360 ad
635 4321 880 4376 regnum.
908 4305 1026 4377 Ipse
1053 4306 1310 4362 Dominus
1330 4315 1517 4362 noster
1541 4304 1698 4360 Jesus
1717 4304 1874 4361 Chri-

284 4405 431 4463 stus,
463 4398 553 4466 qui
581 4412 699 4452 cum
737 4397 900 4452 Patre
927 4407 984 4454 et
1007 4396 1211 4468 Spiritu
1241 4407 1432 4454 sancto
1452 4397 1587 4452 vivit
1605 4407 1662 4453 et
1682 4404 1874 4468 regnat

287 4489 348 4544 in
383 4489 600 4545 srecula.
634 4489 829 4545 Amen.

859 4580 1140 4636 HOMILIA
1192 4583 1301 4638 VII.

948 4691 1104 4730 ηιμ
1139 4691 1218 4730 III.

640 4767 829 4823 Lectio
871 4767 1106 4822 Actuum
1149 4766 1540 4837 apostolorum.

363 4861 434 4916 In
461 4861 642 4916 diebus
672 4859 778 4914 illis
798 4901 813 4926 ,
840 4877 1058 4930 surgens
1085 4857 1308 4921 Paulus,
1343 4867 1392 4913 et
1423 4873 1585 4912 manu
1610 4858 1876 4912 silentium

285 4955 525 5010 indicens
567 4954 641 5007 ait
674 4967 692 5005 :
725 4951 840 5006 Viri
871 4953 1084 5021 fratres,
1107 4949 1205 5019 ﬁlii
1243 4949 1443 5020 generis
1482 4948 1780 5014 Abraham,
1828 4958 1876 5003 et

287 5046 380 5115 qui
412 5045 466 5097 in
489 5045 634 5098 vobis
656 5045 838 5098 timent
863 5043 1051 5107 Deum,
1094 5052 1200 5096 etc.

365 5135 568 5193 Omnes
609 5136 808 5207 quibus
850 5135 954 5190 ista
986 5134 1306 5204 loquebatur
1355 5132 1650 5203 apostolus,
1684 5147 1877 5187 secun-

290 5230 421 5286 dum
443 5241 667 5283 carnem
707 5226 805 5282 ﬁlii
842 5226 1074 5281 Abrahae
1100 5233 1278 5291 erant,
1304 5225 1443 5280 sicut
1468 5234 1524 5278 et
1554 5224 1654 5293 ipsi
1693 5225 1759 5279 de
1800 5239 1880 5279 se-

290 5321 428 5394 ipsis
455 5320 561 5376 alio
583 5320 638 5374 in
661 5319 784 5376 loco
807 5319 1060 5373 dixerunt
1095 5333 1110 5372 :
1145 5316 1335 5372 Semen
1359 5315 1586 5370 Abraha:
1628 5331 1807 5369 sumus
1829 5326 1878 5371 et

294 5419 428 5473 nulli
471 5419 773 5474 servivimus
821 5433 1082 5488 unquam;
1124 5424 1179 5470 et
1217 5416 1414 5470 iterum
1449 5431 1461 5466 :
1505 5410 1668 5466 Pater
1707 5418 1880 5462 noster

293 5513 562 5567 Abraham
589 5522 685 5568 est.
722 5512 792 5567 Et
816 5512 949 5566 dixit
989 5509 1136 5564 illis:
1179 5509 1302 5565 Scio
1347 5507 1486 5579 quod
1525 5505 1624 5576 ﬁlii
1652 5503 1877 5558 Abrahaz

294 5606 437 5660 estis.
470 5605 772 5660 Imitatione
795 5603 941 5660 enim
971 5618 1076 5657 non
1107 5601 1200 5655 lilii
1224 5601 1455 5656 Abraha:
1475 5606 1633 5654 erant
1663 5596 1738 5650 illi
1761 5595 1880 5664 qui-

292 5693 398 5753 bus
431 5694 691 5750 Dominus
716 5694 1036 5764 loquebatur
1063 5713 1073 5746 ;
1106 5693 1208 5747 Vos
1236 5709 1300 5748 ex
1328 5700 1476 5763 patre
1499 5687 1708 5743 diabolo
1734 5687 1878 5742 estis.

296 5785 456 5848 Unde
485 5804 614 5858 ergo
661 5786 831 5843 Judaei
884 5788 977 5843 lilii
1020 5788 1254 5844 diaboli?
1282 5785 1399 5842 Non
1447 5785 1738 5847 nascendo,
1787 5782 1880 5838 sed

297 5877 578 5936 Imitando.
627 5878 766 5945 Vos,
814 5881 988 5949 inquit
1038 5881 1324 5946 Dominus,
1374 5895 1438 5933 ea:
1480 5887 1628 5947 patre
1673 5874 1881 5929 diabolo

1973 3404 2184 3460 semper
2223 3390 2278 3443 in
2310 3392 2595 3462 synagogis
2620 3381 2910 3462 legebatur.

2044 3479 2276 3555 Cumque
2327 3496 2773 3540 consummassent
2810 3487 2986 3541 omnia
3013 3501 3132 3556 qua:
3170 3485 3234 3540 de
3263 3502 3323 3540 eo
3363 3485 3560 3554 scripta

1972 3586 2114 3631 sunt.
2143 3575 2270 3632 Haac
2297 3579 2460 3634 verba
2487 3587 2542 3633 et
2561 3578 2794 3634 Joannes
2814 3579 2915 3634 hoc
2939 3579 3097 3634 modo
3124 3586 3310 3632 narrat
3331 3577 3516 3633 dicens
3543 3593 3556 3628 :

1973 3665 2168 3724 Postea
2219 3670 2385 3724 sciens
2429 3669 2586 3724 Jesus
2611 3671 2750 3739 quod
2784 3672 2958 3724 omnia
3002 3678 3363 3725 consummata
3413 3677 3557 3734 sunt,

1975 3768 2031 3812 ut
2058 3771 2512 3815 consummaretur
2539 3760 2817 3832 Scriptura
2839 3762 2964 3814 dicit
2989 3778 3007 3816 .'
3037 3759 3198 3828 Sitio,
3244 3771 3348 3816 etc.
3397 3761 3562 3816 Pera-

1975 3852 2077 3906 ctis
2105 3853 2358 3908 omnibus
2383 3851 2540 3909 Jesus
2575 3869 2696 3923 qua:
2753 3861 2878 3908 ante
2905 3869 3059 3908 suam
3088 3862 3319 3908 mortem
3369 3851 3560 3923 peragi

1973 3945 2281 4013 oportebat,
2311 3946 2526 4014 quando
2555 3944 2724 3999 voluit
2744 3952 2798 3998 et
2823 3944 2964 3998 sicut
2990 3943 3160 3998 voluit
3187 3942 3412 3998 tradidit
3451 3941 3561 4012 spi—

1975 4035 2157 4090 ritum.

2044 4127 2366 4198 Deponentes
2430 4144 2548 4181 eum
2609 4127 2672 4180 de
2726 4125 2887 4196 ligno.
2939 4125 2983 4178 A
3038 4124 3219 4195 Moyse
3267 4125 3325 4178 in
3377 4138 3562 4178 eremo

1974 4208 2156 4278 tenetis
2206 4237 2430 4291 serpens
2462 4221 2605 4291 ligno
2637 4236 2932 4290 suspensus
2957 4228 3071 4284 est,
3103 4226 3164 4272 ut
3201 4216 3462 4271 Dominus
3505 4222 3562 4270 et

1973 4319 2030 4372 in
2055 4323 2302 4386 serpente
2333 4324 2596 4380 mortuus,
2625 4323 2680 4370 et
2726 4315 2781 4368 in
2821 4328 2929 4368 tere
2976 4310 3373 4383 signiﬁcaretur
3399 4315 3559 4362 teter-

1974 4424 2094 4464 nus.
2122 4408 2276 4464 Unde
2311 4407 2438 4462 licet
2462 4415 2522 4460 ut
2541 4407 2876 4478 judicaretur
2901 4412 3145 4460 mortuus
3169 4417 3266 4472 per
3299 4397 3553 4455 humani-

1979 4511 2163 4567 tatem,
2195 4511 2248 4557 et
2274 4511 2453 4556 tamen
2479 4509 2621 4555 esset
2659 4500 2814 4570 quasi
2857 4513 3038 4553 aeneus
3078 4512 3176 4566 per
3200 4495 3556 4551 divinitatem.

1977 4592 2133 4661 Quod
2164 4592 2597 4662 respondendum
2639 4599 2723 4645 est
2753 4589 2952 4644 Judaeis
2993 4585 3374 4656 objicientihus
3407 4582 3560 4640 testi—

1977 4683 2218 4739 monium
2259 4681 2424 4737 illud:
2455 4680 2770 4734 Maledictus
2797 4679 2965 4732 omnis
3007 4678 3097 4748 qui
3136 4673 3373 4746 pependit
3414 4673 3469 4726 in
3498 4671 3563 4725 li-

1973 4793 2099 4848 gno,
2129 4775 2472 4830 maledictum
2497 4788 2616 4828 esse
2645 4772 2916 4826 hominem
2941 4769 3033 4838 qui
3056 4768 3110 4822 in
3139 4767 3283 4838 ligno
3308 4765 3558 4835 pendeat,

1975 4869 2070 4924 sed
2094 4867 2317 4922 noxium
2338 4880 2446 4920 non
2469 4865 2843 4928 innocentem;
2879 4875 3054 4930 neque
3081 4859 3226 4913 enim
3252 4855 3559 4912 innocentia

1975 4967 2154 5032 potest
2198 4971 2318 5013 esse
2362 4956 2712 5011 maledictum
2753 4968 2927 5024 pinnae
2972 4948 3202 5021 peccati.
3257 4945 3471 5000 Etenim
3514 4945 3563 5001 si

1977 5051 2344 5106 Iardochteus
2371 5056 2674 5120 praeparato
2720 5045 2864 5117 ligno
2915 5056 3205 5113 appensus,
3238 5037 3563 5093 sententiam

1978 5145 2139 5213 regia:
2187 5138 2521 5194 crudelitatis
2563 5136 2851 5206 explesset,
2898 5129 3138 5200 nunquid
3164 5144 3288 5183 eum
3335 5126 3391 5181 hi
3436 5136 3566 5181 tunc

1977 5235 2200 5303 dignum
2227 5231 2329 5285 hac
2367 5228 2744 5284 maledictione
2787 5223 3126 5296 judicarent?
3171 5219 3288 5275 Non
3317 5217 3560 5274 omnino.

1978 5324 2185 5379 Idcirco
2216 5320 2476 5376 Dominus
2511 5328 2697 5374 noster
2742 5312 2993 5385 pependit
3023 5313 3078 5366 in
3125 5311 3269 5380 ligno
3317 5317 3378 5363 ut
3404 5322 3505 5362 nos
3531 5321 3564 5360 a

1981 5415 2175 5472 delicto
2205 5415 2347 5484 quod
2399 5413 2453 5467 in
2517 5412 2659 5481 ligno
2690 5408 2864 5462 fuerat
2899 5403 3218 5475 perditionis
3268 5401 3565 5456 admissum

1978 5507 2124 5580 ligno
2155 5521 2421 5577 appensus
2445 5504 2764 5560 absolveret.

2054 5597 2350 5653 Posuerunt
2393 5599 2448 5650 in
2500 5601 2910 5648 monumentum.
2944 5590 3002 5644 In
3033 5591 3385 5666 monumento
3423 5593 3567 5638 novo

1982 5691 2189 5762 positus
2245 5697 2330 5742 est
2379 5688 2556 5750 Jesus,
2589 5685 2644 5738 in
2699 5698 2806 5752 quo
2849 5679 3084 5736 nondum
3136 5675 3422 5762 quisquam
3458 5683 3559 5740 po-

1961 5759 2118 5835 situs
2166 5787 2283 5832 erat
2313 5795 2325 5830 :
2359 5777 2497 5831 sicut
2520 5775 2575 5828 in
2602 5772 2828 5844 virginis
2863 5777 3018 5822 utero
3046 5780 3204 5820 nemo
3224 5771 3350 5817 ante
3370 5759 3559 5824 illum,

1985 5886 2144 5927 nemo
2182 5878 2303 5938 post
2346 5868 2516 5932 illum,
2556 5873 2848 5933 conceptus
2882 5868 2984 5914 est.
3029 5857 3106 5911 Ita
3147 5855 3199 5907 in
3240 5854 3340 5906 hoc
3371 5863 3562 5903 monu-
