4036 6370
349 387 456 445 M9

1436 382 1742 441 HOMILIE
1782 382 1849 439 IN
1888 382 2139 440 EVANG.
2182 382 2272 439 ET
2310 382 2524 440 EPIST.

3501 390 3605 447 l50

344 524 505 568 sacra
550 507 705 581 juxta
756 515 1023 574 naturam,
1072 506 1227 563 aliter
1259 503 1413 579 juxta
1458 508 1705 579 culpam;
1765 508 1921 564 aliter
1945 510 2000 571 Α
2026 507 2286 574 Quoniam
2339 509 2524 574 bonus,
2559 511 2807 581 quoniam
2844 511 2900 564 in
2941 518 3193 566 ceterarum
3242 511 3603 567 misericordia

337 601 496 673 juxta
520 600 919 672 corruptionem
945 599 1291 655 mortalitatis
1317 614 1436 669 quae
1470 614 1537 655 ex
1560 599 1715 670 culpa
1751 601 1924 657 conti-

341 698 421 768 git
466 695 784 767 appellatur.
813 692 976 749 Juxta
1009 700 1259 747 naturam
1302 693 1515 761 quidem
1552 707 1676 749 cum
1720 693 1923 749 dictum

340 798 427 843 est
453 806 466 843 :
500 786 616 842 Hoc
645 803 783 841 nunc
831 803 887 841 os
916 802 981 840 ea:
1007 785 1207 840 ossibus
1237 787 1383 852 meis,
1417 794 1465 841 et
1508 803 1631 841 caro
1658 788 1723 841 de
1765 804 1922 842 carne

339 898 480 947 mea,
507 890 555 935 et
587 859 814 935 Veritum
843 896 967 935 caro
994 878 1190 950 factum
1213 890 1307 945 est,
1331 890 1377 933 et
1405 880 1651 935 habitavit
1672 882 1729 935 in
1749 881 1916 937 nobis.

338 972 501 1029 Juxta
553 973 766 1045 culpam
820 988 950 1029 vero
993 989 1114 1028 cum
1149 974 1365 1039 dicitur,
1421 973 1558 1028 Caro
1604 974 1919 1044 concupiscit

340 1064 590 1119 adversus
633 1066 896 1136 spiritum,
942 1066 1154 1136 spiritus
1209 1066 1453 1119 adversus
1490 1081 1735 1130 carnem;
1763 1064 1919 1133 juxta

336 1157 848 1227 corruptibilitatem
889 1166 1066 1212 autem
1114 1173 1236 1212 cum
1274 1158 1533 1227 scriptum
1562 1167 1679 1213 est:
1711 1158 1780 1212 Et
1806 1176 1916 1212 me-

334 1258 527 1303 morati
551 1259 669 1304 sunt
696 1251 820 1320 quia
849 1266 972 1303 caro
1017 1260 1157 1315 sunt,
1188 1250 1242 1304 id
1291 1260 1371 1305 est
1401 1248 1619 1322 fragiles
1657 1260 1713 1306 ct
1754 1251 1919 1306 mori-

331 1341 521 1397 bundi.
556 1341 668 1398 Hoc
701 1342 845 1397 enim
876 1358 931 1397 se
952 1344 1133 1398 carnis
1158 1344 1375 1398 nomine
1401 1343 1714 1415 designasse
1748 1344 1914 1397 mani-

332 1437 499 1492 festat
540 1438 656 1510 ipse
696 1438 973 1507 psalmista
1021 1438 1112 1509 qui
1150 1439 1393 1507 protinus
1441 1439 1589 1493 addit
1632 1456 1645 1492 :
1686 1438 1914 1508 Spiritus

330 1528 527 1583 uadens
562 1538 609 1582 et
655 1546 757 1583 non
785 1529 1008 1583 rediens.
1042 1528 1285 1599 Regnum
1326 1529 1509 1599 itaque
1537 1528 1629 1583 Dei
1654 1543 1782 1582 caro
1806 1542 1913 1582 non

327 1620 648 1690 possidebit,
688 1620 741 1673 id
783 1626 887 1687 cst,
932 1635 1059 1675 caro
1077 1618 1232 1687 juxta
1258 1616 1470 1688 culpam
1495 1619 1582 1675 vel
1618 1619 1915 1674 mortalita-

332 1719 464 1765 tem.
516 1711 583 1766 Et
610 1720 790 1766 tamen
814 1727 943 1766 caro
970 1712 1263 1782 possidebit
1304 1726 1528 1782 regnum
1560 1711 1677 1776 Dei,
1702 1712 1765 1765 id
1808 1720 1911 1776 est,

328 1821 463 1859 caro
501 1806 656 1875 juxta
701 1814 949 1877 naturam
981 1820 1143 1874 quam
1191 1812 1245 1860 et
1295 1804 1552 1860 Dominus
1578 1812 1701 1875 post
1729 1820 1911 1860 resur-

2025 602 2160 672 ejus.
2213 602 2496 659 Postremo
2544 612 2604 658 ut
2647 604 2807 660 etiam
2840 602 3060 675 perﬁdis
3100 603 3158 658 in
3206 602 3411 672 judicio
3439 618 3603 675 quam

2019 696 2165 767 juste
2218 696 2540 753 damnentur
2586 705 2801 754 ostensa
2850 698 2990 752 inter
3035 696 3162 763 alia,
3208 696 3409 770 ﬂagitia
3437 697 3604 755 etiam

2022 789 2303 845 vulnerum
2340 805 2458 859 quae
2504 790 2571 845 ab
2616 790 2683 847 iis
2724 790 2962 860 suscepit
3015 789 3271 847 cicatrice
3298 790 3598 847 denuntiet.

2029 884 2203 940 Veluti
2234 883 2279 939 si
2310 883 2464 938 miles
2491 883 2686 954 aliquis
2713 883 3059 947 fortissimus,
3087 882 3310 955 jubente
3353 896 3453 938 suo
3475 897 3602 955 rege

2024 993 2121 1049 pro
2152 978 2316 1033 totius
2364 977 2536 1049 gentis
2566 976 2757 1041 salute,
2809 974 3069 1047 singulari
3119 974 3419 1030 certamine
3443 973 3602 1030 desu-

2021 1069 2174 1135 dans,
2203 1068 2386 1123 multis
2426 1066 2642 1137 quidem
2666 1066 2975 1122 vulneribus
2996 1066 3258 1136 exceptis,
3282 1067 3492 1121 hostem
3520 1072 3601 1120 ta-

2021 1175 2143 1215 men
2175 1160 2477 1226 interﬁciat,
2520 1159 2688 1230 spolia
2718 1158 2833 1228 ejus
2882 1159 3119 1228 diripiat,
3155 1157 3439 1213 victoriam
3488 1171 3601 1213 suae

2021 1255 2164 1326 genti
2195 1263 2449 1325 reportet,
2474 1264 2529 1310 et
2548 1255 2909 1325 interrogatus
2937 1269 2967 1307 a
2990 1252 3198 1308 medico
3217 1252 3303 1308 cui
3326 1250 3601 1307 curandus

2020 1347 2387 1419 committitur,
2441 1347 2581 1401 hanc
2620 1345 2750 1401 velit
2776 1346 2955 1401 curari
2990 1354 3051 1399 ut
3095 1360 3194 1400 nec
3221 1344 3447 1415 vestigia
3478 1343 3598 1398 vul-

2018 1455 2208 1494 nerum
2261 1439 2368 1493 ulla
2420 1439 2713 1505 resideant,
2766 1454 2833 1492 an
2889 1439 3061 1509 magis
3105 1438 3181 1491 ita
3215 1444 3277 1491 ut
3317 1437 3600 1492 cicatrices

2018 1530 2233 1599 quidem
2263 1538 2596 1595 remaneant,
2649 1529 2960 1584 deformitas
2997 1542 3128 1583 vero
3156 1543 3381 1599 prorsus
3420 1526 3600 1582 omnis

2018 1633 2071 1678 et
2096 1623 2307 1679 foeditas
2329 1625 2487 1690 absit,
2516 1623 2841 1694 respondeat
2863 1622 3059 1692 saepius
3080 1623 3152 1677 ita
3174 1637 3233 1677 se
3259 1621 3396 1675 velle
3418 1620 3599 1675 sanari

2016 1725 2077 1769 ιιι
2102 1724 2216 1770 ιοιο
2251 1716 2439 1771 salutis
2488 1716 2807 1785 decorisque
2834 1716 3051 1786 pristini
3083 1723 3225 1771 statu
3258 1722 3596 1784 recuperato,

2014 1792 2274 1878 perpetua
2319 1824 2500 1863 secum
2534 1808 2671 1862 tanti
2715 1806 3065 1863 circumferat
3106 1806 3256 1878 signa
3286 1805 3542 1875 triumphi
3581 1822 3595 1857 :

328 1898 629 1952 rectionem
674 1896 962 1952 videndam
990 1897 1419 1967 palpandamque
1446 1896 1719 1967 discipulis
1761 1898 1913 1953 exhi-
1938 1892 1987 1952 Β
2016 1888 2095 1955 sic
2123 1900 2365 1970 profecto
2398 1900 2657 1954 Dominus
2704 1899 2942 1969 perpetis
2980 1899 3052 1953 ob
3099 1899 3310 1968 signum
3359 1896 3599 1952 victoriae

327 1987 468 2042 buit.
498 1988 563 2042 Et
612 1985 679 2043 de
725 2003 830 2059 qua
855 1989 1044 2044 beatus
1084 1986 1204 2054 Job,
1239 2004 1359 2043 cum
1405 1989 1633 2060 gloriam
1673 2004 1915 2045 resurre-

326 2078 525 2133 ctionis
553 2078 907 2143 describeret,
931 2080 1005 2133 ait
1033 2096 1046 2132 :
1076 2079 1371 2133 Et‘rursum
1398 2081 1761 2136 circumdabor
1784 2082 1915 2152 pelle

326 2184 468 2233 mea,
496 2178 545 2222 et
574 2170 630 2223 in
673 2186 831 2224 carne
872 2187 987 2224 mea
1015 2171 1195 2225 videbo
1225 2171 1414 2225 Deum.
1448 2172 1589 2243 Lege
1631 2173 1912 2242 epistolam

324 2260 500 2315 sancti
531 2260 817 2331 Augustini
840 2261 905 2316 ad
934 2261 1304 2327 Consentium,
1346 2263 1411 2317 de
1440 2278 1669 2334 corpore
1699 2264 1911 2320 Domini

324 2358 451 2422 post
477 2352 950 2406 resurrectionem.

402 2448 474 2504 Et
502 2466 619 2503 cum
666 2450 763 2503 hoc
792 2450 1028 2515 dixisset,
1059 2451 1284 2506 ostendit
1320 2452 1393 2506 eis
1441 2468 1626 2507 manus
1658 2462 1707 2507 et
1735 2454 1907 2523 pedes,

326 2556 439 2598 non
459 2541 631 2597 solum
666 2557 860 2597 manus
888 2549 942 2596 et
970 2543 1134 2612 pedes
1179 2543 1373 2611 quibus
1418 2543 1587 2597 indita
1635 2544 1909 2599 clavorum

327 2634 577 2691 claruete
605 2634 857 2706 vestigia,
893 2634 987 2689 sed
1016 2640 1309 2689 attestante
1332 2632 1560 2702 Joanne,
1583 2634 1748 2689 etiam
1770 2634 1910 2691 latus

327 2728 476 2798 quod
497 2725 682 2782 lancea
703 2724 1040 2797 perforatum
1064 2724 1240 2781 fuerat
1259 2726 1535 2795 ostendit:
1558 2735 1619 2782 ιιι
1638 2727 1906 2793 videlicet,

330 2826 550 2872 ostensa
576 2818 860 2873 vulnerum
888 2833 1107 2891 suorum
1131 2818 1404 2885 cicatrice,
1429 2819 1719 2875 dubietatis
1747 2828 1909 2890 atque

334 2909 668 2966 inﬁdelitatis
691 2926 874 2983 eorum
902 2911 1097 2967 vulnus
1131 2920 1365 2967 sanaret.
1401 2912 1600 2968 Verum
1641 2914 1906 2982 quomodo

328 3010 456 3073 post
484 3004 930 3058 resurrectionem
978 3003 1255 3058 clavorum
1280 3005 1366 3060 vel
1393 3004 1594 3060 lanceae
1629 3003 1746 3059 loca
1773 3006 1907 3073 pali-

328 3092 508 3148 dendo
526 3093 912 3165 discipulorum
942 3094 1192 3167 dignatus
1213 3104 1315 3162 est,
1348 3094 1510 3152 fidem
1535 3086 1791 3167 spemque
1820 3111 1907 3150 ro-

323 3181 544 3249 borare,
576 3184 653 3239 ita
679 3185 735 3240 in
759 3185 845 3241 die
863 3184 1071 3257 judicii,
1100 3194 1155 3241 et
1175 3187 1364 3242 eadem
1385 3202 1495 3242 suae
1528 3186 1795 3257 passionis
1820 3186 1905 3259 in—

2015 2011 2121 2049 non
2157 2003 2381 2064 excepta
2414 2009 2511 2065 pro
2551 1992 2705 2047 nobis
2740 1999 2962 2046 vulnera
3009 1989 3297 2061 passionis,
3337 1990 3431 2044 sed
3459 1989 3599 2058 ipso-

2012 2102 2131 2142 rum
2186 2085 2468 2141 cicatrices
2500 2086 2639 2140 ctelo
2680 2083 2882 2139 inferre
2910 2098 3074 2153 quam
3124 2081 3340 2136 abolere
3388 2079 3594 2135 maluit.

2010 2179 2123 2235 Nec
2152 2189 2331 2234 tamen
2355 2195 2418 2233 ex
2447 2180 2532 2233 his
2564 2178 2838 2249 quidpiam
2868 2177 2990 2231 ﬁdei
3021 2184 3219 2231 nostra:
3247 2173 3599 2230 resurrectio-

2010 2270 2096 2325 nis
2123 2270 2455 2341 praéjudicat,
2492 2270 2557 2324 de
2585 2252 2696 2338 qua
2746 2268 2925 2323 veraci
2975 2267 3335 2338 promissione
3357 2264 3600 2336 praedici-

2011 2369 2101 2414 tur
2139 2374 2153 2413 :
2186 2359 2254 2413 Et
2294 2359 2514 2431 capillus
2548 2360 2612 2412 de
2644 2359 2810 2429 capite
2842 2365 3007 2413 vestro
3038 2373 3143 2411 non
3168 2356 3371 2426 peribit.
3407 2354 3598 2409 Adhuc

2010 2464 2189 2511 autem
2238 2471 2345 2515 non
2397 2454 2737 2510 credentibus
2786 2462 2842 2509 et
2873 2452 3193 2507 mirantibus
3244 2464 3357 2521 pra:
3401 2446 3596 2519 gaudio

2010 2550 2145 2615 dixit
2167 2562 2182 2601 :

2081 2638 2300 2693 Habetis
2343 2638 2425 2690 hic
2479 2636 2679 2706 aliquid
2724 2634 2863 2705 quod
2904 2631 3294 2688 manducetur?
3329 2629 3411 2687 Ad
3467 2628 3599 2685 insi-

2008 2732 2281 2799 nuandam
2320 2728 2734 2785 resurrectionis
2769 2743 2879 2782 sua:
2914 2726 3221 2791 veritatem,
3265 2738 3373 2779 neu
3419 2721 3593 2779 solum

2007 2825 2157 2895 tangi
2180 2839 2209 2876 a
2232 2822 2526 2891 discipulis,
2551 2822 2643 2876 sed
2662 2820 2827 2875 etiam
2859 2818 3110 2873 convesci
3132 2832 3255 2872 cum
3278 2815 3384 2871 illis
3403 2815 3595 2886 digna-

2007 2922 2114 2970 tur.
2138 2913 2254 2969 Non
2279 2914 2494 2995 quidem
2525 2914 2682 2982 quasi
2726 2919 2849 2981 post
2875 2909 3329 2966 resurrectionem
3361 2907 3481 2963 cibo
3507 2906 3594 2961 in-

2006 3007 2210 3081 digens,
2261 3021 2360 3061 nec
2404 3005 2557 3075 quasi
2584 3019 2682 3059 nos
2730 3004 2785 3057 in
2830 3000 3226 3058 resurrectione
3268 3000 3404 3055 cibis
3429 3012 3591 3069 egere

2006 3095 2340 3173 signiﬁcans,
2373 3096 2465 3149 sed
2498 3103 2557 3148 ιιι
2580 3108 2646 3149 eo
2680 3095 2840 3148 modo
2868 3102 3117 3147 naturam
3148 3091 3394 3161 corporis
3414 3104 3596 3145 resur-

2006 3187 2182 3258 gentis
2231 3194 2520 3251 astrueret,
2574 3200 2642 3239 ne
2674 3185 2801 3239 illud
2831 3199 2937 3239 non
2988 3198 3184 3254 corpus
3220 3182 3315 3238 sed
3339 3181 3593 3252 spiritum

327 3276 492 3342 (licia,
515 3286 569 3331 et
588 3277 762 3347 ipsam
782 3279 987 3350 pariter
1014 3293 1231 3335 erucem
1268 3279 1619 3334 monstrando
1644 3287 1903 3334 venturus
1929 3263 1975 3328 C
2008 3296 2129 3337 esse
2171 3278 2585 3343 arbitrarentur,
2628 3286 2685 3345 et
2705 3276 2807 3332 sibi
2835 3290 2943 3330 non
2973 3275 3141 3331 solide
3169 3274 3264 3329 sed
3290 3272 3594 3343 imaginali-

326 3375 411 3423 est
450 3368 782 3439 impietatem
834 3370 1188 3441 superborum
1244 3370 1722 3443 inﬂdelitatemque
1775 3387 1906 3427 con-

328 3460 554 3517 fundere
590 3480 605 3517 :
635 3463 843 3519 scilicet
871 3472 927 3519 et
955 3472 1015 3519 ut
1046 3464 1221 3534 ipsum
1270 3480 1329 3520 se
1358 3479 1478 3519 esse
1508 3465 1600 3535 qui
1628 3466 1697 3521 ab
1728 3466 1907 3537 impiis

322 3560 382 3609 et
408 3568 511 3625 pro
540 3554 723 3624 impiis
750 3563 996 3613 mortuus
1029 3565 1113 3611 est
1155 3559 1361 3613 cunctis
1396 3557 1575 3628 palam
1623 3558 1825 3629 angelis
1854 3567 1909 3615 et

322 3645 638 3705 hominibus
674 3634 955 3714 ostendat,
1004 3649 1330 3720 videantque
1381 3636 1442 3706 ut
1476 3652 1735 3722 scriptum
1775 3659 1858 3707 est
1891 3670 1902 3704 :

324 3735 396 3793 Iit
419 3755 574 3809 quem
600 3750 948 3827 pupugerunt,
970 3752 1017 3805 et
1046 3742 1296 3814 plangant
1322 3760 1376 3798 se
1408 3760 1564 3819 super
1589 3762 1706 3800 eum
1732 3761 1908 3799 omnes

324 3828 495 3882 tribus
522 3838 694 3883 term.
722 3829 866 3886 Sane
890 3833 1181 3886 notandum
1211 3832 1353 3902 quod
1374 3828 1547 3889 solent
1576 3835 1629 3889 in
1656 3834 1759 3889 hoc
1786 3834 1904 3890 loco

326 3917 553 3989 gentiles
579 3918 901 3976 calumniam
930 3929 1142 3978 struere
1171 3910 1412 3980 et'tidem
1440 3932 1671 4001 speratae
1698 3940 1728 3979 a
1750 3926 1904 3981 nobis

324 4009 744 4066 resurrectionis
794 4011 960 4067 stulta
990 4013 1309 4083 garrulitate
1360 4015 1624 4072 deridere.
1673 4014 1731 4071 Si
1762 4017 1908 4071 enim

320 4098 447 4168 ipse
464 4098 606 4155 Deus
631 4108 830 4168 vester,
854 4100 1123 4171 inquiunt,
1154 4118 1255 4159 nec
1290 4103 1391 4159 sibi
1423 4102 1621 4159 inﬂicta
1653 4120 1682 4159 a
1710 4103 1908 4160 Judaais

324 4191 554 4247 vulnera
598 4208 794 4250 curare
835 4195 1138 4265 praevaluit,
1169 4196 1265 4251 sed
1318 4196 1630 4251 cicatricum
1679 4198 1906 4269 vestigia

329 4281 472 4337 ctelo
514 4297 721 4349 secum,
766 4278 1053 4353 utdicitis,
1088 4287 1304 4353 invexit,
1338 4302 1442 4357 qua
1476 4288 1779 4345 temeritate
1807 4305 1906 4361 pu-

329 4376 456 4430 tatis
481 4390 602 4431 eum
624 4385 805 4434 vestra
826 4377 892 4433 de
912 4379 1129 4449 pulvere
1154 4379 1394 4434 membra
1416 4380 1483 4435 ad
1504 4379 1770 4452 integrum
1791 4394 1911 4436 esse

329 4473 794 4525 restauraturum?
816 4471 1022 4538 Quibus
1043 4473 1496 4541 respondendum,
1511 4472 1637 4542 quia
1652 4473 1911 4528 Dominus

328 4571 536 4627 noster,
550 4563 640 4632 qui
662 4577 814 4618 suam
830 4570 1087 4633 perpetua
1099 4561 1211 4635 jam
1224 4562 1627 4619 immortalitate
1642 4562 1911 4633 gloriﬁca-

2007 3380 2090 3427 ter
2115 3385 2399 3441 apparere,
2431 3367 2775 3424 manducavit
2803 3373 3073 3438 potestate
3103 3381 3209 3421 non
3242 3365 3590 3420 necessitate.

2005 3461 2177 3517 Aliter
2203 3461 2349 3516 enim
2374 3460 2627 3516 absorbet
2653 3474 2848 3530 aquam
2876 3466 3020 3513 terra
3050 3457 3258 3523 sitiens,
3289 3456 3447 3511 aliter
3465 3454 3594 3510 solis

2006 3556 2191 3612 radius
2222 3556 2491 3620 candens;
2526 3553 2616 3608 illa
2644 3552 2962 3622 indigentia,
2991 3550 3093 3607 iste
3110 3549 3371 3621 potentia.

2076 3647 2143 3700 At
2160 3646 2241 3701 illi
2265 3646 2564 3701 obtulerunt
2590 3646 2852 3716 eipartem
2876 3643 3034 3714 piscis
3056 3643 3164 3697 assi
3184 3651 3231 3697 et
3261 3641 3439 3711 favum
3460 3637 3593 3693 met

2007 3740 2108 3804 lis;
2137 3749 2185 3795 et
2207 3757 2324 3795 cum
2363 3740 2728 3793 manducasset
2758 3753 2936 3791 coram
2978 3736 3075 3802 eis,
3104 3750 3310 3790 sumens
3342 3732 3592 3803 reliquiae

2009 3831 2150 3885 dedit
2191 3832 2284 3886 eis.
2314 3829 2456 3898 Quid
2483 3827 2791 3900 signiﬁcare
2829 3827 3103 3882 credimus
3129 3826 3333 3896 piscem
3374 3819 3596 3877 assum!

2007 3923 2111 3979 nisi
2161 3922 2335 3993 ipsum
2381 3920 2734 3976 mediatorem
2768 3918 2861 3972 Dei
2908 3926 2964 3973 et
3013 3917 3292 3971 hominum
3344 3925 3589 3984 passum.

2004 4014 2125 4085 Ipse
2152 4014 2295 4070 enim
2327 4013 2494 4067 latere
2549 4012 2800 4083 dignatus
2840 4018 2924 4083 est
2972 4011 3027 4064 in
3056 4008 3210 4078 aquis
3237 4006 3453 4078 generis
3488 4005 3593 4060 bno

2010 4105 2178 4171 mani,
2210 4104 2330 4173 capi
2358 4102 2526 4157 voluit
2546 4102 2739 4171 laqueo
2765 4100 2957 4154 mortis
2979 4106 3197 4162 nostrae,
3227 4105 3281 4150 et
3304 4094 3463 4165 quasi
3487 4092 3592 4149 tri-

2006 4195 2287 4253 bulatione
2308 4202 2520 4249 assatus
2542 4200 2625 4248 est
2652 4196 2893 4260 tempore
2916 4188 3185 4260 passionis
3206 4200 3335 4241 suae.
3361 4184 3468 4239 Sed
3495 4184 3591 4254 qui

2009 4292 2175 4363 piscis
2203 4298 2259 4345 et
2287 4302 2439 4343 assus
2488 4286 2605 4341 ﬁeri
2636 4285 2886 4356 dignatus
2930 4290 3012 4338 est
3039 4281 3095 4336 in
3136 4278 3409 4351 passione,
3435 4274 3591 4330 fartis

2010 4381 2188 4438 mellis
2246 4378 2400 4435 nobis
2457 4375 2667 4433 exstitit
2712 4376 2769 4451 in
2819 4372 3244 4436 resurrectione;
3283 4384 3353 4423 an
3387 4367 3482 4437 qui
3535 4364 3593 4425 in

2010 4473 2160 4543 pisce
2182 4486 2302 4527 asso
2322 4470 2543 4543 ﬁgurari
2574 4467 2743 4524 voluit
2769 4464 3171 4521 tribulationem
3191 4458 3460 4533 passionis
3481 4470 3595 4513 sum

2018 4567 2071 4621 in
2098 4566 2219 4620 favo
2246 4564 2420 4621 mellis
2459 4572 2748 4633 utramque
2789 4568 3042 4615 naturam
3078 4557 3384 4627 exprimere
3424 4551 3597 4607 voluit

330 4661 443 4707 tam
468 4625 535 4707 de
559 4625 805 4724 sepulcro
831 4625 1049 4708 carnem
1078 4625 1403 4708 resuscitare
1425 4625 1844 4723 quandovvoluit,
1860 4659 1917 4707 et
1937 4625 1993 4685 D
2022 4671 2265 4726 persona:
2311 4671 2423 4711 suae
2473 4673 2485 4708 :
2521 4625 2676 4709 favus
2705 4652 2902 4722 quippe
2930 4649 3038 4705 mel
3069 4649 3123 4702 in
3150 4625 3293 4702 cera
3322 4654 3444 4711 est;
3482 4642 3591 4699 tuo!

329 4745 601 4812 quomodo
617 4744 785 4799 voluit
800 4745 990 4815 potuit,
1010 4744 1171 4800 etiam
1188 4744 1398 4813 qualem
1423 4743 1594 4799 voluit
1615 4744 1911 4800 suscitavit.

330 4832 517 4904 Neque
537 4835 682 4889 enim
697 4850 1037 4904 consequens
1059 4845 1144 4891 est
1162 4836 1328 4905 utqui
1354 4836 1558 4906 majora
1574 4834 1766 4891 fecisse
1789 4851 1914 4905 νιος

326 4925 510 4990 batur,
532 4926 742 4980 minora
770 4923 950 4981 facere
971 4926 1301 4995 nequiverit;
1333 4925 1427 4980 sed
1458 4931 1608 4979 certe
1626 4924 1909 4995 dispensa-

332 5018 499 5072 tionis
518 5018 693 5087 gratia
715 5017 808 5088 qui
833 5017 1007 5085 majus
1034 5017 1161 5072 fecit
1180 5018 1357 5072 minus
1379 5016 1559 5072 facere
1583 5018 1908 5089 supersedit,

334 5111 439 5165 hac
483 5117 568 5164 est
614 5111 707 5180 qui
760 5111 950 5167 mortis
987 5126 1150 5183 regna
1203 5114 1469 5169 destruxit
1519 5113 1670 5185 signa
1720 5114 1911 5169 mortis

330 5204 647 5258 eblitterare
686 5202 874 5257 ualuit.
903 5203 1084 5258 Primo
1110 5205 1359 5261 videlicet
1383 5213 1442 5261 ut
1469 5221 1566 5276 per
1593 5207 1709 5262 haec
1753 5207 1913 5261 disci-

329 5294 474 5367 pulis
518 5292 680 5347 ﬁdem
722 5308 835 5348 suae
867 5295 1603 5362 resurrectionis‘astrueret;
1634 5298 1826 5352 deinde
1855 5305 1915 5351 ut

332 5386 483 5443 Patri
511 5400 611 5455 pro
649 5386 807 5442 nobis
850 5387 1173 5457 supplicans,
1201 5388 1360 5458 quale
1402 5403 1573 5459 genus
1596 5388 1787 5443 mortis
1810 5403 1910 5458 pro

332 5476 643 5532 utertalium
666 5478 776 5533 vita
815 5478 1100 5548 pertulerit
1124 5492 1339 5549 semper
1360 5480 1637 5543 ostendat;
1668 5482 1829 5534 tertio
1851 5488 1911 5534 ut

332 5582 431 5624 sua
461 5577 637 5624 morte
658 5571 953 5640 redemptis
976 5586 1138 5641 quam
1162 5571 1583 5627 misericorditer
1608 5572 1716 5627 sint
1743 5571 1910 5643 adiuti

331 5662 628 5735 propositis
662 5677 876 5733 semper
912 5663 1152 5733 ejusdem
1198 5663 1389 5719 mortis
1418 5664 1636 5718 innovet
1673 5663 1908 5729 indiciis,

328 5749 567 5824 ideoque
605 5753 1004 5811 misericordias
1051 5754 1256 5810 Domini
1293 5756 1346 5809 in
1392 5762 1653 5810 aeternum
1692 5762 1913 5811 cantare

332 5860 446 5911 nou
465 5854 703 5917 cessent,
724 5849 820 5906 sed
840 5849 1022 5909 dicant
1044 5849 1136 5921 qui
1157 5848 1417 5921 redempti
1440 5856 1567 5905 sunt
1589 5864 1619 5904 ιι
1648 5847 1908 5905 Domino:

2018 4764 2147 4804 vero
2179 4750 2232 4803 in
2262 4762 2385 4802 cera
2415 4753 2499 4801 est
2522 4745 2775 4800 divinitas
2803 4744 2857 4797 in
2884 4740 3239 4796 humanitate.
3286 4736 3380 4791 Sic
3410 4745 3591 4793 autem

2017 4854 2111 4895 sua
2140 4837 2472 4908 Redemptor
2499 4835 2701 4890 indicat
2721 4841 2783 4887 ut
2802 4832 3118 4887 imitationis
3147 4831 3288 4884 viam
3320 4828 3482 4884 nobis
3508 4843 3594 4884 se—

2014 4929 2305 4999 quentibus
2342 4934 2571 4982 stemat.
2610 4924 2752 4980 Ecce
2776 4924 2922 4979 enim
2961 4923 3016 4977 in
3038 4922 3160 4976 cibo
3186 4935 3284 4976 suo
3304 4918 3439 4989 pisci
3469 4933 3593 4979 esse

2013 5019 2337 5088 conjungere
2371 5017 2555 5072 favum
2584 5016 2771 5081 voluit,
2803 5014 2927 5086 quia
2969 5013 3222 5068 videlicet
3249 5012 3369 5067 illos
3396 5012 3450 5066 in
3492 5025 3591 5072 suo
3676 5058 3681 5061 _

2017 5125 2243 5180 corpore
2265 5109 2334 5165 ad
2357 5117 2616 5163 aeternam
2642 5109 2878 5177 quietam
2923 5105 3168 5175 suscipit,
3209 5105 3301 5174 qui
3342 5120 3464 5159 cum
3500 5105 3589 5159 hic

2016 5202 2389 5258 tribulationes
2412 5215 2511 5269 pro
2531 5199 2641 5254 Deo
2668 5197 2910 5254 sentiunt
2936 5197 3004 5250 ab
3025 5208 3209 5249 amore
3234 5194 3457 5249 internm
3476 5193 3591 5248 dul-

2013 5295 2218 5351 cedinis
2244 5307 2351 5347 non
2374 5292 2648 5347 recedunt.
2672 5292 2807 5345 Cum
2836 5302 2961 5343 asse
2991 5287 3137 5356 pisce
3163 5285 3318 5341 favus
3337 5285 3588 5353 sumitur,

2014 5385 2139 5458 quia
2163 5384 2254 5454 qui
2280 5384 2369 5439 hic
2385 5382 2730 5438 aﬂlietionem
2750 5395 2857 5453 pro
2876 5379 3106 5436 veritate
3135 5378 3460 5448 suscipiunt,
3478 5376 3591 5433 illic

2016 5478 2297 5533 dulcedine
2327 5491 2454 5532 vera
2490 5478 2772 5532 satiantur.

2088 5570 2155 5625 Et
2193 5571 2326 5625 dixit
2372 5572 2441 5625 ad
2487 5571 2607 5625 illos
2635 5587 2653 5624 :
2683 5569 2815 5625 Haec
2862 5577 2985 5626 sum
3016 5570 3173 5625 verba
3223 5584 3340 5639 qua
3386 5566 3592 5621 lectum

2016 5677 2132 5718 sum
2183 5662 2251 5716 ad
2276 5680 2362 5718 vos
2407 5680 2526 5718 eum
2552 5663 2723 5718 adhuc
2746 5679 2909 5719 essem
2938 5664 3221 5728 uobiscum,
3258 5661 3314 5717 id
3334 5668 3438 5727 est,
3468 5675 3591 5716 cum

2017 5754 2193 5809 adhuc
2234 5769 2407 5810 essem
2453 5755 2508 5809 in
2555 5769 2719 5810 carne
2744 5754 2979 5822 mortali,
3010 5755 3066 5811 in
3097 5769 3204 5826 qua
3240 5753 3371 5808 estis
3394 5759 3450 5807 et
3472 5764 3588 5805 vos.

2018 5847 2170 5905 Tunc
2207 5848 2351 5903 enim
2380 5847 2433 5902 in
2477 5848 2666 5905 eadem
2693 5864 2879 5917 carne,
2910 5849 3003 5905 sed
3029 5847 3134 5904 illis
3158 5848 3213 5903 in
3238 5847 3425 5901 eadem
3449 5856 3592 5900 mur-
