4036 6370
581 365 687 425 155

1212 364 1273 418 n.
1313 360 1569 418 MBAN!
1606 361 1828 436 usum
1858 343 2185 430 ~tantum).
2221 354 2530 432 uocum.
2572 359 2858 436 ornauit
2896 356 3074 415 rans
3110 357 3173 412 ιι.

3721 327 3801 435 ist

578 493 793 546 terram.
825 478 1009 554 Captis
1035 487 1216 546 autem
1240 484 1350 544 tam
1391 477 1602 550 magnis
1624 477 1886 548 piscibus,
1909 476 2154 534 ascendit
2178 479 2232 563 Α
2256 475 2362 532 hoc
2403 475 2565 530 modo
2594 491 2607 528 :
2645 473 2822 530 Unum
2867 473 2974 540 duo
3001 479 3112 563 tres
3140 469 3304 536 ﬁunt;
3359 473 3498 542 adde
3549 480 3672 537 tres,
3693 477 3804 534 tium

579 577 766 639 Simon
789 573 1001 642 Petrus,
1025 579 1079 638 et
1107 571 1269 635 traxit
1295 577 1409 635 rete
1451 570 1507 628 in
1553 575 1774 636 terram.
1823 568 1940 634 iam
1994 569 2156 634 credo

577 667 719 741 quod
743 675 922 734 vestra
947 662 1186 728 charitas
1206 661 1436 730 adrertit
1459 659 1588 744 quid
1607 661 1854 735 estquod
1876 659 2068 726 Petrus
2087 659 2156 714 ad

578 766 780 826 terram
819 754 1001 821 trahit.
1033 753 1137 835 Ipsi
1163 753 1359 834 quippe
1387 757 1573 820 sancta
1599 751 1840 830 Ecclesia
1889 757 1972 814 est
2010 765 2156 804 com-

577 849 764 914 missa,
797 847 896 927 ipsi
927 845 1232 926 specialiter
1265 845 1496 914 dicitur:
1527 842 1708 901 Simon
1731 841 1978 908 Joannis,
2008 858 2155 895 amas

578 942 696 996 me?
713 939 882 1006 Pasce
904 954 1020 1009 oves
1045 953 1207 1008 mgna.
1225 935 1378 1016 Quod
1392 949 1521 1023 ergo
1537 934 1876 1014 postmodum
1893 933 2150 1006 aperitur,

578 1032 680 1090 hoc
719 1046 863 1088 nunc
906 1030 1148 1102 signatur
1178 1029 1231 1085 in
1261 1042 1444 1098 opere.
1475 1026 1610 1094 Quia
1647 1025 1810 1096 igitur
1833 1025 2156 1096 prredicator

577 1144 677 1185 nos
704 1143 736 1183 a
766 1127 951 1187 mundi
965 1127 1128 1207 hujus
1149 1123 1400 1189 ﬂuctibus
1423 1132 1637 1204 separat
1655 1121 1912 1186 nimirum
1933 1135 2154 1182 necesse

577 1227 683 1286 est,
707 1225 767 1274 ut
792 1225 906 1274 rete
923 1217 1136 1292 plenum
1166 1217 1404 1288 piscibus
1428 1216 1620 1278 Petrus
1651 1214 1719 1270 ad
1745 1222 1944 1278 terram
1975 1213 2150 1278 ducat.

575 1311 693 1384 ipse
717 1311 862 1368 etum
891 1293 1068 1390 pisces
1095 1309 1163 1376 ad
1191 1309 1515 1370 soliditatem
1543 1305 1737 1360 littoris
1763 1303 2154 1380 pertrahit,qui

575 1411 780 1458 sanctae
797 1399 1190 1476 praedicationis
1201 1414 1334 1454 voce
1361 1397 1706 1456 stabilitatem
1729 1403 1948 1464 aeternae
1965 1394 2153 1470 patria:

574 1493 821 1550 ﬁdelibus
846 1493 1098 1558 ostendit,
1131 1491 1244 1554 Hoc
1271 1491 1384 1562 egit
1410 1489 1611 1557 verbis,
1642 1491 1745 1544 hoc
1773 1485 2154 1558 epistolis,hoc

573 1585 682 1658 agit
707 1585 946 1655 quotidie
975 1584 1359 1656 miraculorum
1397 1581 1584 1666 signis.
1621 1581 1843 1659 Quoties
1885 1594 1986 1659 per
2029 1594 2150 1634 eum

573 1677 639 1732 ad
668 1691 909 1734 amorem
943 1676 1140 1746 quietis
1169 1685 1383 1742 aeterna:
1429 1675 1816 1746 convertimur,
1867 1672 2078 1753 quoties
2121 1685 2151 1735 a

570 1775 909 1836 terrenarum
935 1784 1115 1837 rerum
1143 1767 1462 1829 tumultibus
1493 1782 1828 1848 separamur,
1854 1766 1980 1840 quid
2006 1763 2150 1830 aliud

571 1873 730 1930 quam
755 1859 898 1920 intra
933 1869 1048 1916 rete
1077 1859 1202 1920 ﬁdei
1227 1863 1406 1934 pisces
1437 1863 1504 1926 ad
1538 1863 1690 1931 littus
1717 1861 2011 1926 trahimur?

643 1947 865 2008 Plenum
887 1950 1088 2022 magnis
1106 1952 1336 2030 piscibus
1351 1963 1554 2018 centum
1569 1954 1943 2030 quinquaginta
1957 1952 2148 2018 tribus.

570 2039 618 2098 Α
641 2057 838 2114 magno
862 2029 1118 2116 mysterio
1145 2059 1402 2111 numerus
1429 2061 1532 2111 non
1561 2053 1746 2114 vacat,
1777 2029 1872 2103 scd
1913 2046 2150 2112 intentos

569 2146 666 2200 νοξ
694 2133 826 2200 tanti
847 2135 1089 2204 mysmrii
1114 2135 1454 2206 profunditas
1483 2145 1782 2217 exspectat,
1813 2151 1987 2208 neque
2005 2137 2150 2212 enim

571 2224 887 2294 quantitatis
915 2241 1178 2294 summam
1203 2227 1434 2297 solerter
1453 2229 1779 2307 evangelista
1802 2229 2148 2306 exprimeret,

567 2316 692 2398 nisi‘
715 2317 854 2380 hanc
883 2327 1221 2382 sacramento
1247 2319 1462 2400 plenam
1487 2335 1606 2378 esse
1626 2321 1949 2394 judicasset.
1986 2320 2150 2388 Scitis

569 2419 804 2476 namque
829 2408 970 2478 quod
1000 2408 1055 2462 in
1086 2407 1434 2477 Testamento
1463 2411 1642 2473 Veteri
1689 2412 1867 2476 omnis
1910 2412 2150 2486 operatio

570 2509 668 2566 per
695 2496 936 2570 demlogi
981 2500 1232 2563 mandata
1280 2502 1612 2584 praccipitur.
1665 2503 1723 2574 ιη
1779 2503 1928 2570 Novo
1969 2512 2152 2570 autem

569 2583 810 2658 ejusdem
831 2589 1160 2668 operationis
1187 2590 1358 2666 virtus
1383 2608 1481 2667 per
1509 2593 1878 2664 septiformem
1921 2595 2151 2676 gratiam

568 2678 742 2736 sancti
785 2678 1016 2763 Spiritus
1069 2681 1722 2754 multiplicatisﬁdelihus
1771 2688 1964 2754 datur,
1993 2701 2153 2758 quem

569 2769 832 2850 propheta
867 2771 1188 2834 denuntians
1217 2773 1384 2842 dicit:
1415 2774 1646 2846 Spiritus
1675 2779 1946 2850 sapientiae
1981 2788 2030 2833 et
2072 2781 2154 2833 in-

571 2847 836 2928 tellectus,
897 2861 1127 2934 Spiritus
1174 2864 1379 2928 consilii
1432 2875 1477 2919 et
1527 2847 1875 2936 fortitudinis,
1925 2866 2152 2946 Spiritus

570 2949 798 3016 scientia:
822 2961 870 3017 et
893 2953 1128 3024 pietatis,
1162 2963 1210 3010 et
1255 2954 1484 3037 Spiritus
1532 2957 1735 3011 timoris
1781 2958 2012 3014 Domini.
2049 2957 2154 3014 Sed

569 3041 662 3100 ille
687 3043 742 3102 in
767 3045 872 3100 hoc
909 3044 1108 3130 Spiritu
1154 3049 1518 3125 operationem
1570 3051 1799 3132 percipit
1849 3052 1941 3135 qui
1990 3051 2183 3135 ﬁdem_

571 3130 853 3200 Trinitatis
881 3135 1143 3206 agnoscit,
1172 3146 1309 3202 utet
1343 3130 1644 3206 Patremet
1674 3130 1874 3196 Filium.
1897 3149 1953 3206 et
1993 3157 2146 3202 eum-

2257 580 2383 632 sex;
2413 567 2499 622 his
2521 565 2748 636 adjunge
2767 572 3019 636 quatuor,
3045 562 3183 619 ﬁunt
3206 563 3432 631 decem;
3469 563 3553 619 his
3579 567 3802 637 quinque,

2255 665 2310 714 et
2337 658 2558 717 habebis
2587 657 2928 741 quindecim;
2977 664 3035 712 et
3074 657 3154 710 sic
3187 654 3561 712 crescentibus
3597 661 3804 718 numeris

2256 758 2310 806 et
2339 749 2704 822 multiplicatis
2742 763 2912 827 usque
2940 747 3008 804 ad
3037 749 3222 804 decem
3247 756 3306 803 et
3355 755 3586 820 septem,
3615 749 3674 805 ﬁt
3710 767 3804 808 om;

2255 843 2404 896 nium
2432 858 2780 900 numerorum
2807 856 3018 897 summa
3042 841 3271 896 istorum
3295 841 3392 912 qui
3415 841 3804 914 multiplicantur

2256 933 2322 988 ab
2356 949 2463 990 uno
2490 949 2661 1014 usque
2692 933 2761 990 ad
2789 934 2977 990 decem
3003 942 3058 993 et
3084 942 3289 1004 septem
3314 917 3546 990 centum
3571 937 3780 1007 quinqua

2255 1025 2402 1110 ginta
2431 1034 2561 1081 trcs.
2586 1025 2715 1096 Quae
2757 1033 3069 1099 computata
3107 1027 3378 1098 superiori
3428 1026 3803 1098 signiﬁcatione,

2255 1115 2307 1170 id
2329 1126 2414 1171 est
2439 1117 2572 1188 legis
2607 1118 2661 1172 in
2689 1119 2933 1184 denario,
2959 1127 3014 1174 et
3042 1120 3228 1190 gratias
3268 1119 3326 1174 in
3373 1120 3671 1190 septenario
3698 1124 3804 1190 satis

2255 1217 2612 1280 congruenter
2641 1210 2943 1266 conveniet.
2979 1193 3086 1266 Sed
3111 1211 3264 1282 plura
3291 1219 3422 1266 sunt
3446 1212 3568 1266 inde
3593 1211 3806 1268 conside-

2252 1315 2376 1355 rare
2401 1304 2758 1359 admiratione
2789 1304 2969 1378 digna,
3005 1319 3124 1374 quae
3167 1303 3328 1374 hujus
3373 1305 3630 1376 temporis
3669 1321 3806 1376 augu-

2253 1395 2356 1450 stia
2383 1397 2630 1470 prohibet
2654 1413 2754 1452 nos
2774 1398 2952 1454 omnia
2983 1398 3182 1454 dicere.

2323 1485 2387 1538 Et
2419 1503 2536 1540 cum
2567 1489 2700 1541 tanti
2725 1499 2888 1542 essent
2917 1505 3019 1542 non
3059 1499 3132 1543 est
3183 1490 3407 1544 scissum
3463 1497 3584 1544 rete.
3631 1486 3806 1568 Adiecit

2251 1576 2579 1647 evangelista
2618 1593 2733 1634 rem
2768 1580 3133 1636 necessariam
3166 1580 3394 1648 dicens:
3430 1581 3498 1634 Et
3544 1599 3656 1636 cum
3699 1584 3804 1634 tanti

2250 1679 2451 1736 essent;
2473 1669 2583 1724 sive
2613 1680 2718 1725 tam
2739 1673 2940 1743 magni,
2959 1674 3364 1748 sicutsuperius
3386 1674 3609 1742 dictum,
3623 1675 3802 1758 plenum

2251 1762 2459 1834 magnis
2480 1762 2749 1832 piscibus;
2803 1782 2906 1819 non
2931 1775 3004 1822 est
3031 1767 3250 1820 scissum
3279 1775 3388 1821 rete
3417 1783 3436 1826 :
3467 1767 3519 1822 id
3547 1777 3629 1824 est
3656 1769 3802 1840 magni

2173 1855 2226 1935 Β
2251 1867 2436 1924 erant,
2468 1859 2561 1914 sed
2591 1858 2736 1914 inter
2760 1875 2854 1920 eos
2885 1861 3118 1916 limreses
3151 1877 3259 1921 non
3299 1867 3480 1928 erant,
3505 1869 3558 1916 et
3579 1861 3690 1918 ideo
3710 1876 3802 1916 ma-

2250 1950 2333 2025 gis
2355 1951 2588 2007 haereses
2611 1967 2718 2006 non
2741 1959 2920 2032 erant,
2942 1953 3068 2034 quia
3098 1954 3281 2028 magni
3319 1963 3498 2008 erant.

2323 2042 2463 2096 Dicit
2491 2045 2566 2098 eis
2591 2043 2746 2099 Iesus
2769 2060 2787 2100 :
2819 2042 3016 2111 Venite,
3041 2046 3320 2118 prandete.
3354 2045 3422 2100 Et
3455 2061 3601 2102 nemo
3621 2043 3807 2104 audebat

2250 2133 2682 2190 discumbentium
2703 2153 2820 2190 eum
2842 2136 3162 2211 interrogare
3187 2151 3206 2189 :
3241 2137 3324 2198 Tu
3355 2141 3477 2210 quis
3509 2138 3600 2194 es?
3636 2137 3804 2199 Sensus

2251 2241 2380 2298 ergo
2403 2227 2492 2282 hic
2513 2235 2623 2282 est:
2648 2225 2820 2282 Tanta
2838 2237 2956 2284 erat
2979 2228 3249 2283 evidentia
3271 2217 3524 2285 veritatis
3545 2227 3661 2300 quia
3677 2226 3804 2282 Jesus

2251 2317 2358 2373 illis
2383 2319 2658 2389 discipulis
2681 2321 2974 2392 apparebat
2997 2329 3056 2376 ut
3076 2337 3264 2376 eorum
3288 2338 3402 2380 non
3425 2323 3595 2378 solum
3620 2335 3800 2393 negate,

2252 2407 2346 2462 sed
2390 2423 2456 2463 ne
2497 2408 2746 2464 dubitare
2778 2411 2997 2481 quidem
3038 2411 3178 2468 ullus
3217 2414 3472 2482 auderet,
3495 2413 3731 2490 quoniam
3767 2409 3803 2466 si

2253 2499 2537 2580 quisquam
2560 2499 2830 2556 dubitaret
2862 2501 3049 2573 utique
3091 2503 3440 2578 interrogare
3479 2505 3703 2561 deberet.
3731 2499 3804 2562 Sic

2253 2601 2382 2658 ergo
2403 2589 2606 2644 dictum
2631 2598 2714 2645 est
2733 2607 2748 2645 :

2327 2679 2497 2736 Nemo
2520 2681 2743 2737 audebat
2772 2683 3098 2759 interrogare
3123 2699 3143 2738 .'
3175 2685 3251 2740 Tu
3271 2689 3396 2762 quis
3417 2706 3470 2745 es
3489 2690 3514 2744 7
3535 2689 3612 2746 Ac
3633 2688 3674 2746 si
3691 2687 3800 2745 dice-

2252 2780 2404 2828 retur
2435 2791 2448 2828 :
2483 2772 2652 2829 Nemo
2681 2775 2911 2830 audebat
2937 2777 3185 2838 dubitare
3212 2783 3360 2857 quod
3393 2783 3510 2855 ipse
3537 2790 3687 2838 esset.

2323 2864 2393 2917 Et
2417 2865 2549 2918 venit
2580 2864 2757 2930 Iesus,
2786 2876 2834 2920 et
2858 2869 3053 2940 accepit
3077 2881 3356 2942 panem,e_t
3378 2874 3538 2928 dabat
3562 2876 3650 2940 eis,
3672 2881 3712 2927 et
3741 2871 3801 2942 pi-

2251 2970 2389 3008 scem
2408 2954 2670 3010 similiter.
2695 2955 2999 3012 Notandum
3029 2973 3243 3034 quoque
3267 2965 3419 3032 quod
3446 2963 3679 3019 ultimum
3699 2977 3800 3018 con-

2252 3047 2454 3101 vivium
2483 3047 2748 3103 Dominus
2762 3063 2890 3120 cum
2922 3058 3129 3125 septem
3166 3053 3454 3124 discipulis
3476 3056 3713 3112 habuisse
3729 3053 3801 3108 de-

2252 3140 2524 3195 scribitur.
2543 3139 2734 3198 Petrus
2752 3157 2985 3222 namque
3000 3151 3054 3199 et
3069 3143 3327 3212 Thomas,
3350 3147 3642 3204 Nathanael
3663 3155 3711 3210 et
3727 3143 3798 3200 ﬁlii

565 3223 688 3280 dem
722 3226 980 3294 Spiritum
1009 3239 1276 3296 sanctum,
1303 3231 1461 3296 unius
1502 3232 1719 3288 virtutis
1753 3235 1954 3300 credat,
1985 3234 2143 3288 unius
2170 3229 2216 3309 ς
2247 3232 2487 3288 Zebedaei
2513 3240 2568 3288 et
2591 3233 2682 3300 alii
2701 3249 2770 3289 ex
2801 3234 3076 3310 discipulis
3105 3236 3222 3310 ejus
3243 3239 3352 3295 duo
3374 3241 3428 3296 in
3457 3257 3521 3297 eo
3543 3241 3696 3298 fuisse
3713 3253 3802 3296 tne-

567 3316 884 3374 substantiae
909 3333 1028 3376 esse
1054 3319 1306 3376 fateatur.
1336 3322 1470 3400 Quia
1503 3324 1666 3396 igitur
1689 3335 1891 3396 septem
1919 3341 2037 3399 quae
2059 3342 2148 3380 su-

568 3408 751 3478 perius
775 3409 1009 3476 diximus
1038 3427 1136 3482 per
1165 3411 1370 3486 Novum
1403 3413 1807 3486 Testamentum
1839 3416 1998 3484 latius
2025 3418 2147 3472 data

491 3547 496 3552 .
569 3509 714 3570 sunt,
744 3503 928 3570 decem
956 3520 1080 3572 vero
1113 3520 1210 3578 per
1232 3505 1442 3574 Veteris
1487 3508 1816 3574 Testamenti
1854 3495 2146 3588 praecepta,

570 3593 744 3658 omnis
772 3604 956 3659 nostra
981 3596 1154 3666 virtus
1177 3603 1231 3652 et
1248 3598 1489 3669 operatio
1515 3612 1613 3674 per
1641 3599 1824 3664 decem
1863 3607 1917 3654 et
1941 3608 2147 3672 septem

567 3695 746 3768 pntcst
773 3685 930 3758 plene
956 3689 1361 3773 eguiprehendi.
1410 3690 1679 3749 Ducamus
1707 3707 1834 3770 ergo
1855 3707 1956 3771 per
1986 3692 2148 3764 trigo-

569 3793 698 3834 num
721 3779 908 3837 decem
938 3786 992 3846 et
1034 3787 1238 3858 septem
1288 3788 1343 3834 et
1397 3782 1614 3836 veniunt
1661 3783 2048 3864 quinquaginta
2095 3792 2148 3839 et

569 3880 762 3936 unum,
785 3869 877 3940 qui
915 3865 1160 3940 profecto
1184 3885 1443 3926 numerus
1471 3886 1502 3925 a
1532 3887 1730 3945 magno
1758 3875 2017 3957 mysterio
2040 3891 2148 3946 non

569 3967 746 4028 vacat,
777 3960 901 4032 quia
919 3960 1032 4036 jam
1059 3960 1114 4014 in
1148 3959 1494 4028 Testamento
1521 3964 1705 4022 Veteri
1732 3965 1982 4046 legimus,
2005 3966 2149 4048 quod

570 4065 744 4106 annus
770 4051 1247 4122 quinquagesimus
1273 4051 1531 4111 Jubilams
1551 4057 1734 4111 vocari
1759 4057 1943 4126 jussus
1965 4070 2068 4126 est,
2092 4061 2146 4115 in

569 4155 677 4211 quo
697 4127 944 4197 videlicet
971 4150 1200 4206 cunctus
1221 4144 1450 4226 populus
1472 4146 1540 4200 ab
1565 4147 1712 4201 onmi
1743 4162 1906 4222 Opere
1931 4151 2146 4218 requie-

569 4245 765 4300 sceret,
790 4234 882 4288 sed
908 4249 1036 4290 vera
1059 4237 1275 4308 requies
1301 4237 1355 4291 in
1375 4239 1582 4296 unitate
1602 4249 1686 4295 est
1719 4259 1731 4294 :
1763 4241 1925 4298 dividi
1947 4243 2148 4320 quippe

568 4338 734 4378 unum
765 4339 872 4379 non
903 4332 1101 4399 potest.
1146 4325 1249 4383 Ubi
1278 4327 1422 4384 enim
1466 4330 1698 4386 scissura
1736 4331 2015 4388 divisionis
2041 4341 2144 4400 est,

569 4430 698 4472 vera
741 4417 955 4487 requies
984 4435 1090 4480 non
1119 4427 1222 4475 est.
1269 4421 1538 4486 Ducamus
1568 4437 1668 4499 per
1693 4424 1960 4495 trigonum
1992 4426 2148 4503 quin-

569 4509 825 4588 quaginta
858 4517 914 4566 et
937 4527 1102 4583 unum
1143 4521 1198 4568 et
1227 4513 1364 4574 ﬁunt
1395 4523 1610 4570 centum
1663 4526 1718 4580 et
1762 4517 2146 4588 quinquaginta

2251 3333 2549 3381 morantur.
2567 3325 2676 3382 Cur
2697 3342 2819 3382 cum
2843 3337 3048 3399 septem
3070 3331 3356 3416 discipulis
3385 3333 3626 3390 ultimum
3647 3329 3799 3387 conri-

2249 3417 2394 3474 vium
2409 3417 2664 3487 celebrat,
2679 3420 2781 3480 nisi
2797 3423 2923 3492 quia
2939 3438 3033 3484 eos
3050 3427 3424 3490 tantummodo
3439 3425 3530 3508 qui
3544 3420 3798 3506 septiformi

2250 3508 2419 3598 gratia
2448 3511 2620 3565 sancti
2651 3509 2885 3582 Spiritus
2911 3515 3058 3598 pleni
3110 3526 3235 3574 sunt
3287 3517 3505 3575 futuros
3553 3530 3719 3582 secum
3756 3511 3796 3566 in

2247 3591 2454 3670 interna
2490 3599 2784 3658 refectione
2812 3591 3127 3666 denuntiat?
3155 3607 3380 3682 Septem
3411 3623 3620 3695 quoque
3643 3605 3797 3662 diebus

2251 3706 2410 3746 omne
2435 3693 2538 3756 hoc
2569 3701 2779 3779 tempus
2801 3697 3068 3754 evolvitur
3093 3710 3148 3756 et
3186 3717 3332 3776 smpe
3377 3693 3676 3782 septenario
3715 3713 3774 3752 nu

2251 3798 2402 3839 mero
2429 3784 2690 3876 perfectio
2717 3788 3047 3865 designatur.
3090 3791 3169 3846 llli
3203 3807 3334 3869 ergo
3374 3793 3561 3849 ultimo
3589 3785 3798 3846 convivio

2251 3877 2317 3930 de
2354 3877 2638 3950 prmsentia
2662 3880 2906 3936 veritatis
2934 3883 3240 3954 epulantur,
3264 3885 3357 3956 qui
3386 3901 3529 3952 nunc
3553 3877 3798 3955 perfectio-

2250 3967 2336 4022 nis
2364 3969 2541 4024 studio
2567 3978 2783 4026 terrena
2825 3975 3238 4056 transcendunt,
3267 3990 3408 4048 quos
3452 3974 3631 4034 mundi
3673 3980 3797 4030 amor

2250 4075 2355 4114 non
2408 4060 2609 4132 alligat,
2659 4062 2854 4136 quibus
2903 4065 3006 4120 etsi
3059 4074 3333 4138 utcunque
3365 4083 3466 4140 per
3503 4064 3795 4128 tentatnenta

2248 4152 2532 4223 obstrepit,
2564 4163 2740 4226 coepta
2778 4164 2959 4212 tamen
2991 4171 3181 4212 eorum
3213 4158 3482 4216 desideria
3512 4172 3614 4213 non
3646 4159 3798 4210 retun-

2249 4245 2345 4298 dit.
2375 4243 2451 4298 De
2478 4246 2579 4300 hoc
2614 4231 2858 4306 estremo
2883 4249 3131 4314 convivio
3167 4250 3300 4308 alias
3339 4267 3440 4334 per
3465 4250 3710 4317 Joannem
3733 4239 3796 4339 di:

2249 4334 2428 4390 citur:
2460 4334 2611 4390 Beati
2658 4338 2746 4413 qui
2785 4339 2854 4392 ad
2911 4355 3110 4394 orenam
3155 4341 3441 4414 nuptialem
3494 4340 3612 4413 agni
3656 4334 3796 4390 υοιαιί

2248 4438 2388 4484 sunt.
2417 4427 2624 4500 idcirco
2653 4429 2796 4499 enim
2828 4445 2934 4486 non
2968 4433 3036 4510 ad
3071 4433 3358 4504 prandium
3404 4432 3500 4489 sed
3527 4430 3592 4496 ad
3617 4433 3794 4483 ccenam

2247 4530 2469 4576 vocatos
2493 4531 2695 4589 narrat,
2721 4523 2846 4608 quia
2873 4523 3128 4580 nimirum
3161 4525 3218 4580 in
3244 4525 3352 4592 ﬁne
3375 4525 3484 4582 diei
3525 4517 3794 4579 convivium

572 4610 702 4656 tres.
735 4601 870 4680 Quia
901 4603 1064 4674 igitur
1087 4613 1145 4671 et
1173 4607 1348 4672 omnis
1376 4609 1618 4690 operatio
1647 4619 1829 4670 nostra
1875 4619 1930 4666 et
1973 4611 2145 4667 virtus
2168 4605 2222 4670 Β
2248 4627 2402 4668 coena
2431 4620 2532 4668 est.
2565 4614 2666 4688 Qui
2703 4601 2834 4684 ergo
2873 4615 3028 4670 ﬁnito
3072 4617 3198 4678 vitze
3247 4617 3530 4694 praesentis
3584 4615 3794 4678 ίθβψοτθ

571 4690 624 4746 in
652 4691 752 4752 ﬁde
781 4691 1063 4760 Trinitatis
1088 4695 1322 4750 exhibita
1351 4698 1414 4754 ad
1445 4699 1686 4768 requiem
1719 4700 1907 4768 tendit,
1939 4710 2142 4772 septem

574 4793 627 4841 ct
657 4783 843 4838 decem
870 4795 953 4838 ter
976 4786 1220 4840 ducimus
1246 4794 1304 4839 ut
1327 4787 1392 4841 ad
1439 4789 1825 4864 quinquaginta
1871 4800 1926 4846 et
1977 4807 2142 4846 unum

568 4871 750 4927 venire
780 4871 1088 4932 debeamus.
1124 4874 1190 4928 Et
1217 4889 1341 4934 vera
1373 4886 1554 4931 nostra
1605 4879 1818 4948 requies
1871 4890 1995 4937 tunc
2039 4893 2141 4946 est,

568 4976 689 5017 cum
733 4959 902 5032 ipsam
940 4962 1054 5032 jam
1100 4965 1401 5023 claritatem
1453 4968 1732 5026 Trinitatis
1779 4973 2138 5043 agnoscimus,

571 5066 731 5120 quam
772 5053 823 5108 in
874 5057 1074 5110 unitate
1119 5055 1414 5112 divinitatis
1456 5074 1573 5114 esse
1623 5070 1826 5116 certam
1877 5074 2139 5124 tenemus.

571 5140 969 5217 Quinquaginta
997 5154 1052 5198 et
1100 5162 1263 5200 Unum
1317 5156 1396 5200 ter
1451 5149 1712 5217 ducimus,
1744 5163 1798 5208 et
1846 5155 2140 5218 electorum

569 5253 834 5294 summam
851 5239 902 5296 in
918 5253 1148 5313 superna
1165 5241 1334 5316 patria
1350 5244 1506 5314 quasi
1524 5256 1736 5301 centum
1755 5248 2143 5323 quinquaginta

465 5372 470 5380 .
571 5328 731 5385 trium
761 5329 987 5398 piscium
1019 5347 1294 5395 numerum
1320 5341 1584 5390 tenemus.
1634 5337 1762 5391 Post
1793 5342 2143 5396 resurrectio.

571 5433 692 5480 nem
715 5434 846 5472 vero
876 5418 1083 5488 Domini
1113 5423 1334 5478 missum
1386 5435 1518 5489 rete,
1551 5427 1766 5502 dignum
1811 5430 1911 5486 fuit
1955 5441 2013 5486 ut
2066 5442 2144 5488 tot.

569 5507 744 5574 pisces
772 5519 1009 5578 caperet,
1034 5520 1162 5592 quot
1191 5513 1528 5576 solummodo
1563 5519 1764 5575 electos
1812 5521 2002 5592 dignos
2049 5540 2142 5580 su.-

569 5613 749 5688 pernre
775 5602 959 5669 patriae
984 5603 1306 5688 designaret.
1345 5608 1440 5662 Est
1465 5627 1676 5688 quoque
1705 5613 1806 5668 alia
1841 5616 2144 5686 supputatio

569 5685 732 5760 hujus
755 5695 1044 5762 septenarii
1071 5685 1125 5750 et
1165 5699 1370 5754 denarii
1405 5685 1630 5767 muneri.
1680 5702 1814 5762 Nam
1863 5706 1906 5760 si
1939 5685 2006 5760 ab
2037 5721 2143 5760 uno

569 5790 762 5855 omnes
782 5799 1036 5854 numeros
1048 5799 1326 5865 computes
1346 5809 1516 5871 usque
1539 5794 1605 5854 ad
1629 5796 1812 5878 decem
1834 5805 1889 5852 et
1917 5808 2142 5886 septem,

2250 4704 2314 4758 ad
2368 4703 2718 4758 refectionem
2769 4719 3015 4778 supernae
3065 4707 3534 4786 contemplationis
3581 4699 3791 4758 veniunt.

2247 4809 2354 4848 non
2381 4795 2445 4849 ad
2473 4795 2594 4868 agni
2615 4796 2922 4872 prandium,
2941 4797 3036 4852 sed
3055 4800 3122 4853 ad
3149 4813 3363 4854 cmnam
3387 4805 3660 4857 vocantur.

2247 4885 2499 4942 videlicet
2537 4901 2692 4942 caena
2722 4888 2826 4943 hoc
2861 4889 3052 4945 ultimo
3080 4891 3325 4946 convivio
3351 4888 3680 4962 exprimitur.
3709 4876 3790 4934 Ubi

2249 4991 2370 5032 cum
2401 4977 2526 5033 Jesu
2555 4986 2761 5048 septem
2794 4978 3038 5049 discipuli
3073 4981 3262 5036 adesse
3291 4967 3789 5044 memorantur,quiﬂ

2248 5066 2367 5122 illos
2396 5076 2456 5122 ut
2484 5068 2720 5123 diximus
2750 5079 2876 5126 tunc
2906 5072 2960 5126 in
2993 5080 3194 5127 acterna
3243 5074 3532 5129 refectione
3577 5062 3788 5138 recipiet.

2249 5160 2338 5227 qui
2358 5159 2501 5229 pleni
2528 5176 2671 5215 nunc
2700 5160 3030 5232 septiformis
3058 5164 3248 5235 gratia:
3276 5165 3330 5220 in
3361 5177 3542 5226 amore
3587 5153 3787 5229 Spiritus

2248 5249 2520 5318 anhelant,
2551 5251 2680 5320 quid
2709 5261 2790 5306 est
2830 5255 2971 5323 quod
3015 5254 3344 5330 Redemptor
3390 5262 3571 5312 noster
3613 5248 3786 5339 Pisa?“

2247 5353 2430 5394 assum
2465 5348 2585 5410 post
2617 5343 3069 5398 resurrectionem
3113 5329 3478 5411 manducavit,
3522 5350 3574 5398 et
3613 5337 3660 5392 in
3700 5329 3786 5384 alio

2243 5427 2530 5498 Evangelio
2561 5429 2902 5488 diciturcum
2948 5434 3098 5504 pisce
3141 5451 3262 5506 asso
3312 5417 3489 5494 favum
3537 5425 3713 5488 mellis.
3739 5417 3784 5472 in

2242 5519 2346 5574 isto
2371 5535 2500 5574 vero
2526 5535 2716 5590 panem
2739 5538 2860 5578 cum
2883 5524 3069 5594 pisce?
3111 5525 3250 5593 Quid
3287 5529 3430 5582 enim
3471 5521 3630 5594 piscis
3652 5518 3784 5610 asftls

2241 5611 2530 5685 signiﬁcat,
2553 5613 2655 5669 nisi
2685 5615 2959 5670 Christum
2984 5620 3236 5687 passum?
3276 5619 3412 5686 Quid
3446 5616 3590 5683 [avus
3615 5600 3780 5662 mellis,

2242 5707 2343 5762 nisi
2364 5707 2662 5764 divinitatis
2683 5709 3034 5765 dulccamen?
3059 5711 3230 5769 Piscis
3255 5712 3482 5784 estquia
3507 5709 3614 5776 ipse
3639 5697 3782 5792 latere

2241 5801 2493 5876 dignatus
2515 5802 2568 5858 in
2598 5802 2754 5888 aquis
2787 5801 3011 5859 humani
3053 5807 3266 5888 generis
3314 5815 3415 5863 est.
3469 5797 3590 5884 Capi
3638 5787 3782 5847 νοῖιιῖι
