3974 6364
877 339 908 384 εξ
953 335 1122 378 ¹(τι-ιι
1167 331 1252 376 Τίῖ

179 373 198 394 ··
219 355 331 433 die

1949 347 1951 350 -
2039 321 2130 364 iit!
2188 313 2394 360 lil'llll
2450 311 2694 360 II/swn
2765 311 2798 348 ξε
3349 293 3442 340 ἱ.ιὶ

3187 421 3198 444 ,_
3246 382 3464 452 ,l.w._d70

185 469 192 516 θ
223 485 278 544 in
304 462 649 545 fundam’eiilo
676 457 2028 577 l’undatus‘.’gupertediﬁcdmyini,:ihquit,li;ilkrunt
2061 457 2412 566 aediﬁcantes,
2444 459 2503 548 ut
2531 457 2856 568 sicutillum
2889 457 3465 572 reprqbaverunteum

183 579 405 634 "domes
428 576 709 651 spiritales.
742 581 818 635 na
848 579 976 636 fieri
993 579 1110 636 illos
1132 581 1319 637 domos
1337 575 1608 652 'spiritales
1634 575 1795 649 dicit,

221 688 346 726 cum
371 672 443 726 sit
467 673 790 743 unadomus
810 671 1010 728 Christi
1028 688 1095 728 ex
1117 673 1322 750 angelis
1346 684 1400 750 et
1419 661 1606 728 electis
1625 661 1798 728 homi-

186 799 195 812 .
219 761 382 816 nibus
399 757 648 827 collecta,
663 778 770 834 quo
791 765 949 818 modo
969 763 1091 818 eum
1108 765 1178 819 sit
1189 781 1298 819 una
1309 765 1550 820 Ecclesia
1578 766 1801 830 catholi-

187 844 194 874 ‘
215 863 285 905 ca
305 859 418 906 tcto
439 852 570 906 orbe
587 845 796 918 diffusa”,
809 849 962 924 saepe
979 839 1260 923 pluraliter
1275 855 1610 926 appellantur
1629 857 1800 930 eccle-

185 955 193 984 ί
217 939 326 996 sit
341 950 564 1011 propter
592 942 884 997 multifaria
925 931 1131 998 scilicet
1160 939 1412 1000 fidelium"
1429 935 1800 1002 conventicula

215 1035 389 1088 variis
408 1035 656 1089 tribubus
684 1035 894 1105 populis
913 1044 966 1088 et
991 1035 1184 1108 linguis
1211 1036 1466 1092 discreta.
1494 1021 1645 1095 Unde
1672 1027 1801 1110 dicit

219 1122 340 1191 ipse
369 1141 382 1176 :
408 1121 518 1192 Ego
541 1121 698 1177 Jesus
719 1122 837 1177 misi
867 1122 1113 1192 angelum
1138 1138 1318 1178 meum
1343 1121 1621 1179 testiﬁcari
1650 1125 1802 1180 vobis

217 1215 342 1268 haec
392 1213 446 1267 in
486 1213 749 1268 ecclesiis.
795 1213 904 1268 Nec
940 1209 1368 1284 praetereundum
1399 1207 1546 1286 quod
1583 1217 1802 1286 quidam

219 1305 442 1360 codices
492 1305 692 1358 habent
733 1291 958 1359 numero
999 1303 1257 1374 singulari
1295 1289 1801 1374 tsuperaadiﬁcamini

217 1398 418 1451 domus
465 1394 756 1464 spiritalis,
787 1385 898 1449 alii
933 1387 1435 1465 super-aedificamini
1483 1397 1535 1448 in
1586 1383 1801 1450 domum

219 1490 542 1561 spiritalem,
566 1489 621 1542 in
651 1504 756 1559 quo
796 1489 1052 1542 nimirum
1076 1489 1255 1543 unitas
1276 1489 1391 1557 ipsa
1416 1489 1582 1542 totius
1603 1497 1803 1542 sanctae

220 1581 480 1636 Ecclesiae
501 1581 678 1649 aptius
697 1581 1124 1635 commendatur.
1149 1579 1280 1634 Cum
1305 1589 1482 1634 autem
1501 1579 1613 1648 jam
1636 1580 1804 1635 dixis-

219 1684 309 1728 set
340 1672 846 1742 Supera’diﬁcamini
870 1673 1050 1726 domos
1074 1671 1332 1742 spiritales
1355 1673 1466 1727 sive
1486 1673 1672 1726 domus
1695 1675 1802 1743 spi-

221 1765 398 1820 ritalis
429 1765 577 1819 addit
613 1783 625 1818 ε

296 1857 664 1912 Sacerdotium
691 1841 949 1923 sanctum,
981 1856 1036 1910 id
1082 1863 1182 1923 est,
1227 1857 1586 1912 sacerdotium
1616 1870 1805 1911 secun-
1834 1869 1880 1928 Β

220 1949 353 2004 dum
381 1964 479 2003 vos
499 1949 600 2017 ipsi
621 1949 913 2002 existentes
940 1963 1102 2017 super
1140 1948 1547 2002 fundamentum
1574 1949 1796 2003 Christi.

220 2041 452 2096 Omnem
482 2054 611 2108 ergo
633 2040 926 2094 Ecclesiam
951 2040 1310 2094 sacerdotium
1337 2047 1581 2093 sanctum
1621 2040 1802 2108 appel-

219 2133 322 2197 lat,
349 2134 491 2201 quod
511 2133 625 2187 sola
647 2132 839 2186 domus
859 2131 1037 2185 Aaron
1065 2132 1118 2185 in
1140 2133 1254 2200 lege
1279 2147 1473 2186 nomen
1495 2141 1550 2186 et
1567 2132 1802 2186 cilicium

224 2230 435 2284 habuit.
470 2229 608 2296 Quia
631 2229 883 2283 nimirum
909 2242 1098 2281 omnes
1116 2227 1312 2280 summi
1341 2226 1607 2296 pontiﬁcis
1632 2241 1800 2280 mem-

219 2323 320 2374 bra
346 2334 560 2384 sumus,
605 2319 782 2372 cuncti
827 2317 945 2371 oleo
969 2317 1168 2372 laetitia:
1213 2318 1509 2388 signamur,
1539 2318 1805 2372 universis

220 2409 474 2480 congruit
502 2409 645 2479 quod
675 2407 854 2462 subdit
880 2425 892 2460 :

296 2502 503 2570 Offerre
531 2499 791 2570 spiritales
823 2500 1019 2555 hostias
1054 2517 1145 2569 per
1167 2499 1348 2554 Jesum
1373 2499 1656 2555 Christum.
1686 2501 1806 2572 Spi-

221 2593 414 2649 ritales
450 2601 631 2647 autem
675 2592 849 2647 hostis
889 2607 1054 2662 opera
1095 2602 1303 2657 nostra,
1351 2592 1719 2662 eleemosynas
1751 2599 1804 2645 et

219 2700 418 2756 preces
445 2683 592 2749 dicit,
620 2685 688 2739 ad
714 2684 1117 2738 distinctionem
1145 2684 1439 2739 carnalium
1469 2685 1521 2738 in
1550 2684 1665 2754 lege
1694 2685 1806 2739 vic-

219 2777 510 2830 timarum.
536 2774 688 2841 Quod
715 2784 896 2831 autem
922 2777 976 2830 in
1001 2775 1344 2830 conclusione
1367 2776 1498 2831 dicit
1517 2794 1606 2845 per
1626 2777 1809 2830 Jesum

225 2871 502 2930 Christum
539 2873 605 2928 ad
645 2882 837 2929 cuncta
885 2889 1005 2944 quae
1050 2873 1374 2942 promiserat
1420 2872 1654 2940 pertinet
1703 2887 1808 2941 quo

220 2980 330 3037 per
361 2964 529 3034 ipsius
580 2965 806 3033 gratiam
852 2973 906 3017 et
954 2960 1448 3032 supersedilicamur
1498 2960 1549 3014 in
1579 2959 1672 3014 illo
1714 2975 1810 3029 per

221 3055 558 3110 architectos
586 3055 856 3125 sapientes
877 3096 891 3120 ,
914 3055 1019 3109 hoc
1045 3063 1131 3108 est
1157 3054 1435 3108 ministros
1465 3051 1597 3107 Novi
1623 3051 1810 3107 Testa-

217 3148 420 3213 menti,
449 3156 503 3202 et
527 3147 718 3202 domus
730 3147 1000 3216 spiritales
1025 3145 1287 3200 ellicimur
1305 3161 1400 3214 per
1423 3145 1671 3214 spiritum
1693 3143 1810 3213 ejus
1869 3191 1872 3194 .

1881 583 2586 663 ,zedilicarent-Iactussuqs,
2617 581 2858 655 nolentes
2878 581 3084 642 eumjn
3120 580 3488 640 fundamento

1902 663 2079 744 cordis
2103 663 2204 752 sui
2229 691 2446 758 ponere,
2487 676 2680 744 itaet
2709 673 2808 744 ipsi
2856 674 3212 762 reprobentu'
3234 676 3304 734 ab
3321 678 3469 732 eoin

1902 768 2306 850 adventuqejus,
2326 821 2332 848 ζ
2350 767 2565 846 nolente
2607 767 2696 840 illo
2728 779 2856 823 tunc
2880 782 2975 822 eos
3000 767 3091 837 qui
3121 783 3180 824 se
3207 769 3466 837 reproba-

1902 865 2092 909 verunt
2112 857 2165 910 in
2191 851 2594 936 aediﬁcationem
2629 855 3091 934 accipereldomus
3117 871 3228 911 suae
3248 871 3368 926 quae
3389 868 3472 916 est

1893 949 1954 1032 in
1981 949 2152 1020 cmlis.
2181 950 2248 1004 Et
2269 951 2384 1004 haec
2413 949 2684 1012 distinctio
2718 949 2938 1006 honoris
2970 949 3322 1015 credentium,
3351 966 3472 1006 non

1888 1039 2243 1122 credentium
2261 1049 2436 1122 autem
2475 1040 2868 1122 reprobationis
2883 1042 3172 1111 hucusque
3196 1041 3471 1112 pertingit,

1901 1127 2027 1184 hinc
2055 1121 2187 1185 item
2213 1133 2278 1186 de
2307 1119 2649 1188 credentibus
2677 1132 2940 1194 infertn.
2997 1187 3004 1190 .
3095 1165 3098 1168 ‹

1883 1269 1894 1302 ._
1975 1222 2077 1296 Hie
2122 1224 2296 1294 [actus
2338 1225 2394 1278 in
2440 1236 2598 1295 caput
2639 1225 2839 1297 anguli.
2881 1224 3017 1292 Quia
3057 1193 3308 1282 videlicet
3337 1193 3478 1282 sicut

1903 1309 2039 1382 lapis
2064 1316 2338 1385 angularis
2367 1317 2501 1394 duos
2525 1317 2761 1394 parietes
2785 1316 3084 1390 coniungit,
3111 1318 3190 1372 ita
3219 1319 3479 1380 Dominus

1903 1401 2211 1459 .ludaeorum
2259 1405 2469 1476 plebem
2512 1416 2566 1461 et
2613 1407 2851 1476 gentium
2887 1408 2942 1462 in
2970 1423 3075 1464 una
3103 1409 3208 1464 sibi
3239 1408 3482 1468 ﬁdei-8.0:-

1904 1494 2098 1547 cietate
2125 1496 2417 1565 copulavit.
2450 1496 2527 1552 Ac
2553 1512 2678 1552 mox
2709 1498 2774 1552 de
2800 1497 3104 1553 infidelibus
3125 1499 3314 1553 addit:

1978 1582 2042 1636 Et
2066 1583 2197 1654 lapis
2227 1586 2526 1655 oﬂ‘ensionis
2555 1597 2602 1641 et
2631 1597 2776 1657 petra
2807 1587 3063 1642 scandali.
3095 1588 3232 1643 Hinc
3257 1598 3314 1644 et
3340 1589 3480 1644 Pau-

1903 1679 1987 1733 lus
2016 1696 2028 1731 :
2059 1678 2171 1733 Nos
2206 1680 2574 1748 praedicamus,
2620 1681 2813 1751 inquit,
2842 1681 3106 1736 Christum
3133 1681 3336 1736 Judteis
3364 1698 3482 1752 qut-

1904 1770 2018 1824 dem
2048 1770 2378 1836 scandalum,
2405 1772 2639 1841 gentibus
2667 1780 2841 1826 autem
2869 1771 3165 1826 stultitiam.

1980 1861 2080 1916 His
2104 1864 2192 1932 qui
2227 1862 2493 1932 o/Tendunt
2525 1864 2695 1928 uerbo,
2738 1881 2829 1918 nec
2865 1865 3081 1919 credunt
3108 1866 3162 1919 in
3188 1882 3290 1936 quo
3327 1868 3483 1937 positi

1902 1966 2041 2008 sunt.
2076 1951 2364 2008 Ollendunt
2391 1953 2556 2008 verbo
2584 1968 2647 2008 eo
2675 1953 2791 2022 ipso
2819 1953 2963 2023 quod
2997 1954 3222 2010 verbum
3259 1955 3354 2009 Dei
3389 1971 3484 2009 au-

1904 2037 2022 2099 dire
2069 2058 2161 2099 eos
2209 2044 2504 2113 contingit;
2555 2042 2833 2098 oﬂ‘endunt
2879 2044 3079 2109 animo,
3123 2045 3250 2100 dum
3297 2046 3486 2100 nolunt

1905 2135 2129 2190 credere
2159 2134 2302 2204 quod
2346 2135 2589 2188 audiunt.
2640 2134 2878 2202 Quorum
2933 2135 3216 2190 stultitiam
3250 2151 3481 2205 exagge-

1908 2229 2076 2282 rando
2117 2225 2362 2294 subjecit,
2400 2243 2490 2280 nec
2519 2227 2735 2281 credunt
2753 2228 2810 2281 in
2830 2243 2931 2297 quo
2956 2236 3003 2280 et
3023 2227 3200 2296 positi.
3236 2225 3372 2281 Sunt
3393 2227 3485 2296 qui

1909 2320 1962 2373 in
1987 2320 2089 2373 hoc
2113 2319 2294 2388 positi,
2319 2318 2372 2372 id
2402 2327 2485 2372 est
2508 2332 2606 2386 per
2636 2326 2884 2372 naturam
2924 2318 3168 2371 homines
3199 2316 3326 2370 facti
3363 2324 3488 2372 sunt

1908 2420 1967 2464 ut
1990 2411 2214 2464 credant
2239 2410 2349 2465 Deo
2370 2419 2425 2465 et
2454 2409 2570 2480 ejus
2603 2410 2867 2464 voluntati
2902 2409 3296 2479 obtemperent,
3331 2409 3484 2463 Salo-

1907 2519 2067 2558 mone
2092 2512 2381 2558 attestante
2403 2518 2526 2557 cum
2557 2501 2631 2555 ait
2661 2521 2672 2554 :
2703 2501 2986 2555 Dominum
3014 2503 3134 2555 time
3160 2511 3208 2555 et
3238 2502 3490 2556 mandata

1909 2595 2021 2663 ejus
2063 2593 2296 2660 observa,
2339 2593 2434 2645 hoc
2460 2601 2534 2646 est
2559 2594 2727 2646 omnis
2767 2594 2940 2658 homo,
2969 2593 3023 2647 id
3048 2604 3153 2658 est,
3180 2594 3236 2647 in
3263 2595 3366 2647 hoc
3391 2611 3484 2648 na-

1913 2684 2154 2738 turaliter
2192 2682 2367 2737 factus
2413 2691 2496 2737 est
2546 2685 2722 2737 omnis
2769 2684 2930 2738 homo
2972 2693 3030 2738 ut
3074 2683 3244 2740 Deum
3295 2685 3490 2738 timens

1911 2775 2026 2842 ejus
2069 2774 2338 2828 mandatis
2380 2775 2728 2829 obsecundet.
2759 2775 2984 2842 Quidam
3011 2777 3225 2830 codices
3254 2776 3490 2840 habent,

1909 2870 1965 2922 in
1998 2886 2098 2939 quo
2130 2885 2175 2922 et
2213 2869 2389 2938 positi.
2441 2868 2573 2923 Item
2624 2869 2766 2938 quod
2810 2870 3124 2940 intelligitur
3161 2869 3319 2937 juxta
3367 2870 3491 2933 hoc,

1911 2955 2052 3027 quod
2083 2958 2280 3013 Paulus
2326 2960 2391 3012 de
2429 2959 2657 3013 Domino
2699 2959 2926 3028 loquens
2965 2961 3076 3015 ait:
3119 2959 3188 3014 In
3217 2960 3327 3030 ipso
3355 2961 3491 3012 enim

1911 3063 1957 3106 et
1992 3051 2229 3115 vivimus,
2261 3060 2307 3104 et
2331 3068 2618 3115 movemur,
2649 3061 2696 3105 et
2717 3069 2915 3106 sumus.

1997 3139 2095 3195 Vos
2121 3151 2298 3196 autem
2322 3159 2483 3213 genus
2511 3143 2745 3208 electum,
2780 3143 2947 3214 regale
2973 3145 3344 3211 sacerdotium,
3373 3162 3494 3216 gens

221 3247 419 3294 contra
448 3239 688 3308 pluvias,
720 3246 930 3302 ventos,
957 3237 1180 3292 ﬂumina
1213 3236 1564 3292 tentationum
1592 3236 1806 3302 muniti,
1836 3239 1881 3301 C
1912 3242 2115 3297 sancta,
2164 3233 2386 3303 populus
2427 3234 2805 3305 acquisitionis.
2859 3234 2971 3290 Hoc
3007 3246 3111 3302 est,
3142 3237 3317 3292 laudis
3345 3240 3496 3293 testi-

218 3340 284 3386 et
306 3331 611 3387 sacerdotio
642 3339 829 3386 sancto
854 3330 1188 3400 participari,
1215 3338 1269 3383 et
1301 3329 1424 3384 boni
1473 3327 1674 3399 aliquid
1723 3345 1813 3383 ac-

217 3423 496 3493 ceptabile
548 3424 776 3479 Domino
797 3435 1012 3493 gerere,
1055 3437 1160 3477 non
1201 3421 1308 3476 nisi
1331 3437 1426 3491 per
1461 3421 1635 3487 ipsum
1671 3422 1814 3476 vale-

217 3529 370 3568 mus.
418 3513 564 3568 Sicut
595 3515 732 3567 enim
760 3513 956 3583 palmes
1004 3530 1106 3567 non
1132 3523 1292 3583 potest
1330 3512 1466 3581 ferre
1506 3513 1734 3581 fructum
1782 3532 1812 3568 (ι

217 3606 504 3674 semetipso
535 3606 635 3659 nisi
685 3593 934 3659 manserit
971 3605 1026 3657 in
1073 3605 1192 3668 vite,
1229 3604 1302 3657 sic
1337 3619 1427 3656 nec
1466 3619 1585 3669 vos,
1618 3604 1812 3674 inquit,

219 3679 344 3750 nisi
360 3697 416 3750 in
445 3713 527 3750 me
549 3697 864 3750 manseritis.
1421 3765 1426 3768 .

302 3785 531 3858 Propter
580 3788 720 3858 quod
764 3788 987 3842 continet
1036 3786 1313 3858 Scriptura
1340 3804 1357 3841 :
1384 3787 1518 3842 Ecce
1574 3804 1707 3857 pono
1759 3789 1813 3841 in

221 3878 367 3934 Sion
389 3877 614 3947 lapidem
634 3894 895 3933 summum
917 3878 1225 3949 angularem
1248 3877 1485 3945 electum,
1509 3880 1812 3950 pretiosum.

220 3966 347 4022 Hoc
398 3968 760 4022 testimonium
815 3968 880 4022 de
928 3968 1065 4023 Isaia
1114 3970 1265 4038 ponit
1291 3971 1357 4024 ad
1389 3970 1816 4024 conﬁrmandum

219 4059 336 4113 hoc
383 4058 527 4127 quod
567 4059 890 4127 promiserat
937 4059 1005 4112 ad
1049 4077 1199 4129 quem
1256 4060 1552 4115 accedentes
1589 4061 1815 4129 lapidem

219 4151 432 4214 vivum,
475 4158 723 4204 astruens
758 4158 813 4204 et
849 4150 1123 4204 allirmans
1163 4150 1448 4204 Dominum
1483 4149 1816 4205 Salvatorcm

220 4249 458 4312 propter
503 4241 813 4296 ﬁrmitatem
873 4258 1024 4297 suam
1082 4241 1312 4310 lapidem
1342 4256 1372 4296 a
1400 4243 1677 4313 prophetis
1718 4243 1819 4297 vo-‘

220 4332 369 4397 Cari,
404 4340 460 4387 et
486 4332 628 4401 quod
655 4333 804 4387 addit
847 4352 859 4387 :
1186 4335 1188 4340 '
1750 4335 1753 4338 ·

305 4421 380 4474 Et
413 4423 579 4475 omnis
608 4423 698 4492 qui
725 4423 891 4477 credit
911 4425 968 4479 in
990 4435 1106 4480 eum
1132 4433 1235 4479 non
1261 4425 1631 4496 confundetur,
1662 4429 1820 4498 prop-

221 4519 318 4573 ter.
338 4511 445 4564 hoc
475 4511 627 4579 ponit
654 4513 796 4582 quod
826 4513 1072 4568 dixerat:
1107 4515 1178 4568 Et
1221 4521 1305 4570 iios
1343 4527 1591 4588 tanquam
1620 4517 1817 4588 lapides
1859 4551 1866 4572 ς

1914 3325 2154 3378 monium
2190 3325 2459 3393 quondam
2493 3325 2716 3394 antiquo
2741 3325 2951 3380 Domini
2983 3326 3181 3397 populo
3211 3343 3310 3397 per
3342 3327 3493 3398 Moy-

1915 3431 2008 3469 seu
2034 3417 2242 3483 datum,
2271 3417 2414 3486 quod
2447 3433 2591 3473 nunc
2629 3427 2772 3473 recte
2805 3419 3052 3487 gentibus
3087 3421 3181 3476 dat
3219 3421 3498 3492 apostolus

1912 3507 2126 3576 Petrus,
2169 3509 2295 3580 quia
2333 3509 2584 3566 videlicet
2609 3511 2662 3565 in
2692 3510 2964 3566 Christum
3000 3513 3366 3580 crediderunt,
3405 3516 3501 3583 qui

1917 3602 2059 3657 velut
2103 3602 2242 3673 lapis
2286 3604 2560 3675 angularis
2603 3605 2657 3658 in
2691 3621 2810 3659 eam
2852 3620 3012 3675 quam
3041 3606 3097 3660 in
3124 3621 3182 3660 se
3210 3606 3374 3661 Israel
3401 3607 3498 3660 ha-

1913 3695 2107 3750 buerat
2151 3695 2381 3751 salutem
2416 3705 2602 3768 gentes
2634 3697 2896 3763 adunivit,
2929 3715 3064 3770 quos
3086 3715 3247 3770 genus
3274 3699 3496 3753 electum

1915 3796 2074 3840 vocat
2113 3795 2333 3857 pr0pter
2377 3786 2561 3854 ﬁdem,
2603 3798 2664 3842 ut
2708 3789 3004 3860 distinguat
3029 3791 3098 3845 ab
3124 3791 3204 3856 eis
3239 3792 3332 3861 qui
3365 3791 3498 3861 lapi-

1918 3880 2035 3931 (lt‘ill
2065 3879 2244 3933 vivum
2284 3881 2624 3951 reprobando
2655 3881 2782 3938 facti
2813 3892 2939 3937 sunt
2973 3883 3075 3954 ipsi
3123 3884 3360 3954 reprobi.
3397 3883 3503 3937 Be-

1918 3970 2032 4041 gale
2047 3981 2226 4025 autem
2243 3971 2594 4026 sacerdotium
2616 3973 2707 4042 qui
2730 3973 2871 4027 illius
2893 3975 3105 4043 corpori
3118 3983 3248 4030 sunt
3261 3975 3396 4030 uniti
3409 3977 3504 4044 qui

1918 4078 2012 4116 rex
2045 4077 2286 4116 summus
2317 4069 2370 4116 et
2399 4063 2654 4118 sacerdos
2684 4073 2767 4117 est
2801 4079 2982 4130 verus,
3010 4081 3233 4135 regnum
3265 4067 3378 4122 suis
3405 4067 3502 4122 tri-

1917 4153 2087 4209 buens
2110 4161 2168 4206 ut
2193 4167 2312 4219 rex,
2355 4161 2410 4208 et
2439 4161 2497 4208 ut
2521 4154 2762 4224 pontifex
2791 4171 2976 4212 eorum
3005 4167 3228 4227 peccata
3259 4159 3342 4214 sui

1918 4244 2096 4317 guinis
2120 4244 2293 4300 hostia
2315 4246 2602 4312 mundatis,
2631 4246 2821 4318 Regale
2839 4250 3190 4306 sacerdotium
3210 4265 3306 4312 eos
3325 4251 3505 4307 nomi-

1919 4345 2033 4400 nat,
2064 4345 2201 4390 etut
2226 4349 2450 4409 regnum
2487 4353 2706 4408 sperare
2736 4348 3052 4410 perpetuum
3082 4349 3138 4395 et
3166 4341 3376 4402 hostias
3393 4343 3502 4396 im-

1921 4426 2203 4506 maculata:
2247 4429 2678 4484 conversationis
2709 4431 2818 4484 Deo
2845 4445 3061 4500 semper
3089 4430 3514 4496 ollerrememit

1887 4519 2116 4582 gnerint.
2161 4519 2299 4576 Gens
2338 4537 2551 4592 quoque
2580 4533 2761 4575 sancta
2790 4531 2844 4593 et
2883 4523 3110 4593 populus
3145 4526 3518 4593 acquisitionisz.

221 4603 331 4658 rivi
360 4603 878 4672 supermdiﬁcamini.
928 4603 1158 4660 Pulchre
1196 4616 1376 4661 autem
1415 4609 1690 4678 prophetae
1723 4610 1812 4666 hic
1838 4597 1892 4656 D
1916 4611 2361 4680 vocanturjuxta
2401 4613 2452 4666 id
2495 4614 2637 4682 quod
2679 4613 2956 4682 apostolus
2975 4613 3176 4674 Paulus
3203 4615 3516 4684 prophetia:

222 4692 586 4756 conveniunt,
609 4702 663 4746 et
682 4693 921 4762 Apostoli
949 4709 1130 4751 sermo
1155 4710 1262 4765 quo
1287 4693 1488 4752 dicitur
1512 4717 1524 4752 :
1554 4699 1814 4754 Acceden-

224 4793 312 4848 κε
329 4783 402 4836 ad
422 4782 650 4852 lapidem
671 4787 863 4852 viuum,
880 4787 966 4841 Vel
982 4789 1245 4843 credentes
1262 4790 1316 4843 in
1336 4807 1395 4844 eo
1416 4808 1520 4845 non
1537 4792 1810 4861 confundi,

224 4873 394 4944 illius.
426 4874 620 4952 psalmi
665 4877 1032 4932 versiculo'in
1078 4883 1188 4947 quo
1228 4891 1351 4934 eam
1399 4882 1601 4936 dictum
1648 4875 1832 4950 esset,

222 4963 496 5036 Apcediw.
521 4965 589 5018 ad
623 4967 1250 5035 .eum-et-illdmin‘amini,
1299 4973 1554 5027 continuo
1597 4973 1818 5042 subjun-

225 5063 397 5116 etum.
419 5064 537 5110 est:
565 5055 1484 5117 Etuultuslvest'ri'hon‘erubescent.
1512 5063 1608 5118 Cui
1640 5055 1836 5119 simile.

223 5147 497 5218 estquod
519 5147 768 5208 Joannes:
791 5151 867 5204 ait
892 5168 910 5203 :-
938 5150 1198 5217 Etinunc;
1214 5149 1386 5220 ﬁlioli,
1411 5165 1614 5208 nianete
1644 5155 1699 5208 in
1732 5155 1814 5222 eo,

224 5245 296 5312 ut
320 5251 442 5308 cum
465 5240 766 5307 apparuerit
784 5239 1077 5308 habeamus
1098 5242 1360 5309 ﬁduciam
1391 5249 1440 5298 et
1467 5261 1570 5298 non
1593 5245 1818 5314 confun-

226 5330 435 5405 dgmur
462 5329 526 5392 ab
552 5347 612 5384 eo
637 5332 692 5384 in
712 5332 945 5386 aduentu
962 5333 1092 5402 ejus.
1348 5359 1350 5362 μ
1461 5328 1464 5332 ‘
1567 5335 1570 5340 '

267 5473 298 5502 Vi
327 5417 480 5478 Vobis
506 5421 666 5491 igitur
687 5423 855 5478 honor
875 5426 1223 5480 credentibus.
1239 5426 1344 5481 .llle
1367 5429 1620 5484 nimirum
1645 5431 1818 5487 honor

225 5521 300 5565 ut
323 5525 434 5572 non
457 5512 858 5570 confundamini
881 5516 949 5571 ab
969 5530 1033 5570 eo
1055 5516 1107 5570 in
1129 5517 1360 5573 adventu
1386 5519 1522 5587 ejus.
1547 5521 1652 5578 Sed
1679 5525 1817 5580 sicut

227 5605 364 5676 ipse
403 5603 482 5658 ait
524 5621 536 5658 :
579 5602 638 5660 Si
667 5607 792 5674 quis
821 5607 969 5664 mihi
999 5608 1372 5663 ministraverit
1395 5651 1408 5677 ,
1450 5613 1815 5683 honori/icabit

227 5712 358 5770 eum
390 5694 551 5764 Pater
574 5713 742 5752 meus.
835 5725 838 5730 -
904 5741 908 5748 .
996 5733 998 5736 -
1109 5727 1164 5748 -.
1363 5721 1366 5724 ·

289 5785 444 5856 ,τίγριι
509 5789 836 5847 credentibus
889 5802 1084 5847 autern“
1118 5795 1248 5865 lapis
1301 5813 1450 5866 quem
1509 5802 1812 5868 reprobate-

605 5878 874 5942 Pnnon.
921 5883 1054 5944 CX.

1917 4717 2196 4780 exponens
2237 4703 2559 4780 sententiam
2598 4703 2827 4778 dicentis
2854 4719 2868 4757 :
2895 4702 3083 4768 Justus
3130 4714 3306 4760 autem
3357 4720 3522 4758 meus-

1918 4785 1981 4854 ἐκ
2005 4785 2109 4868 ﬁde
2123 4800 2258 4870 vivit.
2280 4797 2432 4863 Quod
2450 4799 2496 4852 si
2517 4799 2832 4854 subtraxerit
2854 4816 2909 4874 se
2933 4816 3035 4868 non
3055 4799 3276 4869 placebit
3299 4800 3498 4852 animo:

1919 4909 2068 4945 τηιηυ.
2106 4889 2452 4962 Νοθαιιιειη,
2493 4892 2687 4963 inquit,
2714 4891 3418 4960 nonsumitssubtractionis
3445 4891 3522 4946 in.

1920 4983 2282 5053 perditionem,
2307 4983 2395 5056 sed
2417 4983 2626 5052 ﬁdeiin
2651 4984 3052 5055 acquisitiouem
3089 4984 3298 5040 animai.
3327 4983 3405 5038 .Et
3443 4985 3500 5040 in

1920 5073 2143 5129 Actibus
2205 5059 2568 5148 apostolorum
2605 5092 2616 5127 :
2668 5073 2766 5128 Vos
2809 5073 3512 5148 Spiritus‘sanctuslposuit.

1921 5163 2185 5233 episcopos
2230 5147 2735 5236 regerelEcclesiam
2785 5163 3187 5240 Dominiquam
3227 5165 3520 5234 acquisivit.

1921 5256 2174 5325 sanguine
2196 5271 2312 5308 suo.
2335 5255 2570 5324 Populus
2603 5271 2728 5324 ergo
2759 5254 3128 5324 acquisitionis
3159 5253 3289 5310 facti
3305 5271 3499 5319 sumus

1921 5346 1976 5401 in
2007 5346 2266 5416 sanguine
2290 5346 2460 5400 nostri
2490 5346 2886 5416 Redemptoris,
2916 5346 3056 5415 quod
3081 5355 3202 5401 erat
3225 5349 3499 5416 quondam

1922 5436 2148 5506 populus
2170 5435 2354 5502 lsrael,
2378 5438 2684 5507 redemptus
2708 5438 2966 5508 sanguine
2994 5438 3117 5508 agni
3143 5438 3210 5493 de
3235 5438 3495 5511 Egypto.

1926 5523 2077 5604 Unde
2097 5529 2225 5584 etin
2251 5529 2491 5600 sequenti
2517 5543 2728 5597 quoque
2755 5529 3016 5586 versiculo
3049 5529 3274 5599 mystice
3302 5531 3500 5586 veteris

1921 5621 2237 5676 recordatur
2271 5620 2527 5686 lllSlOl‘lLB,
2561 5628 2614 5675 et
2641 5621 2742 5682 hac
2763 5634 2908 5690 Inovo
2939 5621 3032 5686 Dei
3052 5621 3248 5693 populo
3272 5622 3499 5691 ,spirita—
3566 5686 3568 5688 τ

1919 5711 2042 5766 liter
2064 5712 2220 5767 docet
2247 5712 2574 5784 implendum
2607 5711 2789 5766 dicens
2816 5731 2827 5764 ε
2936 5777 2937 5780 η
3109 5773 3112 5776 ἠ
3324 5761 3328 5766 .

1995 5801 2059 5857 Ut
2086 5806 2294 5858 virtutes
2324 5805 2642 5858 (iiuittntietis
2665 5805 2776 5875 ejus
2799 5806 2886 5876 qui
2906 5807 2969 5860 de
2997 5807 3217 5860 tenebris
3241 5821 3326 5860 vos
3350 5821 3499 5862 voca-

2987 5905 3024 5962 6
