3974 6364
566 464 663 519 171

1200 460 1257 517 Β.
1302 461 1552 516 RABANI
1593 459 1810 515 MAUlll
1848 458 2164 514 ARCIIlEP.
2208 452 2515 514 MOGUNT.
2558 454 2842 514 OI’ERUM
2879 456 3059 512 PARS
3096 456 3159 512 ll.
3692 458 3769 513 172

561 575 633 629 ait
660 574 715 627 in
745 571 1056 627 admirabile
1083 574 1258 626 lumen
1288 589 1459 629 suum.
1490 572 1643 627 Sicut
1672 571 1813 627 enim
1858 571 1911 626 Id
1933 571 2043 641 qui
2072 571 2139 625 de
2165 572 2214 634 Α
2242 585 2365 625 cum
2389 578 2715 640 quaererent,
2747 578 2840 625 aut
2894 586 3077 627 secum
3124 569 3369 625 dolerent
3424 564 3644 625 ablatum
3687 572 3769 629 Do-

559 662 817 735 Egyptia
846 662 1109 718 servitute
1144 662 1353 719 llberati
1397 671 1524 718 sunt
1548 678 1644 734 per
1668 658 1886 733 Moysen
1918 677 2136 717 carmen

560 753 889 823 triumphale
931 760 1054 823 post
1099 754 1385 808 transitum
1433 754 1597 808 maris
1633 751 1822 819 Rubri,
1853 752 2138 807 etdcmer-

558 862 681 904 eum
728 845 1028 902 Pharaonis
1071 846 1362 901 exercitum
1394 845 1619 900 Domino
1643 851 1947 910 cantarunt,
1983 844 2054 898 ita
2083 851 2139 899 et

561 956 662 997 nos
687 946 901 1011 oportet
932 949 1056 1011 post
1090 948 1405 1011 perceptum
1452 940 1505 994 in
1552 940 1820 1010 baptismo
1864 937 2137 993 remissio-

560 1047 683 1088 nem
713 1042 1057 1104 peccaton
1088 1031 1277 1103 dignas
1305 1031 1580 1087 beneﬂciis
1610 1031 1919 1087 ctelestibus
1948 1044 2139 1100 repen-

560 1116 693 1181 dere
727 1124 948 1195 gratias.
998 1121 1240 1192 Namque
1279 1120 1513 1194 Egyptii
1556 1138 1661 1178 non
1701 1122 1869 1178 solum
1898 1122 2023 1192 quia
2048 1136 2140 1191 po-

559 1213 742 1284 pulum
775 1213 869 1269 Dei
893 1212 1222 1285 al'lligebant,
1248 1228 1434 1268 verum
1461 1214 1623 1269 etiam
1652 1215 1776 1286 quia
1807 1213 2027 1268 tenebrw
2054 1212 2139 1268 vel

554 1305 920 1362 tribulatione:
961 1306 1386 1377 interpretantur
1429 1316 1549 1377 apte
1602 1307 1980 1377 persequentia
2041 1321 2139 1362 nos

556 1407 799 1470 peccata,
835 1400 929 1455 sed
960 1400 1013 1455 in
1049 1400 1374 1471 baptismate
1415 1399 1722 1471 signiﬁcant
1762 1399 1953 1455 deleta.
1984 1397 2140 1455 Libe-

554 1475 712 1546 ratio'
735 1490 951 1561 quoque
991 1490 1225 1546 ﬁliorum
1267 1490 1453 1557 Israel,
1482 1502 1536 1546 et
1561 1491 1628 1546 ad
1656 1492 1979 1562 promissam
2009 1490 2140 1544 olim

554 1580 788 1669 patriam
812 1581 1092 1651 perductio
1113 1582 1361 1653 congruit
1387 1582 1644 1653 mysterio
1668 1590 1867 1635 nostra:
1895 1580 2141 1650 redemp-

557 1666 721 1751 tionis
747 1682 848 1756 βρι-
875 1682 1037 1739 quam
1080 1670 1149 1726 ad
1190 1670 1365 1726 lucem
1410 1686 1657 1742 superum
1694 1671 1994 1726 mansionis
2019 1671 2140 1724 illu-
2190 1666 2191 1669 “

552 1768 761 1817 strante
790 1768 891 1817 nos
918 1776 983 1816 ac
1010 1761 1243 1817 ducente
1275 1762 1480 1818 Christi
1504 1763 1677 1833 gratia
1706 1762 2007 1827 tendimus;
2039 1775 2137 1815 cu-

532 1852 638 1922 .jus
666 1851 842 1908 lucem
891 1854 1081 1924 gratiae
1126 1856 1290 1909 etiam
1322 1854 1413 1908 illa
1446 1856 1618 1909 nubes
1638 1863 1692 1909 et
1719 1854 1858 1924 ignis
1886 1853 2135 1908 columna

552 1947 1006 2014 praemonstravit,
1034 1961 1153 2016 quae
1173 1962 1266 2002 eos
1289 1947 1342 2001 in
1368 1955 1482 2002 toto
1509 1948 1702 2002 itinere
1732 1947 1821 2003 illo
1846 1962 1875 2001 a
1905 1947 2139 2002 tenebris
2166 1938 2215 1999 B

554 2036 796 2093 defendit
834 2040 1071 2093 noctium
1115 2048 1170 2095 et
1198 2040 1267 2094 ad
1308 2041 1606 2110 promissas
1647 2039 1835 2109 patria:
1884 2040 2039 2094 sedes
2084 2039 2142 2094 in

552 2130 847 2187 venerabili
872 2131 1008 2187 calle
1037 2133 1312 2201 perduxit.

625 2224 730 2290 Qui
755 2224 1040 2296 aliquando
1085 2242 1187 2281 non
1226 2226 1468 2297 populus,
1516 2241 1654 2279 nunc
1698 2233 1874 2279 autem
1915 2224 2141 2297 populus

560 2314 653 2369 Dei
675 2315 767 2386 qui
791 2331 893 2370 non
917 2317 1179 2371 consecuti
1208 2318 1644 2383 misericordiam,
1675 2333 1813 2371 nunc
1836 2325 2009 2370 autem
2037 2317 2141 2369 mi-

555 2405 896 2460 sericordiam
918 2408 1200 2461 consecuti.
1229 2406 1435 2461 Iudicat
1456 2415 1638 2476 aperte
1663 2422 1759 2476 per
1778 2407 1875 2462 hos
1899 2408 2142 2462 versicu-

554 2496 655 2564 los,
702 2499 847 2569 quod
891 2498 978 2553 his
1026 2500 1116 2567 qui
1164 2498 1229 2553 de
1280 2500 1529 2571 gentibus
1571 2500 1637 2554 ad
1680 2501 1839 2554 iidem
1885 2507 2145 2555 venerant

554 2589 697 2643 hanc
737 2589 955 2659 scripsit
1010 2589 1333 2660 epistolam;
1383 2592 1473 2661 qui
1527 2593 1797 2661 quondam
1840 2594 2058 2647 alienati
2112 2610 2143 2647 a

558 2681 968 2737 conversatione
1016 2682 1195 2753 populi
1247 2683 1364 2747 Dei,
1413 2691 1540 2737 tunc
1596 2700 1693 2754 per
1738 2686 1967 2756 gratiam
2018 2685 2145 2740 ﬁdei

554 2772 749 2843 populo
771 2781 897 2828 sunt
918 2771 1034 2842 ejus
1054 2774 1212 2839 uniti,
1226 2775 1722 2830 etmiscricordiam
1742 2792 1901 2846 quam
1926 2792 2145 2848 sperare

559 2878 667 2917 non
705 2871 970 2919 noverant
1012 2864 1213 2935 adepti.
1262 2862 1503 2919 Assumit
1547 2875 1727 2920 autem
1770 2881 1864 2921 eos
1908 2867 1971 2921 de
2017 2881 2144 2937 pro-

553 2953 718 3023 pheta
744 2952 899 3009 Oscae
920 2953 1012 3024 qui
1040 2953 1106 3008 de
1131 2955 1414 3010 vocatione
1444 2956 1683 3026 gentium
1713 2957 2013 3027 praecinens
2036 2957 2139 3011 ait:

564 3043 793 3112 Vocubo,
843 3047 1040 3116 inquit,
1079 3064 1185 3101 non
1220 3046 1418 3117 plebem
1460 3062 1663 3115 meum,
1714 3048 1912 3120 plebem
1949 3066 2140 3115 meam,

553 3145 602 3191 et
661 3152 765 3191 non
828 3138 1245 3192 misericordiam
1298 3148 1668 3204 consecutam,
1724 3139 2143 3193 misericordiam

552 3236 904 3282 consecutam.
940 3226 1007 3281 Et
1041 3218 1139 3282 erit
1167 3228 1222 3280 in
1253 3227 1366 3281 loco
1402 3229 1490 3281 ubi
1523 3230 1723 3282 dictum
1760 3237 1834 3283 est
1877 3230 1991 3283 eis:
2020 3227 2145 3282 Non

553 3317 697 3388 plebs
725 3332 840 3372 mea
867 3335 988 3383 eos;
1038 3318 1111 3371 ibi
1156 3319 1479 3372 vocabuntur
1506 3319 1605 3388 ﬁlii
1635 3320 1730 3374 Dei
1756 3321 1873 3374 vivi.
1899 3318 2136 3388 Etjnxta

556 3409 857 3466 Psalmista
908 3410 1235 3465 sententiam
1262 3428 1275 3464 :
1307 3409 1498 3464 Omnes
1533 3422 1705 3480 gentes
1734 3412 1982 3481 plaudent
2026 3428 2138 3465 ma-

555 3500 707 3571 nibus
735 3511 783 3556 et
808 3500 1044 3572 jubilant
1076 3502 1129 3554 in
1160 3517 1278 3555 voce
1305 3500 1689 3555 exsultationis.
1724 3502 1789 3556 Et
1811 3504 1939 3558 item
1966 3521 1979 3556 :
2010 3502 2138 3557 0m-

554 3608 644 3648 nes
678 3600 873 3662 gentes,
904 3592 1104 3661 inquit,
1134 3594 1357 3657 venient,
1386 3603 1433 3647 et
1461 3594 1755 3646 adorabunt
1785 3606 1961 3648 coram
1988 3604 2056 3659 te,
2090 3602 2139 3649 et

553 3682 974 3752 honoriﬁcubunt
1023 3700 1210 3738 nomen
1249 3694 1398 3738 tuum
1434 3686 1489 3738 in
1542 3695 1812 3751 teternum,
1862 3689 1987 3757 quia
2026 3702 2140 3741 ma-

553 3790 686 3843 gnus
705 3783 780 3828 est
797 3775 1051 3829 Dominus
1074 3774 1214 3829 Deus
1237 3785 1411 3830 noster
1434 3786 1481 3830 et
1503 3777 1879 3846 magnitudinis
1900 3780 2013 3848 ejus
2036 3796 2140 3833 non

554 3874 631 3918 est
656 3864 814 3934 ﬁnis;
860 3866 952 3935 qui
980 3864 1113 3919 vivit
1163 3874 1219 3920 et
1272 3874 1461 3937 regnat
1501 3867 1555 3921 in
1598 3866 1861 3922 Trinitate
1909 3877 1962 3923 et
2015 3870 2137 3924 uni—

554 3964 665 4010 tate
714 3955 953 4026 perlecta
999 3955 1144 4014 Deus
1188 3972 1287 4027 per
1323 3958 1505 4012 omnia
1547 3958 1745 4015 saecula
1794 3961 2134 4017 saeculorum.

551 4046 748 4105 Amen.

1112 4140 1390 4198 HOMlLlA
1429 4141 1566 4198 XVI.

1090 4250 1143 4289 IN
1177 4250 1355 4289 EODEM
1395 4250 1583 4290 πετο.

672 4323 859 4381 Lectio
893 4325 1071 4381 uncti
1100 4326 1376 4397 Evangelii
1405 4326 1704 4382 secundum
1732 4326 2020 4383 Joannem.

626 4416 695 4470 In
714 4415 809 4470 illo
833 4426 1081 4488 tempore,
1114 4434 1218 4471 una
1245 4418 1450 4472 sabbati
1491 4418 1665 4472 Maria
1712 4417 2023 4489 Magdalene
2055 4435 2141 4472 ve-

555 4507 631 4560 nit
662 4522 836 4573 mane,
877 4524 1001 4561 cum
1027 4507 1200 4561 adhuc
1241 4508 1463 4563 tenebrce
1506 4518 1693 4574 essent,
1730 4509 1798 4562 ad
1836 4525 2142 4563 monumen-

554 4606 665 4651 tum
685 4604 735 4651 et
767 4598 893 4652 uidit
920 4597 1148 4668 lapidem
1176 4598 1439 4654 sublatum
1467 4616 1498 4652 a
1522 4610 1877 4667 monumento,
1908 4608 2014 4655 etc.

624 4688 776 4747 Sicut
813 4692 869 4747 in
908 4692 1179 4763 principio
1217 4694 1411 4748 mulier
1449 4704 1638 4748 auctor
1667 4695 1836 4763 culpa:
1859 4696 1979 4751 viro
2016 4695 2137 4765 fuit,

552 4784 635 4838 vir
670 4794 958 4841 exsecutor
997 4787 1223 4851 erroris,
1268 4786 1342 4840 ita
1392 4802 1534 4840 nunc
1576 4800 1696 4856 qua:
1730 4787 1880 4857 prius
1909 4799 2137 4843 mortem

552 4884 864 4944 gustaverat
892 4880 1346 4932 resurrectionem
1384 4879 1532 4947 prior
1563 4880 1731 4944 vidit,
1772 4891 1827 4935 et
1855 4896 1919 4936 ne
1948 4896 2139 4953 perpe-

553 4964 631 5018 tui
680 4974 865 5022 reatus
910 4967 1053 5036 apud
1098 4967 1245 5021 viros
1284 4968 1633 5037 opprobrium
1687 4973 1978 5027 sustineret
2018 4989 2138 5044 quae

551 5054 765 5126 culpam
791 5058 910 5112 viro
934 5055 1320 5124 transfuderat,
1344 5060 1639 5115 transludit
1656 5071 1712 5117 et
1739 5065 1987 5135 gratiam.
2018 5063 2137 5120 Una

559 5145 763 5211 sabbati
806 5148 957 5213 dicit,
1003 5162 1167 5218 quam
1200 5147 1313 5217 jam
1344 5150 1486 5205 diem
1529 5151 1868 5208 Dominicum
1913 5165 2139 5225 propter

549 5237 765 5294 mmini
819 5243 1280 5325 resurrectionem
1326 5259 1445 5300 mos
1488 5244 1814 5304 Christianis
1860 5251 2133 5321 appellat;

548 5346 709 5400 quem
752 5332 1038 5393 Matthaeus
1080 5336 1231 5396 solus
1260 5338 1317 5394 in
1344 5340 1691 5412 evangelistis
1729 5344 1962 5415 primam
2006 5345 2132 5401 sab-

548 5423 661 5478 bati
690 5427 1006 5484 nominavit.

616 5512 863 5573 Cucurrit
898 5534 1043 5590 ergo,
1067 5526 1276 5578 etvenit
1314 5525 1385 5579 ad
1421 5524 1686 5581 Simonem
1734 5526 1953 5582 Petrum
1981 5538 2031 5585 et
2060 5531 2130 5585 ad

546 5604 711 5659 alium
732 5608 1044 5679 discﬁmlum
1071 5630 1224 5684 quem
1244 5616 1452 5670 amabat
1476 5617 1653 5683 Jesus,
1679 5629 1725 5672 et
1753 5620 1877 5673 dicit
1894 5621 2000 5674 eis:
2022 5620 2129 5675 Tu-

546 5692 718 5749 lertutt
749 5697 1037 5755 Dominum
1062 5704 1128 5758 de
1153 5717 1511 5775 monumento,
1546 5718 1592 5762 et
1630 5712 1801 5764 nescio
1834 5710 1922 5763 ubi
1944 5728 2133 5783 posue-

545 5796 667 5843 runt
688 5806 827 5868 eum.
867 5792 1067 5851 Amore
1094 5796 1263 5853 nimio
1290 5801 1506 5853 turbata
1539 5800 1666 5853 dum
1693 5818 1854 5870 quem
1887 5802 2133 5871 quaesivit

546 5894 657 5937 non
677 5883 915 5943 invenit:
957 5889 1200 5946 cucurrit
1235 5890 1514 5961 discipulis
1556 5893 1808 5948 nuntiare
1840 5901 1896 5947 ut
1927 5902 2021 5948 aut
2048 5910 2134 5948 se-

2166 4654 2223 4715 D

2244 665 2483 731 minam,
2552 680 2710 734 quem
2772 665 3056 723 Dominum
3116 663 3399 720 nominare
3452 680 3553 718 non
3609 667 3768 721 metuit

2242 758 2367 813 dum
2427 774 2622 829 corpus
2672 757 2814 815 illius
2868 757 3243 815 tantummodo
3308 766 3572 829 quaereret
3619 757 3665 813 in
3703 775 3773 815 se-

2241 850 2443 922 pulcro.

2313 944 2458 999 Exiit
2503 961 2624 1015 ergo
2671 940 2857 999 Petrus
2887 953 2933 998 et
2983 941 3071 997 ille
3097 940 3232 996 alius
3263 938 3773 1012 discipulus,etrene-

2240 1048 2361 1091 runt
2390 1035 2458 1089 ad
2481 1044 2887 1091 monumentum.
2927 1033 3213 1091 Currebam
3236 1043 3409 1087 autem
3438 1030 3539 1085 duo
3562 1031 3716 1096 simul,
3737 1041 3774 1085 et

2239 1127 2327 1182 ille
2343 1110 2478 1181 alius
2493 1124 2777 1203 discipulus
2787 1125 3130 1196 pra'cururrit
3146 1124 3297 1178 citius
3313 1116 3490 1188 Petro,
3505 1132 3548 1175 et
3566 1122 3679 1175 venit
3697 1122 3776 1191 pri-

2241 1237 2356 1273 mus
2385 1212 2574 1293 [prius]
2600 1217 2667 1272 ad
2696 1225 3103 1271 monumentum.
3133 1212 3475 1295 Advertcnda
3496 1211 3580 1266 hic
3596 1219 3647 1265 et
3665 1226 3774 1265 cont-

2243 1306 2542 1369 mendanda
2586 1307 2958 1380 recapitulatio
3002 1306 3271 1378 quomodo
3301 1304 3531 1359 reditum
3557 1310 3633 1357 est
3655 1303 3711 1357 ad
3734 1302 3774 1357 id

2244 1402 2385 1473 quod
2416 1401 2592 1457 fuerat
2620 1400 3065 1472 prmtcrmissum,
3113 1405 3167 1452 et
3211 1405 3466 1467 tanquam
3501 1395 3598 1449 hoc
3622 1408 3775 1463 seque-

2244 1504 2395 1550 retur
2421 1491 2731 1565 adjunctum
2774 1480 2876 1547 est.
2920 1489 3053 1545 Cum
3080 1489 3228 1545 enim
3250 1486 3367 1556 jam
3397 1486 3611 1541 dixisset
3643 1481 3774 1539 Vene-

2244 1594 2366 1639 runt
2387 1584 2456 1638 ad
2485 1594 2895 1649 monumentum,
2924 1596 3205 1652 regressus
3224 1587 3308 1637 est
3336 1587 3395 1632 ut
3422 1585 3651 1633 narraret
3674 1590 3776 1645 quo-

2243 1674 2405 1731 modo
2451 1683 2733 1741 venerunt,
2783 1683 2943 1744 atque
2980 1672 3055 1726 ait
3083 1689 3096 1726 :
3126 1669 3484 1728 Accurrebanl
3513 1678 3669 1725 autem
3697 1666 3775 1721 duo

2241 1766 2418 1835 simul,
2460 1778 2563 1822 etc.
2600 1767 2701 1823 Ubi
2733 1764 2967 1820 ostendit
3005 1763 3147 1832 quod
3182 1774 3519 1832 praecurrens
3544 1757 3605 1813 ad
3627 1773 3774 1812 monu-

2243 1872 2483 1918 mentum
2533 1861 2681 1931 prior
2731 1858 2939 1913 venerit
2988 1856 3077 1911 ille
3120 1854 3257 1909 alius
3305 1850 3611 1927 discipulus,
3652 1863 3775 1920 quem

2244 1955 2478 2025 seipsum
2524 1950 2813 2021 signiﬁcat,
2861 1948 2954 2004 sed
2999 1954 3259 2017 tanquam
3299 1945 3366 2000 de
3395 1942 3501 1998 alio
3525 1956 3660 1999 more
3682 1956 3775 1994 sau-

2244 2054 2343 2101 ctae
2374 2044 2666 2119 Scriptura:
2693 2049 2891 2097 cuncta
2931 2048 3136 2095 narrat.

2313 2137 2383 2192 Et
2413 2155 2531 2193 cum
2554 2154 2607 2191 se
2636 2134 2958 2202 inclinasset,
2996 2134 3120 2189 cidit
3157 2118 3467 2188 linteamina
3497 2130 3667 2202 posita,
3700 2144 3775 2179 non

2245 2239 2415 2283 tamen
2438 2227 2686 2282 introivit.
2714 2225 2867 2294 Quod
2896 2241 3024 2279 vero
3054 2223 3218 2276 Maria
3250 2221 3559 2293 Magdalene
3586 2217 3710 2273 venit
3726 2215 3772 2268 ad

2244 2329 2651 2377 monumentum
2696 2334 2820 2373 cum
2861 2317 3040 2375 adhuc
3072 2314 3311 2371 tenebrat:
3344 2319 3540 2376 essent,
3562 2308 3692 2379 juxta
3719 2306 3775 2358 hi-

2245 2417 2468 2472 storiam
2500 2423 2720 2469 notatur
2747 2414 2902 2479 hora,
2934 2413 3091 2483 juxta
3120 2410 3456 2469 intellectum
3484 2422 3602 2461 vero
3630 2402 3775 2474 utysli-

2245 2525 2367 2565 cum
2416 2508 2742 2577 requirentis
2787 2509 3035 2577 signatur
3082 2502 3456 2574 intelligentia.
3489 2497 3639 2553 Maria
3659 2494 3771 2550 enim

2246 2609 2518 2655 auctorem
2576 2597 2817 2653 ontnium
2871 2610 3034 2667 quem
3087 2608 3250 2649 carne
3304 2591 3511 2646 viderat
3554 2582 3775 2645 mortuum

2246 2691 2517 2765 quaerebat
2551 2690 2603 2743 in
2634 2684 3001 2753 monumento,
3043 2694 3097 2741 et
3127 2686 3250 2755 quia
3300 2685 3445 2741 hunc
3486 2681 3681 2737 minime
3716 2677 3775 2731 in-

2245 2783 2413 2849 venit,
2450 2780 2689 2836 furatum
2721 2779 2967 2835 credidit.
2998 2777 3190 2837 Adhuc
3215 2791 3351 2847 ergo
3382 2784 3531 2833 erant
3568 2770 3772 2832 teut-bra,

2245 2889 2366 2927 cum
2405 2873 2552 2928 venit
2582 2862 2648 2927 ad
2678 2877 3105 2927 monumentum.
3138 2867 3395 2925 Cucurrit
3435 2866 3605 2929 citius,
3648 2859 3773 2917 disci-

2244 2964 2385 3036 pulis
2408 2964 2706 3030 nuntiavit;
2738 2945 2936 3021 sed'illi
2970 2979 3080 3034 prm
3104 2962 3321 3019 catteris
3354 2964 3681 3019 cucurrerunt
3706 2952 3773 3024 qui

2246 3071 2356 3131 prze
2385 3056 2597 3113 caeteris
2624 3062 2966 3118 amaverunt,
2997 3051 3247 3107 videlicet
3275 3048 3472 3107 Petrus
3494 3057 3545 3105 et
3567 3045 3772 3103 Joannes.

2247 3148 2549 3205 Currebant
2568 3157 2747 3202 autem
2768 3147 2856 3203 diu
2898 3145 3075 3213 simul,
3103 3144 3195 3205 sed
3209 3142 3448 3209 Joannes
3483 3136 3777 3225 precucurrit

2247 3240 2408 3296 citius
2434 3240 2616 3307 Petro,
2655 3238 2803 3294 venit
2830 3237 2980 3311 prior
3014 3238 3084 3299 .ad
3116 3246 3525 3299 monumentum
3546 3241 3595 3291 et
3612 3226 3773 3303 ingredi

2248 3353 2354 3391 non
2382 3336 2747 3407 praesumpsit.

2320 3427 2471 3483 Venit
2496 3445 2617 3501 ergo
2651 3426 2835 3487 Simon
2871 3425 3064 3485 Petrus
3099 3438 3322 3498 sequens
3350 3443 3488 3505 eum,
3518 3433 3562 3479 et
3594 3415 3775 3505 introivit

2242 3520 2295 3572 in
2324 3529 2735 3577 monumentum.
2766 3519 2872 3577 Iste
2901 3533 3029 3575 vero
3054 3533 3245 3579 cursus
3271 3503 3503 3579 duarum
3533 3503 3771 3579 discipulo“

2243 3625 2360 3663 rum
2393 3624 2645 3677 magnum
2670 3608 2830 3665 habet
2855 3609 3189 3680 mysterium.
3217 3608 3361 3676 Quid
3388 3607 3527 3663 enim
3555 3616 3638 3674 per
3656 3596 3777 3655 Joan-

2243 3716 2364 3754 nem
2378 3701 2469 3770 qui
2486 3700 2636 3769 prior
2647 3701 2793 3755 venit
2806 3700 2873 3756 ad
2886 3708 3297 3756 monumentum
3315 3708 3484 3759 etnon
3498 3684 3777 3752 intravithisi

2245 3791 2529 3864 Synagoga
2557 3792 2927 3863 signiﬁcatur?
2953 3793 3091 3861 Quid
3118 3808 3217 3864 per
3236 3793 3483 3856 Petrum,
3514 3787 3607 3844 nisi
3640 3779 3778 3841 Eccl?

2244 3883 2323 3938 sia
2353 3899 2419 3938 ex
2440 3884 2688 3956 gentibus
2718 3893 3057 3956 congregata
3095 3884 3519 3947 demonstratur,
3571 3891 3673 3948 QUID
3707 3884 3775 3941 Po‘

2244 3976 2441 4029 stcrius
2493 3982 2706 4041 vocata,
2754 3976 2903 4049 prior
2968 3976 3222 4031 intravit?
3272 3974 3628 4030 Cucurrcrunt
3668 3962 3776 4018 cuitu

2243 4065 2446 4135 pariter
2477 4063 2762 4119 Gcntilitas
2796 4073 2849 4119 et
2888 4065 3173 4137 Synagoga
3208 4080 3308 4137 per
3335 4063 3490 4133 hujus
3509 4056 3666 4117 sazculi
3690 4068 3778 4107 suc

2245 4157 2536 4219 cessioncs,
2570 4158 2663 4211 scd
2688 4172 2791 4219 non
2816 4158 2932 4229 pari
2964 4157 3317 4227 intelligentia
3344 4154 3630 4213 veniebant-
3659 4141 3774 4201 Υωιίί

2248 4247 2531 4321 Synagoga
2572 4250 2721 4321 prior
2757 4250 2823 4307 ad
2862 4260 3304 4315 monumentum,
3352 4248 3445 4304 sed
3488 4242 3684 4303 minime
3713 4236 3772 4288 in‘

2246 4341 2431 4403 travit,
2464 4340 2590 4408 quia
2631 4341 2765 4410 legis
2808 4342 3055 4410 quaedam
3105 4342 3350 4411 percepit
3395 4336 3651 4399 mandata.
3682 4341 3773 4398 Pm'

2246 4432 2441 4502 phetas
2482 4433 2871 4488 incarnationis
2894 4450 2956 4488 ac
2980 4434 3249 4503 passionis
3282 4432 3569 4493 Dominica:
3597 4418 3772 4480 audivit.

2249 4522 2343 4576 sed
2370 4522 2593 4577 credere
2623 4522 2676 4577 in
2709 4532 2980 4581 mortuum
3002 4524 3191 4579 noluit.

2331 4610 2468 4665 Vidit
2515 4611 2750 4668 Joannes
2796 4614 2965 4685 posita
3011 4614 3351 4682 linteamina,
3394 4630 3496 4669 non
3537 4619 3687 4664 tamen
3716 4600 3775 4652 itt-

2252 4706 2448 4771 troivit,
2493 4705 2621 4775 quia
2650 4706 2903 4762 videlicet
2943 4708 3230 4780 Synagoga
3260 4717 3315 4762 et
3346 4706 3625 4773 Scriptura:
3645 4702 3774 4780 saeue

2250 4807 2588 4852 sacramenta
2633 4800 2904 4868 cognovit,
2938 4779 2994 4853 et
3037 4809 3216 4853 tamen
3263 4799 3333 4855 ad
3376 4798 3526 4852 (idem
3556 4779 3773 4861 υπεὲουίε

2249 4890 2543 4945 Domitiith
2582 4892 2875 4957 credendo,
2901 4892 3104 4951 intrare
3150 4890 3385 4955 distulit;
3412 4900 3565 4958 quem
3591 4880 3666 4935 diu

2249 4998 2419 5054 εθίιυθ
2448 4986 2808 5055 prophetarit,
2839 4995 3163 5055 prmsentetn
3196 4984 3329 5040 vidit
3346 4991 3403 5039 et
3427 4976 3610 5038 renuit.
3642 4970 3773 5025 hom!-

2250 5088 2372 5127 uem
2402 5090 2521 5130 esse
2559 5076 2827 5145 despexit,
2864 5075 3035 5133 Deum
3082 5091 3249 5133 carne
3294 5069 3568 5130 mortalem
3611 5058 3771 5115 [θάνω

2249 5166 2469 5221 credere
2512 5166 2702 5227 noluit.
2758 5167 2899 5237 Quid
2946 5184 3076 5239 ergo
3112 5179 3217 5235 est,
3265 5168 3367 5223 nisi
3409 5165 3529 5236 quia
3571 5150 3768 5217 ειάιίυί

2248 5258 2508 5324 cucurrit,
2552 5267 2606 5313 et
2652 5267 2833 5319 tamen
2874 5261 2943 5317 ad
2984 5269 3395 5319 monumentum
3436 5269 3592 5312 vam
3630 5241 3766 5303 stetit.

2262 5348 2406 5403 Venit
2451 5359 2625 5404 autem
2669 5350 2854 5406 Simon
2908 5349 3101 5408 Petrus
3153 5353 3463 5423 subqu
3509 5358 3615 5401 ⁸³⁸³⁸
3644 5333 3767 5423 αξ*

2246 5442 2421 5494 traicit
2462 5441 2517 5495 in
2558 5452 2974 5509 monumentum,
3013 5444 3142 5512 quia
3412 5434 3654 5510 posterior
3691 5421 3764 5476 EC‘

2246 5530 2408 5585 clcsia
2466 5532 2705 5602 gentium
2766 5533 3118 5591 mediatorcm
3166 5534 3261 5588 Dei
3302 5541 3358 5587 et
3396 5527 3649 5587 hominum
3685 5514 3762 5568 δυ’

2240 5622 2440 5676 minem
2472 5621 2655 5678 Iesum
2692 5623 2991 5689 Christum,
3043 5633 3100 5683 et
3139 5623 3392 5693 cognovit
3438 5628 3607 5676 carne.
3648 5614 3761 5661 m9"

2240 5722 2390 5767 tuum
2410 5721 2466 5767 et
2486 5715 2756 5769 viventem
2784 5714 3014 5769 credidit
3036 5712 3530 5783 Deum..Sequitur:

2313 5801 2380 5856 Et
2406 5803 2531 5857 uidit
2562 5802 2868 5859 linteamina
2904 5805 3096 5875 posita,
3127 5814 3175 5859 et
3204 5781 3489 5862 sudarium,
3525 5787 3645 5863 φιοδ
3671 5781 3759 5850 [⁸⁸⁸

2242 5906 2322 5949 rat
2352 5912 2506 5966 super
2533 5908 2687 5967 caput
2719 5896 2849 5951 Iesu
2876 5913 2978 5953 non
3008 5914 3126 5952 cum
3156 5891 3533 5953 linteaminibus
3554 5880 3753 5956 11065th
