3974 6364
504 428 612 507 17,5

1137 421 1200 477 Β.
1240 370 1495 478 MBAN]
1534 416 1755 479 MAURI
1787 411 2104 471 ARClllEP.
2147 410 2454 470 MOGUNT.
2496 409 2784 469 OPERUM
2820 407 3003 465 PARS
3033 406 3098 463 Il.

506 480 601 507 ππ
1670 480 1913 509 λ,..,
2020 486 2069 503 ,,
2398 498 2563 507 ,η
3656 496 3703 505 --

506 544 633 619 ejus
650 540 801 619 sicut
827 535 1317 619 guttatlsanguinis
1359 534 1698 619 decurrentis
1744 510 1817 617 in
1854 492 2161 621 immiti};
2186 544 2313 594 nos;
2360 502 2453 599 qui
2498 510 2726 621 redimet
2776 524 2988 580 animas
3020 526 3637 621 servorum-suorumet
3666 502 3781 573 utin

3672 401 3781 455 i76

760 606 945 699 carnis
977 606 1265 698 assumptae
1309 610 1677 681 testimonium
1707 608 1818 679 dat.
1858 616 1971 677 Nec
2006 606 2127 703 rei—1
2183 608 2738 703 derelinquet’omnes
2779 614 3154 686 sperantes'in
3198 628 3261 667 se
3304 609 3481 668 Jesus
3505 610 3778 676 Christum,

497 696 821 797 'jici'e’ndum'
850 712 995 793 quod
1046 719 1103 773 in
1147 696 1251 773 hoc
1300 731 1515 788 quoque
1565 714 1787 787 sanguis
1838 720 1894 769 et
1943 696 2083 783 aqua
2183 711 2661 767 Dominus'noster
2682 696 2779 779 ‘qbi
2810 716 2943 763 cum
2972 706 3218 761 Patre'et
3242 703 3666 774 Spiritusaneto
3697 703 3783 763 vi.

506 816 877 897 testimonium
911 811 987 868 illi
1030 796 1295 867 dederunt
1338 806 1554 880 quando
1604 807 1671 863 de
1716 806 1888 861 latere
1933 814 2080 901 mon;
2180 802 2261 857 vit
2287 808 2344 858 et
2368 809 2579 895 regnat,
2614 814 2713 873 per
2732 798 2920 856 omnia
2943 798 3140 855 secula
3186 797 3535 891 mulorum.
3569 796 3779 853 :Amal.

486 886 581 963 ~tui
603 886 865 979 vivaciter
889 900 1237 966 emuxerutit,
1286 899 1429 973 quod
1464 907 1584 979 erat
1610 907 1798 955 contra
1820 888 2083 979 naturam

503 976 777 1069 corporis;
825 980 988 1075 atque
1023 992 1090 1049 ob
1117 993 1170 1047 id
1200 990 1476 1065 mysteriis
1518 974 1703 1061 aptum
1745 974 2085 1065 et‘testimo-
2186 998 2189 1003 '
2251 1004 2255 1012 '

501 1093 593 1146 nio
650 1074 1049 1144 veritatisiuit
1097 1074 1429 1154 congruum,
1482 1080 1732 1137 videlicet
1781 1074 2085 1161 insinuatur

488 1185 627 1265 quia
655 1165 910 1257 et'ipsum
950 1164 1163 1234 Domini
1213 1190 1408 1245 corpus
1452 1173 1644 1229 melius
1682 1180 1803 1243 post
1851 1180 2083 1226 mortem

499 1260 646 1332 esset
680 1273 951 1345 victurum
984 1267 1367 1324 resuscitatum
1399 1260 1452 1319 in
1477 1260 1675 1338 gloria,"
1710 1273 1765 1317 et
1791 1264 1905 1333 ipsa
1936 1274 2083 1345 mors

494 1365 642 1441 illius
664 1356 821 1419 nobis
839 1342 1009 1416 vitam
1034 1359 1279 1415 donaret.
1326 1352 1439 1411 Hoc
1478 1336 1693 1425 quoque
1736 1354 1878 1423 quod
1918 1336 2083 1407 sudor

497 1456 616 1527 ejus
663 1454 834 1508 instar
879 1459 1155 1522 guttarum
1206 1445 1495 1518 sanguinis‘
1532 1442 1855 1499 decurrebat
1884 1442 1938 1495 in
1975 1446 2083 1496 ter—

499 1563 614 1602 ram
664 1542 1031 1601 testimonium
1074 1536 1390 1612 perhibebat
1443 1536 1521 1592 illi
1567 1542 1915 1591 sacrosancto
1966 1546 2082 1603 my-

496 1639 683 1705 sterio,
733 1637 878 1708 quod
920 1633 1221 1690 Ecclesiam
1264 1640 1438 1688 totum
1464 1645 1563 1701 per
1593 1630 1781 1686 orbem
1822 1641 1921 1682 suo
1950 1640 2079 1682 san-

494 1730 655 1799 guine
684 1728 910 1783 lavaret.

566 1819 635 1874 Et
676 1830 778 1874 tres
816 1834 980 1872 unum
1017 1825 1159 1872 sunt.
1206 1813 1488 1869 Individua
1524 1827 1758 1882 namque
1799 1811 1913 1865 haec
1958 1824 2075 1863 ma-

2552 908 2555 913 i
2612 904 2653 975 ’ί
2715 910 2996 973 HOMILIA
3048 910 3238 971 XVIII.

2450 996 2454 1007 ‘
2528 992 2559 1011 “
2723 1005 2779 1043 ιη
2815 1000 2993 1042 nonem
3042 992 3268 1044 rastrog"
3321 1008 3325 1025 ι
3420 1004 3436 1013 ί
3495 996 3555 1023 ιη
3627 990 3751 1027 ,μω

2287 1070 2489 1139 Lectio‘
2521 1066 2693 1138 saucii
2736 1076 3012 1153 Evangelii
3046 1076 3340 1136 secundum
3368 1070 3673 1138 *Joannem.

2254 1175 2321 1231 In
2358 1174 2449 1230 illo
2486 1162 2715 1245 tempore
2742 1215 2757 1240 ,
2794 1188 2910 1227 cum
2946 1160 3350 1228 esset’sero’die
3383 1174 3623 1228 incana
3659 1174 3783 1229 sabi—

2184 1268 2457 1333 bator’um,
2498 1274 2544 1321 et
2580 1266 2719 1337 fores
2755 1274 2921 1320 essent
2963 1263 3157 1319 clausw
3198 1260 3287 1318 ubi
3316 1276 3489 1319 'erattt‘
3535 1266 3783 1338 discipuli

2183 1359 2479 1430 congregati
2516 1367 2733 1428 propter
2761 1364 2958 1410 metunt
2993 1355 3326 1421 Judworum,
3368 1355 3501 1413 venit
3534 1354 3705 1411 Iesus
3731 1367 3781 1409 et

2183 1450 2322 1505 stetit
2359 1450 2414 1502 in
2444 1448 2621 1503 medio
2655 1438 2862 1512 eorum,
2901 1456 3008 1502 etc.

2178 1554 2185 1559 '
2252 1538 2393 1607 Quid
2429 1539 2629 1594 mirum
2664 1538 2711 1594 si
2742 1538 2940 1594 clausis
2962 1536 3145 1607 januis
3169 1546 3293 1610 post
3320 1539 3780 1595 resurrectionem

2180 1646 2336 1687 suam
2360 1631 2416 1686 in
2443 1639 2704 1686 aeternum
2724 1629 2837 1700 jam
2862 1631 3107 1686 victurus
3145 1632 3383 1697 intravit,
3422 1632 3515 1702 qui
3553 1633 3785 1687 mos-itm

2181 1737 2275 1778 rus
2317 1722 2538 1779 veniens
2580 1737 2690 1778 non
2738 1732 2924 1792 aperto
2968 1731 3122 1779 utero
3166 1724 3392 1796 virginis
3429 1707 3618 1780 exivit.
3676 1723 3783 1779 Sed

2183 1815 2308 1885 quia
2334 1814 2466 1870 illud
2495 1829 2692 1885 corpus
2737 1815 2881 1885 quod
2927 1814 3096 1870 videri
3136 1822 3351 1886 poterat
3391 1814 3527 1871 ﬁdes
3556 1817 3777 1870 intuen-

494 1921 643 1977 nent,
688 1910 929 1981 nihilque
961 1922 1151 1964 eorum
1175 1922 1207 1961 a
1246 1921 1342 1961 sua
1378 1904 1716 1971 connesioue
1754 1901 2076 1971 seiungitur.
2102 1906 2155 1977 Β
2184 1905 2319 1960 tium
2346 1905 2647 1971 dubitabat,
2679 1906 2914 1961 ostendit
2950 1907 3031 1961 eis
3057 1907 3304 1975 protinus
3323 1921 3517 1962 manus
3538 1916 3596 1961 et
3616 1906 3779 1973 latus,

494 2006 621 2076 quia
644 2020 745 2059 nec
769 2004 886 2058 sine
907 2017 1036 2057 vera
1060 1999 1342 2056 divinitate
1364 1997 1690 2059 humanitas,
1721 2009 1821 2049 nec
1841 1994 1958 2049 sine
1982 1995 2077 2048 hu-
2126 2006 2131 2013 '

495 2098 756 2154 manitate
798 2096 1070 2152 divinitas.
1099 2093 1206 2148 Sed
1235 2102 1289 2146 et
1326 2092 1378 2145 in
1406 2090 1561 2146 nobis
1581 2089 1698 2144 haec
1732 2102 1899 2141 unum
1927 2097 2073 2154 sunt,

493 2207 603 2244 non
626 2198 833 2243 natura:
858 2185 1103 2255 ejusdem
1132 2183 1457 2248 substantia,
1489 2181 1584 2237 sed
1621 2181 1859 2251 ejusdem
1886 2194 2078 2250 cpera-

492 2284 637 2336 tione
674 2278 939 2351 mysterii.
989 2276 1146 2342 Nam,
1186 2276 1326 2329 sicut
1360 2274 1553 2328 beatus
1600 2271 1922 2326 Ambrosius
1967 2270 2072 2334 ait,

490 2372 727 2443 Spiritus
754 2376 992 2424 mentem
1017 2373 1264 2431 renovat,
1280 2379 1420 2434 aqua
1448 2361 1663 2433 proﬁcit
1684 2360 1753 2415 ad
1775 2360 2073 2423 lavacrum,

493 2463 712 2532 sanguis
751 2466 961 2530 spectat
985 2457 1055 2511 ad
1086 2455 1343 2528 pretium.
1379 2453 1615 2522 Spiritus
1640 2452 1783 2505 enim
1834 2464 1936 2504 nos
1978 2463 2079 2518 per

495 2554 842 2625 adoptionem
878 2550 1018 2606 ﬁlios
1061 2549 1159 2605 Dei
1188 2547 1357 2614 fecit,
1399 2546 1540 2601 sacri
1578 2543 1743 2599 fontis
1786 2543 1930 2597 unda
1978 2556 2077 2595 nos

490 2648 682 2713 abluit,
724 2644 946 2716 sanguis
974 2641 1187 2698 Domini
1214 2654 1313 2694 nos
1336 2637 1587 2693 redemit.
1618 2635 1865 2690 Alterum
1909 2633 2075 2703 igitur

492 2738 781 2804 invisibile,
806 2737 1036 2791 alterum
1076 2732 1290 2789 visibile
1334 2728 1706 2786 testimonium
1732 2737 2076 2784 sacramento

487 2830 838 2900 consequitur
881 2825 1110 2897 spiritali
1142 2844 1154 2877 :

562 2922 621 2978 Si
659 2921 1014 2977 testimonium
1058 2918 1326 2973 hominum
1367 2917 1683 2986 accepimus,
1720 2911 2075 2967 testimonium

486 3014 583 3069 Dei
610 3013 783 3083 majus
812 3021 909 3078 est,
932 3010 1182 3082 quoniam
1208 3010 1305 3062 Itoc
1333 3016 1408 3062 est
1440 3006 1791 3061 testimonium
1812 3002 1911 3057 Dei
1935 3002 2074 3074 quod

466 3105 659 3175 majus
698 3112 793 3170 est,
826 3104 951 3173 quia
980 3100 1287 3169 testiﬁcatus
1316 3107 1392 3153 est
1416 3098 1480 3152 de
1514 3094 1656 3150 Filio
1676 3110 1794 3149 suo.
1823 3093 2074 3163 Magnum

487 3204 568 3249 est
597 3192 963 3249 testimonium
993 3189 1230 3245 hominis
1257 3189 1401 3259 quod
1427 3187 1679 3259 perhibet
1701 3186 1769 3241 de
1790 3183 1927 3239 Filio
1955 3183 2070 3249 Dei,

2182 1998 2501 2068 palpandam
2533 2012 2753 2053 carnem
2792 1997 3024 2067 praebuit
3050 2013 3215 2068 quam
3252 1998 3449 2054 clausis
3473 1999 3663 2069 januis
3692 2001 3778 2053 in.

2184 2090 2444 2144 traduxit.
2492 2088 2642 2144 Clavi
2683 2090 2828 2144 enim
2870 2104 3062 2145 manus
3100 2090 3359 2156 ﬁxerant,
3402 2089 3591 2144 lancea
3639 2090 3785 2144 latus

2183 2188 2467 2249 aperuerat
2493 2200 2504 2233 :
2533 2181 2605 2235 ibi
2642 2182 2709 2235 ad
2745 2180 3103 2236 dubitantium
3135 2183 3299 2237 corda
3327 2181 3571 2237 sananda
3596 2181 3788 2237 vulne-

2185 2290 2303 2328 rum
2330 2283 2454 2328 sunt
2490 2282 2703 2329 servata
2744 2274 2988 2345 vestigia,
3020 2273 3147 2343 quia
3196 2274 3252 2328 in
3296 2288 3358 2351 se
3403 2274 3512 2328 duo
3550 2273 3695 2328 mira
3733 2282 3788 2328 et

2177 2366 2331 2436 juxta
2362 2352 2951 2422 humanam'rationem
2977 2366 3078 2422 sibi
3105 2366 3262 2423 valde
3299 2366 3577 2421 contraria
3605 2375 3787 2421 osten-

2182 2457 2279 2524 dit,
2314 2457 2440 2511 dum
2464 2467 2586 2528 post
2610 2459 3064 2514 resurrectionem
3096 2472 3294 2527 corpus
3317 2472 3478 2513 suum
3511 2464 3569 2512 et
3602 2456 3789 2512 incor-

2181 2548 2435 2619 ruptibile
2461 2557 2516 2603 et
2543 2557 2721 2605 tamen
2760 2548 3031 2619 palpabile
3074 2548 3484 2604 demonstravit.
3541 2547 3683 2603 Nam
3728 2558 3785 2604 et

2181 2641 2455 2711 corrumpi
2484 2657 2707 2697 necesse
2740 2651 2822 2697 est
2856 2642 2997 2712 quod
3038 2640 3306 2711 palpatur,
3339 2649 3394 2697 et
3418 2641 3632 2711 palpari
3672 2656 3786 2697 non

2178 2742 2357 2804 potest
2377 2734 2519 2803 quod
2553 2748 2659 2789 non
2687 2734 3069 2802 corrumpitur.
3130 2731 3238 2789 Sed
3264 2733 3402 2789 miro
3430 2735 3592 2789 modo
3614 2742 3787 2804 atque

2178 2827 2539 2882 inaestimabili
2564 2825 2893 2897 Redemptor
2916 2835 3100 2881 noster
3124 2837 3177 2882 et
3204 2826 3617 2898 incorruptibile
3657 2835 3790 2898 post

2179 2916 2631 2972 resurrectionem
2654 2925 2709 2970 et
2732 2916 2997 2986 palpabile
3021 2931 3217 2987 corpus
3240 2916 3507 2982 exhibuit,
3535 2927 3594 2971 ut
3621 2933 3786 2973 mon-

2179 3008 2405 3064 strando
2453 3008 2860 3079 incorruptibile
2896 3008 3153 3064 invitaret
3191 3008 3258 3063 ad
3295 3010 3601 3078 praemium,
3640 3025 3789 3079 prae-

2177 3099 2353 3155 bendo
2391 3099 2658 3171 palpabile
2693 3099 2953 3155 formaret
2995 3100 3065 3155 ad
3106 3100 3287 3156 ﬁdem.
3334 3100 3401 3155 Et
3445 3101 3784 3172 incorrupti-

2176 3195 2338 3251 bilem
2362 3211 2422 3251 se
2442 3209 2571 3267 ergo
2595 3204 2647 3251 et
2675 3194 3001 3266 palpabilem
3026 3195 3417 3251 demonstravit
3441 3202 3502 3249 ut
3530 3198 3788 3267 profecw

486 3287 709 3341 dicens:
743 3283 892 3337 Dixit
927 3281 1185 3336 Dominus
1218 3279 1443 3333 Domino
1478 3293 1593 3331 meo
1615 3290 1635 3329 :
1666 3273 2072 3333 Sedeadextris
2099 3300 2147 3366 ο
2177 3298 2296 3342 esse
2338 3295 2461 3357 post
2499 3286 2955 3343 resurrectionem
3001 3286 3309 3342 ostenderet
3344 3301 3542 3356 corpus
3591 3302 3782 3351 suum,

486 3377 636 3431 meis.
682 3375 752 3430 Et
789 3390 856 3429 ex
897 3387 1130 3443 persona
1172 3372 1318 3427 illius
1364 3370 1487 3425 Filii
1513 3388 1526 3423 :
1550 3369 1810 3425 Dominus
1839 3367 1972 3421 dixit
2002 3367 2070 3420 ad

487 3484 609 3522 me:
634 3465 809 3521 Filius
858 3481 1004 3520 meus
1034 3481 1087 3519 es
1124 3474 1201 3518 tu.
1233 3462 1477 3532 Itemque
1510 3475 1580 3517 ex
1621 3474 1851 3531 persona
1900 3458 2076 3514 Patris

488 3558 762 3629 loquentis
806 3557 874 3613 de
917 3556 1054 3612 Filio
1083 3570 1099 3610 :
1130 3554 1252 3626 Ipse
1294 3550 1553 3608 invocabit
1589 3568 1691 3617 me,
1730 3548 1895 3605 Pater
1928 3566 2073 3605 meus

485 3669 540 3707 es
569 3662 648 3718 tu,
689 3650 830 3706 Deus
864 3666 1032 3716 meus,
1084 3658 1135 3703 et
1174 3656 1443 3717 susceptor
1492 3643 1679 3699 salutis
1722 3661 1870 3699 meae.
1914 3643 2075 3698 Pater

486 3759 662 3811 meus,
707 3744 837 3813 quia
882 3757 985 3813 ego
1015 3739 1189 3797 Filius
1216 3738 1346 3804 Dei;
1397 3737 1543 3793 Deus
1588 3751 1763 3803 meus,
1811 3735 1937 3806 quia
1973 3751 2074 3806 ego

482 3837 677 3903 homo;
720 3843 1003 3906 susceptor
1042 3832 1236 3888 salutis
1288 3845 1445 3897 meat,
1499 3829 1625 3899 quia
1674 3844 1773 3901 ego
1809 3842 2071 3899 passurus

484 3936 539 3982 et
565 3943 597 3982 a
621 3935 799 3983 morte
838 3923 1129 3981 salvandus
1166 3936 1304 3977 sum.
1340 3920 1407 3974 Et
1438 3935 1552 3991 ego,
1584 3919 1780 3989 inquit.
1820 3920 2074 3988 primoge-

484 4023 651 4077 nitum
697 4035 888 4091 ponam
944 4015 1098 4070 illum
1145 4013 1408 4069 excelsum
1466 4029 1576 4083 prce
1631 4011 1835 4082 regibus
1894 4019 2068 4064 terrm.

485 4114 739 4185 Magnum
769 4120 851 4166 est
882 4111 985 4165 hoc
1006 4108 1374 4164 testimonium
1408 4121 1596 4170 verax,
1626 4113 1679 4159 et
1705 4104 1850 4158 omni
1882 4118 2074 4173 accep-

484 4206 633 4261 tione
660 4205 883 4274 dignum
912 4202 1017 4255 hoc
1041 4209 1125 4254 est
1150 4198 1518 4254 testimonium
1550 4198 1617 4253 de
1644 4196 1783 4251 Filio
1812 4194 1906 4250 Dei
1930 4211 1945 4261 ;
1976 4194 2071 4249 sed

485 4295 657 4351 multo
686 4293 861 4364 magis
884 4300 970 4347 est
1003 4292 1373 4351 testimonium
1407 4291 1528 4356 Dei,
1572 4290 1716 4361 quod
1751 4285 2070 4343 testiﬁcatus

485 4396 570 4444 est
602 4387 718 4457 ipse
746 4386 814 4440 de
837 4382 975 4440 Filio
998 4399 1120 4449 suo,
1148 4399 1270 4439 cum
1317 4384 1382 4437 de
1426 4382 1566 4438 caelo
1597 4380 1748 4435 illum
1790 4378 2069 4448 alloquens

486 4473 707 4531 ait:Tu
745 4490 798 4529 es
844 4471 1020 4528 Filius
1064 4489 1210 4527 meus
1256 4472 1507 4537 dilectus,
1558 4471 1617 4524 in
1660 4478 1708 4523 te
1756 4465 2070 4539 complacuit

485 4567 635 4636 mihi.
678 4563 929 4636 Magnum
969 4572 1054 4619 est
1101 4564 1471 4619 testimonium
1513 4560 1869 4632 prtecursoris
1922 4558 2068 4627 quod

2179 3384 2235 3431 et
2263 3375 2507 3445 ejusdem
2536 3385 2746 3431 naturas
2775 3386 2829 3431 et
2859 3375 3082 3431 alterius
3112 3376 3316 3446 glorias.

2248 3467 2391 3522 Dicit
2422 3469 2499 3523 eis
2518 3480 2539 3520 :
2560 3464 2682 3522 Pax
2710 3467 2875 3521 vobis.
2916 3466 3111 3521 Pacem
3138 3466 3399 3522 oﬂ‘erebat
3428 3467 3519 3538 qui
3551 3474 3789 3537 propter.

2176 3550 2366 3634 pacem
2406 3559 2574 3626 venit,
2620 3568 2676 3615 et
2723 3559 2921 3632 quibus
2950 3568 3076 3615 ante
3110 3559 3283 3615 dixit:
3310 3557 3507 3615 Pacem
3537 3563 3782 3633 relinquo

2179 3655 2339 3721 vobis,
2367 3669 2547 3725 pacem
2574 3669 2744 3708 meam
2778 3653 2847 3707 do
2887 3652 3050 3719 vobis,
3080 3650 3241 3708 modo
3279 3653 3408 3709 dicit
3439 3651 3561 3708 Pax
3590 3655 3742 3710 vobis
3762 3670 3783 3706 .-

2177 3760 2339 3815 quam
2357 3758 2545 3815 pacem
2569 3744 2626 3799 in
2640 3751 2902 3800 nascente
2913 3742 3131 3800 Christo
3146 3742 3321 3815 angeli
3342 3743 3784 3816 praedicaverunt

2176 3835 2397 3890 mundo.

2246 3926 2317 3981 Et
2355 3927 2451 3981 hoc
2481 3942 2599 3981 cum
2632 3925 2886 3994 dixisset,
2926 3926 3149 3983 ostendit
3186 3928 3260 3983 eis
3299 3944 3486 3983 manus
3523 3938 3570 3982 et
3608 3927 3775 3985 latus.

2177 4016 2354 4073 Gavisi
2390 4026 2511 4073 sunt
2555 4034 2677 4090 ergo
2724 4018 2968 4090 discipuli
2998 4021 3106 4074 viso
3138 4020 3383 4074 Domino.
3428 4019 3629 4075 Parum
3670 4020 3779 4076 fuit

2175 4099 2345 4164 oculis
2371 4122 2431 4163 se
2454 4107 2739 4163 videndum
2769 4112 3011 4179 praebere
3030 4151 3045 4176 ,
3078 4110 3125 4164 si
3159 4125 3267 4165 non
3292 4110 3561 4182 praeberet
3600 4111 3773 4167 etiam

2175 4191 2425 4254 manibus
2446 4200 2909 4255 contrectandum.
2962 4197 3066 4267 Qui
3091 4200 3217 4254 dum
3244 4199 3514 4271 palpanda
3536 4201 3778 4271 discipu-

2174 4290 2240 4346 lis
2266 4306 2391 4347 ossa
2416 4306 2746 4362 carnemque
2767 4302 3168 4363 praemonstrat,
3192 4302 3377 4362 aperte
3399 4303 3599 4349 statum
3624 4311 3775 4351 vel-aa

2174 4382 2589 4439 resurrectionis
2617 4396 2737 4452 qua:
2763 4382 2819 4437 in
2846 4398 2905 4438 se
2930 4381 3093 4450 facta,
3124 4391 3178 4439 et
3207 4385 3260 4439 in
3289 4384 3445 4441 nobis
3472 4395 3557 4442 est
3585 4386 3774 4442 futura

2174 4466 2460 4545 Signiﬁcat.
2505 4473 2641 4541 Quia
2675 4488 2782 4529 non
2820 4476 2959 4529 sicut
2985 4475 3283 4546 Eutychius
3311 4476 3770 4550 Constantinopo-

2175 4560 2354 4617 litanae
2383 4563 2532 4618 urbis
2554 4565 2837 4635 episcopus
2858 4565 3093 4637 scripsit,
3124 4577 3368 4622 nostrum
3397 4583 3594 4639 corpus
3618 4568 3768 4625 nulla

485 4656 580 4712 Dei
608 4655 745 4712 Filio
764 4656 1078 4727 perhibens,
1102 4656 1178 4709 ait
1202 4672 1215 4709 :
1246 4653 1360 4725 Ego
1389 4653 1648 4724 baptizari
1678 4666 1766 4705 vos
1794 4666 1953 4721 aqua,
1980 4648 2068 4704 ille
2094 4671 2148 4735 Β
2174 4652 2587 4710 resurrectionis
2612 4655 2780 4726 gloria
2808 4657 2912 4710 erit
2934 4648 3301 4728 impalpabile,‘
3323 4660 3499 4715 ventis
3530 4674 3770 4730 aereque

428 4808 432 4814 _
482 4764 603 4802 vero
640 4747 924 4819 baptizabit
974 4763 1060 4801 vos
1109 4745 1310 4816 Spiritu
1354 4754 1555 4799 sancto.
1607 4743 1779 4812 Majus
1804 4751 1886 4797 est
1918 4742 2069 4797 testi-

483 4840 726 4897 monium
750 4839 928 4893 Patris
970 4853 1077 4908 quo
1105 4838 1363 4910 Spiritum
1405 4844 1649 4892 sanctum
1679 4837 1735 4891 in
1763 4850 1908 4903 eum,
1958 4851 2067 4906 quo

462 4938 701 5003 'Semper
721 4939 837 4986 erat
860 4930 1054 4999 plenus
1083 4931 1248 4985 etiam
1273 4930 1559 4984 visibiliter
1583 4929 1748 4985 misit.

556 5023 661 5088 Qui
696 5022 860 5076 credit
889 5023 945 5075 in
978 5018 1176 5073 Filium
1214 5019 1307 5073 Dei
1338 5018 1489 5072 habet
1515 5019 1863 5075 testimonium
1885 5020 1985 5075 Dei
2011 5021 2067 5074 in

485 5132 556 5171 se.
599 5113 702 5181 Qui
732 5114 814 5168 ita
841 5111 1016 5169 credit
1048 5113 1104 5166 in
1142 5109 1337 5166 Filium
1382 5111 1495 5175 Dei,
1543 5120 1601 5165 ut
1639 5123 1891 5168 exerceat
1936 5126 2067 5183 ope-

482 5205 655 5261 rando
704 5205 850 5275 quod
891 5203 1081 5268 credit,
1126 5201 1291 5259 habet
1336 5202 1699 5258 testimonium
1741 5203 1833 5259 Dei
1892 5205 1945 5258 in
1989 5219 2065 5268 se,

482 5299 613 5355 illud
656 5297 862 5367 utique,
911 5295 1036 5366 quia
1079 5296 1194 5366 ipse
1237 5310 1453 5366 quoque
1488 5296 1545 5351 in
1589 5294 1823 5352 ﬁliorum
1850 5297 1944 5351 Dei
1970 5313 2071 5351 nu-

481 5392 636 5447 mero
657 5390 780 5462 jure
808 5398 1167 5460 computetur,
1195 5390 1311 5459 ipso
1338 5390 1500 5446 unico
1528 5389 1626 5446 Dei
1658 5391 1795 5447 Filio
1831 5392 1909 5446 sic
1955 5392 2069 5447 suis

483 5480 734 5538 ﬁdelibus
766 5480 1049 5550 pollicente
1080 5499 1092 5535 :
1125 5481 1185 5537 Si
1202 5482 1320 5551 quis
1342 5482 1470 5535 mihi
1494 5481 1883 5547 ministraverit,
1907 5483 2071 5538 hono-

448 5582 457 5593 ‘
485 5571 710 5641 riﬁcabit
724 5586 840 5624 eum
859 5568 1020 5625 Pater
1030 5588 1193 5626 meus.
1233 5573 1384 5639 Quod
1402 5573 1444 5626 si
1464 5571 1561 5628 Dei
1587 5571 1951 5627 testimonium
1973 5572 2069 5627 ha-

481 5662 614 5717 bere
650 5662 930 5728 merueris,
959 5662 1005 5716 si
1032 5663 1313 5718 Dominum
1344 5670 1535 5717 testem
1560 5664 1663 5715 mae
1688 5660 1809 5716 ﬁdei
1842 5663 2070 5719 inteme-

487 5758 619 5806 ratae
644 5752 968 5820 possederis,
994 5753 1121 5822 quid
1150 5763 1201 5807 te
1224 5753 1499 5807 hominum
1531 5751 1768 5818 infamia,
1819 5761 1909 5808 aut
1944 5769 2067 5824 per-

487 5840 692 5896 secutio
714 5839 867 5898 [ardet
896 5861 909 5897 :
940 5841 1000 5897 Si
1031 5844 1174 5898 enim
1199 5842 1338 5896 Deus
1383 5860 1475 5911 pro
1519 5843 1685 5907 nobis,
1728 5845 1841 5913 quis
1882 5857 2063 5900 contra

2130 4755 2137 4760 '
2174 4740 2456 4804 subtilius;
2491 4744 2543 4795 in
2576 4743 2667 4797 illa
2698 4745 2842 4799 enim
2876 4742 3297 4825 resurrectionis1
3314 4746 3485 4819 gloria
3515 4749 3622 4803 erit
3649 4758 3772 4804 cor-

2154 4846 2274 4905 ‘pus
2303 4843 2549 4890 nostrum
2579 4836 2775 4892 subtile
2813 4831 3197 4910 quidcm‘pér
3218 4837 3467 4917 effectum
3504 4838 3769 4912 spiritalis

2172 4926 2448 4995 potentiae,
2470 4926 2562 4983 sed
2589 4927 2853 4998 palpabile
2878 4940 2978 4999 per
2994 4931 3280 4987 Veritatem
3296 4924 3539 4988 ‘n‘aturaé.
3577 4934 3766 5007 Neque

2152 5017 2303 5072 'huic
2349 5017 2636 5073 assertioni
2674 5027 2896 5088 putetur
2940 5006 3165 5092 aposioli
3208 5020 3390 5079 sel-mo
3436 5030 3761 5096 repugnare,

2178 5107 2304 5176 quia
2325 5118 2449 5162 cano
2474 5118 2523 5163 et
2547 5112 2760 5179 sanguis
2785 5096 2998 5180 regnum
3017 5111 3116 5166 Dei
3138 5124 3247 5167 non
3260 5110 3631 5183 possidebunt:
3654 5116 3765 5172 hac

2170 5200 2316 5254 enim
2344 5200 2461 5255 loco
2490 5201 2780 5271 ApoStolus
2804 5203 2984 5258 carnis
3016 5211 3072 5258 et
3088 5203 3379 5274 sanguinis
3396 5204 3629 5259 nomine
3650 5196 3762 5261 non

2152 5294 2523 5348 substantiam
2563 5294 2672 5347 veri
2700 5294 2969 5365 corporis,
2992 5295 3087 5350 sed
3110 5292 3765 5367 'cot‘ruptionem‘ihorth-

2170 5384 2335 5439 litatis
2383 5385 2682 5456 signiﬁcat,
2735 5386 2877 5441 sicut
2919 5387 3034 5458 ipse
3073 5388 3481 5459 consequenter
3512 5392 3765 5460 exposuit

2173 5477 2360 5533 dicens
2396 5496 2413 5531 :
2453 5477 2636 5549 Neque
2681 5480 2941 5549 corruptio
2992 5481 3401 5551 incorrupieiam
3450 5476 3756 5552 possidebit.

2172 5567 2343 5622 Aliter
2366 5578 2601 5638 namtme
2636 5569 2693 5624 in
2724 5568 3008 5640 Scriptura
3052 5586 3206 5628 sacra
3251 5588 3380 5631 caro
3410 5575 3569 5645 juxta
3603 5584 3759 5632 uatu-

2169 5674 2313 5726 ram,
2348 5660 2504 5715 aliter
2532 5660 2687 5729 juxta
2724 5663 2957 5733 culpam,
2993 5663 3321 5735 aliterjuxta
3352 5668 3756 5740 corruptionem

2171 5751 2535 5819 mortalitatis,
2563 5769 2682 5823 qua!
2709 5769 2773 5807 ex
2802 5754 2955 5825 culpa
2975 5758 3218 5827 comigit,
3241 5760 3556 5830 appellatur.
3592 5761 3755 5818 Juxta

2170 5852 2418 5898 naturam
2456 5847 2669 5913 quidem
2711 5860 2832 5899 cum
2871 5845 3075 5901 dictum
3111 5849 3375 5904 estz'Hoc
3416 5858 3647 5907 nunc'os
3680 5856 3754 5908 es
