3974 6364
922 408 977 459 ,Ξῖ
1016 411 1189 459 Hii“?
1238 420 1271 465 ξι·
1312 412 1423 467 ῙΑῙῙ
1454 414 1513 459 ti“:

232 400 330 445 έιῖι
922 408 977 459 ,Ξῖ
1016 411 1189 459 ἓίὲἷΜ
1238 420 1271 465 ;-·
1312 412 1423 467 im
1454 414 1513 459 at
1580 420 1667 465 ’τί
1702 426 1763 471 ς,ε
1806 424 1861 467 ,εί

386 522 433 563 ,Ὗ
460 510 677 568 "imm"
717 521 989 573 ΠΠΫΗἸἸἹὯ
1030 528 1233 577 It‘tlli'm
1296 489 1651 587 l‘aHtQtMlleI‘tg-

2566 442 2615 457 ’³
2862 456 2867 473 ι

2556 442 2615 467 'H
2692 444 2765 485 ⁸⁵
2862 456 2867 473 ’
3372 468 3519 536 -178

233 605 477 669 .owsu'
494 602 639 659 ινηεὸσ
652 634 653 637 η
667 610 717 660 ἀι
754 619 890 665 «re
904 603 1439 671 demusdamus.
1454 563 1693 681 ,νρῇέβέηιε
1710 564 1827 679 mli

1930 563 2280 679 peccti'tdrtini
2302 572 2617 677 remissi'tine
2644 578 3315 679 ac)detentione'suhiecit;
3332 587 3521 650 Sci‘ch-

227 694 665 765 Juctrtnmestnet:
680 696 1033 770 agamnam
1063 697 1245 760 venit”
1267 694 1828 770 tux-taculpamum

232 802 382 845 .mm
394 786 617 847 dicitur.
630 806 671 845 si
682 783 823 850 Gem
857 788 1177 859 Mucii
1188 820 1195 853 ι
1208 788 1465 863 adversus
1482 788 1746 861 .spiritum
1759 822 1765 845 ε
1780 795 1830 843 et

250 877 468 948 spiritus
488 876 733 933 adversus
762 893 991 966 cm.
1205 878 1709 969 corruptibilitatem
1735 892 1831 932 au-

255 978 387 1035 tem,
417 985 538 1025 cum
567 952 831 1038 scriptum
852 962 940 1031 est
964 989 977 1024 :
1008 952 1083 1037 Εἰ,
1107 952 1378 1041 mutuniati
1404 980 1522 1024 sunt
1550 971 1676 1041 quia
1704 986 1828 1024 caro

250 1060 931 1132 suniaideswifmileset
948 1060 1271 1135 moribundis
1330 1059 1605 1133 Honenim
1627 1075 1686 1129 se
1705 1074 1827 1115 car-

221 1153 343 1221 -nis
392 1155 617 1219 nomine
650 1154 977 1225 designasse,
1002 1152 1313 1229 manifestat
1336 1154 1470 1229 ipse
1505 1153 1789 1217 Psalmista
1811 1195 1827 1221 ,

222 1250 353 1329 iuni»
388 1250 637 1321 Photinus
666 1252 817 1311 addit
845 1249 1345 1323 :\Spiritus..vaden§
1377 1259 1425 1317 et
1464 1268 1566 1311 non
1604 1251 1825 1309 rediens.

225 1341 713 1416 xRegnumxitaque
754 1344 969 1403 Domini
982 1357 997 1401 ι.
1012 1360 1138 1405 caro
1166 1360 1299 1409 non.
1324 1345 1639 1423 possidebit,
1665 1346 1719 1401 id
1745 1352 1830 1401 est

247 1449 379 1491 caro
405 1435 558 1506 juxta
601 1432 931 1507 culpam‘vel
968 1436 1389 1501 mortalitatem;
1413 1444 1470 1492 et
1494 1444 1671 1493 tamen
1701 1451 1853 1492 caro.

226 1529 546 1600 .poesidebit
566 1545 794 1602 regnum
821 1530 1054 1596 Domini,
1086 1530 1139 1586 id
1176 1537 1279 1595 est,
1315 1544 1443 1585 caro
1477 1528 1632 1598 juxta
1671 1538 1830 1584 natu-

226 1633 367 1677 ram
385 1635 544 1690 quam
568 1628 624 1675 et
644 1620 904 1676 Dominus
924 1628 1047 1691 post
1070 1621 1520 1678 resurrectionem
1542 1620 1827 1677 videndam

220 1710 671 1780 Epalpandamque
697 1710 974 1781 discipulis
1005 1711 1265 1767 exhibuit.
1297 1711 1365 1767 Et
1394 1712 1461 1767 de
1492 1726 1599 1781 qua
1635 1711 1827 1766 beatus

230 1798 348 1859 Job
368 1816 492 1858 cum
522 1802 743 1873 gloriam
773 1802 1188 1859 resurrectionis
1227 1801 1724 1868 describeret,~ait:
1754 1800 1847 1867 Et,

242 1907 457 1947 rursum
476 1892 839 1947 circumdabor
861 1892 992 1962 pelle
1018 1909 1152 1958 mea,
1177 1902 1225 1946 et
1248 1894 1307 1947 in
1333 1910 1489 1947 carne
1512 1909 1627 1948 mea
1648 1892 1826 1949 videbo

1874 1928 1881 1945 !

2085 666 2323 755 verovest
2521 666 2573 765 lii
2596 666 2699 777 qui
2979 680 3236 775 Spiritum
3267 676 3521 777 sanctum

1930 766 2231 861 habuerunt
2266 788 2325 836 ut
2360 788 2414 841 et
2448 780 2548 856 ipsi
2583 766 2897 863 innocenter
2918 780 3172 861 viverent
3196 768 3256 861 et
3288 772 3518 863 AptaeL

1928 872 2199 960 gicatione
2227 871 2544 961 quibusdam
2579 860 2915 961 prodessent,
2969 866 3172 927 idcirco
3196 860 3367 925 hunc
3397 875 3524 961 post

1928 956 2377 1049 resurrectipuem
2409 958 2619 1049 Domini
2658 956 2911 1043 patenter
2947 972 3291 1034 acceperunt,
3321 956 3520 1019 utnon

1926 1048 2251 1141 prudessent
2277 1048 2484 1131 paucis,
2518 1058 2612 1113 sed
2642 1055 3264 1141 pluribusprofuiss’ent.
3298 1058 3301 1063 ‘
3342 1050 3349 1061 ⁸
3380 1048 3403 1059 ”’
3496 1054 3500 1059 ’

1930 1202 1973 1223 ,,.
2001 1154 2044 1213 Τ
2045 1155 2227 1233 [zemas
2253 1163 2425 1227 autem
2454 1171 2588 1209 unus
2618 1154 2681 1231 de
2701 1150 2992 1217 duodecim,
3019 1153 3107 1225 qui
3139 1148 3330 1204 dicitur
3348 1146 3521 1235 Didy-

1926 1265 2071 1319 mus,
2102 1265 2207 1305 non
2229 1255 2341 1302 erat
2372 1264 2490 1303 cum
2518 1248 2591 1302 eis
2622 1247 2831 1317 quando
2858 1244 2992 1301 venit
3017 1243 3193 1299 Iesus.
3238 1245 3348 1300 Iste
3377 1250 3523 1301 unus

1928 1339 2225 1413 discipulus
2249 1337 2437 1396 defuit.
2481 1339 2749 1395 Reversus
2777 1338 2920 1409 quod
2944 1346 3158 1411 gestum
3185 1344 3268 1392 est
3292 1334 3518 1413 audivit,

1928 1432 2109 1503 audita
2139 1431 2358 1503 credere
2384 1433 2580 1488 renuit.
2631 1431 2793 1487 Venit
2819 1432 3015 1486 iterum
3043 1430 3303 1505 Dominus
3323 1435 3377 1485 et
3405 1440 3518 1507 non

1929 1526 2168 1581 credenti
2203 1526 2465 1595 discipulo
2511 1525 2651 1579 latus
2687 1524 3013 1596 palpandnm
3043 1522 3294 1594 praebuit,
3324 1526 3520 1603 manus

1927 1620 2183 1687 ostendit,
2217 1627 2273 1675 et
2299 1628 2515 1677 ostensa
2540 1620 2826 1675 vulnerum
2857 1634 3077 1674 suorum
3118 1618 3392 1684 cicatrice,
3430 1608 3518 1671 in-

1928 1711 2200 1767 ﬁdelitatis
2227 1712 2370 1769 illius
2411 1712 2606 1768 vulnus
2653 1712 2883 1767 sanavit.
2936 1711 3094 1778 Quid,
3147 1710 3345 1764 fratres
3390 1708 3520 1765 cha-

1927 1804 2149 1870 rissimi,
2193 1804 2325 1875 quid
2368 1805 2510 1860 inter
2556 1805 2673 1860 haec
2726 1803 3224 1859 animadvertistis?
3273 1801 3519 1872 nunquid

1928 1915 2059 1956 casu
2102 1908 2311 1972 gestum
2350 1900 2574 1957 creditis
2614 1908 2674 1955 ut
2711 1900 2915 1955 electus
2955 1898 3042 1953 ille
3070 1897 3361 1968 discipulus
3388 1902 3521 1949 tunc

230 1977 548 2062 Dominum.
588 1981 727 2051 Lege
759 1981 1039 2050 epistolam
1080 1981 1255 2038 sancti
1279 1981 1564 2052 Augustini
1602 1982 1670 2036 ad
1702 1981 1827 2038 Cre-

1931 1964 2181 2050 deesset?
2229 1973 2360 2049 Post
2388 1995 2504 2049 haec
2524 1995 2748 2049 veniens
2774 1994 3000 2055 audiret,
3048 1964 3271 2045 audiens
3308 1988 3519 2044 dubita-

218 2069 507 2125 .scentium
534 2072 599 2124 de
624 2084 850 2141 corpore
874 2071 1087 2127 Domini
1119 2080 1243 2142 post
1278 2074 1751 2130 resurrectionem.

316 2161 455 2217 Dicit
478 2177 608 2233 ergo
627 2163 709 2217 eis
732 2164 929 2218 iterum
956 2162 1075 2217 Pax
1101 2164 1263 2219 vobis.
1314 2164 1535 2219 lteratio
1562 2165 1828 2221 sermonis

236 2253 582 2310 conﬁrmatio
612 2264 715 2311 est.
753 2255 904 2322 Quod
930 2265 1110 2311 autem
1139 2257 1273 2312 dicit
1301 2258 1561 2323 secundo,
1590 2256 1710 2311 Paa:
1741 2273 1828 2311 vo-

235 2344 342 2409 bis,
368 2346 605 2402 ostendit
621 2347 903 2417 paciﬁcata
922 2363 1042 2403 esse
1061 2364 1183 2419 quae
1203 2349 1261 2404 in
1279 2349 1433 2408 cwlis
1454 2358 1604 2417 sunt,
1629 2358 1686 2405 et
1706 2366 1828 2422 quae

234 2433 297 2490 in
326 2436 488 2491 terris
511 2452 607 2506 per
627 2438 939 2510 sanguinem
961 2454 1138 2495 suum.
1215 2495 1220 2500 ,

313 2524 461 2582 Sicut
486 2527 625 2582 misit
649 2544 731 2582 me
753 2526 937 2595 Pater,
957 2538 1005 2583 et
1024 2546 1116 2599 ego
1135 2531 1280 2584 mitto
1299 2548 1408 2586 vos.
1449 2530 1611 2588 Pater
1630 2530 1826 2587 Filium

215 2618 407 2687 ,misit,
441 2619 532 2688 qui
561 2620 705 2673 hunc
735 2632 839 2689 pro
860 2620 1230 2689 redemptione
1253 2623 1468 2693 generis
1496 2624 1717 2679 humani
1744 2626 1827 2680 in-

234 2710 455 2767 carnari
494 2711 799 2777 constituit;
832 2728 989 2782 quem
1025 2712 1275 2770 videlicet
1311 2714 1367 2769 in
1402 2716 1605 2771 mundo
1638 2717 1827 2772 venire

218 2802 309 2856 .ad
333 2802 639 2871 passionem
666 2802 870 2869 voluit,
900 2803 994 2859 sed
1019 2812 1197 2860 tamen
1222 2806 1420 2861 amavit
1444 2806 1638 2862 Filium
1661 2824 1823 2879 quem

241 2893 311 2947 ad
338 2894 639 2963 passionem
672 2895 836 2950 misit.
875 2895 1088 2952 Electos
1115 2912 1245 2954 vero
1269 2899 1535 2968 apostolos
1564 2900 1826 2957 Dominus

236 2998 351 3037 non
388 2985 456 3038 ad
483 2985 664 3040 mundi
693 2986 908 3056 gaudia,
940 2987 1034 3042 sed
1065 2988 1207 3044 sicut
1245 2988 1361 3060 ipse
1392 2991 1587 3045 missus
1629 3000 1713 3047 est
1756 2993 1824 3049 ad

234 3073 520 3142 passiones
553 3076 609 3129 in
644 3076 902 3132 mundum
933 3077 1118 3132 mittit.
1160 3078 1297 3147 Quia
1324 3095 1455 3151 ergo
1481 3080 1653 3136 Filius
1673 3096 1824 3137 ama-

237 3173 329 3219 tur
351 3182 382 3220 a
410 3165 591 3233 Patre,
625 3176 682 3224 et
712 3177 891 3225 tamen
929 3171 995 3224 ad
1033 3171 1340 3241 passionem
1380 3172 1633 3237 mittitur,
1668 3182 1723 3229 et
1746 3174 1822 3229 ita

236 3255 488 3326 discipuli
527 3268 776 3316 amantur
814 3276 845 3315 a
884 3261 1128 3330 Domino,
1159 3263 1251 3333 qui
1282 3270 1467 3318 tamen
1505 3265 1575 3319 ad
1606 3265 1817 3334 passio-

235 3364 361 3402 nem
410 3351 697 3406 mittuntur
743 3353 1120 3419 inmundum.
1175 3331 1361 3427 itaque
1405 3331 1645 3413 dicitur:
1673 3331 1896 3413 Sicutc

236 3441 380 3501 misit
406 3458 488 3498 me
506 3439 689 3509 Pater,
720 3454 770 3500 et
792 3463 883 3517 ego
909 3447 1055 3501 mitto
1082 3464 1192 3514 vos,
1235 3448 1288 3503 id
1326 3457 1412 3504 est
1450 3463 1515 3505 ea
1559 3449 1828 3507 charitate

236 3544 337 3586 vos
373 3531 554 3602 diligo,
583 3548 708 3589 cum
744 3536 885 3591 inter
924 3538 1178 3593 scandala
1205 3548 1613 3608 persecutorum
1648 3541 1824 3606 mitto,

236 3637 349 3705 qua
375 3638 460 3679 me
489 3625 753 3681 charitate
780 3627 940 3685 Pater
968 3629 1161 3701 diligit,
1187 3644 1347 3700 quem
1374 3632 1559 3687 venire
1591 3632 1660 3687 ad
1688 3632 1824 3689 tole-

237 3714 439 3771 randas
464 3716 743 3783 passiones
766 3716 911 3773 fecit.

313 3802 433 3858 Hoc
457 3823 574 3861 cum
609 3808 845 3875 dixisset,
885 3811 1185 3882 insuﬂlavit,
1223 3821 1274 3869 et
1303 3814 1431 3869 dicit
1463 3817 1537 3871 eis
1562 3836 1580 3872 :
1599 3818 1829 3888 Accipite

239 3893 498 3964 Spiritum
538 3906 793 3952 sanctum.
846 3898 1200 3967 Quaerendum
1247 3905 1403 3961 nobis
1442 3916 1526 3962 est
1576 3908 1705 3977 quid
1745 3917 1829 3963 est

235 3984 385 4053 quod
435 3983 695 4057 Spiritum
730 3999 976 4047 sanctum
1018 3992 1275 4051 Dominus
1321 4005 1525 4061 noster,
1567 4007 1625 4052 et
1660 3998 1827 4056 semel

238 4076 392 4131 dedit
431 4076 487 4130 in
525 4086 666 4131 terra
708 4080 1026 4147 consistens,
1059 4091 1113 4138 et
1136 4086 1298 4141 semel
1337 4087 1475 4142 caelo
1510 4089 1823 4158 praesidens.

235 4168 431 4238 Neque
456 4168 599 4223 enim
631 4169 734 4224 alio
762 4170 813 4225 in
838 4170 955 4227 loco
974 4172 1207 4242 Spiritus
1229 4184 1448 4234 sanctus
1476 4187 1662 4249 aperte
1680 4194 1828 4234 mon-

226 4268 468 4337 :stratur,
500 4260 602 4315 nisi
631 4277 771 4327 nunc
797 4277 926 4317 cum
946 4278 1046 4335 per
1074 4265 1484 4324 insulllationem
1509 4271 1824 4341 percipitur,

204 4361 293 4433 “et
320 4353 665 4425 postmodum
692 4368 817 4409 cum
843 4354 911 4408 de
941 4356 1077 4411 coelo
1115 4357 1335 4414 veniens
1354 4360 1410 4414 in
1435 4360 1633 4430 linguis
1659 4362 1828 4416 variis

236 4443 661 4519 demonstratur,
698 4446 810 4519 Cur
830 4461 958 4516 ergo
982 4448 1133 4516 prius
1160 4449 1216 4504 in
1242 4452 1690 4521 terradiscipulis
1727 4454 1824 4506 da-

241 4546 354 4615 tur,
382 4538 721 4607 postmodum
738 4538 809 4593 de
829 4538 967 4595 coelo
994 4540 1243 4605 mittitur,
1272 4541 1374 4597 nisi
1404 4543 1547 4611 quod
1577 4545 1683 4609 duo
1703 4553 1827 4599 sunt

240 4639 516 4707 praecepta
534 4632 837 4707 charitatis,
862 4631 1076 4687 dilectio
1097 4633 1342 4688 videlicet
1360 4634 1456 4689 Dei
1478 4643 1533 4689 et
1551 4636 1782 4704 proximi
1809 4655 1843 4691 :.

206 4722 302 4779 τίη
347 4730 490 4779 terra
539 4722 698 4795 datur
749 4721 984 4793 Spiritus
1038 4732 1098 4778 nt
1140 4724 1396 4797 diligatur
1446 4728 1746 4796 proximus,
1793 4746 1825 4784 e

238 4814 393 4871 ctelo
427 4814 589 4873 datur.
635 4814 854 4884 spiritus
898 4821 969 4887 ut,
994 4816 1246 4887 diligatur
1289 4816 1449 4874 Deus.
1507 4820 1659 4876 Sicut
1698 4837 1825 4893 ergo

225 4922 352 4975 ,una
395 4914 481 4961 est
512 4906 750 4967 charitas
792 4916 850 4963 et
897 4909 1002 4963 duo
1046 4920 1336 4980 praecepta,
1387 4912 1465 4966 ita
1508 4929 1651 4969 unus
1698 4906 1824 4985 Spi-

230 4998 386 5075 ritus
427 5008 484 5055 et
520 5000 626 5059 duo
671 5001 819 5057 data.
868 5000 1027 5059 Prius
1073 5018 1102 5056 a
1149 5004 1482 5061 consistente
1516 5006 1741 5062 Domino
1768 5009 1824 5062 in

250 5102 416 5155 terra,
452 5093 791 5162 postmodum
823 5108 855 5148 e
893 5093 1053 5159 coelo,
1098 5097 1223 5167 quia
1271 5095 1326 5157 in
1367 5096 1598 5166 proximi
1643 5110 1828 5153 amore

206 5186 481 5251 .Ediscitur
504 5186 741 5255 qualiter
766 5188 1049 5256 pervenire
1075 5188 1268 5245 debeat
1313 5189 1380 5244 ad
1421 5204 1663 5245 amorem
1710 5191 1824 5245 Dei.

204 5278 577 5347 _,lnsul‘llando
603 5279 869 5353 signiﬁcat
916 5280 1176 5350 Spiritum
1220 5290 1463 5345 sanctum
1501 5296 1608 5337 non
1653 5282 1831 5339 Patris

198 5371 570 5436 αιεάοιὶιιβνθδβθ
596 5370 878 5453 Spiritum,
908 5372 1002 5429 sed
1029 5380 1085 5428 et
1110 5387 1289 5429 suum.

262 5516 265 5523 .
324 5463 561 5529 Quorum
587 5463 887 5527 νεωρίων-ἰὼ
903 5473 1136 5533 peccata,
1164 5464 1500 5521 remittuntur
1516 5466 1612 5529 eis,
1636 5475 1682 5520 et
1704 5482 1833 5536 quo-

254 5574 371 5619 rum
399 5556 732 5629 retinueritis,
758 5565 951 5627 retenta
980 5566 1121 5617 sunt.
1156 5557 1300 5613 Ecce
1319 5558 1557 5613 charitas
1584 5573 1703 5628 quae
1732 5575 1833 5629 per

206 5648 517 5720 “Spiritum
553 5656 801 5709 sanctum
846 5648 1160 5717 diffunditur
1204 5649 1262 5705 in
1308 5650 1560 5709 cordibus
1606 5651 1830 5716 nostris,

208 5740 579 5811 .,panticipum
620 5754 841 5807 suorum
880 5750 1103 5811 peccata
1136 5740 1388 5809 dimittit;
1430 5757 1618 5799 eorum
1651 5750 1830 5798 autem

218 5872 235 5889 ι,
253 5831 352 5901 qui
391 5845 505 5891 non
535 5830 818 5900 suntxejus
853 5833 1142 5903 par.th
1187 5842 1347 5897 tenet,
1388 5833 1513 5911 ldep
1548 5843 1831 5905 postquam

259 5922 417 5990 dixit,
450 5923 677 5994 Accipite
711 5922 965 5994 Spiritum
1010 5936 1265 5993 sanctum,
1320 5927 1422 5983 hoc
1464 5930 1720 5983 continuo
1766 5927 1833 5983 de

1930 2092 2035 2149 ret,
2067 2084 2318 2140 dubitans
2340 2084 2608 2155 palparet,
2639 2100 2746 2140 non
2771 2084 2876 2138 hoc
2902 2098 3029 2137 casu
3060 2082 3157 2137 sed
3199 2080 3380 2134 divina
3409 2077 3521 2132 dis-

1928 2175 2245 2245 pensatione
2283 2183 2494 2247 gestum
2514 2183 2616 2231 est.
2649 2175 2772 2246 Egit
2805 2188 3039 2242 namque
3067 2172 3207 2227 miro
3238 2171 3397 2225 modo
3420 2183 3518 2223 su-

1927 2282 2095 2338 perna
2122 2266 2407 2322 clementia
2438 2275 2499 2322 ut
2528 2266 2821 2336 discipulus
2858 2264 3109 2320 dubitans
3143 2264 3271 2317 dum
3301 2262 3357 2316 in
3397 2276 3518 2315 ma—

1928 2357 2097 2429 gistro
2135 2373 2234 2413 suo
2255 2357 2478 2415 vulnera
2505 2357 2749 2428 palparet
2778 2357 2976 2422 carnis,
3018 2356 3073 2410 in
3110 2354 3267 2409 nobis
3292 2352 3518 2407 vulnera

1927 2459 2147 2505 sanaret
2176 2450 2528 2506 inﬁdelitatis.
2575 2450 2701 2504 Plus
2725 2451 2868 2506 enim
2899 2449 3057 2505 nobis
3086 2446 3306 2502 Thomas
3330 2445 3522 2500 intide-

1927 2540 2053 2597 litas
2079 2543 2145 2597 ad
2172 2543 2353 2607 ﬁdem,
2380 2559 2544 2613 quam
2571 2542 2707 2599 ﬁdes
2744 2544 3080 2599 credentium
3129 2540 3517 2611 discipulorum

1927 2630 2048 2698 fuit,
2082 2634 2206 2703 quia
2239 2634 2366 2688 dum
2391 2634 2479 2688 ille
2506 2636 2572 2689 ad
2605 2635 2762 2690 ﬁdem
2789 2636 3057 2705 palpando
3084 2633 3381 2700 reducitur,
3412 2648 3516 2688 no-

1928 2731 2041 2779 stra
2054 2739 2206 2780 mens
2220 2726 2367 2780 omni
2384 2726 2717 2782 dubitatione
2729 2728 3025 2797 postposita
3038 2727 3091 2781 in
3114 2726 3218 2781 ﬁde
3233 2724 3517 2781 solidatur.

1999 2814 2259 2870 Dixerunt
2283 2833 2405 2888 ergo
2434 2818 2482 2871 ei
2507 2817 2601 2871 alii
2627 2818 2871 2886 discipuli
2894 2831 2912 2869 :
2949 2815 3183 2871 Vidimus
3212 2816 3517 2871 Dominum.

1927 2904 2029 2959 Ille
2063 2915 2237 2960 autem
2258 2908 2391 2962 dixit
2413 2908 2487 2962 eis
2510 2926 2529 2962 :
2553 2907 2673 2962 Nisi
2698 2909 2872 2962 videro
2902 2909 2955 2962 in
2978 2908 3219 2963 manibus
3242 2907 3356 2978 ejus
3380 2905 3524 2976 ﬁxu-

1925 3014 2043 3052 ram
2072 2997 2358 3063 clarorum,
2388 3007 2437 3052 et
2463 3000 2664 3061 mittam
2692 2999 2911 3069 digitum
2931 3015 3101 3053 meum
3128 2999 3185 3053 in
3212 2997 3385 3052 locum
3412 2994 3524 3051 cla-

1925 3105 2128 3155 vorum,
2158 3100 2209 3145 et
2244 3091 2451 3144 mittam
2487 3108 2700 3144 manum
2741 3108 2912 3145 meam
2950 3092 3007 3146 in
3057 3090 3198 3145 latus
3240 3089 3376 3159 ejus,
3414 3104 3524 3170 non

1926 3181 2154 3236 credam.
2207 3181 2359 3248 Quod
2410 3190 2591 3236 autem
2641 3182 2772 3237 dicit
2804 3181 3040 3238 Joannes
3088 3195 3197 3235 non
3235 3195 3357 3235 cum
3412 3178 3525 3233 illis

1927 3270 2096 3329 fuisse
2124 3280 2254 3328 tunc
2277 3272 2579 3343 apostolum
2608 3272 2895 3339 Thomam,
2929 3288 3052 3328 cum
3090 3270 3387 3327 secundum
3416 3268 3525 3324 Lu-

1927 3378 2048 3419 cam
2075 3364 2182 3420 duo
2211 3364 2309 3430 illi,
2340 3380 2566 3434 quorum
2603 3375 2722 3420 erat
2761 3380 2903 3420 unus
2946 3363 3232 3432 Cleophas,
3282 3360 3522 3432 regressi

1925 3454 2224 3514 Jerusalem
2255 3459 2578 3513 invenerunt
2611 3465 2967 3529 congregatos
3003 3456 3279 3522 undecim,
3329 3463 3385 3510 et
3425 3468 3522 3510 eos

1926 3549 2019 3618 qui
2047 3564 2171 3605 cum
2200 3550 2335 3619 ipsis
2356 3559 2534 3617 erant,
2562 3550 2751 3620 procul
2780 3550 2943 3609 dubio
2986 3549 3393 3620 intelligendum
3434 3555 3522 3604 est

1904 3640 2070 3721 quod
2109 3640 2232 3695 inde
2275 3639 2510 3697 Thomas
2558 3640 2753 3697 exierit
2795 3649 3085 3711 antequam
3136 3638 3216 3695 eis
3260 3637 3524 3694 Dominus

1929 3732 2046 3788 haec
2074 3731 2418 3802 loquentibus
2445 3740 2751 3802 appareret.

1995 3836 2068 3891 Et
2095 3846 2209 3908 post
2233 3838 2343 3891 dies
2368 3848 2481 3892 octo
2504 3838 2698 3892 iterum
2728 3847 2876 3893 erant
2909 3836 3155 3908 discipuli
3188 3837 3305 3907 ejus
3350 3837 3517 3904 intus,

1923 3938 1976 3999 “et
2004 3927 2230 3983 Thomas
2256 3945 2374 3983 cum
2399 3930 2492 3983 eis.
2533 3926 2680 3983 Venit
2704 3926 2861 3984 Iesus
2877 3929 3064 3997 januis
3086 3927 3300 3993 clausis,
3330 3934 3379 3980 et
3413 3936 3524 3982 ste-

1926 4022 1986 4075 tit
2009 4022 2065 4074 in
2094 4020 2265 4075 media
2294 4037 2474 4074 eorum
2502 4028 2549 4074 et
2589 4016 2907 4074 diminPax
2944 4019 3107 4074 vobis.
3152 4017 3352 4072 Deinde
3392 4018 3523 4072 dicit

1930 4111 2143 4166 Thomas
2165 4128 2182 4164 :
2201 4110 2348 4179 Infer
2368 4110 2760 4185 digitumtuum
2780 4110 2904 4173 huc,
2931 4118 2980 4163 et
3006 4108 3124 4162 vide
3142 4123 3332 4161 manus
3349 4121 3520 4171 meas,

1926 4211 1973 4255 et
2004 4201 2139 4271 alfer
2164 4216 2379 4254 manum
2400 4209 2567 4266 tuam,
2590 4209 2637 4254 et
2666 4200 2808 4254 mitte
2826 4200 2882 4253 in
2904 4198 3043 4253 latus
3083 4214 3279 4262 meum,
3319 4206 3371 4250 et
3411 4196 3523 4252 noli

1926 4306 2037 4345 esse
2083 4288 2386 4344 incredulus
2427 4289 2516 4343 sed
2554 4287 2746 4357 ﬁdelis.
2806 4286 2898 4343 Sic
2948 4288 3148 4358 quippe
3199 4286 3522 4357 discipulum
3620 4344 3623 4347 .

1927 4388 2051 4451 post
2078 4380 2531 4435 resurrectionem
2556 4394 2707 4434 suam
2739 4378 2987 4450 dubitare
3014 4377 3283 4447 permisit,
3311 4391 3413 4432 nec
3438 4384 3523 4430 ta-

1931 4488 2052 4529 men
2084 4474 2139 4528 in
2167 4473 2502 4528 dubitatione
2530 4470 2786 4534 deseruit,
2827 4471 2969 4526 sicut
3006 4478 3131 4526 ante
3178 4468 3520 4524 nativitatem

1928 4579 2082 4620 suam
2122 4564 2321 4619 habere
2359 4561 2584 4617 Mariam
2623 4576 2878 4630 sponsum
2907 4560 3095 4625 voluit,
3125 4560 3216 4630 qui
3244 4568 3424 4615 tamen
3451 4556 3521 4613 ad

1929 4656 2047 4725 ejus
2070 4656 2286 4725 nuptias
2320 4670 2427 4711 non
2448 4640 2719 4725 pervenit.
2770 4652 2905 4707 Nam
2938 4653 3013 4707 ita
3046 4652 3221 4707 factus
3244 4659 3328 4708 est
3351 4648 3518 4708 disci-

1928 4751 2086 4822 pulus
2113 4750 2367 4806 dubitans
2391 4759 2448 4805 et
2475 4748 2700 4818 palpans
2728 4746 2882 4802 testis
2912 4761 3056 4801 verae
3083 4743 3517 4809 resurrectionis,

1930 4843 2073 4898 sicut
2094 4855 2323 4910 sponsus
2351 4839 2451 4893 fuit
2479 4839 2672 4894 matris
2695 4845 2877 4895 custos
2904 4837 3266 4907 integerrima
3290 4832 3521 4906 virgini-
3582 4858 3587 4859 ν

1930 4933 2077 4987 tatis.
2128 4930 2246 4985 Non
2272 4930 2444 4986 solum
2473 4945 2665 4987 manus
2687 4939 2744 4986 et
2771 4931 2936 5002 pedes
2972 4928 3167 4998 quibus
3201 4927 3371 4982 indita
3401 4926 3519 5005 cla-

1930 5036 2123 5077 vorum
2150 5021 2396 5077 claruere
2418 5022 2666 5092 vestigia,
2696 5022 2789 5078 sed
2808 5028 3101 5077 attestante
3119 5018 3329 5075 Joanne
3350 5019 3520 5077 etiam

1931 5112 2072 5167 latus
2096 5112 2239 5183 quod
2274 5112 2456 5168 lancea
2499 5112 2831 5183 perforatum
2854 5112 3029 5166 fuerat
3051 5111 3307 5177 ostendit,
3345 5119 3406 5167 ut
3432 5112 3521 5167 vi-

1933 5202 2128 5259 delicet
2149 5212 2366 5258 ostensa
2390 5203 2675 5258 vulnerum
2703 5217 2922 5259 suorum
2951 5201 3206 5257 cicatrice
3226 5202 3521 5279 dubietatis

1935 5305 2096 5366 atque
2121 5297 2453 5353 infidelitatis
2473 5313 2656 5353 eorum
2677 5297 2871 5352 vulnus
2890 5305 3125 5351 sanaret.
3160 5296 3360 5352 Verum
3388 5312 3522 5366 quo-

1935 5388 2096 5442 modo
2122 5396 2246 5457 post
2269 5389 2719 5443 resurrectionem
2745 5386 3018 5441 clavorum
3063 5394 3119 5442 et
3153 5387 3355 5442 lanceae
3401 5387 3520 5445 loca

1938 5478 2223 5548 pandendo
2260 5477 2641 5548 discipulorum
2678 5477 2929 5548 dignatus
2956 5486 3039 5534 est
3076 5477 3235 5533 ﬁdem
3264 5493 3523 5548 spemque

1940 5566 2215 5632 roborare,
2244 5567 2319 5620 ita
2343 5568 2398 5621 in
2428 5567 2512 5620 die
2532 5565 2723 5633 iudicii
2747 5567 3009 5622 eteadem
3039 5582 3166 5637 pass
3178 5568 3299 5622 onis
3316 5566 3522 5635 judicia

1931 5665 1986 5713 et
2012 5658 2184 5727 ipsam
2206 5659 2410 5726 pariter
2431 5672 2645 5712 crucem
2669 5660 3015 5715 monstrando
3034 5666 3293 5715 venturus
3313 5667 3396 5714 est
3415 5660 3522 5715 im-

1930 5747 2183 5815 pietatem
2200 5747 2552 5815 superborum
2565 5745 3037 5817 inﬂdelitatemque
3051 5747 3395 5812 confundere,
3413 5745 3522 5803 sci-

1934 5836 2061 5892 licet
2077 5835 2318 5905 utipsum
2332 5851 2391 5890 se
2402 5851 2545 5901 esse,
2561 5837 2650 5906 qui
2674 5838 2744 5892 ab
2766 5838 2948 5908 impiis
2969 5847 3024 5893 et
3047 5853 3145 5907 pro
3172 5837 3351 5906 impiis
3368 5848 3519 5891 mor-

1914 5914 1917 5917 ’
1938 5935 2061 5983 tuus
2073 5934 2179 5993 est,
2193 5926 2403 5982 cunctis
2426 5926 2605 5997 palam
2631 5928 2833 6000 angelis
2844 5938 2898 5984 et
2910 5929 3217 5985 hominibus
3235 5925 3517 5993 ostendat,
