3974 6364
263 376 363 438 181

1350 373 1655 444 nouum
1697 373 1783 446 1N,
1802 372 2053 450 mne.
2091 371 2184 430 ΕΤ
2224 371 2444 428 EPIST.

3427 373 3530 430 189.

261 487 473 562 poterit.
512 487 648 550 alios
674 488 833 554 mala,
860 487 1076 548 docere.
1124 487 1259 546 Cum
1306 497 1485 544 autem
1535 488 1658 543 ﬁdei
1685 504 1844 544 causa
1875 493 1925 568 Α
1952 488 2034 551 lis,
2067 497 2122 542 ut
2145 489 2248 542 hoc
2276 488 2323 541 ei
2355 485 2762 541 concederetur.
2785 483 3029 540 Primum
3051 485 3117 541 ab
3137 486 3268 556 ipsis
3295 468 3531 557 postulat

261 582 518 645 vertitur,
569 595 740 651 neque
786 579 1128 634 manifestum
1159 587 1243 636 est
1266 583 1512 636 omnibus
1549 583 1691 651 quod
1720 583 1850 636 dici-

263 682 376 738 tur,
410 687 582 747 neque
614 671 878 744 malignus
915 671 1122 727 dubitat
1148 671 1340 727 docere
1389 674 1692 728 contraria:
1727 689 1848 727 nam

261 764 484 835 etquod
512 763 713 818 dictum
769 772 847 818 est
882 783 894 816 :
943 763 1120 818 Nolite
1156 763 1398 832 judicare
1437 781 1499 818 ne
1516 764 1847 834 judicemini,

264 856 333 910 de
361 858 470 908 vita
499 854 698 908 dictum
731 862 832 918 est,
865 869 970 908 non
999 854 1064 908 de
1104 851 1226 908 ﬁde.
1262 852 1412 920 Quod
1445 855 1586 908 enim
1624 852 1852 907 infertur

262 945 371 1000 hoc
419 943 776 998 manifestat:
832 941 972 1009 Quid
1013 945 1188 1009 vides,
1251 945 1441 1012 inquit,
1500 944 1745 1014 stipulam
1798 944 1851 996 in

264 1036 420 1089 oculo
460 1036 642 1104 fratris
687 1036 764 1088 tui
790 1047 836 1088 et
868 1036 1063 1089 trabem
1113 1038 1165 1089 in
1211 1036 1359 1088 oculo
1399 1048 1487 1100 tuo
1527 1055 1627 1090 non
1670 1038 1854 1091 vides?

267 1129 461 1182 ()mnia
486 1147 604 1198 ergo
637 1148 751 1200 (μίαν
777 1111 914 1183 vobis
945 1129 1208 1193 dixerunt,
1241 1131 1428 1198 inquit,
1465 1139 1517 1182 ut
1542 1130 1749 1199 faciatis
1773 1129 1853 1196 fa-

263 1223 386 1273 cite.
437 1217 636 1273 FaCere
684 1229 862 1273 autem
887 1219 1063 1288 operis
1110 1228 1189 1273 est
1219 1235 1319 1272 non
1351 1220 1488 1272 ﬁdei.
1555 1219 1854 1272 Secundum

264 1325 442 1366 autem
477 1329 632 1382 Opera
677 1330 852 1365 eorum
885 1313 1039 1365 nolite
1085 1311 1274 1382 facere.
1322 1311 1553 1374 Intueris
1585 1311 1852 1382 quomodo

265 1422 376 1460 non
411 1408 476 1459 de
502 1407 863 1476 dogmatibus,
911 1406 1001 1459 sed
1033 1407 1096 1458 de
1145 1408 1253 1458 vita
1280 1416 1331 1459 ct
1375 1407 1628 1474 operibus
1675 1421 1853 1458 sermo

264 1507 370 1551 est.
419 1497 528 1561 Ipsi
575 1497 707 1550 enim
749 1497 958 1566 vigilant
994 1515 1087 1568 pro
1129 1499 1266 1551 vobis
1301 1501 1547 1551 rationem
1580 1499 1852 1552 reddituri.

265 1587 506 1640 Andiant
553 1596 607 1640 et
652 1589 943 1656 principes,
997 1604 1104 1641 non
1139 1589 1236 1642 soli
1289 1588 1360 1641 illi
1410 1589 1498 1657 qui
1533 1599 1788 1658 reguntur
1825 1605 1852 1641 a

263 1681 626 1750 principibus,
683 1683 950 1749 quonu'nlo
983 1683 1121 1737 sicut
1152 1683 1464 1737 obedientes
1494 1692 1706 1752 Oportet
1736 1700 1854 1738 esse

265 1773 362 1839 qui
390 1783 668 1840 reguntur,
695 1774 771 1826 sic
801 1774 962 1826 etiam
996 1784 1233 1828 rectores
1255 1782 1308 1829 et
1335 1775 1604 1844 principes
1632 1775 1856 1844 vigilan-

1953 581 2246 643 orationcs,
2279 589 2405 634 tunc
2428 579 2720 648 etiamipse
2747 579 2844 649 pro
2868 578 2947 634 eis
2972 580 3151 633 omnia
3176 580 3314 636 bona
3341 577 3530 653 depre?

1955 672 2198 726 cabatur.

2035 759 2168 815 Deus
2207 773 2378 817 autent
2410 764 2576 832 pacis,
2599 763 2690 836 qui
2712 763 2891 842 eduxit
2921 763 2985 819 de
3014 765 3232 819 mortuis
3269 774 3533 835 pastorem

1953 869 2200 924 magnum
2232 855 2400 907 ovium
2431 855 2483 908 in
2516 855 2770 925 sanguine
2799 857 3094 909 testamenti
3136 857 3315 910 aeterni
3349 854 3528 912 Domi-

1955 962 2078 997 num
2117 957 2351 998 nostrum
2378 945 2559 999 Jesum
2590 941 2875 1011 Christum,
2908 959 3045 1018 ap!et
3070 964 3155 1000 vos
3183 947 3234 1000 in
3259 950 3398 1002 omni
3420 966 3534 1018 ope-

1956 1055 2009 1090 re
2031 1038 2178 1098 bona,
2217 1047 2270 1090 ut
2303 1039 2512 1108 faciat-is
2543 1039 2855 1093 voluntatem
2901 1041 3038 1110 ejus,
3066 1040 3262 1111 faciens
3288 1043 3342 1095 in
3392 1042 3530 1097 vobis

1954 1129 2091 1199 quod
2118 1129 2317 1198 placeat
2346 1146 2520 1183 coram
2556 1148 2608 1183 se
2638 1148 2728 1199 per
2745 1129 2926 1184 Iesum
2951 1130 3240 1197 Christum,
3264 1134 3348 1187 cui
3367 1131 3536 1204 gloria

1954 1221 2008 1273 in
2034 1219 2225 1272 sa'cula
2254 1219 2584 1275 sa'culorum.
2615 1221 2800 1276 Antea.
2828 1221 2988 1289 Deus,
3015 1224 3208 1293 inquit,
3235 1228 3411 1296 pacis;
3442 1242 3536 1280 no-

1955 1313 2050 1366 lite
2083 1313 2246 1383 igitur
2275 1313 2535 1367 dissidere
2559 1331 2586 1366 a
2616 1315 2770 1368 nobis
2800 1315 2844 1367 si
2882 1314 3044 1369 vultis
3100 1315 3386 1369 Dominum
3442 1313 3536 1370 lia-

1955 1408 2083 1462 hcre
2110 1407 2419 1476 propitium.
2442 1407 2542 1473 Qui
2570 1408 2768 1472 eduxit,
2799 1408 2989 1477 inquit,
3021 1407 3084 1462 de
3111 1417 3250 1462 terra
3275 1417 3536 1480 pastorem

1956 1515 2224 1567 maguum.
2280 1499 2392 1552 lloc
2450 1501 2514 1552 de
2568 1502 2962 1554 resurrectione
3016 1500 3217 1554 dictum
3257 1507 3358 1554 est.
3401 1498 3541 1555 Hinc
3613 1527 3620 1532 -

1959 1592 2101 1646 enim
2136 1607 2304 1661 usque
2344 1593 2411 1646 ad
2445 1593 2606 1646 ﬁnem
2632 1593 2893 1648 orationis
2931 1593 3196 1648 rationem
3225 1592 3304 1647 eis
3335 1592 3402 1647 de
3445 1605 3537 1647 re-

1958 1672 2292 1736 surrectione
2320 1681 2623 1747 conﬁrmat,
2656 1692 2708 1736 et.
2737 1684 3058 1738 testiﬁcatur
3083 1683 3162 1737 eis
3192 1681 3395 1750 majora
3415 1695 3542 1752 per-

1957 1774 2223 1830 fectionis.
2255 1777 2341 1829 Ad‘
2368 1775 2485 1831 illos
2517 1777 2658 1829 enim
2685 1777 2937 1846 pertinet,
2971 1775 3061 1844 qui
3098 1776 3208 1846 jam
3261 1790 3541 1845 sumpsere

268 1871 354 1916 tes
385 1879 503 1915 cssc
533 1864 678 1916 dicit.
737 1863 870 1927 lloc,
911 1865 1099 1933 inquit,
1153 1865 1268 1917 dico
1304 1875 1354 1916 ut
1383 1882 1497 1918 cum
1541 1866 1730 1935 gaudio
1767 1866 1849 1934 fa-
1881 1853 1929 1922 Β
1955 1866 2301 1938 principium,
2333 1876 2385 1921 et
2407 1884 2638 1938 quorum
2665 1868 2730 1921 ad
2761 1867 3146 1935 perfectionem
3187 1865 3367 1920 omnis
3412 1881 3538 1919 cur-

265 1954 409 2006 ciant
434 1963 480 2006 et
513 1971 614 2006 non
646 1956 978 2023 gemiscenfcs
1005 1997 1018 2018 ,
1065 1972 1164 2007 non
1191 1957 1325 2008 enim
1367 1958 1570 2025 expedit
1595 1957 1752 2010 vobis.
1780 1955 1858 2009 In-

267 2045 443 2098 tueris
471 2046 685 2112 quando
729 2053 1151 2098 contcmmmtur
1177 2062 1225 2114 pi
1244 2047 1464 2115 int-ipes,
1522 2063 1626 2103 non
1649 2057 1858 2116 oportet

263 2133 502 2187 ultiones
535 2134 800 2202 ingerere,
858 2149 914 2188 se
939 2137 956 2187 l'
977 2144 1082 2188 tota
1117 2135 1250 2189 ultio
1279 2145 1359 2189 cst
1382 2135 1594 2205 plorare
1627 2146 1681 2190 ct
1712 2139 1859 2206 inge-

264 2227 518 2282 miscere.
549 2227 682 2281 Nam
711 2236 764 2282 ct
787 2228 1022 2282 medicus
1048 2231 1262 2297 quamlo
1296 2231 1362 2282 ab
1392 2238 1590 2300 :egrolo
1622 2238 1859 2283 cotttem-

266 2317 440 2381 nitur,
482 2332 586 2369 non
615 2332 674 2369 se
723 2317 1021 2380 ulciscitur,
1080 2318 1173 2370 sed
1221 2317 1396 2394 plorat
1421 2327 1475 2372 et
1515 2319 1853 2388 ingemiscit;

266 2409 363 2462 sed
404 2409 540 2462 dicis
566 2410 691 2477 quia
724 2408 809 2462 ille
849 2409 1169 2480 ingemiscit,
1201 2411 1478 2465 ulciscitur
1516 2412 1567 2463 in
1598 2420 1649 2463 te
1695 2409 1854 2464 Deus.

267 2497 325 2553 Si
360 2500 504 2553 enim
545 2517 666 2554 cuni
695 2517 791 2569 pro
815 2502 1011 2555 nostris
1034 2503 1271 2571 peccatis
1312 2503 1732 2572 ingemiscinnis,
1767 2502 1857 2556 ad-

266 2591 520 2645 ducimus
569 2592 635 2645 ad
688 2609 785 2647 nos
833 2593 1270 2663 propitiationem
1329 2593 1454 2660 Dei,
1497 2611 1593 2665 per
1631 2595 1856 2648 aliorum

264 2695 400 2735 vero
424 2684 730 2752 superbiam
783 2692 837 2737 et
874 2694 1237 2753 contemptum
1284 2701 1405 2740 cum
1436 2685 1856 2755 ingemiscimus,

266 2788 451 2827 nonne
505 2773 734 2843 amplius
772 2775 1098 2829 advocamus
1149 2776 1368 2830 Deum?
1427 2773 1672 2831 Gemitus
1715 2775 1857 2829 enim

270 2863 425 2915 omni
478 2865 580 2917 erit
616 2861 815 2919 ultione
843 2866 1096 2919 deterior.
1137 2865 1361 2932 Quando
1394 2867 1535 2920 enim
1589 2868 1703 2936 ipse
1751 2883 1857 2921 non

271 2955 546 3025 intelligit,
587 2957 938 3026 ingemiscens
987 2959 1201 3012 invocat
1243 2958 1552 3014 Dominum.
1601 2959 1665 3014 Et
1696 2960 1853 3014 sicuti

269 3065 398 3102 cum
431 3049 617 3102 doctor
639 3051 1002 3104 contcnmitur
1025 3067 1053 3104 a
1081 3068 1268 3122 puero,
1294 3052 1614 3122 paedagogus
1637 3063 1860 3122 c0gatur

265 3142 361 3209 qui
407 3141 647 3195 severius
677 3143 885 3196 accedit
920 3145 985 3198 ad
1019 3159 1241 3216 puerum
1270 3186 1284 3210 ,
1334 3145 1414 3199 sic
1459 3147 1620 3199 etiam
1668 3145 1720 3198 hi
1765 3145 1856 3214 qui

1961 1975 2052 2014 sus
2089 1961 2412 2024 intenditur;
2441 1969 2668 2028 oratque
2700 1975 2796 2028 pro
2839 1959 2956 2013 eis:
2999 1958 3139 2027 quod
3192 1958 3427 2029 pertinet
3472 1957 3540 2012 ad

1960 2065 2248 2110 amantem.
2289 2057 2350 2109 Et
2385 2059 2436 2110 in
2481 2056 2600 2111 aliis
2631 2056 2844 2124 quidem
2896 2053 3137 2124 epistolis
3190 2051 3243 2107 in
3301 2051 3541 2109 exordiis

1959 2155 2097 2210 orat,
2135 2145 2221 2200 hic
2264 2155 2440 2199 autem
2477 2147 2528 2199 in
2569 2146 2691 2199 ﬁne.
2726 2146 2874 2214 Aptet
2908 2162 3019 2209 vos,
3058 2141 3252 2212 inquit,
3292 2143 3346 2196 in
3397 2143 3540 2195 omni

1961 2258 2110 2310 opere
2137 2242 2268 2293 bono
2303 2249 2356 2292 ut
2389 2240 2597 2307 faciatis
2626 2238 2942 2291 voluntatem
2973 2236 3108 2306 ejus,
3145 2235 3343 2304 faciens
3370 2234 3426 2286 in
3455 2250 3540 2286 vo-

1961 2333 2037 2385 bis
2077 2321 2443 2400 quod'pl‘aceat
2470 2345 2645 2381 coram
2683 2344 2753 2381 se.
2786 2327 3014 2380 Intueris
3045 2323 3540 2395 qualiter‘osteldit

1959 2419 2262 2490 ingenerari
2309 2432 2464 2488 posse
2507 2419 2793 2481 virtutem;
2834 2431 3008 2485 neque
3041 2431 3107 2469 ex
3155 2413 3382 2468 Domino
3412 2413 3545 2466 dicit

1960 2519 2152 2576 totum,
2216 2525 2390 2578 nequc
2448 2523 2513 2562 ev
2565 2508 2719 2561 nobis
2769 2519 2887 2560 eam
2926 2506 3111 2576 perﬁci
3146 2513 3376 2558 tantum.
3407 2500 3543 2556 Nam

1961 2605 2101 2675 quod
2125 2603 2278 2666 dicit,
2312 2601 2379 2654 Ut
2411 2601 2645 2671 perﬁciat
2680 2616 2768 2653 vos
2798 2601 2851 2652 in
2871 2600 3013 2652 omni
3041 2611 3192 2668 opere
3230 2596 3384 2659 b‘ono,
3437 2594 3542 2647 hoc

1961 2697 2266 2768 signiﬁcat:
2303 2693 2523 2748 Habetis
2553 2692 2770 2761 quidem
2819 2691 3095 2768 virtutem,
3152 2687 3402 2759 indigetis
3450 2701 3546 2739 au-

1963 2767 2067 2844 tem
2110 2784 2523 2857 complementa.
2577 2785 2722 2850 Quid
2775 2792 2954 2837 autem
3007 2767 3090 2836 est
3135 2779 3284 2849 quod
3307 2777 3456 2842 dicit,
3490 2776 3546 2830 in

1961 2881 2098 2934 omni
2149 2893 2300 2948 opere
2343 2885 2390 2930 et
2438 2891 2672 2930 sermone
2692 2876 2866 2929 bono?
2888 2873 2954 2928 Ut
2987 2873 3242 2928 videlicet
3258 2870 3423 2924 vitam
3452 2873 3542 2922 re-

1959 2982 2102 3026 ctam
2130 2972 2391 3026 haberent
2438 2979 2491 3024 et
2539 2969 2809 3039 dogmata.
2865 2967 3171 3021 Secundum
3213 2963 3543 3018 voluntatem

1959 3063 2094 3133 ejus,
2130 3065 2320 3133 inquit,
2355 3064 2556 3117 faciens
2611 3064 2661 3115 in
2704 3062 2875 3125 vobis,
2905 3060 3301 3130 beneplacitum
3334 3059 3383 3111 in
3412 3073 3544 3112 con-

1960 3167 2148 3228 specta
2180 3157 2311 3226 ejus.
2348 3155 2471 3208 lliec
2508 3155 2704 3224 quippe
2743 3162 2827 3206 est
2858 3153 3092 3206 maxima
3147 3151 3316 3203 virtus
3367 3145 3546 3204 facere

266 3231 704 3286 inobedientihus
746 3233 1022 3302 discipulis
1061 3251 1165 3290 non
1210 3236 1497 3306 loquentur
1531 3236 1851 3306 periculum.

1966 3249 2355 3317 hencplacitum
2381 3247 2432 3299 in
2450 3254 2740 3316 conspectu
2765 3243 2881 3307 Dei,
2901 3244 3195 3297 secundum
3218 3233 3368 3309 quod'
3381 3240 3544 3294 etiam

343 3340 504 3394 Orate
534 3359 626 3412 pro
673 3343 849 3406 nobis;
899 3344 1209 3420 conﬁdimus
1238 3346 1373 3400 enim
1395 3347 1517 3416 quia
1544 3346 1730 3400 bonam
1768 3346 1862 3419 ha-

267 3432 445 3486 bemus
471 3436 841 3510 conscientiam
881 3436 934 3488 in
960 3437 1195 3490 omnibus
1243 3437 1364 3490 bene
1396 3437 1615 3492 volentes
1645 3454 1859 3492 conver-

267 3525 397 3577 sari.
436 3523 665 3579 intueris
694 3527 961 3594 quomodo
992 3527 1074 3580 ha:
1101 3527 1508 3596 dcprecationes
1534 3538 1657 3581 sunt
1696 3527 1860 3584 veluti

267 3614 337 3666 ad
365 3616 714 3670 contristatos
741 3616 1012 3682 scribens,
1046 3626 1100 3671 et
1129 3601 1202 3669 adi
1221 3634 1312 3672 eos
1333 3618 1422 3686 qui
1458 3619 1857 3681 avertebantur,

265 3717 324 3763 et
354 3708 446 3775 qui
495 3708 638 3762 circa
693 3722 814 3762 eum
856 3709 1022 3762 veluti
1066 3710 1210 3762 circa
1249 3709 1715 3778 praevaricatorem
1744 3707 1859 3760 alli-

267 3799 574 3862 ciebantur,
613 3815 720 3854 non
751 3799 984 3854 ferentes
1015 3814 1080 3854 ne
1122 3800 1338 3869 quidem
1389 3815 1582 3853 nonuen
1609 3798 1724 3866 ejus
1761 3814 1859 3851 au-

267 3890 412 3945 dire.
457 3892 735 3956 Quomodo
760 3891 923 3962 igitur
949 3893 1016 3946 ab
1046 3891 1420 3946 obcdicntibus
1466 3890 1566 3944 sibi
1616 3889 1742 3943 talia
1767 3904 1860 3958 po-

266 3982 543 4047 stillabat,
585 3983 762 4052 qualia
808 3983 930 4066 quis
983 3998 1013 4034 a
1055 3980 1404 4036 dilectoribus
1446 3987 1628 4049 potest
1660 3994 1860 4048 pracsu-

265 4090 456 4137 mere,
502 4085 788 4144 propterea
827 4075 883 4128 in
923 4075 1024 4128 hoc
1049 4074 1165 4128 loco
1192 4075 1295 4128 hoc
1342 4073 1619 4126 constituit
1651 4073 1858 4135 dicens,

269 4165 599 4232 Con/idimus
622 4168 744 4237 quia
771 4166 956 4220 bonam
981 4165 1349 4218 conscientiam
1388 4164 1633 4216 habemus
1653 4203 1666 4227 ,
1695 4161 1860 4216 veluti

268 4259 314 4312 si
348 4258 554 4311 diceret
584 4276 595 4308 :
635 4255 766 4312 Nolo
814 4257 944 4335 mihi
985 4255 1355 4310 accusationes
1386 4254 1591 4323 aliquas
1623 4251 1858 4323 profera-

268 4349 360 4401 tis.
394 4349 757 4414 Conscientia,
792 4348 985 4416 inquit,
1030 4356 1212 4401 nostra
1249 4361 1345 4400 nos
1367 4345 1420 4399 in
1447 4345 1593 4399 nullo
1617 4346 1862 4399 condem—

267 4447 388 4500 nat,
432 4452 605 4506 neque
631 4438 784 4492 nobis
807 4437 1008 4506 aliquid
1038 4436 1237 4491 conscii
1269 4450 1454 4489 sumus
1477 4435 1745 4505 quomodo
1769 4450 1860 4490 v0—

265 4527 353 4582 bis
385 4526 604 4580 insidias
642 4526 948 4580 fecerimus.
993 4523 1340 4600 Conﬁtlimus,
1379 4524 1573 4594 inquit,
1613 4525 1858 4594 quoniam

1962 3339 2230 3409 Pr0pheta
2278 3339 2518 3406 loquitur
2559 3337 2771 3392 dicens:
2812 3331 2881 3388 Et
2916 3334 3197 3388 secundum
3232 3325 3543 3386 munditiam

1961 3447 2213 3485 manuum
2258 3447 2490 3484 mearum
2533 3431 2585 3482 in
2631 3439 2908 3500 conspectu
2949 3428 3220 3481 oculo-rum
3264 3426 3411 3495 ejus;
3457 3424 3544 3478 cui

1962 3526 2040 3580 rei
2072 3539 2198 3578 vera
2229 3524 2280 3578 in
2309 3523 2461 3578 caelis
2483 3532 2565 3578 est
2608 3538 2818 3577 merces
2845 3529 3138 3592 praestante
3168 3519 3396 3574 Domino
3445 3531 3543 3570 no-

1963 3624 2075 3672 stro
2100 3611 2224 3671 Iesu
2265 3615 2501 3680 Christo,
2554 3615 2643 3684 qui
2687 3630 2807 3670 cum
2854 3606 3013 3666 P‘atre
3042 3619 3096 3666 et
3121 3607 3326 3680 Spiritu
3355 3615 3545 3665 sancto

1960 3708 2092 3761 vivit
2121 3716 2174 3762 et
2227 3714 2416 3778 regnat
2448 3705 2609 3771 D‘eus,
2641 3714 2740 3775 per
2767 3703 2945 3759 omnia
2977 3701 3172 3758 szecula
3198 3698 3539 3756 saeculorum.

1961 3797 2152 3852 Amen.

2540 3886 2818 3942 HOMILI'A
2854 3873 2969 3940 XX.

2540 3994 2668 4032 ITEM
2703 3993 2857 4031 FERIA
2893 3993 2963 4030 ιγ.

2100 4069 2282 4126 Lectio
2310 4071 2480 4126 sancti
2510 4068 2779 4139 Evangelii
2812 4067 3108 4123 secundmn
3136 4067 3395 4124 Marcum.

2032 4163 2100 4216 In
2139 4160 2228 4214 illo
2255 4172 2502 4229 tempore,
2537 4175 2750 4227 surgens
2780 4155 2936 4210 Iesus
2962 4175 3116 4210 mane
3141 4159 3314 4227 prima
3334 4153 3540 4211 sabbati

1963 4252 2206 4323 apparuit
2235 4251 2402 4320 primo
2434 4245 2622 4301 Maria?
2649 4245 3002 4317 Magdal'emr,
3031 4258 3134 4302 etc.

2034 4343 2159 4397 Haec
2188 4342 2454 4411 apparitio
2486 4357 2592 4410 quo
2620 4340 2778 4396 modo
2801 4349 2858 4395 et”
2903 4341 2993 4395 ubi
3026 4342 3095 4395 sit
3143 4337 3283 4395 facta
3309 4339 3542 4397 Ioannes

1961 4437 2271 4508 plenissime
2301 4437 2474 4490 docet.
2507 4434 2756 4489 Surrexit
2785 4442 2963 4491 autem
2994 4433 3256 4490 Dominus
3285 4450 3442 4490 mane
3478 4435 3544 4490 de

1963 4539 2312 4585 monumento
2337 4529 2388 4582 iu
2422 4544 2549 4597 quo,
2585 4543 2706 4582 sero
2732 4527 2842 4597 jam
2893 4527 3054 4584 facto.
3087 4537 3203 4582 erat
3246 4527 3542 4596 depositus,

268 4621 460 4676 bonam
489 4624 851 4676 conscientiam
879 4622 1127 4674 habemus
1154 4622 1203 4674 in
1244 4621 1501 4685 omnibus,
1525 4636 1628 4674 non
1660 4622 1712 4675 in
1737 4637 1860 4691 gen—
1885 4597 1938 4657 D
1963 4631 2022 4676 ut
2049 4620 2433 4690 adimpleretur
2465 4620 2590 4673 illud
2616 4619 2912 4673 Psalmistte
2936 4639 2947 4672 :
2975 4619 3055 4672 Ad
3079 4636 3340 4689 vesperum
3364 4619 3540 4673 demo»

268 4718 416 4770 tibus
443 4724 672 4780 tantum,
706 4717 800 4774 sed
824 4717 992 4792 etiam:
1021 4715 1074 4768 in
1100 4715 1268 4769 vobis.
1301 4715 1444 4768 Nihil
1478 4715 1856 4785 negotiationis

268 4809 444 4880 gratia
480 4807 720 4874 fecimus,
770 4807 905 4862 nihil
961 4807 1312 4862 confcctionis
1350 4808 1716 4875 protulimus;
1756 4807 1862 4861 for-

273 4910 420 4954 tasse
448 4902 588 4954 cnim
620 4903 674 4955 in
719 4902 915 4957 talibus
942 4902 1320 4955 accusabatur.
1375 4901 1665 4953 Audierant
1696 4902 1855 4966 enim,

269 4996 470 5065 inquit,
498 4997 561 5050 de
596 5005 642 5050 te
665 4996 920 5066 quomodo
950 4981 1312 5048 discessionem
1341 4995 1491 5046 doces
1516 5011 1546 5044 a
1574 4993 1720 5062 lege;
1749 5008 1856 5046 non

267 5089 416 5145 sicut
444 5089 708 5148 inimicus,
761 5089 960 5157 inquit,
993 5101 1166 5155 neque
1205 5087 1344 5140 sicut
1374 5086 1566 5149 hostis,
1598 5085 1689 5139 sed
1717 5085 1856 5137 sicut

272 5180 482 5232 amicus
511 5179 625 5232 haec
653 5178 848 5233 scribo.
881 5177 991 5232 [loc
1025 5177 1186 5231 etiam
1209 5192 1276 5232 ex
1301 5177 1386 5232 his
1413 5193 1531 5247 qua:
1557 5185 1856 5245 sequuntur

270 5272 596 5327 ostenditur.

348 5364 586 5433 Amplius
615 5373 786 5416 autem
815 5363 1060 5431 deprecor
1086 5378 1171 5415 vos
1225 5361 1322 5414 hoc
1354 5361 1548 5429 facere,
1572 5369 1628 5413 ut
1650 5376 1751 5430 quo
1775 5375 1854 5412 ce-

272 5455 438 5511 lerius
468 5458 708 5510 restituar
730 5455 888 5508 vobis.
914 5454 1027 5508 lloc
1055 5454 1200 5508 enim
1227 5453 1453 5506 nimium
1496 5453 1728 5506 amantis
1773 5459 1856 5505 est

275 5548 357 5604 sic
387 5562 545 5601 orare
571 5562 675 5601 non
714 5544 1048 5613 simpliciter,
1069 5543 1162 5597 sed
1184 5559 1305 5598 cum
1337 5549 1449 5597 tota
1478 5541 1773 5595 intentione
1803 5549 1855 5593 et

273 5643 424 5698 omni
458 5655 678 5710 prorsus
700 5639 896 5692 studio.
933 5637 1003 5692 Ut
1039 5638 1167 5701 cito,
1193 5637 1384 5705 inquit,
1409 5636 1476 5688 ad
1503 5651 1594 5688 vos
1621 5635 1851 5688 veniam.

280 5732 398 5790 Hoc
421 5732 590 5786 auitni
618 5739 702 5786 est
729 5730 862 5785 nihil
891 5731 992 5785 sibi
1023 5711 1224 5786 conscii
1250 5729 1527 5790 festinare,
1569 5733 1627 5779 ut
1669 5727 1737 5781 ad
1765 5741 1859 5780 cos

288 5827 548 5884 velociter
583 5825 878 5891 adveniret,
915 5832 970 5882 et
996 5825 1269 5882 exhortari
1313 5823 1455 5888 illos,
1481 5836 1640 5878 orare
1671 5836 1772 5891 pro
1800 5819 1861 5874 il-

1960 4715 2166 4768 rabitur
2193 4715 2364 4782 ﬂetus,
2397 4721 2443 4764 et
2468 4711 2535 4763 ad
2558 4711 2872 4764 matutinum
2901 4709 3104 4763 lictitia.
3133 4709 3388 4778 Sepultus
3415 4725 3544 4778 ergo

1961 4816 2111 4862 sexta
2170 4805 2377 4860 sabbati
2426 4819 2545 4872 qua:
2605 4801 2802 4855 dicitur
2853 4799 3146 4854 Parasceve
3183 4801 3324 4853 circa
3353 4799 3541 4853 horam

1960 4898 2349 4968 vespertinam,
2383 4893 2627 4962 sequenti
2659 4900 2816 4947 nocte
2848 4909 2911 4945 ac
2937 4891 3022 4946 die
3048 4891 3254 4945 sabbati
3287 4907 3408 4944 cum
3439 4905 3540 4946 no-

1963 5005 2045 5048 ete
2076 4988 2421 5056 subscquenti
2452 4988 2504 5039 in
2539 4993 2886 5040 monumento
2908 4985 3132 5053 positus,
3165 4984 3242 5039 sic
3274 4984 3358 5039 die
3384 4985 3544 5040 tertia

1961 5085 2014 5139 id
2046 5092 2148 5147 est,
2180 5082 2354 5150 primo
2395 5094 2552 5133 mane
2584 5079 2794 5132 sabbati
2847 5077 3099 5131 surrexit.
3156 5075 3428 5147 Apparuit,
3460 5078 3543 5132 in-

1963 5178 2098 5248 quit,
2128 5176 2293 5245 primo
2328 5174 2514 5227 Marica
2545 5171 2872 5243 Magdalena:
2894 5172 2956 5225 de
2976 5188 3078 5250 qua
3102 5172 3319 5242 ejecerat
3349 5185 3539 5244 septem

1965 5268 2243 5323 dwmouia.

2038 5361 2142 5413 Illa
2193 5359 2382 5413 vadens
2433 5359 2682 5412 nuntiavit
2720 5357 2818 5416 Itis,
2847 5359 2936 5429 qui
2966 5375 3080 5411 cum
3111 5376 3167 5413 eo
3192 5364 3423 5428 fuerant,
3452 5359 3537 5414 lu-

1963 5453 2195 5524 gentibus
2221 5462 2265 5504 et
2293 5451 2554 5521 ﬂentibus.
2590 5449 2742 5502 Sicut
2763 5449 2814 5502 in
2839 5451 3104 5522 principio
3135 5452 3327 5508 mulier
3351 5458 3540 5508 auctor

1963 5544 2131 5612 culpa:
2159 5542 2271 5596 viro
2308 5541 2426 5604 fuit,
2459 5542 2540 5594 vir
2565 5549 2850 5595 exsecutor
2877 5543 3097 5606 erroris,
3138 5545 3208 5598 ita
3243 5559 3389 5598 nunc
3421 5558 3541 5612 qua:

1962 5636 2113 5706 prius
2169 5641 2398 5687 mortem
2430 5640 2737 5702 gustaverat
2762 5636 3216 5690 resurrectionem
3268 5635 3419 5704 prior
3454 5633 3538 5688 vi-

1966 5725 2073 5790 dit;
2124 5735 2176 5778 et
2214 5740 2280 5779 ne
2316 5721 2556 5794 perpetui
2606 5732 2786 5779 reatus
2825 5726 2965 5796 apud
3007 5727 3153 5780 viros
3186 5725 3535 5795 opprobrium

1967 5817 2280 5882 sustineret,
2312 5830 2429 5885 qua:
2447 5813 2660 5882 culpam
2685 5815 2803 5870 viro
2829 5814 3208 5880 transfuderat,
3242 5811 3532 5870 transfodit
