3974 6364
518 393 639 460 Ιετ
1149 396 1210 450 Β.
1250 392 1502 449 RABANI
1543 390 2797 457 ΜΑΙΙΗΙΙἈΗΕΗΙΕΡΙΙΙΟΠΗΝἮῸΡΕΒΟΜ
2835 398 3015 455 PARS
3053 401 3119 456 Il.
3656 406 3747 469 ,δε

516 512 1021 587 voluit-mtligmtut‘
1047 516 1107 569 in
1120 512 1509 584 :quorpeeeatai
1524 511 2011 583 tolleretwpendensz
2035 511 2085 564 in

2197 510 2439 580 requirit,
2471 510 2728 567 interiora
2750 514 2927 583 gregis
2951 515 3151 595 damna
3180 514 3518 588 negligenter
3540 523 3752 590 paritura

518 610 763 669 humeris
789 610 1034 665 haberet.
1087 607 1169 665 Ad
1194 616 1454 677 pastorem
1480 620 1646 676 ergo,
1680 604 1871 675 inquit,
1896 612 1946 657 ‘et
1974 604 2096 658 visi-
2269 600 2624 657 Merceitarius
2656 616 2830 657 autem
2861 605 2994 675 [agit
3014 608 3181 677 ,‘quia
3209 612 3563 667 mercenarius
3586 623 3682 678 est,
3702 626 3749 671 ac

517 704 1089 767 tutoremiiauimarum
1129 710 1441 763 vestrarum.
1497 698 1779 761 Pastorem
1827 697 2105 761 videliceto
2196 711 2299 753 non
2334 697 2552 765 pertinet
2587 698 2656 752 ad
2686 715 2803 757 eum
2837 699 2900 754 de
2933 701 3127 756 ovibus.
3161 701 3293 757 Sola
3328 718 3461 773 ergo
3498 719 3649 761 causa
3676 719 3741 764 est

516 798 645 870 quia
671 811 875 868 pascua
932 796 1086 850 nobis
1136 795 1259 849 vita:
1310 796 1473 867 donat
1528 802 1764 861 aeternae,
1795 808 1993 863 pascua
2041 793 2100 848 in
2194 795 2255 841 ul
2282 790 2655 849 mercenarius
2686 790 2885 862 fugiat,
2924 792 3049 871 quia
3080 795 3447 871 mercenarius
3476 805 3573 851 est.
3610 800 3682 854 Ac
3703 801 3752 855 sil

513 888 769 963 praesenti
798 887 1174 958 temporalium
1225 894 1446 955 praestat
1481 885 1800 955 gratiarum.
1838 885 2082 939 Visitato‘

2194 889 2379 950 aperte
2425 881 2740 939 diceretur:
2775 882 2932 941 Stare
2961 886 3014 967 in
3055 886 3295 963 periculo
3326 889 3508 973 ovium
3540 906 3637 946 non
3660 906 3749 967 ρος·

517 999 633 1039 rem
675 996 802 1037 vero
854 981 1154 1035 animarmn
1207 986 1529 1041 vestrarum,
1565 977 1687 1046 quia
1743 975 1967 1031 uisitauit
2002 976 2107 1041 nos
2194 979 2318 1038 test,
2351 974 2441 1042 qui
2467 975 2523 1029 in
2551 990 2616 1030 eo
2643 975 2784 1047 quod
2814 977 3002 1034 ovibus
3027 988 3251 1059 prmegt;
3284 996 3393 1038 non
3422 996 3549 1037 oves
3576 983 3741 1059 (misit,

518 1079 693 1132 oriens
718 1091 783 1129 ex.
830 1074 957 1138 alto,
990 1073 1288 1127 illuminare
1331 1072 1411 1124 his
1451 1073 1539 1141 qui
1568 1071 1621 1123 in
1676 1070 1898 1123 tenebris
1947 1078 1995 1123 et
2040 1070 2095 1122 in
2195 1066 2287 1120 sed
2326 1065 2533 1120 lucrum
2582 1076 2855 1127 terrenum
2901 1071 3111 1138 qumrit.
3157 1072 3295 1129 Dum
3337 1072 3482 1131 enim
3516 1073 3740 1129 honorem

516 1167 701 1223 umbra
725 1167 913 1220 mortis
935 1165 1132 1219 sedent.
1165 1164 1361 1219 Visitat
1390 1162 1627 1231 qtlotidie
1656 1160 1905 1231 insanin
1942 1159 2103 1215 nobis
2194 1158 2555 1231 amplectitur,
2597 1160 2722 1215 dum
2768 1162 3153 1232 temporalibus
3197 1165 3498 1219 commodis
3542 1164 3740 1243 laetatur,

516 1278 680 1335 quam
710 1263 931 1316 donavit
965 1262 1161 1324 lucem,
1194 1274 1263 1313 ne
1306 1258 1521 1313 deﬁciat
1570 1255 1853 1317 servando,
1886 1254 1994 1309 imo
2034 1263 2085 1306 ul

2193 1266 2464 1319 opponere
2491 1268 2549 1307 se
2580 1261 2766 1309 contra
2794 1254 3092 1324 periculum
3117 1255 3376 1324 trepidat,
3408 1271 3475 1311 ne
3501 1257 3599 1311 hoc
3625 1258 3754 1326 quod.

514 1364 570 1411 et
591 1362 801 1411 crescat
831 1352 1090 1421 juvando.
1125 1351 1353 1418 Quidam
1386 1350 1607 1405 codices
1638 1349 1812 1417 ipsum
1846 1344 2109 1399 Graicnm.
2194 1343 2368 1415 diligit
2406 1346 2637 1400 amittat.
2671 1345 2805 1401 Item
2855 1346 3011 1416 lupus
3056 1363 3217 1418 super
3271 1363 3403 1403 oves
3451 1350 3610 1411 venit,
3642 1366 3741 1403 cum

512 1451 734 1515 habent,
765 1451 833 1504 ad
871 1458 1131 1518 pastorem
1156 1459 1203 1501 et
1235 1448 1527 1516 episcopum
1555 1444 1854 1497 animarum
1894 1449 2081 1495 vestra-

2195 1439 2425 1513 quilibet
2455 1439 2684 1508 injustas
2711 1451 2765 1497 et
2786 1451 2971 1511 raptor
2997 1441 3178 1496 fideles
3206 1456 3452 1511 quosque
3482 1451 3633 1510 atque
3660 1442 3741 1495 liu—

511 1558 648 1597 rum.
675 1543 972 1612 Episcopus
991 1549 1170 1594 autem
1195 1540 1383 1593 Latine
1405 1535 1835 1607 superintendens
1865 1534 2089 1599 dicitur;
2192 1532 2350 1586 miles
2376 1533 2649 1602 opprimit.
2686 1530 2791 1587 Sed
2828 1533 2874 1589 is
2899 1534 2990 1602 qui
3024 1541 3208 1605 pastor
3244 1549 3366 1588 esse
3395 1533 3676 1597 videbatur,
3702 1543 3744 1587 et

510 1638 633 1707 quia
668 1636 921 1691 nimirum
949 1634 1088 1688 oeuli
1146 1631 1357 1687 Domini
1411 1646 1573 1700 super
1602 1629 1779 1698 justas
1829 1635 1883 1681 et
1931 1640 2091 1680 aures
2193 1640 2301 1679 non
2326 1634 2464 1690 erat,
2498 1626 2751 1699 relinquit
2772 1641 2900 1682 oves
2919 1636 2973 1682 et
3003 1625 3158 1697 fugit,
3188 1626 3317 1696 quia
3346 1627 3473 1681 dum
3496 1627 3590 1681 sibi
3613 1628 3670 1680 ab
3694 1642 3745 1680 eo

509 1728 623 1797 eius
649 1730 713 1782 ad
742 1743 931 1796 preces
968 1742 1153 1781 eorum
1186 1734 1237 1780 et
1278 1741 1341 1779 ex
1370 1724 1621 1779 omnibus
1654 1718 2092 1776 tribulationibus
2194 1717 2494 1785 periculum
2532 1719 2746 1782 metuit,
2778 1718 3036 1799 resistere
3061 1719 3177 1788 ejus
3203 1718 3483 1788 iniustitiae
3510 1733 3611 1783 non
3635 1734 3743 1786 pne-

508 1835 694 1875 corum
728 1819 977 1874 liberavit
1011 1834 1122 1883 eos,
1151 1818 1235 1872 cui
1261 1817 1429 1889 gloria
1478 1817 1654 1871 honor
1691 1822 1745 1869 et
1768 1820 2008 1886 potestas
2037 1814 2090 1868 in
2194 1807 2386 1876 stunit;
2437 1810 2570 1880 fugit
2618 1820 2796 1866 autem
2838 1827 2944 1867 non
2976 1813 3233 1869 mutando
3278 1812 3481 1875 locum,
3519 1812 3607 1867 sed
3643 1812 3744 1887 sub-

510 1909 707 1967 saecula
747 1908 1088 1965 saeculorum.
2119 1901 2171 1967 B
2198 1899 2455 1954 trahendo
2491 1902 2781 1966 solatium,
2812 1900 2948 1971 fugit
2985 1903 3072 1971 qui
3108 1900 3430 1969 iniustitiam
3460 1903 3586 1963 vidit
3610 1910 3659 1956 et
3683 1909 3745 1955 ta-

1052 1996 1331 2055 HOMILIA
1359 1995 1546 2054 XXIII.
2197 1994 2339 2058 cuit;
2391 1994 2528 2066 fugit
2572 1995 2662 2064 qui
2699 2011 2756 2050 se
2797 1996 2896 2050 sub
2937 1996 3152 2051 silentio
3199 1998 3504 2053 abscondit.
3543 1995 3639 2051 Sed
3680 2003 3747 2050 est

1032 2108 1084 2145 ra
1150 2108 1324 2147 eorum
1380 2106 1564 2165 πετο.
2196 2084 2332 2139 alius
2358 2085 2516 2155 lupus
2538 2088 2629 2156 qui
2661 2087 2777 2143 sine
2807 2090 3108 2145 cessatione
3137 2090 3383 2158 quotidie
3412 2104 3515 2149 non
3550 2103 3744 2157 carpam

622 2180 809 2237 Lectio
838 2181 1007 2256 sancti
1042 2182 1309 2251 Evangelii
1349 2182 1639 2239 secundum
1671 2179 1952 2239 Joannem.
2196 2180 2288 2233 sed
2318 2190 2529 2234 mentes
2558 2178 2825 2245 dilaniat,
2850 2182 3116 2257 malignus
3135 2184 3395 2263 videlicet
3420 2183 3646 2259 spiritus,
3672 2183 3747 2251 qui

576 2274 639 2329 In
666 2272 756 2326 illo
784 2282 1009 2344 tempore
1031 2272 1340 2326 dixit'Jesus
1367 2271 1636 2340 discipulis
1660 2273 1765 2325 suis
1794 2288 1811 2324 :
1838 2271 1946 2341 Ego
1974 2288 2090 2325 sum
2194 2273 2377 2327 caulas
2408 2272 2644 2327 ﬁdelium
2671 2274 2932 2329 insidians
2956 2275 3152 2329 circuit
3171 2284 3224 2329 et
3244 2285 3454 2331 mortes
3480 2275 3743 2333 animarum

499 2376 676 2441 pastor
715 2346 899 2419 bonus.
948 2364 1141 2417 Pastor
1186 2364 1351 2417 bonus
1396 2363 1637 2419 animum
1665 2380 1815 2416 suam
1857 2362 1947 2415 dat
1995 2380 2089 2433 pro
2194 2363 2405 2435 quierit.
2445 2359 2557 2433 Ego
2600 2380 2715 2417 sum
2757 2374 2939 2430 pastor
2982 2363 3191 2418 bonus:
3222 2366 3354 2434 quia
3392 2365 3628 2436 superius
3663 2362 3746 2416 Ile-

502 2458 679 2523 ovitms
706 2457 835 2519 suis,
862 2462 968 2513 etc.
2194 2456 2444 2525 demptor
2472 2454 2655 2509 noster
2677 2454 2863 2524 culpas
2897 2456 3006 2508 licti
3036 2456 3272 2524 pastoris
3309 2456 3556 2518 innotuit,
3582 2456 3743 2509 iterum

572 2548 707 2602 Dum
733 2546 992 2625 Dominus
1019 2548 1147 2604 boni
1172 2548 1406 2619 pastoris
1426 2562 1559 2617 opus
1588 2547 1871 2602 ostendere
1891 2547 2088 2616 voluit,
2192 2543 2421 2600 formam
2453 2547 2536 2625 cui
2560 2547 2851 2603 debeamus
2873 2547 3107 2617 imprimi
3135 2548 3378 2602 ostendit
3410 2549 3586 2603 dicens
3614 2564 3626 2599 :

495 2639 745 2711 scipsum‘
768 2639 1048 2710 proposuit
1079 2639 1132 2693 in
1165 2638 1412 2708 exemplo
1438 2638 1620 2697 dicens
1654 2655 1667 2692 :
1702 2637 1879 2691 Bonus
1910 2648 2090 2708 pastor
2264 2635 2377 2707 Ego
2418 2654 2533 2691 sum
2576 2647 2757 2706 pastor
2786 2637 2983 2703 bonus;
3017 2646 3178 2706 atque
3215 2638 3495 2717 subiungit
3524 2655 3538 2692 ε
3576 2636 3639 2690 Ει
3671 2650 3743 2688 co-

498 2734 733 2789 animum
758 2749 910 2787 suam
943 2734 1087 2803 ponit
1125 2750 1218 2801 pro
1251 2719 1428 2787 ovibus
1457 2733 1589 2786 suis.
1628 2730 1780 2805 Fecit
1806 2731 1948 2799 quod
1974 2746 2089 2789 m0—
2189 2745 2383 2801 gnoseo
2406 2746 2570 2792 meas,
2612 2730 2712 2783 hoc
2740 2736 2823 2784 est
2856 2728 3037 2799 diligo.
3071 2719 3141 2785 Et
3173 2737 3491 2799 cognoscunt
3520 2743 3593 2781 me
3620 2740 3742 2788 metr,

497 2824 633 2889 nuit,
667 2824 901 2879 ostendit
924 2825 1065 2892 quod
1103 2824 1302 2893 jussit:
1328 2822 1561 2876 animam
1601 2803 1966 2892 suamposuit
1988 2837 2087 2891 pro
2190 2820 2244 2878 id
2267 2829 2349 2879 est
2378 2820 2752 2901 obsequuntur
2778 2822 3084 2894 diligentes.

497 2917 690 2987 ovibus
723 2917 856 2995 suis.
895 2916 1124 2991 Ostensa
1160 2925 1243 2972 est
1284 2916 1439 2995 nobis
1474 2916 1539 2970 de
1561 2924 1867 2984 contemptu
1896 2915 2088 2970 mortis
2262 2910 2410 2968 Sicut
2437 2930 2517 2969 me
2550 2915 2687 2967 novit
2728 2911 2922 2979 Pater,
2969 2922 3017 2968 et
3066 2929 3159 2984 ego
3194 2929 3425 2985 agnoseo
3464 2910 3679 2975 Patrem,
3704 2916 3741 2961 et

494 3010 581 3063 via
624 3026 785 3079 quam
833 3025 1148 3085 sequamur,
1193 3008 1437 3087 apposita
1469 3002 1642 3062 forma
1681 3006 1766 3061 cui
1814 3006 2087 3075 imprima-
2189 3005 2420 3058 animam
2450 3021 2620 3058 meam
2646 3022 2782 3074 pono
2810 3021 2904 3076 pro
2933 3005 3112 3060 ovibus
3137 3006 3287 3059 meis.
3313 3005 3393 3060 Ac
3417 3005 3461 3059 si
3489 3010 3658 3077 aperte
3680 3000 3744 3053 di-

497 3117 637 3157 mur.
667 3101 909 3183 Primum
947 3102 1104 3183 nobis
1130 3111 1217 3157 est
1241 3101 1509 3174 exteriora
1548 3107 1733 3155 nostra
1774 3098 2084 3153 misericor-
2190 3107 2275 3151 cat
2308 3117 2319 3151 :
2352 3098 2409 3151 In
2441 3099 2541 3167 hoc
2576 3106 2793 3154 constat
2826 3098 2953 3168 quia
2983 3105 3038 3153 et
3064 3113 3341 3167 cognosco
3364 3097 3577 3181 Patrem
3598 3101 3647 3147 et
3670 3105 3743 3157 co-

496 3195 638 3250 diter
682 3174 875 3253 ovibus
922 3174 1040 3263 ejus
1084 3195 1428 3267 impendere;
1480 3202 1818 3263 postremum
1858 3207 1988 3246 vero
2039 3188 2087 3246 si
2150 3264 2157 3267 Α
2193 3203 2421 3258 gnoscor
2454 3204 2484 3242 a
2515 3187 2705 3250 Patre,
2745 3189 2871 3259 quia
2901 3187 3136 3243 animam
3168 3203 3351 3243 meam
3374 3174 3513 3265 pono
3540 3174 3742 3255 nI‘OOVi'

495 3298 720 3339 necesse
756 3285 825 3339 sit
844 3324 858 3350 ,
891 3284 1054 3338 etiam
1083 3292 1306 3339 mortem
1333 3264 1573 3337 nostram
1601 3298 1702 3353 pro
1730 3280 1936 3338 eisdem
1968 3281 2083 3337 ovi-
2114 3264 2159 3331 C
2190 3283 2292 3337 bus
2316 3283 2472 3349 meis,
2504 3283 2559 3337 id
2586 3291 2671 3339 est
2696 3298 2761 3337 ea
2782 3283 3051 3338 cbaritate
3078 3298 3183 3352 qua
3207 3299 3312 3354 pro
3339 3281 3524 3337 ovibus
3549 3277 3739 3355 morior.

494 3374 599 3433 bus
628 3376 957 3447 ministrare.
989 3376 1089 3445 Qui
1114 3376 1342 3451 nondat
1368 3392 1466 3450 pro
1501 3376 1693 3431 ovibus
1724 3375 2085 3457 substantiam
2188 3381 2447 3444 quantum
2492 3372 2708 3428 Patrem
2755 3374 2971 3443 diligam
3024 3376 3271 3443 ostendo.
3328 3373 3463 3453 Quia
3500 3385 3622 3445 vero
3654 3382 3740 3423 non

496 3485 677 3535 suam,
724 3471 993 3540 quomodo
1038 3471 1391 3549 daturusest-
1416 3470 1651 3539 animum
1681 3470 1875 3537 suam?
1908 3470 2085 3540 Expo-
2188 3464 2362 3535 solum
2392 3464 2654 3533 Judaeum,
2683 3469 2776 3522 sed
2809 3469 2973 3523 etiam
3004 3467 3363 3538 gentilitatem
3395 3467 3643 3524 redimere
3664 3473 3739 3514 ve-

496 3563 704 3627 snimus
748 3562 839 3617 vel.
889 3562 1059 3633 magis
1128 3562 1367 3633 Domino.
1405 3562 1629 3627 docente
1679 3561 2111 3631 intelleximus,
2186 3567 2365 3623 uerat,
2389 3558 2671 3631 adjungit:

496 3653 617 3721 quis
673 3653 743 3711 sit
790 3661 1005 3721 pastor,
1046 3653 1167 3722 quis
1206 3653 1427 3717 ostium,
1492 3652 1618 3722 quis
1665 3653 1941 3718 ostiarius,
1993 3653 2089 3724 qui
2222 3716 2225 3723 η
2260 3650 2328 3707 Et
2365 3651 2498 3719 alias
2531 3669 2645 3707 oves
2688 3652 2848 3707 habeo
2884 3669 3001 3725 quae
3041 3670 3143 3709 non
3173 3662 3388 3709 suntex
3422 3653 3517 3709 hoc
3540 3647 3739 3710 ouili;et

493 3743 663 3816 etiam
686 3752 742 3797 et
763 3758 912 3809 oves,
942 3758 1041 3798 nec
1071 3758 1176 3799 non
1207 3744 1297 3815 qui
1327 3744 1435 3798 sint
1462 3742 1608 3797 fures
1635 3751 1689 3797 et
1724 3742 1964 3798 latrones
1987 3759 2082 3798 eo-
2185 3742 2306 3825 iltas
2338 3753 2535 3814 Oportet
2566 3761 2645 3803 me
2676 3744 2955 3809 adducere,
2979 3754 3027 3801 et
3063 3762 3235 3809 vorem
3263 3763 3437 3801 meam
3459 3744 3675 3801 audient,
3700 3745 3739 3789 et

493 3837 805 3908 gnovimus;
845 3835 941 3890 sed
973 3836 1132 3893 modo
1167 3835 1233 3889 de
1272 3836 1611 3915 mercenaria
1644 3843 1699 3891 et
1745 3834 1870 3905 lupo
1908 3835 2086 3891 consi-
2184 3835 2272 3904 ﬁet
2289 3852 2450 3895 unum
2472 3834 2599 3890 ovile
2624 3845 2671 3901 et
2694 3853 2826 3916 unus
2846 3845 3042 3906 pastor.
3069 3835 3509 3910 Redemptiouem
3532 3838 3738 3895 nostrain

493 3925 765 3992 deremus,
799 3926 864 3981 de
893 3925 1089 4003 quibus
1118 3926 1230 3997 ipse
1262 3925 1522 3981 Dominus
1547 3925 1723 3982 dixit:
2187 3924 2279 3999 qui
2320 3939 2385 3978 ex
2418 3924 2602 3994 gentili
2642 3924 2839 3995 populo
2872 3926 3141 3989 venimus,
3180 3926 3441 3983 Dominus
3471 3926 3739 3995 aspexerat.

566 4016 920 4073 Mercenarius
949 4028 1144 4084 autem,
1167 4028 1213 4074 et
1236 4016 1327 4091 qui
1349 4035 1451 4073 non
1474 4026 1547 4072 est
1570 4027 1769 4088 pastor,
1795 4017 1949 4087 cujus
1980 4035 2083 4074 non
2186 4032 2309 4079 cum
2348 4032 2405 4073 se
2433 4012 2703 4073 adducere
2728 4028 2781 4073 et
2811 4018 2947 4074 alias
2975 4034 3104 4076 oves
3133 4020 3367 4076 dicebat.
3401 4019 3513 4093 Hoc
3531 4011 3736 4086 ψιοῐίάίθ

496 4119 618 4165 sunt
644 4128 760 4165 oves
787 4113 1043 4182 propr-ite,
1082 4112 1215 4167 videt
1244 4104 1421 4188 fama:
1454 4112 1760 4177 venientem,
1789 4121 1837 4166 et
1868 4111 2081 4189 dimittit
2187 4111 2337 4175 fieri,
2381 4111 2599 4176 fratres,
2636 4111 2896 4189 aspicitis,
2950 4112 3053 4167 hoc
3093 4094 3455 4177 rectmciliatis
3498 4106 3735 4183 gentibus.

492 4218 633 4267 oves,
663 4210 720 4255 et
744 4201 896 4272 fugit.
927 4202 1041 4258 Non
1065 4212 1277 4279 pastor,
1310 4204 1405 4258 sed
1436 4204 1806 4279 mercenarius
1832 4210 2087 4283 vocatur,
2185 4202 2390 4285 factum
2421 4203 2577 4283 hodie
2599 4204 2793 4259 videtis
2814 4203 2973 4283 quasi
3003 4218 3065 4257 ex
3098 4203 3305 4287 duobus
3333 4201 3581 4281 gregibus
3599 4208 3748 4287 unuar

489 4292 583 4362 qui
622 4308 725 4347 non
767 4308 864 4361 pro
906 4309 1088 4349 amore
1118 4294 1318 4351 intimo
1355 4308 1487 4349 oves
1526 4295 1854 4358 Dominieas,
1881 4294 1975 4349 sed
2016 4294 2082 4349 ad
2186 4296 2324 4351 ovile
2355 4296 2511 4359 focit,
2555 4297 2680 4366 quia
2723 4295 3006 4351 Judaicum
3039 4304 3094 4351 et
3131 4285 3386 4367 gentilem
3424 4291 3659 4365 populum
3692 4285 3737 4337 in

488 4383 816 4452 temporales
846 4385 1121 4440 mercedes.
1144 4384 1333 4457 pascit.
1362 4384 1727 4459 Mercenarius
1754 4386 1951 4459 quippe
1974 4393 2079 4459 est,
2186 4404 2285 4444 sua
2314 4388 2416 4467 ﬁde
2444 4388 2738 4467 coniungit,
2771 4389 2940 4467 Paulo
2962 4396 3254 4444 attestante
3282 4390 3376 4459 qui
3406 4389 3482 4443 ait
3510 4404 3519 4439 :
3545 4385 3654 4454 Ipse
3672 4387 3735 4467 est

489 4476 585 4545 qui
610 4475 784 4530 locum
807 4475 1022 4543 quidem
1040 4475 1271 4549 pastoris
1291 4483 1457 4539 tenet,
1482 4477 1577 4531 sed
1600 4476 1746 4532 lucra
1774 4477 2079 4537 animarum
2184 4496 2290 4552 pan:
2332 4462 2511 4535 nostra
2549 4460 2805 4552 quifepit
2845 4460 3068 4551 utraque
3103 4495 3284 4533 unum.
3332 4479 3465 4534 Dum
3509 4473 3645 4537 enim
3678 4464 3730 4522 ad

488 4580 598 4622 non
628 4566 821 4635 qumrit
840 4606 853 4629 ,
892 4567 1124 4620 terrenis
1149 4567 1448 4622 commodis
1478 4568 1672 4633 inhiat,
1699 4569 1906 4624 honore
1936 4585 2077 4639 prai-
2108 4640 2131 4641 ί
2150 4630 2155 4635 ,
2176 4582 2442 4641 ωιθτηδιιι
2486 4556 2652 4627 vitam
2680 4588 2746 4626 ex
2777 4583 3009 4641 utraque
3047 4571 3265 4635 natione
3291 4570 3560 4641 simplices
3585 4560 3727 4632 eligit,

489 4658 709 4718 lationis
754 4659 980 4729 gaudet,
1025 4658 1412 4731 temporalibus
1459 4650 1622 4716 lucris
1667 4659 1933 4729 pascitur,
1978 4660 2079 4717 im-
2104 4640 2252 4719 Illad
2278 4665 2417 4719 ovile
2443 4665 2721 4734 proprium
2747 4678 2877 4719 oves
2907 4640 3142 4718 deducit.
3183 4665 3350 4735 Igitur
3379 4664 3592 4717 istarum
3621 4655 3729 4707 dln'

488 4766 656 4823 pensa
703 4751 807 4806 sibi
855 4754 922 4805 ab
974 4752 1285 4815 hominibus
1340 4752 1643 4807 reverentia
1696 4751 1926 4806 hetatur.
1971 4750 2076 4807 Iste
2184 4773 2304 4811 rum
2339 4762 2394 4809 et
2429 4757 2481 4809 in
2510 4756 2701 4810 ovibus
2731 4765 2784 4809 et
2834 4756 2883 4809 in
2920 4764 3136 4826 pastore
3177 4757 3236 4811 ﬁt
3276 4755 3592 4811 conveniens
3623 4758 3726 4799 con-

492 4852 617 4897 sunt
653 4843 799 4913 enim
834 4843 1114 4899 mercedes
1143 4844 1486 4907 mercenarii,
1527 4852 1587 4897 ut
1613 4859 1711 4913 pro
1733 4860 1797 4899 eo
1824 4843 1939 4913 ipso
1968 4861 2075 4914 quo
2183 4848 2366 4903 cordia
2411 4848 2697 4903 lectionum
2732 4848 2821 4903 ubi
2861 4848 3265 4921 demonstratur
3290 4847 3480 4917 capitis
3506 4851 3557 4898 et
3591 4849 3724 4901 mem'

489 4930 547 4987 in
585 4930 846 5001 regimine
884 4931 1112 5015 laborat,
1146 4933 1233 4986 hic
1271 4934 1414 5019 quod
1444 4934 1639 5002 quzerit
1666 4934 1903 4991 inveniat
1927 4944 1982 4990 et
2006 4937 2076 4993 ab
2182 4942 2405 4997 brorum
2455 4942 2737 4996 concordia
2780 4955 2900 5009 quas
2943 4941 3007 4994 fit
3050 4942 3105 4994 in
3154 4940 3372 4996 Christo
3411 4947 3464 4992 et
3498 4928 3720 4991 Ecclesia,

489 5024 805 5080 hzereditate
825 5025 1002 5096 gregis
1028 5026 1082 5080 in
1111 5033 1383 5097 posterum
1419 5025 1629 5080 alienus
1659 5027 1882 5081 existat.
2183 5034 2308 5103 quia
2345 5034 2458 5102 ipse
2497 5033 2759 5087 mediator
2798 5033 2888 5087 Dei
2920 5040 2974 5086 et
3005 5032 3281 5087 hominum
3319 5030 3560 5087 Christus
3594 5019 3722 5076 Iesus

564 5114 629 5168 Et
672 5116 829 5186 lupus
877 5117 1011 5187 rapit
1057 5128 1104 5171 et
1138 5118 1383 5188 dispergit
1426 5135 1560 5173 aues.
1607 5118 1787 5189 Lupus
1838 5120 1981 5189 rapit
2022 5127 2078 5174 et

2181 5126 2340 5182 simul
2377 5142 2501 5180 cum
2542 5126 2798 5180 membris
2830 5126 2963 5189 suis,
3007 5125 3110 5180 hoc
3157 5134 3241 5179 est
3281 5122 3466 5180 electis
3503 5111 3719 5173 omnibus

491 5204 750 5275 dispergit
798 5222 927 5263 oves
971 5224 1093 5279 eum
1143 5207 1303 5262 alium
1353 5208 1421 5263 ad
1468 5208 1738 5263 luxuriant
1782 5210 2070 5277 pertrahit,
2176 5221 2372 5290 gaudet,
2427 5226 2480 5272 et
2525 5226 2733 5289 regnat,
2795 5232 2891 5286 per
2940 5216 3131 5273 ornuia.
3170 5214 3363 5273 saecula
3414 5205 3715 5269 seculorum-

493 5296 654 5351 alium
703 5295 756 5351 in
803 5300 1086 5355 avaritiam
1133 5300 1402 5365 accendit,
1450 5300 1614 5354 alitun
1662 5302 1712 5355 in
1764 5290 2069 5370 superbiam
2175 5311 2368 5366 Amen.

489 5386 669 5480 erigit,
711 5386 875 5480 alium
922 5404 1019 5480 per
1058 5388 1391 5480 iracundiam
1426 5390 1636 5453 dividit,
1679 5392 1821 5447 hunc
1869 5374 2067 5449 invidia
2714 5422 2995 5480 nmnuA
3031 5420 3221 5479 xxw,

491 5476 761 5541 stimulat,
814 5478 967 5533 illum
1009 5479 1065 5537 in
1110 5479 1323 5555 fallacia
1368 5483 1693 5551 supplantat.
1740 5484 1903 5550 Quasi
1939 5499 2069 5553 ergo

491 5581 703 5635 gregem
740 5567 895 5637 lupus
928 5569 1173 5640 dissipat,
1215 5587 1337 5625 cum
1377 5572 1611 5628 fidelium
1658 5575 1911 5646 populum
1957 5576 2070 5628 dia-
2425 5643 2445 5646 _
2835 5549 2991 5587 mm“
3024 5549 3098 5588 ‘V'

491 5656 644 5709 belus
670 5672 766 5723 per
793 5660 1118 5716 tentationes
1149 5672 1323 5718 necat.
1359 5663 1465 5720 Sed
1501 5642 1687 5720 contra
1716 5642 1831 5721 lucc
1860 5679 2060 5720 merce-

1929 5679 2067 5719 ,rce-
2424 5643 2609 5701 Lectio
2637 5645 2890 5715 Epistola:
2912 5647 3057 5707 beati
3087 5646 3231 5703 Petri
3257 5642 3498 5718 apostoli.

490 5750 676 5804 narius
704 5753 850 5807 nullo
880 5756 996 5810 zelo
1024 5760 1340 5813 accenditur
1360 5801 1374 5821 ,
1408 5760 1557 5814 nullo
1585 5760 1796 5814 fervore
1828 5759 2072 5813 dilectio-
2248 5754 2578 5819 Charissimi,
2611 5759 2827 5812 scientes
2854 5761 2991 5829 quod
3019 5775 3119 5812 non
3141 5756 3568 5829 eorruptibililnﬂ.
3602 5750 3712 5797 ανδ

489 5841 579 5908 nis
622 5844 923 5917 excitatur,
955 5848 1084 5930 quia
1129 5850 1255 5906 dum
1306 5851 1417 5907 sola
1465 5852 1737 5913 exteriora
1786 5850 2072 5905 cnuimoda
2174 5859 2225 5907 et
2253 5858 2469 5918 argenta
2486 5850 2735 5920 redempti
2757 5852 2879 5906 estis
2910 5852 2975 5906 de
3003 5868 3141 5907 uana
3173 5862 3340 5908 vestra
3365 5834 3710 5909 σοηυιῆαέδον
