3974 6364
240 375 348 430 195

1340 377 1645 435 HOMILUE
1684 379 1751 435 IN
1791 378 2044 437 EVANG.
2079 380 2167 435 ΕΤ
2203 382 2420 438 EPIST.

3414 392 3518 449 194

161 477 168 484 ’
233 491 390 560 ρεῇόν
435 487 666 542 scissura
705 487 785 556 ﬁt.
837 486 1019 560 Neque
1033 487 1288 579 ftiiittitnU'
1318 485 1914 558 ὑὲιιὼήίηουιὶηὶ-τιητΆ
1939 491 2500 566 ὲὶήὼειῖγκὲιξιιπὲιὶειίέὁ
2541 492 3052 570 ὲῄειτεὶήεθξιθῠίρονθ,
3085 511 3139 558 et
3172 503 3223 558 in
3253 501 3518 562 teternnni

237 592 383 640 utres
423 591 657 648 veteres,
685 581 1268 654 alioquin-rumpemus.
1288 595 1521 648 utres-et.
1543 588 1720 650 vinum
1744 586 1843 656 .eft-v‘
1879 603 2164 663 fragosae.
2202 604 2323 644 cum
2363 590 2608 654 Christo.
2638 592 2712 657 At
2743 607 2884 655 vero
2913 596 3524 664 reprobinltieuhabent

235 673 515 744 {madenti},
547 684 594 728 et
613 672 779 746 ,utresi
798 673 1060 746 peribunt.
1095 674 1197 740 Sed
1218 678 1279 744 in
1292 688 1452 749 intres
1467 696 1624 744 novos
1651 679 1836 740 vinum.

238 781 431 836 navum
443 766 680 839 mittunt
696 776 743 820 et
773 765 926 834 ambo
941 778 1339 836 conservantur.
1359 768 1530 838 Quod
1543 757 1707 841 dicit,
1725 771 1837 837 hoc

236 866 329 928 est
345 857 576 927 .:_-.-donec
590 856 717 926 quis
737 866 968 927 renatus
994 857 1262 930 [perimet
1291 861 1462 928 veteri
1479 862 1703 922 homine

235 948 544 1021 tiositojper
572 949 880 1020 passionem
907 966 1090 1014 meant
1114 966 1316 1020 novum
1347 952 1618 1020 hominem
1641 954 1836 1030 indue;

237 1041 331 1108 rit,
363 1057 473 1108 non
498 1049 676 1111 potest
695 1041 970 1115 severiora
992 1040 1200 1116 jejunii,
1216 1051 1273 1100 et.
1294 1045 1639 1112 eotttinentiai
1657 1047 1826 1108 susti:

233 1141 703 1202 nereuprtecepta,
751 1149 954 1204 neper
996 1136 1381 1204 austenitatent
1409 1138 1632 1206 nimiam
1662 1140 1834 1202 etiam.

233 1223 624 1292 credulitatem.
657 1240 848 1295 quam“
877 1242 1032 1294 nunc,
1070 1228 1298 1292 habere.
1330 1231 1556 1292 videtur.
1588 1233 1822 1296 amittat.

233 1315 353 1372 Duo
375 1323 559 1382 autem
583 1317 844 1390 exempla3
857 1319 1064 1387 posuit,
1083 1320 1394 1391 vestimenti
1420 1331 1487 1386 et.
1508 1325 1709 1386 utrium
1737 1341 1832 1388 veg:

234 1415 416 1474 terum
477 1415 534 1460 et
581 1423 877 1474 novorum;
941 1418 1155 1481 veteres
1211 1414 1470 1474 debemus
1525 1417 1826 1488 intelligere

233 1498 447 1552 scribas
501 1506 556 1552 et
603 1499 937 1565 Pharisaeos;
988 1502 1204 1574 plagula
1252 1506 1560 1562 vestimenti
1604 1511 1728 1562 novi
1770 1518 1826 1565 et

229 1587 419 1640 vinum
449 1602 647 1642 novum
677 1592 1283 1666 praeceptaevangelica
1313 1597 1538 1666 sentire,
1567 1613 1686 1667 quae
1717 1615 1826 1654 non

229 1686 465 1746 possunt
493 1678 764 1734 sustinere
792 1680 964 1735 Judaei
986 1698 1055 1737 ne
1085 1684 1259 1751 major
1287 1686 1526 1742 scissura
1547 1687 1658 1742 ﬁat.
1695 1688 1825 1744 Tale

231 1767 364 1835 quid
404 1776 459 1821 et
490 1767 697 1823 Galatae
738 1769 920 1826 facere
950 1773 1260 1843 cupiebant,
1290 1785 1350 1830 ut
1375 1793 1496 1832 cum
1531 1778 1832 1849 Evangelia,

1927 685 2178 762 patrioin,
2207 684 2361 754 cujus
2381 688 2554 746 solum
2573 688 2705 746 vitae
2731 689 3246 748 desideriisatorunt
3263 693 3516 753 .inhiabe.

1929 778 2157 849 Ideoque
2186 788 2310 852 post
2333 782 2475 840 hanc
2495 782 2748 848 vitam'in
2782 783 3036 840 exsilium
3055 783 3524 856 releganturper-i

1927 879 2188 942 petitum,
2224 874 2310 933 ubi
2357 875 2568 933 cunctis
2587 883 2847 932 carentes
2863 889 2866 928 :
2883 877 3290 946 voluptatibus,
3305 880 3521 936 sciat-ina

1930 963 2216 1020 tormentis
2245 963 2524 1032 patiantur.
2555 965 2820 1027 adversae
2925 998 2944 1014 -τ
2997 1008 3018 1020 -.
3364 991 3424 1024 in.
3479 997 3522 1032 ':j

1949 1053 2462 1117 ,--Conuersationem
2497 1067 2722 1118 vestram
2759 1059 2906 1118 inter
2933 1070 3114 1130 Agentes
3143 1062 3390 1120 habentes
3429 1039 3522 1121 bo;

1930 1163 2052 1206 nam
2075 1187 2088 1210 ,
2123 1149 2260 1210 utin
2289 1164 2352 1204 eo
2389 1150 2528 1218 quod
2567 1150 2858 1208 detrectant
2882 1152 2947 1209 de
2973 1154 3112 1210 vobis
3148 1158 3521 1225 unquamne.

1929 1237 2373 1306 malefactoribtts,
2419 1241 2666 1319 eat-bonis
2705 1243 2946 1313 operibus
2991 1262 3085 1298 nos
3113 1247 3520 1319 considerantes

1928 1327 2218 1398 gloriﬁcent
2239 1330 2407 1385 Deum
2427 1333 2484 1385 in
2509 1333 2596 1390 die
2629 1333 2960 1392 uisitationis.
2991 1336 3526 1407 Plerumque-conti-

1929 1419 2006 1489 git
2029 1423 2317 1492 Iit-pagani
2352 1425 2446 1493 qui
2476 1423 2638 1482 ﬁdem
2676 1424 3540 1500 Christianorumvituperabat:t"

1930 1525 2097 1579 quare
2122 1514 2252 1568 deos
2278 1530 2404 1569 suos
2432 1516 2874 1587 dereliquissent,
2907 1523 3252 1590 postmodum
3274 1525 3526 1583 consulem

1932 1615 2114 1662 rantes
2139 1617 2345 1664 castam
2367 1625 2557 1664 eorum
2596 1613 3067 1670 conversationem
3101 1625 3157 1672 et
3184 1618 3441 1674 invictum
3468 1620 3524 1674 in

1929 1697 2438 1770 Christoanimum,
2475 1715 2752 1760 cessarent
2791 1707 2873 1763 eis
2897 1710 3207 1776 detrahere,
3240 1713 3524 1782 magisque

1932 1791 2099 1848 Deum
2143 1795 2448 1865 gloriﬁcare
2473 1813 2537 1853 ac
2564 1799 2786 1856 laudare
2827 1801 3132 1871 inciperent
3157 1803 3250 1871 qui
3278 1804 3522 1858 bonitate

229 1869 508 1966 Ρΐξξῖοθριῆ
543 1861 677 1964 [etiis
715 1863 1006 1918 miscerem
1029 1875 1164 1966 ,ηεξ
1197 1867 1252 1920 in
1299 1869 1509 1926 utribus
1552 1875 1826 1930 veteribus
1852 1875 1900 1934 B
1928 1899 1993 1940 ac
2025 1861 2233 1951 justitia
2279 1887 2546 1944 cultorum
2585 1906 2805 1948 suorum
2842 1861 3018 1950 bonus
3045 1909 3164 1951 esse
3178 1861 3517 1966 probaretur

231 1952 515 2007 mitterent
560 1954 752 2009 vinum
795 1972 1014 2011 novum.
1060 1957 1166 2013 Sed
1195 1959 1486 2030 Apostolus
1522 1965 1591 2018 ad
1631 1981 1725 2030 eos
1751 1966 1829 2021 lo-
1873 1983 1884 2028 ξ

230 2047 420 2117 quitur
447 2065 460 2099 :
495 2045 539 2101 0
566 2048 816 2103 insensati
854 2047 1094 2104 Galatae!
1121 2053 1238 2122 quis
1267 2071 1354 2108 vos
1386 2056 1664 2123 fascinavit
1691 2060 1827 2112 veri-

231 2139 332 2194 tati
363 2158 468 2194 non
498 2141 743 2197 obedire?
773 2144 965 2198 Sermo
1003 2145 1168 2213 igitur
1194 2149 1538 2224 evangelicus
1572 2152 1832 2225 apostolis

230 2232 413 2300 potius
441 2247 601 2302 quam
649 2234 843 2290 scribis
888 2245 942 2290 et
977 2236 1269 2301 Pharisaeis
1318 2257 1402 2302 est
1443 2248 1826 2320 injungendus,

231 2323 325 2392 qui
370 2323 636 2392 majorum
686 2329 1080 2393 traditionibus
1130 2339 1406 2409 depravati
1460 2341 1830 2397 sinceritatem

230 2423 625 2483 Ρηθεθριοτυιιι
676 2415 880 2481 Christi
919 2443 1027 2483 non
1063 2437 1320 2498 poterant
1365 2431 1658 2487 custodire.
1710 2432 1832 2488 Alia

230 2513 316 2559 est
337 2507 481 2561 enim
497 2507 712 2584 ptu'itas
737 2517 1014 2589 virginalis
1044 2521 1241 2574 anima:
1261 2513 1476 2576 et'nulia
1503 2522 1700 2590 prioris
1714 2524 1831 2578 vitii

231 2602 558 2677 contagione
583 2607 831 2677 pollutm,
866 2619 920 2665 et
951 2610 1070 2665 aliae
1101 2611 1286 2667 sordes
1324 2613 1442 2684 ejus
1473 2629 1593 2682 quae
1635 2615 1832 2669 multo-

231 2709 356 2754 t'um
392 2697 603 2754 libidini
639 2699 986 2770 subjacuerit.
1018 2701 1173 2759 Unde
1213 2719 1436 2761 necesse
1476 2714 1650 2760 estut
1679 2707 1832 2776 prius

236 2789 308 2844 ab
332 2805 442 2844 uno
467 2805 680 2860 quoque
706 2793 998 2848 abluantur
1023 2795 1210 2851 sordes
1235 2797 1487 2852 vitiorum
1514 2805 1568 2852 et
1587 2805 1832 2853 vetustas

238 2883 457 2951 peccati
487 2898 581 2953 per
611 2885 986 2954 paenitentiam
1021 2897 1372 2961 expurgatur,
1411 2899 1466 2944 et
1507 2891 1585 2946 sic
1618 2892 1831 2947 Domini

240 2973 545 3042 Opitulante
584 2978 755 3046 gratia
789 2979 1052 3034 virtutum
1095 2981 1324 3036 scientia
1361 2989 1415 3036 et
1447 2983 1703 3053 spiritalis
1736 2983 1834 3040 do-

239 3067 441 3122 ctrinae
473 3067 688 3124 Christo
724 3070 988 3138 largiente
1018 3055 1352 3140 conferatur,
1386 3075 1478 3144 qui
1504 3075 1638 3129 vivit
1663 3083 1719 3131 et
1749 3091 1834 3131 re-
1863 3060 1865 3062 l

235 3164 370 3227 gnat
400 3173 522 3213 cum
553 3159 664 3214 Deo
698 3159 860 3216 Patre
895 3161 952 3216 in
990 3163 1197 3218 unitate
1221 3161 1458 3233 Spiritus
1493 3167 1691 3232 sancti,
1733 3181 1832 3234 per

235 3250 422 3305 omnia
452 3251 649 3306 saecula
678 3252 1020 3308 saeculorum.
1055 3255 1250 3310 Amen.

760 3363 1043 3421 llOMlLIA
1080 3348 1298 3421 xxvn.‘

505 3470 764 3512 DOIINICA
799 3471 838 3509 II
877 3471 1007 3513 POST
1048 3472 1300 3513 OCTAVA“
1340 3474 1573 3515 PASCILE.

541 3549 730 3604 Lectio
749 3548 1001 3618 Epistolae
1029 3548 1090 3603 B.
1118 3548 1263 3604 Petri
1286 3550 1534 3620 apostoli.

309 3640 653 3709 Chnrissimi,
694 3641 904 3696 obsecro
930 3658 1016 3695 vos
1053 3651 1306 3713 tanquam
1331 3643 1562 3697 advenas
1599 3651 1650 3697 et
1687 3659 1832 3714 pere-

233 3733 440 3801 grinos,
466 3741 572 3788 etc.

307 3825 545 3882 Advenae
591 3827 783 3882 Latine
843 3828 1098 3882 dicuntur
1137 3829 1398 3900 proselyti
1451 3845 1560 3900 quo
1617 3829 1833 3886 nomine

235 3919 581 3989 appellabant
602 3920 770 3976 Judaei
798 3935 892 3977 eos
920 3921 1010 3990 qui
1048 3922 1114 3976 de
1141 3921 1391 3991 gentibus
1421 3923 1532 3976 nati
1556 3922 1831 3985 iri-Deum,

234 4011 472 4066 credere
489 4019 546 4065 et
567 4012 981 4069 circumcisione
1007 4021 1228 4082 accepta
1255 4011 1484 4068 Judaico
1503 4029 1656 4068 more
1677 4012 1835 4081 juxta

235 4099 336 4156 Dei
383 4101 555 4172 legem
582 4103 749 4158 vitam
776 4104 975 4160 ducere
1006 4104 1318 4160 noluerunt.
1363 4105 1440 4159 De
1470 4120 1703 4174 quorum
1731 4121 1833 4158 nu-

236 4208 398 4248 mero
426 4193 576 4249 fuere
620 4194 839 4265 quidam
879 4210 1066 4251 eorum
1091 4196 1186 4265 qui
1218 4196 1270 4249 in
1299 4196 1386 4252 die
1417 4204 1606 4251 sancto
1644 4195 1838 4250 Pente-

237 4295 428 4343 costes
445 4287 802 4356 quoapostoli
820 4285 1082 4357 Spiritum
1108 4295 1356 4343 sanctum
1382 4288 1435 4344 in
1455 4286 1605 4356 ignis
1632 4286 1838 4342 visione

235 4389 634 4452 perceperunt,
667 4379 740 4436 ad
767 4379 1210 4449 praedicationem
1247 4392 1437 4436 eorum
1465 4377 1683 4432 Christo
1718 4390 1838 4432 cre—

235 4469 531 4536 diderunt,
577 4470 792 4526 dicente
821 4469 1104 4540 Scriptura
1145 4469 1292 4539 quod
1317 4467 1491 4526 Judaei
1527 4483 1744 4537 quoque
1785 4477 1840 4522 et

235 4558 503 4629 proselyti
531 4559 802 4617 adessent.
834 4558 942 4615 Sed
975 4567 1033 4613 et
1063 4574 1160 4616 nos
1191 4560 1236 4615 si
1262 4559 1536 4615 veraciter.
1556 4574 1678 4613 cum
1707 4558 1838 4616 Pro-

1897 1983 1905 2026 ἓ
1934 1984 1990 2033 et
2013 1977 2212 2048 justus.

1948 2107 1953 2113 .
2005 2065 2329 2142 Gloriﬁcent,
2387 2075 2580 2144 inquit,
2625 2076 2794 2132 Deum
2827 2077 2881 2132 in
2917 2079 3003 2133 die
3034 2079 3363 2143 uisitationis,
3411 2080 3515 2134 hoc

1934 2173 2039 2234 est,
2071 2169 2127 2222 in
2154 2177 2396 2238 tempore
2425 2171 2813 2226 retributionis.
2845 2172 3056 2239 Quanta
3078 2173 3231 2228 vobis
3257 2174 3329 2227 sit
3353 2173 3523 2243 gloria

1931 2275 2031 2331 per
2063 2260 2230 2315 Deum
2281 2261 2529 2315 donanda
2562 2261 2675 2331 jam
2721 2278 2866 2317 nunc
2901 2273 3201 2333 agnoscant
3235 2265 3522 2330 increduli,

1935 2367 2059 2407 cum
2085 2367 2182 2407 vos
2207 2353 2475 2408 instanter
2502 2369 2600 2423 per
2628 2355 2899 2408 obstantia
2919 2355 3158 2425 pericula
3192 2355 3340 2409 illum
3370 2357 3525 2426 seqbi

1934 2445 2328 2514 perspexerint.
3489 2447 3491 2449 ’

2010 2535 2246 2606 Subjecti
2301 2545 2461 2590 estote
2519 2537 2660 2591 omni
2714 2537 2959 2592 humana:
3013 2546 3269 2593 creatura:
3319 2548 3529 2609 propter

1938 2627 2121 2682 Deum.
2149 2627 2310 2682 Omni
2347 2629 2597 2682 humanae
2630 2637 2896 2684 creatura:
2940 2629 3071 2684 dicit
3095 2631 3244 2684 omni
3276 2630 3526 2701 dignitati

1935 2718 2231 2784 hominum,
2248 2719 2394 2772 omni
2418 2734 2684 2788 personat,
2707 2719 2853 2775 omni
2875 2719 3197 2788 principatui
3217 2721 3305 2774 cui
3322 2736 3416 2775 vos
3442 2723 3525 2776 di-

1934 2809 2060 2864 vina
2083 2808 2363 2877 dispositio
2389 2809 2544 2862 subdi
2567 2809 2815 2863 voluerit.
2842 2808 2954 2863 Hoc
2976 2818 3060 2864 est
3084 2810 3227 2863 enim
3250 2809 3395 2878 quod
3424 2810 3522 2874 ait,

1933 2911 2144 2972 propter
2162 2901 2354 2965 Deum,
2381 2902 2506 2970 quia
2535 2918 2639 2955 non
2663 2912 2737 2955 est
2763 2910 2990 2971 potestas
3017 2901 3119 2955 nisi
3144 2918 3177 2954 a
3199 2900 3333 2964 Deo,
3355 2909 3402 2962 et
3433 2901 3525 2971 qui

1933 2994 2174 3063 potestati
2205 2994 2417 3057 resistit,
2444 2993 2540 3047 Dei
2570 2993 2891 3047 ordinationi
2922 2992 3133 3046 resistit.
3166 2990 3338 3057 Quam
3367 3006 3525 3045 crea-

1936 3092 2112 3138 turam
2159 3085 2554 3153 subsequenter
2578 3083 2877 3152 adjungens
2919 3082 3141 3151 exponit
3177 3095 3191 3134 :
3243 3081 3363 3135 Sive
3393 3081 3523 3150 regi,

1935 3178 2085 3248 quasi
2108 3175 2447 3245 prwceilenti,
2473 3177 2577 3229 sive
2606 3175 2848 3240 ducibus,
2881 3183 3130 3244 tanquam
3159 3173 3223 3226 ab
3250 3189 3310 3227 eo
3332 3173 3526 3227 missis.

1857 3252 1902 3348 β
1933 3266 2058 3322 Ideo
2101 3267 2214 3339 regi
2239 3275 2448 3322 tantum
2477 3282 2539 3322 ac
2567 3265 2814 3330 ducibus,
2853 3282 2960 3320 non
3003 3254 3184 3318 autem
3209 3272 3266 3319 et
3295 3264 3527 3318 dominis

1896 3361 2085 3426 'dicit,
2132 3361 2260 3431 quia
2296 3362 2398 3415 hoc
2447 3359 2501 3414 in
2538 3359 2656 3413 loco
2697 3357 2816 3413 illos
2851 3356 3162 3427 specialiter
3205 3365 3266 3410 ut
3311 3353 3522 3426 praefati

1932 3467 2119 3508 sumus
2163 3453 2398 3516 instruit,
2430 3451 2522 3520 qui
2567 3457 2694 3506 sunt
2724 3448 2927 3504 domini
2972 3461 3286 3510 servorum;
3342 3445 3530 3500 subse-

1933 3552 2162 3613 quenter
2187 3557 2338 3608 vero,
2368 3550 2424 3596 et
2453 3557 2640 3596 servos
2675 3541 2947 3610 quomodo
2993 3539 3227 3594 dominis
3256 3536 3524 3592 famulen-

1935 3648 2024 3694 tur
2052 3639 2323 3694 admonet.
2372 3637 2542 3691 Docet
2589 3649 2718 3705 ergo
2771 3633 2956 3688 ﬁdeles
3001 3630 3231 3704 famulos
3277 3629 3531 3685 videlicet

1933 3731 2123 3788 aeterni
2172 3731 2316 3800 regis
2339 3729 2504 3784 etiam
2539 3727 2725 3783 mundi
2753 3725 3115 3797 potestatibus
3143 3723 3321 3786 subdi,
3352 3736 3421 3775 ne
3451 3720 3535 3777 vel

1937 3828 1992 3881 in
2020 3829 2123 3882 hoc
2150 3825 2278 3880 ﬁdei
2308 3833 2364 3879 et
2409 3823 2658 3893 religioni
2692 3821 3014 3876 Christianae
3041 3817 3369 3874 conditionis
3403 3816 3526 3886 jura

1939 3919 2244 3972 turbentur.
2275 3915 2409 3969 Nam
2437 3921 2492 3968 et
2524 3914 2597 3967 ita
2632 3920 2778 3968 recte
2804 3919 2982 3981 potest
3015 3908 3242 3978 intelligi
3272 3908 3416 3976 quod
3443 3907 3527 3962 di-

1938 4017 2085 4062 ctum
2114 4014 2217 4071 est,
2244 4006 2386 4060 omni
2419 4005 2674 4058 humanm
2701 4012 2980 4067 creaturis,
3009 4010 3067 4055 ut
3107 3999 3442 4072 signiﬁcetur
3471 4006 3526 4053 et

1940 4099 2191 4154 ﬁdelibus
2217 4106 2273 4153 et
2300 4096 2596 4152 incredulis
2626 4110 2811 4150 rerum
2842 4094 3098 4149 dominis.

1935 4201 1939 4242 '.
2009 4191 2091 4244 Ad
2116 4189 2396 4245 vindictam
2429 4186 2852 4255 malefactorum,
2876 4183 3086 4238 laudem
3110 4200 3226 4238 vero
3250 4183 3524 4236 bonorum.

1939 4281 2056 4336 Non
2086 4282 2230 4351 quod
2271 4292 2460 4335 omnes
2501 4277 2611 4346 qui-
2641 4292 2672 4330 a
2717 4275 2936 4346 regibus
2975 4275 3265 4330 mittuntur
3291 4272 3456 4328 duces
3476 4280 3533 4326 et

1938 4372 2321 4430 malefactores
2351 4371 2543 4440 punire
2573 4378 2628 4424 et
2673 4369 2897 4423 laudaro
2925 4368 3097 4423 bonos
3126 4365 3406 4427 noverint,
3439 4364 3534 4418 sed

1933 4482 2062 4537 quae
2087 4481 2207 4521 esse
2236 4465 2433 4520 debeat
2467 4463 2618 4518 actio.
2638 4461 2765 4516 boui
2791 4459 2945 4515 ducis
2974 4459 3294 4530 simpliciter
3323 4464 3532 4521 narrat,

1937 4562 2044 4615 hoc
2069 4570 2174 4624 est,
2206 4566 2262 4612 ut
2288 4557 2431 4611 male
2455 4555 2719 4610 facientes
2755 4561 3025 4618 coerceat,
3055 4561 3119 4606 ut
3145 4553 3280 4608 bene
3311 4558 3534 4620 agentes

237 4653 407 4723 pheta
459 4651 569 4708 Deo
597 4652 794 4708 dicere
839 4666 1144 4720 possumus.
1193 4650 1458 4715 Quoniam
1507 4647 1714 4704 incola},
1739 4665 1833 4702 nos
1938 4661 2280 4715 remuneret;
2304 4652 2396 4721 qui
2425 4649 2638 4705 etiamsi
2671 4647 2870 4715 injuste
2892 4648 3006 4718 agit
3021 4647 3070 4700 Si
3095 4648 3266 4701 bonos
3287 4645 3534 4709 damnat,

237 4743 666 4812 sumus'apudte
693 4744 748 4800 in
777 4753 918 4797 terra
940 4753 989 4798 et
1013 4744 1271 4813 peregrini
1299 4744 1436 4796 sicut
1465 4758 1641 4816 omnes
1663 4751 1838 4811 patres
1857 4729 1895 4760 ⁸⁵

244 4837 431 4902 nostri,
471 4836 666 4893 adnos
687 4835 1222 4906 quoque.Epistolas._
1245 4835 1388 4896 beati
1434 4834 1580 4889 Petri
1609 4834 1840 4902 scriptas

239 4930 496 4996 cmdere,
518 4938 572 4984 et
599 4929 754 4999 (μιδεὶ
772 4929 946 4987 nobis
959 4929 1155 4996 missas
1179 4927 1361 4997 legere
1391 4926 1672 4982 debemus.
1783 4971 1818 4991 ,_

247 5059 255 5072 .
319 5022 585 5078 Abstinete
605 5037 691 5076 vos
715 5035 753 5074 α
785 5021 1088 5078 caritatibus
1121 5019 1418 5084 desideriis,
1450 5034 1569 5089 quis
1612 5015 1838 5076 militant

233 5116 498 5170 adversus
528 5118 779 5170 animum.
807 5115 943 5169 Dum
965 5113 1420 5183 concupiscentiis
1433 5111 1839 5170 blandientibus

243 5224 379 5264 caro
428 5207 706 5262 etterviten
737 5203 1080 5274 subiugatur,
1118 5203 1232 5272 jam
1276 5203 1530 5266 vitiorum
1566 5200 1840 5256 exercitus

239 5301 770 5356 ﬁrmiter-adversus
797 5301 1030 5355 animam
1060 5306 1321 5353 armatur.
1359 5297 1507 5363 Quos
1531 5304 1842 5363 competen-

248 5402 335 5449 ter
353 5394 596 5448 advenas:
611 5399 772 5447 vocat
790 5399 846 5446 et
872 5390 1206 5461 peregrinos,
1229 5398 1290 5445 ut
1313 5403 1382 5454 eo
1406 5388 1593 5442 minus
1609 5385 1842 5442 terrenis

219 5487 416 5542 «rebus
443 5485 682 5539 animam
715 5493 1017 5553 supponant
1039 5519 1057 5548 ,
1083 5497 1196 5551 quo
1229 5496 1290 5538 se
1325 5479 1557 5550 patriam
1594 5477 1651 5533 in
1691 5477 1843 5532 cmlis

237 5577 455 5636 habere
483 5577 850 5632 meminerint.
879 5576 1124 5646 Namque
1154 5575 1262 5628 hoc
1293 5573 1496 5630 distare
1518 5573 1574 5628 in
1599 5573 1708 5627 hac
1731 5571 1843 5626 vita

253 5671 400 5724 inter
424 5667 796 5722 electos-solet
824 5674 881 5720 et
907 5665 1191 5735 reprobos,
1221 5664 1365 5734 quod
1388 5663 1544 5733 electi
1570 5661 1840 5733 peregrini

255 5775 403 5813 nunc
427 5757 641 5813 exsules
675 5765 994 5828 exspectant
1037 5756 1245 5819 futura,
1288 5763 1544 5822 tantoque
1571 5752 1752 5808 minus
1788 5751 1842 5805 in

253 5854 508 5922 praesenti
536 5853 747 5923 gaudiis
775 5851 1108 5936 delectantur
1134 5850 1352 5908 caducis
1380 5888 1395 5914 ,
1432 5855 1636 5917 quanto
1661 5834 1860 5900 futura.

1939 4745 2294 4800 nihilominus
2341 4744 2409 4797 ad
2461 4742 2675 4796 laudem
2703 4755 2908 4795 eorum
2934 4738 3206 4807 pertinent
3235 4751 3360 4805 quae
3382 4736 3535 4800 facit,

1937 4838 1996 4892 si
2019 4835 2289 4905 patienter
2328 4834 2447 4903 ejus
2475 4831 2714 4890 stuititiai
2745 4831 3025 4884 resistunt.
3059 4825 3217 4883 Unde
3248 4835 3303 4879 et
3339 4826 3537 4884 Paulus

1936 4929 2116 4984 dicit:
2161 4928 2271 4992 Vis,
2304 4926 2500 4994 inquit,
2527 4923 2632 4980 non
2655 4925 3198 4993 timere-potestatem,
3233 4919 3423 4972 bonum
3452 4916 3539 4987 fac

1939 5031 1991 5075 et
2014 5017 2460 5074 habebis-Iaudem
2486 5033 2552 5070 ea:
2576 5015 2690 5070 illa.
2719 5014 2834 5069 Non
2858 5013 2990 5069 dicit
3009 5012 3078 5067 ah
3095 5011 3205 5075 illa,
3223 5010 3319 5065 sed
3341 5010 3537 5077 exilia,

1947 5109 2075 5182 quia
2106 5111 2209 5166 etsi
2241 5117 2485 5180 potestas
2517 5119 2576 5162 te
2621 5107 2894 5162 mundana
2945 5119 3053 5158 non
3090 5101 3310 5168 laudat‘,
3352 5103 3460 5158 into
3491 5103 3538 5158 si

1937 5205 2108 5260 etiam
2150 5204 2524 5273 persequitur,
2557 5202 2602 5256 si
2639 5200 2839 5257 occidit
2880 5197 3058 5269 gladio
3103 5206 3160 5252 ut
3198 5196 3424 5252 Paulum
3451 5236 3465 5261 ,
3494 5195 3540 5250 si

1947 5294 2218 5365 cruciﬁgit
2242 5302 2302 5348 ut
2327 5293 2568 5358 Petrum,
2603 5291 2826 5348 habebis
2850 5303 2920 5343 ex
2945 5288 3036 5341 illa
3063 5287 3298 5354 laudem,
3323 5288 3536 5343 dum-ex

1947 5387 2177 5458 ecquod
2206 5387 2294 5441 illa
2330 5385 2604 5442 malefacit
2634 5385 2685 5440 in
2719 5393 2771 5437 te
2791 5381 2998 5451 justum
3024 5391 3082 5435 et
3107 5381 3410 5444 innoxium,
3436 5388 3542 5434 tua;

1935 5481 2163 5536 virtutis
2196 5479 2457 5549 patientia
2492 5490 2762 5532 coronam
2784 5472 2960 5532 laudis
3006 5481 3290 5536 meretur.
3313 5468 3447 5528 Nam
3485 5476 3544 5524 et

1948 5571 2054 5626 hoc
2075 5571 2374 5628 intendisse
2395 5570 2614 5622 beatum
2630 5566 2849 5628 Petrum
2874 5563 2932 5618 in
2959 5563 3063 5618 hac
3085 5560 3358 5618 sententia
3373 5559 3542 5615 verba

1933 5663 2228 5731 sequentia
2264 5661 2459 5716 docent
2489 5658 2686 5727 quibus
2709 5657 2910 5712 dicitur
2941 5676 2953 5710 :
3539 5659 3541 5662 ’

1951 5789 1954 5792 λ
1974 5765 1993 5790 ’-
2023 5753 2160 5818 Quia
2175 5755 2248 5806 sic
2261 5763 2335 5805 est
2352 5749 2592 5806 voluntas
2608 5749 2708 5804 Dei
2723 5759 2775 5802 ut
2793 5750 3171 5819 benefacientes
3194 5748 3542 5808 obmutescere

1952 5845 2162 5914 faciatis
2184 5843 2589 5914 imprudentium
2617 5842 3284 5914 hominumignorantiam.
3311 5838 3434 5894 llaec
3457 5839 3544 5890 est
