3974 6364
276 473 385 556 ιέτ

1342 472 1645 545 uouth
1685 489 1753 544 lN
1785 469 2039 546 Evane.‘
2081 485 2172 544 ET
2211 487 2431 544 Eptsr.
2607 475 2622 508 ι·
2671 500 2674 506 -
2763 475 2768 510 ε
2842 479 2868 510 κ

3417 475 3531 541 1'98

271 628 428 677 num,
472 617 531 664 ut
558 609 730 664 Lucas
760 607 1088 676 evangelista
1118 613 1367 659 testatur.
1413 606 1518 660 Sed
1551 613 1603 658 et
1643 603 1852 657 cunctis
1874 598 1932 670 Ἇ
1956 611 2189 665 secutor,
2242 615 2400 655 nemo
2435 600 2528 669 qui
2553 598 2830 653 tristitiam
2856 597 3064 665 ingerat
3090 585 3293 654 animis
3311 595 3533 667 vestris,

270 703 521 758 fidelibus
550 702 636 755 hic
665 700 876 754 Domini
919 713 1096 752 sermo
1132 698 1400 762 convenit,
1435 697 1525 767 qui
1556 713 1651 768 per
1679 697 1848 767 lacry-

272 810 392 847 mas
420 805 812 861 pressurasque
841 796 1134 858 przeseutes
1173 788 1237 842 ad
1269 789 1461 857 gaudia
1493 798 1691 842 :etcrna
1727 803 1849 857 pcr-

267 885 458 937 venire
486 880 833 936 contendunt.
876 880 977 944 Qui
1005 881 1259 933 seminant
1288 881 1341 932 in
1365 879 1610 950 lacrymis
1639 881 1691 933 in
1719 877 1849 950 gaué

268 976 358 1027 dio
414 981 636 1037 metent;
684 981 858 1025 euntes
902 970 1044 1024 ibant
1098 980 1144 1023 et
1195 971 1425 1040 ﬂebant,
1468 979 1734 1039 quatenus
1795 969 1848 1023 in

267 1071 473 1119 actema
514 1063 842 1117 beatitudine
872 1062 1072 1116 laboris
1106 1063 1188 1115 sui
1229 1062 1529 1116 mercedem
1560 1049 1842 1131 recipiant.

268 1157 502 1210 Mundus
531 1164 728 1218 autem,
767 1154 817 1208 id
858 1163 961 1218 est,
1001 1155 1184 1208 mundi
1222 1165 1492 1208 amatores
1513 1147 1842 1223 gaudebunt,

261 1249 358 1318 qui
391 1247 458 1300 ad
488 1257 688 1301 teterna
715 1246 904 1316 gaudia
941 1260 999 1299 se
1029 1259 1332 1314 praeparare
1361 1261 1457 1313 per
1499 1241 1765 1315 laerymas
1794 1256 1847 1299 ct

264 1338 580 1392 atﬂictiones
625 1335 958 1408 despiciunt;
984 1351 1070 1390 vos
1100 1348 1271 1390 autem
1298 1337 1726 1391 contristabimini
1751 1353 1847 1406 per

266 1430 480 1483 labores
506 1437 559 1482 et
589 1413 864 1497 presseras
883 1467 897 1492 ,
929 1429 1020 1481 sed
1049 1429 1265 1482 tristitia
1307 1438 1486 1483 vestra
1523 1417 1763 1484 vertetur
1791 1430 1844 1483 in

275 1530 482 1575 eterna:
509 1520 857 1574 beatitudinis
887 1519 1151 1574 lzteti'tiam.
1757 1519 1759 1522 ’

337 1610 532 1663 Mulier
559 1627 675 1664 cum
705 1613 843 1680 parit
883 1610 1148 1664 tristitiam
1177 1611 1349 1676 habet,
1381 1612 1506 1681 quia
1535 1613 1673 1665 venit
1715 1612 1846 1664 hora

259 1703 396 1771 ejus.
431 1702 706 1770 Mulierem
737 1704 865 1756 dicit
894 1712 1134 1757 sanctam
1163 1703 1481 1769 Ecclesium,
1515 1714 1737 1774 propter
1767 1705 1847 1759 l'e-

259 1795 590 1848 cunditatem
620 1795 883 1848 bonorum
920 1810 1163 1862 operum,
1195 1803 1250 1848 et
1280 1794 1404 1864 quia
1439 1796 1710 1864 spiritales
1741 1796 1847 1848 Do—

257 1889 408 1941 mino
458 1888 595 1941 lilios
648 1889 868 1958 gignere
913 1904 1185 1956 nunquam
1225 1889 1452 1954 desiuit;
1488 1891 1604 1943 haec
1651 1889 1846 1943 mulier

253 1993 380 2032 cum
409 1979 551 2047 parit
580 1980 857 2032 tristitiam
891 1980 1071 2043 habet,
1101 1979 1226 2048 quia
1257 1982 1404 2033 venit
1433 1981 1562 2033 hora
1589 1982 1724 2050 ejus.

327 2069 461 2123 Cum
489 2081 662 2124 autem
681 2073 874 2140 peperit
906 2071 1142 2140 puerum,
1163 2070 1280 2138 jam
1307 2088 1408 2125 non
1435 2073 1666 2125 meminit
1699 2089 1842 2142 pres-

251 2179 396 2216 sura:
421 2174 630 2233 propter
666 2161 939 2234 gaudium,
970 2167 1092 2234 quia
1127 2174 1280 2218 natus
1313 2175 1386 2219 cst
1415 2165 1566 2219 homo
1606 2167 1657 2220 in
1689 2183 1842 2219 mun-

253 2255 414 2318 dum;
473 2255 598 2322 quia
651 2256 904 2309 nimirum
949 2265 1134 2310 sancta
1185 2256 1459 2321 Ecclesia,
1503 2259 1738 2327 quanditt
1783 2258 1838 2311 in

253 2349 458 2402 mundo
528 2350 849 2418 spiritalium
900 2347 1160 2403 virtutum
1208 2351 1540 2419 profectibus
1593 2350 1835 2415 insistit,

253 2456 530 2510 nunquam
576 2442 759 2495 mundi
809 2442 1200 2495 teutatiouibus
1231 2442 1474 2496 exerceri
1507 2440 1735 2494 desistit.
1769 2440 1841 2494 At

251 2548 374 2585 cum
402 2534 615 2587 devicto
643 2534 888 2586 laborum
915 2527 1210 2588 certamine
1239 2534 1304 2586 ad
1327 2532 1558 2601 palmam
1586 2546 1841 2602 pervene-

252 2627 343 2688 rit,
370 2626 480 2694 jam
512 2643 614 2679 non
647 2627 894 2680 meminit
928 2643 1194 2695 [)I‘CSSlll'l’e
1221 2627 1577 2696 praecedentis
1612 2638 1838 2698 propter

246 2717 502 2786 gaudium
527 2726 794 2786 percepta:
824 2719 1192 2772 retributionis
1219 2735 1232 2770 :
1271 2735 1372 2771 non
1401 2728 1518 2771 sunt
1545 2718 1682 2771 enim
1708 2734 1834 2771 con-

247 2808 426 2876 dignae
477 2809 741 2877 passiones
789 2809 948 2878 hujus
997 2810 1240 2877 temporis
1286 2809 1356 2862 ad
1410 2820 1836 2879 superventuram

250 2898 478 2968 gloriam
497 2916 614 2968 qua:
643 2899 955 2953 revelabitur
979 2901 1032 2953 in
1065 2900 1230 2953 nobis.
1285 2900 1410 2955 Non
1446 2901 1701 2965 meminit,
1747 2901 1832 2957 in-

247 2992 394 3061 quit,
420 3008 674 3062 pressum
702 3004 912 3062 propter
937 2995 1210 3063 gaudium,
1236 2995 1358 3063 quia
1387 3003 1539 3046 natus
1573 3003 1647 3047 est
1681 2993 1835 3047 homo

244 3081 302 3134 in
331 3082 602 3135 mundum.
646 3079 798 3137 Sicut
836 3085 981 3137 enim
1010 3083 1201 3138 mulier
1245 3085 1369 3138 nato
1400 3085 1454 3138 iu
1492 3085 1639 3140 hunc
1680 3099 1836 3138 mun-

243 3171 622 3226 dum-homine
668 3173 904 3238 laetatur,
943 3173 1016 3226 ita
1045 3173 1285 3228 Ecclesia
1323 3183 1448 3228 nato
1475 3173 1528 3228 in
1559 3173 1723 3226 vitam
1754 3172 1835 3226 fu-

244 3272 425 3318 turam
465 3265 704 3320 ﬁdelium
739 3265 938 3335 populo
976 3266 1134 3334 digna
1181 3265 1538 3319 exsultatione
1573 3263 1830 3334 repletur,

242 3372 344 3425 pro
372 3375 476 3428 qua
503 3358 619 3426 ejus
648 3359 931 3414 nat’ivitate
961 3360 1190 3414 multum
1227 3360 1479 3412 laborans
1518 3361 1574 3412 et
1608 3372 1828 3428 gemens
1860 3328 1922 3392 θ’

242 3451 297 3504 in
325 3453 580 3520 praesenti
613 3453 769 3521 quasi
789 3453 1098 3522 parturiens
1127 3453 1291 3527 dolet.
1324 3451 1432 3506 Nec
1445 3467 1644 3506 novum
1671 3450 1831 3504 debet

242 3543 498 3611 cuiquam
529 3545 701 3598 videri
733 3545 777 3599 si
810 3554 968 3599 natus
1005 3543 1218 3611 dicitur,
1247 3546 1335 3614 qui
1364 3561 1430 3599 ex
1459 3545 1560 3598 hac
1590 3544 1698 3598 vita
1724 3542 1829 3597 mi-

240 3635 514 3704 graverit;
543 3637 816 3705 quomodo
857 3638 1001 3691 enim
1043 3638 1194 3692 nasci
1241 3638 1437 3691 dicitur
1461 3652 1583 3691 cum
1616 3630 1737 3704 q'uis
1766 3636 1831 3689 de

247 3735 408 3780 utero
434 3728 624 3781 matris
650 3728 946 3797 procedens
975 3730 1112 3783 hanc
1138 3729 1189 3781 in
1217 3728 1389 3782 lucem
1426 3728 1722 3799 egreditur,
1756 3727 1830 3780 ita

239 3819 410 3874 etiam
439 3820 742 3874 rectissime
775 3828 950 3888 potest
983 3823 1140 3875 natus
1165 3821 1422 3890 appellari
1449 3820 1540 3889 qui
1568 3820 1773 3873 solutus
1799 3834 1830 3872 a

241 3912 478 3966 vinculis
505 3913 685 3966 carnis
716 3914 778 3966 ad
813 3914 986 3967 lucem
1015 3913 1334 3967 sublimatur
1361 3919 1637 3966 aeternam.
1680 3909 1832 3964 Unde

239 4013 296 4058 et
330 4019 448 4056 mos
477 4005 707 4058 obtinuit
729 4005 1127 4059 ecclesiasticus
1154 4014 1210 4056 ut
1239 4004 1354 4058 dies
1382 4004 1659 4056 beatorum
1690 4016 1833 4054 mar-

243 4104 428 4166 tyrum
471 4097 584 4151 sive
625 4095 992 4151 confessorum
1031 4095 1251 4160 Christi,
1297 4094 1492 4162 quibus
1525 4093 1592 4146 de
1638 4090 1832 4144 saeculo

240 4191 579 4245 transierunt
603 4230 616 4252 ,
643 4190 845 4243 natales
871 4189 1166 4242 vocitentus
1193 4228 1207 4252 ,
1245 4195 1541 4254 eorumque
1571 4183 1832 4238 solemnia

243 4297 356 4335 non
387 4280 654 4345 funebria,
688 4280 781 4335 sed
809 4280 1054 4335 natalitia
1085 4279 1355 4333 dicantur.

315 4373 384 4426 Et
417 4391 501 4427 vos
534 4374 692 4443 igitur
731 4390 868 4428 nunc
903 4372 1111 4442 quidem
1156 4371 1420 4424 tristitiam
1459 4367 1701 4430 habetis;
1736 4366 1832 4418 ite-

241 4482 361 4518 rum
407 4474 580 4518 autent
624 4465 804 4518 videbo
849 4483 955 4527 vos,
1007 4475 1052 4518 et
1099 4463 1341 4534 gaudebit
1388 4477 1479 4514 cor
1510 4471 1752 4522 vestrum,
1786 4467 1834 4510 et

238 4555 496 4626 gaudith
539 4567 762 4609 vestrum
806 4574 952 4620 nemo
986 4555 1128 4608 tollet
1153 4573 1182 4608 a
1214 4554 1370 4608 vobis.
1418 4551 1569 4618 Quod
1598 4551 1665 4605 de
1704 4550 1834 4618 ipsis

240 4648 466 4717 quidem
510 4649 782 4718 discipulis
829 4649 985 4703 facile
1035 4647 1349 4713 intelligitur
1388 4645 1513 4714 quia
1559 4644 1832 4697 tristitiam

244 4741 554 4794 habuerunt
601 4756 756 4810 passo
807 4755 872 4796 ac
918 4740 1126 4809 sepulto
1177 4739 1440 4795 Domino;
1487 4737 1578 4790 sed
1615 4745 1833 4804 peracta

245 4836 665 4890 resurrectionis
717 4835 887 4905 gloria
933 4834 1099 4905 gavisi
1146 4843 1271 4886 sunt
1314 4831 1428 4884 viso
1484 4830 1732 4891 Domino,
1781 4837 1835 4880 et

243 4928 504 4999 gaudium
527 4942 716 4982 eorum
763 4941 920 4980 neruo
962 4923 1096 4977 tollit
1135 4925 1202 4976 ab
1232 4922 1345 4985 eis;
1381 4921 1506 4974 licet
1551 4933 1835 4988 pressuras

243 5036 309 5074 ac
340 5019 746 5088 persecutiones
781 5019 926 5086 passi
948 5023 1128 5070 essent
1159 5015 1212 5068 in
1242 5015 1342 5068 hoc
1374 5014 1594 5073 mundo,
1623 5025 1834 5079 semper

246 5115 302 5167 in
335 5129 433 5184 spe
473 5111 777 5183 gaudebant
823 5110 1020 5164 futura:
1048 5106 1418 5163 retributionis
1461 5119 1559 5172 pro
1588 5119 1651 5158 eo
1685 5102 1831 5171 quod

247 5207 397 5277 digni
425 5213 607 5263 essent
634 5220 733 5273 pro
759 5204 979 5270 nomine
1000 5201 1126 5256 Jesu
1151 5198 1508 5254 contumelias
1537 5212 1600 5266 pa
1611 5195 1668 5248 ti.

320 5296 524 5350 Iterum
551 5305 727 5349 autent
749 5294 926 5348 uidebo
949 5309 1035 5347 vos
1059 5301 1108 5345 et
1129 5290 1371 5361 gaudebit
1399 5305 1488 5342 cor
1515 5297 1763 5350 vestrum,
1787 5295 1837 5339 et

247 5387 506 5458 gaudium
539 5395 765 5440 vestrum
809 5401 957 5440 nemo
989 5382 1134 5437 tollet
1173 5398 1205 5438 α
1248 5381 1413 5437 vobis.
1467 5377 1625 5433 Videt
1655 5378 1837 5444 itaque

250 5480 454 5535 electos
497 5487 618 5551 post
645 5477 921 5550 tristitiam
954 5477 1214 5532 Dominus
1247 5489 1371 5529 cum
1399 5488 1584 5528 eorum
1617 5470 1832 5540 patien-

250 5571 386 5630 tiam
413 5572 666 5626 damnato
700 5573 1074 5640 impugnatore
1116 5573 1444 5621 ren'nmerat.
1501 5563 1695 5617 Videbo
1725 5567 1832 5625 vos,

247 5663 306 5720 id
334 5674 438 5729 est,
464 5680 588 5718 cum
621 5677 967 5732 assumpsere
996 5675 1092 5716 vos
1119 5661 1186 5714 ad
1217 5658 1481 5727 nieipsum
1509 5664 1568 5708 ut
1595 5653 1683 5708 ubi
1717 5667 1838 5706 sum

248 5771 354 5825 ego
397 5766 453 5812 et
490 5771 587 5810 vos
633 5755 772 5821 sitis,
815 5762 871 5808 et
896 5754 952 5807 in
979 5753 1068 5807 illa
1101 5753 1306 5808 visione
1351 5758 1622 5820 perpetuae
1654 5746 1839 5819 gloria:

253 5847 508 5919 gaudebit
536 5862 630 5901 cor
661 5856 894 5900 vestrutn
923 5855 978 5900 et
997 5845 1247 5916 gaudium
1285 5850 1522 5897 vestrum
1559 5856 1717 5895 nemo
1745 5838 1841 5892 tol-

254 5940 330 6014 let
364 5952 401 5996 'a
444 5938 618 6009 v'obis,
659 5938 784 6009 quia
810 5939 882 5994 ibi
908 5937 1087 5994 nullus
1115 5935 1480 6003 adversarius,
1513 5934 1688 5990 nullus
1718 5947 1838 6004 pcr-

1949 696 2073 749 dum
2099 695 2355 750 videbitur
2376 694 2516 748 Deus
2549 694 2762 746 deorum
2784 693 2837 744 in
2866 690 3013 745 Sion.

2487 793 2767 861 nouth
2805 797 2998 860 xx‘tx.

1951 915 2000 953 IN
2043 899 2367 956 NATlYlTATE
2407 915 2478 954 SS.
2523 909 2902 953 Al‘OS'l‘OLORUM
2943 895 3186 951 l‘lIlLll’Pl.
3218 911 3286 951 ET
3325 885 3526 951 JACOBI.

2401 989 2587 1046 Lectio
2615 978 2738 1043 librl
2770 975 3074 1057 Sapict'ttite.
3142 980 3180 1050 ’λλ
3329 1043 3334 1050 _
3361 983 3364 988 ’

2021 1078 2238 1135 Stabant
2262 1081 2394 1151 justi
2421 1082 2474 1135 in
2517 1069 2704 1151 magna
2737 1064 3028 1134 constantia
3064 1065 3308 1135 adversus
3332 1077 3415 1134 eos
3441 1061 3531 1168 qui

1947 1190 2000 1227 sc
2030 1177 2470 1244 angustiaverunt,
2500 1185 2544 1228 et
2585 1176 2672 1244 qui
2705 1167 3027 1229 abstulerunt
3064 1159 3528 1228 labores'i‘lloru'm:

2020 1265 2212 1320 Narrat
2241 1267 2420 1321 divina
2451 1253 2725 1335 Sapientia
2769 1256 3020 1335 qualisin
3051 1255 3294 1320 estremo
3329 1251 3532 1334 judicio

1949 1365 2259 1411 sanctorum
2287 1359 2389 1412 erit
2429 1357 2618 1428 gloria,
2651 1359 2934 1428 qualisque
2969 1358 3326 1428 reproborum
3367 1341 3535 1428 angu-

1948 1449 2048 1503 stia
2071 1442 2190 1503 eum
2226 1443 2459 1503 viderint
2501 1458 2717 1504 sanctos
2769 1457 2973 1504 stantes
3012 1449 3075 1502 ad
3124 1435 3400 1504 dexteram
3439 1432 3535 1520 Dei

1947 1552 2069 1594 cum
2094 1539 2262 1608 gloria
2311 1541 2728 1611 incorruptionis
2772 1547 2824 1595 et
2866 1529 3308 1606 immortalitatis,
3349 1539 3422 1608 pii
3447 1536 3535 1605 ju-

1946 1629 2080 1684 dicis
2115 1639 2490 1700 exspectantes
2523 1623 2844 1686 sententiam
2873 1673 2887 1696 ,
2933 1643 3038 1700 qua
3079 1646 3171 1685 eos
3207 1629 3272 1684 ad
3305 1623 3532 1700 regnum

1948 1721 2139 1774 invitat
2183 1729 2474 1784 lBlCl‘Dllll];
2529 1737 2585 1776 se
2615 1731 2794 1775 autem
2846 1720 3040 1774 merito
3079 1717 3427 1774 condemnari
3469 1733 3532 1771 eo

1948 1816 2086 1882 quod
2130 1814 2248 1867 illos
2273 1815 2536 1884 persecuti
2566 1823 2714 1880 sunt,
2744 1828 2844 1868 nec
2873 1801 3132 1868 doctrina:
3164 1827 3350 1866 eorum
3385 1811 3529 1865 salu-

1951 1906 2032 1959 bri
2057 1906 2278 1959 obedire
2303 1906 2611 1970 voluerunt,
2645 1904 2739 1960 sed
2769 1905 3056 1958 irridentes
3078 1917 3169 1957 eos
3192 1903 3362 1972 magis
3390 1915 3537 1972 spre-

1869 1972 1916 2030 Β
1946 2006 2155 2061 verunt,
2206 2014 2303 2052 nec
2349 1999 2608 2051 honorem
2654 1996 2981 2065 condignum
3023 1993 3129 2048 illis
3167 1993 3531 2064 prmbueruut,

1945 2087 2084 2141 unde
2115 2088 2273 2142 modo
2303 2104 2424 2142 cum
2463 2087 2627 2142 lectio
2652 2087 2921 2157 legeretur
2949 2085 3176 2139 audistis
3201 2099 3217 2138 :
3247 2082 3390 2137 Tunc
3417 2093 3528 2136 sta—

1945 2179 2088 2244 bunt,
2123 2179 2316 2248 inquit,
2338 2180 2470 2249 justi
2515 2181 2568 2232 in
2595 2195 2785 2248 magna
2819 2177 3134 2240 constantia,
3169 2177 3414 2230 adversus
3446 2191 3532 2230 eos

1941 2274 2030 2344 qui
2053 2289 2106 2327 se
2146 2274 2593 2342 angustiaverunt,
2624 2280 2670 2324 et
2704 2270 2792 2342 qui
2822 2255 3146 2324 abstulerunt
3174 2269 3375 2323 labores
3413 2268 3534 2323 illo-

1943 2380 2079 2427 rum,
2111 2363 2336 2416 videntes
2367 2362 2719 2416 turbabuntur
2757 2362 2939 2413 timore
2970 2359 3241 2424 horribili,
3285 2369 3331 2413 et
3367 2360 3532 2411 mira-

1942 2455 2134 2509 buntur
2194 2456 2250 2508 in
2292 2453 2603 2508 subitatione
2655 2452 2932 2522 insperata:
3001 2450 3224 2515 salutis,
3276 2460 3532 2522 gementes

1938 2563 2030 2616 per
2055 2547 2350 2616 angustiam
2379 2544 2629 2614 spiritus,
2677 2543 2846 2596 dicent
2897 2543 3030 2595 inter
3076 2559 3130 2595 se
3183 2539 3531 2610 pwnitentiam

1941 2648 2147 2709 agentes
2180 2651 2198 2688 .‘
2248 2635 2321 2689 Hi
2366 2643 2486 2688 sunt
2533 2650 2660 2702 quos
2704 2633 2983 2686 habuimus
3022 2630 3305 2701 aliquando
3348 2631 3402 2682 in
3442 2628 3531 2681 dc-

1941 2729 2050 2781 risu
2082 2738 2127 2781 et
2153 2727 2205 2780 in
2227 2724 2570 2779 similitudine
2590 2722 2911 2793 improperii.
2953 2720 3064 2775 Nos
3094 2720 3345 2774 insensati
3371 2719 3531 2771 vitam

1939 2820 2149 2874 illorum
2200 2817 2588 2870 (rstimabamus
2642 2815 2940 2878 insaniam,
2994 2822 3041 2866 et
3101 2812 3260 2880 ﬁnem
3308 2810 3524 2864 illorum

1938 2910 2050 2963 sine
2072 2909 2286 2962 honore.
2323 2905 2597 2971 Quomodo
2620 2921 2740 2974 ergo
2773 2902 3057 2974 computati
3079 2912 3197 2956 sunt
3227 2903 3360 2954 inter
3385 2899 3526 2968 ﬁlios

1938 3001 2036 3056 Dei
2076 3011 2124 3056 et
2165 3003 2298 3054 inter
2333 3010 2540 3054 sanctos
2589 3015 2702 3052 sors
2749 2980 2960 3050 illorum
3007 3005 3079 3050 est
3108 2995 3132 3049 2
3162 2994 3313 3049 Tunc
3343 2993 3528 3062 utique

1941 3097 2159 3151 stabunt
2192 3093 2326 3161 justi
2357 3095 2410 3146 in
2435 3108 2629 3162 magna
2657 3092 2960 3145 constantia
2988 3091 3245 3143 adversus
3273 3103 3530 3156 persecu—

1940 3195 2084 3241 tores
2127 3201 2252 3239 suos
2297 3183 2388 3253 qui
2433 3198 2526 3236 eos
2569 3182 2746 3251 poenis
2781 3179 3034 3235 indebitis
3075 3179 3164 3233 hic
3209 3179 3526 3241 all‘ecerunt,

1938 3283 1990 3331 et
2055 3275 2271 3329 labores
2334 3273 2548 3327 illorum
2589 3271 2740 3340 quasi
2808 3270 3002 3325 stultos
3059 3270 3524 3337 vituperavcrunt,

1937 3366 2154 3437 quando
2178 3366 2426 3419 claritate
2449 3379 2680 3433 superna
2715 3359 2938 3416 revelati
2973 3357 3180 3428 judices
3205 3368 3362 3412 erunt
3405 3356 3525 3411 illo-

1933 3476 2051 3514 rum
2077 3459 2369 3514 secundum
2399 3459 2680 3512 veritatem
2708 3456 2798 3525 qui
2821 3463 2946 3508 ante
2973 3468 3029 3506 se
3066 3449 3266 3517 injuste
3297 3448 3530 3504 (lamna-4

1930 3560 2140 3606 verunt.
2179 3549 2326 3605 Unde
2363 3550 2436 3603 illi
2484 3565 2606 3602 cum
2659 3562 2716 3602 se
2776 3545 3053 3600 subitanea
3104 3542 3526 3597 commutatione

1932 3643 2164 3698 viderint
2205 3643 2271 3697 de
2314 3642 2485 3711 gloria
2527 3641 2594 3694 ad
2635 3637 3031 3708 ignobilitatem
3079 3635 3391 3703 perductos,
3415 3627 3468 3686 et
3501 3625 3534 3686 (ἐ

1933 3736 2207 3790 contrario
2243 3733 2585 3788 adversarios
2631 3745 2759 3785 suos
2801 3729 2867 3783 de
2913 3726 3202 3781 amictione
3239 3723 3523 3792 temporali

1933 3828 1999 3881 ad
2037 3828 2297 3881 honorem
2345 3839 2637 3893 supernth
2684 3820 2994 3883 translatos,
3043 3833 3164 3872 sera
3213 3816 3530 3886 ptenticntia

1935 3927 2094 3989 atque
2143 3919 2476 3974 infructuosa
2543 3928 2672 3974 tunc
2719 3924 3125 3985 conquerentur
3172 3912 3311 3982 quod
3371 3922 3528 3964 antea

1935 4014 2058 4067 dum
2094 4013 2242 4065 licuit
2273 4011 2315 4064 si
2349 4011 2546 4065 vellent
2577 4010 2852 4063 l'ructuose
2889 4020 3048 4076 agerc
3085 4011 3324 4073 possent.
3377 3999 3528 4055 Unde

1935 4117 2153 4158 necesse
2195 4111 2276 4156 est
2330 4109 2389 4155 ut
2435 4104 2742 4170 quicunque
2782 4099 2950 4150 vitam
2995 4110 3148 4148 suam
3196 4091 3533 4163 negligenter

1935 4196 2087 4250 duxit
2119 4206 2173 4248 et
2203 4195 2436 4263 peccatis
2465 4193 2710 4256 servivit,
2754 4199 2878 4244 ante
2916 4188 3206 4242 terminum
3241 4185 3368 4237 vitm
3395 4199 3531 4252 prae-

1936 4291 2102 4345 sentis
2129 4288 2503 4360 pmnitentiam
2534 4285 2797 4354 condigne
2839 4293 2961 4352 agat
2990 4275 3055 4334 dc
3085 4277 3242 4332 malis
3269 4274 3525 4330 commis-

1937 4381 2033 4444 sis,
2072 4389 2124 4433 et
2175 4381 2387 4434 studeat
2427 4379 2680 4446 operibus
2719 4376 2874 4430 bonis
2919 4389 3012 4444 per
3042 4371 3269 4442 gratiam
3305 4367 3421 4433 Dei,
3450 4368 3533 4421 iu-

1937 4470 2263 4540 dulgcntiam
2288 4469 2582 4540 promereri
2609 4459 2975 4536 peccatorum,
2999 4474 3053 4516 et
3073 4462 3238 4515 vitam
3266 4445 3543 4528 consequi

1940 4563 2326 4633 sempiternam
2370 4561 2777 4632 largiente'ipso
2803 4559 3164 4626 Redemptore
3191 4553 3418 4608 Domino
3440 4541 3538 4606 uo-I

1939 4667 2050 4711 stro
2079 4654 2204 4710 Jcsu
2235 4655 2473 4718 Christo,
2502 4655 2589 4724 qui
2623 4652 2722 4706 vult
2743 4668 2918 4704 omnes
2937 4651 3170 4702 homines
3203 4647 3374 4700 salvos
3400 4663 3530 4710 esse,

1943 4760 1990 4802 et
2013 4749 2079 4800 ad
2105 4748 2420 4816 agnitionem
2444 4745 2673 4798 veritatis
2693 4742 2974 4812 pervenire,
3000 4754 3231 4810 regnans
3255 4752 3376 4790 cum
3404 4736 3529 4804 Spi—

1946 4841 2049 4892 ritu
2067 4847 2254 4892 saucto
2273 4839 2409 4891 licus
2433 4854 2530 4906 per
2550 4836 2728 4889 omnia
2752 4833 2944 4887 smoula
2967 4830 3306 4885 smculorum.
3335 4827 3526 4879 Amen.

2512 4944 2791 5000 llOlllLlA
2833 4942 3001 4996 XXX.

2488 5057 2538 5094 IN
2578 5053 2752 5094 EODEM
2787 5050 2970 5091 FESTO.

2077 5136 2261 5192 Lectio
2285 5134 2456 5189 sancti
2481 5130 2753 5202 Evangelii
2784 5128 3073 5182 secundum
3105 5119 3387 5186 Joannem.

2008 5228 2074 5282 In
2109 5228 2197 5282 illo
2244 5239 2467 5297 tempore
2505 5225 2636 5297 dixit
2681 5219 2838 5297 Iesus
2886 5215 3153 5297 discipulis
3194 5207 3342 5296 suis:
3400 5206 3524 5266 Non

1939 5301 2176 5355 turbetur
2205 5316 2295 5352 cor
2318 5287 2564 5350 vestrum.
2598 5293 2799 5347 Credite
2821 5291 2874 5342 in
2917 5288 3100 5352 Deum,
3147 5296 3191 5340 et
3226 5287 3276 5338 in
3310 5300 3388 5337 mc
3418 5298 3531 5335 cre-

1937 5374 2065 5436 dite,
2086 5380 2193 5425 etc.

2013 5461 2090 5515 Ne
2135 5468 2364 5518 mortem
2413 5467 2666 5525 tanquam
2715 5449 2962 5508 homines
2989 5447 3264 5512 timerent,
3317 5455 3375 5502 et
3405 5443 3531 5499 ideo

1945 5556 2303 5617 turbarentur,
2346 5551 2653 5608 consolatur
2677 5548 2841 5603 etiam
2871 5562 2964 5602 eos
2985 5549 3149 5600 Deum
3183 5560 3239 5599 se
3262 5556 3380 5597 esse
3404 5555 3531 5594 con-

1946 5657 2168 5705 testans.
2203 5645 2549 5712 Consequens
2576 5650 2659 5694 est
2679 5640 2823 5693 enim
2851 5646 2912 5692 ut
2945 5637 2990 5692 si
3012 5635 3066 5690 in
3093 5636 3260 5690 Deum
3285 5628 3526 5694 creditis,

1945 5750 1999 5797 et
2028 5741 2082 5794 iu
2115 5755 2200 5794 me
2235 5736 2458 5793 credere
2511 5732 2786 5787 debeatis:
2827 5730 2968 5800 quod
3010 5741 3116 5783 non
3148 5731 3303 5780 esset
3340 5707 3547 5777 conses’

1946 5849 2136 5903 quens,
2164 5831 2208 5886 si
2248 5829 2493 5884 Christus
2517 5843 2620 5879 non
2666 5833 2809 5880 esset
2838 5824 2996 5876 Deus.
3048 5819 3115 5873 In
3163 5813 3317 5872 domo
3350 5809 3534 5866 Patri-8‘

1949 5927 2048 5982 mei
2068 5926 2360 5980 mansiones
2398 5921 2574 5976 multm
2621 5929 2760 5975 sunt.
2809 5917 2945 5986 Quia
2984 5913 3174 5970 merita
3219 5911 3527 5967 Sanctorum
