3974 6364
221 275 340 370 ,ἓρέ

928 318 961 364 ῃ
1007 319 1177 368 κςξξρσι
1225 316 1264 369 ῃ
1303 269 2465 370 WW/IMMAWHFWRIWW
2514 301 2758 350 Vill/tl
2825 299 2859 349 tl

3393 271 3512 344 ιιι

234 367 384 482 enim
401 387 963 490 pqteritI‘esise’ntajor
997 403 1089 474 me
1113 386 1205 478 qui
1225 367 1499 476 creditum
1543 387 1824 472 mes’ideo

1950 393 2078 490 qua
2098 386 2240 471 quod
2269 385 2469 490 Paulus
2495 386 2598 464 ait,
2617 385 2873 468 ιΤεηξβιὲο
2903 401 3140 466 aest-net.

409 459 498 492 F3.”

815 465 964 550 facit,
1012 465 1109 568 sed
1136 465 1250 556 per.
1276 497 1365 556 me
1593 469 1824 568 tngere?
1847 465 1892 487 ’³
1929 465 2310 566 insiliuntque,
2341 480 2572 560 hocgest,
2593 465 3000 559 scientiam
3029 483 3519 550 humnwinﬁnml,

232 559 335 638 idit".
349 577 353 585 “
369 559 480 636 Nec
499 559 589 636 es?
607 559 848 652 defectio
866 561 1176 649 potestatis.
1205 575 1320 652 sed
1337 559 1640 652 miserati-op
1656 559 1830 652 picta}

358 659 520 750 Dives
544 658 673 744 ergo
695 649 780 746 .ab'
797 685 865 750 eo
911 661 1138 726 recessit
1163 651 1380 748 tristis”
1403 661 1512 722 non
1561 649 1828 750 recipiens

223 741 404 844 fidem
447 737 642 844 “signa;
662 779 680 844 ἦ
697 749 703 762 ’
722 737 998 844 apostolis
1023 737 1188 844 igitur
1212 737 1650 844 praedicantibus,
1672 737 1829 844 multi

225 819 1098 932 'Idivitesrpauperieni‘gvoluntaie
1139 829 1318 906 secuti,
1361 827 1524 903 sunt:
1557 819 1648 930 iita'
1684 830 1829 928 quod

229 914 305 1004 iib
326 945 419 1026 illo
441 914 833 1026 audiensunus
883 958 990 1000 non
1033 926 1183 1009 fecit,
1213 935 1477 997 iecerunt
1520 925 1674 1018 mulli
1705 914 1829 1018 cum

229 1023 552 1109 loqueretur
579 1023 997 1108 per'discipulos
1024 1031 1287 1104 magister
1322 1027 1520 1086 bonus.
1547 1026 1691 1088 Ecce
1714 1043 1829 1083 rua-

223 1131 353 1203 jora
381 1132 511 1204 fecit
535 1131 861 1203 praedicatus
882 1143 912 1183 a
938 1125 1287 1184 credentibus
1308 1139 1473 1204 quam
1493 1121 1704 1179 locutus
1729 1137 1828 1178 au-

228 1203 530 1288 dientibus,
560 1221 654 1277 sed
797 1236 898 1293 per
919 1217 1340 1304 praedicatores.
1366 1213 1620 1286 Nunquid
1643 1227 1834 1288 omnes

228 1309 329 1384 q't'ri
358 1312 588 1369 credunt
615 1311 672 1367 in
692 1303 816 1367 eum
839 1303 1225 1382 praediCatoms
1256 1303 1426 1364 sunt?
1463 1303 1683 1363 Tamen
1701 1303 1834 1361 dicit

229 1403 330 1476 qui
359 1403 588 1459 credunt
627 1402 688 1458 in
742 1416 868 1457 eum
911 1415 1078 1472 opera
1129 1391 1320 1456 facere
1355 1397 1582 1469 majora.
1619 1397 1678 1454 In
1728 1397 1834 1454 hoc

163 1526 174 1534 -
229 1511 402 1568 opere
445 1494 570 1551 ﬁdei
620 1493 882 1550 faciemus
923 1508 1090 1565 Opera
1133 1489 1357 1559 Christi,
1388 1490 1517 1561 quia
1556 1497 1612 1546 et
1656 1489 1833 1560 ipsum

231 1588 462 1645 credere
487 1588 545 1644 in
572 1585 853 1644 Christum
878 1602 1014 1657 opus
1042 1592 1124 1643 est
1154 1602 1168 1651 ;
1216 1583 1468 1641 Christus
1496 1590 1680 1642 autem
1705 1596 1834 1654 ope-

229 1683 392 1739 ratur
417 1683 472 1738 in
501 1680 679 1750 nobis,
711 1696 821 1737 non
847 1680 1033 1751 utique
1073 1679 1190 1735 sine
1222 1678 1400 1736 nobis.
1431 1675 1592 1733 Prius
1627 1691 1728 1748 ego
1751 1675 1833 1731 fa-

1929 559 2014 626 tas
2040 559 2698 652 adi'uztcgrunrdeclinare
2713 587 2829 650 non
2854 580 3072 658 potest...
3278 590 3384 640 .-,..;,
3417 606 3517 642 ,εμπ

1935 733 1947 736 _
2001 661 2104 719 Sed
2129 673 2176 742 et
2197 647 2252 736 si
2275 664 2391 734 quis
2416 647 2724 746 peccauerit,
2751 647 3521 740 advocatumsltqkmuc-apud

1932 749 2148 836 :Patrem
2198 753 2384 828 Iesum
2417 752 2684 827 Christum
2721 757 2954 828 justum;
3011 757 3162 823 Vide,
3193 756 3524 822 Joannesliu

1931 837 2193 932 quantum
2220 857 2403 928 servet
2435 848 2819 926 humilitatem,
2850 850 3524 932 quam-docet..pecte-tvil

1925 923 2107 1010 justus
2130 923 2272 1008 erat,
2299 950 2356 998 et.
2377 943 2717 1016 magnusqui
2742 923 2818 1016 de
2841 923 3525 1016 pectorenomiuimysm

1934 1030 2138 1114 riorum
2164 1041 2373 1092 secreta
2402 1033 2642 1110 bibebat.
2683 1033 2802 1112 Non
2828 1041 3006 1090 tamen
3041 1034 3178 1092 dixit
3209 1036 3528 1104 aduocatum

1931 1139 2016 1177 me
2039 1121 2240 1196 habetis
2263 1124 2404 1195 apud
2429 1123 2668 1190 Patrem,
2705 1124 2795 1180 sed
2839 1124 3170 1193 advocatum,
3198 1126 3401 1198 inquit,
3425 1127 3524 1182 Ita-

1933 1213 2155 1282 bemus;
2181 1229 2289 1271 non
2318 1215 2476 1283 dixit,
2520 1216 2739 1272 habetis.
2791 1215 2978 1274 Maluit
3001 1232 3060 1272 se
3104 1232 3308 1289 ponere
3341 1218 3395 1275 in
3422 1234 3527 1276 nu-

1933 1323 2085 1366 mero
2120 1317 2488 1392 peccatorum,
2533 1318 2594 1367 ut
2618 1310 2845 1377 haberet
2873 1310 3196 1367 advocatum
3225 1293 3532 1378 Christum,

1935 1415 2100 1470 quam
2123 1416 2325 1472 ponere
2351 1417 2410 1458 se
2435 1417 2535 1475 pro
2560 1401 2775 1459 Christo
2818 1403 3169 1461 advocatum.
3187 1411 3246 1460 et
3295 1402 3528 1462 inveniri

1935 1494 2077 1551 inter
2103 1495 2437 1553 damnandos
2492 1498 2776 1568 superbos.
2825 1497 2940 1554 Nec
2986 1506 3166 1554 tamen
3215 1495 3530 1564 dicendum.

1936 1585 2062 1656 quia
2083 1586 2320 1658 episcopi
2353 1586 2437 1643 vel
2481 1587 2756 1658 praepositi
2786 1603 2893 1642 non
2939 1595 3128 1659 petant
3165 1601 3265 1658 pro
3292 1588 3532 1659 populo;

1935 1686 2059 1733 orat
2080 1677 2226 1733 enim
2254 1677 2546 1750 Apostolus
2577 1693 2677 1748 pro
2705 1678 2883 1751 plebe,
2925 1687 3049 1735 orat
3083 1677 3236 1748 plebs
3263 1694 3364 1750 pro
3389 1677 3535 1748 Apo-

228 1775 323 1833 clo
350 1775 688 1846 praeveniens
721 1773 920 1845 gratia,
967 1772 1161 1828 deinde
1211 1779 1267 1827 et
1315 1770 1432 1843 ipse
1483 1769 1618 1826 facit
1646 1768 1835 1826 subse-
1937 1753 2098 1840 stolo,
2128 1771 2224 1842 qui
2254 1770 2405 1836 dicit,
2442 1780 2650 1826 orantes
2687 1769 2845 1826 simul
2889 1779 2937 1826 et
2962 1787 3057 1842 pro
3098 1770 3264 1837 nobis,
3308 1780 3365 1824 ut
3391 1768 3535 1826 Deus

229 1884 410 1940 quens
434 1866 839 1940 gratiam,,quia
865 1864 1006 1922 facio
1051 1873 1110 1922 ut
1141 1863 1324 1920 faciat.
1354 1861 1486 1932 Quae
1511 1876 1699 1934 opera,
1727 1859 1833 1917 nisi

231 1971 296 2018 ut
320 1975 389 2016 ex
416 1959 583 2030 impio
630 1956 812 2028 justus
835 1956 976 2013 fiat?
1018 1955 1272 2013 Fortasse
1320 1951 1498 2024 majus
1544 1962 1630 2010 est
1659 1953 1834 2026 opera

233 2049 431 2106 salutis
451 2056 655 2106 nostra:
683 2062 784 2105 nos
800 2063 898 2120 per
931 2048 1112 2119 ipsum
1131 2045 1333 2114 facere,
1363 2046 1529 2118 quam
1555 2044 1724 2102 verba
1746 2061 1834 2102 sa-

235 2139 367 2198 lutis
390 2139 714 2213 praedicare,
739 2139 884 2210 quod
908 2139 1025 2211 ipse
1059 2139 1191 2196 fecit
1217 2139 1335 2195 sine
1362 2138 1542 2206 nobis,
1568 2138 1696 2195 dum
1719 2138 1836 2194 haec

233 2232 376 2288 dixit
399 2250 412 2286 :
442 2231 582 2300 Quia
610 2247 704 2303 ego
730 2231 802 2284 ad
827 2227 1046 2286 Patrem
1078 2230 1232 2286 vado.
1276 2229 1346 2284 Et
1384 2230 1729 2301 quodcunque
1749 2244 1838 2299 pe-

230 2319 424 2376 tieritis
451 2319 508 2374 in
537 2320 746 2375 nomine
778 2318 915 2386 meo,
944 2319 1040 2375 hoc
1065 2319 1284 2390 faciam.
1306 2318 1365 2373 ln
1386 2318 1472 2375 his
1504 2319 1686 2375 verbis
1721 2332 1838 2373 ma-

234 2427 399 2486 gnam
430 2425 582 2486 spem
607 2411 858 2484 promisit
877 2411 1179 2469 orantibus.
1208 2410 1302 2469 Sic
1331 2427 1461 2484 ergo
1494 2411 1735 2484 perrexit
1768 2411 1838 2468 ad

234 2504 478 2570 Patrem,
506 2511 567 2560 ut
591 2517 702 2559 non
747 2503 1082 2574 relinqueret
1128 2503 1452 2576 indigentes,
1497 2503 1596 2560 sed
1624 2502 1838 2559 audiret

233 2603 508 2670 petentes.
550 2593 756 2651 Tamen
793 2610 905 2651 non
939 2594 1124 2650 omnia
1162 2603 1430 2665 petentes,
1470 2594 1568 2651 sed
1601 2607 1722 2665 qua:
1770 2593 1840 2649 ad

233 2687 476 2746 salutem
533 2687 809 2760 pertinent
840 2689 1163 2760 petentium.
1226 2687 1351 2744 Ideo
1390 2686 1528 2744 dixit
1560 2704 1573 2741 :
1617 2683 1675 2742 Si
1713 2685 1840 2757 quid

232 2779 496 2853 petieritis
522 2780 678 2834 mein
703 2780 913 2835 nomine
930 2794 1067 2845 meo,
1097 2778 1193 2834 hoc
1237 2779 1452 2850 faciam.
1493 2776 1633 2846 Quid
1666 2785 1750 2832 est
1785 2777 1840 2832 in

238 2869 469 2929 nomine
490 2881 612 2924 meo
631 2868 656 2923 τ
679 2867 785 2925 nisi
807 2869 866 2924 in
887 2868 1108 2924 nomine
1135 2865 1458 2923 Salvatoris.
1487 2865 1546 2922 Si
1573 2864 1842 2935 petieritis

238 2974 372 3032 qua:
396 2959 468 3016 ad
488 2957 715 3014 salutem
754 2959 1030 3030 pertinent
1058 2957 1233 3024 vobis,
1263 2956 1320 3012 in
1358 2955 1576 3012 nomine
1601 2970 1724 3010 meo
1749 2969 1840 3026 pe-

235 3052 461 3109 tieritis.
492 3049 718 3118 Quando
752 3050 899 3106 enim
946 3049 1218 3106 delectant
1262 3047 1406 3103 mala
1449 3056 1502 3102 et
1549 3062 1656 3101 non
1700 3045 1844 3102 dele-

1935 1861 2139 1933 aperiat
2163 1861 2309 1916 nobis
2335 1862 2528 1916 ostium
2570 1861 2730 1917 verbi.
2774 1860 2844 1917 Et
2869 1875 2968 1932 pro
3009 1860 3173 1916 Petro
3211 1860 3405 1916 orabat
3433 1859 3540 1919 Ec-

1935 1953 2098 2010 clesia
2124 1970 2248 2010 cum
2277 1963 2423 2010 esset
2448 1953 2502 2008 in
2529 1953 2759 2009 vinculis
2787 1951 3005 2019 Petrus,
3040 1960 3096 2009 et
3115 1952 3372 2009 exaudita
3405 1959 3532 2020 est;

1936 2044 2208 2116 quomodo
2230 2053 2285 2101 et
2313 2043 2506 2100 Petrus
2532 2059 2632 2115 pro
2654 2027 2894 2100 Ecclesia
2919 2062 2932 2098 :
2961 2044 3088 2114 quia
3116 2043 3297 2099 omnia
3326 2057 3428 2115 pro
3449 2043 3541 2099 irt-

1936 2138 2110 2195 vicem
2137 2137 2383 2194 membra
2407 2145 2584 2204 orant,
2629 2145 2794 2208 caput
2820 2151 2920 2208 pro
2954 2136 3205 2195 omnibus
3231 2135 3540 2210 interpellat

1938 2231 2005 2288 de
2030 2245 2138 2302 quo
2174 2231 2438 2300 scriptum
2467 2237 2570 2296 est,
2605 2228 2711 2296 Qui
2757 2239 2832 2284 est
2879 2228 2948 2283 ad
2993 2228 3262 2284 dexteram
3299 2227 3418 2294 Dei,
3449 2229 3540 2299 qui

1937 2323 2096 2377 etiam
2120 2321 2417 2394 interpellat
2442 2337 2537 2393 pro
2580 2321 2746 2375 nobis.
2780 2318 3071 2391 Unigenito
3091 2320 3238 2375 enim
3281 2319 3420 2376 Filio
3442 2333 3544 2390 pro

1937 2413 2158 2470 homine
2206 2411 2569 2483 interpellare,
2625 2419 2710 2466 est
2759 2411 2900 2483 apud
2947 2418 3276 2468 coaeternum
3321 2410 3540 2466 Patrem

1940 2521 2178 2577 serpsum
2207 2504 2623 2572 demonstrare;
2657 2505 2817 2575 eique
2843 2519 2944 2575 pro
2971 2503 3210 2560 humana
3236 2514 3431 2558 natura
3454 2514 3544 2557 ro-

1941 2613 2120 2670 gasse,
2158 2605 2244 2656 est
2270 2599 2518 2654 eamdem
2556 2605 2809 2653 naturam
2835 2596 2892 2652 in
2922 2594 3222 2653 divinitatis
3247 2609 3360 2651 sua:
3379 2593 3544 2650 celsi-

1943 2689 2186 2745 tudinem
2213 2689 2537 2760 suscepisse.
2577 2681 2890 2760 lnterpellat
2929 2687 3096 2759 igitur
3132 2699 3234 2756 pro
3256 2683 3412 2742 nobis
3442 2682 3548 2739 Do-

1943 2781 2126 2839 minus
2155 2797 2264 2838 non
2287 2797 2422 2838 voce
2449 2782 2544 2838 sed
2573 2769 2943 2847 miseratione,
2967 2778 3097 2852 quia
3121 2777 3265 2851 quod
3288 2779 3550 2835 damnare

1945 2873 2000 2928 in
2030 2871 2215 2929 electis
2259 2873 2435 2928 noluit
2461 2871 2803 2944 suscipiendo
2853 2870 3109 2928 servavit.
3163 2869 3234 2925 Et
3255 2869 3398 2926 bene
3421 2883 3550 2924 cum

1946 2965 2152 3021 diceret
2189 2965 2512 3021 advocatum
2541 2979 2643 3020 nos
2670 2964 2812 3036 apud
2847 2961 3068 3019 Patrem
3119 2961 3324 3018 habere
3362 2959 3548 3018 Jesum

1947 3055 2247 3122 Christum,
2291 3055 2442 3110 addit
2486 3055 2712 3125 justum.
2763 3052 2952 3109 Justus
2993 3067 3234 3122 namque
3254 3050 3554 3107 advocatus

236 3149 395 3200 Cum
439 3141 602 3209 bona:
641 3154 834 3218 ιῒοευθ
883 3141 1068 3212 P0tius
1097 3139 1359 3196 debemus
1410 3139 1582 3194 Deum
1610 3146 1671 3193 ιιι
1699 3136 1846 3192 dele‘
1954 3148 2187 3221 injustas
2214 3163 2408 3203 causas
2433 3122 2542 3202 non
2571 3145 2834 3218 suscipit;
2891 3143 2983 3215 q’ui
3032 3153 3213 3199 tamen
3250 3141 3428 3213 justos
3451 3141 3550 3196 de-

235 3242 394 3290 ctent
417 3234 560 3290 bona
575 3231 738 3304 quam
749 3239 810 3288 ut
832 3231 1198 3288 concedantur
1217 3229 1379 3286 mala.
1402 3228 1503 3298 Qui
1531 3243 1661 3301 ergo
1679 3228 1854 3284 credit

239 3325 300 3380 in
331 3337 484 3392 eum,
513 3323 876 3398 quodcunque
894 3321 1112 3395 petierit
1141 3321 1198 3377 in
1227 3321 1448 3378 nomine
1471 3321 1617 3391 quod
1638 3328 1720 3376 est
1743 3319 1850 3376 illis

239 3415 432 3471 datum
458 3414 553 3486 qui
581 3414 812 3471 credunt
850 3413 906 3470 in
936 3427 1081 3481 eum,
1110 3413 1216 3469 hoc
1245 3411 1398 3479 facit,
1442 3427 1550 3483 quo
1570 3411 1675 3468 hoc
1710 3412 1850 3468 sicut

241 3507 498 3564 Salvator
519 3505 674 3563 facit.
716 3505 776 3563 Si
802 3514 984 3562 autem
1031 3505 1124 3576 qui
1173 3505 1230 3560 in
1255 3519 1380 3561 eum
1408 3504 1598 3572 credit,
1643 3504 1850 3574 aliquid

235 3607 344 3675 per
371 3599 732 3673 ignorantiam
771 3607 962 3654 contra
996 3598 1224 3654 salutem
1251 3611 1405 3653 suam
1449 3596 1606 3666 petit,
1638 3607 1750 3651 non
1779 3595 1836 3651 in

240 3693 469 3752 nomine
497 3691 799 3749 Salvatoris
834 3690 993 3762 petit,
1042 3689 1168 3760 quia
1197 3687 1451 3744 Salvator
1480 3687 1532 3743 ei
1559 3702 1670 3744 non
1698 3685 1844 3754 erit;

239 3783 294 3841 si
338 3782 464 3856 quis
507 3780 626 3853 ejus
676 3780 905 3838 salutem
948 3777 1157 3850 impedi
1211 3776 1424 3846 fecerit,
1456 3791 1567 3832 non
1600 3785 1687 3833 est
1732 3773 1850 3846 ejus

243 3875 520 3936 Salvator.
554 3876 696 3946 Quid
731 3875 926 3932 melius
951 3884 1045 3929 aut
1071 3873 1204 3945 quid
1243 3873 1420 3946 magis
1445 3873 1602 3930 nobis
1628 3871 1862 3944 prodest

241 3979 413 4043 quam
443 3970 804 4041 nosmetipsos
839 3968 1081 4025 salvari?
1104 3967 1236 4025 Ideo
1251 3966 1542 4040 petendum
1563 3975 1648 4024 est
1670 3974 1730 4022 ut
1755 3965 1851 4022 ﬁat

242 4063 502 4120 voluntas
529 4064 644 4133 ejus
673 4060 732 4117 in
758 4061 938 4128 nobis,
982 4061 1076 4132 qui
1102 4059 1239 4116 vivit
1277 4068 1334 4116 et
1358 4066 1549 4131 regnat
1583 4072 1710 4114 cum
1738 4057 1851 4114 Deo

243 4156 415 4212 Patre
439 4156 494 4210 in
532 4154 740 4210 unitate
760 4152 998 4224 Spiritus
1021 4152 1194 4209 sancti
1220 4152 1385 4220 Deus,
1414 4164 1514 4222 per
1538 4149 1722 4206 omnia
1748 4163 1850 4206 ste-

246 4247 380 4304 cula
398 4246 741 4304 saeculorum.
764 4245 960 4303 Amen.
1216 4265 1218 4268 -
1586 4253 1588 4256 ν

337 4359 342 4368 ‘
378 4373 379 4376 κ
697 4357 699 4360 ·
793 4356 1079 4417 HOMILIA
1115 4343 1312 4415 XXXI.

921 4446 1080 4486 FERIA
1109 4444 1184 4486 ιν.

473 4523 663 4583 Lectio
684 4519 940 4595 Epistolas
963 4523 1107 4578 beati
1139 4521 1362 4578 Joannis
1388 4523 1637 4594 apostoli.

291 4616 662 4681 "Charissimi,
691 4605 803 4670 Ιιίεσ
823 4613 992 4668 scribo
1015 4612 1158 4668 vobis
1180 4623 1236 4668 ut
1265 4629 1369 4668 non
1405 4614 1645 4684 peccetis,
1668 4620 1776 4670 etc.

323 4705 448 4761 Non
468 4703 571 4762 sibi
591 4705 709 4776 ipse
733 4704 1039 4760 contrarius
1064 4711 1148 4759 est
1171 4704 1269 4774 qui"
1283 4719 1449 4774 supra
1474 4720 1574 4761 nos
1596 4704 1713 4760 sine
1732 4717 1854 4776 pec-

251 4805 383 4854 cato
418 4809 518 4852 nos
544 4795 729 4852 vivere
762 4810 872 4851 non
914 4794 1258 4864 perhibebat,
1307 4809 1454 4850 nunc
1495 4805 1678 4853 autem
1729 4796 1853 4852 ideo

251 4885 502 4943 scribere
522 4899 588 4955 se
609 4884 768 4942 nobis
789 4885 939 4950 dicit,
968 4892 1031 4939 ut
1051 4897 1159 4940 non
1187 4899 1491 4956 peccemus.
1523 4883 1630 4942 Sed
1653 4883 1727 4940 ibi
1753 4901 1853 4942 nos

253 4975 574 5033 necessarie
604 4975 940 5046 providendo
966 4973 1260 5031 salubriter
1301 4983 1502 5031 nostrae
1541 4974 1880 5046 fragilitatis

256 5066 563 5132 admonuit,
591 5080 665 5123 ne
685 5065 945 5136 quis-sibi
965 5065 1121 5136 quasi
1149 5065 1411 5123 innocens
1449 5065 1768 5137 placeat,'et
1794 5081 1854 5124 se

257 5157 568 5215 «inmeritis
585 5157 912 5214 extollendo"
937 5157 1061 5230 plus
1085 5159 1292 5229 pereat,
1323 5159 1414 5215 hic
1457 5157 1855 5230 consequenter

255 5249 518 5306 linuntur
534 5257 598 5306 ut
628 5249 675 5306 si
719 5251 874 5307 omni
922 5250 1079 5321 culpa
1116 5261 1304 5306 carere
1330 5251 1634 5322 nequimus,
1665 5253 1855 5308 demus

257 5347 697 5410 tamen‘operam
724 5349 984 5412 quantam
1007 5341 1271 5407 valemus,
1304 5356 1373 5396 ne
1400 5358 1503 5399 nos
1522 5343 1624 5413 ipsi
1650 5342 1859 5413 fragili-

260 5439 605 5488 tatonostm
644 5432 970 5488 conditionis
993 5433 1325 5506 negligenter
1349 5435 1556 5505 agendo
1590 5435 1856 5502 vivamus,

261 5525 362 5580 sed
386 5533 578 5580 contra
620 5525 800 5580 omnia
839 5525 967 5580 vitia
1005 5533 1225 5582 strenue
1269 5526 1660 5599 vigilanterque
1689 5517 1858 5582 (dimi-

261 5630 474 5682 ceruus,
505 5614 746 5672 maxime
783 5615 989 5686 majora
1036 5626 1093 5673 et
1131 5619 1418 5688 apertiora,
1449 5633 1587 5690 quae,
1635 5619 1858 5690 juvante

265 5703 525 5775 Domino,
559 5705 778 5764 facilius
825 5720 1184 5778 superare'et
1233 5725 1424 5766 cavere
1472 5711 1767 5775 valeamus,
1799 5721 1860 5768 ut

405 5827 408 5834 ι
504 5797 820 5859 Pauor.»
837 5797 974 5859 CX.
1577 5809 1582 5814 ·

1954 3239 2126 3295 fendit
2151 3239 2206 3295 in
2229 3239 2459 3311 judicio,
2488 3239 2534 3294 si
2576 3238 2938 3309 nosmetipsos
2967 3235 3348 3307 cognoscimus
3370 3244 3424 3290 et
3455 3249 3550 3290 ac-

1952 3317 2209 3389 cusamus
2235 3331 2486 3401 injustos.
2511 3330 2620 3386 Cur
2641 3330 2788 3386 enim
2812 3328 2992 3398 justus
3019 3342 3128 3384 non
3172 3327 3263 3394 sit,
3291 3326 3386 3397 qui
3414 3342 3557 3382 con~

1953 3431 2035 3478 tra
2061 3436 2214 3478 suam
2246 3421 2564 3491 iujustitiam
2581 3418 2698 3490 jam
2723 3433 2822 3492 per
2848 3419 3120 3490 lacrymas
3143 3417 3339 3473 saevit?

2021 3509 2092 3566 Et
2115 3501 2228 3582 ipse
2255 3487 2331 3566 est
2369 3487 2673 3582 propitiatio
2699 3487 2795 3580 pro
2821 3487 3066 3579 peccatis,
3102 3506 3194 3578 qui
3217 3521 3310 3576 per
3333 3503 3550 3561 humili-
3576 3487 3584 3495 I

1952 3593 2112 3659 tatem
2140 3602 2437 3673 interpellat
2462 3617 2556 3673 pro
2589 3600 2738 3655 nobis
2766 3598 2908 3672 apud
2938 3596 3156 3654 Patrem
3179 3610 3199 3651 :
3227 3596 3286 3653 Id
3328 3605 3430 3662 est,
3454 3610 3556 3667 per

1951 3698 2288 3754 divinitatem
2313 3695 2642 3769 propitiatur
2661 3693 2819 3752 nobis
2842 3708 2966 3750 cum
2989 3690 3175 3747 Patre.

2021 3789 2146 3847 Non
2174 3808 2268 3864 pro
2298 3791 2490 3846 nostris
2514 3798 2689 3844 autem
2715 3795 2941 3853 tantum,
2964 3784 3054 3841 sed
3081 3785 3242 3842 etiam
3275 3798 3372 3854 pro
3395 3782 3558 3837 totius

1949 3885 2155 3941 mundi.
2187 3885 2306 3942 Non
2328 3899 2429 3958 pro
2455 3881 2561 3940 illis
2587 3881 2760 3938 solum
2793 3878 3108 3950 propitiatio
3145 3883 3231 3934 est
3267 3875 3550 3938 Dominus,

1951 3977 2149 4049 quibus
2170 3985 2299 4032 tunc
2327 3975 2382 4030 iu
2418 3979 2584 4029 carne
2625 3971 2933 4027 viventibus
2980 3970 3254 4026 scribebat
3296 3965 3552 4030 Joannes,

1952 4068 2048 4123 sed
2077 4067 2241 4123 etiam
2268 4080 2368 4138 pro
2409 4063 2556 4118 omni
2584 4063 2849 4128 Ecclesia,
2876 4077 2998 4131 quas
3038 4075 3136 4130 per
3161 4068 3329 4114 totam
3369 4057 3556 4112 mundi

1951 4154 2294 4210 latitudinem
2325 4149 2520 4207 diffusa
2571 4158 2705 4216 est;
2755 4164 2787 4203 a
2835 4148 3013 4221 primo
3059 4147 3315 4203 nimirum
3361 4145 3556 4202 electio

1951 4260 2126 4318 usque
2159 4245 2227 4300 ad
2268 4243 2520 4299 ultimum
2549 4241 2642 4313 qui
2669 4241 2725 4296 in
2751 4239 2860 4297 fine
2910 4240 3099 4297 mundi
3131 4239 3442 4296 nasciturus
3469 4245 3566 4295 est-

1949 4347 2223 4412 porrecta.
2259 4337 2465 4406 Quibus
2507 4334 2690 4402 verbis
2736 4333 3143 4400 Donatistarum
3184 4331 3423 4388 schisma
3468 4344 3556 4387 re-

1954 4430 2172 4503 probat,
2203 4429 2295 4499 qui
2324 4427 2378 4484 in
2407 4425 2604 4482 Africae
2633 4424 2808 4480 solum
2835 4423 3036 4480 ﬁnibus
3058 4420 3356 4486 Ecclesiam
3400 4418 3562 4476 Chri-

1939 4522 2030 4579 tsti
2056 4522 2306 4579 dicebant
2345 4533 2465 4574 esse
2514 4516 2798 4573 inclusam.
2850 4513 2958 4572 Pro
3003 4514 3170 4571 totius
3194 4528 3326 4584 ergo
3369 4512 3554 4570 mundi

1873 4615 1876 4618 ’
1958 4613 2199 4686 peccatis
2229 4610 2536 4682 interpellat
2573 4608 2853 4671 Dominus,
2895 4607 3024 4677 quia
3067 4621 3164 4677 per
3189 4614 3359 4666 totum
3400 4620 3556 4660 mnu-.-

1960 4706 2089 4762 dum
2117 4713 2209 4774 est.
2229 4703 2494 4768 Ecclesia,
2550 4716 2716 4772 quam
2757 4714 2856 4757 suo
2885 4697 3149 4769 sanguine
3194 4696 3554 4767 comparavit.

1960 4797 2147 4870 Neque
2176 4795 2305 4871 huic
2326 4796 2494 4852 verbo
2521 4801 2786 4865 repugnat
2828 4793 2974 4863 quod
3017 4791 3072 4848 in
3102 4789 3454 4860 sequentibus
3481 4787 3560 4843 di-

1961 4890 2042 4946 xit
2076 4887 2185 4944 :Et
2228 4887 2455 4942 mundus
2489 4894 2638 4959 totus
2678 4885 2734 4950 in
2782 4883 3035 4954 maligno,
3085 4881 3141 4940 id
3186 4887 3294 4946 est,
3333 4878 3558 4952 antiquo

1957 4977 2127 5046 hesti,
2164 4976 2464 5048 suppositus
2490 4983 2586 5030 est.
2618 4971 2772 5041 Quod
2793 4973 2956 5027 etiam
2978 4986 3081 5043 per
3102 4979 3273 5028 totum
3294 4968 3570 5026 mundum-

1958 5078 2087 5127 sunt
2115 5068 2209 5140 qui
2236 5066 2491 5138 maligno,
2516 5065 2571 5130 id
2591 5073 2694 5132 est,
2722 5063 2946 5134 antiquo
2967 5059 3109 5116 hosti
3132 5057 3484 5116 famulentur.

2031 5163 2100 5219 Et
2125 5163 2180 5216 in
2203 5161 2301 5215 hoc
2328 5159 2523 5213 scimus
2544 5158 2793 5230 quoniam
2815 5154 3147 5226 cognouimus
3167 5169 3309 5222 um,
3337 5153 3387 5209 ei
3405 5169 3558 5209 man-

1961 5255 2088 5308 data
2117 5253 2231 5323 ejus
2257 5250 2600 5306 observemus.
2637 5247 2766 5316 Quae
2792 5246 3046 5302 mandata
3073 5245 3220 5302 dicat
3247 5245 3302 5302 in
3331 5259 3558 5317 sequen-

1961 5345 2108 5402 tibus
2130 5343 2323 5414 aperit,
2346 5342 2400 5396 id
2427 5350 2530 5409 est,
2560 5341 2901 5396 charitatem.

2035 5433 2139 5501 Qui
2160 5431 2286 5488 dicit
2313 5449 2431 5487 eum
2459 5450 2513 5487 se
2540 5448 2708 5496 nosse,
2741 5438 2788 5484 et
2817 5429 3070 5483 mandata
3096 5428 3212 5498 ejus
3239 5445 3346 5483 non
3375 5437 3556 5484 custo-

1960 5527 2059 5592 dit,
2081 5527 2310 5582 mendax
2329 5534 2403 5580 est
2434 5536 2481 5580 et
2509 5525 2565 5579 in
2590 5541 2648 5578 eo
2686 5523 2875 5586 veritas
2923 5539 3026 5578 non
3049 5532 3144 5577 est.
3189 5519 3441 5578 Christus
3466 5534 3561 5575 ve—

1962 5615 2095 5676 ritas
2137 5617 2472 5691 appellatur:
2523 5614 2637 5686 Ego
2668 5631 2806 5678 sum,
2857 5615 3048 5684 inquit,
3095 5613 3178 5668 uia
3218 5621 3266 5666 et
3297 5612 3482 5668 veritas
3508 5619 3558 5664 et

1960 5713 2084 5769 vita.
2124 5711 2349 5767 Frustra
2400 5723 2529 5778 ergo
2565 5708 2717 5761 nobis
2766 5707 2819 5761 in
2871 5723 2938 5762 eo
2981 5704 3357 5776 applaudimus
3401 5701 3556 5769 cujus
