  <div class='ocr_page' id='page_1' title='image "/cluster/home/n/w/nwhite01/storage/ocr_20150623/110/hvd.32044015466865/112.png"; bbox 0 0 3974 6364; ppageno 0'>
   <div class='ocr_carea' id='block_1_1' title="bbox 266 378 379 459">
    <p class='ocr_par' dir='ltr' id='par_1_1' title="bbox 266 378 379 459">
     <span class='ocr_line' id='line_1_1' title="bbox 266 378 379 459; baseline 0 0"><span class='ocrx_word' id='word_1_1' title='bbox 266 378 379 459; x_wconf 71' lang='lat' dir='ltr'><strong>eos</strong></span> 
     </span>
    </p>
   </div>
   <div class='ocr_carea' id='block_1_2' title="bbox 1192 347 2449 460">
    <p class='ocr_par' dir='ltr' id='par_1_2' title="bbox 1192 347 2449 460">
     <span class='ocr_line' id='line_1_2' title="bbox 1192 347 2449 460; baseline 0.004 -5"><span class='ocrx_word' id='word_1_2' title='bbox 1192 371 1197 375; x_wconf 35' lang='grc'>⁴</span> <span class='ocrx_word' id='word_1_3' title='bbox 1248 347 1289 353; x_wconf 26' lang='grc' dir='ltr'>η</span> <span class='ocrx_word' id='word_1_4' title='bbox 1328 348 1765 456; x_wconf 55' lang='lat' dir='ltr'><strong>smmis</strong></span> <span class='ocrx_word' id='word_1_5' title='bbox 1800 348 2186 459; x_wconf 53' lang='grc' dir='ltr'><strong>ΕγᾸὲἀίΕΤ</strong></span> <span class='ocrx_word' id='word_1_6' title='bbox 2223 394 2449 460; x_wconf 81' lang='lat' dir='ltr'><strong>EPIST.</strong></span> 
     </span>
    </p>
   </div>
   <div class='ocr_carea' id='block_1_3' title="bbox 3445 403 3553 463">
    <p class='ocr_par' dir='ltr' id='par_1_3' title="bbox 3445 403 3553 463">
     <span class='ocr_line' id='line_1_3' title="bbox 3445 403 3553 463; baseline 0.019 -2"><span class='ocrx_word' id='word_1_7' title='bbox 3445 403 3553 463; x_wconf 75' lang='lat'><strong>206</strong></span> 
     </span>
    </p>
   </div>
   <div class='ocr_carea' id='block_1_4' title="bbox 265 492 3549 591">
    <p class='ocr_par' dir='ltr' id='par_1_4' title="bbox 265 492 3549 591">
     <span class='ocr_line' id='line_1_4' title="bbox 265 492 3549 591; baseline 0.002 -17"><span class='ocrx_word' id='word_1_8' title='bbox 265 513 544 574; x_wconf 79' lang='lat' dir='ltr'><strong>confessio</strong></span> <span class='ocrx_word' id='word_1_9' title='bbox 573 510 807 571; x_wconf 84' lang='lat' dir='ltr'><strong>hominis</strong></span> <span class='ocrx_word' id='word_1_10' title='bbox 831 508 1721 583; x_wconf 84' lang='lat' dir='ltr'><strong>humilitas,_hominis.miseratio,</strong></span> <span class='ocrx_word' id='word_1_11' title='bbox 1757 506 1854 568; x_wconf 86' lang='lat' dir='ltr'><strong>Dei</strong></span> <span class='ocrx_word' id='word_1_12' title='bbox 1881 508 2145 579; x_wconf 63' lang='lat' dir='ltr'><strong>‘Alux‘in</strong></span> <span class='ocrx_word' id='word_1_13' title='bbox 2166 514 2433 572; x_wconf 76' lang='lat' dir='ltr'><strong>mundum</strong></span> <span class='ocrx_word' id='word_1_14' title='bbox 2469 515 2585 572; x_wconf 90' lang='lat' dir='ltr'><strong>veni</strong></span> <span class='ocrx_word' id='word_1_15' title='bbox 2619 522 2679 573; x_wconf 89' lang='lat' dir='ltr'><strong>ut</strong></span> <span class='ocrx_word' id='word_1_16' title='bbox 2721 514 2890 575; x_wconf 83' lang='lat' dir='ltr'><strong>omnis</strong></span> <span class='ocrx_word' id='word_1_17' title='bbox 2942 492 3033 591; x_wconf 89' lang='lat' dir='ltr'><strong>qui</strong></span> <span class='ocrx_word' id='word_1_18' title='bbox 3072 510 3237 577; x_wconf 86' lang='lat' dir='ltr'><strong>credit</strong></span> <span class='ocrx_word' id='word_1_19' title='bbox 3264 519 3321 577; x_wconf 90' lang='lat' dir='ltr'><strong>in</strong></span> <span class='ocrx_word' id='word_1_20' title='bbox 3370 538 3453 579; x_wconf 88' lang='lat' dir='ltr'><strong>me</strong></span> <span class='ocrx_word' id='word_1_21' title='bbox 3488 521 3549 580; x_wconf 88' lang='lat' dir='ltr'><strong>in</strong></span> 
     </span>
    </p>
   </div>
   <div class='ocr_carea' id='block_1_5' title="bbox 260 604 1862 685">
    <p class='ocr_par' dir='ltr' id='par_1_5' title="bbox 260 604 1862 685">
     <span class='ocr_line' id='line_1_5' title="bbox 260 604 1862 685; baseline -0.001 -19"><span class='ocrx_word' id='word_1_22' title='bbox 260 609 519 685; x_wconf 64' lang='lat' dir='ltr'><strong>altitudo.</strong></span> <span class='ocrx_word' id='word_1_23' title='bbox 555 606 614 664; x_wconf 88' lang='lat' dir='ltr'><strong>Si</strong></span> <span class='ocrx_word' id='word_1_24' title='bbox 641 622 771 680; x_wconf 72' lang='lat' dir='ltr'><strong>ergo</strong></span> <span class='ocrx_word' id='word_1_25' title='bbox 794 606 1385 671; x_wconf 12' lang='lat' dir='ltr'><strong>venitillesdimittere.</strong></span> <span class='ocrx_word' id='word_1_26' title='bbox 1400 615 1647 678; x_wconf 87' lang='lat' dir='ltr'><strong>peccata,</strong></span> <span class='ocrx_word' id='word_1_27' title='bbox 1695 604 1862 680; x_wconf 82' lang='lat' dir='ltr'><strong>agno-</strong></span> 
     </span>
    </p>
   </div>
   <div class='ocr_carea' id='block_1_6' title="bbox 269 688 1858 785">
    <p class='ocr_par' dir='ltr' id='par_1_6' title="bbox 269 688 1858 785">
     <span class='ocr_line' id='line_1_6' title="bbox 269 688 1858 785; baseline -0.001 -25"><span class='ocrx_word' id='word_1_28' title='bbox 269 709 391 760; x_wconf 83' lang='lat' dir='ltr'><strong>scat</strong></span> <span class='ocrx_word' id='word_1_29' title='bbox 414 701 579 757; x_wconf 92' lang='lat' dir='ltr'><strong>homo</strong></span> <span class='ocrx_word' id='word_1_30' title='bbox 603 698 966 761; x_wconf 72' lang='lat' dir='ltr'><strong>humilitatem</strong></span> <span class='ocrx_word' id='word_1_31' title='bbox 994 713 1168 773; x_wconf 77' lang='lat' dir='ltr'><strong>suam,</strong></span> <span class='ocrx_word' id='word_1_32' title='bbox 1199 688 1431 765; x_wconf 25' lang='lat' dir='ltr'><strong>et’Deus</strong></span> <span class='ocrx_word' id='word_1_33' title='bbox 1453 690 1620 785; x_wconf 67' lang='lat' dir='ltr'><strong>faciet</strong></span> <span class='ocrx_word' id='word_1_34' title='bbox 1644 688 1858 785; x_wconf 81' lang='lat' dir='ltr'><strong>miseri-</strong></span> 
     </span>
    </p>
   </div>
   <div class='ocr_carea' id='block_1_7' title="bbox 268 782 1829 879">
    <p class='ocr_par' dir='ltr' id='par_1_7' title="bbox 268 782 1829 879">
     <span class='ocr_line' id='line_1_7' title="bbox 268 782 1829 879; baseline 0 -29"><span class='ocrx_word' id='word_1_35' title='bbox 268 793 516 851; x_wconf 88' lang='lat' dir='ltr'><strong>cordiam</strong></span> <span class='ocrx_word' id='word_1_36' title='bbox 545 807 720 848; x_wconf 89' lang='lat' dir='ltr'><strong>suam.</strong></span> <span class='ocrx_word' id='word_1_37' title='bbox 1488 786 1517 879; x_wconf 23' lang='lat'><strong>&#39;.</strong></span> <span class='ocrx_word' id='word_1_38' title='bbox 1560 782 1565 785; x_wconf 58' lang='grc'>’</span> <span class='ocrx_word' id='word_1_39' title='bbox 1670 784 1681 793; x_wconf 74' lang='grc'><em>’</em></span> <span class='ocrx_word' id='word_1_40' title='bbox 1748 782 1753 787; x_wconf 17' lang='grc' dir='ltr'><em>Α</em></span> 
     </span>
    </p>
   </div>
   <div class='ocr_carea' id='block_1_8' title="bbox 346 874 1863 955">
    <p class='ocr_par' dir='ltr' id='par_1_8' title="bbox 346 874 1863 955">
     <span class='ocr_line' id='line_1_8' title="bbox 346 874 1863 955; baseline 0 -15"><span class='ocrx_word' id='word_1_41' title='bbox 346 884 453 952; x_wconf 89' lang='lat' dir='ltr'><strong>Qui</strong></span> <span class='ocrx_word' id='word_1_42' title='bbox 492 884 771 940; x_wconf 74' lang='lat' dir='ltr'><strong>desursum</strong></span> <span class='ocrx_word' id='word_1_43' title='bbox 811 891 946 940; x_wconf 78' lang='lat' dir='ltr'><strong>venit</strong></span> <span class='ocrx_word' id='word_1_44' title='bbox 985 889 1145 955; x_wconf 80' lang='lat' dir='ltr'><strong>super</strong></span> <span class='ocrx_word' id='word_1_45' title='bbox 1170 898 1347 939; x_wconf 88' lang='lat' dir='ltr'><strong>omnes</strong></span> <span class='ocrx_word' id='word_1_46' title='bbox 1378 874 1559 949; x_wconf 86' lang='lat' dir='ltr'><strong>est,id</strong></span> <span class='ocrx_word' id='word_1_47' title='bbox 1585 878 1689 950; x_wconf 85' lang='lat' dir='ltr'><strong>est,</strong></span> <span class='ocrx_word' id='word_1_48' title='bbox 1712 874 1863 940; x_wconf 84' lang='lat' dir='ltr'><strong>Chri-</strong></span> 
     </span>
    </p>
   </div>
   <div class='ocr_carea' id='block_1_9' title="bbox 267 970 1860 1047">
    <p class='ocr_par' dir='ltr' id='par_1_9' title="bbox 267 970 1860 1047">
     <span class='ocr_line' id='line_1_9' title="bbox 267 970 1860 1047; baseline -0.001 -15"><span class='ocrx_word' id='word_1_49' title='bbox 267 984 409 1032; x_wconf 87' lang='lat' dir='ltr'><strong>stus.</strong></span> <span class='ocrx_word' id='word_1_50' title='bbox 442 974 547 1043; x_wconf 82' lang='lat' dir='ltr'><strong>Qui</strong></span> <span class='ocrx_word' id='word_1_51' title='bbox 590 982 764 1030; x_wconf 88' lang='lat' dir='ltr'><strong>autem</strong></span> <span class='ocrx_word' id='word_1_52' title='bbox 801 984 877 1031; x_wconf 86' lang='lat' dir='ltr'><strong>est</strong></span> <span class='ocrx_word' id='word_1_53' title='bbox 916 973 981 1029; x_wconf 90' lang='lat' dir='ltr'><strong>de</strong></span> <span class='ocrx_word' id='word_1_54' title='bbox 1011 983 1209 1041; x_wconf 72' lang='lat' dir='ltr'><strong>terra,</strong></span> <span class='ocrx_word' id='word_1_55' title='bbox 1242 974 1309 1031; x_wconf 86' lang='lat' dir='ltr'><strong>de</strong></span> <span class='ocrx_word' id='word_1_56' title='bbox 1351 983 1492 1031; x_wconf 89' lang='lat' dir='ltr'><strong>terra</strong></span> <span class='ocrx_word' id='word_1_57' title='bbox 1521 970 1774 1047; x_wconf 73' lang='lat' dir='ltr'><strong>loquitur,</strong></span> <span class='ocrx_word' id='word_1_58' title='bbox 1806 976 1860 1031; x_wconf 89' lang='lat' dir='ltr'><strong>id</strong></span> 
     </span>
    </p>
   </div>
   <div class='ocr_carea' id='block_1_10' title="bbox 261 1056 1862 1139">
    <p class='ocr_par' dir='ltr' id='par_1_10' title="bbox 261 1056 1862 1139">
     <span class='ocr_line' id='line_1_10' title="bbox 261 1056 1862 1139; baseline -0.001 -14"><span class='ocrx_word' id='word_1_59' title='bbox 261 1068 376 1134; x_wconf 74' lang='lat' dir='ltr'><strong>est,</strong></span> <span class='ocrx_word' id='word_1_60' title='bbox 391 1066 646 1123; x_wconf 82' lang='lat' dir='ltr'><strong>Joannes.</strong></span> <span class='ocrx_word' id='word_1_61' title='bbox 664 1064 957 1134; x_wconf 75' lang='lat' dir='ltr'><strong>Quomodo</strong></span> <span class='ocrx_word' id='word_1_62' title='bbox 970 1080 1105 1139; x_wconf 81' lang='lat' dir='ltr'><strong>ergo</strong></span> <span class='ocrx_word' id='word_1_63' title='bbox 1124 1067 1190 1122; x_wconf 92' lang='lat' dir='ltr'><strong>de</strong></span> <span class='ocrx_word' id='word_1_64' title='bbox 1212 1070 1357 1122; x_wconf 84' lang='lat' dir='ltr'><strong>terra</strong></span> <span class='ocrx_word' id='word_1_65' title='bbox 1380 1060 1658 1138; x_wconf 80' lang='lat' dir='ltr'><strong>loquitur?</strong></span> <span class='ocrx_word' id='word_1_66' title='bbox 1672 1056 1862 1125; x_wconf 85' lang='lat' dir='ltr'><strong>Omnis</strong></span> 
     </span>
    </p>
   </div>
   <div class='ocr_carea' id='block_1_11' title="bbox 265 1152 1862 1231">
    <p class='ocr_par' dir='ltr' id='par_1_11' title="bbox 265 1152 1862 1231">
     <span class='ocr_line' id='line_1_11' title="bbox 265 1152 1862 1231; baseline 0.001 -15"><span class='ocrx_word' id='word_1_67' title='bbox 265 1161 436 1216; x_wconf 88' lang='lat' dir='ltr'><strong>homo</strong></span> <span class='ocrx_word' id='word_1_68' title='bbox 465 1168 713 1216; x_wconf 81' lang='lat' dir='ltr'><strong>terrenus</strong></span> <span class='ocrx_word' id='word_1_69' title='bbox 739 1166 840 1227; x_wconf 85' lang='lat' dir='ltr'><strong>est,</strong></span> <span class='ocrx_word' id='word_1_70' title='bbox 871 1168 925 1215; x_wconf 90' lang='lat' dir='ltr'><strong>et</strong></span> <span class='ocrx_word' id='word_1_71' title='bbox 940 1160 1070 1216; x_wconf 88' lang='lat' dir='ltr'><strong>dum</strong></span> <span class='ocrx_word' id='word_1_72' title='bbox 1096 1166 1323 1218; x_wconf 75' lang='lat' dir='ltr'><strong>terrena.</strong></span> <span class='ocrx_word' id='word_1_73' title='bbox 1340 1152 1600 1231; x_wconf 78' lang='lat' dir='ltr'><strong>loquitur,</strong></span> <span class='ocrx_word' id='word_1_74' title='bbox 1621 1152 1687 1218; x_wconf 86' lang='lat' dir='ltr'><strong>de</strong></span> <span class='ocrx_word' id='word_1_75' title='bbox 1715 1168 1862 1217; x_wconf 89' lang='lat' dir='ltr'><strong>terra</strong></span> 
     </span>
    </p>
   </div>
   <div class='ocr_carea' id='block_1_12' title="bbox 263 1252 1859 1325">
    <p class='ocr_par' dir='ltr' id='par_1_12' title="bbox 263 1252 1859 1325">
     <span class='ocr_line' id='line_1_12' title="bbox 263 1252 1859 1325; baseline 0.002 -18"><span class='ocrx_word' id='word_1_76' title='bbox 263 1252 529 1325; x_wconf 74' lang='lat' dir='ltr'><strong>loquitur,</strong></span> <span class='ocrx_word' id='word_1_77' title='bbox 556 1252 648 1323; x_wconf 85' lang='lat' dir='ltr'><strong>qui</strong></span> <span class='ocrx_word' id='word_1_78' title='bbox 671 1267 804 1309; x_wconf 90' lang='lat' dir='ltr'><strong>vero</strong></span> <span class='ocrx_word' id='word_1_79' title='bbox 840 1252 1184 1310; x_wconf 85' lang='lat' dir='ltr'><strong>illnminatus</strong></span> <span class='ocrx_word' id='word_1_80' title='bbox 1210 1259 1293 1309; x_wconf 89' lang='lat' dir='ltr'><strong>est</strong></span> <span class='ocrx_word' id='word_1_81' title='bbox 1338 1253 1408 1310; x_wconf 85' lang='lat' dir='ltr'><strong>ab</strong></span> <span class='ocrx_word' id='word_1_82' title='bbox 1438 1268 1519 1311; x_wconf 21' lang='lat' dir='ltr'><strong>leo</strong></span> <span class='ocrx_word' id='word_1_83' title='bbox 1548 1253 1642 1325; x_wconf 86' lang='lat' dir='ltr'><strong>qui</strong></span> <span class='ocrx_word' id='word_1_84' title='bbox 1672 1262 1755 1311; x_wconf 91' lang='lat' dir='ltr'><strong>est</strong></span> <span class='ocrx_word' id='word_1_85' title='bbox 1775 1253 1859 1310; x_wconf 84' lang='lat' dir='ltr'><strong>iu-</strong></span> 
     </span>
    </p>
   </div>
   <div class='ocr_carea' id='block_1_13' title="bbox 263 1334 1462 1425">
    <p class='ocr_par' dir='ltr' id='par_1_13' title="bbox 263 1334 1462 1425">
     <span class='ocr_line' id='line_1_13' title="bbox 263 1334 1462 1425; baseline -0.002 -25"><span class='ocrx_word' id='word_1_86' title='bbox 263 1360 397 1400; x_wconf 89' lang='lat' dir='ltr'><strong>men</strong></span> <span class='ocrx_word' id='word_1_87' title='bbox 426 1359 639 1409; x_wconf 86' lang='lat' dir='ltr'><strong>verum,</strong></span> <span class='ocrx_word' id='word_1_88' title='bbox 673 1344 739 1399; x_wconf 90' lang='lat' dir='ltr'><strong>de</strong></span> <span class='ocrx_word' id='word_1_89' title='bbox 775 1343 974 1401; x_wconf 87' lang='lat' dir='ltr'><strong>divinis</strong></span> <span class='ocrx_word' id='word_1_90' title='bbox 1002 1334 1262 1416; x_wconf 82' lang='lat' dir='ltr'><strong>loquitur.</strong></span> <span class='ocrx_word' id='word_1_91' title='bbox 1456 1421 1462 1425; x_wconf 1' lang='lat' dir='ltr'><strong>Q</strong></span> 
     </span>
    </p>
   </div>
   <div class='ocr_carea' id='block_1_14' title="bbox 343 1422 1858 1508">
    <p class='ocr_par' dir='ltr' id='par_1_14' title="bbox 343 1422 1858 1508">
     <span class='ocr_line' id='line_1_14' title="bbox 343 1422 1858 1508; baseline 0.001 -18"><span class='ocrx_word' id='word_1_92' title='bbox 343 1434 449 1502; x_wconf 88' lang='lat' dir='ltr'><strong>Qui</strong></span> <span class='ocrx_word' id='word_1_93' title='bbox 479 1437 543 1491; x_wconf 88' lang='lat' dir='ltr'><strong>de</strong></span> <span class='ocrx_word' id='word_1_94' title='bbox 578 1434 704 1491; x_wconf 64' lang='lat' dir='ltr'><strong>caelo</strong></span> <span class='ocrx_word' id='word_1_95' title='bbox 733 1436 870 1493; x_wconf 83' lang='lat' dir='ltr'><strong>venit</strong></span> <span class='ocrx_word' id='word_1_96' title='bbox 897 1453 1055 1508; x_wconf 81' lang='lat' dir='ltr'><strong>super</strong></span> <span class='ocrx_word' id='word_1_97' title='bbox 1084 1453 1269 1491; x_wconf 83' lang='lat' dir='ltr'><strong>omnes</strong></span> <span class='ocrx_word' id='word_1_98' title='bbox 1300 1446 1409 1504; x_wconf 85' lang='lat' dir='ltr'><strong>est,</strong></span> <span class='ocrx_word' id='word_1_99' title='bbox 1450 1422 1717 1493; x_wconf 74' lang='lat' dir='ltr'><strong>Dominus</strong></span> <span class='ocrx_word' id='word_1_100' title='bbox 1765 1422 1858 1492; x_wconf 65' lang='lat' dir='ltr'><strong>3e-</strong></span> 
     </span>
    </p>
   </div>
   <div class='ocr_carea' id='block_1_15' title="bbox 262 1521 1859 1598">
    <p class='ocr_par' dir='ltr' id='par_1_15' title="bbox 262 1521 1859 1598">
     <span class='ocr_line' id='line_1_15' title="bbox 262 1521 1859 1598; baseline 0.001 -16"><span class='ocrx_word' id='word_1_101' title='bbox 262 1541 364 1582; x_wconf 87' lang='lat' dir='ltr'><strong>sus</strong></span> <span class='ocrx_word' id='word_1_102' title='bbox 404 1524 654 1581; x_wconf 76' lang='lat' dir='ltr'><strong>Christus</strong></span> <span class='ocrx_word' id='word_1_103' title='bbox 702 1526 769 1582; x_wconf 89' lang='lat' dir='ltr'><strong>de</strong></span> <span class='ocrx_word' id='word_1_104' title='bbox 796 1541 905 1598; x_wconf 89' lang='lat' dir='ltr'><strong>quo</strong></span> <span class='ocrx_word' id='word_1_105' title='bbox 939 1529 1189 1597; x_wconf 77' lang='lat' dir='ltr'><strong>superius</strong></span> <span class='ocrx_word' id='word_1_106' title='bbox 1240 1528 1447 1584; x_wconf 87' lang='lat' dir='ltr'><strong>dictum</strong></span> <span class='ocrx_word' id='word_1_107' title='bbox 1485 1537 1571 1584; x_wconf 90' lang='lat' dir='ltr'><strong>est</strong></span> <span class='ocrx_word' id='word_1_108' title='bbox 1620 1547 1633 1582; x_wconf 94' lang='lat'>:</span> <span class='ocrx_word' id='word_1_109' title='bbox 1681 1521 1859 1584; x_wconf 83' lang='lat' dir='ltr'><strong>Nemo</strong></span> 
     </span>
    </p>
   </div>
   <div class='ocr_carea' id='block_1_16' title="bbox 261 1616 1860 1691">
    <p class='ocr_par' dir='ltr' id='par_1_16' title="bbox 261 1616 1860 1691">
     <span class='ocr_line' id='line_1_16' title="bbox 261 1616 1860 1691; baseline 0.003 -19"><span class='ocrx_word' id='word_1_110' title='bbox 261 1617 511 1673; x_wconf 87' lang='lat' dir='ltr'><strong>ascendit-</strong></span> <span class='ocrx_word' id='word_1_111' title='bbox 529 1618 586 1672; x_wconf 85' lang='lat' dir='ltr'><strong>in</strong></span> <span class='ocrx_word' id='word_1_112' title='bbox 629 1616 836 1687; x_wconf 67' lang='lat' dir='ltr'><strong>calum,</strong></span> <span class='ocrx_word' id='word_1_113' title='bbox 881 1617 982 1675; x_wconf 87' lang='lat' dir='ltr'><strong>nisi</strong></span> <span class='ocrx_word' id='word_1_114' title='bbox 1024 1621 1113 1691; x_wconf 80' lang='lat' dir='ltr'><strong>qui</strong></span> <span class='ocrx_word' id='word_1_115' title='bbox 1143 1619 1365 1676; x_wconf 71' lang='lat' dir='ltr'><strong>decreto</strong></span> <span class='ocrx_word' id='word_1_116' title='bbox 1390 1622 1691 1689; x_wconf 82' lang='lat' dir='ltr'><strong>descendit,</strong></span> <span class='ocrx_word' id='word_1_117' title='bbox 1715 1620 1860 1691; x_wconf 75' lang='lat' dir='ltr'><strong>ﬁlius</strong></span> 
     </span>
    </p>
   </div>
   <div class='ocr_carea' id='block_1_17' title="bbox 259 1695 1748 1783">
    <p class='ocr_par' dir='ltr' id='par_1_17' title="bbox 259 1695 1748 1783">
     <span class='ocr_line' id='line_1_17' title="bbox 259 1695 1748 1783; baseline 0.003 -22"><span class='ocrx_word' id='word_1_118' title='bbox 259 1707 515 1774; x_wconf 75' lang='lat' dir='ltr'><strong>hominis,</strong></span> <span class='ocrx_word' id='word_1_119' title='bbox 544 1709 634 1779; x_wconf 89' lang='lat' dir='ltr'><strong>qui</strong></span> <span class='ocrx_word' id='word_1_120' title='bbox 660 1718 733 1764; x_wconf 89' lang='lat' dir='ltr'><strong>est</strong></span> <span class='ocrx_word' id='word_1_121' title='bbox 761 1710 814 1764; x_wconf 88' lang='lat' dir='ltr'><strong>in</strong></span> <span class='ocrx_word' id='word_1_122' title='bbox 836 1707 1000 1776; x_wconf 70' lang='lat' dir='ltr'><strong>uelo;</strong></span> <span class='ocrx_word' id='word_1_123' title='bbox 1027 1716 1111 1766; x_wconf 89' lang='lat' dir='ltr'><strong>est</strong></span> <span class='ocrx_word' id='word_1_124' title='bbox 1130 1720 1315 1767; x_wconf 82' lang='lat' dir='ltr'><strong>autem</strong></span> <span class='ocrx_word' id='word_1_125' title='bbox 1347 1695 1510 1783; x_wconf 86' lang='lat' dir='ltr'><strong>super</strong></span> <span class='ocrx_word' id='word_1_126' title='bbox 1536 1727 1748 1768; x_wconf 89' lang='lat' dir='ltr'><strong>omnes.</strong></span> 
     </span>
    </p>
   </div>
   <div class='ocr_carea' id='block_1_18' title="bbox 337 1796 1854 1876">
    <p class='ocr_par' dir='ltr' id='par_1_18' title="bbox 337 1796 1854 1876">
     <span class='ocr_line' id='line_1_18' title="bbox 337 1796 1854 1876; baseline 0.004 -20"><span class='ocrx_word' id='word_1_127' title='bbox 337 1800 409 1856; x_wconf 84' lang='lat' dir='ltr'><strong>Et</strong></span> <span class='ocrx_word' id='word_1_128' title='bbox 450 1804 591 1873; x_wconf 87' lang='lat' dir='ltr'><strong>quod</strong></span> <span class='ocrx_word' id='word_1_129' title='bbox 635 1806 777 1859; x_wconf 61' lang='lat' dir='ltr'><strong>vidit.</strong></span> <span class='ocrx_word' id='word_1_130' title='bbox 794 1814 845 1859; x_wconf 91' lang='lat' dir='ltr'><strong>et</strong></span> <span class='ocrx_word' id='word_1_131' title='bbox 898 1805 1150 1872; x_wconf 80' lang='lat' dir='ltr'><strong>audivit,</strong></span> <span class='ocrx_word' id='word_1_132' title='bbox 1209 1806 1308 1860; x_wconf 79' lang='lat' dir='ltr'><strong>hoc</strong></span> <span class='ocrx_word' id='word_1_133' title='bbox 1354 1804 1606 1876; x_wconf 80' lang='lat' dir='ltr'><strong>loquitur.</strong></span> <span class='ocrx_word' id='word_1_134' title='bbox 1671 1796 1854 1862; x_wconf 84' lang='lat' dir='ltr'><strong>Habet</strong></span> 
     </span>
    </p>
   </div>
   <div class='ocr_carea' id='block_1_19' title="bbox 1961 605 3382 695">
    <p class='ocr_par' dir='ltr' id='par_1_19' title="bbox 1961 605 3382 695">
     <span class='ocr_line' id='line_1_19' title="bbox 1961 605 3382 695; baseline 0.005 -34"><span class='ocrx_word' id='word_1_135' title='bbox 1961 605 2183 695; x_wconf 70' lang='lat' dir='ltr'><strong>tenebris</strong></span> <span class='ocrx_word' id='word_1_136' title='bbox 2217 624 2323 664; x_wconf 88' lang='lat' dir='ltr'><strong>non</strong></span> <span class='ocrx_word' id='word_1_137' title='bbox 2365 618 2622 695; x_wconf 38' lang='lat' dir='ltr'><strong>maneat.‘</strong></span> <span class='ocrx_word' id='word_1_138' title='bbox 3310 684 3317 695; x_wconf 37' lang='lat'><strong><em>‘</em></strong></span> <span class='ocrx_word' id='word_1_139' title='bbox 3377 676 3382 683; x_wconf 30' lang='grc' dir='ltr'><strong>ε</strong></span> 
     </span>
    </p>
   </div>
   <div class='ocr_carea' id='block_1_20' title="bbox 1946 682 3551 780">
    <p class='ocr_par' dir='ltr' id='par_1_20' title="bbox 1946 682 3551 780">
     <span class='ocr_line' id='line_1_20' title="bbox 1946 682 3551 780; baseline 0.009 -27"><span class='ocrx_word' id='word_1_140' title='bbox 2010 682 2185 755; x_wconf 74' lang='lat' dir='ltr'><strong>Dixit</strong></span> <span class='ocrx_word' id='word_1_141' title='bbox 2198 689 2576 780; x_wconf 63' lang='lat' dir='ltr'><strong>quodam&#39;l&#39;oco</strong></span> <span class='ocrx_word' id='word_1_142' title='bbox 2597 684 2874 775; x_wconf 74' lang='lat' dir='ltr'><strong>disCipuiis</strong></span> <span class='ocrx_word' id='word_1_143' title='bbox 2902 702 3016 763; x_wconf 86' lang='lat' dir='ltr'><strong>suis</strong></span> <span class='ocrx_word' id='word_1_144' title='bbox 3042 720 3071 780; x_wconf 50' lang='lat'><strong>:_</strong></span> <span class='ocrx_word' id='word_1_145' title='bbox 3096 703 3199 763; x_wconf 89' lang='lat' dir='ltr'><strong>Vos</strong></span> <span class='ocrx_word' id='word_1_146' title='bbox 3222 682 3551 773; x_wconf 60' lang='lat' dir='ltr'><strong>&#39;estis‘lumen</strong></span> 
     </span>
    </p>
   </div>
   <div class='ocr_carea' id='block_1_21' title="bbox 1944 774 3597 877">
    <p class='ocr_par' dir='ltr' id='par_1_21' title="bbox 1944 774 3597 877">
     <span class='ocr_line' id='line_1_21' title="bbox 1944 774 3597 877; baseline 0.01 -34"><span class='ocrx_word' id='word_1_147' title='bbox 1944 774 2145 867; x_wconf 36' lang='lat' dir='ltr'><strong>&quot;mundi</strong></span> <span class='ocrx_word' id='word_1_148' title='bbox 2175 782 2201 876; x_wconf 66' lang='grc' dir='ltr'><strong>ς’</strong></span> <span class='ocrx_word' id='word_1_149' title='bbox 2248 778 2354 847; x_wconf 83' lang='lat' dir='ltr'><strong>non</strong></span> <span class='ocrx_word' id='word_1_150' title='bbox 2405 802 2570 864; x_wconf 86' lang='lat' dir='ltr'><strong>potest</strong></span> <span class='ocrx_word' id='word_1_151' title='bbox 2616 782 2868 877; x_wconf 60' lang='lat' dir='ltr'><strong>abscondi</strong></span> <span class='ocrx_word' id='word_1_152' title='bbox 2910 775 3092 866; x_wconf 80' lang='lat' dir='ltr'><strong>civitas</strong></span> <span class='ocrx_word' id='word_1_153' title='bbox 3135 794 3292 871; x_wconf 83' lang='lat' dir='ltr'><strong>super</strong></span> <span class='ocrx_word' id='word_1_154' title='bbox 3320 802 3552 859; x_wconf 71' lang='lat' dir='ltr'><strong>montem</strong></span> <span class='ocrx_word' id='word_1_155' title='bbox 3590 812 3597 817; x_wconf 85' lang='lat'>&#39;</span> 
     </span>
    </p>
   </div>
   <div class='ocr_carea' id='block_1_22' title="bbox 1943 873 3549 973">
    <p class='ocr_par' dir='ltr' id='par_1_22' title="bbox 1943 873 3549 973">
     <span class='ocr_line' id='line_1_22' title="bbox 1943 873 3549 973; baseline 0.013 -37"><span class='ocrx_word' id='word_1_156' title='bbox 1943 873 2293 965; x_wconf 58' lang='lat' dir='ltr'><strong>constituta;</strong></span> <span class='ocrx_word' id='word_1_157' title='bbox 2316 902 2479 959; x_wconf 88' lang='lat' dir='ltr'><strong>neque</strong></span> <span class='ocrx_word' id='word_1_158' title='bbox 2506 873 3095 969; x_wconf 20' lang='lat' dir='ltr'><strong>accendunt-lucernam</strong></span> <span class='ocrx_word' id='word_1_159' title='bbox 3132 882 3183 973; x_wconf 63' lang='lat' dir='ltr'><strong>et</strong></span> <span class='ocrx_word' id='word_1_160' title='bbox 3207 904 3408 966; x_wconf 77' lang='lat' dir='ltr'><strong>ponunt</strong></span> <span class='ocrx_word' id='word_1_161' title='bbox 3431 913 3549 957; x_wconf 84' lang='lat' dir='ltr'><strong>eam</strong></span> 
     </span>
    </p>
   </div>
   <div class='ocr_carea' id='block_1_23' title="bbox 1952 966 3551 1057">
    <p class='ocr_par' dir='ltr' id='par_1_23' title="bbox 1952 966 3551 1057">
     <span class='ocr_line' id='line_1_23' title="bbox 1952 966 3551 1057; baseline 0.004 -21"><span class='ocrx_word' id='word_1_162' title='bbox 1952 980 2054 1045; x_wconf 80' lang='lat' dir='ltr'><strong>sub</strong></span> <span class='ocrx_word' id='word_1_163' title='bbox 2088 979 2287 1047; x_wconf 80' lang='lat' dir='ltr'><strong>modio,</strong></span> <span class='ocrx_word' id='word_1_164' title='bbox 2313 980 2426 1051; x_wconf 53' lang='grc' dir='ltr'><strong>ζ,θεά</strong></span> <span class='ocrx_word' id='word_1_165' title='bbox 2460 990 2613 1052; x_wconf 83' lang='lat' dir='ltr'><strong>super</strong></span> <span class='ocrx_word' id='word_1_166' title='bbox 2650 966 3045 1046; x_wconf 75' lang='lat' dir='ltr'><strong>candelabrum.</strong></span> <span class='ocrx_word' id='word_1_167' title='bbox 3066 966 3332 1057; x_wconf 29' lang='lat' dir='ltr'><strong>utuiuceat</strong></span> <span class='ocrx_word' id='word_1_168' title='bbox 3381 987 3551 1045; x_wconf 83' lang='lat' dir='ltr'><strong>omni-</strong></span> 
     </span>
    </p>
   </div>
   <div class='ocr_carea' id='block_1_24' title="bbox 1964 1056 3546 1143">
    <p class='ocr_par' dir='ltr' id='par_1_24' title="bbox 1964 1056 3546 1143">
     <span class='ocr_line' id='line_1_24' title="bbox 1964 1056 3546 1143; baseline 0.004 -19"><span class='ocrx_word' id='word_1_169' title='bbox 1964 1070 2057 1126; x_wconf 88' lang='lat' dir='ltr'><strong>bus</strong></span> <span class='ocrx_word' id='word_1_170' title='bbox 2080 1072 2170 1143; x_wconf 75' lang='lat' dir='ltr'><strong>qui</strong></span> <span class='ocrx_word' id='word_1_171' title='bbox 2208 1072 2264 1125; x_wconf 88' lang='lat' dir='ltr'><strong>in</strong></span> <span class='ocrx_word' id='word_1_172' title='bbox 2293 1056 2448 1126; x_wconf 89' lang='lat' dir='ltr'><strong>domo</strong></span> <span class='ocrx_word' id='word_1_173' title='bbox 2476 1080 2620 1127; x_wconf 88' lang='lat' dir='ltr'><strong>sunt.</strong></span> <span class='ocrx_word' id='word_1_174' title='bbox 2650 1061 2942 1128; x_wconf 18' lang='lat' dir='ltr'><strong>Sici‘luceat</strong></span> <span class='ocrx_word' id='word_1_175' title='bbox 2982 1056 3156 1129; x_wconf 78' lang='lat' dir='ltr'><strong>lumen</strong></span> <span class='ocrx_word' id='word_1_176' title='bbox 3180 1088 3410 1130; x_wconf 86' lang='lat' dir='ltr'><strong>vestrum</strong></span> <span class='ocrx_word' id='word_1_177' title='bbox 3455 1084 3546 1141; x_wconf 75' lang='grc' dir='ltr'><strong>οό-</strong></span> 
     </span>
    </p>
   </div>
   <div class='ocr_carea' id='block_1_25' title="bbox 1963 1162 3549 1238">
    <p class='ocr_par' dir='ltr' id='par_1_25' title="bbox 1963 1162 3549 1238">
     <span class='ocr_line' id='line_1_25' title="bbox 1963 1162 3549 1238; baseline 0.004 -23"><span class='ocrx_word' id='word_1_178' title='bbox 1963 1178 2079 1215; x_wconf 89' lang='lat' dir='ltr'><strong>ram</strong></span> <span class='ocrx_word' id='word_1_179' title='bbox 2106 1162 2425 1229; x_wconf 83' lang='lat' dir='ltr'><strong>hominibus,</strong></span> <span class='ocrx_word' id='word_1_180' title='bbox 2459 1172 2515 1216; x_wconf 90' lang='lat' dir='ltr'><strong>ut</strong></span> <span class='ocrx_word' id='word_1_181' title='bbox 2545 1162 2751 1217; x_wconf 77' lang='lat' dir='ltr'><strong>videant</strong></span> <span class='ocrx_word' id='word_1_182' title='bbox 2789 1179 2946 1235; x_wconf 84' lang='lat' dir='ltr'><strong>opera</strong></span> <span class='ocrx_word' id='word_1_183' title='bbox 2972 1174 3144 1219; x_wconf 89' lang='lat' dir='ltr'><strong>vestra</strong></span> <span class='ocrx_word' id='word_1_184' title='bbox 3179 1164 3314 1222; x_wconf 87' lang='lat' dir='ltr'><strong>bona</strong></span> <span class='ocrx_word' id='word_1_185' title='bbox 3343 1177 3392 1221; x_wconf 89' lang='lat' dir='ltr'><strong>et</strong></span> <span class='ocrx_word' id='word_1_186' title='bbox 3432 1167 3549 1238; x_wconf 88' lang='lat' dir='ltr'><strong>glo-</strong></span> 
     </span>
    </p>
   </div>
   <div class='ocr_carea' id='block_1_26' title="bbox 1958 1245 3552 1328">
    <p class='ocr_par' dir='ltr' id='par_1_26' title="bbox 1958 1245 3552 1328">
     <span class='ocr_line' id='line_1_26' title="bbox 1958 1245 3552 1328; baseline 0.005 -23"><span class='ocrx_word' id='word_1_187' title='bbox 1958 1252 2163 1322; x_wconf 80' lang='lat' dir='ltr'><strong>riﬁcent</strong></span> <span class='ocrx_word' id='word_1_188' title='bbox 2193 1246 2410 1308; x_wconf 88' lang='lat' dir='ltr'><strong>Patrem</strong></span> <span class='ocrx_word' id='word_1_189' title='bbox 2434 1262 2683 1321; x_wconf 88' lang='lat' dir='ltr'><strong>vestrum,</strong></span> <span class='ocrx_word' id='word_1_190' title='bbox 2711 1253 2801 1328; x_wconf 88' lang='lat' dir='ltr'><strong>qui</strong></span> <span class='ocrx_word' id='word_1_191' title='bbox 2828 1255 2884 1309; x_wconf 90' lang='lat' dir='ltr'><strong>in</strong></span> <span class='ocrx_word' id='word_1_192' title='bbox 2912 1247 3051 1311; x_wconf 72' lang='lat' dir='ltr'><strong>coélis</strong></span> <span class='ocrx_word' id='word_1_193' title='bbox 3074 1266 3169 1312; x_wconf 85' lang='lat' dir='ltr'><strong>est.</strong></span> <span class='ocrx_word' id='word_1_194' title='bbox 3214 1245 3338 1313; x_wconf 88' lang='lat' dir='ltr'><strong>Non</strong></span> <span class='ocrx_word' id='word_1_195' title='bbox 3377 1268 3552 1315; x_wconf 85' lang='lat' dir='ltr'><strong>tamen</strong></span> 
     </span>
    </p>
   </div>
   <div class='ocr_carea' id='block_1_27' title="bbox 1969 1334 3553 1423">
    <p class='ocr_par' dir='ltr' id='par_1_27' title="bbox 1969 1334 3553 1423">
     <span class='ocr_line' id='line_1_27' title="bbox 1969 1334 3553 1423; baseline 0.005 -24"><span class='ocrx_word' id='word_1_196' title='bbox 1969 1336 2075 1399; x_wconf 72' lang='lat' dir='ltr'><strong>dixi</strong></span> <span class='ocrx_word' id='word_1_197' title='bbox 2104 1342 2287 1400; x_wconf 82' lang='lat' dir='ltr'><strong>vobis:</strong></span> <span class='ocrx_word' id='word_1_198' title='bbox 2330 1334 2451 1400; x_wconf 68' lang='lat' dir='ltr'><strong>&#39;Lua:</strong></span> <span class='ocrx_word' id='word_1_199' title='bbox 2490 1346 2701 1407; x_wconf 83' lang='lat' dir='ltr'><strong>venistis</strong></span> <span class='ocrx_word' id='word_1_200' title='bbox 2740 1344 2796 1402; x_wconf 86' lang='lat' dir='ltr'><strong>in</strong></span> <span class='ocrx_word' id='word_1_201' title='bbox 2831 1348 3109 1416; x_wconf 83' lang='lat' dir='ltr'><strong>mundum,</strong></span> <span class='ocrx_word' id='word_1_202' title='bbox 3161 1359 3219 1404; x_wconf 88' lang='lat' dir='ltr'><strong>ut</strong></span> <span class='ocrx_word' id='word_1_203' title='bbox 3259 1349 3427 1405; x_wconf 66' lang='lat' dir='ltr'><strong>omnis</strong></span> <span class='ocrx_word' id='word_1_204' title='bbox 3460 1353 3553 1423; x_wconf 88' lang='lat' dir='ltr'><strong>qui</strong></span> 
     </span>
    </p>
   </div>
   <div class='ocr_carea' id='block_1_28' title="bbox 1962 1434 3553 1512">
    <p class='ocr_par' dir='ltr' id='par_1_28' title="bbox 1962 1434 3553 1512">
     <span class='ocr_line' id='line_1_28' title="bbox 1962 1434 3553 1512; baseline 0.008 -24"><span class='ocrx_word' id='word_1_205' title='bbox 1962 1435 2125 1489; x_wconf 83' lang='lat' dir='ltr'><strong>credit</strong></span> <span class='ocrx_word' id='word_1_206' title='bbox 2154 1437 2210 1491; x_wconf 90' lang='lat' dir='ltr'><strong>in</strong></span> <span class='ocrx_word' id='word_1_207' title='bbox 2240 1454 2325 1491; x_wconf 91' lang='lat' dir='ltr'><strong>vos</strong></span> <span class='ocrx_word' id='word_1_208' title='bbox 2350 1434 2405 1492; x_wconf 89' lang='lat' dir='ltr'><strong>in</strong></span> <span class='ocrx_word' id='word_1_209' title='bbox 2437 1434 2658 1492; x_wconf 80' lang='lat' dir='ltr'><strong>tenebris</strong></span> <span class='ocrx_word' id='word_1_210' title='bbox 2709 1442 2815 1494; x_wconf 82' lang='lat' dir='ltr'><strong>non</strong></span> <span class='ocrx_word' id='word_1_211' title='bbox 2856 1438 3086 1495; x_wconf 82' lang='lat' dir='ltr'><strong>maneat.</strong></span> <span class='ocrx_word' id='word_1_212' title='bbox 3128 1437 3408 1512; x_wconf 86' lang='lat' dir='ltr'><strong>Nusquam</strong></span> <span class='ocrx_word' id='word_1_213' title='bbox 3447 1442 3553 1501; x_wconf 88' lang='lat' dir='ltr'><strong>hoc</strong></span> 
     </span>
    </p>
   </div>
   <div class='ocr_carea' id='block_1_29' title="bbox 1961 1524 3549 1604">
    <p class='ocr_par' dir='ltr' id='par_1_29' title="bbox 1961 1524 3549 1604">
     <span class='ocr_line' id='line_1_29' title="bbox 1961 1524 3549 1604; baseline 0.007 -23"><span class='ocrx_word' id='word_1_214' title='bbox 1961 1524 2065 1598; x_wconf 80' lang='lat' dir='ltr'><strong>legi</strong></span> <span class='ocrx_word' id='word_1_215' title='bbox 2091 1543 2250 1599; x_wconf 88' lang='lat' dir='ltr'><strong>posse</strong></span> <span class='ocrx_word' id='word_1_216' title='bbox 2270 1526 2553 1587; x_wconf 81' lang='lat' dir='ltr'><strong>conﬁrmo.</strong></span> <span class='ocrx_word' id='word_1_217' title='bbox 2584 1527 2816 1587; x_wconf 86' lang='lat' dir='ltr'><strong>Lumina</strong></span> <span class='ocrx_word' id='word_1_218' title='bbox 2840 1544 2970 1604; x_wconf 82' lang='lat' dir='ltr'><strong>ergo</strong></span> <span class='ocrx_word' id='word_1_219' title='bbox 2993 1540 3119 1588; x_wconf 89' lang='lat' dir='ltr'><strong>sunt</strong></span> <span class='ocrx_word' id='word_1_220' title='bbox 3145 1549 3334 1591; x_wconf 89' lang='lat' dir='ltr'><strong>omnes</strong></span> <span class='ocrx_word' id='word_1_221' title='bbox 3356 1535 3549 1603; x_wconf 88' lang='lat' dir='ltr'><strong>sancti,</strong></span> 
     </span>
    </p>
   </div>
   <div class='ocr_carea' id='block_1_30' title="bbox 1961 1608 3552 1697">
    <p class='ocr_par' dir='ltr' id='par_1_30' title="bbox 1961 1608 3552 1697">
     <span class='ocr_line' id='line_1_30' title="bbox 1961 1608 3552 1697; baseline 0.004 -21"><span class='ocrx_word' id='word_1_222' title='bbox 1961 1614 2057 1676; x_wconf 90' lang='lat' dir='ltr'><strong>sed</strong></span> <span class='ocrx_word' id='word_1_223' title='bbox 2085 1618 2355 1677; x_wconf 87' lang='lat' dir='ltr'><strong>credendo</strong></span> <span class='ocrx_word' id='word_1_224' title='bbox 2382 1608 2757 1678; x_wconf 82' lang='lat' dir='ltr'><strong>illuminantur</strong></span> <span class='ocrx_word' id='word_1_225' title='bbox 2787 1625 2857 1679; x_wconf 85' lang='lat' dir='ltr'><strong>ab</strong></span> <span class='ocrx_word' id='word_1_226' title='bbox 2900 1634 2988 1690; x_wconf 89' lang='lat' dir='ltr'><strong>eo,</strong></span> <span class='ocrx_word' id='word_1_227' title='bbox 3022 1638 3053 1679; x_wconf 88' lang='lat' dir='ltr'><strong>a</strong></span> <span class='ocrx_word' id='word_1_228' title='bbox 3079 1640 3186 1697; x_wconf 91' lang='lat' dir='ltr'><strong>quo</strong></span> <span class='ocrx_word' id='word_1_229' title='bbox 3225 1625 3273 1683; x_wconf 89' lang='lat' dir='ltr'><strong>si</strong></span> <span class='ocrx_word' id='word_1_230' title='bbox 3317 1626 3440 1697; x_wconf 90' lang='lat' dir='ltr'><strong>quis</strong></span> <span class='ocrx_word' id='word_1_231' title='bbox 3466 1641 3552 1683; x_wconf 89' lang='lat' dir='ltr'><strong>re-</strong></span> 
     </span>
    </p>
   </div>
   <div class='ocr_carea' id='block_1_31' title="bbox 1961 1708 3553 1789">
    <p class='ocr_par' dir='ltr' id='par_1_31' title="bbox 1961 1708 3553 1789">
     <span class='ocr_line' id='line_1_31' title="bbox 1961 1708 3553 1789; baseline 0.004 -22"><span class='ocrx_word' id='word_1_232' title='bbox 1961 1712 2208 1779; x_wconf 83' lang='lat' dir='ltr'><strong>cesserit,</strong></span> <span class='ocrx_word' id='word_1_233' title='bbox 2241 1712 2634 1770; x_wconf 87' lang='lat' dir='ltr'><strong>tenebrabitur.</strong></span> <span class='ocrx_word' id='word_1_234' title='bbox 2660 1708 2869 1771; x_wconf 88' lang='lat' dir='ltr'><strong>Lumen</strong></span> <span class='ocrx_word' id='word_1_235' title='bbox 2898 1724 3076 1771; x_wconf 81' lang='lat' dir='ltr'><strong>autem</strong></span> <span class='ocrx_word' id='word_1_236' title='bbox 3108 1710 3240 1773; x_wconf 89' lang='lat' dir='ltr'><strong>illud</strong></span> <span class='ocrx_word' id='word_1_237' title='bbox 3266 1718 3407 1789; x_wconf 89' lang='lat' dir='ltr'><strong>quod</strong></span> <span class='ocrx_word' id='word_1_238' title='bbox 3436 1718 3553 1774; x_wconf 91' lang='lat' dir='ltr'><strong>illu-</strong></span> 
     </span>
    </p>
   </div>
   <div class='ocr_carea' id='block_1_32' title="bbox 1960 1804 3543 1879">
    <p class='ocr_par' dir='ltr' id='par_1_32' title="bbox 1960 1804 3543 1879">
     <span class='ocr_line' id='line_1_32' title="bbox 1960 1804 3543 1879; baseline 0.006 -22"><span class='ocrx_word' id='word_1_239' title='bbox 1960 1804 2199 1860; x_wconf 90' lang='lat' dir='ltr'><strong>minatur</strong></span> <span class='ocrx_word' id='word_1_240' title='bbox 2224 1819 2257 1859; x_wconf 88' lang='lat' dir='ltr'><strong>a</strong></span> <span class='ocrx_word' id='word_1_241' title='bbox 2300 1819 2380 1873; x_wconf 91' lang='lat' dir='ltr'><strong>se,</strong></span> <span class='ocrx_word' id='word_1_242' title='bbox 2413 1807 2669 1863; x_wconf 83' lang='lat' dir='ltr'><strong>recedere</strong></span> <span class='ocrx_word' id='word_1_243' title='bbox 2697 1823 2805 1862; x_wconf 92' lang='lat' dir='ltr'><strong>non</strong></span> <span class='ocrx_word' id='word_1_244' title='bbox 2844 1812 3049 1879; x_wconf 66' lang='lat' dir='ltr'><strong>potest,</strong></span> <span class='ocrx_word' id='word_1_245' title='bbox 3076 1807 3204 1878; x_wconf 87' lang='lat' dir='ltr'><strong>quia</strong></span> <span class='ocrx_word' id='word_1_246' title='bbox 3250 1807 3543 1867; x_wconf 90' lang='lat' dir='ltr'><strong>incommu-</strong></span> 
     </span>
    </p>
   </div>
   <div class='ocr_carea' id='block_1_33' title="bbox 257 1888 3552 1971">
    <p class='ocr_par' dir='ltr' id='par_1_33' title="bbox 257 1888 3552 1971">
     <span class='ocr_line' id='line_1_33' title="bbox 257 1888 3552 1971; baseline 0.004 -29"><span class='ocrx_word' id='word_1_247' title='bbox 257 1895 413 1951; x_wconf 74' lang='lat' dir='ltr'><strong>cnjm</strong></span> <span class='ocrx_word' id='word_1_248' title='bbox 438 1905 496 1952; x_wconf 65' lang='lat' dir='ltr'><strong>et</strong></span> <span class='ocrx_word' id='word_1_249' title='bbox 521 1897 739 1954; x_wconf 60' lang='lat' dir='ltr'><strong>Patrem</strong></span> <span class='ocrx_word' id='word_1_250' title='bbox 795 1897 911 1968; x_wconf 76' lang='lat' dir='ltr'><strong>ipse</strong></span> <span class='ocrx_word' id='word_1_251' title='bbox 934 1897 1121 1955; x_wconf 76' lang='lat' dir='ltr'><strong>.Filius</strong></span> <span class='ocrx_word' id='word_1_252' title='bbox 1150 1898 1280 1965; x_wconf 71' lang='lat' dir='ltr'><strong>Dei;</strong></span> <span class='ocrx_word' id='word_1_253' title='bbox 1330 1899 1495 1957; x_wconf 81' lang='lat' dir='ltr'><strong>habet</strong></span> <span class='ocrx_word' id='word_1_254' title='bbox 1537 1908 1594 1956; x_wconf 88' lang='lat' dir='ltr'><strong>et</strong></span> <span class='ocrx_word' id='word_1_255' title='bbox 1633 1899 1853 1957; x_wconf 83' lang='lat' dir='ltr'><strong>Patrem</strong></span> <span class='ocrx_word' id='word_1_256' title='bbox 1874 1892 1935 1963; x_wconf 82' lang='grc' dir='ltr'><strong>’Β</strong></span> <span class='ocrx_word' id='word_1_257' title='bbox 1959 1888 2121 1951; x_wconf 85' lang='lat' dir='ltr'><strong>tabile</strong></span> <span class='ocrx_word' id='word_1_258' title='bbox 2146 1896 2368 1952; x_wconf 90' lang='lat' dir='ltr'><strong>omnino</strong></span> <span class='ocrx_word' id='word_1_259' title='bbox 2409 1905 2510 1953; x_wconf 91' lang='lat' dir='ltr'><strong>est.</strong></span> <span class='ocrx_word' id='word_1_260' title='bbox 2536 1890 2677 1953; x_wconf 37' lang='lat' dir='ltr'><strong>‘Cum</strong></span> <span class='ocrx_word' id='word_1_261' title='bbox 2717 1906 2897 1954; x_wconf 86' lang='lat' dir='ltr'><strong>autem</strong></span> <span class='ocrx_word' id='word_1_262' title='bbox 2930 1892 3081 1965; x_wconf 81' lang='lat' dir='ltr'><strong>dicit,</strong></span> <span class='ocrx_word' id='word_1_263' title='bbox 3114 1888 3301 1955; x_wconf 66' lang='lat' dir='ltr'><strong>Omnis</strong></span> <span class='ocrx_word' id='word_1_264' title='bbox 3330 1901 3421 1971; x_wconf 92' lang='lat' dir='ltr'><strong>qui</strong></span> <span class='ocrx_word' id='word_1_265' title='bbox 3443 1917 3552 1955; x_wconf 83' lang='lat' dir='ltr'><strong>cre-</strong></span> 
     </span>
    </p>
   </div>
   <div class='ocr_carea' id='block_1_34' title="bbox 259 1988 825 2045">
    <p class='ocr_par' dir='ltr' id='par_1_34' title="bbox 259 1988 825 2045">
     <span class='ocr_line' id='line_1_34' title="bbox 259 1988 825 2045; baseline 0.002 -3"><span class='ocrx_word' id='word_1_266' title='bbox 259 1996 321 2043; x_wconf 88' lang='lat' dir='ltr'><strong>et</strong></span> <span class='ocrx_word' id='word_1_267' title='bbox 348 1988 555 2044; x_wconf 85' lang='lat' dir='ltr'><strong>audivit</strong></span> <span class='ocrx_word' id='word_1_268' title='bbox 581 2004 612 2043; x_wconf 87' lang='lat' dir='ltr'><strong>a</strong></span> <span class='ocrx_word' id='word_1_269' title='bbox 640 1988 825 2045; x_wconf 86' lang='lat' dir='ltr'><strong>Patre.</strong></span> 
     </span>
    </p>
   </div>
   <div class='ocr_carea' id='block_1_35' title="bbox 339 2078 1859 2149">
    <p class='ocr_par' dir='ltr' id='par_1_35' title="bbox 339 2078 1859 2149">
     <span class='ocr_line' id='line_1_35' title="bbox 339 2078 1859 2149; baseline 0.004 -16"><span class='ocrx_word' id='word_1_270' title='bbox 339 2078 494 2145; x_wconf 83' lang='lat' dir='ltr'><strong>Quod</strong></span> <span class='ocrx_word' id='word_1_271' title='bbox 523 2080 649 2136; x_wconf 80' lang='lat' dir='ltr'><strong>vidit</strong></span> <span class='ocrx_word' id='word_1_272' title='bbox 679 2089 728 2135; x_wconf 87' lang='lat' dir='ltr'><strong>et</strong></span> <span class='ocrx_word' id='word_1_273' title='bbox 758 2081 965 2136; x_wconf 76' lang='lat' dir='ltr'><strong>audivit</strong></span> <span class='ocrx_word' id='word_1_274' title='bbox 984 2080 1119 2136; x_wconf 86' lang='lat' dir='ltr'><strong>illud</strong></span> <span class='ocrx_word' id='word_1_275' title='bbox 1148 2089 1395 2149; x_wconf 75' lang='lat' dir='ltr'><strong>testatur,</strong></span> <span class='ocrx_word' id='word_1_276' title='bbox 1426 2090 1476 2137; x_wconf 92' lang='lat' dir='ltr'><strong>et</strong></span> <span class='ocrx_word' id='word_1_277' title='bbox 1505 2083 1859 2139; x_wconf 85' lang='lat' dir='ltr'><strong>testimonium</strong></span> 
     </span>
    </p>
   </div>
   <div class='ocr_carea' id='block_1_36' title="bbox 260 2170 1859 2243">
    <p class='ocr_par' dir='ltr' id='par_1_36' title="bbox 260 2170 1859 2243">
     <span class='ocr_line' id='line_1_36' title="bbox 260 2170 1859 2243; baseline 0.003 -18"><span class='ocrx_word' id='word_1_278' title='bbox 260 2171 381 2241; x_wconf 84' lang='lat' dir='ltr'><strong>ejus</strong></span> <span class='ocrx_word' id='word_1_279' title='bbox 414 2187 564 2225; x_wconf 87' lang='lat' dir='ltr'><strong>nemo</strong></span> <span class='ocrx_word' id='word_1_280' title='bbox 594 2171 802 2242; x_wconf 86' lang='lat' dir='ltr'><strong>accipit.</strong></span> <span class='ocrx_word' id='word_1_281' title='bbox 833 2170 890 2226; x_wconf 93' lang='lat' dir='ltr'><strong>Si</strong></span> <span class='ocrx_word' id='word_1_282' title='bbox 914 2187 1096 2239; x_wconf 89' lang='lat' dir='ltr'><strong>nemo,</strong></span> <span class='ocrx_word' id='word_1_283' title='bbox 1122 2173 1191 2228; x_wconf 90' lang='lat' dir='ltr'><strong>ad</strong></span> <span class='ocrx_word' id='word_1_284' title='bbox 1221 2172 1351 2243; x_wconf 91' lang='lat' dir='ltr'><strong>quid</strong></span> <span class='ocrx_word' id='word_1_285' title='bbox 1377 2173 1566 2228; x_wconf 84' lang='lat' dir='ltr'><strong>venit?</strong></span> <span class='ocrx_word' id='word_1_286' title='bbox 1592 2173 1859 2241; x_wconf 74' lang='lat' dir='ltr'><strong>Quorum-</strong></span> 
     </span>
    </p>
   </div>
   <div class='ocr_carea' id='block_1_37' title="bbox 262 2260 1859 2336">
    <p class='ocr_par' dir='ltr' id='par_1_37' title="bbox 262 2260 1859 2336">
     <span class='ocr_line' id='line_1_37' title="bbox 262 2260 1859 2336; baseline 0.002 -18"><span class='ocrx_word' id='word_1_287' title='bbox 262 2260 390 2318; x_wconf 88' lang='lat' dir='ltr'><strong>dam</strong></span> <span class='ocrx_word' id='word_1_288' title='bbox 421 2277 552 2334; x_wconf 82' lang='lat' dir='ltr'><strong>ergo</strong></span> <span class='ocrx_word' id='word_1_289' title='bbox 580 2278 740 2319; x_wconf 89' lang='lat' dir='ltr'><strong>nemo</strong></span> <span class='ocrx_word' id='word_1_290' title='bbox 768 2270 872 2319; x_wconf 87' lang='lat' dir='ltr'><strong>est.</strong></span> <span class='ocrx_word' id='word_1_291' title='bbox 901 2261 1133 2330; x_wconf 78' lang='lat' dir='ltr'><strong>Quidam</strong></span> <span class='ocrx_word' id='word_1_292' title='bbox 1160 2263 1753 2336; x_wconf 70' lang='lat' dir='ltr'><strong>pepuiuspraaparatur</strong></span> <span class='ocrx_word' id='word_1_293' title='bbox 1788 2266 1859 2321; x_wconf 89' lang='lat' dir='ltr'><strong>ad</strong></span> 
     </span>
    </p>
   </div>
   <div class='ocr_carea' id='block_1_38' title="bbox 262 2353 1858 2428">
    <p class='ocr_par' dir='ltr' id='par_1_38' title="bbox 262 2353 1858 2428">
     <span class='ocr_line' id='line_1_38' title="bbox 262 2353 1858 2428; baseline 0.006 -20"><span class='ocrx_word' id='word_1_294' title='bbox 262 2353 407 2408; x_wconf 89' lang='lat' dir='ltr'><strong>iram</strong></span> <span class='ocrx_word' id='word_1_295' title='bbox 440 2354 557 2420; x_wconf 90' lang='lat' dir='ltr'><strong>Dei,</strong></span> <span class='ocrx_word' id='word_1_296' title='bbox 607 2354 947 2413; x_wconf 81' lang='lat' dir='ltr'><strong>damnandus</strong></span> <span class='ocrx_word' id='word_1_297' title='bbox 992 2370 1115 2415; x_wconf 88' lang='lat' dir='ltr'><strong>cum</strong></span> <span class='ocrx_word' id='word_1_298' title='bbox 1157 2356 1390 2422; x_wconf 86' lang='lat' dir='ltr'><strong>diabolo,</strong></span> <span class='ocrx_word' id='word_1_299' title='bbox 1419 2372 1652 2428; x_wconf 88' lang='lat' dir='ltr'><strong>quorum</strong></span> <span class='ocrx_word' id='word_1_300' title='bbox 1698 2374 1858 2417; x_wconf 88' lang='lat' dir='ltr'><strong>nemo</strong></span> 
     </span>
    </p>
   </div>
   <div class='ocr_carea' id='block_1_39' title="bbox 260 2445 1859 2521">
    <p class='ocr_par' dir='ltr' id='par_1_39' title="bbox 260 2445 1859 2521">
     <span class='ocr_line' id='line_1_39' title="bbox 260 2445 1859 2521; baseline 0.002 -16"><span class='ocrx_word' id='word_1_301' title='bbox 260 2449 465 2521; x_wconf 88' lang='lat' dir='ltr'><strong>accipit</strong></span> <span class='ocrx_word' id='word_1_302' title='bbox 511 2447 879 2503; x_wconf 79' lang='lat' dir='ltr'><strong>testimonium</strong></span> <span class='ocrx_word' id='word_1_303' title='bbox 909 2445 1132 2504; x_wconf 83' lang='lat' dir='ltr'><strong>Christi.</strong></span> <span class='ocrx_word' id='word_1_304' title='bbox 1183 2448 1323 2503; x_wconf 84' lang='lat' dir='ltr'><strong>Nam</strong></span> <span class='ocrx_word' id='word_1_305' title='bbox 1346 2449 1395 2505; x_wconf 93' lang='lat' dir='ltr'><strong>si</strong></span> <span class='ocrx_word' id='word_1_306' title='bbox 1433 2450 1655 2506; x_wconf 86' lang='lat' dir='ltr'><strong>omnino</strong></span> <span class='ocrx_word' id='word_1_307' title='bbox 1697 2466 1859 2508; x_wconf 86' lang='lat' dir='ltr'><strong>nemo</strong></span> 
     </span>
    </p>
   </div>
   <div class='ocr_carea' id='block_1_40' title="bbox 261 2537 1384 2608">
    <p class='ocr_par' dir='ltr' id='par_1_40' title="bbox 261 2537 1384 2608">
     <span class='ocr_line' id='line_1_40' title="bbox 261 2537 1384 2608; baseline -0.004 -12"><span class='ocrx_word' id='word_1_308' title='bbox 261 2538 446 2596; x_wconf 85' lang='lat' dir='ltr'><strong>nullus</strong></span> <span class='ocrx_word' id='word_1_309' title='bbox 484 2538 671 2603; x_wconf 88' lang='lat' dir='ltr'><strong>homo,</strong></span> <span class='ocrx_word' id='word_1_310' title='bbox 698 2537 828 2607; x_wconf 85' lang='lat' dir='ltr'><strong>quid</strong></span> <span class='ocrx_word' id='word_1_311' title='bbox 853 2538 1384 2608; x_wconf 53' lang='lat' dir='ltr'><strong>estquodtsequitur</strong></span> 
     </span>
    </p>
   </div>
   <div class='ocr_carea' id='block_1_41' title="bbox 338 2632 1856 2705">
    <p class='ocr_par' dir='ltr' id='par_1_41' title="bbox 338 2632 1856 2705">
     <span class='ocr_line' id='line_1_41' title="bbox 338 2632 1856 2705; baseline 0.002 -18"><span class='ocrx_word' id='word_1_312' title='bbox 338 2633 444 2700; x_wconf 90' lang='lat' dir='ltr'><strong>Qui</strong></span> <span class='ocrx_word' id='word_1_313' title='bbox 467 2633 657 2705; x_wconf 87' lang='lat' dir='ltr'><strong>accipit</strong></span> <span class='ocrx_word' id='word_1_314' title='bbox 681 2632 1193 2702; x_wconf 26' lang='lat' dir='ltr'><strong>testimoniumtejus,</strong></span> <span class='ocrx_word' id='word_1_315' title='bbox 1213 2633 1441 2703; x_wconf 83' lang='lat' dir='ltr'><strong>signavit</strong></span> <span class='ocrx_word' id='word_1_316' title='bbox 1458 2634 1590 2701; x_wconf 84' lang='lat' dir='ltr'><strong>quia</strong></span> <span class='ocrx_word' id='word_1_317' title='bbox 1608 2633 1757 2689; x_wconf 84' lang='lat' dir='ltr'><strong>Deus</strong></span> <span class='ocrx_word' id='word_1_318' title='bbox 1773 2651 1856 2690; x_wconf 80' lang='lat' dir='ltr'><strong>ve-</strong></span> 
     </span>
    </p>
   </div>
   <div class='ocr_carea' id='block_1_42' title="bbox 262 2722 1859 2796">
    <p class='ocr_par' dir='ltr' id='par_1_42' title="bbox 262 2722 1859 2796">
     <span class='ocr_line' id='line_1_42' title="bbox 262 2722 1859 2796; baseline 0.002 -19"><span class='ocrx_word' id='word_1_319' title='bbox 262 2739 367 2779; x_wconf 81' lang='lat' dir='ltr'><strong>ras:</strong></span> <span class='ocrx_word' id='word_1_320' title='bbox 387 2733 485 2779; x_wconf 88' lang='lat' dir='ltr'><strong>est.</strong></span> <span class='ocrx_word' id='word_1_321' title='bbox 510 2722 672 2780; x_wconf 83' lang='lat' dir='ltr'><strong>Certe</strong></span> <span class='ocrx_word' id='word_1_322' title='bbox 699 2738 830 2795; x_wconf 74' lang='lat' dir='ltr'><strong>ergo</strong></span> <span class='ocrx_word' id='word_1_323' title='bbox 853 2724 1098 2790; x_wconf 86' lang='lat' dir='ltr'><strong>nemo,si</strong></span> <span class='ocrx_word' id='word_1_324' title='bbox 1121 2723 1324 2794; x_wconf 84' lang='lat' dir='ltr'><strong>tuipse</strong></span> <span class='ocrx_word' id='word_1_325' title='bbox 1342 2723 1500 2792; x_wconf 88' lang='lat' dir='ltr'><strong>dicis,</strong></span> <span class='ocrx_word' id='word_1_326' title='bbox 1531 2725 1623 2795; x_wconf 84' lang='lat' dir='ltr'><strong>qui</strong></span> <span class='ocrx_word' id='word_1_327' title='bbox 1645 2726 1859 2796; x_wconf 82' lang='lat' dir='ltr'><strong>accepit</strong></span> 
     </span>
    </p>
   </div>
   <div class='ocr_carea' id='block_1_43' title="bbox 266 2813 1855 2887">
    <p class='ocr_par' dir='ltr' id='par_1_43' title="bbox 266 2813 1855 2887">
     <span class='ocr_line' id='line_1_43' title="bbox 266 2813 1855 2887; baseline 0.001 -16"><span class='ocrx_word' id='word_1_328' title='bbox 266 2815 645 2872; x_wconf 82' lang='lat' dir='ltr'><strong>testimonium</strong></span> <span class='ocrx_word' id='word_1_329' title='bbox 661 2813 798 2886; x_wconf 77' lang='lat' dir='ltr'><strong>ejus,</strong></span> <span class='ocrx_word' id='word_1_330' title='bbox 828 2814 1217 2887; x_wconf 72' lang='lat' dir='ltr'><strong>signavitquia</strong></span> <span class='ocrx_word' id='word_1_331' title='bbox 1244 2816 1511 2872; x_wconf 82' lang='lat' dir='ltr'><strong>Dominus</strong></span> <span class='ocrx_word' id='word_1_332' title='bbox 1557 2831 1724 2873; x_wconf 80' lang='lat' dir='ltr'><strong>verax</strong></span> <span class='ocrx_word' id='word_1_333' title='bbox 1752 2825 1855 2873; x_wconf 88' lang='lat' dir='ltr'><strong>est.</strong></span> 
     </span>
    </p>
   </div>
   <div class='ocr_carea' id='block_1_44' title="bbox 345 2904 1860 2979">
    <p class='ocr_par' dir='ltr' id='par_1_44' title="bbox 345 2904 1860 2979">
     <span class='ocr_line' id='line_1_44' title="bbox 345 2904 1860 2979; baseline 0.003 -18"><span class='ocrx_word' id='word_1_334' title='bbox 345 2905 514 2973; x_wconf 73' lang='lat' dir='ltr'><strong>Quem</strong></span> <span class='ocrx_word' id='word_1_335' title='bbox 551 2907 688 2961; x_wconf 84' lang='lat' dir='ltr'><strong>enim</strong></span> <span class='ocrx_word' id='word_1_336' title='bbox 730 2906 870 2962; x_wconf 86' lang='lat' dir='ltr'><strong>misit</strong></span> <span class='ocrx_word' id='word_1_337' title='bbox 898 2906 1061 2971; x_wconf 83' lang='lat' dir='ltr'><strong>Deus,</strong></span> <span class='ocrx_word' id='word_1_338' title='bbox 1101 2907 1255 2963; x_wconf 79' lang='lat' dir='ltr'><strong>verba</strong></span> <span class='ocrx_word' id='word_1_339' title='bbox 1300 2906 1396 2963; x_wconf 86' lang='lat' dir='ltr'><strong>Dei</strong></span> <span class='ocrx_word' id='word_1_340' title='bbox 1442 2904 1694 2979; x_wconf 77' lang='lat' dir='ltr'><strong>loquitur.</strong></span> <span class='ocrx_word' id='word_1_341' title='bbox 1740 2907 1860 2979; x_wconf 88' lang='lat' dir='ltr'><strong>ipse</strong></span> 
     </span>
    </p>
   </div>
   <div class='ocr_carea' id='block_1_45' title="bbox 262 2998 1859 3070">
    <p class='ocr_par' dir='ltr' id='par_1_45' title="bbox 262 2998 1859 3070">
     <span class='ocr_line' id='line_1_45' title="bbox 262 2998 1859 3070; baseline -0.001 -12"><span class='ocrx_word' id='word_1_342' title='bbox 262 2999 717 3070; x_wconf 45' lang='lat' dir='ltr'><strong>estvemnipse</strong></span> <span class='ocrx_word' id='word_1_343' title='bbox 761 3008 848 3055; x_wconf 85' lang='lat' dir='ltr'><strong>est</strong></span> <span class='ocrx_word' id='word_1_344' title='bbox 895 2998 1037 3056; x_wconf 83' lang='lat' dir='ltr'><strong>Deus</strong></span> <span class='ocrx_word' id='word_1_345' title='bbox 1087 3006 1143 3055; x_wconf 88' lang='lat' dir='ltr'><strong>et</strong></span> <span class='ocrx_word' id='word_1_346' title='bbox 1190 2999 1453 3057; x_wconf 85' lang='lat' dir='ltr'><strong>Dominus</strong></span> <span class='ocrx_word' id='word_1_347' title='bbox 1494 3008 1679 3057; x_wconf 85' lang='lat' dir='ltr'><strong>noster</strong></span> <span class='ocrx_word' id='word_1_348' title='bbox 1699 2999 1859 3057; x_wconf 79' lang='lat' dir='ltr'><strong>Jesus</strong></span> 
     </span>
    </p>
   </div>
   <div class='ocr_carea' id='block_1_46' title="bbox 261 3087 1858 3163">
    <p class='ocr_par' dir='ltr' id='par_1_46' title="bbox 261 3087 1858 3163">
     <span class='ocr_line' id='line_1_46' title="bbox 261 3087 1858 3163; baseline -0.003 -14"><span class='ocrx_word' id='word_1_349' title='bbox 261 3089 636 3157; x_wconf 52' lang='lat' dir='ltr'><strong>Ghristugde</strong></span> <span class='ocrx_word' id='word_1_350' title='bbox 663 3106 773 3160; x_wconf 84' lang='lat' dir='ltr'><strong>quo</strong></span> <span class='ocrx_word' id='word_1_351' title='bbox 792 3089 1082 3163; x_wconf 84' lang='lat' dir='ltr'><strong>Apostolus</strong></span> <span class='ocrx_word' id='word_1_352' title='bbox 1110 3090 1188 3145; x_wconf 86' lang='lat' dir='ltr'><strong>ait</strong></span> <span class='ocrx_word' id='word_1_353' title='bbox 1214 3105 1229 3145; x_wconf 89' lang='lat'><strong>:</strong></span> <span class='ocrx_word' id='word_1_354' title='bbox 1271 3087 1563 3162; x_wconf 79' lang='lat' dir='ltr'><strong>Postquam</strong></span> <span class='ocrx_word' id='word_1_355' title='bbox 1591 3092 1725 3147; x_wconf 84' lang='lat' dir='ltr'><strong>venit</strong></span> <span class='ocrx_word' id='word_1_356' title='bbox 1748 3092 1858 3163; x_wconf 83' lang='lat' dir='ltr'><strong>pte-</strong></span> 
     </span>
    </p>
   </div>
   <div class='ocr_carea' id='block_1_47' title="bbox 262 3178 1891 3263">
    <p class='ocr_par' dir='ltr' id='par_1_47' title="bbox 262 3178 1891 3263">
     <span class='ocr_line' id='line_1_47' title="bbox 262 3178 1891 3263; baseline -0.001 -25"><span class='ocrx_word' id='word_1_357' title='bbox 262 3181 452 3239; x_wconf 73' lang='lat' dir='ltr'><strong>nitudo</strong></span> <span class='ocrx_word' id='word_1_358' title='bbox 496 3181 769 3251; x_wconf 77' lang='lat' dir='ltr'><strong>temporis,</strong></span> <span class='ocrx_word' id='word_1_359' title='bbox 803 3181 944 3236; x_wconf 85' lang='lat' dir='ltr'><strong>misit</strong></span> <span class='ocrx_word' id='word_1_360' title='bbox 988 3180 1135 3236; x_wconf 84' lang='lat' dir='ltr'><strong>Deus</strong></span> <span class='ocrx_word' id='word_1_361' title='bbox 1182 3178 1385 3235; x_wconf 87' lang='lat' dir='ltr'><strong>Filium</strong></span> <span class='ocrx_word' id='word_1_362' title='bbox 1438 3182 1891 3263; x_wconf 40' lang='lat' dir='ltr'><strong>suum,,factum&#39;</strong></span> 
     </span>
    </p>
   </div>
   <div class='ocr_carea' id='block_1_48' title="bbox 1964 1987 3557 2055">
    <p class='ocr_par' dir='ltr' id='par_1_48' title="bbox 1964 1987 3557 2055">
     <span class='ocr_line' id='line_1_48' title="bbox 1964 1987 3557 2055; baseline 0.004 -14"><span class='ocrx_word' id='word_1_363' title='bbox 1964 1987 2040 2042; x_wconf 85' lang='lat' dir='ltr'><strong>‘dit</strong></span> <span class='ocrx_word' id='word_1_364' title='bbox 2081 1989 2137 2041; x_wconf 87' lang='lat' dir='ltr'><strong>in</strong></span> <span class='ocrx_word' id='word_1_365' title='bbox 2175 2005 2255 2042; x_wconf 89' lang='lat' dir='ltr'><strong>me</strong></span> <span class='ocrx_word' id='word_1_366' title='bbox 2293 1988 2348 2041; x_wconf 89' lang='lat' dir='ltr'><strong>in</strong></span> <span class='ocrx_word' id='word_1_367' title='bbox 2391 1988 2614 2043; x_wconf 87' lang='lat' dir='ltr'><strong>tenebris</strong></span> <span class='ocrx_word' id='word_1_368' title='bbox 2664 1998 2768 2045; x_wconf 82' lang='lat' dir='ltr'><strong>nan</strong></span> <span class='ocrx_word' id='word_1_369' title='bbox 2817 2000 3012 2055; x_wconf 88' lang='lat' dir='ltr'><strong>manet,</strong></span> <span class='ocrx_word' id='word_1_370' title='bbox 3066 1990 3198 2046; x_wconf 85' lang='lat' dir='ltr'><strong>satis</strong></span> <span class='ocrx_word' id='word_1_371' title='bbox 3243 1991 3557 2048; x_wconf 82' lang='lat' dir='ltr'><strong>manifestat</strong></span> 
     </span>
    </p>
   </div>
   <div class='ocr_carea' id='block_1_49' title="bbox 1961 2080 3552 2149">
    <p class='ocr_par' dir='ltr' id='par_1_49' title="bbox 1961 2080 3552 2149">
     <span class='ocr_line' id='line_1_49' title="bbox 1961 2080 3552 2149; baseline 0.002 -12"><span class='ocrx_word' id='word_1_372' title='bbox 1961 2095 2154 2137; x_wconf 91' lang='lat' dir='ltr'><strong>omnes</strong></span> <span class='ocrx_word' id='word_1_373' title='bbox 2196 2097 2255 2136; x_wconf 90' lang='lat' dir='ltr'><strong>se</strong></span> <span class='ocrx_word' id='word_1_374' title='bbox 2282 2080 2338 2134; x_wconf 90' lang='lat' dir='ltr'><strong>in</strong></span> <span class='ocrx_word' id='word_1_375' title='bbox 2365 2080 2601 2136; x_wconf 90' lang='lat' dir='ltr'><strong>tenebris</strong></span> <span class='ocrx_word' id='word_1_376' title='bbox 2629 2081 2932 2149; x_wconf 87' lang='lat' dir='ltr'><strong>invenisse;</strong></span> <span class='ocrx_word' id='word_1_377' title='bbox 2966 2081 3060 2138; x_wconf 84' lang='lat' dir='ltr'><strong>sed</strong></span> <span class='ocrx_word' id='word_1_378' title='bbox 3090 2097 3160 2139; x_wconf 88' lang='lat' dir='ltr'><strong>ne</strong></span> <span class='ocrx_word' id='word_1_379' title='bbox 3202 2080 3258 2138; x_wconf 88' lang='lat' dir='ltr'><strong>in</strong></span> <span class='ocrx_word' id='word_1_380' title='bbox 3283 2084 3363 2139; x_wconf 90' lang='lat' dir='ltr'><strong>eis</strong></span> <span class='ocrx_word' id='word_1_381' title='bbox 3398 2092 3552 2140; x_wconf 89' lang='lat' dir='ltr'><strong>tene-</strong></span> 
     </span>
    </p>
   </div>
   <div class='ocr_carea' id='block_1_50' title="bbox 1961 2156 3556 2245">
    <p class='ocr_par' dir='ltr' id='par_1_50' title="bbox 1961 2156 3556 2245">
     <span class='ocr_line' id='line_1_50' title="bbox 1961 2156 3556 2245; baseline 0.003 -18"><span class='ocrx_word' id='word_1_382' title='bbox 1961 2169 2078 2227; x_wconf 90' lang='lat' dir='ltr'><strong>bris</strong></span> <span class='ocrx_word' id='word_1_383' title='bbox 2106 2156 2426 2228; x_wconf 71' lang='lat' dir='ltr'><strong>remaneant</strong></span> <span class='ocrx_word' id='word_1_384' title='bbox 2454 2168 2509 2226; x_wconf 92' lang='lat' dir='ltr'><strong>in</strong></span> <span class='ocrx_word' id='word_1_385' title='bbox 2548 2173 2745 2245; x_wconf 87' lang='lat' dir='ltr'><strong>quibus</strong></span> <span class='ocrx_word' id='word_1_386' title='bbox 2784 2174 2990 2230; x_wconf 88' lang='lat' dir='ltr'><strong>inventi</strong></span> <span class='ocrx_word' id='word_1_387' title='bbox 3020 2174 3169 2241; x_wconf 80' lang='lat' dir='ltr'><strong>sunt,</strong></span> <span class='ocrx_word' id='word_1_388' title='bbox 3198 2172 3394 2231; x_wconf 89' lang='lat' dir='ltr'><strong>debent</strong></span> <span class='ocrx_word' id='word_1_389' title='bbox 3435 2192 3556 2233; x_wconf 84' lang='lat' dir='ltr'><strong>cre-</strong></span> 
     </span>
    </p>
   </div>
   <div class='ocr_carea' id='block_1_51' title="bbox 1962 2263 3556 2341">
    <p class='ocr_par' dir='ltr' id='par_1_51' title="bbox 1962 2263 3556 2341">
     <span class='ocr_line' id='line_1_51' title="bbox 1962 2263 3556 2341; baseline 0.004 -22"><span class='ocrx_word' id='word_1_390' title='bbox 1962 2264 2093 2319; x_wconf 90' lang='lat' dir='ltr'><strong>dere</strong></span> <span class='ocrx_word' id='word_1_391' title='bbox 2120 2265 2173 2318; x_wconf 87' lang='lat' dir='ltr'><strong>in</strong></span> <span class='ocrx_word' id='word_1_392' title='bbox 2202 2263 2377 2320; x_wconf 87' lang='lat' dir='ltr'><strong>lucem</strong></span> <span class='ocrx_word' id='word_1_393' title='bbox 2405 2266 2707 2335; x_wconf 65' lang='lat' dir='ltr'><strong>quaevenit</strong></span> <span class='ocrx_word' id='word_1_394' title='bbox 2730 2266 2787 2322; x_wconf 92' lang='lat' dir='ltr'><strong>in</strong></span> <span class='ocrx_word' id='word_1_395' title='bbox 2824 2267 2970 2323; x_wconf 90' lang='lat' dir='ltr'><strong>hunc</strong></span> <span class='ocrx_word' id='word_1_396' title='bbox 2994 2268 3276 2338; x_wconf 90' lang='lat' dir='ltr'><strong>mundum,</strong></span> <span class='ocrx_word' id='word_1_397' title='bbox 3311 2269 3437 2340; x_wconf 88' lang='lat' dir='ltr'><strong>quia</strong></span> <span class='ocrx_word' id='word_1_398' title='bbox 3457 2285 3556 2341; x_wconf 90' lang='lat' dir='ltr'><strong>per</strong></span> 
     </span>
    </p>
   </div>
   <div class='ocr_carea' id='block_1_52' title="bbox 1964 2348 2714 2413">
    <p class='ocr_par' dir='ltr' id='par_1_52' title="bbox 1964 2348 2714 2413">
     <span class='ocr_line' id='line_1_52' title="bbox 1964 2348 2714 2413; baseline 0.001 -3"><span class='ocrx_word' id='word_1_399' title='bbox 1964 2348 2111 2410; x_wconf 88' lang='lat' dir='ltr'><strong>illam</strong></span> <span class='ocrx_word' id='word_1_400' title='bbox 2134 2354 2314 2411; x_wconf 84' lang='lat' dir='ltr'><strong>factus</strong></span> <span class='ocrx_word' id='word_1_401' title='bbox 2348 2363 2434 2411; x_wconf 86' lang='lat' dir='ltr'><strong>est</strong></span> <span class='ocrx_word' id='word_1_402' title='bbox 2461 2356 2714 2413; x_wconf 90' lang='lat' dir='ltr'><strong>mundus.</strong></span> 
     </span>
    </p>
   </div>
   <div class='ocr_carea' id='block_1_53' title="bbox 2032 2436 3552 2519">
    <p class='ocr_par' dir='ltr' id='par_1_53' title="bbox 2032 2436 3552 2519">
     <span class='ocr_line' id='line_1_53' title="bbox 2032 2436 3552 2519; baseline 0.006 -19"><span class='ocrx_word' id='word_1_403' title='bbox 2032 2436 2104 2500; x_wconf 82' lang='lat' dir='ltr'><strong>Et</strong></span> <span class='ocrx_word' id='word_1_404' title='bbox 2132 2447 2178 2501; x_wconf 88' lang='lat' dir='ltr'><strong>si</strong></span> <span class='ocrx_word' id='word_1_405' title='bbox 2203 2448 2321 2518; x_wconf 82' lang='lat' dir='ltr'><strong>quis</strong></span> <span class='ocrx_word' id='word_1_406' title='bbox 2365 2447 2616 2514; x_wconf 89' lang='lat' dir='ltr'><strong>audierit,</strong></span> <span class='ocrx_word' id='word_1_407' title='bbox 2648 2444 2845 2519; x_wconf 88' lang='lat' dir='ltr'><strong>inquit,</strong></span> <span class='ocrx_word' id='word_1_408' title='bbox 2876 2448 3029 2504; x_wconf 89' lang='lat' dir='ltr'><strong>verba</strong></span> <span class='ocrx_word' id='word_1_409' title='bbox 3079 2466 3195 2505; x_wconf 88' lang='lat' dir='ltr'><strong>mea</strong></span> <span class='ocrx_word' id='word_1_410' title='bbox 3228 2461 3277 2506; x_wconf 91' lang='lat' dir='ltr'><strong>et</strong></span> <span class='ocrx_word' id='word_1_411' title='bbox 3324 2470 3427 2508; x_wconf 86' lang='lat' dir='ltr'><strong>non</strong></span> <span class='ocrx_word' id='word_1_412' title='bbox 3456 2472 3552 2508; x_wconf 91' lang='lat' dir='ltr'><strong>cu-</strong></span> 
     </span>
    </p>
   </div>
   <div class='ocr_carea' id='block_1_54' title="bbox 1961 2526 3558 2612">
    <p class='ocr_par' dir='ltr' id='par_1_54' title="bbox 1961 2526 3558 2612">
     <span class='ocr_line' id='line_1_54' title="bbox 1961 2526 3558 2612; baseline 0.007 -21"><span class='ocrx_word' id='word_1_413' title='bbox 1961 2526 2220 2605; x_wconf 82' lang='lat' dir='ltr'><strong>stodierit,</strong></span> <span class='ocrx_word' id='word_1_414' title='bbox 2248 2553 2343 2607; x_wconf 90' lang='lat' dir='ltr'><strong>ego</strong></span> <span class='ocrx_word' id='word_1_415' title='bbox 2365 2554 2470 2592; x_wconf 90' lang='lat' dir='ltr'><strong>non</strong></span> <span class='ocrx_word' id='word_1_416' title='bbox 2487 2537 2673 2609; x_wconf 88' lang='lat' dir='ltr'><strong>judico</strong></span> <span class='ocrx_word' id='word_1_417' title='bbox 2714 2554 2852 2593; x_wconf 89' lang='lat' dir='ltr'><strong>eum.</strong></span> <span class='ocrx_word' id='word_1_418' title='bbox 2884 2539 3081 2595; x_wconf 87' lang='lat' dir='ltr'><strong>Audite</strong></span> <span class='ocrx_word' id='word_1_419' title='bbox 3118 2542 3388 2612; x_wconf 89' lang='lat' dir='ltr'><strong>quomodo</strong></span> <span class='ocrx_word' id='word_1_420' title='bbox 3425 2546 3558 2601; x_wconf 86' lang='lat' dir='ltr'><strong>dicit</strong></span> 
     </span>
    </p>
   </div>
   <div class='ocr_carea' id='block_1_55' title="bbox 1959 2620 3552 2702">
    <p class='ocr_par' dir='ltr' id='par_1_55' title="bbox 1959 2620 3552 2702">
     <span class='ocr_line' id='line_1_55' title="bbox 1959 2620 3552 2702; baseline 0.007 -18"><span class='ocrx_word' id='word_1_421' title='bbox 1959 2620 2153 2697; x_wconf 78' lang='lat' dir='ltr'><strong>Filius,</strong></span> <span class='ocrx_word' id='word_1_422' title='bbox 2184 2629 2297 2702; x_wconf 89' lang='lat' dir='ltr'><strong>Ego</strong></span> <span class='ocrx_word' id='word_1_423' title='bbox 2335 2646 2439 2685; x_wconf 88' lang='lat' dir='ltr'><strong>non</strong></span> <span class='ocrx_word' id='word_1_424' title='bbox 2474 2630 2662 2702; x_wconf 84' lang='lat' dir='ltr'><strong>judico</strong></span> <span class='ocrx_word' id='word_1_425' title='bbox 2704 2648 2847 2699; x_wconf 89' lang='lat' dir='ltr'><strong>eum,</strong></span> <span class='ocrx_word' id='word_1_426' title='bbox 2890 2648 3013 2689; x_wconf 90' lang='lat' dir='ltr'><strong>cum</strong></span> <span class='ocrx_word' id='word_1_427' title='bbox 3055 2632 3202 2690; x_wconf 86' lang='lat' dir='ltr'><strong>dicat</strong></span> <span class='ocrx_word' id='word_1_428' title='bbox 3233 2634 3338 2691; x_wconf 92' lang='lat' dir='ltr'><strong>alio</strong></span> <span class='ocrx_word' id='word_1_429' title='bbox 3376 2637 3495 2694; x_wconf 88' lang='lat' dir='ltr'><strong>loco</strong></span> <span class='ocrx_word' id='word_1_430' title='bbox 3538 2657 3552 2694; x_wconf 87' lang='lat'><strong>:</strong></span> 
     </span>
    </p>
   </div>
   <div class='ocr_carea' id='block_1_56' title="bbox 1963 2710 3558 2798">
    <p class='ocr_par' dir='ltr' id='par_1_56' title="bbox 1963 2710 3558 2798">
     <span class='ocr_line' id='line_1_56' title="bbox 1963 2710 3558 2798; baseline 0.006 -23"><span class='ocrx_word' id='word_1_431' title='bbox 1963 2710 2129 2776; x_wconf 86' lang='lat' dir='ltr'><strong>Pater</strong></span> <span class='ocrx_word' id='word_1_432' title='bbox 2150 2737 2254 2777; x_wconf 89' lang='lat' dir='ltr'><strong>non</strong></span> <span class='ocrx_word' id='word_1_433' title='bbox 2266 2720 2479 2792; x_wconf 80' lang='lat' dir='ltr'><strong>judicet</strong></span> <span class='ocrx_word' id='word_1_434' title='bbox 2498 2740 2832 2795; x_wconf 77' lang='lat' dir='ltr'><strong>quemquam,</strong></span> <span class='ocrx_word' id='word_1_435' title='bbox 2854 2722 2946 2780; x_wconf 89' lang='lat' dir='ltr'><strong>sed</strong></span> <span class='ocrx_word' id='word_1_436' title='bbox 2969 2742 3119 2780; x_wconf 89' lang='lat' dir='ltr'><strong>omne</strong></span> <span class='ocrx_word' id='word_1_437' title='bbox 3131 2726 3397 2798; x_wconf 84' lang='lat' dir='ltr'><strong>judicium</strong></span> <span class='ocrx_word' id='word_1_438' title='bbox 3413 2730 3558 2785; x_wconf 85' lang='lat' dir='ltr'><strong>dedit</strong></span> 
     </span>
    </p>
   </div>
   <div class='ocr_carea' id='block_1_57' title="bbox 1962 2802 3557 2887">
    <p class='ocr_par' dir='ltr' id='par_1_57' title="bbox 1962 2802 3557 2887">
     <span class='ocr_line' id='line_1_57' title="bbox 1962 2802 3557 2887; baseline 0.007 -25"><span class='ocrx_word' id='word_1_439' title='bbox 1962 2802 2012 2862; x_wconf 83' lang='lat' dir='ltr'><em>F</em></span> <span class='ocrx_word' id='word_1_440' title='bbox 2014 2810 2127 2877; x_wconf 84' lang='lat' dir='ltr'><strong>ilio,</strong></span> <span class='ocrx_word' id='word_1_441' title='bbox 2145 2811 2251 2867; x_wconf 87' lang='lat' dir='ltr'><strong>nisi</strong></span> <span class='ocrx_word' id='word_1_442' title='bbox 2276 2804 2420 2881; x_wconf 89' lang='lat' dir='ltr'><strong>quod</strong></span> <span class='ocrx_word' id='word_1_443' title='bbox 2430 2806 2841 2884; x_wconf 49' lang='lat' dir='ltr'><strong>&quot;intelligendum</strong></span> <span class='ocrx_word' id='word_1_444' title='bbox 2865 2824 2948 2870; x_wconf 91' lang='lat' dir='ltr'><strong>est</strong></span> <span class='ocrx_word' id='word_1_445' title='bbox 2961 2816 3104 2885; x_wconf 91' lang='lat' dir='ltr'><strong>quod</strong></span> <span class='ocrx_word' id='word_1_446' title='bbox 3119 2817 3365 2887; x_wconf 85' lang='lat' dir='ltr'><strong>sequitur</strong></span> <span class='ocrx_word' id='word_1_447' title='bbox 3392 2836 3403 2872; x_wconf 95' lang='lat'>:</span> <span class='ocrx_word' id='word_1_448' title='bbox 3431 2818 3557 2874; x_wconf 85' lang='lat' dir='ltr'><strong>Non</strong></span> 
     </span>
    </p>
   </div>
   <div class='ocr_carea' id='block_1_58' title="bbox 1960 2903 3556 2975">
    <p class='ocr_par' dir='ltr' id='par_1_58' title="bbox 1960 2903 3556 2975">
     <span class='ocr_line' id='line_1_58' title="bbox 1960 2903 3556 2975; baseline 0.005 -20"><span class='ocrx_word' id='word_1_449' title='bbox 1960 2903 2101 2956; x_wconf 86' lang='lat' dir='ltr'><strong>enim</strong></span> <span class='ocrx_word' id='word_1_450' title='bbox 2129 2903 2265 2969; x_wconf 88' lang='lat' dir='ltr'><strong>veni,</strong></span> <span class='ocrx_word' id='word_1_451' title='bbox 2301 2903 2497 2974; x_wconf 87' lang='lat' dir='ltr'><strong>inquit,</strong></span> <span class='ocrx_word' id='word_1_452' title='bbox 2529 2914 2585 2957; x_wconf 89' lang='lat' dir='ltr'><strong>ut</strong></span> <span class='ocrx_word' id='word_1_453' title='bbox 2608 2904 2849 2975; x_wconf 86' lang='lat' dir='ltr'><strong>judicem</strong></span> <span class='ocrx_word' id='word_1_454' title='bbox 2887 2910 3165 2975; x_wconf 88' lang='lat' dir='ltr'><strong>mundum,</strong></span> <span class='ocrx_word' id='word_1_455' title='bbox 3213 2909 3304 2962; x_wconf 89' lang='lat' dir='ltr'><strong>sed</strong></span> <span class='ocrx_word' id='word_1_456' title='bbox 3335 2918 3395 2964; x_wconf 90' lang='lat' dir='ltr'><strong>ut</strong></span> <span class='ocrx_word' id='word_1_457' title='bbox 3446 2910 3556 2965; x_wconf 88' lang='lat' dir='ltr'><strong>sal-</strong></span> 
     </span>
    </p>
   </div>
   <div class='ocr_carea' id='block_1_59' title="bbox 1961 2992 3553 3071">
    <p class='ocr_par' dir='ltr' id='par_1_59' title="bbox 1961 2992 3553 3071">
     <span class='ocr_line' id='line_1_59' title="bbox 1961 2992 3553 3071; baseline 0.007 -22"><span class='ocrx_word' id='word_1_458' title='bbox 1961 3011 2082 3050; x_wconf 88' lang='lat' dir='ltr'><strong>vum</strong></span> <span class='ocrx_word' id='word_1_459' title='bbox 2107 2994 2304 3066; x_wconf 82' lang='lat' dir='ltr'><strong>faciam</strong></span> <span class='ocrx_word' id='word_1_460' title='bbox 2332 2997 2609 3053; x_wconf 85' lang='lat' dir='ltr'><strong>mundum.</strong></span> <span class='ocrx_word' id='word_1_461' title='bbox 2647 2992 2803 3054; x_wconf 88' lang='lat' dir='ltr'><strong>Nunc</strong></span> <span class='ocrx_word' id='word_1_462' title='bbox 2829 3014 2959 3071; x_wconf 79' lang='lat' dir='ltr'><strong>ergo</strong></span> <span class='ocrx_word' id='word_1_463' title='bbox 3002 3010 3086 3055; x_wconf 86' lang='lat' dir='ltr'><strong>est</strong></span> <span class='ocrx_word' id='word_1_464' title='bbox 3125 3010 3338 3071; x_wconf 90' lang='lat' dir='ltr'><strong>tempus</strong></span> <span class='ocrx_word' id='word_1_465' title='bbox 3385 3001 3553 3060; x_wconf 79' lang='lat' dir='ltr'><strong>mise-</strong></span> 
     </span>
    </p>
   </div>
   <div class='ocr_carea' id='block_1_60' title="bbox 1952 3082 3555 3162">
    <p class='ocr_par' dir='ltr' id='par_1_60' title="bbox 1952 3082 3555 3162">
     <span class='ocr_line' id='line_1_60' title="bbox 1952 3082 3555 3162; baseline 0.006 -21"><span class='ocrx_word' id='word_1_466' title='bbox 1952 3082 2244 3152; x_wconf 65' lang='lat' dir='ltr'><strong>ricordiae;</strong></span> <span class='ocrx_word' id='word_1_467' title='bbox 2272 3096 2396 3158; x_wconf 89' lang='lat' dir='ltr'><strong>post</strong></span> <span class='ocrx_word' id='word_1_468' title='bbox 2422 3088 2530 3143; x_wconf 88' lang='lat' dir='ltr'><strong>erit</strong></span> <span class='ocrx_word' id='word_1_469' title='bbox 2549 3084 2762 3160; x_wconf 89' lang='lat' dir='ltr'><strong>judicii,</strong></span> <span class='ocrx_word' id='word_1_470' title='bbox 2795 3090 2922 3159; x_wconf 87' lang='lat' dir='ltr'><strong>quia</strong></span> <span class='ocrx_word' id='word_1_471' title='bbox 2972 3093 3391 3148; x_wconf 84' lang='lat' dir='ltr'><strong>misericordiam</strong></span> <span class='ocrx_word' id='word_1_472' title='bbox 3419 3136 3433 3162; x_wconf 94' lang='lat'><strong>,</strong></span> <span class='ocrx_word' id='word_1_473' title='bbox 3472 3095 3555 3151; x_wconf 89' lang='lat' dir='ltr'><strong>in-</strong></span> 
     </span>
    </p>
   </div>
   <div class='ocr_carea' id='block_1_61' title="bbox 1963 3172 3558 3256">
    <p class='ocr_par' dir='ltr' id='par_1_61' title="bbox 1963 3172 3558 3256">
     <span class='ocr_line' id='line_1_61' title="bbox 1963 3172 3558 3256; baseline 0.008 -26"><span class='ocrx_word' id='word_1_474' title='bbox 1963 3172 2104 3246; x_wconf 87' lang='lat' dir='ltr'><strong>quit,</strong></span> <span class='ocrx_word' id='word_1_475' title='bbox 2149 3187 2196 3230; x_wconf 89' lang='lat' dir='ltr'><strong>et</strong></span> <span class='ocrx_word' id='word_1_476' title='bbox 2224 3177 2493 3248; x_wconf 80' lang='lat' dir='ltr'><strong>judicium</strong></span> <span class='ocrx_word' id='word_1_477' title='bbox 2530 3180 2753 3234; x_wconf 84' lang='lat' dir='ltr'><strong>cantabo</strong></span> <span class='ocrx_word' id='word_1_478' title='bbox 2782 3180 2895 3246; x_wconf 86' lang='lat' dir='ltr'><strong>tibi,</strong></span> <span class='ocrx_word' id='word_1_479' title='bbox 2940 3181 3185 3237; x_wconf 83' lang='lat' dir='ltr'><strong>Domine.</strong></span> <span class='ocrx_word' id='word_1_480' title='bbox 3217 3174 3321 3239; x_wconf 86' lang='lat' dir='ltr'><strong>Sed</strong></span> <span class='ocrx_word' id='word_1_481' title='bbox 3345 3185 3412 3238; x_wconf 91' lang='lat' dir='ltr'><strong>de</strong></span> <span class='ocrx_word' id='word_1_482' title='bbox 3439 3186 3558 3256; x_wconf 86' lang='lat' dir='ltr'><strong>ipso</strong></span> 
     </span>
    </p>
   </div>
   <div class='ocr_carea' id='block_1_62' title="bbox 260 3258 3552 3344">
    <p class='ocr_par' dir='ltr' id='par_1_62' title="bbox 260 3258 3552 3344">
     <span class='ocr_line' id='line_1_62' title="bbox 260 3258 3552 3344; baseline -0 -15"><span class='ocrx_word' id='word_1_483' title='bbox 260 3289 333 3329; x_wconf 74' lang='lat' dir='ltr'><strong>ea:</strong></span> <span class='ocrx_word' id='word_1_484' title='bbox 360 3272 596 3339; x_wconf 79' lang='lat' dir='ltr'><strong>muliere,</strong></span> <span class='ocrx_word' id='word_1_485' title='bbox 625 3271 825 3342; x_wconf 76' lang='lat' dir='ltr'><strong>factum</strong></span> <span class='ocrx_word' id='word_1_486' title='bbox 840 3272 955 3328; x_wconf 74' lang='lat' dir='ltr'><strong>sub</strong></span> <span class='ocrx_word' id='word_1_487' title='bbox 987 3272 1117 3343; x_wconf 73' lang='lat' dir='ltr'><strong>lege.</strong></span> <span class='ocrx_word' id='word_1_488' title='bbox 1147 3271 1317 3340; x_wconf 81' lang='lat' dir='ltr'><strong>Quem</strong></span> <span class='ocrx_word' id='word_1_489' title='bbox 1339 3275 1476 3328; x_wconf 86' lang='lat' dir='ltr'><strong>enim</strong></span> <span class='ocrx_word' id='word_1_490' title='bbox 1506 3275 1648 3328; x_wconf 87' lang='lat' dir='ltr'><strong>misit</strong></span> <span class='ocrx_word' id='word_1_491' title='bbox 1688 3274 1855 3344; x_wconf 82' lang='lat' dir='ltr'><strong>Deus,</strong></span> <span class='ocrx_word' id='word_1_492' title='bbox 1880 3258 1933 3327; x_wconf 81' lang='lat' dir='ltr'><strong>C</strong></span> <span class='ocrx_word' id='word_1_493' title='bbox 1963 3266 2128 3321; x_wconf 87' lang='lat' dir='ltr'><strong>etiam</strong></span> <span class='ocrx_word' id='word_1_494' title='bbox 2157 3258 2340 3322; x_wconf 73' lang='lat' dir='ltr'><strong>futuro</strong></span> <span class='ocrx_word' id='word_1_495' title='bbox 2382 3264 2676 3323; x_wconf 79' lang='lat' dir='ltr'><strong>novissimo</strong></span> <span class='ocrx_word' id='word_1_496' title='bbox 2716 3262 2922 3337; x_wconf 88' lang='lat' dir='ltr'><strong>judicio</strong></span> <span class='ocrx_word' id='word_1_497' title='bbox 2963 3271 3143 3326; x_wconf 82' lang='lat' dir='ltr'><strong>videte</strong></span> <span class='ocrx_word' id='word_1_498' title='bbox 3184 3272 3314 3342; x_wconf 89' lang='lat' dir='ltr'><strong>quid</strong></span> <span class='ocrx_word' id='word_1_499' title='bbox 3358 3273 3502 3329; x_wconf 87' lang='lat' dir='ltr'><strong>dicat</strong></span> <span class='ocrx_word' id='word_1_500' title='bbox 3537 3292 3552 3328; x_wconf 91' lang='lat'><strong>:</strong></span> 
     </span>
    </p>
   </div>
   <div class='ocr_carea' id='block_1_63' title="bbox 260 3362 1863 3436">
    <p class='ocr_par' dir='ltr' id='par_1_63' title="bbox 260 3362 1863 3436">
     <span class='ocr_line' id='line_1_63' title="bbox 260 3362 1863 3436; baseline 0.001 -14"><span class='ocrx_word' id='word_1_501' title='bbox 260 3363 423 3422; x_wconf 82' lang='lat' dir='ltr'><strong>verba</strong></span> <span class='ocrx_word' id='word_1_502' title='bbox 447 3362 833 3436; x_wconf 73' lang='lat' dir='ltr'><strong>Deirloquitur;</strong></span> <span class='ocrx_word' id='word_1_503' title='bbox 863 3364 969 3421; x_wconf 92' lang='lat' dir='ltr'><strong>hoc</strong></span> <span class='ocrx_word' id='word_1_504' title='bbox 994 3367 1183 3435; x_wconf 88' lang='lat' dir='ltr'><strong>utique</strong></span> <span class='ocrx_word' id='word_1_505' title='bbox 1210 3365 1277 3422; x_wconf 88' lang='lat' dir='ltr'><strong>de</strong></span> <span class='ocrx_word' id='word_1_506' title='bbox 1296 3365 1515 3423; x_wconf 89' lang='lat' dir='ltr'><strong>Christo</strong></span> <span class='ocrx_word' id='word_1_507' title='bbox 1538 3365 1776 3434; x_wconf 83' lang='lat' dir='ltr'><strong>dicebat,</strong></span> <span class='ocrx_word' id='word_1_508' title='bbox 1800 3374 1863 3424; x_wconf 93' lang='lat' dir='ltr'><strong>ut</strong></span> 
     </span>
    </p>
   </div>
   <div class='ocr_carea' id='block_1_64' title="bbox 260 3455 932 3528">
    <p class='ocr_par' dir='ltr' id='par_1_64' title="bbox 260 3455 932 3528">
     <span class='ocr_line' id='line_1_64' title="bbox 260 3455 932 3528; baseline -0.003 -15"><span class='ocrx_word' id='word_1_509' title='bbox 260 3471 331 3513; x_wconf 83' lang='lat' dir='ltr'><strong>se</strong></span> <span class='ocrx_word' id='word_1_510' title='bbox 344 3456 417 3512; x_wconf 83' lang='lat' dir='ltr'><strong>ab</strong></span> <span class='ocrx_word' id='word_1_511' title='bbox 438 3455 537 3511; x_wconf 87' lang='lat' dir='ltr'><strong>illo</strong></span> <span class='ocrx_word' id='word_1_512' title='bbox 554 3456 932 3528; x_wconf 74' lang='lat' dir='ltr'><strong>distingueret.</strong></span> 
     </span>
    </p>
   </div>
   <div class='ocr_carea' id='block_1_65' title="bbox 338 3549 1860 3621">
    <p class='ocr_par' dir='ltr' id='par_1_65' title="bbox 338 3549 1860 3621">
     <span class='ocr_line' id='line_1_65' title="bbox 338 3549 1860 3621; baseline -0.001 -13"><span class='ocrx_word' id='word_1_513' title='bbox 338 3552 467 3608; x_wconf 80' lang='lat' dir='ltr'><strong>Non</strong></span> <span class='ocrx_word' id='word_1_514' title='bbox 527 3553 666 3607; x_wconf 73' lang='lat' dir='ltr'><strong>enirn</strong></span> <span class='ocrx_word' id='word_1_515' title='bbox 722 3552 795 3606; x_wconf 86' lang='lat' dir='ltr'><strong>ad</strong></span> <span class='ocrx_word' id='word_1_516' title='bbox 834 3565 1158 3619; x_wconf 63' lang='lat' dir='ltr'><strong>,mensuram</strong></span> <span class='ocrx_word' id='word_1_517' title='bbox 1218 3549 1314 3605; x_wconf 87' lang='lat' dir='ltr'><strong>dat</strong></span> <span class='ocrx_word' id='word_1_518' title='bbox 1377 3549 1523 3605; x_wconf 87' lang='lat' dir='ltr'><strong>Deus</strong></span> <span class='ocrx_word' id='word_1_519' title='bbox 1594 3551 1860 3621; x_wconf 81' lang='lat' dir='ltr'><strong>spiritum.</strong></span> 
     </span>
    </p>
   </div>
   <div class='ocr_carea' id='block_1_66' title="bbox 258 3641 1865 3714">
    <p class='ocr_par' dir='ltr' id='par_1_66' title="bbox 258 3641 1865 3714">
     <span class='ocr_line' id='line_1_66' title="bbox 258 3641 1865 3714; baseline -0.001 -14"><span class='ocrx_word' id='word_1_520' title='bbox 258 3642 407 3700; x_wconf 70' lang='lat' dir='ltr'><strong>Audi</strong></span> <span class='ocrx_word' id='word_1_521' title='bbox 445 3641 767 3714; x_wconf 75' lang='lat' dir='ltr'><strong>Apostoium</strong></span> <span class='ocrx_word' id='word_1_522' title='bbox 819 3642 1092 3699; x_wconf 77' lang='lat' dir='ltr'><strong>dicentem</strong></span> <span class='ocrx_word' id='word_1_523' title='bbox 1140 3659 1155 3698; x_wconf 88' lang='lat'><strong>:</strong></span> <span class='ocrx_word' id='word_1_524' title='bbox 1205 3641 1511 3698; x_wconf 82' lang='lat' dir='ltr'><strong>Secundum</strong></span> <span class='ocrx_word' id='word_1_525' title='bbox 1561 3658 1865 3699; x_wconf 79' lang='lat' dir='ltr'><strong>mensuram</strong></span> 
     </span>
    </p>
   </div>
   <div class='ocr_carea' id='block_1_67' title="bbox 262 3733 1866 3793">
    <p class='ocr_par' dir='ltr' id='par_1_67' title="bbox 262 3733 1866 3793">
     <span class='ocr_line' id='line_1_67' title="bbox 262 3733 1866 3793; baseline -0.001 -1"><span class='ocrx_word' id='word_1_526' title='bbox 262 3733 1205 3793; x_wconf 61' lang='lat' dir='ltr'><strong>dbuatienis-Chﬁstilwmiuibusad</strong></span> <span class='ocrx_word' id='word_1_527' title='bbox 1224 3750 1533 3792; x_wconf 82' lang='lat' dir='ltr'><strong>mensuram</strong></span> <span class='ocrx_word' id='word_1_528' title='bbox 1550 3734 1666 3790; x_wconf 86' lang='lat' dir='ltr'><strong>dat.</strong></span> <span class='ocrx_word' id='word_1_529' title='bbox 1692 3734 1866 3791; x_wconf 83' lang='lat' dir='ltr'><strong>Unico</strong></span> 
     </span>
    </p>
   </div>
   <div class='ocr_carea' id='block_1_68' title="bbox 262 3825 1867 3896">
    <p class='ocr_par' dir='ltr' id='par_1_68' title="bbox 262 3825 1867 3896">
     <span class='ocr_line' id='line_1_68' title="bbox 262 3825 1867 3896; baseline -0.004 -10"><span class='ocrx_word' id='word_1_530' title='bbox 262 3827 411 3887; x_wconf 81' lang='lat' dir='ltr'><strong>Filio</strong></span> <span class='ocrx_word' id='word_1_531' title='bbox 436 3826 763 3884; x_wconf 75' lang='lat' dir='ltr'><strong>pendat-ad</strong></span> <span class='ocrx_word' id='word_1_532' title='bbox 789 3839 1136 3893; x_wconf 74' lang='lat' dir='ltr'><strong>mensam;</strong></span> <span class='ocrx_word' id='word_1_533' title='bbox 1163 3826 1435 3896; x_wconf 80' lang='lat' dir='ltr'><strong>quomodo</strong></span> <span class='ocrx_word' id='word_1_534' title='bbox 1460 3825 1770 3882; x_wconf 66' lang='lat' dir='ltr'><strong>hominibus</strong></span> <span class='ocrx_word' id='word_1_535' title='bbox 1796 3825 1867 3880; x_wconf 87' lang='lat' dir='ltr'><strong>ad</strong></span> 
     </span>
    </p>
   </div>
   <div class='ocr_carea' id='block_1_69' title="bbox 264 3913 1865 3989">
    <p class='ocr_par' dir='ltr' id='par_1_69' title="bbox 264 3913 1865 3989">
     <span class='ocr_line' id='line_1_69' title="bbox 264 3913 1865 3989; baseline -0.004 -12"><span class='ocrx_word' id='word_1_536' title='bbox 264 3933 604 3978; x_wconf 78' lang='lat' dir='ltr'><strong>mensuram.</strong></span> <span class='ocrx_word' id='word_1_537' title='bbox 650 3916 758 3973; x_wconf 73' lang='lat' dir='ltr'><strong>Alii</strong></span> <span class='ocrx_word' id='word_1_538' title='bbox 797 3917 1010 3989; x_wconf 76' lang='lat' dir='ltr'><strong>quidem</strong></span> <span class='ocrx_word' id='word_1_539' title='bbox 1061 3916 1220 3973; x_wconf 77' lang='lat' dir='ltr'><strong>datur</strong></span> <span class='ocrx_word' id='word_1_540' title='bbox 1252 3932 1358 3988; x_wconf 70' lang='grc' dir='ltr'><strong>,ραν</strong></span> <span class='ocrx_word' id='word_1_541' title='bbox 1404 3913 1663 3987; x_wconf 83' lang='lat' dir='ltr'><strong>Spiritum</strong></span> <span class='ocrx_word' id='word_1_542' title='bbox 1695 3932 1865 3971; x_wconf 87' lang='lat' dir='ltr'><strong>sermo</strong></span> 
     </span>
    </p>
   </div>
   <div class='ocr_carea' id='block_1_70' title="bbox 262 4006 1869 4083">
    <p class='ocr_par' dir='ltr' id='par_1_70' title="bbox 262 4006 1869 4083">
     <span class='ocr_line' id='line_1_70' title="bbox 262 4006 1869 4083; baseline -0.004 -14"><span class='ocrx_word' id='word_1_543' title='bbox 262 4012 566 4083; x_wconf 66' lang='lat' dir='ltr'><strong>sapientia,</strong></span> <span class='ocrx_word' id='word_1_544' title='bbox 594 4011 689 4066; x_wconf 78' lang='lat' dir='ltr'><strong>alii</strong></span> <span class='ocrx_word' id='word_1_545' title='bbox 714 4026 887 4066; x_wconf 83' lang='lat' dir='ltr'><strong>sermo</strong></span> <span class='ocrx_word' id='word_1_546' title='bbox 903 4010 1143 4066; x_wconf 64' lang='lat' dir='ltr'><strong>scientia</strong></span> <span class='ocrx_word' id='word_1_547' title='bbox 1156 4008 1461 4066; x_wconf 70' lang='lat' dir='ltr'><strong>secundum</strong></span> <span class='ocrx_word' id='word_1_548' title='bbox 1476 4008 1722 4064; x_wconf 85' lang='lat' dir='ltr'><strong>eumdem</strong></span> <span class='ocrx_word' id='word_1_549' title='bbox 1742 4006 1869 4080; x_wconf 73' lang='lat' dir='ltr'><strong>Spi—</strong></span> 
     </span>
    </p>
   </div>
   <div class='ocr_carea' id='block_1_71' title="bbox 264 4098 1868 4172">
    <p class='ocr_par' dir='ltr' id='par_1_71' title="bbox 264 4098 1868 4172">
     <span class='ocr_line' id='line_1_71' title="bbox 264 4098 1868 4172; baseline -0.004 -13"><span class='ocrx_word' id='word_1_550' title='bbox 264 4104 434 4159; x_wconf 72' lang='lat' dir='ltr'><strong>ritum</strong></span> <span class='ocrx_word' id='word_1_551' title='bbox 452 4143 468 4170; x_wconf 94' lang='lat'><strong>,</strong></span> <span class='ocrx_word' id='word_1_552' title='bbox 492 4102 588 4158; x_wconf 88' lang='lat' dir='ltr'><strong>alii</strong></span> <span class='ocrx_word' id='word_1_553' title='bbox 617 4102 748 4172; x_wconf 76' lang='lat' dir='ltr'><strong>ﬁdos</strong></span> <span class='ocrx_word' id='word_1_554' title='bbox 777 4101 834 4156; x_wconf 87' lang='lat' dir='ltr'><strong>in</strong></span> <span class='ocrx_word' id='word_1_555' title='bbox 873 4101 1055 4158; x_wconf 77' lang='lat' dir='ltr'><strong>eodem</strong></span> <span class='ocrx_word' id='word_1_556' title='bbox 1083 4099 1310 4171; x_wconf 77' lang='lat' dir='ltr'><strong>Spiritu,</strong></span> <span class='ocrx_word' id='word_1_557' title='bbox 1338 4100 1437 4156; x_wconf 80' lang='lat' dir='ltr'><strong>alit</strong></span> <span class='ocrx_word' id='word_1_558' title='bbox 1455 4101 1746 4170; x_wconf 73' lang='lat' dir='ltr'><strong>prophetia,</strong></span> <span class='ocrx_word' id='word_1_559' title='bbox 1768 4098 1868 4154; x_wconf 86' lang='lat' dir='ltr'><strong>alii</strong></span> 
     </span>
    </p>
   </div>
   <div class='ocr_carea' id='block_1_72' title="bbox 257 4188 1869 4266">
    <p class='ocr_par' dir='ltr' id='par_1_72' title="bbox 257 4188 1869 4266">
     <span class='ocr_line' id='line_1_72' title="bbox 257 4188 1869 4266; baseline -0.002 -18"><span class='ocrx_word' id='word_1_560' title='bbox 257 4192 530 4266; x_wconf 83' lang='lat' dir='ltr'><strong>judicatio</strong></span> <span class='ocrx_word' id='word_1_561' title='bbox 572 4193 878 4263; x_wconf 82' lang='lat' dir='ltr'><strong>spirituum,</strong></span> <span class='ocrx_word' id='word_1_562' title='bbox 912 4190 1079 4246; x_wconf 81' lang='lat' dir='ltr'><strong>alteri</strong></span> <span class='ocrx_word' id='word_1_563' title='bbox 1133 4206 1330 4262; x_wconf 71' lang='lat' dir='ltr'><strong>genera</strong></span> <span class='ocrx_word' id='word_1_564' title='bbox 1376 4188 1682 4261; x_wconf 78' lang='lat' dir='ltr'><strong>linguarum</strong></span> <span class='ocrx_word' id='word_1_565' title='bbox 1773 4190 1869 4246; x_wconf 85' lang='lat' dir='ltr'><strong>alii</strong></span> 
     </span>
    </p>
   </div>
   <div class='ocr_carea' id='block_1_73' title="bbox 266 4283 793 4340">
    <p class='ocr_par' dir='ltr' id='par_1_73' title="bbox 266 4283 793 4340">
     <span class='ocr_line' id='line_1_73' title="bbox 266 4283 793 4340; baseline -0.006 0"><span class='ocrx_word' id='word_1_566' title='bbox 266 4283 419 4340; x_wconf 75' lang='lat' dir='ltr'><strong>dona</strong></span> <span class='ocrx_word' id='word_1_567' title='bbox 440 4284 793 4340; x_wconf 84' lang='lat' dir='ltr'><strong>curationum.</strong></span> 
     </span>
    </p>
   </div>
   <div class='ocr_carea' id='block_1_74' title="bbox 282 4359 1870 4446">
    <p class='ocr_par' dir='ltr' id='par_1_74' title="bbox 282 4359 1870 4446">
     <span class='ocr_line' id='line_1_74' title="bbox 282 4359 1870 4446; baseline 0.001 -19"><span class='ocrx_word' id='word_1_568' title='bbox 282 4408 305 4418; x_wconf 60' lang='grc' dir='ltr'><strong>η.</strong></span> <span class='ocrx_word' id='word_1_569' title='bbox 345 4372 512 4430; x_wconf 81' lang='lat' dir='ltr'><strong>Pater</strong></span> <span class='ocrx_word' id='word_1_570' title='bbox 558 4373 732 4446; x_wconf 84' lang='lat' dir='ltr'><strong>diligit</strong></span> <span class='ocrx_word' id='word_1_571' title='bbox 764 4371 989 4430; x_wconf 83' lang='lat' dir='ltr'><strong>Filium.</strong></span> <span class='ocrx_word' id='word_1_572' title='bbox 1037 4372 1223 4441; x_wconf 80' lang='lat' dir='ltr'><strong>Quare</strong></span> <span class='ocrx_word' id='word_1_573' title='bbox 1269 4372 1453 4431; x_wconf 85' lang='lat' dir='ltr'><strong>enim?</strong></span> <span class='ocrx_word' id='word_1_574' title='bbox 1489 4359 1654 4431; x_wconf 74' lang='lat' dir='ltr'><strong>Pater</strong></span> <span class='ocrx_word' id='word_1_575' title='bbox 1688 4360 1870 4443; x_wconf 70' lang='lat' dir='ltr'><strong>diligit</strong></span> 
     </span>
    </p>
   </div>
   <div class='ocr_carea' id='block_1_75' title="bbox 266 4462 1865 4534">
    <p class='ocr_par' dir='ltr' id='par_1_75' title="bbox 266 4462 1865 4534">
     <span class='ocr_line' id='line_1_75' title="bbox 266 4462 1865 4534; baseline -0.003 -11"><span class='ocrx_word' id='word_1_576' title='bbox 266 4464 564 4532; x_wconf 72' lang='lat' dir='ltr'><strong>Joannem.</strong></span> <span class='ocrx_word' id='word_1_577' title='bbox 598 4472 655 4520; x_wconf 85' lang='lat' dir='ltr'><strong>et</strong></span> <span class='ocrx_word' id='word_1_578' title='bbox 680 4474 860 4521; x_wconf 75' lang='lat' dir='ltr'><strong>tamen</strong></span> <span class='ocrx_word' id='word_1_579' title='bbox 884 4479 993 4521; x_wconf 89' lang='lat' dir='ltr'><strong>non</strong></span> <span class='ocrx_word' id='word_1_580' title='bbox 1021 4463 1205 4519; x_wconf 88' lang='lat' dir='ltr'><strong>omnia</strong></span> <span class='ocrx_word' id='word_1_581' title='bbox 1243 4462 1393 4521; x_wconf 87' lang='lat' dir='ltr'><strong>dedit</strong></span> <span class='ocrx_word' id='word_1_582' title='bbox 1419 4462 1477 4519; x_wconf 90' lang='lat' dir='ltr'><strong>in</strong></span> <span class='ocrx_word' id='word_1_583' title='bbox 1502 4478 1671 4519; x_wconf 88' lang='lat' dir='ltr'><strong>manu</strong></span> <span class='ocrx_word' id='word_1_584' title='bbox 1708 4462 1865 4534; x_wconf 82' lang='lat' dir='ltr'><strong>ejus;</strong></span> 
     </span>
    </p>
   </div>
   <div class='ocr_carea' id='block_1_76' title="bbox 1969 3355 3557 3437">
    <p class='ocr_par' dir='ltr' id='par_1_76' title="bbox 1969 3355 3557 3437">
     <span class='ocr_line' id='line_1_76' title="bbox 1969 3355 3557 3437; baseline 0.007 -28"><span class='ocrx_word' id='word_1_585' title='bbox 1969 3355 2074 3422; x_wconf 90' lang='lat' dir='ltr'><strong>Qui</strong></span> <span class='ocrx_word' id='word_1_586' title='bbox 2102 3358 2299 3427; x_wconf 85' lang='lat' dir='ltr'><strong>spernit</strong></span> <span class='ocrx_word' id='word_1_587' title='bbox 2330 3374 2430 3423; x_wconf 90' lang='lat' dir='ltr'><strong>me,</strong></span> <span class='ocrx_word' id='word_1_588' title='bbox 2460 3368 2506 3412; x_wconf 91' lang='lat' dir='ltr'><strong>et</strong></span> <span class='ocrx_word' id='word_1_589' title='bbox 2535 3375 2639 3413; x_wconf 86' lang='lat' dir='ltr'><strong>non</strong></span> <span class='ocrx_word' id='word_1_590' title='bbox 2682 3358 2871 3430; x_wconf 86' lang='lat' dir='ltr'><strong>accipit</strong></span> <span class='ocrx_word' id='word_1_591' title='bbox 2911 3360 3064 3416; x_wconf 88' lang='lat' dir='ltr'><strong>verba</strong></span> <span class='ocrx_word' id='word_1_592' title='bbox 3093 3378 3231 3429; x_wconf 87' lang='lat' dir='ltr'><strong>mea,</strong></span> <span class='ocrx_word' id='word_1_593' title='bbox 3269 3362 3422 3418; x_wconf 84' lang='lat' dir='ltr'><strong>habet</strong></span> <span class='ocrx_word' id='word_1_594' title='bbox 3464 3367 3557 3437; x_wconf 90' lang='lat' dir='ltr'><strong>qui</strong></span> 
     </span>
    </p>
   </div>
   <div class='ocr_carea' id='block_1_77' title="bbox 1957 3444 3559 3525">
    <p class='ocr_par' dir='ltr' id='par_1_77' title="bbox 1957 3444 3559 3525">
     <span class='ocr_line' id='line_1_77' title="bbox 1957 3444 3559 3525; baseline 0.007 -26"><span class='ocrx_word' id='word_1_595' title='bbox 1957 3444 2163 3516; x_wconf 89' lang='lat' dir='ltr'><strong>judicet</strong></span> <span class='ocrx_word' id='word_1_596' title='bbox 2186 3463 2338 3513; x_wconf 87' lang='lat' dir='ltr'><strong>eum;</strong></span> <span class='ocrx_word' id='word_1_597' title='bbox 2368 3463 2537 3503; x_wconf 87' lang='lat' dir='ltr'><strong>sermo</strong></span> <span class='ocrx_word' id='word_1_598' title='bbox 2571 3465 2726 3520; x_wconf 89' lang='lat' dir='ltr'><strong>quem</strong></span> <span class='ocrx_word' id='word_1_599' title='bbox 2764 3448 2972 3507; x_wconf 85' lang='lat' dir='ltr'><strong>locutus</strong></span> <span class='ocrx_word' id='word_1_600' title='bbox 3016 3469 3153 3521; x_wconf 86' lang='lat' dir='ltr'><strong>sum,</strong></span> <span class='ocrx_word' id='word_1_601' title='bbox 3183 3446 3272 3509; x_wconf 83' lang='lat' dir='ltr'><strong>ille</strong></span> <span class='ocrx_word' id='word_1_602' title='bbox 3292 3454 3559 3525; x_wconf 86' lang='lat' dir='ltr'><strong>judicabit</strong></span> 
     </span>
    </p>
   </div>
   <div class='ocr_carea' id='block_1_78' title="bbox 1966 3533 3559 3616">
    <p class='ocr_par' dir='ltr' id='par_1_78' title="bbox 1966 3533 3559 3616">
     <span class='ocr_line' id='line_1_78' title="bbox 1966 3533 3559 3616; baseline 0.008 -25"><span class='ocrx_word' id='word_1_603' title='bbox 1966 3554 2082 3592; x_wconf 90' lang='lat' dir='ltr'><strong>eum</strong></span> <span class='ocrx_word' id='word_1_604' title='bbox 2107 3539 2162 3592; x_wconf 91' lang='lat' dir='ltr'><strong>in</strong></span> <span class='ocrx_word' id='word_1_605' title='bbox 2184 3541 2462 3595; x_wconf 86' lang='lat' dir='ltr'><strong>novissimo</strong></span> <span class='ocrx_word' id='word_1_606' title='bbox 2483 3538 2588 3596; x_wconf 87' lang='lat' dir='ltr'><strong>die.</strong></span> <span class='ocrx_word' id='word_1_607' title='bbox 2611 3533 2703 3597; x_wconf 82' lang='lat' dir='ltr'><strong>Ait</strong></span> <span class='ocrx_word' id='word_1_608' title='bbox 2731 3556 2891 3616; x_wconf 69' lang='lat' dir='ltr'><strong>ergo:</strong></span> <span class='ocrx_word' id='word_1_609' title='bbox 2920 3538 3026 3610; x_wconf 84' lang='lat' dir='ltr'><strong>Qui</strong></span> <span class='ocrx_word' id='word_1_610' title='bbox 3060 3546 3255 3616; x_wconf 85' lang='lat' dir='ltr'><strong>spernit</strong></span> <span class='ocrx_word' id='word_1_611' title='bbox 3271 3561 3351 3601; x_wconf 88' lang='lat' dir='ltr'><strong>me</strong></span> <span class='ocrx_word' id='word_1_612' title='bbox 3379 3557 3427 3602; x_wconf 90' lang='lat' dir='ltr'><strong>et</strong></span> <span class='ocrx_word' id='word_1_613' title='bbox 3451 3564 3559 3604; x_wconf 85' lang='lat' dir='ltr'><strong>non</strong></span> 
     </span>
    </p>
   </div>
   <div class='ocr_carea' id='block_1_79' title="bbox 1966 3630 3559 3709">
    <p class='ocr_par' dir='ltr' id='par_1_79' title="bbox 1966 3630 3559 3709">
     <span class='ocr_line' id='line_1_79' title="bbox 1966 3630 3559 3709; baseline 0.008 -27"><span class='ocrx_word' id='word_1_614' title='bbox 1966 3631 2155 3701; x_wconf 86' lang='lat' dir='ltr'><strong>accipit</strong></span> <span class='ocrx_word' id='word_1_615' title='bbox 2183 3631 2337 3686; x_wconf 88' lang='lat' dir='ltr'><strong>verba</strong></span> <span class='ocrx_word' id='word_1_616' title='bbox 2362 3649 2500 3698; x_wconf 88' lang='lat' dir='ltr'><strong>mea,</strong></span> <span class='ocrx_word' id='word_1_617' title='bbox 2525 3630 2679 3688; x_wconf 82' lang='lat' dir='ltr'><strong>habet</strong></span> <span class='ocrx_word' id='word_1_618' title='bbox 2697 3634 2787 3705; x_wconf 87' lang='lat' dir='ltr'><strong>qui</strong></span> <span class='ocrx_word' id='word_1_619' title='bbox 2802 3630 3009 3704; x_wconf 90' lang='lat' dir='ltr'><strong>judicet</strong></span> <span class='ocrx_word' id='word_1_620' title='bbox 3037 3652 3187 3701; x_wconf 87' lang='lat' dir='ltr'><strong>eum;</strong></span> <span class='ocrx_word' id='word_1_621' title='bbox 3214 3654 3384 3692; x_wconf 89' lang='lat' dir='ltr'><strong>sermo</strong></span> <span class='ocrx_word' id='word_1_622' title='bbox 3405 3656 3559 3709; x_wconf 89' lang='lat' dir='ltr'><strong>quem</strong></span> 
     </span>
    </p>
   </div>
   <div class='ocr_carea' id='block_1_80' title="bbox 1967 3721 3554 3800">
    <p class='ocr_par' dir='ltr' id='par_1_80' title="bbox 1967 3721 3554 3800">
     <span class='ocr_line' id='line_1_80' title="bbox 1967 3721 3554 3800; baseline 0.004 -24"><span class='ocrx_word' id='word_1_623' title='bbox 1967 3721 2171 3778; x_wconf 87' lang='lat' dir='ltr'><strong>locutus</strong></span> <span class='ocrx_word' id='word_1_624' title='bbox 2185 3722 2683 3796; x_wconf 81' lang='lat' dir='ltr'><strong>sum,illejudicabit</strong></span> <span class='ocrx_word' id='word_1_625' title='bbox 2697 3726 2884 3796; x_wconf 10' lang='lat' dir='ltr'><strong>eumqin</strong></span> <span class='ocrx_word' id='word_1_626' title='bbox 2899 3727 3179 3782; x_wconf 85' lang='lat' dir='ltr'><strong>novissimo</strong></span> <span class='ocrx_word' id='word_1_627' title='bbox 3193 3726 3297 3783; x_wconf 88' lang='lat' dir='ltr'><strong>die.</strong></span> <span class='ocrx_word' id='word_1_628' title='bbox 3315 3726 3554 3800; x_wconf 58' lang='lat' dir='ltr'><strong>Nonzait:</strong></span> 
     </span>
    </p>
   </div>
   <div class='ocr_carea' id='block_1_81' title="bbox 1967 3814 3560 3899">
    <p class='ocr_par' dir='ltr' id='par_1_81' title="bbox 1967 3814 3560 3899">
     <span class='ocr_line' id='line_1_81' title="bbox 1967 3814 3560 3899; baseline 0.009 -29"><span class='ocrx_word' id='word_1_629' title='bbox 1967 3814 2071 3884; x_wconf 85' lang='lat' dir='ltr'><strong>Qui</strong></span> <span class='ocrx_word' id='word_1_630' title='bbox 2092 3818 2299 3887; x_wconf 90' lang='lat' dir='ltr'><strong>spernit</strong></span> <span class='ocrx_word' id='word_1_631' title='bbox 2319 3833 2427 3887; x_wconf 91' lang='lat' dir='ltr'><strong>me,</strong></span> <span class='ocrx_word' id='word_1_632' title='bbox 2452 3827 2507 3875; x_wconf 90' lang='lat' dir='ltr'><strong>et</strong></span> <span class='ocrx_word' id='word_1_633' title='bbox 2529 3835 2638 3876; x_wconf 90' lang='lat' dir='ltr'><strong>non</strong></span> <span class='ocrx_word' id='word_1_634' title='bbox 2664 3819 2863 3892; x_wconf 90' lang='lat' dir='ltr'><strong>accipit</strong></span> <span class='ocrx_word' id='word_1_635' title='bbox 2880 3824 3049 3879; x_wconf 88' lang='lat' dir='ltr'><strong>verba</strong></span> <span class='ocrx_word' id='word_1_636' title='bbox 3074 3841 3333 3899; x_wconf 78' lang='lat' dir='ltr'><strong>mea,ego</strong></span> <span class='ocrx_word' id='word_1_637' title='bbox 3352 3842 3458 3882; x_wconf 92' lang='lat' dir='ltr'><strong>non</strong></span> <span class='ocrx_word' id='word_1_638' title='bbox 3476 3828 3560 3899; x_wconf 86' lang='lat' dir='ltr'><strong>ju-</strong></span> 
     </span>
    </p>
   </div>
   <div class='ocr_carea' id='block_1_82' title="bbox 1968 3907 3561 3986">
    <p class='ocr_par' dir='ltr' id='par_1_82' title="bbox 1968 3907 3561 3986">
     <span class='ocr_line' id='line_1_82' title="bbox 1968 3907 3561 3986; baseline 0.007 -24"><span class='ocrx_word' id='word_1_639' title='bbox 1968 3907 2092 3964; x_wconf 87' lang='lat' dir='ltr'><strong>dico</strong></span> <span class='ocrx_word' id='word_1_640' title='bbox 2105 3920 2229 3965; x_wconf 89' lang='lat' dir='ltr'><strong>eum</strong></span> <span class='ocrx_word' id='word_1_641' title='bbox 2251 3911 2306 3966; x_wconf 91' lang='lat' dir='ltr'><strong>in</strong></span> <span class='ocrx_word' id='word_1_642' title='bbox 2322 3912 2618 3968; x_wconf 89' lang='lat' dir='ltr'><strong>novissimo</strong></span> <span class='ocrx_word' id='word_1_643' title='bbox 2632 3913 2736 3969; x_wconf 91' lang='lat' dir='ltr'><strong>die.</strong></span> <span class='ocrx_word' id='word_1_644' title='bbox 2755 3913 2917 3970; x_wconf 87' lang='lat' dir='ltr'><strong>Venit</strong></span> <span class='ocrx_word' id='word_1_645' title='bbox 2930 3930 3061 3986; x_wconf 76' lang='lat' dir='ltr'><strong>ergo</strong></span> <span class='ocrx_word' id='word_1_646' title='bbox 3072 3917 3241 3973; x_wconf 86' lang='lat' dir='ltr'><strong>Filius</strong></span> <span class='ocrx_word' id='word_1_647' title='bbox 3254 3919 3351 3974; x_wconf 87' lang='lat' dir='ltr'><strong>Dei</strong></span> <span class='ocrx_word' id='word_1_648' title='bbox 3365 3919 3432 3973; x_wconf 90' lang='lat' dir='ltr'><strong>ad</strong></span> <span class='ocrx_word' id='word_1_649' title='bbox 3453 3919 3561 3975; x_wconf 85' lang='lat' dir='ltr'><strong>sal-</strong></span> 
     </span>
    </p>
   </div>
   <div class='ocr_carea' id='block_1_83' title="bbox 1967 4000 3560 4082">
    <p class='ocr_par' dir='ltr' id='par_1_83' title="bbox 1967 4000 3560 4082">
     <span class='ocr_line' id='line_1_83' title="bbox 1967 4000 3560 4082; baseline 0.007 -26"><span class='ocrx_word' id='word_1_650' title='bbox 1967 4000 2225 4068; x_wconf 87' lang='lat' dir='ltr'><strong>vandum,</strong></span> <span class='ocrx_word' id='word_1_651' title='bbox 2274 4018 2378 4059; x_wconf 90' lang='lat' dir='ltr'><strong>non</strong></span> <span class='ocrx_word' id='word_1_652' title='bbox 2409 4003 2476 4059; x_wconf 87' lang='lat' dir='ltr'><strong>ad</strong></span> <span class='ocrx_word' id='word_1_653' title='bbox 2497 4001 2869 4072; x_wconf 70' lang='lat' dir='ltr'><strong>iudicandum.</strong></span> <span class='ocrx_word' id='word_1_654' title='bbox 2900 4007 3027 4062; x_wconf 86' lang='lat' dir='ltr'><strong>ideo</strong></span> <span class='ocrx_word' id='word_1_655' title='bbox 3049 4008 3207 4075; x_wconf 83' lang='lat' dir='ltr'><strong>dixit,</strong></span> <span class='ocrx_word' id='word_1_656' title='bbox 3236 4026 3341 4065; x_wconf 86' lang='lat' dir='ltr'><strong>non</strong></span> <span class='ocrx_word' id='word_1_657' title='bbox 3370 4010 3560 4082; x_wconf 85' lang='lat' dir='ltr'><strong>judico</strong></span> 
     </span>
    </p>
   </div>
   <div class='ocr_carea' id='block_1_84' title="bbox 1966 4090 3560 4171">
    <p class='ocr_par' dir='ltr' id='par_1_84' title="bbox 1966 4090 3560 4171">
     <span class='ocr_line' id='line_1_84' title="bbox 1966 4090 3560 4171; baseline 0.008 -27"><span class='ocrx_word' id='word_1_658' title='bbox 1966 4106 2109 4157; x_wconf 88' lang='lat' dir='ltr'><strong>eum,</strong></span> <span class='ocrx_word' id='word_1_659' title='bbox 2149 4090 2203 4145; x_wconf 91' lang='lat' dir='ltr'><strong>id</strong></span> <span class='ocrx_word' id='word_1_660' title='bbox 2243 4099 2327 4147; x_wconf 89' lang='lat' dir='ltr'><strong>est</strong></span> <span class='ocrx_word' id='word_1_661' title='bbox 2364 4093 2547 4159; x_wconf 89' lang='lat' dir='ltr'><strong>modo,</strong></span> <span class='ocrx_word' id='word_1_662' title='bbox 2589 4093 2643 4149; x_wconf 94' lang='lat' dir='ltr'><strong>id</strong></span> <span class='ocrx_word' id='word_1_663' title='bbox 2681 4104 2766 4150; x_wconf 88' lang='lat' dir='ltr'><strong>est</strong></span> <span class='ocrx_word' id='word_1_664' title='bbox 2814 4095 2870 4150; x_wconf 93' lang='lat' dir='ltr'><strong>in</strong></span> <span class='ocrx_word' id='word_1_665' title='bbox 2896 4096 3173 4166; x_wconf 84' lang='lat' dir='ltr'><strong>praesenti,</strong></span> <span class='ocrx_word' id='word_1_666' title='bbox 3224 4099 3320 4153; x_wconf 87' lang='lat' dir='ltr'><strong>sed</strong></span> <span class='ocrx_word' id='word_1_667' title='bbox 3372 4099 3560 4171; x_wconf 87' lang='lat' dir='ltr'><strong>judico</strong></span> 
     </span>
    </p>
   </div>
   <div class='ocr_carea' id='block_1_85' title="bbox 1969 4178 3559 4261">
    <p class='ocr_par' dir='ltr' id='par_1_85' title="bbox 1969 4178 3559 4261">
     <span class='ocr_line' id='line_1_85' title="bbox 1969 4178 3559 4261; baseline 0.006 -26"><span class='ocrx_word' id='word_1_668' title='bbox 1969 4195 2093 4235; x_wconf 91' lang='lat' dir='ltr'><strong>eum</strong></span> <span class='ocrx_word' id='word_1_669' title='bbox 2121 4181 2177 4237; x_wconf 89' lang='lat' dir='ltr'><strong>in</strong></span> <span class='ocrx_word' id='word_1_670' title='bbox 2204 4184 2501 4240; x_wconf 87' lang='lat' dir='ltr'><strong>novissimo</strong></span> <span class='ocrx_word' id='word_1_671' title='bbox 2533 4185 2639 4241; x_wconf 92' lang='lat' dir='ltr'><strong>die.</strong></span> <span class='ocrx_word' id='word_1_672' title='bbox 2671 4178 2810 4240; x_wconf 87' lang='lat' dir='ltr'><strong>Cum</strong></span> <span class='ocrx_word' id='word_1_673' title='bbox 2835 4186 2983 4241; x_wconf 87' lang='lat' dir='ltr'><strong>enim</strong></span> <span class='ocrx_word' id='word_1_674' title='bbox 3005 4187 3256 4255; x_wconf 84' lang='lat' dir='ltr'><strong>dixisset,</strong></span> <span class='ocrx_word' id='word_1_675' title='bbox 3281 4187 3386 4255; x_wconf 88' lang='lat' dir='ltr'><strong>Qui</strong></span> <span class='ocrx_word' id='word_1_676' title='bbox 3414 4207 3559 4261; x_wconf 84' lang='lat' dir='ltr'><strong>sper-</strong></span> 
     </span>
    </p>
   </div>
   <div class='ocr_carea' id='block_1_86' title="bbox 1970 4270 3560 4352">
    <p class='ocr_par' dir='ltr' id='par_1_86' title="bbox 1970 4270 3560 4352">
     <span class='ocr_line' id='line_1_86' title="bbox 1970 4270 3560 4352; baseline 0.008 -28"><span class='ocrx_word' id='word_1_677' title='bbox 1970 4270 2046 4325; x_wconf 87' lang='lat' dir='ltr'><strong>nit</strong></span> <span class='ocrx_word' id='word_1_678' title='bbox 2081 4288 2182 4339; x_wconf 90' lang='lat' dir='ltr'><strong>me,</strong></span> <span class='ocrx_word' id='word_1_679' title='bbox 2228 4282 2278 4327; x_wconf 91' lang='lat' dir='ltr'><strong>et</strong></span> <span class='ocrx_word' id='word_1_680' title='bbox 2316 4291 2421 4329; x_wconf 87' lang='lat' dir='ltr'><strong>non</strong></span> <span class='ocrx_word' id='word_1_681' title='bbox 2451 4276 2639 4347; x_wconf 88' lang='lat' dir='ltr'><strong>accipit</strong></span> <span class='ocrx_word' id='word_1_682' title='bbox 2686 4275 2844 4331; x_wconf 87' lang='lat' dir='ltr'><strong>verba</strong></span> <span class='ocrx_word' id='word_1_683' title='bbox 2885 4293 3021 4344; x_wconf 86' lang='lat' dir='ltr'><strong>mea,</strong></span> <span class='ocrx_word' id='word_1_684' title='bbox 3044 4278 3198 4334; x_wconf 85' lang='lat' dir='ltr'><strong>habet</strong></span> <span class='ocrx_word' id='word_1_685' title='bbox 3224 4281 3314 4350; x_wconf 87' lang='lat' dir='ltr'><strong>qui</strong></span> <span class='ocrx_word' id='word_1_686' title='bbox 3353 4282 3560 4352; x_wconf 87' lang='lat' dir='ltr'><strong>judicet</strong></span> 
     </span>
    </p>
   </div>
   <div class='ocr_carea' id='block_1_87' title="bbox 1968 4356 3552 4438">
    <p class='ocr_par' dir='ltr' id='par_1_87' title="bbox 1968 4356 3552 4438">
     <span class='ocr_line' id='line_1_87' title="bbox 1968 4356 3552 4438; baseline 0.009 -23"><span class='ocrx_word' id='word_1_687' title='bbox 1968 4377 2109 4431; x_wconf 91' lang='lat' dir='ltr'><strong>eum,</strong></span> <span class='ocrx_word' id='word_1_688' title='bbox 2152 4367 2594 4436; x_wconf 83' lang='lat' dir='ltr'><strong>exspectantibus</strong></span> <span class='ocrx_word' id='word_1_689' title='bbox 2617 4368 2869 4438; x_wconf 90' lang='lat' dir='ltr'><strong>quisnam</strong></span> <span class='ocrx_word' id='word_1_690' title='bbox 2897 4356 2987 4425; x_wconf 88' lang='lat' dir='ltr'><strong>ille</strong></span> <span class='ocrx_word' id='word_1_691' title='bbox 3016 4379 3184 4437; x_wconf 87' lang='lat' dir='ltr'><strong>esset,</strong></span> <span class='ocrx_word' id='word_1_692' title='bbox 3212 4380 3409 4429; x_wconf 88' lang='lat' dir='ltr'><strong>cautus</strong></span> <span class='ocrx_word' id='word_1_693' title='bbox 3454 4374 3552 4430; x_wconf 90' lang='lat' dir='ltr'><strong>ad-</strong></span> 
     </span>
    </p>
   </div>
   <div class='ocr_carea' id='block_1_88' title="bbox 1962 4452 3558 4536">
    <p class='ocr_par' dir='ltr' id='par_1_88' title="bbox 1962 4452 3558 4536">
     <span class='ocr_line' id='line_1_88' title="bbox 1962 4452 3558 4536; baseline 0.008 -27"><span class='ocrx_word' id='word_1_694' title='bbox 1962 4452 2144 4525; x_wconf 81' lang='lat' dir='ltr'><strong>junxit</strong></span> <span class='ocrx_word' id='word_1_695' title='bbox 2175 4475 2187 4510; x_wconf 93' lang='lat'>:</span> <span class='ocrx_word' id='word_1_696' title='bbox 2225 4455 2408 4513; x_wconf 87' lang='lat' dir='ltr'><strong>Sermo</strong></span> <span class='ocrx_word' id='word_1_697' title='bbox 2433 4475 2588 4531; x_wconf 90' lang='lat' dir='ltr'><strong>quem</strong></span> <span class='ocrx_word' id='word_1_698' title='bbox 2630 4458 2836 4516; x_wconf 88' lang='lat' dir='ltr'><strong>locutus</strong></span> <span class='ocrx_word' id='word_1_699' title='bbox 2864 4477 3003 4529; x_wconf 90' lang='lat' dir='ltr'><strong>sum,</strong></span> <span class='ocrx_word' id='word_1_700' title='bbox 3031 4460 3120 4517; x_wconf 85' lang='lat' dir='ltr'><strong>ille</strong></span> <span class='ocrx_word' id='word_1_701' title='bbox 3137 4461 3400 4536; x_wconf 88' lang='lat' dir='ltr'><strong>judicabit</strong></span> <span class='ocrx_word' id='word_1_702' title='bbox 3439 4482 3558 4522; x_wconf 88' lang='lat' dir='ltr'><strong>eum</strong></span> 
     </span>
    </p>
   </div>
   <div class='ocr_carea' id='block_1_89' title="bbox 266 4546 3562 4630">
    <p class='ocr_par' dir='ltr' id='par_1_89' title="bbox 266 4546 3562 4630">
     <span class='ocr_line' id='line_1_89' title="bbox 266 4546 3562 4630; baseline 0.004 -26"><span class='ocrx_word' id='word_1_703' title='bbox 656 4555 917 4622; x_wconf 71' lang='lat' dir='ltr'><strong>Paulum,</strong></span> <span class='ocrx_word' id='word_1_704' title='bbox 944 4562 1023 4611; x_wconf 72' lang='lat' dir='ltr'><strong>set</strong></span> <span class='ocrx_word' id='word_1_705' title='bbox 1042 4563 1235 4613; x_wconf 81' lang='lat' dir='ltr'><strong>tamen</strong></span> <span class='ocrx_word' id='word_1_706' title='bbox 1268 4555 1590 4613; x_wconf 60' lang='lat' dir='ltr'><strong>nonumnia</strong></span> <span class='ocrx_word' id='word_1_707' title='bbox 1622 4555 1774 4611; x_wconf 86' lang='lat' dir='ltr'><strong>dedit</strong></span> <span class='ocrx_word' id='word_1_708' title='bbox 1806 4555 1945 4630; x_wconf 59' lang='lat' dir='ltr'><strong>in.“</strong></span> <span class='ocrx_word' id='word_1_709' title='bbox 1969 4546 2027 4601; x_wconf 81' lang='lat' dir='ltr'><strong>in</strong></span> <span class='ocrx_word' id='word_1_710' title='bbox 2056 4548 2337 4604; x_wconf 84' lang='lat' dir='ltr'><strong>novissimo</strong></span> <span class='ocrx_word' id='word_1_711' title='bbox 2362 4549 2467 4606; x_wconf 84' lang='lat' dir='ltr'><strong>die.</strong></span> <span class='ocrx_word' id='word_1_712' title='bbox 2502 4548 2751 4621; x_wconf 87' lang='lat' dir='ltr'><strong>Seipsum</strong></span> <span class='ocrx_word' id='word_1_713' title='bbox 2786 4553 2986 4624; x_wconf 85' lang='lat' dir='ltr'><strong>quippe</strong></span> <span class='ocrx_word' id='word_1_714' title='bbox 3003 4546 3225 4613; x_wconf 31' lang='lat' dir='ltr'><strong>(loeutus</strong></span> <span class='ocrx_word' id='word_1_715' title='bbox 3248 4566 3378 4625; x_wconf 89' lang='lat' dir='ltr'><strong>est,</strong></span> <span class='ocrx_word' id='word_1_716' title='bbox 3419 4560 3562 4630; x_wconf 84' lang='lat' dir='ltr'><strong>seip—</strong></span> 
     </span>
    </p>
   </div>
   <div class='ocr_carea' id='block_1_90' title="bbox 271 4644 1866 4718">
    <p class='ocr_par' dir='ltr' id='par_1_90' title="bbox 271 4644 1866 4718">
     <span class='ocr_line' id='line_1_90' title="bbox 271 4644 1866 4718; baseline -0.003 -12"><span class='ocrx_word' id='word_1_717' title='bbox 271 4646 613 4717; x_wconf 59' lang='lat' dir='ltr'><strong>mammjus.</strong></span> <span class='ocrx_word' id='word_1_718' title='bbox 644 4644 1008 4718; x_wconf 80' lang='lat' dir='ltr'><strong>Paterdiligit</strong></span> <span class='ocrx_word' id='word_1_719' title='bbox 1056 4644 1284 4713; x_wconf 80' lang='lat' dir='ltr'><strong>Filium,</strong></span> <span class='ocrx_word' id='word_1_720' title='bbox 1325 4646 1421 4703; x_wconf 85' lang='lat' dir='ltr'><strong>sed</strong></span> <span class='ocrx_word' id='word_1_721' title='bbox 1463 4647 1734 4717; x_wconf 77' lang='lat' dir='ltr'><strong>quomodo</strong></span> <span class='ocrx_word' id='word_1_722' title='bbox 1770 4661 1866 4717; x_wconf 73' lang='lat' dir='ltr'><strong>pa-</strong></span> 
     </span>
    </p>
   </div>
   <div class='ocr_carea' id='block_1_91' title="bbox 270 4725 1868 4809">
    <p class='ocr_par' dir='ltr' id='par_1_91' title="bbox 270 4725 1868 4809">
     <span class='ocr_line' id='line_1_91' title="bbox 270 4725 1868 4809; baseline -0.003 -9"><span class='ocrx_word' id='word_1_723' title='bbox 270 4749 364 4800; x_wconf 72' lang='lat' dir='ltr'><strong>ter</strong></span> <span class='ocrx_word' id='word_1_724' title='bbox 412 4740 619 4809; x_wconf 79' lang='lat' dir='ltr'><strong>tilium,</strong></span> <span class='ocrx_word' id='word_1_725' title='bbox 672 4754 781 4795; x_wconf 75' lang='lat' dir='ltr'><strong>non</strong></span> <span class='ocrx_word' id='word_1_726' title='bbox 827 4738 1099 4809; x_wconf 81' lang='lat' dir='ltr'><strong>quomodo</strong></span> <span class='ocrx_word' id='word_1_727' title='bbox 1148 4737 1401 4795; x_wconf 85' lang='lat' dir='ltr'><strong>dominus</strong></span> <span class='ocrx_word' id='word_1_728' title='bbox 1465 4725 1719 4805; x_wconf 80' lang='lat' dir='ltr'><strong>servum;</strong></span> <span class='ocrx_word' id='word_1_729' title='bbox 1770 4740 1868 4795; x_wconf 82' lang='lat' dir='ltr'><strong>sed</strong></span> 
     </span>
    </p>
   </div>
   <div class='ocr_carea' id='block_1_92' title="bbox 271 4830 1638 4906">
    <p class='ocr_par' dir='ltr' id='par_1_92' title="bbox 271 4830 1638 4906">
     <span class='ocr_line' id='line_1_92' title="bbox 271 4830 1638 4906; baseline -0.005 -14"><span class='ocrx_word' id='word_1_730' title='bbox 271 4834 547 4906; x_wconf 67' lang='lat' dir='ltr'><strong>tummodo</strong></span> <span class='ocrx_word' id='word_1_731' title='bbox 587 4832 828 4897; x_wconf 77' lang='lat' dir='ltr'><strong>uuictun,</strong></span> <span class='ocrx_word' id='word_1_732' title='bbox 860 4845 970 4886; x_wconf 86' lang='lat' dir='ltr'><strong>non</strong></span> <span class='ocrx_word' id='word_1_733' title='bbox 990 4832 1277 4900; x_wconf 77' lang='lat' dir='ltr'><strong>quomodo</strong></span> <span class='ocrx_word' id='word_1_734' title='bbox 1292 4830 1638 4901; x_wconf 76' lang='lat' dir='ltr'><strong>adoptatum.</strong></span> 
     </span>
    </p>
   </div>
   <div class='ocr_carea' id='block_1_93' title="bbox 350 4920 1869 4997">
    <p class='ocr_par' dir='ltr' id='par_1_93' title="bbox 350 4920 1869 4997">
     <span class='ocr_line' id='line_1_93' title="bbox 350 4920 1869 4997; baseline -0.003 -16"><span class='ocrx_word' id='word_1_735' title='bbox 350 4926 743 4997; x_wconf 60' lang='lat' dir='ltr'><strong>Itaquemnmia</strong></span> <span class='ocrx_word' id='word_1_736' title='bbox 758 4923 917 4980; x_wconf 81' lang='lat' dir='ltr'><strong>dedit</strong></span> <span class='ocrx_word' id='word_1_737' title='bbox 942 4924 1185 4978; x_wconf 73' lang='lat' dir='ltr'><strong>inmanis</strong></span> <span class='ocrx_word' id='word_1_738' title='bbox 1206 4922 1349 4993; x_wconf 77' lang='lat' dir='ltr'><strong>ejus.</strong></span> <span class='ocrx_word' id='word_1_739' title='bbox 1376 4920 1521 4990; x_wconf 79' lang='lat' dir='ltr'><strong>Quid</strong></span> <span class='ocrx_word' id='word_1_740' title='bbox 1538 4930 1622 4978; x_wconf 87' lang='lat' dir='ltr'><strong>est</strong></span> <span class='ocrx_word' id='word_1_741' title='bbox 1636 4922 1822 4977; x_wconf 80' lang='lat' dir='ltr'><strong>omnia</strong></span> <span class='ocrx_word' id='word_1_742' title='bbox 1844 4922 1869 4975; x_wconf 84' lang='lat'><strong>?</strong></span> 
     </span>
    </p>
   </div>
   <div class='ocr_carea' id='block_1_94' title="bbox 264 5010 1868 5084">
    <p class='ocr_par' dir='ltr' id='par_1_94' title="bbox 264 5010 1868 5084">
     <span class='ocr_line' id='line_1_94' title="bbox 264 5010 1868 5084; baseline -0.003 -9"><span class='ocrx_word' id='word_1_743' title='bbox 264 5016 356 5075; x_wconf 75' lang='lat' dir='ltr'><strong>Ut</strong></span> <span class='ocrx_word' id='word_1_744' title='bbox 382 5023 566 5072; x_wconf 81' lang='lat' dir='ltr'><strong>tantus</strong></span> <span class='ocrx_word' id='word_1_745' title='bbox 614 5015 685 5070; x_wconf 90' lang='lat' dir='ltr'><strong>sit</strong></span> <span class='ocrx_word' id='word_1_746' title='bbox 731 5013 930 5079; x_wconf 84' lang='lat' dir='ltr'><strong>Filius,</strong></span> <span class='ocrx_word' id='word_1_747' title='bbox 972 5020 1325 5084; x_wconf 81' lang='lat' dir='ltr'><strong>quantusest</strong></span> <span class='ocrx_word' id='word_1_748' title='bbox 1366 5010 1552 5069; x_wconf 77' lang='lat' dir='ltr'><strong>Pater.</strong></span> <span class='ocrx_word' id='word_1_749' title='bbox 1602 5011 1868 5071; x_wconf 83' lang='lat' dir='ltr'><strong>Dominus</strong></span> 
     </span>
    </p>
   </div>
   <div class='ocr_carea' id='block_1_95' title="bbox 270 5094 1870 5174">
    <p class='ocr_par' dir='ltr' id='par_1_95' title="bbox 270 5094 1870 5174">
     <span class='ocr_line' id='line_1_95' title="bbox 270 5094 1870 5174; baseline -0.003 -10"><span class='ocrx_word' id='word_1_750' title='bbox 270 5106 451 5173; x_wconf 84' lang='lat' dir='ltr'><strong>enim,</strong></span> <span class='ocrx_word' id='word_1_751' title='bbox 473 5105 636 5164; x_wconf 87' lang='lat' dir='ltr'><strong>Pater</strong></span> <span class='ocrx_word' id='word_1_752' title='bbox 661 5112 717 5161; x_wconf 91' lang='lat' dir='ltr'><strong>et</strong></span> <span class='ocrx_word' id='word_1_753' title='bbox 753 5104 946 5171; x_wconf 69' lang='lat' dir='ltr'><strong>Filium,</strong></span> <span class='ocrx_word' id='word_1_754' title='bbox 982 5112 1040 5161; x_wconf 88' lang='lat' dir='ltr'><strong>et</strong></span> <span class='ocrx_word' id='word_1_755' title='bbox 1083 5102 1324 5174; x_wconf 80' lang='lat' dir='ltr'><strong>Spiritus</strong></span> <span class='ocrx_word' id='word_1_756' title='bbox 1346 5094 1598 5170; x_wconf 70' lang='lat' dir='ltr'><strong>sanctus,</strong></span> <span class='ocrx_word' id='word_1_757' title='bbox 1630 5118 1772 5161; x_wconf 84' lang='lat' dir='ltr'><strong>unus</strong></span> <span class='ocrx_word' id='word_1_758' title='bbox 1812 5112 1870 5161; x_wconf 89' lang='lat' dir='ltr'><strong>et</strong></span> 
     </span>
    </p>
   </div>
   <div class='ocr_carea' id='block_1_96' title="bbox 274 5194 1869 5270">
    <p class='ocr_par' dir='ltr' id='par_1_96' title="bbox 274 5194 1869 5270">
     <span class='ocr_line' id='line_1_96' title="bbox 274 5194 1869 5270; baseline -0.003 -13"><span class='ocrx_word' id='word_1_759' title='bbox 274 5199 624 5270; x_wconf 78' lang='lat' dir='ltr'><strong>omnipotens</strong></span> <span class='ocrx_word' id='word_1_760' title='bbox 650 5205 737 5255; x_wconf 88' lang='lat' dir='ltr'><strong>est</strong></span> <span class='ocrx_word' id='word_1_761' title='bbox 778 5196 947 5263; x_wconf 79' lang='lat' dir='ltr'><strong>Deus,</strong></span> <span class='ocrx_word' id='word_1_762' title='bbox 975 5195 1132 5268; x_wconf 64' lang='lat' dir='ltr'><strong>citius</strong></span> <span class='ocrx_word' id='word_1_763' title='bbox 1154 5202 1258 5253; x_wconf 56' lang='lat' dir='ltr'><strong>[est</strong></span> <span class='ocrx_word' id='word_1_764' title='bbox 1300 5210 1409 5253; x_wconf 85' lang='lat' dir='ltr'><strong>una</strong></span> <span class='ocrx_word' id='word_1_765' title='bbox 1437 5194 1708 5261; x_wconf 81' lang='lat' dir='ltr'><strong>voluntas,</strong></span> <span class='ocrx_word' id='word_1_766' title='bbox 1759 5210 1869 5253; x_wconf 80' lang='lat' dir='ltr'><strong>una</strong></span> 
     </span>
    </p>
   </div>
   <div class='ocr_carea' id='block_1_97' title="bbox 272 5287 1866 5365">
    <p class='ocr_par' dir='ltr' id='par_1_97' title="bbox 272 5287 1866 5365">
     <span class='ocr_line' id='line_1_97' title="bbox 272 5287 1866 5365; baseline 0.001 -22"><span class='ocrx_word' id='word_1_767' title='bbox 272 5296 540 5363; x_wconf 71' lang='lat' dir='ltr'><strong>potestas,</strong></span> <span class='ocrx_word' id='word_1_768' title='bbox 569 5287 768 5359; x_wconf 77' lang='lat' dir='ltr'><strong>quiin</strong></span> <span class='ocrx_word' id='word_1_769' title='bbox 804 5287 983 5344; x_wconf 83' lang='lat' dir='ltr'><strong>tribus</strong></span> <span class='ocrx_word' id='word_1_770' title='bbox 1004 5293 1189 5347; x_wconf 69' lang='lat' dir='ltr'><strong>exstat</strong></span> <span class='ocrx_word' id='word_1_771' title='bbox 1207 5287 1461 5365; x_wconf 70' lang='lat' dir='ltr'><strong>personis</strong></span> <span class='ocrx_word' id='word_1_772' title='bbox 1509 5293 1565 5342; x_wconf 90' lang='lat' dir='ltr'><strong>et</strong></span> <span class='ocrx_word' id='word_1_773' title='bbox 1598 5301 1706 5345; x_wconf 85' lang='lat' dir='ltr'><strong>una</strong></span> <span class='ocrx_word' id='word_1_774' title='bbox 1734 5287 1866 5344; x_wconf 86' lang='lat' dir='ltr'><strong>sub-</strong></span> 
     </span>
    </p>
   </div>
   <div class='ocr_carea' id='block_1_98' title="bbox 261 5375 1870 5449">
    <p class='ocr_par' dir='ltr' id='par_1_98' title="bbox 261 5375 1870 5449">
     <span class='ocr_line' id='line_1_98' title="bbox 261 5375 1870 5449; baseline 0.003 -18"><span class='ocrx_word' id='word_1_775' title='bbox 261 5378 489 5439; x_wconf 64' lang='lat' dir='ltr'><strong>stantia</strong></span> <span class='ocrx_word' id='word_1_776' title='bbox 522 5377 711 5434; x_wconf 74' lang='lat' dir='ltr'><strong>vivens</strong></span> <span class='ocrx_word' id='word_1_777' title='bbox 744 5385 805 5432; x_wconf 76' lang='lat' dir='ltr'><strong>et</strong></span> <span class='ocrx_word' id='word_1_778' title='bbox 824 5390 1066 5449; x_wconf 70' lang='lat' dir='ltr'><strong>regnans</strong></span> <span class='ocrx_word' id='word_1_779' title='bbox 1082 5391 1215 5449; x_wconf 75' lang='lat' dir='ltr'><strong>.per.</strong></span> <span class='ocrx_word' id='word_1_780' title='bbox 1238 5376 1421 5435; x_wconf 87' lang='lat' dir='ltr'><strong>omnia</strong></span> <span class='ocrx_word' id='word_1_781' title='bbox 1460 5375 1870 5435; x_wconf 66' lang='lat' dir='ltr'><strong>saeculum-</strong></span> 
     </span>
    </p>
   </div>
   <div class='ocr_carea' id='block_1_99' title="bbox 788 5544 1362 5618">
    <p class='ocr_par' dir='ltr' id='par_1_99' title="bbox 788 5544 1362 5618">
     <span class='ocr_line' id='line_1_99' title="bbox 788 5544 1362 5618; baseline -0.007 0"><span class='ocrx_word' id='word_1_782' title='bbox 788 5544 1081 5618; x_wconf 73' lang='lat' dir='ltr'><strong>uoutua</strong></span> <span class='ocrx_word' id='word_1_783' title='bbox 1120 5544 1362 5617; x_wconf 79' lang='lat' dir='ltr'><strong>xxx&#39;m.</strong></span> 
     </span>
    </p>
   </div>
   <div class='ocr_carea' id='block_1_100' title="bbox 943 5666 1215 5711">
    <p class='ocr_par' dir='ltr' id='par_1_100' title="bbox 943 5666 1215 5711">
     <span class='ocr_line' id='line_1_100' title="bbox 943 5666 1215 5711; baseline -0.007 -1"><span class='ocrx_word' id='word_1_784' title='bbox 943 5666 1106 5711; x_wconf 62' lang='lat' dir='ltr'><strong>FER“</strong></span> <span class='ocrx_word' id='word_1_785' title='bbox 1135 5667 1215 5711; x_wconf 63' lang='grc' dir='ltr'><strong>Νι.</strong></span> 
     </span>
    </p>
   </div>
   <div class='ocr_carea' id='block_1_101' title="bbox 390 5740 1749 5817">
    <p class='ocr_par' dir='ltr' id='par_1_101' title="bbox 390 5740 1749 5817">
     <span class='ocr_line' id='line_1_101' title="bbox 390 5740 1749 5817; baseline -0.003 -12"><span class='ocrx_word' id='word_1_786' title='bbox 390 5740 791 5809; x_wconf 66' lang='lat' dir='ltr'><strong>laetiossncti</strong></span> <span class='ocrx_word' id='word_1_787' title='bbox 825 5743 1108 5817; x_wconf 73' lang='lat' dir='ltr'><strong>Evangelii</strong></span> <span class='ocrx_word' id='word_1_788' title='bbox 1142 5746 1439 5803; x_wconf 87' lang='lat' dir='ltr'><strong>secundum</strong></span> <span class='ocrx_word' id='word_1_789' title='bbox 1467 5744 1749 5803; x_wconf 80' lang='lat' dir='ltr'><strong>Joannem.</strong></span> 
     </span>
    </p>
   </div>
   <div class='ocr_carea' id='block_1_102' title="bbox 360 5829 1870 5911">
    <p class='ocr_par' dir='ltr' id='par_1_102' title="bbox 360 5829 1870 5911">
     <span class='ocr_line' id='line_1_102' title="bbox 360 5829 1870 5911; baseline 0 -16"><span class='ocrx_word' id='word_1_790' title='bbox 360 5829 439 5895; x_wconf 78' lang='lat' dir='ltr'><strong>la</strong></span> <span class='ocrx_word' id='word_1_791' title='bbox 458 5833 555 5896; x_wconf 85' lang='lat' dir='ltr'><strong>illo</strong></span> <span class='ocrx_word' id='word_1_792' title='bbox 592 5844 848 5910; x_wconf 67' lang='lat' dir='ltr'><strong>more,</strong></span> <span class='ocrx_word' id='word_1_793' title='bbox 876 5836 1011 5892; x_wconf 71' lang='lat' dir='ltr'><strong>dixit</strong></span> <span class='ocrx_word' id='word_1_794' title='bbox 1057 5835 1215 5893; x_wconf 68' lang='lat' dir='ltr'><strong>Iesus</strong></span> <span class='ocrx_word' id='word_1_795' title='bbox 1256 5838 1527 5894; x_wconf 77' lang='lat' dir='ltr'><strong>discipulis</strong></span> <span class='ocrx_word' id='word_1_796' title='bbox 1558 5840 1667 5893; x_wconf 88' lang='lat' dir='ltr'><strong>suis</strong></span> <span class='ocrx_word' id='word_1_797' title='bbox 1698 5857 1716 5895; x_wconf 90' lang='lat'><em>:</em></span> <span class='ocrx_word' id='word_1_798' title='bbox 1757 5838 1870 5911; x_wconf 84' lang='lat' dir='ltr'><strong>Ego</strong></span> 
     </span>
    </p>
   </div>
   <div class='ocr_carea' id='block_1_103' title="bbox 1893 4607 1946 4671">
    <p class='ocr_par' dir='ltr' id='par_1_103' title="bbox 1893 4607 1946 4671">
     <span class='ocr_line' id='line_1_103' title="bbox 1893 4607 1946 4671; baseline 0 -3"><span class='ocrx_word' id='word_1_799' title='bbox 1893 4607 1946 4671; x_wconf 88' lang='lat' dir='ltr'><strong>D</strong></span> 
     </span>
    </p>
   </div>
   <div class='ocr_carea' id='block_1_104' title="bbox 1969 4639 3649 4726">
    <p class='ocr_par' dir='ltr' id='par_1_104' title="bbox 1969 4639 3649 4726">
     <span class='ocr_line' id='line_1_104' title="bbox 1969 4639 3649 4726; baseline 0.008 -31"><span class='ocrx_word' id='word_1_800' title='bbox 1969 4653 2089 4695; x_wconf 90' lang='lat' dir='ltr'><strong>sum</strong></span> <span class='ocrx_word' id='word_1_801' title='bbox 2119 4639 2477 4708; x_wconf 88' lang='lat' dir='ltr'><strong>auuuntiavit,</strong></span> <span class='ocrx_word' id='word_1_802' title='bbox 2519 4642 2758 4713; x_wconf 89' lang='lat' dir='ltr'><strong>seipsum</strong></span> <span class='ocrx_word' id='word_1_803' title='bbox 2795 4640 3020 4713; x_wconf 89' lang='lat' dir='ltr'><strong>januam</strong></span> <span class='ocrx_word' id='word_1_804' title='bbox 3061 4648 3266 4718; x_wconf 84' lang='lat' dir='ltr'><strong>posuit,</strong></span> <span class='ocrx_word' id='word_1_805' title='bbox 3307 4663 3416 4721; x_wconf 89' lang='lat' dir='ltr'><strong>qua</strong></span> <span class='ocrx_word' id='word_1_806' title='bbox 3444 4652 3561 4722; x_wconf 88' lang='lat' dir='ltr'><strong>ipse</strong></span> <span class='ocrx_word' id='word_1_807' title='bbox 3640 4720 3649 4726; x_wconf 33' lang='grc'><em>,</em></span> 
     </span>
    </p>
   </div>
   <div class='ocr_carea' id='block_1_105' title="bbox 1968 4730 3562 4809">
    <p class='ocr_par' dir='ltr' id='par_1_105' title="bbox 1968 4730 3562 4809">
     <span class='ocr_line' id='line_1_105' title="bbox 1968 4730 3562 4809; baseline 0.009 -24"><span class='ocrx_word' id='word_1_808' title='bbox 1968 4731 2037 4786; x_wconf 86' lang='lat' dir='ltr'><strong>ad</strong></span> <span class='ocrx_word' id='word_1_809' title='bbox 2062 4745 2191 4787; x_wconf 90' lang='lat' dir='ltr'><strong>oves</strong></span> <span class='ocrx_word' id='word_1_810' title='bbox 2218 4741 2407 4802; x_wconf 89' lang='lat' dir='ltr'><strong>pastor</strong></span> <span class='ocrx_word' id='word_1_811' title='bbox 2448 4734 2699 4789; x_wconf 88' lang='lat' dir='ltr'><strong>intraret.</strong></span> <span class='ocrx_word' id='word_1_812' title='bbox 2744 4730 2918 4792; x_wconf 81' lang='lat' dir='ltr'><strong>Aliter</strong></span> <span class='ocrx_word' id='word_1_813' title='bbox 2955 4737 3140 4808; x_wconf 87' lang='lat' dir='ltr'><strong>itaque</strong></span> <span class='ocrx_word' id='word_1_814' title='bbox 3171 4737 3562 4809; x_wconf 85' lang='lat' dir='ltr'><strong>judicabuntur</strong></span> 
     </span>
    </p>
   </div>
   <div class='ocr_carea' id='block_1_106' title="bbox 1967 4823 3559 4905">
    <p class='ocr_par' dir='ltr' id='par_1_106' title="bbox 1967 4823 3559 4905">
     <span class='ocr_line' id='line_1_106' title="bbox 1967 4823 3559 4905; baseline 0.008 -28"><span class='ocrx_word' id='word_1_815' title='bbox 1967 4823 2061 4894; x_wconf 91' lang='lat' dir='ltr'><strong>qui</strong></span> <span class='ocrx_word' id='word_1_816' title='bbox 2087 4839 2197 4880; x_wconf 93' lang='lat' dir='ltr'><strong>non</strong></span> <span class='ocrx_word' id='word_1_817' title='bbox 2226 4825 2538 4892; x_wconf 88' lang='lat' dir='ltr'><strong>audierunt,</strong></span> <span class='ocrx_word' id='word_1_818' title='bbox 2570 4835 2626 4882; x_wconf 89' lang='lat' dir='ltr'><strong>et</strong></span> <span class='ocrx_word' id='word_1_819' title='bbox 2652 4828 2747 4898; x_wconf 90' lang='lat' dir='ltr'><strong>qui</strong></span> <span class='ocrx_word' id='word_1_820' title='bbox 2784 4828 3075 4885; x_wconf 90' lang='lat' dir='ltr'><strong>audierunt</strong></span> <span class='ocrx_word' id='word_1_821' title='bbox 3119 4840 3176 4887; x_wconf 89' lang='lat' dir='ltr'><strong>et</strong></span> <span class='ocrx_word' id='word_1_822' title='bbox 3218 4840 3559 4905; x_wconf 87' lang='lat' dir='ltr'><strong>contempse-</strong></span> 
     </span>
    </p>
   </div>
   <div class='ocr_carea' id='block_1_107' title="bbox 1967 4912 3554 4997">
    <p class='ocr_par' dir='ltr' id='par_1_107' title="bbox 1967 4912 3554 4997">
     <span class='ocr_line' id='line_1_107' title="bbox 1967 4912 3554 4997; baseline 0.009 -29"><span class='ocrx_word' id='word_1_823' title='bbox 1967 4923 2116 4969; x_wconf 88' lang='lat' dir='ltr'><strong>runt.</strong></span> <span class='ocrx_word' id='word_1_824' title='bbox 2148 4912 2254 4982; x_wconf 86' lang='lat' dir='ltr'><strong>Qui</strong></span> <span class='ocrx_word' id='word_1_825' title='bbox 2298 4917 2443 4971; x_wconf 88' lang='lat' dir='ltr'><strong>enim</strong></span> <span class='ocrx_word' id='word_1_826' title='bbox 2466 4918 2578 4973; x_wconf 89' lang='lat' dir='ltr'><strong>sine</strong></span> <span class='ocrx_word' id='word_1_827' title='bbox 2601 4918 2713 4991; x_wconf 86' lang='lat' dir='ltr'><strong>lege</strong></span> <span class='ocrx_word' id='word_1_828' title='bbox 2733 4932 3099 4991; x_wconf 82' lang='lat' dir='ltr'><strong>peccaverunt,</strong></span> <span class='ocrx_word' id='word_1_829' title='bbox 3129 4923 3210 4978; x_wconf 81' lang='lat' dir='ltr'><strong>ait</strong></span> <span class='ocrx_word' id='word_1_830' title='bbox 3221 4922 3554 4997; x_wconf 69' lang='lat' dir='ltr'><strong>Apostolus,</strong></span> 
     </span>
    </p>
   </div>
   <div class='ocr_carea' id='block_1_108' title="bbox 1966 5006 3559 5091">
    <p class='ocr_par' dir='ltr' id='par_1_108' title="bbox 1966 5006 3559 5091">
     <span class='ocr_line' id='line_1_108' title="bbox 1966 5006 3559 5091; baseline 0.009 -30"><span class='ocrx_word' id='word_1_831' title='bbox 1966 5006 2079 5061; x_wconf 87' lang='lat' dir='ltr'><strong>sine</strong></span> <span class='ocrx_word' id='word_1_832' title='bbox 2095 5006 2205 5078; x_wconf 84' lang='lat' dir='ltr'><strong>lege</strong></span> <span class='ocrx_word' id='word_1_833' title='bbox 2224 5008 2500 5078; x_wconf 83' lang='lat' dir='ltr'><strong>peribunt;</strong></span> <span class='ocrx_word' id='word_1_834' title='bbox 2519 5018 2569 5065; x_wconf 90' lang='lat' dir='ltr'><strong>et</strong></span> <span class='ocrx_word' id='word_1_835' title='bbox 2588 5011 2681 5085; x_wconf 90' lang='lat' dir='ltr'><strong>qui</strong></span> <span class='ocrx_word' id='word_1_836' title='bbox 2701 5011 2760 5068; x_wconf 91' lang='lat' dir='ltr'><strong>in</strong></span> <span class='ocrx_word' id='word_1_837' title='bbox 2777 5010 2889 5085; x_wconf 82' lang='lat' dir='ltr'><strong>lege</strong></span> <span class='ocrx_word' id='word_1_838' title='bbox 2901 5024 3264 5087; x_wconf 84' lang='lat' dir='ltr'><strong>peccaverunt,</strong></span> <span class='ocrx_word' id='word_1_839' title='bbox 3272 5032 3372 5087; x_wconf 78' lang='lat' dir='ltr'><strong>per</strong></span> <span class='ocrx_word' id='word_1_840' title='bbox 3394 5016 3559 5091; x_wconf 81' lang='lat' dir='ltr'><strong>legem</strong></span> 
     </span>
    </p>
   </div>
   <div class='ocr_carea' id='block_1_109' title="bbox 1959 5096 2372 5168">
    <p class='ocr_par' dir='ltr' id='par_1_109' title="bbox 1959 5096 2372 5168">
     <span class='ocr_line' id='line_1_109' title="bbox 1959 5096 2372 5168; baseline 0.005 -17"><span class='ocrx_word' id='word_1_841' title='bbox 1959 5096 2372 5168; x_wconf 78' lang='lat' dir='ltr'><strong>judicabantur.</strong></span> 
     </span>
    </p>
   </div>
   <div class='ocr_carea' id='block_1_110' title="bbox 2045 5188 3559 5265">
    <p class='ocr_par' dir='ltr' id='par_1_110' title="bbox 2045 5188 3559 5265">
     <span class='ocr_line' id='line_1_110' title="bbox 2045 5188 3559 5265; baseline 0.014 -21"><span class='ocrx_word' id='word_1_842' title='bbox 2045 5188 2185 5257; x_wconf 89' lang='lat' dir='ltr'><strong>Quia</strong></span> <span class='ocrx_word' id='word_1_843' title='bbox 2213 5208 2326 5262; x_wconf 89' lang='lat' dir='ltr'><strong>ego,</strong></span> <span class='ocrx_word' id='word_1_844' title='bbox 2368 5190 2575 5263; x_wconf 70' lang='lat' dir='ltr'><strong>inquit,</strong></span> <span class='ocrx_word' id='word_1_845' title='bbox 2611 5206 2678 5251; x_wconf 74' lang='lat' dir='ltr'><strong>ea:</strong></span> <span class='ocrx_word' id='word_1_846' title='bbox 2698 5202 2782 5251; x_wconf 83' lang='lat' dir='ltr'><strong>me</strong></span> <span class='ocrx_word' id='word_1_847' title='bbox 2801 5202 2909 5253; x_wconf 73' lang='lat' dir='ltr'><strong>non</strong></span> <span class='ocrx_word' id='word_1_848' title='bbox 2928 5210 3049 5253; x_wconf 84' lang='lat' dir='ltr'><strong>sum</strong></span> <span class='ocrx_word' id='word_1_849' title='bbox 3082 5196 3308 5258; x_wconf 85' lang='lat' dir='ltr'><strong>locutus.</strong></span> <span class='ocrx_word' id='word_1_850' title='bbox 3330 5196 3478 5262; x_wconf 72' lang='lat' dir='ltr'><strong>idem</strong></span> <span class='ocrx_word' id='word_1_851' title='bbox 3498 5222 3559 5265; x_wconf 83' lang='lat' dir='ltr'><strong>se</strong></span> 
     </span>
    </p>
   </div>
   <div class='ocr_carea' id='block_1_111' title="bbox 1971 5284 3560 5368">
    <p class='ocr_par' dir='ltr' id='par_1_111' title="bbox 1971 5284 3560 5368">
     <span class='ocr_line' id='line_1_111' title="bbox 1971 5284 3560 5368; baseline 0.009 -28"><span class='ocrx_word' id='word_1_852' title='bbox 1971 5284 2103 5341; x_wconf 87' lang='lat' dir='ltr'><strong>dicit</strong></span> <span class='ocrx_word' id='word_1_853' title='bbox 2149 5301 2255 5342; x_wconf 86' lang='lat' dir='ltr'><strong>non</strong></span> <span class='ocrx_word' id='word_1_854' title='bbox 2302 5286 2543 5344; x_wconf 88' lang='lat' dir='ltr'><strong>locutum</strong></span> <span class='ocrx_word' id='word_1_855' title='bbox 2574 5302 2646 5346; x_wconf 74' lang='lat' dir='ltr'><strong>ex</strong></span> <span class='ocrx_word' id='word_1_856' title='bbox 2691 5289 2889 5360; x_wconf 82' lang='lat' dir='ltr'><strong>seipso.</strong></span> <span class='ocrx_word' id='word_1_857' title='bbox 2935 5287 3057 5347; x_wconf 86' lang='lat' dir='ltr'><strong>Jam</strong></span> <span class='ocrx_word' id='word_1_858' title='bbox 3094 5291 3201 5352; x_wconf 88' lang='lat' dir='ltr'><strong>hoc</strong></span> <span class='ocrx_word' id='word_1_859' title='bbox 3238 5310 3381 5368; x_wconf 79' lang='lat' dir='ltr'><strong>saepe</strong></span> <span class='ocrx_word' id='word_1_860' title='bbox 3421 5298 3560 5355; x_wconf 81' lang='lat' dir='ltr'><strong>dixi-</strong></span> 
     </span>
    </p>
   </div>
   <div class='ocr_carea' id='block_1_112' title="bbox 1970 5375 3561 5455">
    <p class='ocr_par' dir='ltr' id='par_1_112' title="bbox 1970 5375 3561 5455">
     <span class='ocr_line' id='line_1_112' title="bbox 1970 5375 3561 5455; baseline 0.01 -25"><span class='ocrx_word' id='word_1_861' title='bbox 1970 5390 2094 5432; x_wconf 89' lang='lat' dir='ltr'><strong>mus</strong></span> <span class='ocrx_word' id='word_1_862' title='bbox 2121 5377 2265 5447; x_wconf 91' lang='lat' dir='ltr'><strong>quod</strong></span> <span class='ocrx_word' id='word_1_863' title='bbox 2294 5375 2463 5435; x_wconf 88' lang='lat' dir='ltr'><strong>Filius</strong></span> <span class='ocrx_word' id='word_1_864' title='bbox 2489 5393 2522 5434; x_wconf 89' lang='lat' dir='ltr'><strong>a</strong></span> <span class='ocrx_word' id='word_1_865' title='bbox 2546 5392 2608 5435; x_wconf 85' lang='lat' dir='ltr'><strong>se</strong></span> <span class='ocrx_word' id='word_1_866' title='bbox 2629 5394 2740 5436; x_wconf 89' lang='lat' dir='ltr'><strong>non</strong></span> <span class='ocrx_word' id='word_1_867' title='bbox 2771 5386 2876 5449; x_wconf 72' lang='lat' dir='ltr'><strong>est,</strong></span> <span class='ocrx_word' id='word_1_868' title='bbox 2904 5381 3003 5439; x_wconf 82' lang='lat' dir='ltr'><strong>sed</strong></span> <span class='ocrx_word' id='word_1_869' title='bbox 3028 5397 3063 5439; x_wconf 90' lang='lat' dir='ltr'><strong>a</strong></span> <span class='ocrx_word' id='word_1_870' title='bbox 3087 5381 3279 5455; x_wconf 79' lang='lat' dir='ltr'><strong>Patre;</strong></span> <span class='ocrx_word' id='word_1_871' title='bbox 3313 5387 3440 5445; x_wconf 82' lang='lat' dir='ltr'><strong>ideo</strong></span> <span class='ocrx_word' id='word_1_872' title='bbox 3465 5390 3561 5445; x_wconf 86' lang='lat' dir='ltr'><strong>ad-</strong></span> 
     </span>
    </p>
   </div>
   <div class='ocr_carea' id='block_1_113' title="bbox 1970 5468 3207 5540">
    <p class='ocr_par' dir='ltr' id='par_1_113' title="bbox 1970 5468 3207 5540">
     <span class='ocr_line' id='line_1_113' title="bbox 1970 5468 3207 5540; baseline 0.002 -14"><span class='ocrx_word' id='word_1_873' title='bbox 1970 5468 2154 5540; x_wconf 72' lang='lat' dir='ltr'><strong>iunxit</strong></span> <span class='ocrx_word' id='word_1_874' title='bbox 2180 5490 2195 5525; x_wconf 85' lang='lat'><strong>:</strong></span> <span class='ocrx_word' id='word_1_875' title='bbox 3200 5492 3207 5497; x_wconf 80' lang='lat'><strong>&#39;</strong></span> 
     </span>
    </p>
   </div>
   <div class='ocr_carea' id='block_1_114' title="bbox 2049 5562 3563 5637">
    <p class='ocr_par' dir='ltr' id='par_1_114' title="bbox 2049 5562 3563 5637">
     <span class='ocr_line' id='line_1_114' title="bbox 2049 5562 3563 5637; baseline 0.006 -18"><span class='ocrx_word' id='word_1_876' title='bbox 2049 5563 2156 5619; x_wconf 87' lang='lat' dir='ltr'><strong>Sed</strong></span> <span class='ocrx_word' id='word_1_877' title='bbox 2180 5564 2272 5635; x_wconf 90' lang='lat' dir='ltr'><strong>qui</strong></span> <span class='ocrx_word' id='word_1_878' title='bbox 2298 5564 2442 5618; x_wconf 86' lang='lat' dir='ltr'><strong>misit</strong></span> <span class='ocrx_word' id='word_1_879' title='bbox 2467 5580 2550 5619; x_wconf 88' lang='lat' dir='ltr'><strong>me</strong></span> <span class='ocrx_word' id='word_1_880' title='bbox 2579 5562 2765 5632; x_wconf 89' lang='lat' dir='ltr'><strong>Pater,</strong></span> <span class='ocrx_word' id='word_1_881' title='bbox 2795 5564 2907 5637; x_wconf 85' lang='lat' dir='ltr'><strong>ipse</strong></span> <span class='ocrx_word' id='word_1_882' title='bbox 2931 5568 3061 5623; x_wconf 74' lang='lat' dir='ltr'><strong>mihi</strong></span> <span class='ocrx_word' id='word_1_883' title='bbox 3079 5563 3393 5626; x_wconf 82' lang='lat' dir='ltr'><strong>mandatum</strong></span> <span class='ocrx_word' id='word_1_884' title='bbox 3417 5571 3563 5628; x_wconf 85' lang='lat' dir='ltr'><strong>dedit</strong></span> 
     </span>
    </p>
   </div>
   <div class='ocr_carea' id='block_1_115' title="bbox 1975 5653 3560 5734">
    <p class='ocr_par' dir='ltr' id='par_1_115' title="bbox 1975 5653 3560 5734">
     <span class='ocr_line' id='line_1_115' title="bbox 1975 5653 3560 5734; baseline 0.004 -23"><span class='ocrx_word' id='word_1_885' title='bbox 1975 5655 2103 5726; x_wconf 88' lang='lat' dir='ltr'><strong>quid</strong></span> <span class='ocrx_word' id='word_1_886' title='bbox 2131 5654 2306 5710; x_wconf 87' lang='lat' dir='ltr'><strong>dicam</strong></span> <span class='ocrx_word' id='word_1_887' title='bbox 2332 5663 2380 5711; x_wconf 89' lang='lat' dir='ltr'><strong>et</strong></span> <span class='ocrx_word' id='word_1_888' title='bbox 2403 5654 2529 5727; x_wconf 88' lang='lat' dir='ltr'><strong>quid</strong></span> <span class='ocrx_word' id='word_1_889' title='bbox 2550 5653 2757 5727; x_wconf 85' lang='lat' dir='ltr'><strong>loquar.</strong></span> <span class='ocrx_word' id='word_1_890' title='bbox 2782 5654 2901 5713; x_wconf 86' lang='lat' dir='ltr'><strong>Non</strong></span> <span class='ocrx_word' id='word_1_891' title='bbox 2926 5658 3073 5717; x_wconf 86' lang='lat' dir='ltr'><strong>enim</strong></span> <span class='ocrx_word' id='word_1_892' title='bbox 3097 5658 3342 5717; x_wconf 80' lang='lat' dir='ltr'><strong>iocorum</strong></span> <span class='ocrx_word' id='word_1_893' title='bbox 3360 5662 3560 5734; x_wconf 82' lang='lat' dir='ltr'><strong>spatio,</strong></span> 
     </span>
    </p>
   </div>
   <div class='ocr_carea' id='block_1_116' title="bbox 1979 5744 3563 5817">
    <p class='ocr_par' dir='ltr' id='par_1_116' title="bbox 1979 5744 3563 5817">
     <span class='ocr_line' id='line_1_116' title="bbox 1979 5744 3563 5817; baseline 0.006 -16"><span class='ocrx_word' id='word_1_894' title='bbox 1979 5760 2087 5801; x_wconf 92' lang='lat' dir='ltr'><strong>non</strong></span> <span class='ocrx_word' id='word_1_895' title='bbox 2116 5744 2445 5817; x_wconf 87' lang='lat' dir='ltr'><strong>syllabarum</strong></span> <span class='ocrx_word' id='word_1_896' title='bbox 2471 5744 2845 5817; x_wconf 78' lang='lat' dir='ltr'><strong>expressione,</strong></span> <span class='ocrx_word' id='word_1_897' title='bbox 2869 5763 2980 5806; x_wconf 91' lang='lat' dir='ltr'><strong>non</strong></span> <span class='ocrx_word' id='word_1_898' title='bbox 3011 5750 3187 5808; x_wconf 85' lang='lat' dir='ltr'><strong>vocali</strong></span> <span class='ocrx_word' id='word_1_899' title='bbox 3227 5765 3362 5808; x_wconf 81' lang='lat' dir='ltr'><strong>sono</strong></span> <span class='ocrx_word' id='word_1_900' title='bbox 3396 5750 3563 5811; x_wconf 77' lang='lat' dir='ltr'><strong>Pater</strong></span> 
     </span>
    </p>
   </div>
   <div class='ocr_carea' id='block_1_117' title="bbox 1978 5830 3554 5912">
    <p class='ocr_par' dir='ltr' id='par_1_117' title="bbox 1978 5830 3554 5912">
     <span class='ocr_line' id='line_1_117' title="bbox 1978 5830 3554 5912; baseline 0.003 -19"><span class='ocrx_word' id='word_1_901' title='bbox 1978 5837 2116 5895; x_wconf 89' lang='lat' dir='ltr'><strong>Filio</strong></span> <span class='ocrx_word' id='word_1_902' title='bbox 2155 5837 2413 5912; x_wconf 88' lang='lat' dir='ltr'><strong>loquitur,</strong></span> <span class='ocrx_word' id='word_1_903' title='bbox 2454 5842 2518 5892; x_wconf 86' lang='lat' dir='ltr'><strong>ut</strong></span> <span class='ocrx_word' id='word_1_904' title='bbox 2552 5830 2728 5896; x_wconf 84' lang='lat' dir='ltr'><strong>Filius</strong></span> <span class='ocrx_word' id='word_1_905' title='bbox 2764 5839 3082 5897; x_wconf 81' lang='lat' dir='ltr'><strong>mandatum</strong></span> <span class='ocrx_word' id='word_1_906' title='bbox 3126 5841 3307 5899; x_wconf 77' lang='lat' dir='ltr'><strong>Patris</strong></span> <span class='ocrx_word' id='word_1_907' title='bbox 3349 5840 3554 5907; x_wconf 85' lang='lat' dir='ltr'><strong>audiat,</strong></span> 
     </span>
    </p>
   </div>
  </div>
