3974 6364
563 340 664 404 ξωῖ

1213 341 1274 395 Β.
1316 333 1568 395 ΒΑΒΑΝΙ
1608 334 1825 412 MAURl
1863 331 2535 414 ΑιιΟΗΙΕΡεΜΟςυΝΤ,
2579 329 2862 402 OPERUM
2899 322 3186 385 PARS-ll:

3691 337 3773 400 ιιι

558 455 698 510 sicut
727 451 868 510 illius
894 453 1132 510 hominis
1157 455 1227 513 ab
1254 453 1472 508 homine
1501 450 1688 507 audire
1714 450 1852 508 solet
1875 450 2004 526 quid
2045 449 2222 536 pa-
2248 456 2328 502 tra
2356 447 2496 517 quod
2521 446 2794 518 quidquid.
2825 445 2950 500 boni
2975 444 3204 518 agimus,
3234 446 3340 501 hoc
3358 497 3362 518 ᾇ
3383 462 3414 501 a
3449 447 3556 513 Deo
3580 449 3773 528 domum

559 555 643 598 ter
679 545 898 599 mandet
923 544 1030 610 illi;
1065 543 1157 599 sed
1184 544 1374 598 unicus
1400 543 1569 599 Filius
1594 551 1678 598 est
1703 541 1940 597 Verbum
1966 541 2145 596 Patris

556 645 611 690 et
641 636 903 704 sapientia
920 635 1116 699 Patris,
1144 635 1199 689 in
1226 633 1316 690 illo
1336 643 1464 692 sunt
1482 635 1664 690 omnia
1683 633 1934 690 mandata
1947 631 2142 698 Patris,

556 743 734 799 neque
779 727 928 782 enim
969 727 1281 781 mandatum
1308 725 1488 782 Patris
1528 725 1819 797 aliquando
1856 724 2027 780 Filius
2054 738 2147 779 ne—

556 819 742 886 scivit,
797 828 858 874 ut
905 834 1029 875 eum
1089 834 1313 876 necesse
1359 830 1507 876 esset
1539 835 1608 874 ex
1657 828 1898 891 tempore
1945 819 2146 876 habere

556 909 705 980 quod
747 910 954 980 accepit
996 919 1054 964 ut
1098 911 1369 967 nascendo
1411 911 1704 980 acciperet,
1732 911 2051 987 dederiqtque
2070 909 2145 966 illi

557 1001 829 1075 gignendo
857 1001 1019 1057 Pater
1051 1003 1194 1073 quod
1223 1017 1330 1059 non
1368 1002 1618 1068 haberet,
1661 1003 1757 1058 sed
1796 1017 1921 1059 eum
1961 1001 2146 1074 genuit

559 1093 728 1149 vitam
764 1094 1076 1162 habentem,
1107 1097 1248 1152 sicut
1272 1096 1521 1167 superius
1547 1096 1622 1152 ait
1651 1115 1664 1150 :
1692 1094 1839 1152 Sicut
1862 1093 2026 1152 Pater
2049 1097 2146 1151 Ita-

557 1191 640 1246 bet
665 1192 845 1260 vitam,
866 1191 941 1245 sic
963 1191 1104 1246 dedit
1133 1202 1182 1246 et
1205 1190 1348 1246 Filio
1376 1193 1529 1246 vitam
1553 1193 1741 1248 habere
1770 1194 1825 1248 in
1847 1195 2140 1265 semetipso,

557 1284 610 1338 id
640 1294 744 1350 est,
773 1285 958 1355 genuit
989 1283 1185 1339 Filium
1213 1285 1380 1340 vitam
1402 1284 1687 1341 habentem
1723 1286 1779 1341 in
1819 1286 2142 1357 semetipso,

557 1377 636 1431 sic
667 1377 800 1432 dicit
827 1377 938 1443 hic,
971 1374 1117 1432 Sicut
1144 1378 1473 1445 ,‘mandatum
1508 1379 1650 1434 dedit
1690 1379 1821 1433 mihi
1862 1379 2062 1445 Pater;
2091 1388 2148 1436 et

556 1466 683 1535 quia
733 1474 936 1520 mterna
963 1475 1047 1522 est
1094 1467 1209 1537 ipsa
1243 1468 1521 1535 nativitas,
1573 1485 1849 1540 nunquam
1890 1485 1998 1525 non
2045 1470 2147 1525 fuit

555 1556 743 1621 Filius,
775 1557 868 1626 qui
896 1565 981 1612 est
1002 1558 1143 1624 vita;
1175 1568 1232 1613 et
1275 1559 1415 1614 sicut
1443 1567 1527 1615 est
1558 1560 1670 1614 vita
1699 1568 1920 1623 aeterna,
1972 1561 2047 1615 ita
2088 1571 2145 1615 et

555 1648 872 1702 mandatum
899 1665 914 1703 :
945 1664 1052 1703 non
1071 1650 1212 1719 quod
1235 1649 1402 1706 Filius
1422 1667 1528 1706 non
1552 1651 1750 1707 habeat
1793 1651 1949 1706 Pater
1969 1650 2140 1717 dedit,

549 1739 642 1792 sed
667 1739 806 1795 sicut
832 1739 964 1806 dixi,
995 1741 1048 1795 in
1078 1741 1342 1811 sapientia
1371 1742 1572 1809 Patris,
1595 1743 1741 1812 quod
1779 1751 1864 1798 est
1906 1743 2141 1800 Verbum

2247 541 2607 616 percepimus.
2652 540 2793 596 inde
2831 540 3033 596 etenim
3069 539 3306 598 Patrem.
3340 541 3597 597 luminum
3631 549 3774 620 appel-

2233 619 2342 706 klat,
2382 636 2510 706 quia
2551 644 2830 693 auctorem
2872 634 3025 692 novit
3055 634 3380 706 spiritalium
3405 619 3772 712 charismatum,

2244 713 2335 786 cui
2363 737 2624 786 consonat
2653 728 2784 786 illud
2825 727 3070 800 Apostoli
3101 745 3114 783 :
3157 727 3300 796 Quid
3339 730 3475 783 enim
3502 730 3643 792 [tabes
3666 739 3774 806 quod

2248 837 2353 875 non
2385 819 2633 891 accepisti
2649 819 2676 888 2
2795 879 2798 882 ,
3059 873 3061 876 ι
3316 866 3356 892 ,_
3525 877 3528 882 _
3547 885 3552 889 η

2232 891 2472 988 λᾼριιά
2523 928 2678 988 quem
2717 927 2824 988 non
2865 920 2941 966 est
2989 913 3387 977 transmutatio,
3419 928 3527 970 nec
3566 914 3774 970 uicissitu-

2246 983 2383 1079 dinis
2414 985 2757 1062 obumbratio.
2786 986 2930 1074 Quia“
2946 1001 3002 1057 in
3022 1001 3118 1058 Dei
3146 1011 3342 1058 natura
3363 1001 3674 1070 mutabilitas
3697 1022 3773 1076 non

2239 1104 2350 1166 est,
2377 1109 2554 1166 neque
2579 1094 2761 1170 lumen
2787 1093 2904 1167 ejus
2928 1094 3069 1150 sicut
3097 1093 3292 1170 lumen
3322 1094 3482 1165 hujus
3508 1097 3672 1154 mundi
3705 1098 3775 1160 ali-

2246 1202 2354 1260 qua
2395 1186 2787 1244 vicissitudinis
2830 1187 3024 1260 umbra
3054 1186 3375 1250 intercidit.
3399 1187 3586 1259 Liquet
3609 1190 3772 1260 utique,

2243 1280 2372 1358 quia
2405 1278 2518 1352 sola
2544 1278 2700 1335 nobis
2727 1279 2868 1335 dona
2908 1278 3063 1347 lucis,
3109 1286 3166 1334 et
3211 1293 3326 1335 non
3368 1278 3529 1333 etiam
3574 1281 3775 1344 tenebras

2245 1370 2412 1426 mittit
2440 1384 2711 1427 errorum.

2324 1459 2632 1516 Voluntarie
2659 1461 2798 1515 enim
2831 1463 3008 1532 genuit
3034 1477 3128 1516 nos
3153 1462 3311 1516 uerbo
3343 1462 3591 1518 veritatis.
3627 1462 3684 1517 Et
3703 1463 3775 1518 Do-

2244 1555 2424 1612 minus
2464 1556 2518 1612 in
2561 1555 2896 1628 Evangelio:
2938 1556 3064 1613 Non
3101 1575 3188 1613 vos
3215 1574 3299 1613 me
3343 1558 3580 1628 elegistis,
3611 1559 3774 1628 inquit,

2243 1646 2332 1700 sed
2367 1661 2460 1716 ego
2487 1645 2616 1716 elegi
2646 1663 2753 1700 vos.
2789 1646 2857 1701 Et
2881 1645 2937 1701 in
2961 1643 3099 1703 Osee
3124 1648 3390 1718 propheta
3424 1667 3435 1701 :
3472 1647 3680 1719 Diligam
3711 1667 3773 1706 tot

2242 1746 2543 1808 spontanee.
2572 1736 2708 1804 Quia
2734 1754 2866 1810 ergo
2887 1739 3102 1795 dixerat
3126 1759 3138 1794 :
3170 1740 3341 1796 Omne
3369 1741 3547 1795 datum
3573 1744 3772 1813 optimum

550 1825 744 1894 Patris,
769 1830 953 1885 omnia
985 1831 1240 1888 mandata
1267 1841 1392 1887 sunt
1438 1833 1632 1889 Patris.
1662 1833 1920 1905 Sequitur
1943 1836 2090 1892 enim
2121 1852 2136 1891 :
2169 1846 2216 1907 Β
2242 1837 2290 1881 ει
2315 1844 2465 1882 omne
2489 1827 2686 1883 donum
2711 1829 2996 1900 perfectum
3043 1848 3077 1885 a
3119 1830 3231 1886 Deo
3259 1831 3590 1896 descendere)
3632 1847 3775 1886 conse-

620 1921 690 1975 Et
711 1922 820 1978 scio
838 1924 962 1994 quia
979 1923 1287 1978 mandatum
1308 1925 1423 1994 ejus
1445 1927 1549 1980 vita
1577 1937 1774 1981 (eterna
1797 1938 1892 1982 est.
1926 1927 1985 1983 Si
2008 1944 2138 2000 ergo

549 2013 659 2068 vita
687 2025 890 2070 aeterna
917 2025 1003 2072 est
1030 2016 1144 2084 ipse
1181 2016 1373 2084 Filius,
1404 2027 1460 2074 et
1486 2018 1596 2074 vita
1646 2027 1848 2075 interna
1869 2029 1957 2076 est
1983 2037 2139 2076 man-

547 2107 732 2162 datum
760 2108 956 2176 Patris,
987 2110 1116 2180 quid
1141 2112 1287 2166 aliud
1313 2112 1516 2167 dictum
1546 2120 1631 2168 est
1655 2127 1840 2182 quam,
1880 2113 1994 2185 Ego
2016 2130 2139 2170 sum

548 2201 861 2254 mandatum
912 2200 1123 2258 Patris?
1155 2203 1386 2259 Proinde
1428 2213 1484 2259 et
1514 2205 1565 2259 id
1608 2206 1753 2275 quod
1800 2205 2046 2277 adjungit
2082 2215 2138 2262 et

545 2290 676 2344 dicit
708 2307 722 2344 :
757 2289 889 2356 Qua:
915 2308 1008 2362 ego
1049 2292 1235 2363 loquor
1255 2296 1390 2348 sicut
1418 2283 1556 2348 mihi
1586 2295 1720 2348 dixit
1747 2295 1931 2362 Pater,
1960 2298 2036 2350 sic
2057 2295 2138 2351 lo-

543 2398 694 2452 quor,
729 2397 836 2436 non
871 2383 1222 2451 accipiamus,
1252 2384 1384 2438 dixit
1416 2386 1564 2449 mihi,
1595 2387 1749 2454 quasi
1778 2388 1948 2441 verbo
1985 2387 2133 2444 locu-

543 2457 630 2534 tus
654 2473 724 2527 sit
753 2473 914 2529 unico
937 2474 1134 2540 Verbo,
1165 2485 1258 2530 aut
1282 2486 1469 2547 egeret
1493 2477 1588 2532 Dei
1619 2479 1797 2533 verbis
1825 2479 1968 2535 Deus
1999 2478 2134 2537 Ver-

541 2565 692 2619 bum.
726 2565 872 2620 Dixit
900 2581 1029 2637 ergo
1052 2565 1215 2620 Pater
1235 2566 1392 2632 Filio,
1425 2566 1570 2621 Sicut
1597 2569 1739 2622 dedit
1767 2567 1910 2622 Filio
1944 2571 2130 2636 vitam,

542 2651 649 2708 non
678 2656 820 2726 quod
853 2657 1129 2712 nesciebat
1154 2657 1239 2711 vel
1276 2673 1381 2712 non
1411 2659 1660 2724 habebat,
1689 2660 1782 2715 sed
1811 2660 1927 2730 ipse
1963 2659 2136 2716 Filius

541 2755 680 2800 erat.
708 2745 845 2815 Quid
871 2755 958 2802 est
983 2756 1187 2812 autem,
1217 2747 1366 2802 Sicut
1384 2747 1518 2802 dixit
1543 2749 1672 2803 mihi
1697 2749 1772 2804 sic
1799 2749 2002 2820 loquor,
2027 2751 2134 2806 nisi

539 2838 769 2892 verbum
798 2838 1024 2907 loquor?
1065 2839 1141 2896 ita
1174 2838 1264 2894 ille
1293 2838 1430 2894 dixit
1457 2839 1559 2894 ista
1590 2848 1648 2893 ιιι
1672 2855 1858 2906 verax,
1893 2841 1996 2895 iste
2042 2841 2124 2896 lo-

540 2931 727 3000 quitur
761 2940 821 2984 ut
859 2929 1101 2996 veritas;
1152 2947 1313 2986 verax
1361 2940 1541 2986 autem
1590 2931 1774 3001 genuit
1824 2918 2128 2988 veritatem.

539 3019 678 3087 Quid
711 3035 843 3090 ergo
861 3017 980 3092 jam
1007 3020 1213 3076 diceret
1228 3020 1479 3091 veritati?
1503 3017 1620 3074 Non
1645 3020 1791 3075 enim
1814 3020 2133 3091 imperfecta

537 3119 657 3166 erat
705 3111 906 3166 veritas
955 3111 1048 3168 cui
1086 3112 1312 3167 verbum
1354 3111 1573 3181 aliquod
1620 3112 1946 3179 adderetur;
1995 3112 2136 3168 dixit

2243 1930 2471 1988 quenter
2499 1922 2698 1976 astruit
2745 1922 2991 1978 addendo
3041 1923 3168 1994 quia
3215 1940 3328 1980 non
3377 1925 3572 1982 nostris
3614 1925 3774 1981 meritis

2243 2011 2336 2066 sed
2372 2027 2483 2066 sua:
2503 2012 2770 2068 beneﬁcio
2790 2013 3084 2070 voluntatis
3104 2030 3202 2085 per
3225 2030 3426 2086 aquam
3469 2017 3774 2088 regeneratio-

2240 2101 2326 2157 nis
2353 2103 2420 2158 de
2441 2102 2565 2159 [iliis
2591 2105 2938 2160 tenebrarum
2961 2121 3061 2161 nos
3089 2106 3142 2162 in
3176 2107 3319 2165 tllios
3344 2109 3480 2166 lucis
3517 2111 3771 2167 mutaverit.

2314 2191 2381 2247 Ut
2411 2193 2576 2248 simus
2611 2195 2818 2249 initium
2865 2195 3079 2268 aliquod
3111 2209 3373 2255 creatura:
3399 2201 3531 2272 ejus.
3567 2203 3639 2258 Ne
3662 2203 3706 2257 in
3728 2218 3774 2257 eo

2240 2283 2382 2354 quod
2413 2283 2489 2338 ait
2513 2285 2715 2354 genuit,
2743 2285 2848 2340 hoc
2880 2300 2979 2341 nos
3006 2286 3125 2342 lteri
3167 2298 3492 2359 putaremus
3526 2293 3654 2361 quod
3690 2292 3773 2360 ipse

2239 2384 2344 2441 est,
2379 2375 2501 2432 ideo
2529 2377 2892 2448 principatum
2922 2379 3210 2448 quemdam
3241 2365 3511 2454 creaturae
3533 2381 3670 2437 nobis
3699 2381 3774 2436 hac

2239 2466 2526 2537 adoptione
2556 2483 2873 2524 concessum
2901 2471 3159 2524 ostendit.
3201 2468 3316 2527 Hos
3357 2472 3553 2526 etenim
3576 2470 3771 2525 versicu-

2240 2555 2322 2613 los
2353 2559 2574 2628 quidam
2607 2561 2680 2614 ita
2711 2559 3022 2615 transtulit:
3053 2559 3226 2616 uolens
3253 2563 3433 2632 genuit
3462 2578 3551 2616 nos
3572 2561 3699 2614 uerbo
3715 2575 3772 2613 rt-

2212 2652 2214 2654 ’
2240 2649 2412 2703 ritatis
2437 2659 2494 2702 ut
2534 2650 2699 2705 simus
2730 2650 2974 2720 primitiis
3003 2659 3371 2706 creaturarum
3392 2651 3524 2722 ejus,
3555 2651 3602 2706 id
3625 2657 3708 2712 est,
3731 2656 3771 2701 ut

2239 2742 2448 2797 caeteris
2472 2757 2609 2814 quas
2631 2744 2903 2798 cernimus
2924 2743 3190 2800 creaturis
3213 2744 3386 2800 simus
3416 2743 3663 2798 meliores.
3686 2740 3769 2793 Pri-

2239 2821 2419 2885 mitias
2442 2846 2674 2902 namque
2701 2830 2914 2904 frugum
2934 2841 2989 2889 et
3015 2832 3378 2888 animantium
3409 2831 3687 2889 consecrari
3710 2829 3771 2884 lc:

2237 2921 2500 2992 praecipit,
2524 2922 2790 2993 primitias
2827 2922 2946 2978 auri
2971 2929 3027 2980 et
3052 2924 3265 2994 argenti
3305 2923 3375 2979 ad
3412 2937 3542 2993 opus
3565 2920 3767 2975 taberna-

2238 3011 2346 3070 culi
2369 3013 2531 3084 jussit
2570 3013 2825 3079 conferri,
2854 3013 2907 3068 id
2936 3024 3042 3080 est,
3070 3015 3278 3086 optima
3303 3028 3526 3086 quaeque
3547 3012 3595 3065 in
3621 3005 3769 3063 metal-

2239 3105 2338 3173 lis;
2390 3109 2551 3163 etde
2603 3108 2820 3178 antiquo
2872 3107 2964 3163 Dei
3016 3107 3213 3180 populo
3261 3097 3400 3164 dixit
3444 3105 3680 3179 propheta
3707 3098 3769 3153 Je-

536 3218 667 3272 crgo
706 3203 921 3257 veritati
955 3203 1083 3272 quia
1126 3205 1410 3260 veritatem
1447 3205 1650 3277 genuit.
1681 3203 1852 3260 Porro
1880 3207 1996 3275 ipsa
2028 3204 2132 3261 Ve-
2159 3203 2206 3265 C
2238 3199 2438 3256 rentias
2469 3219 2480 3253 :
2510 3197 2733 3254 Sanctus
2754 3197 3433 3270 IsraelDontino,primitia
3454 3198 3647 3268 frugum
3666 3191 3766 3261 ejus.

538 3295 672 3348 ritas
716 3294 796 3349 sic
825 3293 1064 3364 loquitur
1091 3305 1152 3350 ut
1171 3296 1223 3350 ei
1250 3295 1454 3352 dictum
1483 3305 1599 3364 est,
1645 3297 1742 3353 sed
1786 3297 2132 3369 intelligenti-

539 3385 640 3437 lnts
684 3398 822 3453 quos
875 3384 1035 3440 docet
1077 3393 1138 3439 ut
1180 3394 1309 3440 nata
1357 3395 1470 3452 est;
1518 3397 1578 3440 ut
1624 3396 1806 3441 autem
1848 3388 2133 3444 crederent

536 3473 785 3527 homines
809 3474 955 3542 quod
981 3474 1282 3546 intelligere
1312 3478 1548 3532 nondum
1574 3477 1774 3543 valent,
1802 3493 1869 3533 ex
1891 3495 1988 3534 ore
2012 3495 2131 3534 car-

537 3564 620 3618 nis
655 3564 820 3619 verba
851 3575 1170 3632 sonuerunt,
1219 3575 1274 3623 et
1299 3567 1548 3623 abierunt
1589 3569 1974 3625 transvolantis
2010 3571 2129 3626 soni

537 3655 776 3724 peractis
805 3655 1030 3711 morulis
1075 3665 1376 3728 temporum
1423 3674 1663 3714 suorum.
1718 3659 1826 3716 Sed
1875 3676 1962 3716 res
1999 3661 2130 3731 ipsa:

535 3759 767 3813 quarum
794 3745 947 3817 signa
975 3754 1100 3801 sunt
1131 3747 1281 3813 soni,
1319 3757 1504 3803 tracta:
1533 3751 1930 3819 quodammodo
1953 3752 2006 3806 in
2033 3767 2127 3808 eo-

539 3853 658 3890 rum
690 3839 1009 3893 memoriam
1041 3839 1132 3910 qui
1161 3841 1470 3908 audierunt,
1501 3844 1666 3898 etiam
1693 3844 1758 3900 ad
1798 3862 1896 3901 nos
1920 3863 2018 3917 per
2041 3847 2128 3901 lit-

539 3937 707 3994 teras,
737 3945 856 4000 qua:
882 3930 1114 3986 visibilia
1145 3932 1295 4003 signa
1319 3943 1463 3998 sunt,
1493 3947 1875 4004 pervenerunt.
1908 3937 2024 3994 Non
2049 3940 2126 4012 sic

536 4018 775 4089 loquitur
812 4019 1020 4076 Velitas
1064 4022 1487 4094 intelligentibus
1519 4026 1826 4093 utentibus,
1862 4029 2004 4082 intus
2042 4027 2125 4084 lo-

536 4112 744 4179 quitur,
791 4113 907 4167 sine
949 4128 1080 4168 sono
1117 4114 1356 4181 instruit,
1397 4115 1718 4188 intelligibili
1747 4133 1877 4173 voce
1905 4119 2123 4189 profun-

534 4207 632 4260 dit.
683 4207 784 4273 Qui
833 4221 964 4276 ergo
1002 4217 1180 4277 potest
1231 4208 1285 4262 in
1328 4224 1392 4262 ea
1433 4209 1613 4263 videre
1665 4211 1962 4267 nativitatis
2005 4211 2123 4281 ejus

538 4297 924 4361 aeternitatem,
943 4297 1058 4366 ipse
1085 4297 1228 4352 illam
1258 4299 1335 4352 sic
1359 4298 1504 4353 audit
1530 4301 1856 4369 loquentem.
1891 4301 2045 4356 Sicut
2069 4303 2120 4357 ei

535 4385 848 4440 dixitPatcr
867 4387 995 4455 quid
1019 4387 1346 4457 loqueretur,
1373 4392 1629 4444 excitavit
1647 4408 1744 4445 nos
1770 4393 1835 4446 ad
1865 4408 2118 4464 magnum

531 4477 864 4532 desiderium
895 4479 1171 4534 interioris
1192 4480 1490 4537 dulcedinis
1516 4499 1644 4537 suae.
1688 4483 1792 4538 Sed
1821 4486 2116 4540 crescendo

2311 3288 2500 3357 Scitis,
2551 3290 2757 3359 fratres
2789 3291 2892 3344 mei
2933 3289 3126 3345 dilecti.
3176 3288 3565 3352 Notissimum,
3616 3280 3766 3351 inquit,

2238 3379 2392 3434 vobis
2412 3387 2515 3444 est,
2543 3381 2688 3449 quod
2717 3397 2748 3434 a
2781 3379 2934 3436 vobis
2963 3379 3095 3450 ipsis
3132 3379 3404 3436 habuistis
3431 3378 3495 3433 ad
3529 3374 3647 3430 vitia
3670 3369 3766 3432 labi,

2238 3488 2269 3526 a
2301 3471 2530 3528 Domino
2571 3481 2750 3528 autem
2780 3487 2879 3528 vos
2911 3471 3198 3539 illustrari,
3240 3488 3352 3528 non
3390 3479 3561 3526 vestra
3586 3461 3768 3537 promis-

2237 3565 2409 3630 sione,
2440 3565 2533 3620 sed
2557 3547 2983 3636 supernagratia
3004 3577 3101 3618 vos
3120 3562 3489 3634 praeveniente
3507 3551 3716 3624 contigit.

2308 3654 2388 3711 Sit
2417 3667 2592 3710 autem
2621 3657 2785 3709 omnis
2807 3655 2959 3708 homo
2982 3653 3128 3708 velox
3156 3653 3226 3706 ad
3251 3651 3590 3714 audiendum,
3625 3643 3764 3700 tardus

2235 3749 2303 3803 ad
2344 3747 2680 3818 loquendum,
2719 3756 2767 3800 et
2814 3745 2998 3800 tardus
3047 3743 3116 3800 ad
3145 3743 3304 3800 iram;
3343 3744 3478 3800 Hinc
3515 3737 3764 3796 auditorem

2235 3837 2531 3894 moralibus
2560 3837 2780 3893 instruit
2819 3837 3131 3908 praeceptis,
3159 3846 3215 3894 et
3242 3846 3393 3895 recte
3430 3834 3596 3906 primo
3622 3828 3773 3911 admoj

2232 3940 2327 3986 net
2341 3945 2525 3984 aurem
2550 3929 2990 4000 quemque-citius
3012 3928 3427 3985 accommodare
3449 3921 3764 3985 docentitﬁero

2234 4033 2413 4076 autem
2458 4037 2520 4076 os
2561 4022 2628 4076 ad
2674 4019 2973 4075 docendum
3001 4021 3215 4090 aperire
3260 4014 3445 4090 :,quia'
3476 4014 3674 4072 stultum
3702 4011 3763 4060 est

2232 4111 2524 4182 quemlibet
2547 4127 2668 4181 quae
2699 4110 2814 4180 ipse
2846 4126 2951 4164 non
2984 4110 3248 4166 didicerat
3292 4111 3416 4166 aliis
3447 4107 3574 4164 velle
3607 4097 3760 4172 ιπωάἱ·

2230 4217 2375 4258 care.
2404 4201 2506 4269 Qui
2533 4217 2659 4271 ergo
2687 4201 3010 4270 sapientiam
3033 4202 3224 4272 diligit,
3249 4204 3427 4272 primo
3453 4209 3508 4254 ιιι
3538 4208 3676 4265 supra
3694 4187 3761 4243 atl-

2229 4295 2462 4360 monuit,
2505 4295 2646 4350 hanc
2665 4311 2696 4348 a
2726 4295 2836 4349 Deo
2857 4295 3113 4365 postulet,
3146 4296 3343 4352 dehinc
3378 4296 3669 4365 magistrum
3695 4285 3762 4338 Itu-

2230 4386 2372 4440 utilis
2406 4386 2649 4442 veritatis
2696 4386 2910 4442 auditor
2955 4387 3226 4457 inquirat,
3267 4399 3322 4442 et
3369 4389 3507 4443 inter
3542 4377 3758 4452 agendum

2227 4492 2382 4534 suam
2407 4476 2720 4532 cautissime
2759 4475 2994 4548 linguam
3034 4493 3140 4532 non
3168 4478 3342 4533 solum
3382 4479 3448 4533 ab
3477 4471 3760 4530 otiosisscr-

534 4568 833 4637 capiamus,
864 4569 1190 4626 ambulando
1221 4586 1553 4639 crescamus,
1574 4574 1907 4644 proﬁciendo
1935 4580 2123 4633 ambu-
2147 4553 2202 4614 D
2227 4569 2478 4624 monibus
2500 4577 2772 4636 coerceat,
2800 4585 2988 4624 verum
3013 4579 3068 4625 et
3089 4570 3202 4640 ipse
3229 4587 3392 4641 quam
3412 4578 3466 4625 et
3485 4577 3641 4636 nuper
3661 4553 3762 4610 didi-

540 4657 734 4724 lemus,
767 4669 827 4713 ut
857 4661 1140 4729 pervenire
1183 4664 1453 4732 possimus
1480 4679 1578 4733 per
1603 4665 1838 4734 seipsunt
1885 4668 1949 4721 ad
1985 4669 2126 4740 seip-

531 4765 672 4815 sum,
724 4751 902 4821 seipso
933 4753 1162 4808 ducente
1190 4769 1288 4809 nos
1311 4763 1366 4810 et
1390 4757 1736 4826 promittente
1787 4759 1961 4815 nobis.
2011 4760 2122 4833 Ego

487 4849 494 4854 '
530 4857 646 4894 sunt
674 4843 782 4908 via,
814 4854 862 4896 et
895 4845 1106 4908 veritas,
1141 4855 1188 4898 et
1217 4846 1352 4900 vita:
1383 4849 1467 4901 via
1491 4850 1877 4917 qurct'etttibus,
1917 4853 2122 4907 veritas

495 4953 500 4956 ·
532 4934 951 5000 invenientibus,
977 4936 1086 4988 vita
1112 4939 1572 5005 permanentibus.
1597 4941 1711 5011 ipse
1733 4944 1876 4997 enim
1907 4945 2040 4999 vivit
2065 4954 2120 5001 et

463 5062 485 5098 ι
537 5033 727 5093 regnat
757 5023 898 5081 Deus
923 5042 1020 5095 per
1046 5028 1225 5081 omnia
1253 5030 1445 5083 saecula
1475 5033 1811 5089 smculorum.
1849 5037 2041 5093 Amen.

1051 5139 1334 5195 HOMILIA
1373 5141 1614 5198 XXXIV.

784 5225 1036 5265 DOIINICA
1080 5228 1134 5264 111
1176 5228 1303 5265 1³081⁵
1340 5227 1588 5268 OCTAVA“
1625 5232 1854 5272 PASCHIE.

780 5297 970 5353 Lectio
1007 5299 1256 5366 Epistolas
1291 5300 1351 5355 Β.
1384 5301 1570 5358 Jacobi
1598 5307 1846 5375 apostoli.

599 5389 930 5455 Charissimi,
973 5407 1121 5442 omne
1154 5391 1617 5463 datumjoptimum
1649 5405 1696 5448 et
1739 5413 1889 5452 omne
1918 5398 2114 5454 donum

525 5469 849 5552 perfectum,
889 5481 1165 5537 desursum
1203 5493 1277 5538 est
1327 5483 1640 5540 descendens
1687 5504 1718 5541 a
1761 5487 1920 5543 Patre
1961 5488 2115 5544 lumi-

529 5590 675 5638 num,
723 5583 830 5628 etc.

603 5664 890 5733 Postquam
936 5665 1118 5719 docuit
1163 5667 1288 5721 vitia
1337 5669 1534 5738 quibus
1599 5679 1869 5724 tentamur
1920 5689 2027 5726 non
2077 5691 2106 5728 a

531 5759 642 5812 Deo
671 5757 844 5818 nobis.
879 5761 972 5814 sed
1009 5777 1038 5814 ει
1071 5763 1225 5817 nobis
1265 5763 1395 5832 ipsis
1434 5765 1632 5828 inesse,
1671 5769 1903 5821 ostendit.
1927 5786 1956 5822 c
1978 5786 2105 5826 con-

2227 4660 2301 4716 cit
2327 4662 2609 4715 veritatem
2633 4661 3028 4733 praadicandam
3059 4663 3359 4719 contineat.
3387 4660 3519 4716 liinc
3547 4651 3755 4741 Salomon

2226 4753 2292 4807 de
2317 4751 2572 4806 distantia
2599 4763 2899 4823 temporum
2925 4753 3258 4809 scriltensait
3287 4773 3299 4808 :
3330 4754 3545 4823 Tempus
3569 4734 3756 4833 tacendi.

2222 4852 2270 4897 et
2318 4853 2519 4913 tempus
2583 4844 2848 4915 loquendi.
2918 4844 3055 4900 Hinc
3104 4845 3490 4918 Pythagorici,
3537 4824 3757 4926 naturalis

2223 4934 2465 4990 scientiae
2491 4936 2802 5006 magisterio
2825 4937 3058 5005 prcediti,
3084 4937 3360 4992 auditores
3379 4948 3502 4992 suos
3527 4942 3616 5000 per
3634 4932 3755 4990 (1υ¹¹¹·

2223 5027 2518 5098 quennium
2539 5027 2730 5096 jubent
2755 5035 2913 5084 silere
2943 5038 2997 5084 et
3027 5032 3105 5086 sic
3131 5030 3346 5086 demum
3371 5023 3646 5100 praedicare
3665 5021 3753 5081 ρετ·

2219 5121 2461 5175 mittunt.
2511 5121 2579 5174 Et
2613 5121 2797 5176 tardus
2824 5122 2893 5176 ad
2924 5123 3079 5177 iram.
3109 5123 3244 5191 Quia
3279 5119 3554 5177 maturitas
3580 5105 3752 5176 sapien-

2217 5209 2308 5264 tia:
2354 5225 2462 5265 non
2499 5210 2604 5266 nisi
2635 5211 2926 5282 tranquilla
2961 5221 3143 5267 mente
3179 5214 3500 5284 percipitur;
3535 5199 3750 5284 scriplllm

2215 5311 2300 5358 est
2348 5304 2526 5369 enim,
2573 5303 2698 5372 quia
2742 5303 2837 5358 Ira
2884 5304 2938 5358 in
2975 5305 3095 5359 sinu
3141 5282 3289 5380 stulti
3333 5282 3613 5376 requiescit.
3658 5282 3748 5338 N00

2221 5393 2295 5448 ita
2329 5393 2674 5450 velocitatem
2699 5395 2793 5449 ira:
2819 5404 2965 5450 vetat
2992 5405 3051 5450 ιιι
3076 5396 3236 5466 hujus
3265 5397 3566 5452 tarditatem
3592 5387 3746 5451 aPPm‘

2218 5488 2332 5555 bet,
2362 5489 2458 5545 sed
2487 5489 2591 5544 hoc
2616 5489 2799 5560 potius
2826 5489 3100 5556 admonet,
3131 5499 3190 5544 ut
3213 5498 3268 5546 et
3293 5489 3408 5559 ejus
3432 5488 3555 5540 hora
3575 5477 3748 5548 perm"

2218 5580 2452 5637 bationis
2472 5596 2536 5636 ac
2565 5581 2740 5635 litium
2785 5598 2854 5636 ne
2885 5582 3041 5636 nobis
3069 5583 3149 5636 ira
3176 5582 3438 5652 subripiat
3461 5572 3718 5659 caveamus.
3732 5569 3742 5612 ε

2217 5682 2309 5727 aut
2335 5675 2378 5727 si
2410 5673 2549 5728 forte
2588 5674 2943 5743 surripuerit,
2985 5675 3129 5729 intra
3159 5674 3270 5730 oris
3301 5650 3447 5743 septa
3480 5650 3740 5756 eius???

2214 5768 2434 5823 beamus
2461 5769 2738 5838 impetum,
2768 5777 2822 5822 et
2848 5775 3039 5824 exacta
3070 5768 3202 5824 hora
3230 5759 3544 5824 discriminis
3561 5751 3744 5810 liberi"5
