3974 6364
535 409 649 484 «ιιὸ

1166 416 1227 470 Β.
1266 415 1522 474 ΒΔΒΑΝΙ
1558 415 1776 474 MAURI
1802 416 2144 472 'ARCHIEP.
2167 413 2482 474 MOGUNT:
2513 413 2795 476 OPER'UM
2830 415 3008 475 PARS
3046 417 3110 473 ll.

3655 420 3736 477 ﬁlii

512 532 858 602 nocturnum
906 532 1136 597 tenipus,
1171 542 1274 584 nec
1320 529 1478 586 nobis
1527 531 1890 587 necessarium
1932 539 2016 587 est
2041 530 2110 586 ad
2134 540 2190 597 Α
2212 543 2372 588 verus
2393 540 2448 588 et
2473 533 2661 590 beatus
2688 526 2848 591 Deus.
2880 524 3242 605 intelligamus
3269 547 3396 591 cum
3423 539 3493 594 ita
3518 535 3736 608 lo'qhit‘iu,

533 616 848 691 sectandam
872 616 1214 676 ebrietatem.
1245 619 1437 678 Latere
1462 622 1606 678 enim
1632 623 1830 692 poterit
1874 621 2031 680 facile
2060 623 2107 678 is
2157 652 2160 654 η

530 705 792 788 quiiulis.
829 715 932 764 est.
977 707 1102 765 Illos
1144 724 1275 766 vero
1326 712 1419 782 qui
1460 727 1558 783 per
1599 714 1958 785 cognitionem
1991 723 2109 769 tan-

531 811 693 867 quam
725 796 888 854 indie
910 795 1024 869 jam
1046 802 1369 870 consistunt,
1399 804 1612 862 sobrios
1627 820 1752 862 esse
1779 805 2032 863 convenit
2050 813 2111 862 et

529 886 815 958 vigilantes
842 903 970 962 erga
997 891 1174 964 studia
1208 893 1487 960 virtutum,
1535 895 1690 965 quasi
1717 895 1808 966 qui
1837 903 1893 951 et
1920 895 1975 950 in
1999 894 2108 950 diei

532 984 1208 1058 temporeconversantur,
1251 983 1305 1038 in
1335 999 1443 1055 quo
1490 999 1666 1055 neque
1708 984 1876 1041 latere
1921 999 2108 1056 quem-

530 1083 691 1138 quam
716 1071 968 1141 possibile
993 1081 1095 1139 est,
1123 1073 1170 1129 si
1207 1082 1385 1130 tamen
1413 1076 1612 1146 aliquid
1633 1090 1701 1132 ex
1724 1077 1832 1132 illis
1859 1091 1978 1148 qua:
2000 1092 2107 1134 non
2163 1113 2168 1122 ι

530 1160 870 1236 conveniunt,
885 1159 1194 1231 perfecerit.
1219 1162 1349 1233 Quae
1381 1172 1506 1226 sunt
1542 1164 1631 1220 illa
1661 1179 1823 1236 opera
1860 1181 1956 1236 per
1987 1180 2108 1237 quae

530 1249 708 1314 nobis,
730 1259 790 1304 ut
820 1250 876 1304 in
909 1237 996 1306 die
1016 1253 1481 1319 conversantibus,
1513 1254 1830 1324 deputemus
1870 1254 2030 1310 (idem
2052 1261 2110 1311 et

527 1341 872 1414 charitatem,
901 1359 968 1400 ex
997 1344 1193 1415 quibus
1221 1359 1346 1416 spes
1374 1346 1530 1403 nobis
1570 1346 1869 1418 acquiritur
1894 1346 2105 1413 salutis,

529 1432 787 1517 pepquod
813 1441 867 1489 et
921 1434 1183 1500 Dominus
1221 1435 1362 1492 Deus
1403 1450 1502 1508 per
1545 1436 1843 1504 Christum,
1871 1437 1963 1509 qui
2009 1452 2108 1508 pro

527 1522 685 1605 nobis
706 1525 982 1595 suscipere
1004 1526 1175 1583 voluit
1201 1536 1452 1595 mortem,
1483 1527 1712 1584 salutem
1754 1530 1909 1585 nobis
1936 1529 2110 1599 prodi-

529 1615 626 1679 dit,
661 1607 765 1671 nOn
796 1631 1034 1687 pmnam,
1057 1626 1118 1674 ut
1140 1619 1266 1675 licet
1291 1609 1585 1676 secundum
1619 1629 1942 1692 praesentem
1971 1623 2110 1678 hanc

528 1705 698 1776 vitam
745 1707 1071 1775 habeamus;
1099 1710 1202 1766 hoc
1223 1711 1366 1766 enim
1396 1711 1550 1778 dicit,
1589 1711 1856 1783 vigilemus
1898 1711 2110 1769 etiamsi

527 1787 731 1868 egressi
754 1796 1016 1855 fuerimus
1033 1815 1062 1854 a
1087 1800 1195 1855 vita
1216 1801 1348 1868 hac;
1364 1802 1466 1859 hoc
1484 1803 1613 1859 dicit
1630 1803 1970 1858 dormiamus.
1983 1801 2110 1858 Vult

2209 627 2349 684 sicut
2374 625 2463 685 hic
2485 627 2694 686 locutus
2724 639 2829 697 est,
2865 641 3127 701 personas
3151 643 3275 685 eum
3301 629 3628 702 distinguere,
3652 648 3736 689 non
3768 640 3773 645 '

2206 733 2464 791 separare
2479 727 2731 777 naturam
2750 762 2766 788 ,
2797 720 2922 777 licet
2955 720 3134 776 ablata
3158 719 3228 774 ab
3247 719 3332 775 eis
3354 721 3604 791 corporali
3628 738 3737 793 prm-
3767 706 3772 714 ’

2204 813 2378 869 sentin
2403 811 2529 880 lilii;
2567 814 2662 869 sed
2699 827 2972 884 nunquam
3005 811 3265 883 spiritalis
3300 811 3538 867 custodia
3565 798 3736 880 deerat,
3767 816 3772 836 τ

2205 905 2274 961 de
2295 920 2400 976 qua
2422 905 2554 962 dicit
2583 923 2597 961 :
2630 905 2764 960 Ecce
2787 921 2878 976 ego
2905 904 3165 959 vobiscum
3194 919 3313 959 sum
3347 903 3574 959 omnibus
3591 905 3736 962 diebus

2204 1012 2370 1068 usque
2395 995 2466 1052 ad
2492 997 2986 1053 consummationem
3017 994 3218 1052 surculi.
3426 1002 3428 1005 ’
3553 1003 3555 1006 ⁴

2277 1084 2422 1154 Quos
2445 1085 2636 1142 dedisti
2667 1087 2794 1141 mihi
2830 1089 3117 1154 custodivi;
3153 1096 3205 1143 et
3239 1103 3392 1144 nemo
3425 1103 3489 1144 ex
3514 1088 3589 1145 his
3618 1091 3736 1162 periit
3771 1083 3774 1086 ’

2207 1177 2310 1232 nisi
2345 1177 2486 1249 ﬁlius
2518 1180 2843 1251 perditionis,
2889 1190 2948 1234 ut
2973 1179 3246 1250 Scriptura
3279 1179 3567 1251 impleatur.
3603 1181 3736 1240 Filius

2205 1273 2522 1346 perditionis
2569 1275 2745 1332 dictus
2787 1285 2870 1332 est
2911 1277 3140 1338 traditur
3181 1275 3416 1340 Christi,
3463 1273 3527 1329 de
3569 1287 3660 1345 quo
3697 1275 3738 1329 in

2206 1357 2414 1434 psalmo
2438 1365 2734 1421 centesimo
2759 1379 2901 1421 nono
2927 1365 3161 1420 maxime
3189 1358 3554 1435 prophetatur’.
3773 1384 3775 1388 τ

2287 1454 2445 1512 Nunc
2474 1465 2667 1522 autem,
2701 1457 2896 1527 inquit,
2935 1457 3004 1511 ad
3034 1466 3083 1512 te
3106 1457 3288 1520 venio;
3311 1463 3361 1510 et
3388 1455 3496 1508 haec
3523 1453 3681 1524 loquor
3699 1453 3739 1506 in
3776 1463 3779 1466 '

2208 1546 2422 1612 mundo,
2460 1556 2517 1602 ut
2553 1548 2776 1602 habeant
2818 1547 3068 1618 gaudium
3105 1559 3277 1600 meum
3309 1543 3569 1614 impletum
3602 1544 3648 1597 in
3676 1559 3738 1596 ιε·
3777 1555 3779 1562 '

2208 1639 2459 1709 metipsis.
2501 1638 2641 1694 Ecce
2677 1638 2731 1692 in
2775 1639 2976 1693 mundo
3015 1637 3158 1706 loqui
3199 1651 3262 1692 se
3301 1636 3451 1700 dicit,
3481 1635 3579 1716 qui
3615 1633 3740 1704 paulo

2209 1737 2337 1785 ante
2361 1729 2571 1786 dixerat
2597 1747 2610 1784 :
2638 1729 2761 1784 Iam
2788 1745 2893 1784 non
2921 1745 3036 1784 sum
3073 1729 3129 1783 in
3165 1727 3384 1782 mundo.
3415 1726 3550 1798 Ergo
3575 1731 3623 1781 et
3643 1725 3740 1796 quia

2211 1835 2320 1877 non
2344 1831 2540 1878 natura
2565 1821 2696 1888 ibat,
2729 1821 2820 1878 hic
2843 1821 3018 1877 adhuc
3045 1829 3194 1887 erat;
3231 1828 3288 1876 et
3311 1819 3437 1890 quia
3464 1819 3625 1873 fuerat
3645 1818 3744 1873 hinc

530 1889 678 1977 enim
701 1890 880 1958 dicere
900 1898 960 1944 ut
986 1890 1060 1945 illi
1081 1893 1173 1960 qui
1201 1901 1326 1947 tunc
1347 1892 1535 1948 vivunt
1560 1895 1612 1948 in
1634 1892 1833 1948 Christi
1855 1894 2108 1961 adventu,
2138 1891 2185 1950 B
2212 1912 2474 1979 abiturus,
2497 1912 2587 1968 hic
2607 1912 3002 1983 quodammodo
3016 1911 3128 1982 iam
3151 1925 3260 1966 ηοη
3282 1889 3419 1966 erm,
3448 1908 3579 1977 Quid
3597 1909 3656 1963 si;
3673 1924 3741 1962 au.

529 1971 705 2050 etqui
724 1982 840 2051 jam
867 1990 994 2038 sunt
1016 1985 1236 2051 mortui,
1258 2000 1449 2042 omnes
1477 1993 1732 2042 aeternam
1760 1985 1924 2040 vitam
1947 1995 2002 2042 et
2030 1987 2111 2042 in-

529 2063 842 2144 corruptam
894 2075 1257 2145 acquiramus,
1303 2078 1430 2134 dum
1463 2077 1540 2133 illi
1584 2077 1674 2148 qui
1714 2087 2112 2148 .praacesserunt

531 2159 732 2244 dudum
767 2163 820 2218 in
847 2173 1096 2232 mortem,
1129 2165 1200 2220 ita
1234 2175 1522 2239 resurgunt
1545 2175 1602 2223 et
1620 2166 1694 2222 illi
1713 2207 1730 2235 ,
1762 2168 1854 2238 qui
1883 2177 2012 2225 tunc
2031 2169 2112 2224 vi-

527 2261 682 2320 vunt,
729 2254 784 2309 in
832 2255 1393 2327 incorruptibilitatem
1442 2266 1740 2324 mutantur,
1788 2258 1928 2314 sicut
1969 2259 2111 2314 idem

527 2344 818 2428 Apostolus
848 2347 903 2402 in
933 2348 1038 2404 alio
1066 2349 1185 2405 loco
1209 2350 1361 2417 dicit,
1389 2352 1637 2422 quoniam
1662 2367 1837 2406 omnes
1864 2353 2112 2408 immuta-

528 2435 721 2492 bimur.
754 2437 921 2510 igitur
946 2440 1078 2495 nihil
1103 2450 1187 2497 est
1212 2442 1354 2511 quod
1375 2443 1657 2512 prohibeat
1676 2442 1850 2499 salute
1874 2459 1974 2500 nos
2002 2442 2109 2499 frui

525 2519 732 2594 futura,
757 2529 802 2584 si
832 2537 1011 2585 tamen
1042 2530 1130 2586 illa
1159 2546 1280 2602 quae
1306 2547 1372 2588 ex
1411 2532 1566 2589 nobis
1599 2540 1726 2588 sunt
1761 2532 1984 2590 minime
2011 2547 2108 2590 no-

528 2617 613 2673 bis
639 2618 968 2676 obstiterint.
995 2622 1062 2678 Et
1082 2622 1211 2678 hinc
1235 2623 1419 2680 dicens
1442 2623 1663 2693 adjicit:

521 2749 524 2752 .
598 2709 824 2783 Propter
865 2715 1004 2786 quod
1034 2715 1376 2771 consolamini
1422 2717 1479 2771 in
1508 2715 1725 2772 invicem
1763 2725 1814 2772 et
1852 2717 2110 2787 ludiﬁcata

526 2800 861 2882 alterutrum,
888 2805 1022 2879 sicut
1055 2814 1106 2860 et
1131 2805 1305 2876 facitis
1347 2807 1404 2861 in
1429 2806 1633 2862 Christo
1660 2807 1887 2864 Domino
1908 2816 2106 2872 nostra,

526 2893 615 2948 cui
639 2902 723 2950 est
751 2895 928 2952 honor
963 2903 1018 2951 et
1043 2895 1212 2967 gloria
1239 2897 1401 2953 simul
1444 2914 1566 2955 cum
1603 2899 1767 2958 Patre
1803 2905 1860 2956 et
1900 2897 2108 2970 Spiritu

527 2992 739 3054 sancto,
762 2985 821 3040 in
847 2985 1043 3043 saecula
1069 2986 1412 3044 saeculorum.
1437 2988 1633 3046 Amen.

1010 3097 1292 3158 HOMILIA
1329 3100 1614 3158 XXXVIII.

605 3225 641 3238 ~~
719 3216 722 3218 ‘
1099 3207 1233 3248 ITBI
1273 3209 1430 3250 FERIA
1468 3209 1540 3249 IV.

610 3310 612 3312 τ
653 3282 841 3342 Lectio
862 3283 1038 3342 sancti
1063 3283 1338 3356 Evangelii
1367 3286 1659 3342 secundum
1687 3286 1970 3342 Joannem.

595 3370 666 3432 In
690 3371 785 3426 illo
813 3379 1041 3443 tempore
1075 3373 1349 3443 respiciens
1377 3373 1534 3430 Iesus
1569 3375 1626 3429 in
1663 3373 1947 3446 discipulos
1983 3388 2104 3428 suos

521 3463 656 3518 diali!
688 3477 706 3515 :
739 3461 904 3522 Pater
939 3473 1142 3533 sancte,
1181 3480 1328 3521 serva
1369 3479 1456 3521 eos
1498 3466 1550 3522 in
1598 3465 1805 3522 nomine
1847 3473 1936 3521 tuo
1975 3479 2105 3537 quos

519 3553 713 3615 dedisti
740 3555 868 3610 mihi
884 3595 899 3621 ,
932 3565 1040 3612 etc.

594 3643 800 3715 Nempe
823 3645 962 3700 sicut
987 3646 1150 3704 homo
1171 3648 1341 3704 Deum
1368 3655 1519 3721 rogat
1541 3664 1641 3720 pro
1669 3647 1946 3720 discipulis
1967 3647 2100 3719 suis,

519 3751 657 3806 quos
685 3737 895 3810 accepit
919 3751 952 3793 a
979 3737 1108 3794 Deo.
1135 3738 1410 3796 Attendite
1435 3741 1577 3810 quod
1601 3741 1848 3811 sequitur
1871 3759 1888 3795 :

593 3824 662 3882 Ut
689 3828 793 3882 sint
810 3867 828 3894 ,
856 3827 1062 3898 inquit,
1091 3845 1255 3884 unum
1286 3831 1421 3886 sicut
1447 3840 1494 3886 et
1522 3848 1636 3887 nos.
1673 3829 1790 3887 Non
1817 3831 1896 3887 ait
1921 3838 1982 3887 ut
2005 3846 2105 3888 no-

517 3918 728 3975 biseum
767 3919 878 3976 sint
919 3937 1118 3988 unum,
1157 3929 1251 3977 aut
1291 3931 1350 3978 ut
1381 3924 1550 3980 simus
1574 3939 1741 3979 unum
1772 3924 1876 3995 ipsi
1914 3932 1972 3980 et
2002 3939 2103 3980 nos

517 4009 851 4066 sicutunum
883 4025 1072 4067 sumus
1099 4028 1219 4080 nos,
1255 4013 1350 4069 sed
1379 4014 1456 4068 ait
1487 4031 1500 4068 :
1536 4012 1606 4069 Ut
1628 4015 1732 4069 sint
1766 4030 1930 4069 unum
1965 4014 2103 4069 sicut

515 4109 566 4156 et
592 4116 721 4166 nos;
753 4101 854 4171 ipsi
885 4096 1075 4174 utique
1107 4104 1160 4160 in
1192 4112 1386 4160 natura
1414 4121 1511 4162 sua
1538 4107 1648 4162 sint
1679 4122 1844 4163 unum
1880 4108 2020 4164 sicut
2047 4114 2104 4162 et

515 4207 630 4254 nos,
644 4192 701 4247 in
741 4200 930 4249 nostra
958 4210 1124 4250 unum
1153 4210 1360 4252 sumus.
1388 4195 1540 4264 Quod
1575 4197 1764 4268 procul
1795 4199 1959 4254 dubio
1993 4214 2100 4254 non

514 4283 720 4338 diceret
777 4282 877 4338 nisi
933 4284 1225 4339 secundum
1280 4286 1383 4340 hoc
1437 4286 1682 4352 diceret,
1733 4286 1878 4356 quod
1928 4285 2100 4342 Filius

511 4373 737 4443 aemulis
763 4381 847 4428 est
875 4372 1057 4440 Patri,
1091 4376 1234 4431 sicut
1272 4375 1328 4430 in
1370 4375 1476 4430 alio
1513 4376 1633 4432 loco
1671 4376 1806 4433 dicit
1842 4395 1857 4432 :
1899 4377 2014 4448 Ego
2051 4386 2100 4433 et

515 4463 680 4524 Pater
720 4482 884 4520 unum
921 4483 1134 4532 sumus;
1174 4483 1282 4522 non
1323 4469 1617 4524 secundum
1652 4468 1706 4524 id
1751 4469 1894 4540 quod
1935 4469 2098 4526 homo

510 4564 625 4622 est,
659 4572 783 4612 nam
825 4558 1118 4614 secundum
1146 4557 1249 4615 hoc
1276 4558 1411 4614 dixit
1443 4578 1456 4613 :
1487 4557 1648 4614 Pater
1673 4559 1846 4630 major
1883 4577 1966 4616 me
1996 4569 2093 4615 est.

511 4647 642 4704 Sedz.
660 4651 930 4719 quomodo
969 4666 1078 4706 una
1118 4651 1414 4721 eademque
1457 4665 1686 4722 persona
1728 4659 1812 4706 est
1857 4653 1998 4708 Deus
2041 4661 2098 4708 et

509 4742 689 4806 homo,
721 4740 1070 4814 intelligimus
1094 4742 1368 4798 hominem
1393 4742 1449 4797 in
1469 4756 1535 4799 eo
1561 4744 1703 4814 quod
1738 4752 1904 4815 rogat,
1940 4744 2124 4800 intel-‘

509 4831 725 4904 ligimus
765 4833 938 4888 Deum
979 4833 1034 4887 in
1059 4847 1125 4888 eo
1153 4833 1297 4903 quod
1330 4849 1498 4890 unum
1524 4841 1652 4891 sunt
1681 4841 1740 4890 et
1775 4833 1891 4905 ipse
1925 4842 1980 4891 et
2008 4832 2127 4890 ille:

506 4937 667 4990 quem
699 4929 873 4993 rogat.
907 4921 1165 4993 Sequitur
1191 4935 1208 4975 :

576 5011 710 5070 Cum
745 5028 911 5066 essem
943 5029 1064 5067 cum
1101 5013 1200 5079 eis,
1237 5029 1330 5082 ego
1370 5012 1638 5070 servabam
1674 5030 1762 5070 eos
1793 5015 1852 5069 in
1887 5013 2094 5070 nomine
2126 5045 2131 5053 ι

508 5111 628 5154 tuo.
649 5100 756 5165 Me,
785 5102 988 5169 inquit,
1018 5101 1270 5157 veniente
1297 5101 1368 5157 ad
1393 5110 1464 5169 te,
1493 5118 1650 5160 serva
1670 5119 1765 5160 eos
1797 5104 1854 5158 in
1879 5104 2094 5159 nomine
2129 5139 2132 5144 -

508 5197 600 5242 tuo
624 5188 677 5242 in
707 5205 814 5258 quo
845 5204 959 5255 eos,
990 5191 1206 5259 quando
1230 5206 1352 5246 cum
1376 5192 1456 5247 eis
1484 5207 1654 5256 eram,
1680 5199 1736 5246 et
1763 5192 1880 5261 ipse
1906 5205 2092 5247 serva—
2131 5231 2134 5236 -

507 5279 749 5336 bamJn
771 5281 989 5338 nomine
1011 5281 1190 5338 Patris
1213 5285 1468 5340 servabat
1487 5284 1776 5352 discipulos
1798 5299 1924 5338 suos
1947 5281 2092 5338 illius
2129 5327 2134 5332 .

507 5371 756 5444 hominis
783 5371 834 5428 iu
865 5373 1095 5428 humana
1121 5377 1407 5444 praesentia
1433 5373 1776 5438 constitutus,
1807 5372 1903 5428 sed
1927 5373 2091 5429 etiam

505 5459 668 5515 Pater
697 5462 751 5518 in
781 5464 996 5518 nomine
1025 5465 1145 5520 Filii
1175 5467 1428 5520 servabat
1453 5479 1588 5532 quos
1629 5465 1681 5517 in
1711 5464 1939 5519 nomine
1968 5464 2091 5520 Filii

504 5559 747 5620 petentes
787 5555 1142 5621 exaudiebat;
1183 5557 1267 5610 his
1307 5555 1504 5624 quippe
1531 5554 1672 5609 idem
1710 5553 1876 5610 Filius
1906 5556 2088 5612 dixit:

504 5647 668 5703 Amen
693 5667 847 5704 amen
892 5651 1009 5705 dico
1057 5651 1217 5712 vobis,
1260 5649 1305 5703 si
1346 5647 1472 5717 quid
1518 5649 1766 5717 petieritis
1796 5648 2008 5704 Patrem
2036 5651 2090 5704 in
2127 5695 2132 5701 .

506 5742 714 5796 nomine
743 5761 877 5807 meo,
909 5743 1051 5796 dabit
1080 5742 1246 5794 vobis.
1273 5740 1443 5794 Simul
1477 5740 1620 5794 enim
1661 5757 1760 5796 uos
1785 5743 2095 5797 Custodiunt

504 5829 684 5899 Pater,
723 5843 778 5887 et
822 5831 1012 5896 Filius,
1052 5838 1113 5886 et
1145 5829 1380 5900 Spiritus
1415 5841 1657 5899 sanctus,
1695 5831 1788 5902 qui
1830 5840 1913 5891 est
1954 5848 2092 5893 unus

2019 6026 2051 6035 Α.

2212 2011 2319 2060 tem
2358 2004 2462 2060 hoc
2502 2003 2758 2074 gaudium
2793 2003 2860 2059 de
2901 2017 3007 2074 quo
3044 2002 3148 2069 ait,
3179 2010 3239 2056 ut
3280 2000 3500 2055 habeant
3537 1997 3740 2069 gaudium

2208 2109 2382 2148 meum
2413 2092 2679 2164 impletum
2714 2093 2770 2148 in
2802 2093 3110 2164 semetipsis,
3141 2091 3255 2162 jam
3290 2090 3533 2162 superius
3560 2101 3739 2158 expres-

2209 2193 2329 2240 sum
2355 2192 2460 2250 est,
2485 2184 2576 2238 ubi
2606 2183 2704 2250 ait,
2733 2192 2790 2238 ut
2815 2184 2916 2238 sint
2949 2199 3112 2237 unum
3137 2183 3272 2236 sicut
3293 2191 3344 2236 et
3369 2197 3478 2236 nos.
3508 2177 3609 2234 Hoc
3637 2193 3740 2248 gau-

2209 2275 2356 2332 dium
2385 2291 2572 2341 suum,
2605 2276 2658 2330 id
2693 2283 2773 2330 est
2792 2315 2807 2341 ,
2834 2290 2864 2330 a
2890 2289 2950 2330 se
2974 2275 3029 2329 in
3061 2288 3154 2330 eos
3185 2273 3441 2329 collatum
3471 2272 3522 2326 in
3548 2271 3618 2326 eis
3640 2267 3742 2324 dicit

2209 2366 2534 2437 implendum
2563 2376 2784 2437 propter
2807 2365 2950 2435 quod
2979 2365 3215 2421 locutum
3244 2380 3305 2421 se
3331 2364 3464 2420 dixit
3489 2363 3540 2417 in
3561 2359 3739 2417 mundo.

2209 2458 2336 2516 Haec
2361 2472 2444 2515 est
2469 2476 2573 2530 pax
2605 2459 2691 2515 illa
2728 2468 2782 2514 et
2812 2458 3088 2515 beatitudo
3117 2459 3174 2513 in
3199 2456 3386 2514 futuro
3412 2453 3609 2518 saeculo.
3639 2465 3740 2522 pro-

2206 2559 2327 2621 pter
2347 2565 2507 2621 quam
2535 2550 2968 2619 consequendam
2996 2557 3365 2619 temperanter
3386 2555 3440 2603 et
3459 2545 3591 2615 juste
3611 2551 3656 2596 et
3673 2540 3740 2610 pie

2206 2640 2493 2697 vivendum
2517 2649 2602 2695 est
2635 2640 2690 2694 in
2733 2641 2836 2695 hoc
2867 2639 3084 2696 saeculo.
3124 2638 3379 2710 Loquens
3404 2635 3567 2692 adhuc
3592 2629 3736 2688 Domi-

2207 2746 2310 2787 nus
2333 2730 2403 2786 ad
2423 2729 2639 2786 Patrem
2665 2738 2721 2785 et
2747 2744 2912 2785 orans
2934 2743 3032 2800 pro
3060 2728 3337 2798 discipulis
3363 2726 3491 2791 suis,
3638 2727 3647 2736 ‘

2277 2821 2415 2893 Ego,
2452 2821 2648 2892 inquit,
2681 2821 2804 2876 dedi
2829 2820 2902 2876 eis
2931 2835 3216 2875 sermonem
3240 2827 3409 2873 tuum.
3437 2814 3493 2870 1n
3514 2809 3738 2884 prioribus

2206 2918 2509 2990 expositum
2538 2925 2641 2972 est.
3549 2985 3558 2991 _

2276 3006 2347 3064 Et
2384 3009 2608 3063 mundus
2638 3005 2758 3061 odio
2785 3005 2987 3060 habuit.
3031 3002 3315 3074 Signiﬁcat
3348 3001 3608 3074 passiones
3634 3005 3739 3066 quas

2206 3101 2262 3157 in
2297 3099 2496 3156 mundo
2523 3098 2756 3154 habituri
2785 3105 2943 3154 erant
2977 3112 3009 3152 a
3047 3095 3500 3168 persecutoribus,
3530 3102 3648 3161 quos
3672 3085 3739 3139 hic

2207 3194 2393 3250 mundi
2413 3192 2631 3250 nomine
2650 3193 3002 3248 demonstrat.
3033 3189 3236 3244 Deinde
3257 3201 3475 3244 causam
3496 3177 3737 3249 subiiciens

2209 3299 2307 3342 cur
2338 3299 2432 3341 eos
2464 3282 2639 3340 oderit
2672 3281 2903 3338 mundus
2931 3296 2945 3336 :
3417 3351 3419 3354 ⁴

2278 3373 2417 3446 Quia
2444 3390 2549 3427 non
2581 3381 2702 3426 sunt
2728 3371 2793 3426 de
2825 3369 3039 3434 mundo,
3079 3367 3212 3422 sicut
3239 3374 3293 3421 et
3326 3352 3419 3437 ego
3444 3376 3542 3416 non
3565 3372 3664 3413 sum
3691 3352 3738 3406 dt

2204 3465 2420 3523 mundo.
2451 3463 2556 3523 Sed
2584 3463 2741 3521 aliter
2765 3461 2861 3531 illi,
2897 3461 3053 3517 aliter
3077 3474 3207 3532 ego;
3249 3457 3326 3517 illi
3357 3449 3734 3528 regeneratioue.

2205 3575 2305 3632 ego
2347 3558 2722 3632 generatione;
2773 3555 2849 3610 illi
2877 3560 3155 3625 eguerunt
3197 3543 3433 3607 secunda
3481 3540 3734 3599 nativitate.

2204 3650 2330 3721 quia
2375 3650 2430 3705 in
2473 3647 2710 3721 peccatis
2751 3646 2864 3700 nati
2905 3651 3069 3700 sunt:
3100 3657 3201 3712 ego
3236 3641 3365 3711 quia
3406 3637 3515 3692 sine
3556 3634 3734 3701 peccato

2204 3749 2365 3796 natus
2409 3753 2552 3806 sum,
2600 3753 2707 3793 non
2755 3736 2876 3806 egui
2921 3731 3351 3805 regeneratione.
3397 3727 3642 3782 Donatum
3670 3721 3736 3769 est

2201 3846 2334 3900 ergo
2371 3830 2481 3896 eis,
2518 3837 2579 3886 ut
2615 3828 2681 3883 de
2715 3825 2916 3881 mundo
2956 3839 3061 3878 non
3099 3829 3324 3878 essent:
3355 3833 3452 3890 ego
3477 3826 3594 3870 vero
3627 3817 3734 3900 utm-

2204 3898 2367 3992 quam
2397 3919 2472 3974 fui
2497 3919 2566 3974 de
2595 3918 2811 3980 mundo,
2841 3915 2966 3986 quia
3004 3901 3278 3984 nunquam
3318 3911 3370 3965 in
3399 3910 3621 3978 peccato.
3642 3898 3734 3966 Ipse

2203 4022 2383 4068 autem
2413 4011 2480 4066 de
2521 4007 2721 4065 mundo
2757 4020 3032 4076 nunquam
3071 4004 3198 4069 fuit,
3227 4003 3355 4072 quia
3392 3999 3546 4055 etiam
3577 4001 3730 4076 secuit-

2203 4105 2331 4160 dum
2372 4103 2601 4159 formam
2641 4100 2783 4156 servi
2823 4075 2902 4154 de,
2925 4095 3131 4168 Spiritu
3167 4103 3357 4151 sancto
3384 4099 3536 4148 natus
3566 4090 3662 4177 est.

2201 4214 2308 4270 quo
2345 4196 2423 4252 illi
2461 4194 2658 4252 renati.
2703 4191 2759 4248 Si
2789 4204 2917 4262 ergo
2945 4187 3020 4244 illi
3055 4189 3176 4243 ideo
3204 4199 3313 4240 non
3343 4185 3407 4240 de
3434 4175 3616 4236 mundo
3637 4175 3732 4270 quia

2202 4269 2377 4346 renati
2398 4296 2524 4345 sunt
2547 4287 2612 4341 de
2635 4283 2839 4355 Spiritu
2858 4288 3065 4344 sancto,
3091 4284 3375 4349 propterea
3400 4271 3484 4328 ille
3503 4269 3734 4332 nunquam

2201 4382 2267 4439 de
2294 4381 2515 4446 mundo,
2546 4377 2672 4448 quia
2701 4384 2863 4430 natus
2887 4380 2972 4428 est
3001 4373 3065 4426 de
3094 4369 3300 4440 Spiritu
3325 4371 3523 4423 sancto.

2273 4471 2399 4526 Non
2436 4442 2581 4541 rogo,
2617 4466 2822 4536 inquit,
2852 4473 2908 4519 ut
2943 4461 3097 4518 tollas
3130 4477 3216 4516 eos
3251 4459 3320 4513 de
3355 4452 3560 4544 mundo,
3592 4442 3734 4544 sctit!

2200 4577 2366 4618 serves
2413 4532 2583 4613 costa
2623 4532 2785 4610 malo.
2829 4553 3019 4608 Adhuc
3051 4552 3197 4605 cnim
3241 4532 3730 4634 necessarium‘fuit.

2199 4651 2448 4724 quamvis
2486 4647 2599 4718 jam
2637 4662 2745 4702 non
2773 4653 2955 4701 essent
2987 4642 3054 4698 de
3094 4639 3315 4707 mundo,
3357 4640 3664 4724 esseitamen
3691 4633 3732 4675 In

2198 4723 2430 4806 mundo,
2464 4747 2526 4793 ut
2566 4737 2853 4806 impleatur
2884 4734 3027 4804 quod
3063 4732 3264 4788 dictum
3303 4738 3388 4787 est
3419 4743 3434 4782 :
3473 4723 3537 4778 In
3569 4725 3732 4775 tantum

2196 4842 2392 4889 terram
2437 4831 2596 4886 exivit
2637 4845 2797 4885 sonus
2840 4843 3038 4892 eorum,
3081 4833 3131 4880 et
3173 4825 3231 4879 in
3273 4823 3405 4892 fines
3448 4815 3576 4873 orbis
3611 4811 3728 4864 terra

2195 4923 2350 4979 verba
2381 4938 2582 4978 eorum.

2267 5013 2557 5083 Sanctiﬁca
2593 5029 2682 5068 eos
2720 5027 2778 5066 tn
2813 5010 3046 5065 veritate.
3085 5009 3178 5067 Sic
3213 5011 3358 5066 enim
3395 5003 3652 5064 servantur
3677 4998 3730 5042 ex

2196 5103 2342 5159 malo
2376 5103 2521 5174 quod
2565 5102 2814 5172 superius
2843 5101 3050 5166 oravit,
3088 5108 3150 5156 ut
3190 5100 3344 5157 ﬁeret
3379 5097 3444 5152 de
3473 5089 3605 5150 malo
3634 5091 3731 5153 ρετ-

2196 5194 2337 5250 fidite
2380 5194 2434 5248 in
2463 5208 2572 5263 quo
2609 5192 2806 5248 cecidit
2842 5189 3010 5247 ludas
3047 5192 3309 5262 proditor.
3359 5179 3727 5268 Sanctiﬁcantm"

2194 5284 2380 5355 itaque
2418 5284 2474 5337 in
2515 5282 2744 5337 veritate
2791 5279 3035 5336 haeredes
3078 5281 3383 5336 testamenti
3433 5271 3566 5334 novi.
3607 5267 3726 5327 0'11"”

2194 5376 2436 5431 veritatis
2466 5375 2670 5429 umbrae
2714 5373 2930 5428 fuerunt
2969 5373 3419 5428 sanctiﬁcationes
3449 5358 3641 5455 veteris.
3661 5358 3724 5455 αξξ

2193 5465 2468 5521 stamenti.
2508 5465 2576 5519 Et
2611 5479 2735 5519 cum
2769 5464 3181 5520 sanctiﬁcantur
3210 5465 3264 5517 in
3293 5462 3539 5518 veritate,
3576 5448 3726 5508 ιιιίσῐυθ

2192 5556 2604 5612 sanctiﬁcantur
2641 5555 2696 5610 in
2733 5554 2970 5618 Christo,
3011 5555 3104 5624 qui
3139 5555 3404 5612 veraciter
3429 5545 3553 5605 dixit
3586 5557 3598 5591 :
3635 5529 3724 5597 590

2192 5667 2307 5704 sum
2338 5650 2441 5715 uia,
2467 5661 2513 5705 et
2537 5649 2746 5714 veritas,
2767 5657 2816 5703 et
2848 5649 2972 5711 vita,
3000 5662 3045 5702 et
3075 5649 3264 5702 veritas
3290 5640 3519 5701 liberabit
3546 5645 3637 5689 υοι
3685 5711 3697 5724 ⁹

2275 5739 2425 5796 Sicut
2461 5758 2543 5796 me
2581 5739 2771 5794 misisti
2809 5741 2862 5794 in
2905 5740 3178 5806 mundum,
3221 5748 3272 5793 et
3307 5754 3396 5810 ego
3437 5727 3546 5787 misi
3576 5732 3652 5776 σοι
3679 5722 3722 5765 έ¹¹

2196 5833 2467 5888 mundum.
2502 5832 2646 5899 Quos
2673 5829 2842 5899 misit,
2888 5829 2993 5890 nisi
3035 5828 3306 5900 apostolos
3343 5821 3496 5888 suos?
3535 5812 3648 5872 Nam
3678 5812 3750 5862 ct‘
