  <div class='ocr_page' id='page_1' title='image "/cluster/home/n/w/nwhite01/storage/ocr_20150623/110/hvd.32044015466865/119.png"; bbox 0 0 3974 6364; ppageno 0'>
   <div class='ocr_carea' id='block_1_1' title="bbox 572 376 679 434">
    <p class='ocr_par' dir='ltr' id='par_1_1' title="bbox 572 376 679 434">
     <span class='ocr_line' id='line_1_1' title="bbox 572 376 679 434; baseline -0.009 -1"><span class='ocrx_word' id='word_1_1' title='bbox 572 376 679 434; x_wconf 72' lang='grc'><strong>219</strong></span> 
     </span>
    </p>
   </div>
   <div class='ocr_carea' id='block_1_2' title="bbox 1212 348 3784 454">
    <p class='ocr_par' dir='ltr' id='par_1_2' title="bbox 1212 348 3784 454">
     <span class='ocr_line' id='line_1_2' title="bbox 1212 348 3784 454; baseline -0.005 -29"><span class='ocrx_word' id='word_1_2' title='bbox 1212 369 1273 425; x_wconf 82' lang='lat' dir='ltr'><strong>n.</strong></span> <span class='ocrx_word' id='word_1_3' title='bbox 1310 368 1565 424; x_wconf 77' lang='lat' dir='ltr'><strong>RABANI</strong></span> <span class='ocrx_word' id='word_1_4' title='bbox 1604 367 1822 425; x_wconf 81' lang='lat' dir='ltr'><strong>MAURI</strong></span> <span class='ocrx_word' id='word_1_5' title='bbox 1860 363 2179 423; x_wconf 82' lang='lat' dir='ltr'><strong>ARCHIEP.</strong></span> <span class='ocrx_word' id='word_1_6' title='bbox 2220 348 2532 422; x_wconf 64' lang='lat' dir='ltr'><strong>modum.</strong></span> <span class='ocrx_word' id='word_1_7' title='bbox 2570 357 3072 454; x_wconf 68' lang='lat' dir='ltr'><strong>operiunpaas</strong></span> <span class='ocrx_word' id='word_1_8' title='bbox 3107 358 3173 416; x_wconf 83' lang='grc' dir='ltr'><strong>ιι.</strong></span> <span class='ocrx_word' id='word_1_9' title='bbox 3707 364 3784 421; x_wconf 56' lang='grc' dir='ltr'>ω</span> 
     </span>
    </p>
   </div>
   <div class='ocr_carea' id='block_1_3' title="bbox 567 471 3785 553">
    <p class='ocr_par' dir='ltr' id='par_1_3' title="bbox 567 471 3785 553">
     <span class='ocr_line' id='line_1_3' title="bbox 567 471 3785 553; baseline -0.004 -9"><span class='ocrx_word' id='word_1_10' title='bbox 567 472 710 544; x_wconf 84' lang='lat' dir='ltr'><strong>novi.</strong></span> <span class='ocrx_word' id='word_1_11' title='bbox 756 478 881 540; x_wconf 80' lang='lat' dir='ltr'><strong>Haec</strong></span> <span class='ocrx_word' id='word_1_12' title='bbox 906 480 1123 540; x_wconf 79' lang='lat' dir='ltr'><strong>dilectio</strong></span> <span class='ocrx_word' id='word_1_13' title='bbox 1150 482 1403 553; x_wconf 86' lang='lat' dir='ltr'><strong>populum</strong></span> <span class='ocrx_word' id='word_1_14' title='bbox 1432 497 1627 537; x_wconf 90' lang='lat' dir='ltr'><strong>novum</strong></span> <span class='ocrx_word' id='word_1_15' title='bbox 1652 480 1866 551; x_wconf 80' lang='lat' dir='ltr'><strong>collegit</strong></span> <span class='ocrx_word' id='word_1_16' title='bbox 1895 479 2146 544; x_wconf 78' lang='lat' dir='ltr'><strong>Christo;</strong></span> <span class='ocrx_word' id='word_1_17' title='bbox 2178 484 2225 541; x_wconf 86' lang='grc' dir='ltr'><strong>Α</strong></span> <span class='ocrx_word' id='word_1_18' title='bbox 2254 479 2367 535; x_wconf 84' lang='lat' dir='ltr'><strong>Mos</strong></span> <span class='ocrx_word' id='word_1_19' title='bbox 2396 477 2678 532; x_wconf 82' lang='lat' dir='ltr'><strong>mulierum</strong></span> <span class='ocrx_word' id='word_1_20' title='bbox 2710 484 2793 532; x_wconf 86' lang='lat' dir='ltr'><strong>est</strong></span> <span class='ocrx_word' id='word_1_21' title='bbox 2835 474 3084 546; x_wconf 82' lang='lat' dir='ltr'><strong>aspicere</strong></span> <span class='ocrx_word' id='word_1_22' title='bbox 3107 489 3184 530; x_wconf 90' lang='lat' dir='ltr'><strong>se-</strong></span> <span class='ocrx_word' id='word_1_23' title='bbox 3211 472 3269 528; x_wconf 78' lang='lat' dir='ltr'><strong>in</strong></span> <span class='ocrx_word' id='word_1_24' title='bbox 3303 471 3555 544; x_wconf 78' lang='lat' dir='ltr'><strong>speculis,</strong></span> <span class='ocrx_word' id='word_1_25' title='bbox 3580 481 3638 529; x_wconf 86' lang='lat' dir='ltr'><strong>ut</strong></span> <span class='ocrx_word' id='word_1_26' title='bbox 3663 477 3785 546; x_wconf 87' lang='lat' dir='ltr'><strong>quid-</strong></span> 
     </span>
    </p>
   </div>
   <div class='ocr_carea' id='block_1_4' title="bbox 566 572 2151 647">
    <p class='ocr_par' dir='ltr' id='par_1_4' title="bbox 566 572 2151 647">
     <span class='ocr_line' id='line_1_4' title="bbox 566 572 2151 647; baseline -0.005 -13"><span class='ocrx_word' id='word_1_27' title='bbox 566 582 679 634; x_wconf 75' lang='lat' dir='ltr'><strong>hre&#39;c</strong></span> <span class='ocrx_word' id='word_1_28' title='bbox 696 578 955 647; x_wconf 84' lang='lat' dir='ltr'><strong>antiquos</strong></span> <span class='ocrx_word' id='word_1_29' title='bbox 980 575 1169 631; x_wconf 83' lang='lat' dir='ltr'><strong>Patres</strong></span> <span class='ocrx_word' id='word_1_30' title='bbox 1193 575 1482 630; x_wconf 88' lang='lat' dir='ltr'><strong>innovabat</strong></span> <span class='ocrx_word' id='word_1_31' title='bbox 1509 582 1566 629; x_wconf 80' lang='lat' dir='ltr'><strong>u‘t</strong></span> <span class='ocrx_word' id='word_1_32' title='bbox 1592 583 1773 629; x_wconf 79' lang='lat' dir='ltr'><strong>essent</strong></span> <span class='ocrx_word' id='word_1_33' title='bbox 1801 574 1856 629; x_wconf 89' lang='lat' dir='ltr'><strong>in</strong></span> <span class='ocrx_word' id='word_1_34' title='bbox 1878 572 2151 629; x_wconf 80' lang='lat' dir='ltr'><strong>Christum</strong></span> 
     </span>
    </p>
   </div>
   <div class='ocr_carea' id='block_1_5' title="bbox 565 658 2154 736">
    <p class='ocr_par' dir='ltr' id='par_1_5' title="bbox 565 658 2154 736">
     <span class='ocr_line' id='line_1_5' title="bbox 565 658 2154 736; baseline -0.006 -12"><span class='ocrx_word' id='word_1_35' title='bbox 565 658 970 736; x_wconf 59' lang='lat' dir='ltr'><strong>ercdeii&#39;tes&#39;qui</strong></span> <span class='ocrx_word' id='word_1_36' title='bbox 1004 662 1265 721; x_wconf 84' lang='lat' dir='ltr'><strong>venturus</strong></span> <span class='ocrx_word' id='word_1_37' title='bbox 1302 674 1418 720; x_wconf 88' lang='lat' dir='ltr'><strong>erat</strong></span> <span class='ocrx_word' id='word_1_38' title='bbox 1460 664 1724 721; x_wconf 80' lang='lat' dir='ltr'><strong>redimere</strong></span> <span class='ocrx_word' id='word_1_39' title='bbox 1764 679 1877 719; x_wconf 88' lang='lat' dir='ltr'><strong>eos.</strong></span> <span class='ocrx_word' id='word_1_40' title='bbox 1920 663 2154 718; x_wconf 80' lang='lat' dir='ltr'><strong>Audiam</strong></span> 
     </span>
    </p>
   </div>
   <div class='ocr_carea' id='block_1_6' title="bbox 565 750 2152 829">
    <p class='ocr_par' dir='ltr' id='par_1_6' title="bbox 565 750 2152 829">
     <span class='ocr_line' id='line_1_6' title="bbox 565 750 2152 829; baseline -0.006 -13"><span class='ocrx_word' id='word_1_41' title='bbox 565 760 710 816; x_wconf 79' lang='lat' dir='ltr'><strong>enim</strong></span> <span class='ocrx_word' id='word_1_42' title='bbox 740 764 899 829; x_wconf 73' lang='lat' dir='ltr'><strong>atque</strong></span> <span class='ocrx_word' id='word_1_43' title='bbox 925 756 1252 824; x_wconf 74' lang='lat' dir='ltr'><strong>cuStoditftit,</strong></span> <span class='ocrx_word' id='word_1_44' title='bbox 1302 750 1614 811; x_wconf 75' lang='lat' dir='ltr'><strong>Mandatum</strong></span> <span class='ocrx_word' id='word_1_45' title='bbox 1665 768 1851 810; x_wconf 87' lang='lat' dir='ltr'><strong>novum</strong></span> <span class='ocrx_word' id='word_1_46' title='bbox 1901 755 1967 809; x_wconf 73' lang='lat' dir='ltr'><strong>a‘o</strong></span> <span class='ocrx_word' id='word_1_47' title='bbox 2010 752 2152 808; x_wconf 77' lang='lat' dir='ltr'><strong>vobis</strong></span> 
     </span>
    </p>
   </div>
   <div class='ocr_carea' id='block_1_7' title="bbox 566 841 2153 921">
    <p class='ocr_par' dir='ltr' id='par_1_7' title="bbox 566 841 2153 921">
     <span class='ocr_line' id='line_1_7' title="bbox 566 841 2153 921; baseline -0.003 -16"><span class='ocrx_word' id='word_1_48' title='bbox 566 841 627 906; x_wconf 77' lang='lat' dir='ltr'><strong>at</strong></span> <span class='ocrx_word' id='word_1_49' title='bbox 666 844 897 921; x_wconf 75' lang='lat' dir='ltr'><strong>(litigatis</strong></span> <span class='ocrx_word' id='word_1_50' title='bbox 938 851 1172 916; x_wconf 78' lang='lat' dir='ltr'><strong>invicem,</strong></span> <span class='ocrx_word' id='word_1_51' title='bbox 1221 856 1409 904; x_wconf 78' lang='lat' dir='ltr'><strong>amnes</strong></span> <span class='ocrx_word' id='word_1_52' title='bbox 1440 849 1531 919; x_wconf 88' lang='lat' dir='ltr'><strong>qui</strong></span> <span class='ocrx_word' id='word_1_53' title='bbox 1564 847 1753 902; x_wconf 75' lang='lat' dir='ltr'><strong>volunt</strong></span> <span class='ocrx_word' id='word_1_54' title='bbox 1794 846 1993 901; x_wconf 76' lang='lat' dir='ltr'><strong>fratres</strong></span> <span class='ocrx_word' id='word_1_55' title='bbox 2034 860 2153 901; x_wconf 85' lang='lat' dir='ltr'><strong>esse</strong></span> 
     </span>
    </p>
   </div>
   <div class='ocr_carea' id='block_1_8' title="bbox 566 938 2155 1013">
    <p class='ocr_par' dir='ltr' id='par_1_8' title="bbox 566 938 2155 1013">
     <span class='ocr_line' id='line_1_8' title="bbox 566 938 2155 1013; baseline -0.003 -17"><span class='ocrx_word' id='word_1_56' title='bbox 566 938 711 997; x_wconf 77' lang='lat' dir='ltr'><strong>unici</strong></span> <span class='ocrx_word' id='word_1_57' title='bbox 734 940 858 997; x_wconf 72' lang='lat' dir='ltr'><strong>Filii</strong></span> <span class='ocrx_word' id='word_1_58' title='bbox 884 938 1005 1008; x_wconf 87' lang='lat' dir='ltr'><strong>Dei,</strong></span> <span class='ocrx_word' id='word_1_59' title='bbox 1033 943 1122 1013; x_wconf 87' lang='lat' dir='ltr'><strong>qui</strong></span> <span class='ocrx_word' id='word_1_60' title='bbox 1151 941 1384 1011; x_wconf 72' lang='lat' dir='ltr'><strong>seipsum</strong></span> <span class='ocrx_word' id='word_1_61' title='bbox 1410 941 1469 995; x_wconf 83' lang='lat' dir='ltr'><strong>in</strong></span> <span class='ocrx_word' id='word_1_62' title='bbox 1499 942 1601 995; x_wconf 86' lang='lat' dir='ltr'><strong>hac</strong></span> <span class='ocrx_word' id='word_1_63' title='bbox 1630 939 1912 996; x_wconf 88' lang='lat' dir='ltr'><strong>dilectione</strong></span> <span class='ocrx_word' id='word_1_64' title='bbox 1936 938 2155 993; x_wconf 79' lang='lat' dir='ltr'><strong>tradidit</strong></span> 
     </span>
    </p>
   </div>
   <div class='ocr_carea' id='block_1_9' title="bbox 565 1028 2151 1105">
    <p class='ocr_par' dir='ltr' id='par_1_9' title="bbox 565 1028 2151 1105">
     <span class='ocr_line' id='line_1_9' title="bbox 565 1028 2151 1105; baseline -0.004 -18"><span class='ocrx_word' id='word_1_65' title='bbox 565 1048 665 1105; x_wconf 89' lang='lat' dir='ltr'><strong>pro</strong></span> <span class='ocrx_word' id='word_1_66' title='bbox 686 1028 866 1089; x_wconf 63' lang='lat' dir='ltr'><strong>sinitis.</strong></span> <span class='ocrx_word' id='word_1_67' title='bbox 898 1028 1036 1088; x_wconf 78' lang='lat' dir='ltr'><strong>Nam</strong></span> <span class='ocrx_word' id='word_1_68' title='bbox 1064 1040 1119 1087; x_wconf 92' lang='lat' dir='ltr'><strong>et</strong></span> <span class='ocrx_word' id='word_1_69' title='bbox 1150 1033 1212 1087; x_wconf 83' lang='lat' dir='ltr'><strong>in</strong></span> <span class='ocrx_word' id='word_1_70' title='bbox 1244 1033 1347 1088; x_wconf 90' lang='lat' dir='ltr'><strong>hoc</strong></span> <span class='ocrx_word' id='word_1_71' title='bbox 1370 1030 1628 1085; x_wconf 84' lang='lat' dir='ltr'><strong>mandato</strong></span> <span class='ocrx_word' id='word_1_72' title='bbox 1672 1029 1797 1085; x_wconf 89' lang='lat' dir='ltr'><strong>illud</strong></span> <span class='ocrx_word' id='word_1_73' title='bbox 1838 1029 2151 1084; x_wconf 86' lang='lat' dir='ltr'><strong>mandatum</strong></span> 
     </span>
    </p>
   </div>
   <div class='ocr_carea' id='block_1_10' title="bbox 482 1118 2153 1198">
    <p class='ocr_par' dir='ltr' id='par_1_10' title="bbox 482 1118 2153 1198">
     <span class='ocr_line' id='line_1_10' title="bbox 482 1118 2153 1198; baseline -0.004 -17"><span class='ocrx_word' id='word_1_74' title='bbox 482 1154 488 1160; x_wconf 68' lang='grc' dir='ltr'><strong><em>ι</em></strong></span> <span class='ocrx_word' id='word_1_75' title='bbox 568 1136 650 1181; x_wconf 86' lang='lat' dir='ltr'><strong>est</strong></span> <span class='ocrx_word' id='word_1_76' title='bbox 672 1127 985 1198; x_wconf 82' lang='lat' dir='ltr'><strong>quodprius</strong></span> <span class='ocrx_word' id='word_1_77' title='bbox 1007 1126 1226 1196; x_wconf 87' lang='lat' dir='ltr'><strong>ponitur</strong></span> <span class='ocrx_word' id='word_1_78' title='bbox 1250 1145 1260 1179; x_wconf 91' lang='lat'>:</span> <span class='ocrx_word' id='word_1_79' title='bbox 1290 1123 1487 1195; x_wconf 82' lang='lat' dir='ltr'><strong>Diliges</strong></span> <span class='ocrx_word' id='word_1_80' title='bbox 1514 1124 1793 1178; x_wconf 87' lang='lat' dir='ltr'><strong>Dominum</strong></span> <span class='ocrx_word' id='word_1_81' title='bbox 1820 1118 1981 1177; x_wconf 88' lang='lat' dir='ltr'><strong>Deum</strong></span> <span class='ocrx_word' id='word_1_82' title='bbox 2006 1130 2153 1176; x_wconf 83' lang='lat' dir='ltr'><strong>tuum</strong></span> 
     </span>
    </p>
   </div>
   <div class='ocr_carea' id='block_1_11' title="bbox 567 1215 2155 1282">
    <p class='ocr_par' dir='ltr' id='par_1_11' title="bbox 567 1215 2155 1282">
     <span class='ocr_line' id='line_1_11' title="bbox 567 1215 2155 1282; baseline -0.003 -11"><span class='ocrx_word' id='word_1_83' title='bbox 567 1232 633 1271; x_wconf 77' lang='lat' dir='ltr'><strong>ex</strong></span> <span class='ocrx_word' id='word_1_84' title='bbox 664 1215 971 1271; x_wconf 70' lang='lat' dir='ltr'><strong>&#39;tota&#39;ca‘ra‘e</strong></span> <span class='ocrx_word' id='word_1_85' title='bbox 1000 1224 1119 1282; x_wconf 76' lang='lat' dir='ltr'><strong>tuo,</strong></span> <span class='ocrx_word' id='word_1_86' title='bbox 1162 1225 1210 1270; x_wconf 89' lang='lat' dir='ltr'><strong>et</strong></span> <span class='ocrx_word' id='word_1_87' title='bbox 1244 1230 1308 1270; x_wconf 81' lang='lat' dir='ltr'><strong>ea:</strong></span> <span class='ocrx_word' id='word_1_88' title='bbox 1344 1224 1453 1269; x_wconf 87' lang='lat' dir='ltr'><strong>tata</strong></span> <span class='ocrx_word' id='word_1_89' title='bbox 1495 1215 1671 1269; x_wconf 82' lang='lat' dir='ltr'><strong>anima</strong></span> <span class='ocrx_word' id='word_1_90' title='bbox 1714 1226 1826 1281; x_wconf 87' lang='lat' dir='ltr'><strong>tua,</strong></span> <span class='ocrx_word' id='word_1_91' title='bbox 1858 1224 1905 1268; x_wconf 86' lang='lat' dir='ltr'><strong>et</strong></span> <span class='ocrx_word' id='word_1_92' title='bbox 1946 1230 2010 1268; x_wconf 75' lang='lat' dir='ltr'><strong>ea:</strong></span> <span class='ocrx_word' id='word_1_93' title='bbox 2049 1225 2155 1268; x_wconf 88' lang='lat' dir='ltr'><strong>tota</strong></span> 
     </span>
    </p>
   </div>
   <div class='ocr_carea' id='block_1_12' title="bbox 566 1305 2152 1380">
    <p class='ocr_par' dir='ltr' id='par_1_12' title="bbox 566 1305 2152 1380">
     <span class='ocr_line' id='line_1_12' title="bbox 566 1305 2152 1380; baseline 0.001 -18"><span class='ocrx_word' id='word_1_94' title='bbox 566 1318 736 1363; x_wconf 86' lang='lat' dir='ltr'><strong>mente</strong></span> <span class='ocrx_word' id='word_1_95' title='bbox 765 1316 876 1362; x_wconf 89' lang='lat' dir='ltr'><strong>tua.</strong></span> <span class='ocrx_word' id='word_1_96' title='bbox 912 1305 1027 1364; x_wconf 85' lang='lat' dir='ltr'><strong>Sed</strong></span> <span class='ocrx_word' id='word_1_97' title='bbox 1051 1307 1188 1363; x_wconf 86' lang='lat' dir='ltr'><strong>bene</strong></span> <span class='ocrx_word' id='word_1_98' title='bbox 1215 1308 1636 1380; x_wconf 83' lang='lat' dir='ltr'><strong>intelligentibus</strong></span> <span class='ocrx_word' id='word_1_99' title='bbox 1674 1319 1965 1378; x_wconf 86' lang='lat' dir='ltr'><strong>utrumque</strong></span> <span class='ocrx_word' id='word_1_100' title='bbox 2002 1308 2152 1363; x_wconf 79' lang='lat' dir='ltr'><strong>inve-</strong></span> 
     </span>
    </p>
   </div>
   <div class='ocr_carea' id='block_1_13' title="bbox 568 1392 2153 1471">
    <p class='ocr_par' dir='ltr' id='par_1_13' title="bbox 568 1392 2153 1471">
     <span class='ocr_line' id='line_1_13' title="bbox 568 1392 2153 1471; baseline -0.001 -17"><span class='ocrx_word' id='word_1_101' title='bbox 568 1398 795 1454; x_wconf 79' lang='lat' dir='ltr'><strong>nitur‘in</strong></span> <span class='ocrx_word' id='word_1_102' title='bbox 824 1394 1076 1471; x_wconf 81' lang='lat' dir='ltr'><strong>singulis;</strong></span> <span class='ocrx_word' id='word_1_103' title='bbox 1110 1408 1234 1453; x_wconf 80' lang='lat' dir='ltr'><strong>nam</strong></span> <span class='ocrx_word' id='word_1_104' title='bbox 1271 1408 1325 1453; x_wconf 89' lang='lat' dir='ltr'><strong>et</strong></span> <span class='ocrx_word' id='word_1_105' title='bbox 1350 1399 1451 1469; x_wconf 79' lang='lat' dir='ltr'><strong>qui</strong></span> <span class='ocrx_word' id='word_1_106' title='bbox 1487 1392 1659 1471; x_wconf 72' lang='lat' dir='ltr'><strong>diligit</strong></span> <span class='ocrx_word' id='word_1_107' title='bbox 1690 1397 1858 1453; x_wconf 90' lang='lat' dir='ltr'><strong>Deum</strong></span> <span class='ocrx_word' id='word_1_108' title='bbox 1892 1411 1997 1453; x_wconf 91' lang='lat' dir='ltr'><strong>non</strong></span> <span class='ocrx_word' id='word_1_109' title='bbox 2031 1412 2153 1453; x_wconf 89' lang='lat' dir='ltr'><strong>eum</strong></span> 
     </span>
    </p>
   </div>
   <div class='ocr_carea' id='block_1_14' title="bbox 567 1491 2150 1565">
    <p class='ocr_par' dir='ltr' id='par_1_14' title="bbox 567 1491 2150 1565">
     <span class='ocr_line' id='line_1_14' title="bbox 567 1491 2150 1565; baseline -0.001 -17"><span class='ocrx_word' id='word_1_110' title='bbox 567 1498 749 1564; x_wconf 72' lang='lat' dir='ltr'><strong>potest</strong></span> <span class='ocrx_word' id='word_1_111' title='bbox 783 1491 1037 1549; x_wconf 86' lang='lat' dir='ltr'><strong>cohibere</strong></span> <span class='ocrx_word' id='word_1_112' title='bbox 1073 1493 1472 1565; x_wconf 64' lang='lat' dir='ltr'><strong>praecipientem</strong></span> <span class='ocrx_word' id='word_1_113' title='bbox 1507 1496 1567 1548; x_wconf 78' lang='lat' dir='ltr'><strong>tit</strong></span> <span class='ocrx_word' id='word_1_114' title='bbox 1600 1492 1788 1563; x_wconf 78' lang='lat' dir='ltr'><strong>diligat</strong></span> <span class='ocrx_word' id='word_1_115' title='bbox 1826 1495 2150 1565; x_wconf 77' lang='lat' dir='ltr'><strong>proximum,</strong></span> 
     </span>
    </p>
   </div>
   <div class='ocr_carea' id='block_1_15' title="bbox 2253 566 3787 643">
    <p class='ocr_par' dir='ltr' id='par_1_15' title="bbox 2253 566 3787 643">
     <span class='ocr_line' id='line_1_15' title="bbox 2253 566 3787 643; baseline 0.001 -17"><span class='ocrx_word' id='word_1_116' title='bbox 2253 571 2381 643; x_wconf 90' lang='lat' dir='ltr'><strong>quid</strong></span> <span class='ocrx_word' id='word_1_117' title='bbox 2428 572 2482 626; x_wconf 90' lang='lat' dir='ltr'><strong>in</strong></span> <span class='ocrx_word' id='word_1_118' title='bbox 2529 588 2586 627; x_wconf 92' lang='lat' dir='ltr'><strong>se</strong></span> <span class='ocrx_word' id='word_1_119' title='bbox 2629 566 2904 626; x_wconf 80' lang='lat' dir='ltr'><strong>sordidum</strong></span> <span class='ocrx_word' id='word_1_120' title='bbox 2945 568 3359 640; x_wconf 81' lang='lat' dir='ltr'><strong>perspexerint,</strong></span> <span class='ocrx_word' id='word_1_121' title='bbox 3407 574 3500 624; x_wconf 85' lang='lat' dir='ltr'><strong>aut</strong></span> <span class='ocrx_word' id='word_1_122' title='bbox 3544 580 3641 625; x_wconf 88' lang='lat' dir='ltr'><strong>non</strong></span> <span class='ocrx_word' id='word_1_123' title='bbox 3685 570 3787 631; x_wconf 83' lang='lat' dir='ltr'><strong>bene</strong></span> 
     </span>
    </p>
   </div>
   <div class='ocr_carea' id='block_1_16' title="bbox 2254 658 3785 736">
    <p class='ocr_par' dir='ltr' id='par_1_16' title="bbox 2254 658 3785 736">
     <span class='ocr_line' id='line_1_16' title="bbox 2254 658 3785 736; baseline -0.001 -16"><span class='ocrx_word' id='word_1_124' title='bbox 2254 664 2631 735; x_wconf 86' lang='lat' dir='ltr'><strong>compositum,</strong></span> <span class='ocrx_word' id='word_1_125' title='bbox 2660 664 2715 718; x_wconf 91' lang='lat' dir='ltr'><strong>in</strong></span> <span class='ocrx_word' id='word_1_126' title='bbox 2738 662 2933 719; x_wconf 86' lang='lat' dir='ltr'><strong>melius</strong></span> <span class='ocrx_word' id='word_1_127' title='bbox 2962 664 3271 729; x_wconf 86' lang='lat' dir='ltr'><strong>emendato,</strong></span> <span class='ocrx_word' id='word_1_128' title='bbox 3297 658 3411 719; x_wconf 74' lang='lat' dir='ltr'><strong>s’uis</strong></span> <span class='ocrx_word' id='word_1_129' title='bbox 3450 668 3680 734; x_wconf 69' lang='lat' dir='ltr'><strong>satagunt</strong></span> <span class='ocrx_word' id='word_1_130' title='bbox 3698 665 3785 736; x_wconf 80' lang='lat' dir='ltr'><strong>pla-</strong></span> 
     </span>
    </p>
   </div>
   <div class='ocr_carea' id='block_1_17' title="bbox 2254 752 3785 825">
    <p class='ocr_par' dir='ltr' id='par_1_17' title="bbox 2254 752 3785 825">
     <span class='ocr_line' id='line_1_17' title="bbox 2254 752 3785 825; baseline 0.001 -12"><span class='ocrx_word' id='word_1_131' title='bbox 2254 764 2378 813; x_wconf 79' lang='lat' dir='ltr'><strong>c‘ere</strong></span> <span class='ocrx_word' id='word_1_132' title='bbox 2410 758 2636 813; x_wconf 89' lang='lat' dir='ltr'><strong>maritis.</strong></span> <span class='ocrx_word' id='word_1_133' title='bbox 2682 754 2835 825; x_wconf 82' lang='lat' dir='ltr'><strong>Quod</strong></span> <span class='ocrx_word' id='word_1_134' title='bbox 2875 752 3053 813; x_wconf 86' lang='lat' dir='ltr'><strong>facere</strong></span> <span class='ocrx_word' id='word_1_135' title='bbox 3095 752 3379 811; x_wconf 76' lang='lat' dir='ltr'><strong>moraliter</strong></span> <span class='ocrx_word' id='word_1_136' title='bbox 3408 754 3673 813; x_wconf 79' lang='lat' dir='ltr'><strong>animabus</strong></span> <span class='ocrx_word' id='word_1_137' title='bbox 3694 772 3785 814; x_wconf 84' lang='lat' dir='ltr'><strong>con-</strong></span> 
     </span>
    </p>
   </div>
   <div class='ocr_carea' id='block_1_18' title="bbox 2254 846 3786 916">
    <p class='ocr_par' dir='ltr' id='par_1_18' title="bbox 2254 846 3786 916">
     <span class='ocr_line' id='line_1_18' title="bbox 2254 846 3786 916; baseline -0.001 -11"><span class='ocrx_word' id='word_1_138' title='bbox 2254 853 2400 905; x_wconf 82' lang='lat' dir='ltr'><strong>venit</strong></span> <span class='ocrx_word' id='word_1_139' title='bbox 2431 850 2649 905; x_wconf 86' lang='lat' dir='ltr'><strong>nostris.</strong></span> <span class='ocrx_word' id='word_1_140' title='bbox 2681 848 2949 905; x_wconf 87' lang='lat' dir='ltr'><strong>Debemus</strong></span> <span class='ocrx_word' id='word_1_141' title='bbox 2977 848 3177 903; x_wconf 89' lang='lat' dir='ltr'><strong>etenim</strong></span> <span class='ocrx_word' id='word_1_142' title='bbox 3206 860 3322 903; x_wconf 83' lang='lat' dir='ltr'><strong>nos</strong></span> <span class='ocrx_word' id='word_1_143' title='bbox 3344 848 3401 903; x_wconf 89' lang='lat' dir='ltr'><strong>in</strong></span> <span class='ocrx_word' id='word_1_144' title='bbox 3432 846 3786 916; x_wconf 75' lang='lat' dir='ltr'><strong>Evangelii,scu</strong></span> 
     </span>
    </p>
   </div>
   <div class='ocr_carea' id='block_1_19' title="bbox 2254 936 3783 1014">
    <p class='ocr_par' dir='ltr' id='par_1_19' title="bbox 2254 936 3783 1014">
     <span class='ocr_line' id='line_1_19' title="bbox 2254 936 3783 1014; baseline -0.002 -14"><span class='ocrx_word' id='word_1_145' title='bbox 2254 944 2493 1000; x_wconf 89' lang='lat' dir='ltr'><strong>omnium</strong></span> <span class='ocrx_word' id='word_1_146' title='bbox 2515 936 2816 998; x_wconf 80' lang='lat' dir='ltr'><strong>divinarum</strong></span> <span class='ocrx_word' id='word_1_147' title='bbox 2838 944 3245 1014; x_wconf 89' lang='lat' dir='ltr'><strong>Scripturarum</strong></span> <span class='ocrx_word' id='word_1_148' title='bbox 3268 942 3576 1011; x_wconf 86' lang='lat' dir='ltr'><strong>conspicere</strong></span> <span class='ocrx_word' id='word_1_149' title='bbox 3598 942 3783 1012; x_wconf 73' lang='lat' dir='ltr'><strong>Speculo,</strong></span> 
     </span>
    </p>
   </div>
   <div class='ocr_carea' id='block_1_20' title="bbox 2256 1033 3787 1107">
    <p class='ocr_par' dir='ltr' id='par_1_20' title="bbox 2256 1033 3787 1107">
     <span class='ocr_line' id='line_1_20' title="bbox 2256 1033 3787 1107; baseline -0.003 -16"><span class='ocrx_word' id='word_1_150' title='bbox 2256 1043 2312 1091; x_wconf 93' lang='lat' dir='ltr'><strong>et</strong></span> <span class='ocrx_word' id='word_1_151' title='bbox 2344 1034 2600 1107; x_wconf 86' lang='lat' dir='ltr'><strong>depositis</strong></span> <span class='ocrx_word' id='word_1_152' title='bbox 2628 1034 2894 1098; x_wconf 86' lang='lat' dir='ltr'><strong>sordibus,</strong></span> <span class='ocrx_word' id='word_1_153' title='bbox 2929 1034 3245 1104; x_wconf 83' lang='lat' dir='ltr'><strong>ornatisque</strong></span> <span class='ocrx_word' id='word_1_154' title='bbox 3273 1033 3516 1088; x_wconf 86' lang='lat' dir='ltr'><strong>moribus</strong></span> <span class='ocrx_word' id='word_1_155' title='bbox 3541 1033 3787 1087; x_wconf 85' lang='lat' dir='ltr'><strong>animarum</strong></span> 
     </span>
    </p>
   </div>
   <div class='ocr_carea' id='block_1_21' title="bbox 2257 1120 3784 1198">
    <p class='ocr_par' dir='ltr' id='par_1_21' title="bbox 2257 1120 3784 1198">
     <span class='ocr_line' id='line_1_21' title="bbox 2257 1120 3784 1198; baseline -0.003 -16"><span class='ocrx_word' id='word_1_156' title='bbox 2257 1135 2593 1193; x_wconf 87' lang='lat' dir='ltr'><strong>nostrarum,</strong></span> <span class='ocrx_word' id='word_1_157' title='bbox 2614 1124 2841 1181; x_wconf 77' lang='lat' dir='ltr'><strong>Christo</strong></span> <span class='ocrx_word' id='word_1_158' title='bbox 2868 1140 2998 1181; x_wconf 84' lang='lat' dir='ltr'><strong>vero</strong></span> <span class='ocrx_word' id='word_1_159' title='bbox 3046 1122 3265 1198; x_wconf 87' lang='lat' dir='ltr'><strong>placere</strong></span> <span class='ocrx_word' id='word_1_160' title='bbox 3299 1123 3495 1179; x_wconf 87' lang='lat' dir='ltr'><strong>merito</strong></span> <span class='ocrx_word' id='word_1_161' title='bbox 3523 1120 3687 1196; x_wconf 85' lang='lat' dir='ltr'><strong>[Forte</strong></span> <span class='ocrx_word' id='word_1_162' title='bbox 3714 1123 3784 1194; x_wconf 77' lang='lat' dir='ltr'><strong>leg.</strong></span> 
     </span>
    </p>
   </div>
   <div class='ocr_carea' id='block_1_22' title="bbox 2258 1214 2497 1290">
    <p class='ocr_par' dir='ltr' id='par_1_22' title="bbox 2258 1214 2497 1290">
     <span class='ocr_line' id='line_1_22' title="bbox 2258 1214 2497 1290; baseline 0 -19"><span class='ocrx_word' id='word_1_163' title='bbox 2258 1216 2390 1271; x_wconf 89' lang='lat' dir='ltr'><strong>mari</strong></span> <span class='ocrx_word' id='word_1_164' title='bbox 2399 1214 2497 1290; x_wconf 90' lang='lat' dir='ltr'><strong>to].</strong></span> 
     </span>
    </p>
   </div>
   <div class='ocr_carea' id='block_1_23' title="bbox 2331 1298 3786 1380">
    <p class='ocr_par' dir='ltr' id='par_1_23' title="bbox 2331 1298 3786 1380">
     <span class='ocr_line' id='line_1_23' title="bbox 2331 1298 3786 1380; baseline 0 -19"><span class='ocrx_word' id='word_1_165' title='bbox 2331 1307 2436 1374; x_wconf 84' lang='lat' dir='ltr'><strong>Qui</strong></span> <span class='ocrx_word' id='word_1_166' title='bbox 2444 1298 2637 1363; x_wconf 61' lang='lat' dir='ltr'><strong>autem</strong></span> <span class='ocrx_word' id='word_1_167' title='bbox 2672 1308 2989 1380; x_wconf 69' lang='lat' dir='ltr'><strong>perspexerit</strong></span> <span class='ocrx_word' id='word_1_168' title='bbox 3016 1308 3073 1363; x_wconf 88' lang='lat' dir='ltr'><strong>in</strong></span> <span class='ocrx_word' id='word_1_169' title='bbox 3097 1306 3207 1380; x_wconf 85' lang='lat' dir='ltr'><strong>lege</strong></span> <span class='ocrx_word' id='word_1_170' title='bbox 3238 1306 3468 1379; x_wconf 82' lang='lat' dir='ltr'><strong>perfecta</strong></span> <span class='ocrx_word' id='word_1_171' title='bbox 3494 1305 3730 1373; x_wconf 69' lang='lat' dir='ltr'><strong>libertatis,</strong></span> <span class='ocrx_word' id='word_1_172' title='bbox 3753 1317 3786 1361; x_wconf 83' lang='lat' dir='ltr'><strong>et</strong></span> 
     </span>
    </p>
   </div>
   <div class='ocr_carea' id='block_1_24' title="bbox 2255 1397 3786 1473">
    <p class='ocr_par' dir='ltr' id='par_1_24' title="bbox 2255 1397 3786 1473">
     <span class='ocr_line' id='line_1_24' title="bbox 2255 1397 3786 1473; baseline -0.003 -17"><span class='ocrx_word' id='word_1_173' title='bbox 2255 1401 2597 1473; x_wconf 79' lang='lat' dir='ltr'><strong>permanserit</strong></span> <span class='ocrx_word' id='word_1_174' title='bbox 2628 1401 2682 1456; x_wconf 91' lang='lat' dir='ltr'><strong>in</strong></span> <span class='ocrx_word' id='word_1_175' title='bbox 2719 1418 2800 1455; x_wconf 91' lang='lat' dir='ltr'><strong>ea.</strong></span> <span class='ocrx_word' id='word_1_176' title='bbox 2841 1398 3041 1473; x_wconf 81' lang='lat' dir='ltr'><strong>Legem</strong></span> <span class='ocrx_word' id='word_1_177' title='bbox 3082 1397 3383 1471; x_wconf 78' lang='lat' dir='ltr'><strong>perfectam</strong></span> <span class='ocrx_word' id='word_1_178' title='bbox 3426 1397 3671 1453; x_wconf 81' lang='lat' dir='ltr'><strong>libertatis</strong></span> <span class='ocrx_word' id='word_1_179' title='bbox 3698 1414 3786 1467; x_wconf 82' lang='lat' dir='ltr'><strong>gra-</strong></span> 
     </span>
    </p>
   </div>
   <div class='ocr_carea' id='block_1_25' title="bbox 2258 1489 3787 1566">
    <p class='ocr_par' dir='ltr' id='par_1_25' title="bbox 2258 1489 3787 1566">
     <span class='ocr_line' id='line_1_25' title="bbox 2258 1489 3787 1566; baseline -0.002 -19"><span class='ocrx_word' id='word_1_180' title='bbox 2258 1493 2389 1548; x_wconf 87' lang='lat' dir='ltr'><strong>tiam</strong></span> <span class='ocrx_word' id='word_1_181' title='bbox 2428 1494 2703 1566; x_wconf 75' lang='lat' dir='ltr'><strong>Evangelii</strong></span> <span class='ocrx_word' id='word_1_182' title='bbox 2745 1492 2905 1560; x_wconf 89' lang='lat' dir='ltr'><strong>dicit;</strong></span> <span class='ocrx_word' id='word_1_183' title='bbox 2950 1491 3084 1549; x_wconf 89' lang='lat' dir='ltr'><strong>nihil</strong></span> <span class='ocrx_word' id='word_1_184' title='bbox 3122 1492 3270 1547; x_wconf 89' lang='lat' dir='ltr'><strong>enim</strong></span> <span class='ocrx_word' id='word_1_185' title='bbox 3311 1490 3381 1547; x_wconf 88' lang='lat' dir='ltr'><strong>ad</strong></span> <span class='ocrx_word' id='word_1_186' title='bbox 3420 1490 3695 1562; x_wconf 81' lang='lat' dir='ltr'><strong>perfectum</strong></span> <span class='ocrx_word' id='word_1_187' title='bbox 3728 1489 3787 1544; x_wconf 82' lang='lat' dir='ltr'><strong>lex</strong></span> 
     </span>
    </p>
   </div>
   <div class='ocr_carea' id='block_1_26' title="bbox 569 1580 3787 1662">
    <p class='ocr_par' dir='ltr' id='par_1_26' title="bbox 569 1580 3787 1662">
     <span class='ocr_line' id='line_1_26' title="bbox 569 1580 3787 1662; baseline -0.003 -19"><span class='ocrx_word' id='word_1_188' title='bbox 569 1599 623 1644; x_wconf 89' lang='lat' dir='ltr'><strong>ct</strong></span> <span class='ocrx_word' id='word_1_189' title='bbox 651 1590 739 1658; x_wconf 92' lang='lat' dir='ltr'><strong>qui</strong></span> <span class='ocrx_word' id='word_1_190' title='bbox 765 1596 890 1644; x_wconf 88' lang='lat' dir='ltr'><strong>ante</strong></span> <span class='ocrx_word' id='word_1_191' title='bbox 923 1598 1086 1659; x_wconf 89' lang='lat' dir='ltr'><strong>atque</strong></span> <span class='ocrx_word' id='word_1_192' title='bbox 1119 1588 1432 1660; x_wconf 84' lang='lat' dir='ltr'><strong>spiritaliter</strong></span> <span class='ocrx_word' id='word_1_193' title='bbox 1457 1589 1628 1662; x_wconf 83' lang='lat' dir='ltr'><strong>diligit</strong></span> <span class='ocrx_word' id='word_1_194' title='bbox 1658 1590 1963 1660; x_wconf 77' lang='lat' dir='ltr'><strong>proximum</strong></span> <span class='ocrx_word' id='word_1_195' title='bbox 1985 1631 1998 1654; x_wconf 94' lang='lat'><strong>,</strong></span> <span class='ocrx_word' id='word_1_196' title='bbox 2028 1589 2157 1658; x_wconf 89' lang='lat' dir='ltr'><strong>quid</strong></span> <span class='ocrx_word' id='word_1_197' title='bbox 2260 1587 2501 1643; x_wconf 81' lang='lat' dir='ltr'><strong>adduxit.</strong></span> <span class='ocrx_word' id='word_1_198' title='bbox 2535 1586 2601 1641; x_wconf 86' lang='lat' dir='ltr'><strong>Et</strong></span> <span class='ocrx_word' id='word_1_199' title='bbox 2635 1584 2761 1641; x_wconf 87' lang='lat' dir='ltr'><strong>alibi</strong></span> <span class='ocrx_word' id='word_1_200' title='bbox 2793 1604 2805 1640; x_wconf 93' lang='lat'>:</span> <span class='ocrx_word' id='word_1_201' title='bbox 2847 1580 2970 1639; x_wconf 85' lang='lat' dir='ltr'><strong>Non</strong></span> <span class='ocrx_word' id='word_1_202' title='bbox 3002 1586 3138 1640; x_wconf 86' lang='lat' dir='ltr'><strong>enim</strong></span> <span class='ocrx_word' id='word_1_203' title='bbox 3172 1584 3447 1655; x_wconf 86' lang='lat' dir='ltr'><strong>accepistis</strong></span> <span class='ocrx_word' id='word_1_204' title='bbox 3472 1582 3688 1653; x_wconf 74' lang='lat' dir='ltr'><strong>spiritum</strong></span> <span class='ocrx_word' id='word_1_205' title='bbox 3710 1599 3787 1635; x_wconf 83' lang='lat' dir='ltr'><strong>ser-</strong></span> 
     </span>
    </p>
   </div>
   <div class='ocr_carea' id='block_1_27' title="bbox 568 1671 3787 1751">
    <p class='ocr_par' dir='ltr' id='par_1_27' title="bbox 568 1671 3787 1751">
     <span class='ocr_line' id='line_1_27' title="bbox 568 1671 3787 1751; baseline -0.003 -17"><span class='ocrx_word' id='word_1_206' title='bbox 568 1680 622 1734; x_wconf 90' lang='lat' dir='ltr'><strong>in</strong></span> <span class='ocrx_word' id='word_1_207' title='bbox 676 1695 741 1734; x_wconf 92' lang='lat' dir='ltr'><strong>eo</strong></span> <span class='ocrx_word' id='word_1_208' title='bbox 791 1679 964 1751; x_wconf 75' lang='lat' dir='ltr'><strong>diligit</strong></span> <span class='ocrx_word' id='word_1_209' title='bbox 1006 1680 1109 1735; x_wconf 86' lang='lat' dir='ltr'><strong>nisi</strong></span> <span class='ocrx_word' id='word_1_210' title='bbox 1160 1679 1484 1734; x_wconf 83' lang='lat' dir='ltr'><strong>Dominum?</strong></span> <span class='ocrx_word' id='word_1_211' title='bbox 1532 1679 1651 1750; x_wconf 81' lang='lat' dir='ltr'><strong>Ipsa</strong></span> <span class='ocrx_word' id='word_1_212' title='bbox 1695 1689 1777 1735; x_wconf 90' lang='lat' dir='ltr'><strong>est</strong></span> <span class='ocrx_word' id='word_1_213' title='bbox 1820 1671 2035 1734; x_wconf 82' lang='lat' dir='ltr'><strong>dilectio</strong></span> <span class='ocrx_word' id='word_1_214' title='bbox 2089 1680 2157 1734; x_wconf 91' lang='lat' dir='ltr'><strong>ab</strong></span> <span class='ocrx_word' id='word_1_215' title='bbox 2258 1674 2435 1735; x_wconf 82' lang='lat' dir='ltr'><strong>vitatis</strong></span> <span class='ocrx_word' id='word_1_216' title='bbox 2468 1678 2657 1732; x_wconf 77' lang='lat' dir='ltr'><strong>iterum</strong></span> <span class='ocrx_word' id='word_1_217' title='bbox 2691 1677 2749 1731; x_wconf 85' lang='lat' dir='ltr'><strong>in</strong></span> <span class='ocrx_word' id='word_1_218' title='bbox 2777 1676 2982 1742; x_wconf 89' lang='lat' dir='ltr'><strong>timore,</strong></span> <span class='ocrx_word' id='word_1_219' title='bbox 3014 1674 3104 1731; x_wconf 85' lang='lat' dir='ltr'><strong>sed</strong></span> <span class='ocrx_word' id='word_1_220' title='bbox 3144 1674 3423 1746; x_wconf 87' lang='lat' dir='ltr'><strong>accepistis</strong></span> <span class='ocrx_word' id='word_1_221' title='bbox 3468 1673 3684 1744; x_wconf 78' lang='lat' dir='ltr'><strong>spiritum</strong></span> <span class='ocrx_word' id='word_1_222' title='bbox 3720 1672 3787 1725; x_wconf 88' lang='lat' dir='ltr'><strong>ad-</strong></span> 
     </span>
    </p>
   </div>
   <div class='ocr_carea' id='block_1_28' title="bbox 568 1756 3789 1843">
    <p class='ocr_par' dir='ltr' id='par_1_28' title="bbox 568 1756 3789 1843">
     <span class='ocr_line' id='line_1_28' title="bbox 568 1756 3789 1843; baseline -0.002 -19"><span class='ocrx_word' id='word_1_223' title='bbox 568 1771 713 1825; x_wconf 89' lang='lat' dir='ltr'><strong>omni</strong></span> <span class='ocrx_word' id='word_1_224' title='bbox 740 1772 1010 1826; x_wconf 85' lang='lat' dir='ltr'><strong>mundana</strong></span> <span class='ocrx_word' id='word_1_225' title='bbox 1033 1771 1320 1828; x_wconf 89' lang='lat' dir='ltr'><strong>dilectione</strong></span> <span class='ocrx_word' id='word_1_226' title='bbox 1341 1772 1573 1828; x_wconf 88' lang='lat' dir='ltr'><strong>discreta</strong></span> <span class='ocrx_word' id='word_1_227' title='bbox 1600 1787 1760 1842; x_wconf 87' lang='lat' dir='ltr'><strong>quam</strong></span> <span class='ocrx_word' id='word_1_228' title='bbox 1783 1768 2157 1841; x_wconf 81' lang='lat' dir='ltr'><strong>distinguendo</strong></span> <span class='ocrx_word' id='word_1_229' title='bbox 2261 1771 2483 1843; x_wconf 88' lang='lat' dir='ltr'><strong>optionis</strong></span> <span class='ocrx_word' id='word_1_230' title='bbox 2514 1770 2765 1840; x_wconf 81' lang='lat' dir='ltr'><strong>ﬁliorum.</strong></span> <span class='ocrx_word' id='word_1_231' title='bbox 2808 1768 2875 1823; x_wconf 89' lang='lat' dir='ltr'><strong>Et</strong></span> <span class='ocrx_word' id='word_1_232' title='bbox 2918 1770 3113 1824; x_wconf 88' lang='lat' dir='ltr'><strong>iterum</strong></span> <span class='ocrx_word' id='word_1_233' title='bbox 3146 1786 3158 1821; x_wconf 88' lang='lat'>:</span> <span class='ocrx_word' id='word_1_234' title='bbox 3192 1756 3297 1821; x_wconf 84' lang='lat' dir='ltr'><strong>Ubi</strong></span> <span class='ocrx_word' id='word_1_235' title='bbox 3338 1766 3475 1821; x_wconf 85' lang='lat' dir='ltr'><strong>enim</strong></span> <span class='ocrx_word' id='word_1_236' title='bbox 3503 1764 3690 1835; x_wconf 84' lang='lat' dir='ltr'><strong>spiritus</strong></span> <span class='ocrx_word' id='word_1_237' title='bbox 3714 1756 3789 1817; x_wconf 85' lang='lat' dir='ltr'><strong>Do-</strong></span> 
     </span>
    </p>
   </div>
   <div class='ocr_carea' id='block_1_29' title="bbox 571 1850 3786 1931">
    <p class='ocr_par' dir='ltr' id='par_1_29' title="bbox 571 1850 3786 1931">
     <span class='ocr_line' id='line_1_29' title="bbox 571 1850 3786 1931; baseline -0.002 -17"><span class='ocrx_word' id='word_1_238' title='bbox 571 1860 774 1916; x_wconf 83' lang='lat' dir='ltr'><strong>addidit</strong></span> <span class='ocrx_word' id='word_1_239' title='bbox 794 1862 1073 1927; x_wconf 88' lang='lat' dir='ltr'><strong>Dominus,</strong></span> <span class='ocrx_word' id='word_1_240' title='bbox 1097 1863 1231 1916; x_wconf 81' lang='lat' dir='ltr'><strong>sicut</strong></span> <span class='ocrx_word' id='word_1_241' title='bbox 1250 1861 1409 1916; x_wconf 71' lang='lat' dir='ltr'><strong>dilexi</strong></span> <span class='ocrx_word' id='word_1_242' title='bbox 1437 1880 1542 1927; x_wconf 83' lang='lat' dir='ltr'><strong>vos,</strong></span> <span class='ocrx_word' id='word_1_243' title='bbox 1571 1878 1693 1917; x_wconf 89' lang='lat' dir='ltr'><strong>cum</strong></span> <span class='ocrx_word' id='word_1_244' title='bbox 1721 1860 1978 1918; x_wconf 88' lang='lat' dir='ltr'><strong>Dominus</strong></span> <span class='ocrx_word' id='word_1_245' title='bbox 2001 1860 2157 1916; x_wconf 86' lang='lat' dir='ltr'><strong>Jesus</strong></span> <span class='ocrx_word' id='word_1_246' title='bbox 2186 1850 2233 1913; x_wconf 88' lang='lat' dir='ltr'><strong>B</strong></span> <span class='ocrx_word' id='word_1_247' title='bbox 2262 1862 2413 1927; x_wconf 87' lang='lat' dir='ltr'><strong>mini,</strong></span> <span class='ocrx_word' id='word_1_248' title='bbox 2452 1861 2523 1915; x_wconf 89' lang='lat' dir='ltr'><strong>ibi</strong></span> <span class='ocrx_word' id='word_1_249' title='bbox 2562 1860 2791 1915; x_wconf 86' lang='lat' dir='ltr'><strong>libertas.</strong></span> <span class='ocrx_word' id='word_1_250' title='bbox 2834 1854 2901 1913; x_wconf 84' lang='lat' dir='ltr'><strong>Et</strong></span> <span class='ocrx_word' id='word_1_251' title='bbox 2942 1859 3053 1931; x_wconf 89' lang='lat' dir='ltr'><strong>ipse</strong></span> <span class='ocrx_word' id='word_1_252' title='bbox 3094 1855 3362 1913; x_wconf 88' lang='lat' dir='ltr'><strong>Dominus</strong></span> <span class='ocrx_word' id='word_1_253' title='bbox 3388 1874 3401 1910; x_wconf 90' lang='lat'><strong>:</strong></span> <span class='ocrx_word' id='word_1_254' title='bbox 3433 1852 3490 1910; x_wconf 88' lang='lat' dir='ltr'><strong>Si</strong></span> <span class='ocrx_word' id='word_1_255' title='bbox 3518 1871 3620 1920; x_wconf 84' lang='lat' dir='ltr'><strong>vos,</strong></span> <span class='ocrx_word' id='word_1_256' title='bbox 3645 1852 3786 1923; x_wconf 89' lang='lat' dir='ltr'><strong>inquit,</strong></span> 
     </span>
    </p>
   </div>
   <div class='ocr_carea' id='block_1_30' title="bbox 572 1950 2159 2025">
    <p class='ocr_par' dir='ltr' id='par_1_30' title="bbox 572 1950 2159 2025">
     <span class='ocr_line' id='line_1_30' title="bbox 572 1950 2159 2025; baseline 0.002 -21"><span class='ocrx_word' id='word_1_257' title='bbox 572 1959 816 2006; x_wconf 88' lang='lat' dir='ltr'><strong>sanctam</strong></span> <span class='ocrx_word' id='word_1_258' title='bbox 845 1952 1205 2018; x_wconf 88' lang='lat' dir='ltr'><strong>dilectionem,</strong></span> <span class='ocrx_word' id='word_1_259' title='bbox 1235 1962 1339 2023; x_wconf 90' lang='lat' dir='ltr'><strong>qua</strong></span> <span class='ocrx_word' id='word_1_260' title='bbox 1373 1967 1430 2008; x_wconf 91' lang='lat' dir='ltr'><strong>se</strong></span> <span class='ocrx_word' id='word_1_261' title='bbox 1464 1952 1698 2007; x_wconf 80' lang='lat' dir='ltr'><strong>invicem</strong></span> <span class='ocrx_word' id='word_1_262' title='bbox 1731 1953 2034 2025; x_wconf 77' lang='lat' dir='ltr'><strong>diligerent,</strong></span> <span class='ocrx_word' id='word_1_263' title='bbox 2078 1950 2159 2007; x_wconf 86' lang='lat' dir='ltr'><strong>di-</strong></span> 
     </span>
    </p>
   </div>
   <div class='ocr_carea' id='block_1_31' title="bbox 572 2026 1238 2110">
    <p class='ocr_par' dir='ltr' id='par_1_31' title="bbox 572 2026 1238 2110">
     <span class='ocr_line' id='line_1_31' title="bbox 572 2026 1238 2110; baseline 0.002 -14"><span class='ocrx_word' id='word_1_264' title='bbox 572 2040 791 2110; x_wconf 86' lang='lat' dir='ltr'><strong>scipulis</strong></span> <span class='ocrx_word' id='word_1_265' title='bbox 817 2026 1238 2097; x_wconf 80' lang='lat' dir='ltr'><strong>commendaret.</strong></span> 
     </span>
    </p>
   </div>
   <div class='ocr_carea' id='block_1_32' title="bbox 644 2132 2159 2207">
    <p class='ocr_par' dir='ltr' id='par_1_32' title="bbox 644 2132 2159 2207">
     <span class='ocr_line' id='line_1_32' title="bbox 644 2132 2159 2207; baseline 0.002 -20"><span class='ocrx_word' id='word_1_266' title='bbox 644 2132 783 2187; x_wconf 88' lang='lat' dir='ltr'><strong>Dicit</strong></span> <span class='ocrx_word' id='word_1_267' title='bbox 804 2135 850 2188; x_wconf 89' lang='lat' dir='ltr'><strong>ei</strong></span> <span class='ocrx_word' id='word_1_268' title='bbox 874 2133 1055 2190; x_wconf 87' lang='lat' dir='ltr'><strong>Simon</strong></span> <span class='ocrx_word' id='word_1_269' title='bbox 1081 2134 1269 2189; x_wconf 77' lang='lat' dir='ltr'><strong>Petrus</strong></span> <span class='ocrx_word' id='word_1_270' title='bbox 1291 2150 1310 2188; x_wconf 90' lang='grc'><strong>.·</strong></span> <span class='ocrx_word' id='word_1_271' title='bbox 1334 2134 1575 2201; x_wconf 87' lang='lat' dir='ltr'><strong>Domine,</strong></span> <span class='ocrx_word' id='word_1_272' title='bbox 1598 2153 1699 2207; x_wconf 81' lang='lat' dir='ltr'><strong>quo</strong></span> <span class='ocrx_word' id='word_1_273' title='bbox 1730 2134 1916 2192; x_wconf 77' lang='lat' dir='ltr'><strong>vadis?</strong></span> <span class='ocrx_word' id='word_1_274' title='bbox 1940 2134 2033 2191; x_wconf 90' lang='lat' dir='ltr'><strong>Sic</strong></span> <span class='ocrx_word' id='word_1_275' title='bbox 2056 2137 2159 2190; x_wconf 70' lang='lat' dir='ltr'><strong>uti-</strong></span> 
     </span>
    </p>
   </div>
   <div class='ocr_carea' id='block_1_33' title="bbox 572 2222 2165 2298">
    <p class='ocr_par' dir='ltr' id='par_1_33' title="bbox 572 2222 2165 2298">
     <span class='ocr_line' id='line_1_33' title="bbox 572 2222 2165 2298; baseline 0.003 -20"><span class='ocrx_word' id='word_1_276' title='bbox 572 2240 678 2294; x_wconf 89' lang='lat' dir='ltr'><strong>que</strong></span> <span class='ocrx_word' id='word_1_277' title='bbox 712 2224 820 2280; x_wconf 82' lang='lat' dir='ltr'><strong>hoc</strong></span> <span class='ocrx_word' id='word_1_278' title='bbox 858 2226 995 2280; x_wconf 86' lang='lat' dir='ltr'><strong>dixit</strong></span> <span class='ocrx_word' id='word_1_279' title='bbox 1027 2227 1285 2297; x_wconf 86' lang='lat' dir='ltr'><strong>magistro</strong></span> <span class='ocrx_word' id='word_1_280' title='bbox 1307 2222 1600 2298; x_wconf 76' lang='lat' dir='ltr'><strong>discipulus</strong></span> <span class='ocrx_word' id='word_1_281' title='bbox 1632 2234 1688 2280; x_wconf 89' lang='lat' dir='ltr'><strong>et</strong></span> <span class='ocrx_word' id='word_1_282' title='bbox 1717 2228 1945 2281; x_wconf 87' lang='lat' dir='ltr'><strong>Domino</strong></span> <span class='ocrx_word' id='word_1_283' title='bbox 1974 2238 2165 2283; x_wconf 83' lang='lat' dir='ltr'><strong>servus</strong></span> 
     </span>
    </p>
   </div>
   <div class='ocr_carea' id='block_1_34' title="bbox 571 2316 2163 2388">
    <p class='ocr_par' dir='ltr' id='par_1_34' title="bbox 571 2316 2163 2388">
     <span class='ocr_line' id='line_1_34' title="bbox 571 2316 2163 2388; baseline 0.002 -18"><span class='ocrx_word' id='word_1_284' title='bbox 571 2322 827 2384; x_wconf 81' lang='lat' dir='ltr'><strong>tanquam</strong></span> <span class='ocrx_word' id='word_1_285' title='bbox 872 2318 1021 2387; x_wconf 87' lang='lat' dir='ltr'><strong>sequi</strong></span> <span class='ocrx_word' id='word_1_286' title='bbox 1058 2328 1300 2387; x_wconf 80' lang='lat' dir='ltr'><strong>paratus,</strong></span> <span class='ocrx_word' id='word_1_287' title='bbox 1340 2326 1623 2388; x_wconf 84' lang='lat' dir='ltr'><strong>propterea</strong></span> <span class='ocrx_word' id='word_1_288' title='bbox 1664 2319 1862 2388; x_wconf 84' lang='lat' dir='ltr'><strong>quippe</strong></span> <span class='ocrx_word' id='word_1_289' title='bbox 1902 2316 2163 2373; x_wconf 88' lang='lat' dir='ltr'><strong>Dominus</strong></span> 
     </span>
    </p>
   </div>
   <div class='ocr_carea' id='block_1_35' title="bbox 572 2404 2164 2485">
    <p class='ocr_par' dir='ltr' id='par_1_35' title="bbox 572 2404 2164 2485">
     <span class='ocr_line' id='line_1_35' title="bbox 572 2404 2164 2485; baseline 0.002 -26"><span class='ocrx_word' id='word_1_290' title='bbox 572 2407 663 2477; x_wconf 85' lang='lat' dir='ltr'><strong>qui</strong></span> <span class='ocrx_word' id='word_1_291' title='bbox 693 2407 809 2476; x_wconf 82' lang='lat' dir='ltr'><strong>ejus</strong></span> <span class='ocrx_word' id='word_1_292' title='bbox 842 2407 1083 2462; x_wconf 78' lang='lat' dir='ltr'><strong>animum</strong></span> <span class='ocrx_word' id='word_1_293' title='bbox 1110 2404 1256 2485; x_wconf 76' lang='lat' dir='ltr'><strong>vidit&#39;</strong></span> <span class='ocrx_word' id='word_1_294' title='bbox 1275 2416 1443 2477; x_wconf 84' lang='lat' dir='ltr'><strong>quare</strong></span> <span class='ocrx_word' id='word_1_295' title='bbox 1470 2407 1574 2462; x_wconf 88' lang='lat' dir='ltr'><strong>hoc</strong></span> <span class='ocrx_word' id='word_1_296' title='bbox 1606 2407 2052 2477; x_wconf 75' lang='lat' dir='ltr'><strong>interrogaverit,</strong></span> <span class='ocrx_word' id='word_1_297' title='bbox 2084 2407 2164 2462; x_wconf 90' lang='lat' dir='ltr'><strong>sic</strong></span> 
     </span>
    </p>
   </div>
   <div class='ocr_carea' id='block_1_36' title="bbox 572 2499 970 2569">
    <p class='ocr_par' dir='ltr' id='par_1_36' title="bbox 572 2499 970 2569">
     <span class='ocr_line' id='line_1_36' title="bbox 572 2499 970 2569; baseline 0.003 -15"><span class='ocrx_word' id='word_1_298' title='bbox 572 2499 625 2554; x_wconf 85' lang='lat' dir='ltr'><strong>ei</strong></span> <span class='ocrx_word' id='word_1_299' title='bbox 660 2499 932 2569; x_wconf 81' lang='lat' dir='ltr'><strong>respondit</strong></span> <span class='ocrx_word' id='word_1_300' title='bbox 955 2517 970 2555; x_wconf 92' lang='lat'><strong>:</strong></span> 
     </span>
    </p>
   </div>
   <div class='ocr_carea' id='block_1_37' title="bbox 649 2587 2164 2661">
    <p class='ocr_par' dir='ltr' id='par_1_37' title="bbox 649 2587 2164 2661">
     <span class='ocr_line' id='line_1_37' title="bbox 649 2587 2164 2661; baseline -0.001 -18"><span class='ocrx_word' id='word_1_301' title='bbox 649 2590 764 2655; x_wconf 85' lang='lat' dir='ltr'><strong>Quo</strong></span> <span class='ocrx_word' id='word_1_302' title='bbox 785 2607 879 2661; x_wconf 85' lang='lat' dir='ltr'><strong>ego</strong></span> <span class='ocrx_word' id='word_1_303' title='bbox 896 2589 1032 2645; x_wconf 81' lang='lat' dir='ltr'><strong>vado</strong></span> <span class='ocrx_word' id='word_1_304' title='bbox 1057 2594 1496 2660; x_wconf 17' lang='lat' dir='ltr'><strong>non‘potesmm</strong></span> <span class='ocrx_word' id='word_1_305' title='bbox 1510 2589 1671 2643; x_wconf 70' lang='lat' dir='ltr'><strong>modo</strong></span> <span class='ocrx_word' id='word_1_306' title='bbox 1693 2589 1855 2661; x_wconf 89' lang='lat' dir='ltr'><strong>sequi.</strong></span> <span class='ocrx_word' id='word_1_307' title='bbox 1882 2587 2164 2659; x_wconf 87' lang='lat' dir='ltr'><strong>Tanquam</strong></span> 
     </span>
    </p>
   </div>
   <div class='ocr_carea' id='block_1_38' title="bbox 575 2681 2160 2755">
    <p class='ocr_par' dir='ltr' id='par_1_38' title="bbox 575 2681 2160 2755">
     <span class='ocr_line' id='line_1_38' title="bbox 575 2681 2160 2755; baseline -0.001 -19"><span class='ocrx_word' id='word_1_308' title='bbox 575 2682 781 2737; x_wconf 88' lang='lat' dir='ltr'><strong>diceret</strong></span> <span class='ocrx_word' id='word_1_309' title='bbox 810 2699 824 2735; x_wconf 89' lang='lat'><strong>:</strong></span> <span class='ocrx_word' id='word_1_310' title='bbox 855 2681 1087 2753; x_wconf 88' lang='lat' dir='ltr'><strong>Propter</strong></span> <span class='ocrx_word' id='word_1_311' title='bbox 1116 2682 1261 2752; x_wconf 89' lang='lat' dir='ltr'><strong>quod</strong></span> <span class='ocrx_word' id='word_1_312' title='bbox 1301 2682 1603 2755; x_wconf 83' lang='lat' dir='ltr'><strong>interrogas</strong></span> <span class='ocrx_word' id='word_1_313' title='bbox 1639 2699 1746 2737; x_wconf 91' lang='lat' dir='ltr'><strong>non</strong></span> <span class='ocrx_word' id='word_1_314' title='bbox 1791 2691 1945 2752; x_wconf 88' lang='lat' dir='ltr'><strong>potes</strong></span> <span class='ocrx_word' id='word_1_315' title='bbox 1984 2682 2160 2737; x_wconf 89' lang='lat' dir='ltr'><strong>modo.</strong></span> 
     </span>
    </p>
   </div>
   <div class='ocr_carea' id='block_1_39' title="bbox 575 2769 2167 2844">
    <p class='ocr_par' dir='ltr' id='par_1_39' title="bbox 575 2769 2167 2844">
     <span class='ocr_line' id='line_1_39' title="bbox 575 2769 2167 2844; baseline 0.001 -17"><span class='ocrx_word' id='word_1_316' title='bbox 575 2769 696 2827; x_wconf 82' lang='lat' dir='ltr'><strong>Non</strong></span> <span class='ocrx_word' id='word_1_317' title='bbox 734 2770 811 2827; x_wconf 73' lang='lat' dir='ltr'><strong>ait</strong></span> <span class='ocrx_word' id='word_1_318' title='bbox 840 2790 854 2826; x_wconf 87' lang='lat'><strong>:</strong></span> <span class='ocrx_word' id='word_1_319' title='bbox 885 2770 1005 2827; x_wconf 79' lang='lat' dir='ltr'><strong>Non</strong></span> <span class='ocrx_word' id='word_1_320' title='bbox 1039 2778 1223 2844; x_wconf 87' lang='lat' dir='ltr'><strong>potes;</strong></span> <span class='ocrx_word' id='word_1_321' title='bbox 1268 2773 1362 2828; x_wconf 85' lang='lat' dir='ltr'><strong>sed</strong></span> <span class='ocrx_word' id='word_1_322' title='bbox 1400 2780 1505 2828; x_wconf 84' lang='lat' dir='ltr'><strong>non</strong></span> <span class='ocrx_word' id='word_1_323' title='bbox 1542 2782 1695 2844; x_wconf 81' lang='lat' dir='ltr'><strong>potes</strong></span> <span class='ocrx_word' id='word_1_324' title='bbox 1723 2774 1877 2828; x_wconf 86' lang='lat' dir='ltr'><strong>modo</strong></span> <span class='ocrx_word' id='word_1_325' title='bbox 1906 2790 1924 2828; x_wconf 91' lang='lat'><strong><em>:</em></strong></span> <span class='ocrx_word' id='word_1_326' title='bbox 1955 2772 2167 2829; x_wconf 88' lang='lat' dir='ltr'><strong>dilatio-</strong></span> 
     </span>
    </p>
   </div>
   <div class='ocr_carea' id='block_1_40' title="bbox 575 2862 2165 2936">
    <p class='ocr_par' dir='ltr' id='par_1_40' title="bbox 575 2862 2165 2936">
     <span class='ocr_line' id='line_1_40' title="bbox 575 2862 2165 2936; baseline 0.003 -21"><span class='ocrx_word' id='word_1_327' title='bbox 575 2874 701 2916; x_wconf 76' lang='lat' dir='ltr'><strong>nem</strong></span> <span class='ocrx_word' id='word_1_328' title='bbox 726 2862 935 2929; x_wconf 84' lang='lat' dir='ltr'><strong>intulit,</strong></span> <span class='ocrx_word' id='word_1_329' title='bbox 968 2870 1078 2918; x_wconf 79' lang='lat' dir='ltr'><strong>non</strong></span> <span class='ocrx_word' id='word_1_330' title='bbox 1109 2874 1259 2933; x_wconf 82' lang='lat' dir='ltr'><strong>spem</strong></span> <span class='ocrx_word' id='word_1_331' title='bbox 1286 2862 1442 2930; x_wconf 81' lang='lat' dir='ltr'><strong>tulit;</strong></span> <span class='ocrx_word' id='word_1_332' title='bbox 1476 2870 1531 2919; x_wconf 86' lang='lat' dir='ltr'><strong>et</strong></span> <span class='ocrx_word' id='word_1_333' title='bbox 1556 2865 1798 2920; x_wconf 79' lang='lat' dir='ltr'><strong>eamdem</strong></span> <span class='ocrx_word' id='word_1_334' title='bbox 1830 2878 1977 2936; x_wconf 88' lang='lat' dir='ltr'><strong>spem</strong></span> <span class='ocrx_word' id='word_1_335' title='bbox 2004 2874 2165 2936; x_wconf 82' lang='lat' dir='ltr'><strong>quam</strong></span> 
     </span>
    </p>
   </div>
   <div class='ocr_carea' id='block_1_41' title="bbox 576 2951 2168 3026">
    <p class='ocr_par' dir='ltr' id='par_1_41' title="bbox 576 2951 2168 3026">
     <span class='ocr_line' id='line_1_41' title="bbox 576 2951 2168 3026; baseline 0.003 -20"><span class='ocrx_word' id='word_1_336' title='bbox 576 2965 684 3006; x_wconf 88' lang='lat' dir='ltr'><strong>non</strong></span> <span class='ocrx_word' id='word_1_337' title='bbox 713 2951 864 3018; x_wconf 91' lang='lat' dir='ltr'><strong>tulit,</strong></span> <span class='ocrx_word' id='word_1_338' title='bbox 905 2953 999 3009; x_wconf 85' lang='lat' dir='ltr'><strong>sed</strong></span> <span class='ocrx_word' id='word_1_339' title='bbox 1043 2954 1224 3023; x_wconf 91' lang='lat' dir='ltr'><strong>potius</strong></span> <span class='ocrx_word' id='word_1_340' title='bbox 1263 2953 1440 3022; x_wconf 84' lang='lat' dir='ltr'><strong>dedit,</strong></span> <span class='ocrx_word' id='word_1_341' title='bbox 1474 2956 1720 3026; x_wconf 87' lang='lat' dir='ltr'><strong>sequenti</strong></span> <span class='ocrx_word' id='word_1_342' title='bbox 1748 2966 1881 3011; x_wconf 89' lang='lat' dir='ltr'><strong>voce</strong></span> <span class='ocrx_word' id='word_1_343' title='bbox 1930 2954 2168 3013; x_wconf 85' lang='lat' dir='ltr'><strong>ﬁrmavit</strong></span> 
     </span>
    </p>
   </div>
   <div class='ocr_carea' id='block_1_42' title="bbox 576 3044 1315 3117">
    <p class='ocr_par' dir='ltr' id='par_1_42' title="bbox 576 3044 1315 3117">
     <span class='ocr_line' id='line_1_42' title="bbox 576 3044 1315 3117; baseline 0.004 -18"><span class='ocrx_word' id='word_1_344' title='bbox 576 3044 822 3101; x_wconf 82' lang='lat' dir='ltr'><strong>addendo</strong></span> <span class='ocrx_word' id='word_1_345' title='bbox 851 3053 1013 3117; x_wconf 83' lang='lat' dir='ltr'><strong>atque</strong></span> <span class='ocrx_word' id='word_1_346' title='bbox 1042 3044 1271 3102; x_wconf 79' lang='lat' dir='ltr'><strong>dicendo</strong></span> <span class='ocrx_word' id='word_1_347' title='bbox 1298 3061 1315 3101; x_wconf 89' lang='lat'><strong>:</strong></span> 
     </span>
    </p>
   </div>
   <div class='ocr_carea' id='block_1_43' title="bbox 648 3132 2168 3210">
    <p class='ocr_par' dir='ltr' id='par_1_43' title="bbox 648 3132 2168 3210">
     <span class='ocr_line' id='line_1_43' title="bbox 648 3132 2168 3210; baseline 0.003 -19"><span class='ocrx_word' id='word_1_348' title='bbox 648 3133 892 3209; x_wconf 68' lang='lat' dir='ltr'><strong>Sequeris</strong></span> <span class='ocrx_word' id='word_1_349' title='bbox 922 3144 1097 3193; x_wconf 76' lang='lat' dir='ltr'><strong>autem</strong></span> <span class='ocrx_word' id='word_1_350' title='bbox 1126 3146 1324 3209; x_wconf 82' lang='lat' dir='ltr'><strong>postea.</strong></span> <span class='ocrx_word' id='word_1_351' title='bbox 1349 3132 1633 3210; x_wconf 77' lang='lat' dir='ltr'><strong>Respondit</strong></span> <span class='ocrx_word' id='word_1_352' title='bbox 1660 3139 1887 3195; x_wconf 79' lang='lat' dir='ltr'><strong>Petrus:</strong></span> <span class='ocrx_word' id='word_1_353' title='bbox 1914 3139 2090 3207; x_wconf 84' lang='lat' dir='ltr'><strong>Quare</strong></span> <span class='ocrx_word' id='word_1_354' title='bbox 2119 3149 2168 3195; x_wconf 87' lang='lat' dir='ltr'><strong>te</strong></span> 
     </span>
    </p>
   </div>
   <div class='ocr_carea' id='block_1_44' title="bbox 2260 1949 3288 2017">
    <p class='ocr_par' dir='ltr' id='par_1_44' title="bbox 2260 1949 3288 2017">
     <span class='ocr_line' id='line_1_44' title="bbox 2260 1949 3288 2017; baseline -0.003 -10"><span class='ocrx_word' id='word_1_355' title='bbox 2260 1951 2311 2006; x_wconf 84' lang='lat' dir='ltr'><em>F</em></span> <span class='ocrx_word' id='word_1_356' title='bbox 2312 1952 2435 2007; x_wconf 88' lang='lat' dir='ltr'><strong>ilius</strong></span> <span class='ocrx_word' id='word_1_357' title='bbox 2464 1950 2778 2017; x_wconf 83' lang='lat' dir='ltr'><strong>liberaverit,</strong></span> <span class='ocrx_word' id='word_1_358' title='bbox 2796 1967 2913 2004; x_wconf 88' lang='lat' dir='ltr'><strong>vere</strong></span> <span class='ocrx_word' id='word_1_359' title='bbox 2940 1949 3091 2004; x_wconf 81' lang='lat' dir='ltr'><strong>liberi</strong></span> <span class='ocrx_word' id='word_1_360' title='bbox 3116 1950 3288 2004; x_wconf 82' lang='lat' dir='ltr'><strong>eritis.</strong></span> 
     </span>
    </p>
   </div>
   <div class='ocr_carea' id='block_1_45' title="bbox 2336 2034 3786 2108">
    <p class='ocr_par' dir='ltr' id='par_1_45' title="bbox 2336 2034 3786 2108">
     <span class='ocr_line' id='line_1_45' title="bbox 2336 2034 3786 2108; baseline -0.008 -10"><span class='ocrx_word' id='word_1_361' title='bbox 2336 2044 2458 2098; x_wconf 88' lang='lat' dir='ltr'><strong>Non</strong></span> <span class='ocrx_word' id='word_1_362' title='bbox 2487 2043 2699 2098; x_wconf 85' lang='lat' dir='ltr'><strong>auditor</strong></span> <span class='ocrx_word' id='word_1_363' title='bbox 2737 2041 3016 2097; x_wconf 75' lang='lat' dir='ltr'><strong>obliuiosus</strong></span> <span class='ocrx_word' id='word_1_364' title='bbox 3057 2040 3254 2108; x_wconf 87' lang='lat' dir='ltr'><strong>factus,</strong></span> <span class='ocrx_word' id='word_1_365' title='bbox 3299 2038 3391 2093; x_wconf 83' lang='lat' dir='ltr'><strong>sed</strong></span> <span class='ocrx_word' id='word_1_366' title='bbox 3435 2037 3595 2105; x_wconf 86' lang='lat' dir='ltr'><strong>factor</strong></span> <span class='ocrx_word' id='word_1_367' title='bbox 3628 2034 3786 2105; x_wconf 80' lang='lat' dir='ltr'><strong>operis:</strong></span> 
     </span>
    </p>
   </div>
   <div class='ocr_carea' id='block_1_46' title="bbox 2262 2127 3787 2203">
    <p class='ocr_par' dir='ltr' id='par_1_46' title="bbox 2262 2127 3787 2203">
     <span class='ocr_line' id='line_1_46' title="bbox 2262 2127 3787 2203; baseline -0.006 -15"><span class='ocrx_word' id='word_1_368' title='bbox 2262 2135 2346 2189; x_wconf 79' lang='lat' dir='ltr'><strong>hic</strong></span> <span class='ocrx_word' id='word_1_369' title='bbox 2373 2134 2551 2188; x_wconf 83' lang='lat' dir='ltr'><strong>beatus</strong></span> <span class='ocrx_word' id='word_1_370' title='bbox 2579 2134 2637 2187; x_wconf 90' lang='lat' dir='ltr'><strong>in</strong></span> <span class='ocrx_word' id='word_1_371' title='bbox 2668 2134 2807 2203; x_wconf 86' lang='lat' dir='ltr'><strong>facto</strong></span> <span class='ocrx_word' id='word_1_372' title='bbox 2838 2150 2933 2187; x_wconf 88' lang='lat' dir='ltr'><strong>suo</strong></span> <span class='ocrx_word' id='word_1_373' title='bbox 2963 2134 3079 2187; x_wconf 90' lang='lat' dir='ltr'><strong>erit.</strong></span> <span class='ocrx_word' id='word_1_374' title='bbox 3119 2130 3239 2187; x_wconf 79' lang='lat' dir='ltr'><strong>Non</strong></span> <span class='ocrx_word' id='word_1_375' title='bbox 3266 2130 3455 2186; x_wconf 90' lang='lat' dir='ltr'><strong>auditu</strong></span> <span class='ocrx_word' id='word_1_376' title='bbox 3484 2127 3624 2185; x_wconf 90' lang='lat' dir='ltr'><strong>verbi</strong></span> <span class='ocrx_word' id='word_1_377' title='bbox 3650 2142 3787 2197; x_wconf 80' lang='lat' dir='ltr'><strong>super-</strong></span> 
     </span>
    </p>
   </div>
   <div class='ocr_carea' id='block_1_47' title="bbox 2263 2222 3785 2295">
    <p class='ocr_par' dir='ltr' id='par_1_47' title="bbox 2263 2222 3785 2295">
     <span class='ocr_line' id='line_1_47' title="bbox 2263 2222 3785 2295; baseline -0.005 -17"><span class='ocrx_word' id='word_1_378' title='bbox 2263 2240 2455 2290; x_wconf 87' lang='lat' dir='ltr'><strong>vacuo,</strong></span> <span class='ocrx_word' id='word_1_379' title='bbox 2484 2226 2577 2280; x_wconf 90' lang='lat' dir='ltr'><strong>sed</strong></span> <span class='ocrx_word' id='word_1_380' title='bbox 2606 2224 2787 2295; x_wconf 90' lang='lat' dir='ltr'><strong>operis</strong></span> <span class='ocrx_word' id='word_1_381' title='bbox 2815 2224 3164 2280; x_wconf 81' lang='lat' dir='ltr'><strong>exsecutione</strong></span> <span class='ocrx_word' id='word_1_382' title='bbox 3189 2222 3472 2279; x_wconf 86' lang='lat' dir='ltr'><strong>beatitudo</strong></span> <span class='ocrx_word' id='word_1_383' title='bbox 3500 2226 3785 2292; x_wconf 72' lang='lat' dir='ltr'><strong>pramamtur,</strong></span> 
     </span>
    </p>
   </div>
   <div class='ocr_carea' id='block_1_48' title="bbox 2264 2311 3789 2388">
    <p class='ocr_par' dir='ltr' id='par_1_48' title="bbox 2264 2311 3789 2388">
     <span class='ocr_line' id='line_1_48' title="bbox 2264 2311 3789 2388; baseline -0.008 -14"><span class='ocrx_word' id='word_1_384' title='bbox 2264 2319 2403 2374; x_wconf 89' lang='lat' dir='ltr'><strong>sicut</strong></span> <span class='ocrx_word' id='word_1_385' title='bbox 2428 2327 2483 2373; x_wconf 90' lang='lat' dir='ltr'><strong>et</strong></span> <span class='ocrx_word' id='word_1_386' title='bbox 2521 2314 2780 2373; x_wconf 88' lang='lat' dir='ltr'><strong>Dominus</strong></span> <span class='ocrx_word' id='word_1_387' title='bbox 2821 2316 3047 2388; x_wconf 84' lang='lat' dir='ltr'><strong>loquens</strong></span> <span class='ocrx_word' id='word_1_388' title='bbox 3090 2318 3158 2373; x_wconf 90' lang='lat' dir='ltr'><strong>ad</strong></span> <span class='ocrx_word' id='word_1_389' title='bbox 3204 2315 3541 2388; x_wconf 85' lang='lat' dir='ltr'><strong>discipulos:</strong></span> <span class='ocrx_word' id='word_1_390' title='bbox 3580 2311 3633 2369; x_wconf 89' lang='lat' dir='ltr'><strong>Si</strong></span> <span class='ocrx_word' id='word_1_391' title='bbox 3663 2320 3789 2365; x_wconf 64' lang='lat' dir='ltr'><strong>autem</strong></span> 
     </span>
    </p>
   </div>
   <div class='ocr_carea' id='block_1_49' title="bbox 2263 2400 3735 2478">
    <p class='ocr_par' dir='ltr' id='par_1_49' title="bbox 2263 2400 3735 2478">
     <span class='ocr_line' id='line_1_49' title="bbox 2263 2400 3735 2478; baseline -0.003 -14"><span class='ocrx_word' id='word_1_392' title='bbox 2263 2410 2426 2473; x_wconf 71' lang='lat' dir='ltr'><strong>sc‘itis,</strong></span> <span class='ocrx_word' id='word_1_393' title='bbox 2455 2409 2589 2463; x_wconf 85' lang='lat' dir='ltr'><strong>beati</strong></span> <span class='ocrx_word' id='word_1_394' title='bbox 2612 2408 2776 2475; x_wconf 81' lang='lat' dir='ltr'><strong>eritis,</strong></span> <span class='ocrx_word' id='word_1_395' title='bbox 2806 2408 3008 2478; x_wconf 87' lang='lat' dir='ltr'><strong>inquit,</strong></span> <span class='ocrx_word' id='word_1_396' title='bbox 3041 2410 3085 2463; x_wconf 88' lang='lat' dir='ltr'><strong>si</strong></span> <span class='ocrx_word' id='word_1_397' title='bbox 3113 2407 3342 2478; x_wconf 72' lang='lat' dir='ltr'><strong>feceritis</strong></span> <span class='ocrx_word' id='word_1_398' title='bbox 3369 2424 3452 2461; x_wconf 87' lang='lat' dir='ltr'><strong>ea.</strong></span> <span class='ocrx_word' id='word_1_399' title='bbox 3730 2400 3735 2403; x_wconf 71' lang='grc'><em>’</em></span> 
     </span>
    </p>
   </div>
   <div class='ocr_carea' id='block_1_50' title="bbox 2337 2491 3788 2569">
    <p class='ocr_par' dir='ltr' id='par_1_50' title="bbox 2337 2491 3788 2569">
     <span class='ocr_line' id='line_1_50' title="bbox 2337 2491 3788 2569; baseline -0.006 -16"><span class='ocrx_word' id='word_1_400' title='bbox 2337 2497 2395 2553; x_wconf 89' lang='lat' dir='ltr'><strong>Si</strong></span> <span class='ocrx_word' id='word_1_401' title='bbox 2419 2500 2534 2569; x_wconf 82' lang='lat' dir='ltr'><strong>quis</strong></span> <span class='ocrx_word' id='word_1_402' title='bbox 2568 2506 2743 2554; x_wconf 88' lang='lat' dir='ltr'><strong>autem</strong></span> <span class='ocrx_word' id='word_1_403' title='bbox 2780 2507 2928 2569; x_wconf 88' lang='lat' dir='ltr'><strong>putat</strong></span> <span class='ocrx_word' id='word_1_404' title='bbox 2958 2515 3011 2552; x_wconf 89' lang='lat' dir='ltr'><strong>se</strong></span> <span class='ocrx_word' id='word_1_405' title='bbox 3056 2496 3359 2569; x_wconf 87' lang='lat' dir='ltr'><strong>religiosum</strong></span> <span class='ocrx_word' id='word_1_406' title='bbox 3400 2513 3526 2562; x_wconf 80' lang='lat' dir='ltr'><strong>esse,</strong></span> <span class='ocrx_word' id='word_1_407' title='bbox 3564 2510 3654 2548; x_wconf 87' lang='lat' dir='ltr'><strong>non</strong></span> <span class='ocrx_word' id='word_1_408' title='bbox 3676 2491 3788 2559; x_wconf 75' lang='lat' dir='ltr'><strong>refre-</strong></span> 
     </span>
    </p>
   </div>
   <div class='ocr_carea' id='block_1_51' title="bbox 2265 2579 3787 2661">
    <p class='ocr_par' dir='ltr' id='par_1_51' title="bbox 2265 2579 3787 2661">
     <span class='ocr_line' id='line_1_51' title="bbox 2265 2579 3787 2661; baseline -0.005 -17"><span class='ocrx_word' id='word_1_409' title='bbox 2265 2607 2397 2645; x_wconf 84' lang='lat' dir='ltr'><strong>nans</strong></span> <span class='ocrx_word' id='word_1_410' title='bbox 2444 2589 2680 2661; x_wconf 85' lang='lat' dir='ltr'><strong>linguam</strong></span> <span class='ocrx_word' id='word_1_411' title='bbox 2710 2607 2892 2654; x_wconf 88' lang='lat' dir='ltr'><strong>suam,</strong></span> <span class='ocrx_word' id='word_1_412' title='bbox 2931 2588 3022 2644; x_wconf 84' lang='lat' dir='ltr'><strong>sed</strong></span> <span class='ocrx_word' id='word_1_413' title='bbox 3063 2588 3321 2643; x_wconf 84' lang='lat' dir='ltr'><strong>seducens</strong></span> <span class='ocrx_word' id='word_1_414' title='bbox 3364 2604 3454 2641; x_wconf 88' lang='lat' dir='ltr'><strong>cor</strong></span> <span class='ocrx_word' id='word_1_415' title='bbox 3486 2600 3651 2647; x_wconf 89' lang='lat' dir='ltr'><strong>suum,</strong></span> <span class='ocrx_word' id='word_1_416' title='bbox 3678 2579 3787 2648; x_wconf 71' lang='lat' dir='ltr'><strong>hujus</strong></span> 
     </span>
    </p>
   </div>
   <div class='ocr_carea' id='block_1_52' title="bbox 2266 2674 3787 2751">
    <p class='ocr_par' dir='ltr' id='par_1_52' title="bbox 2266 2674 3787 2751">
     <span class='ocr_line' id='line_1_52' title="bbox 2266 2674 3787 2751; baseline -0.008 -16"><span class='ocrx_word' id='word_1_417' title='bbox 2266 2698 2397 2735; x_wconf 81' lang='lat' dir='ltr'><strong>vana</strong></span> <span class='ocrx_word' id='word_1_418' title='bbox 2426 2690 2500 2736; x_wconf 85' lang='lat' dir='ltr'><strong>est</strong></span> <span class='ocrx_word' id='word_1_419' title='bbox 2530 2680 2732 2750; x_wconf 87' lang='lat' dir='ltr'><strong>religio.</strong></span> <span class='ocrx_word' id='word_1_420' title='bbox 2764 2679 3045 2734; x_wconf 84' lang='lat' dir='ltr'><strong>Monucrat</strong></span> <span class='ocrx_word' id='word_1_421' title='bbox 3071 2694 3236 2751; x_wconf 87' lang='lat' dir='ltr'><strong>supra</strong></span> <span class='ocrx_word' id='word_1_422' title='bbox 3262 2677 3485 2733; x_wconf 85' lang='lat' dir='ltr'><strong>verbum</strong></span> <span class='ocrx_word' id='word_1_423' title='bbox 3516 2674 3599 2730; x_wconf 88' lang='lat' dir='ltr'><strong>Dei</strong></span> <span class='ocrx_word' id='word_1_424' title='bbox 3627 2687 3711 2727; x_wconf 91' lang='lat' dir='ltr'><strong>non</strong></span> <span class='ocrx_word' id='word_1_425' title='bbox 3730 2685 3787 2723; x_wconf 78' lang='lat' dir='ltr'><strong>so-</strong></span> 
     </span>
    </p>
   </div>
   <div class='ocr_carea' id='block_1_53' title="bbox 2265 2758 3789 2837">
    <p class='ocr_par' dir='ltr' id='par_1_53' title="bbox 2265 2758 3789 2837">
     <span class='ocr_line' id='line_1_53' title="bbox 2265 2758 3789 2837; baseline -0.01 -8"><span class='ocrx_word' id='word_1_426' title='bbox 2265 2774 2378 2829; x_wconf 89' lang='lat' dir='ltr'><strong>lum</strong></span> <span class='ocrx_word' id='word_1_427' title='bbox 2423 2774 2627 2837; x_wconf 86' lang='lat' dir='ltr'><strong>audire,</strong></span> <span class='ocrx_word' id='word_1_428' title='bbox 2673 2772 2767 2828; x_wconf 91' lang='lat' dir='ltr'><strong>scd</strong></span> <span class='ocrx_word' id='word_1_429' title='bbox 2810 2780 2865 2826; x_wconf 89' lang='lat' dir='ltr'><strong>et</strong></span> <span class='ocrx_word' id='word_1_430' title='bbox 2910 2771 3106 2836; x_wconf 79' lang='lat' dir='ltr'><strong>facere,</strong></span> <span class='ocrx_word' id='word_1_431' title='bbox 3154 2787 3301 2827; x_wconf 91' lang='lat' dir='ltr'><strong>nunc</strong></span> <span class='ocrx_word' id='word_1_432' title='bbox 3345 2770 3513 2832; x_wconf 82' lang='lat' dir='ltr'><strong>addit,</strong></span> <span class='ocrx_word' id='word_1_433' title='bbox 3553 2765 3661 2837; x_wconf 86' lang='lat' dir='ltr'><strong>quia</strong></span> <span class='ocrx_word' id='word_1_434' title='bbox 3692 2758 3789 2817; x_wconf 81' lang='lat' dir='ltr'><strong>etsi</strong></span> 
     </span>
    </p>
   </div>
   <div class='ocr_carea' id='block_1_54' title="bbox 2267 2849 3783 2935">
    <p class='ocr_par' dir='ltr' id='par_1_54' title="bbox 2267 2849 3783 2935">
     <span class='ocr_line' id='line_1_54' title="bbox 2267 2849 3783 2935; baseline -0.012 -15"><span class='ocrx_word' id='word_1_435' title='bbox 2267 2866 2520 2921; x_wconf 84' lang='lat' dir='ltr'><strong>mandata</strong></span> <span class='ocrx_word' id='word_1_436' title='bbox 2553 2864 2673 2935; x_wconf 87' lang='lat' dir='ltr'><strong>quis</strong></span> <span class='ocrx_word' id='word_1_437' title='bbox 2703 2863 2914 2920; x_wconf 83' lang='lat' dir='ltr'><strong>Domini</strong></span> <span class='ocrx_word' id='word_1_438' title='bbox 2946 2878 3066 2933; x_wconf 65' lang='lat' dir='ltr'><strong>qua:</strong></span> <span class='ocrx_word' id='word_1_439' title='bbox 3091 2861 3284 2918; x_wconf 73' lang='lat' dir='ltr'><strong>didicnt</strong></span> <span class='ocrx_word' id='word_1_440' title='bbox 3315 2860 3473 2917; x_wconf 78' lang='lat' dir='ltr'><strong>factis</strong></span> <span class='ocrx_word' id='word_1_441' title='bbox 3495 2869 3711 2913; x_wconf 77' lang='lat' dir='ltr'><strong>exercere</strong></span> <span class='ocrx_word' id='word_1_442' title='bbox 3730 2849 3783 2909; x_wconf 77' lang='lat' dir='ltr'><strong>ri-</strong></span> 
     </span>
    </p>
   </div>
   <div class='ocr_carea' id='block_1_55' title="bbox 2267 2942 3784 3025">
    <p class='ocr_par' dir='ltr' id='par_1_55' title="bbox 2267 2942 3784 3025">
     <span class='ocr_line' id='line_1_55' title="bbox 2267 2942 3784 3025; baseline -0.009 -13"><span class='ocrx_word' id='word_1_443' title='bbox 2267 2956 2443 3021; x_wconf 83' lang='lat' dir='ltr'><strong>detur,</strong></span> <span class='ocrx_word' id='word_1_444' title='bbox 2487 2957 2532 3011; x_wconf 88' lang='lat' dir='ltr'><strong>si</strong></span> <span class='ocrx_word' id='word_1_445' title='bbox 2569 2971 2675 3011; x_wconf 92' lang='lat' dir='ltr'><strong>non</strong></span> <span class='ocrx_word' id='word_1_446' title='bbox 2700 2956 2863 3011; x_wconf 90' lang='lat' dir='ltr'><strong>etiam</strong></span> <span class='ocrx_word' id='word_1_447' title='bbox 2897 2953 3135 3025; x_wconf 82' lang='lat' dir='ltr'><strong>linguam</strong></span> <span class='ocrx_word' id='word_1_448' title='bbox 3166 2970 3195 3008; x_wconf 89' lang='lat' dir='ltr'><strong>a</strong></span> <span class='ocrx_word' id='word_1_449' title='bbox 3221 2942 3653 3010; x_wconf 87' lang='lat' dir='ltr'><strong>detractionibus,</strong></span> <span class='ocrx_word' id='word_1_450' title='bbox 3677 2958 3784 2998; x_wconf 82' lang='lat' dir='ltr'><strong>men-</strong></span> 
     </span>
    </p>
   </div>
   <div class='ocr_carea' id='block_1_56' title="bbox 2269 3031 3784 3117">
    <p class='ocr_par' dir='ltr' id='par_1_56' title="bbox 2269 3031 3784 3117">
     <span class='ocr_line' id='line_1_56' title="bbox 2269 3031 3784 3117; baseline -0.011 -15"><span class='ocrx_word' id='word_1_451' title='bbox 2269 3046 2457 3112; x_wconf 85' lang='lat' dir='ltr'><strong>daciis,</strong></span> <span class='ocrx_word' id='word_1_452' title='bbox 2491 3047 2863 3117; x_wconf 89' lang='lat' dir='ltr'><strong>blasphemiis,</strong></span> <span class='ocrx_word' id='word_1_453' title='bbox 2896 3045 3268 3117; x_wconf 90' lang='lat' dir='ltr'><strong>stultiloquiis,</strong></span> <span class='ocrx_word' id='word_1_454' title='bbox 3299 3046 3367 3101; x_wconf 90' lang='lat' dir='ltr'><strong>ab</strong></span> <span class='ocrx_word' id='word_1_455' title='bbox 3390 3046 3503 3116; x_wconf 88' lang='lat' dir='ltr'><strong>ipso</strong></span> <span class='ocrx_word' id='word_1_456' title='bbox 3528 3036 3669 3098; x_wconf 84' lang='lat' dir='ltr'><strong>etiam</strong></span> <span class='ocrx_word' id='word_1_457' title='bbox 3688 3031 3784 3089; x_wconf 85' lang='lat' dir='ltr'><strong>mul-</strong></span> 
     </span>
    </p>
   </div>
   <div class='ocr_carea' id='block_1_57' title="bbox 2269 3130 3786 3211">
    <p class='ocr_par' dir='ltr' id='par_1_57' title="bbox 2269 3130 3786 3211">
     <span class='ocr_line' id='line_1_57' title="bbox 2269 3130 3786 3211; baseline -0.007 -19"><span class='ocrx_word' id='word_1_458' title='bbox 2269 3132 2515 3209; x_wconf 87' lang='lat' dir='ltr'><strong>tiloquio,</strong></span> <span class='ocrx_word' id='word_1_459' title='bbox 2546 3138 2865 3209; x_wconf 65' lang='lat' dir='ltr'><strong>caeterisque</strong></span> <span class='ocrx_word' id='word_1_460' title='bbox 2894 3138 3086 3209; x_wconf 87' lang='lat' dir='ltr'><strong>quibus</strong></span> <span class='ocrx_word' id='word_1_461' title='bbox 3114 3144 3347 3211; x_wconf 86' lang='lat' dir='ltr'><strong>peccare</strong></span> <span class='ocrx_word' id='word_1_462' title='bbox 3392 3134 3522 3191; x_wconf 86' lang='lat' dir='ltr'><strong>solet</strong></span> <span class='ocrx_word' id='word_1_463' title='bbox 3547 3130 3786 3188; x_wconf 59' lang='lat' dir='ltr'><strong>refrenare:</strong></span> 
     </span>
    </p>
   </div>
   <div class='ocr_carea' id='block_1_58' title="bbox 575 3219 3875 3301">
    <p class='ocr_par' dir='ltr' id='par_1_58' title="bbox 575 3219 3875 3301">
     <span class='ocr_line' id='line_1_58' title="bbox 575 3219 3875 3301; baseline -0.002 -20"><span class='ocrx_word' id='word_1_464' title='bbox 575 3238 911 3298; x_wconf 78' lang='lat' dir='ltr'><strong>nonpos‘sum</strong></span> <span class='ocrx_word' id='word_1_465' title='bbox 934 3229 1083 3301; x_wconf 72' lang='lat' dir='ltr'><strong>sequi</strong></span> <span class='ocrx_word' id='word_1_466' title='bbox 1099 3228 1294 3283; x_wconf 82' lang='lat' dir='ltr'><strong>modo?</strong></span> <span class='ocrx_word' id='word_1_467' title='bbox 1315 3227 1554 3283; x_wconf 76' lang='lat' dir='ltr'><strong>Animam</strong></span> <span class='ocrx_word' id='word_1_468' title='bbox 1577 3238 1745 3283; x_wconf 88' lang='lat' dir='ltr'><strong>meam</strong></span> <span class='ocrx_word' id='word_1_469' title='bbox 1767 3244 1860 3299; x_wconf 87' lang='lat' dir='ltr'><strong>pro</strong></span> <span class='ocrx_word' id='word_1_470' title='bbox 1878 3238 1933 3284; x_wconf 79' lang='lat' dir='ltr'><strong>‘te</strong></span> <span class='ocrx_word' id='word_1_471' title='bbox 1950 3238 2163 3301; x_wconf 78' lang='lat' dir='ltr'><strong>ponam.</strong></span> <span class='ocrx_word' id='word_1_472' title='bbox 2194 3219 2239 3282; x_wconf 88' lang='lat' dir='ltr'>C</span> <span class='ocrx_word' id='word_1_473' title='bbox 2270 3229 2362 3294; x_wconf 86' lang='lat' dir='ltr'><strong>rit,</strong></span> <span class='ocrx_word' id='word_1_474' title='bbox 2410 3227 2614 3284; x_wconf 80' lang='lat' dir='ltr'><strong>frustra</strong></span> <span class='ocrx_word' id='word_1_475' title='bbox 2658 3244 2717 3285; x_wconf 88' lang='lat' dir='ltr'><strong>se</strong></span> <span class='ocrx_word' id='word_1_476' title='bbox 2757 3230 2823 3285; x_wconf 92' lang='lat' dir='ltr'><strong>de</strong></span> <span class='ocrx_word' id='word_1_477' title='bbox 2864 3236 3091 3300; x_wconf 88' lang='lat' dir='ltr'><strong>operum</strong></span> <span class='ocrx_word' id='word_1_478' title='bbox 3131 3228 3349 3299; x_wconf 84' lang='lat' dir='ltr'><strong>justitia</strong></span> <span class='ocrx_word' id='word_1_479' title='bbox 3387 3225 3568 3296; x_wconf 73' lang='lat' dir='ltr'><strong>iactat,</strong></span> <span class='ocrx_word' id='word_1_480' title='bbox 3609 3221 3721 3278; x_wconf 87' lang='lat' dir='ltr'><strong>sicut</strong></span> <span class='ocrx_word' id='word_1_481' title='bbox 3753 3221 3786 3273; x_wconf 81' lang='lat' dir='ltr'><strong>cl</strong></span> <span class='ocrx_word' id='word_1_482' title='bbox 3874 3254 3875 3301; x_wconf 16' lang='grc' dir='ltr'>γ</span> 
     </span>
    </p>
   </div>
   <div class='ocr_carea' id='block_1_59' title="bbox 577 3315 2167 3392">
    <p class='ocr_par' dir='ltr' id='par_1_59' title="bbox 577 3315 2167 3392">
     <span class='ocr_line' id='line_1_59' title="bbox 577 3315 2167 3392; baseline 0.004 -23"><span class='ocrx_word' id='word_1_483' title='bbox 577 3315 717 3386; x_wconf 83' lang='lat' dir='ltr'><strong>Quid</strong></span> <span class='ocrx_word' id='word_1_484' title='bbox 760 3318 822 3373; x_wconf 88' lang='lat' dir='ltr'><strong>&#39;in</strong></span> <span class='ocrx_word' id='word_1_485' title='bbox 865 3319 1045 3375; x_wconf 86' lang='lat' dir='ltr'><strong>animo</strong></span> <span class='ocrx_word' id='word_1_486' title='bbox 1079 3319 1199 3391; x_wconf 84' lang='lat' dir='ltr'><strong>ejus</strong></span> <span class='ocrx_word' id='word_1_487' title='bbox 1235 3328 1354 3375; x_wconf 87' lang='lat' dir='ltr'><strong>esse</strong></span> <span class='ocrx_word' id='word_1_488' title='bbox 1389 3320 1702 3392; x_wconf 79' lang='lat' dir='ltr'><strong>cupiditatis</strong></span> <span class='ocrx_word' id='word_1_489' title='bbox 1737 3320 1989 3376; x_wconf 82' lang='lat' dir='ltr'><strong>videbat?</strong></span> <span class='ocrx_word' id='word_1_490' title='bbox 2026 3316 2167 3389; x_wconf 79' lang='lat' dir='ltr'><strong>Quid</strong></span> 
     </span>
    </p>
   </div>
   <div class='ocr_carea' id='block_1_60' title="bbox 575 3402 2168 3482">
    <p class='ocr_par' dir='ltr' id='par_1_60' title="bbox 575 3402 2168 3482">
     <span class='ocr_line' id='line_1_60' title="bbox 575 3402 2168 3482; baseline 0.005 -22"><span class='ocrx_word' id='word_1_491' title='bbox 575 3406 775 3461; x_wconf 78' lang='lat' dir='ltr'><strong>virium</strong></span> <span class='ocrx_word' id='word_1_492' title='bbox 798 3418 910 3464; x_wconf 88' lang='lat' dir='ltr'><strong>non</strong></span> <span class='ocrx_word' id='word_1_493' title='bbox 937 3402 1187 3465; x_wconf 66' lang='lat' dir='ltr'><strong>Videbat?</strong></span> <span class='ocrx_word' id='word_1_494' title='bbox 1214 3408 1557 3467; x_wconf 65' lang='lat' dir='ltr'><strong>Vol‘un‘tatem</strong></span> <span class='ocrx_word' id='word_1_495' title='bbox 1580 3422 1732 3467; x_wconf 87' lang='lat' dir='ltr'><strong>suam</strong></span> <span class='ocrx_word' id='word_1_496' title='bbox 1751 3412 1992 3482; x_wconf 82' lang='lat' dir='ltr'><strong>jactabat</strong></span> <span class='ocrx_word' id='word_1_497' title='bbox 2017 3410 2168 3468; x_wconf 71' lang='lat' dir='ltr'><strong>infir-</strong></span> 
     </span>
    </p>
   </div>
   <div class='ocr_carea' id='block_1_61' title="bbox 577 3498 2169 3576">
    <p class='ocr_par' dir='ltr' id='par_1_61' title="bbox 577 3498 2169 3576">
     <span class='ocr_line' id='line_1_61' title="bbox 577 3498 2169 3576; baseline 0.006 -25"><span class='ocrx_word' id='word_1_498' title='bbox 577 3512 724 3563; x_wconf 88' lang='lat' dir='ltr'><strong>mus,</strong></span> <span class='ocrx_word' id='word_1_499' title='bbox 752 3498 1214 3569; x_wconf 81' lang='lat' dir='ltr'><strong>sed&#39;impendebat</strong></span> <span class='ocrx_word' id='word_1_500' title='bbox 1238 3501 1602 3559; x_wconf 79' lang='lat' dir='ltr'><strong>vaictudinem</strong></span> <span class='ocrx_word' id='word_1_501' title='bbox 1627 3504 1888 3561; x_wconf 87' lang='lat' dir='ltr'><strong>medicus.</strong></span> <span class='ocrx_word' id='word_1_502' title='bbox 1917 3502 2024 3560; x_wconf 80' lang='lat' dir='ltr'><strong>Iste</strong></span> <span class='ocrx_word' id='word_1_503' title='bbox 2048 3512 2169 3576; x_wconf 56' lang='lat' dir='ltr'><strong>pro:</strong></span> 
     </span>
    </p>
   </div>
   <div class='ocr_carea' id='block_1_62' title="bbox 578 3582 2162 3664">
    <p class='ocr_par' dir='ltr' id='par_1_62' title="bbox 578 3582 2162 3664">
     <span class='ocr_line' id='line_1_62' title="bbox 578 3582 2162 3664; baseline 0.007 -23"><span class='ocrx_word' id='word_1_504' title='bbox 578 3587 830 3643; x_wconf 83' lang='lat' dir='ltr'><strong>mittebat</strong></span> <span class='ocrx_word' id='word_1_505' title='bbox 847 3628 861 3654; x_wconf 95' lang='lat'><strong>,</strong></span> <span class='ocrx_word' id='word_1_506' title='bbox 893 3582 983 3645; x_wconf 81' lang='lat' dir='ltr'><strong>ille</strong></span> <span class='ocrx_word' id='word_1_507' title='bbox 1003 3591 1395 3660; x_wconf 80' lang='lat' dir='ltr'><strong>praenoscebat.</strong></span> <span class='ocrx_word' id='word_1_508' title='bbox 1432 3591 1531 3660; x_wconf 84' lang='lat' dir='ltr'><strong>Qui</strong></span> <span class='ocrx_word' id='word_1_509' title='bbox 1557 3594 1853 3663; x_wconf 86' lang='lat' dir='ltr'><strong>nesciebat,</strong></span> <span class='ocrx_word' id='word_1_510' title='bbox 1880 3594 2162 3664; x_wconf 85' lang='lat' dir='ltr'><strong>audiebat;</strong></span> 
     </span>
    </p>
   </div>
   <div class='ocr_carea' id='block_1_63' title="bbox 579 3676 1400 3751">
    <p class='ocr_par' dir='ltr' id='par_1_63' title="bbox 579 3676 1400 3751">
     <span class='ocr_line' id='line_1_63' title="bbox 579 3676 1400 3751; baseline 0.01 -17"><span class='ocrx_word' id='word_1_511' title='bbox 579 3686 637 3735; x_wconf 84' lang='lat' dir='ltr'><strong>et</strong></span> <span class='ocrx_word' id='word_1_512' title='bbox 664 3679 754 3751; x_wconf 86' lang='lat' dir='ltr'><strong>qui</strong></span> <span class='ocrx_word' id='word_1_513' title='bbox 774 3676 1096 3751; x_wconf 74' lang='lat' dir='ltr'><strong>praescieba&#39;t</strong></span> <span class='ocrx_word' id='word_1_514' title='bbox 1110 3723 1126 3750; x_wconf 91' lang='lat'><strong>,</strong></span> <span class='ocrx_word' id='word_1_515' title='bbox 1155 3682 1400 3743; x_wconf 84' lang='lat' dir='ltr'><strong>docebat.</strong></span> 
     </span>
    </p>
   </div>
   <div class='ocr_carea' id='block_1_64' title="bbox 640 3766 2165 3852">
    <p class='ocr_par' dir='ltr' id='par_1_64' title="bbox 640 3766 2165 3852">
     <span class='ocr_line' id='line_1_64' title="bbox 640 3766 2165 3852; baseline 0.009 -28"><span class='ocrx_word' id='word_1_516' title='bbox 640 3769 937 3841; x_wconf 74' lang='lat' dir='ltr'><strong>Respondit</strong></span> <span class='ocrx_word' id='word_1_517' title='bbox 977 3766 1133 3828; x_wconf 62' lang='lat' dir='ltr'><strong>Iesus</strong></span> <span class='ocrx_word' id='word_1_518' title='bbox 1171 3784 1190 3827; x_wconf 87' lang='lat'><strong><em>:</em></strong></span> <span class='ocrx_word' id='word_1_519' title='bbox 1232 3775 1479 3831; x_wconf 71' lang='lat' dir='ltr'><strong>Animam</strong></span> <span class='ocrx_word' id='word_1_520' title='bbox 1512 3782 1661 3832; x_wconf 78' lang='lat' dir='ltr'><strong>Tuam</strong></span> <span class='ocrx_word' id='word_1_521' title='bbox 1706 3795 1801 3848; x_wconf 89' lang='lat' dir='ltr'><strong>pro</strong></span> <span class='ocrx_word' id='word_1_522' title='bbox 1861 3798 1944 3835; x_wconf 88' lang='lat' dir='ltr'><strong>me</strong></span> <span class='ocrx_word' id='word_1_523' title='bbox 1982 3774 2165 3852; x_wconf 80' lang='lat' dir='ltr'><strong>pones.</strong></span> 
     </span>
    </p>
   </div>
   <div class='ocr_carea' id='block_1_65' title="bbox 578 3860 2167 3938">
    <p class='ocr_par' dir='ltr' id='par_1_65' title="bbox 578 3860 2167 3938">
     <span class='ocr_line' id='line_1_65' title="bbox 578 3860 2167 3938; baseline 0.008 -24"><span class='ocrx_word' id='word_1_524' title='bbox 578 3860 735 3929; x_wconf 77' lang='lat' dir='ltr'><strong>Quod</strong></span> <span class='ocrx_word' id='word_1_525' title='bbox 762 3862 1067 3933; x_wconf 72' lang='lat' dir='ltr'><strong>promittis,</strong></span> <span class='ocrx_word' id='word_1_526' title='bbox 1099 3863 1259 3921; x_wconf 89' lang='lat' dir='ltr'><strong>modo</strong></span> <span class='ocrx_word' id='word_1_527' title='bbox 1289 3876 1396 3921; x_wconf 80' lang='lat' dir='ltr'><strong>nun</strong></span> <span class='ocrx_word' id='word_1_528' title='bbox 1438 3874 1622 3938; x_wconf 83' lang='lat' dir='ltr'><strong>potes;</strong></span> <span class='ocrx_word' id='word_1_529' title='bbox 1669 3869 1819 3938; x_wconf 84' lang='lat' dir='ltr'><strong>prius</strong></span> <span class='ocrx_word' id='word_1_530' title='bbox 1863 3877 1947 3925; x_wconf 89' lang='lat' dir='ltr'><strong>est</strong></span> <span class='ocrx_word' id='word_1_531' title='bbox 1988 3872 2167 3927; x_wconf 88' lang='lat' dir='ltr'><strong>anima</strong></span> 
     </span>
    </p>
   </div>
   <div class='ocr_carea' id='block_1_66' title="bbox 579 3955 2167 4028">
    <p class='ocr_par' dir='ltr' id='par_1_66' title="bbox 579 3955 2167 4028">
     <span class='ocr_line' id='line_1_66' title="bbox 579 3955 2167 4028; baseline 0.008 -22"><span class='ocrx_word' id='word_1_532' title='bbox 579 3964 704 4007; x_wconf 89' lang='lat' dir='ltr'><strong>mea</strong></span> <span class='ocrx_word' id='word_1_533' title='bbox 729 3964 827 4023; x_wconf 83' lang='lat' dir='ltr'><strong>pro</strong></span> <span class='ocrx_word' id='word_1_534' title='bbox 856 3962 911 4009; x_wconf 86' lang='lat' dir='ltr'><strong>te</strong></span> <span class='ocrx_word' id='word_1_535' title='bbox 934 3955 1214 4026; x_wconf 83' lang='lat' dir='ltr'><strong>ponenda,</strong></span> <span class='ocrx_word' id='word_1_536' title='bbox 1240 3964 1305 4012; x_wconf 86' lang='lat' dir='ltr'><strong>ut</strong></span> <span class='ocrx_word' id='word_1_537' title='bbox 1335 3957 1511 4027; x_wconf 76' lang='lat' dir='ltr'><strong>pessis</strong></span> <span class='ocrx_word' id='word_1_538' title='bbox 1538 3962 1724 4028; x_wconf 89' lang='lat' dir='ltr'><strong>postea</strong></span> <span class='ocrx_word' id='word_1_539' title='bbox 1755 3961 1992 4017; x_wconf 88' lang='lat' dir='ltr'><strong>animam</strong></span> <span class='ocrx_word' id='word_1_540' title='bbox 2018 3971 2167 4019; x_wconf 89' lang='lat' dir='ltr'><strong>tuam</strong></span> 
     </span>
    </p>
   </div>
   <div class='ocr_carea' id='block_1_67' title="bbox 578 4045 2169 4123">
    <p class='ocr_par' dir='ltr' id='par_1_67' title="bbox 578 4045 2169 4123">
     <span class='ocr_line' id='line_1_67' title="bbox 578 4045 2169 4123; baseline 0.007 -27"><span class='ocrx_word' id='word_1_541' title='bbox 578 4056 680 4113; x_wconf 88' lang='lat' dir='ltr'><strong>pro</strong></span> <span class='ocrx_word' id='word_1_542' title='bbox 716 4050 805 4098; x_wconf 84' lang='lat' dir='ltr'><strong>me</strong></span> <span class='ocrx_word' id='word_1_543' title='bbox 841 4050 1074 4114; x_wconf 81' lang='lat' dir='ltr'><strong>ponere;</strong></span> <span class='ocrx_word' id='word_1_544' title='bbox 1122 4045 1308 4115; x_wconf 86' lang='lat' dir='ltr'><strong>sicque</strong></span> <span class='ocrx_word' id='word_1_545' title='bbox 1336 4046 1765 4103; x_wconf 74' lang='lat' dir='ltr'><strong>&#39;reSurrectionis</strong></span> <span class='ocrx_word' id='word_1_546' title='bbox 1817 4065 1950 4106; x_wconf 63' lang='lat' dir='ltr'><strong>mem</strong></span> <span class='ocrx_word' id='word_1_547' title='bbox 1998 4051 2169 4123; x_wconf 79' lang='lat' dir='ltr'><strong>gloria</strong></span> 
     </span>
    </p>
   </div>
   <div class='ocr_carea' id='block_1_68' title="bbox 577 4128 2170 4214">
    <p class='ocr_par' dir='ltr' id='par_1_68' title="bbox 577 4128 2170 4214">
     <span class='ocr_line' id='line_1_68' title="bbox 577 4128 2170 4214; baseline 0.006 -25"><span class='ocrx_word' id='word_1_548' title='bbox 577 4128 939 4204; x_wconf 83' lang='lat' dir='ltr'><strong>complebitur</strong></span> <span class='ocrx_word' id='word_1_549' title='bbox 952 4138 1014 4189; x_wconf 82' lang='lat' dir='ltr'><strong>et</strong></span> <span class='ocrx_word' id='word_1_550' title='bbox 1038 4134 1308 4205; x_wconf 80' lang='lat' dir='ltr'><strong>passionis</strong></span> <span class='ocrx_word' id='word_1_551' title='bbox 1325 4142 1432 4191; x_wconf 74' lang='lat' dir='ltr'><strong>tua:</strong></span> <span class='ocrx_word' id='word_1_552' title='bbox 1456 4146 1668 4193; x_wconf 88' lang='lat' dir='ltr'><strong>merces</strong></span> <span class='ocrx_word' id='word_1_553' title='bbox 1691 4138 1747 4193; x_wconf 92' lang='lat' dir='ltr'><strong>in</strong></span> <span class='ocrx_word' id='word_1_554' title='bbox 1767 4137 1975 4195; x_wconf 71' lang='lat' dir='ltr'><strong>emlesti</strong></span> <span class='ocrx_word' id='word_1_555' title='bbox 2005 4156 2170 4214; x_wconf 83' lang='lat' dir='ltr'><strong>regno</strong></span> 
     </span>
    </p>
   </div>
   <div class='ocr_carea' id='block_1_69' title="bbox 581 4220 2171 4301">
    <p class='ocr_par' dir='ltr' id='par_1_69' title="bbox 581 4220 2171 4301">
     <span class='ocr_line' id='line_1_69' title="bbox 581 4220 2171 4301; baseline 0.008 -26"><span class='ocrx_word' id='word_1_556' title='bbox 581 4220 676 4276; x_wconf 85' lang='lat' dir='ltr'><strong>tibi</strong></span> <span class='ocrx_word' id='word_1_557' title='bbox 719 4220 1111 4293; x_wconf 64' lang='lat' dir='ltr'><strong>prteparabitur</strong></span> <span class='ocrx_word' id='word_1_558' title='bbox 1153 4232 1216 4280; x_wconf 88' lang='lat' dir='ltr'><strong>ut</strong></span> <span class='ocrx_word' id='word_1_559' title='bbox 1264 4236 1387 4281; x_wconf 87' lang='lat' dir='ltr'><strong>cum</strong></span> <span class='ocrx_word' id='word_1_560' title='bbox 1423 4227 1625 4282; x_wconf 82' lang='lat' dir='ltr'><strong>sanctis</strong></span> <span class='ocrx_word' id='word_1_561' title='bbox 1668 4228 1872 4301; x_wconf 78' lang='lat' dir='ltr'><strong>angelis</strong></span> <span class='ocrx_word' id='word_1_562' title='bbox 1919 4230 2071 4287; x_wconf 83' lang='lat' dir='ltr'><strong>v‘i‘vas</strong></span> <span class='ocrx_word' id='word_1_563' title='bbox 2116 4236 2171 4288; x_wconf 85' lang='lat' dir='ltr'><strong>et</strong></span> 
     </span>
    </p>
   </div>
   <div class='ocr_carea' id='block_1_70' title="bbox 580 4317 1962 4388">
    <p class='ocr_par' dir='ltr' id='par_1_70' title="bbox 580 4317 1962 4388">
     <span class='ocr_line' id='line_1_70' title="bbox 580 4317 1962 4388; baseline 0.009 -19"><span class='ocrx_word' id='word_1_564' title='bbox 580 4317 818 4387; x_wconf 75' lang='lat' dir='ltr'><strong>gaudeas</strong></span> <span class='ocrx_word' id='word_1_565' title='bbox 847 4328 949 4388; x_wconf 82' lang='lat' dir='ltr'><strong>per</strong></span> <span class='ocrx_word' id='word_1_566' title='bbox 969 4320 1149 4374; x_wconf 85' lang='lat' dir='ltr'><strong>omnia</strong></span> <span class='ocrx_word' id='word_1_567' title='bbox 1179 4319 1373 4375; x_wconf 64' lang='lat' dir='ltr'><strong>saecula</strong></span> <span class='ocrx_word' id='word_1_568' title='bbox 1400 4320 1736 4378; x_wconf 64' lang='lat' dir='ltr'><strong>saeculorum.</strong></span> <span class='ocrx_word' id='word_1_569' title='bbox 1769 4323 1962 4382; x_wconf 81' lang='lat' dir='ltr'><strong>Amen.</strong></span> 
     </span>
    </p>
   </div>
   <div class='ocr_carea' id='block_1_71' title="bbox 1161 4424 1598 4488">
    <p class='ocr_par' dir='ltr' id='par_1_71' title="bbox 1161 4424 1598 4488">
     <span class='ocr_line' id='line_1_71' title="bbox 1161 4424 1598 4488; baseline 0.011 -5"><span class='ocrx_word' id='word_1_570' title='bbox 1161 4424 1444 4487; x_wconf 83' lang='lat' dir='ltr'><strong>HOMlLlA</strong></span> <span class='ocrx_word' id='word_1_571' title='bbox 1485 4432 1598 4488; x_wconf 79' lang='lat' dir='ltr'><strong>XL.</strong></span> 
     </span>
    </p>
   </div>
   <div class='ocr_carea' id='block_1_72' title="bbox 735 4508 2023 4564">
    <p class='ocr_par' dir='ltr' id='par_1_72' title="bbox 735 4508 2023 4564">
     <span class='ocr_line' id='line_1_72' title="bbox 735 4508 2023 4564; baseline 0.012 -16"><span class='ocrx_word' id='word_1_572' title='bbox 735 4509 1060 4553; x_wconf 60' lang='lat' dir='ltr'><strong>D&#39;OIINI‘CA</strong></span> <span class='ocrx_word' id='word_1_573' title='bbox 1096 4508 1161 4554; x_wconf 70' lang='lat' dir='ltr'><strong>IV</strong></span> <span class='ocrx_word' id='word_1_574' title='bbox 1196 4515 1355 4557; x_wconf 64' lang='lat' dir='ltr'><strong>P08?</strong></span> <span class='ocrx_word' id='word_1_575' title='bbox 1393 4516 1702 4561; x_wconf 73' lang='grc' dir='ltr'><strong>οοτΑνλιι</strong></span> <span class='ocrx_word' id='word_1_576' title='bbox 1741 4516 2023 4564; x_wconf 68' lang='grc' dir='ltr'><strong>ΡΑΒΟΗΕ.</strong></span> 
     </span>
    </p>
   </div>
   <div class='ocr_carea' id='block_1_73' title="bbox 808 4585 1940 4668">
    <p class='ocr_par' dir='ltr' id='par_1_73' title="bbox 808 4585 1940 4668">
     <span class='ocr_line' id='line_1_73' title="bbox 808 4585 1940 4668; baseline 0.013 -29"><span class='ocrx_word' id='word_1_577' title='bbox 808 4585 995 4642; x_wconf 90' lang='lat' dir='ltr'><strong>Lectio</strong></span> <span class='ocrx_word' id='word_1_578' title='bbox 1022 4588 1277 4660; x_wconf 67' lang='lat' dir='ltr'><strong>Epistulae</strong></span> <span class='ocrx_word' id='word_1_579' title='bbox 1305 4590 1445 4648; x_wconf 90' lang='lat' dir='ltr'><strong>beati</strong></span> <span class='ocrx_word' id='word_1_580' title='bbox 1475 4592 1662 4651; x_wconf 84' lang='lat' dir='ltr'><strong>Jacobi</strong></span> <span class='ocrx_word' id='word_1_581' title='bbox 1693 4594 1940 4668; x_wconf 87' lang='lat' dir='ltr'><strong>apostoli.</strong></span> 
     </span>
    </p>
   </div>
   <div class='ocr_carea' id='block_1_74' title="bbox 650 4668 2167 4753">
    <p class='ocr_par' dir='ltr' id='par_1_74' title="bbox 650 4668 2167 4753">
     <span class='ocr_line' id='line_1_74' title="bbox 650 4668 2167 4753; baseline 0.011 -25"><span class='ocrx_word' id='word_1_582' title='bbox 650 4672 988 4743; x_wconf 74' lang='lat' dir='ltr'><strong>Charissinti,</strong></span> <span class='ocrx_word' id='word_1_583' title='bbox 1026 4688 1185 4735; x_wconf 75' lang='lat' dir='ltr'><strong>estote</strong></span> <span class='ocrx_word' id='word_1_584' title='bbox 1221 4668 1444 4751; x_wconf 72' lang='lat' dir='ltr'><strong>factores</strong></span> <span class='ocrx_word' id='word_1_585' title='bbox 1472 4686 1644 4753; x_wconf 79' lang='lat' dir='ltr'><strong>uerbi,</strong></span> <span class='ocrx_word' id='word_1_586' title='bbox 1680 4695 1730 4740; x_wconf 89' lang='lat' dir='ltr'><strong>et</strong></span> <span class='ocrx_word' id='word_1_587' title='bbox 1767 4704 1872 4743; x_wconf 87' lang='lat' dir='ltr'><strong>non</strong></span> <span class='ocrx_word' id='word_1_588' title='bbox 1903 4688 2167 4745; x_wconf 84' lang='lat' dir='ltr'><strong>auditores</strong></span> 
     </span>
    </p>
   </div>
   <div class='ocr_carea' id='block_1_75' title="bbox 579 4772 949 4833">
    <p class='ocr_par' dir='ltr' id='par_1_75' title="bbox 579 4772 949 4833">
     <span class='ocr_line' id='line_1_75' title="bbox 579 4772 949 4833; baseline 0.016 -15"><span class='ocrx_word' id='word_1_589' title='bbox 579 4772 782 4820; x_wconf 75' lang='lat' dir='ltr'><strong>tantum</strong></span> <span class='ocrx_word' id='word_1_590' title='bbox 798 4808 813 4833; x_wconf 95' lang='lat'><strong>,</strong></span> <span class='ocrx_word' id='word_1_591' title='bbox 842 4775 949 4824; x_wconf 90' lang='lat' dir='ltr'><strong>etc.</strong></span> 
     </span>
    </p>
   </div>
   <div class='ocr_carea' id='block_1_76' title="bbox 652 4854 2169 4934">
    <p class='ocr_par' dir='ltr' id='par_1_76' title="bbox 652 4854 2169 4934">
     <span class='ocr_line' id='line_1_76' title="bbox 652 4854 2169 4934; baseline 0.009 -23"><span class='ocrx_word' id='word_1_592' title='bbox 652 4854 743 4912; x_wconf 89' lang='lat' dir='ltr'><strong>Sic</strong></span> <span class='ocrx_word' id='word_1_593' title='bbox 764 4865 820 4911; x_wconf 88' lang='lat' dir='ltr'><strong>et</strong></span> <span class='ocrx_word' id='word_1_594' title='bbox 841 4855 1042 4916; x_wconf 83' lang='lat' dir='ltr'><strong>Paulus</strong></span> <span class='ocrx_word' id='word_1_595' title='bbox 1069 4858 1136 4918; x_wconf 85' lang='lat' dir='ltr'><strong>de</strong></span> <span class='ocrx_word' id='word_1_596' title='bbox 1160 4860 1297 4934; x_wconf 80' lang='lat' dir='ltr'><strong>legis</strong></span> <span class='ocrx_word' id='word_1_597' title='bbox 1323 4862 1620 4923; x_wconf 76' lang='lat' dir='ltr'><strong>cultoribus</strong></span> <span class='ocrx_word' id='word_1_598' title='bbox 1651 4867 1727 4922; x_wconf 89' lang='lat' dir='ltr'><strong>ait</strong></span> <span class='ocrx_word' id='word_1_599' title='bbox 1757 4885 1770 4922; x_wconf 90' lang='lat'><strong>:</strong></span> <span class='ocrx_word' id='word_1_600' title='bbox 1807 4867 1933 4923; x_wconf 82' lang='lat' dir='ltr'><strong>Non</strong></span> <span class='ocrx_word' id='word_1_601' title='bbox 1960 4869 2169 4926; x_wconf 55' lang='lat' dir='ltr'><strong>audito.</strong></span> 
     </span>
    </p>
   </div>
   <div class='ocr_carea' id='block_1_77' title="bbox 579 4948 2168 5031">
    <p class='ocr_par' dir='ltr' id='par_1_77' title="bbox 579 4948 2168 5031">
     <span class='ocr_line' id='line_1_77' title="bbox 579 4948 2168 5031; baseline 0.01 -32"><span class='ocrx_word' id='word_1_602' title='bbox 579 4962 660 5000; x_wconf 88' lang='lat' dir='ltr'><strong>res</strong></span> <span class='ocrx_word' id='word_1_603' title='bbox 701 4957 905 5003; x_wconf 83' lang='lat' dir='ltr'><strong>tantum</strong></span> <span class='ocrx_word' id='word_1_604' title='bbox 932 4948 1060 5023; x_wconf 80' lang='lat' dir='ltr'><strong>legis</strong></span> <span class='ocrx_word' id='word_1_605' title='bbox 1085 4953 1521 5025; x_wconf 73' lang='lat' dir='ltr'><strong>justiﬁcabuntur</strong></span> <span class='ocrx_word' id='word_1_606' title='bbox 1547 4959 1688 5026; x_wconf 87' lang='lat' dir='ltr'><strong>apud</strong></span> <span class='ocrx_word' id='word_1_607' title='bbox 1717 4958 1916 5025; x_wconf 88' lang='lat' dir='ltr'><strong>Deum,</strong></span> <span class='ocrx_word' id='word_1_608' title='bbox 1947 4958 2037 5015; x_wconf 84' lang='lat' dir='ltr'><strong>sed</strong></span> <span class='ocrx_word' id='word_1_609' title='bbox 2082 4959 2168 5031; x_wconf 79' lang='lat' dir='ltr'><strong>fa—</strong></span> 
     </span>
    </p>
   </div>
   <div class='ocr_carea' id='block_1_78' title="bbox 578 5039 2167 5121">
    <p class='ocr_par' dir='ltr' id='par_1_78' title="bbox 578 5039 2167 5121">
     <span class='ocr_line' id='line_1_78' title="bbox 578 5039 2167 5121; baseline 0.01 -29"><span class='ocrx_word' id='word_1_610' title='bbox 578 5046 743 5093; x_wconf 87' lang='lat' dir='ltr'><strong>ctores</strong></span> <span class='ocrx_word' id='word_1_611' title='bbox 766 5039 892 5111; x_wconf 85' lang='lat' dir='ltr'><strong>legis</strong></span> <span class='ocrx_word' id='word_1_612' title='bbox 910 5042 1045 5112; x_wconf 82' lang='lat' dir='ltr'><strong>justi</strong></span> <span class='ocrx_word' id='word_1_613' title='bbox 1069 5054 1212 5100; x_wconf 73' lang='lat' dir='ltr'><strong>sunt.</strong></span> <span class='ocrx_word' id='word_1_614' title='bbox 1243 5043 1312 5103; x_wconf 82' lang='lat' dir='ltr'><strong>Et</strong></span> <span class='ocrx_word' id='word_1_615' title='bbox 1341 5048 1395 5102; x_wconf 90' lang='lat' dir='ltr'><strong>in</strong></span> <span class='ocrx_word' id='word_1_616' title='bbox 1420 5047 1745 5121; x_wconf 82' lang='lat' dir='ltr'><strong>Apocalypsi</strong></span> <span class='ocrx_word' id='word_1_617' title='bbox 1768 5048 2014 5118; x_wconf 82' lang='lat' dir='ltr'><strong>Joannis,</strong></span> <span class='ocrx_word' id='word_1_618' title='bbox 2041 5060 2167 5108; x_wconf 86' lang='lat' dir='ltr'><strong>cum</strong></span> 
     </span>
    </p>
   </div>
   <div class='ocr_carea' id='block_1_79' title="bbox 579 5126 2167 5214">
    <p class='ocr_par' dir='ltr' id='par_1_79' title="bbox 579 5126 2167 5214">
     <span class='ocr_line' id='line_1_79' title="bbox 579 5126 2167 5214; baseline 0.011 -33"><span class='ocrx_word' id='word_1_619' title='bbox 579 5126 805 5184; x_wconf 79' lang='lat' dir='ltr'><strong>dixisset</strong></span> <span class='ocrx_word' id='word_1_620' title='bbox 831 5147 845 5184; x_wconf 90' lang='lat'><strong>:</strong></span> <span class='ocrx_word' id='word_1_621' title='bbox 873 5128 1067 5190; x_wconf 81' lang='lat' dir='ltr'><strong>Beatus</strong></span> <span class='ocrx_word' id='word_1_622' title='bbox 1090 5136 1181 5208; x_wconf 83' lang='lat' dir='ltr'><strong>qui</strong></span> <span class='ocrx_word' id='word_1_623' title='bbox 1210 5137 1331 5210; x_wconf 82' lang='lat' dir='ltr'><strong>legit</strong></span> <span class='ocrx_word' id='word_1_624' title='bbox 1354 5148 1402 5194; x_wconf 80' lang='lat' dir='ltr'><strong>et</strong></span> <span class='ocrx_word' id='word_1_625' title='bbox 1422 5141 1513 5209; x_wconf 89' lang='lat' dir='ltr'><strong>qui</strong></span> <span class='ocrx_word' id='word_1_626' title='bbox 1534 5141 1682 5195; x_wconf 82' lang='lat' dir='ltr'><strong>audit</strong></span> <span class='ocrx_word' id='word_1_627' title='bbox 1710 5142 1862 5196; x_wconf 87' lang='lat' dir='ltr'><strong>verba</strong></span> <span class='ocrx_word' id='word_1_628' title='bbox 1885 5142 2167 5214; x_wconf 65' lang='lat' dir='ltr'><strong>prophetiae</strong></span> 
     </span>
    </p>
   </div>
   <div class='ocr_carea' id='block_1_80' title="bbox 576 5217 2169 5306">
    <p class='ocr_par' dir='ltr' id='par_1_80' title="bbox 576 5217 2169 5306">
     <span class='ocr_line' id='line_1_80' title="bbox 576 5217 2169 5306; baseline 0.014 -35"><span class='ocrx_word' id='word_1_629' title='bbox 576 5217 700 5274; x_wconf 86' lang='lat' dir='ltr'><strong>libri</strong></span> <span class='ocrx_word' id='word_1_630' title='bbox 739 5222 922 5293; x_wconf 76' lang='lat' dir='ltr'><strong>hujus,</strong></span> <span class='ocrx_word' id='word_1_631' title='bbox 956 5228 1207 5298; x_wconf 86' lang='lat' dir='ltr'><strong>protinus</strong></span> <span class='ocrx_word' id='word_1_632' title='bbox 1241 5230 1489 5302; x_wconf 71' lang='lat' dir='ltr'><strong>adiunxit</strong></span> <span class='ocrx_word' id='word_1_633' title='bbox 1522 5250 1536 5289; x_wconf 89' lang='lat'><strong>:</strong></span> <span class='ocrx_word' id='word_1_634' title='bbox 1577 5233 1646 5287; x_wconf 86' lang='lat' dir='ltr'><strong>Et</strong></span> <span class='ocrx_word' id='word_1_635' title='bbox 1686 5243 1854 5288; x_wconf 82' lang='lat' dir='ltr'><strong>servat</strong></span> <span class='ocrx_word' id='word_1_636' title='bbox 1883 5248 1945 5289; x_wconf 89' lang='lat' dir='ltr'><strong>ea</strong></span> <span class='ocrx_word' id='word_1_637' title='bbox 1967 5250 2084 5306; x_wconf 73' lang='lat' dir='ltr'><strong>qua:</strong></span> <span class='ocrx_word' id='word_1_638' title='bbox 2111 5235 2169 5293; x_wconf 88' lang='lat' dir='ltr'><strong>in</strong></span> 
     </span>
    </p>
   </div>
   <div class='ocr_carea' id='block_1_81' title="bbox 572 5305 1058 5382">
    <p class='ocr_par' dir='ltr' id='par_1_81' title="bbox 572 5305 1058 5382">
     <span class='ocr_line' id='line_1_81' title="bbox 572 5305 1058 5382; baseline 0.023 -21"><span class='ocrx_word' id='word_1_639' title='bbox 572 5305 669 5363; x_wconf 78' lang='lat' dir='ltr'><strong>il‘lo</strong></span> <span class='ocrx_word' id='word_1_640' title='bbox 696 5311 892 5382; x_wconf 84' lang='lat' dir='ltr'><strong>scripta</strong></span> <span class='ocrx_word' id='word_1_641' title='bbox 914 5322 1058 5372; x_wconf 72' lang='lat' dir='ltr'><strong>sunt.</strong></span> 
     </span>
    </p>
   </div>
   <div class='ocr_carea' id='block_1_82' title="bbox 650 5400 2166 5486">
    <p class='ocr_par' dir='ltr' id='par_1_82' title="bbox 650 5400 2166 5486">
     <span class='ocr_line' id='line_1_82' title="bbox 650 5400 2166 5486; baseline 0.009 -27"><span class='ocrx_word' id='word_1_642' title='bbox 650 5400 789 5469; x_wconf 83' lang='lat' dir='ltr'><strong>Quia</strong></span> <span class='ocrx_word' id='word_1_643' title='bbox 826 5405 873 5463; x_wconf 88' lang='lat' dir='ltr'><strong>si</strong></span> <span class='ocrx_word' id='word_1_644' title='bbox 898 5409 1016 5482; x_wconf 81' lang='lat' dir='ltr'><strong>quis</strong></span> <span class='ocrx_word' id='word_1_645' title='bbox 1056 5410 1270 5466; x_wconf 74' lang='lat' dir='ltr'><strong>auditor</strong></span> <span class='ocrx_word' id='word_1_646' title='bbox 1307 5416 1383 5466; x_wconf 83' lang='lat' dir='ltr'><strong>est</strong></span> <span class='ocrx_word' id='word_1_647' title='bbox 1425 5413 1561 5467; x_wconf 78' lang='lat' dir='ltr'><strong>uerbi</strong></span> <span class='ocrx_word' id='word_1_648' title='bbox 1602 5421 1650 5468; x_wconf 89' lang='lat' dir='ltr'><strong>et</strong></span> <span class='ocrx_word' id='word_1_649' title='bbox 1695 5430 1799 5469; x_wconf 90' lang='lat' dir='ltr'><strong>non</strong></span> <span class='ocrx_word' id='word_1_650' title='bbox 1845 5414 2034 5486; x_wconf 84' lang='lat' dir='ltr'><strong>factor,</strong></span> <span class='ocrx_word' id='word_1_651' title='bbox 2082 5418 2166 5473; x_wconf 83' lang='lat' dir='ltr'><strong>hic</strong></span> 
     </span>
    </p>
   </div>
   <div class='ocr_carea' id='block_1_83' title="bbox 577 5496 2167 5567">
    <p class='ocr_par' dir='ltr' id='par_1_83' title="bbox 577 5496 2167 5567">
     <span class='ocr_line' id='line_1_83' title="bbox 577 5496 2167 5567; baseline 0.009 -19"><span class='ocrx_word' id='word_1_652' title='bbox 577 5496 971 5567; x_wconf 70' lang='lat' dir='ltr'><strong>comparabitur</strong></span> <span class='ocrx_word' id='word_1_653' title='bbox 996 5501 1108 5555; x_wconf 77' lang='lat' dir='ltr'><strong>uiro</strong></span> <span class='ocrx_word' id='word_1_654' title='bbox 1130 5500 1485 5556; x_wconf 79' lang='lat' dir='ltr'><strong>censideranti</strong></span> <span class='ocrx_word' id='word_1_655' title='bbox 1515 5501 1711 5558; x_wconf 81' lang='lat' dir='ltr'><strong>vultum</strong></span> <span class='ocrx_word' id='word_1_656' title='bbox 1743 5504 2029 5561; x_wconf 86' lang='lat' dir='ltr'><strong>nativitatis</strong></span> <span class='ocrx_word' id='word_1_657' title='bbox 2057 5524 2167 5563; x_wconf 80' lang='lat' dir='ltr'><strong>sate</strong></span> 
     </span>
    </p>
   </div>
   <div class='ocr_carea' id='block_1_84' title="bbox 574 5588 2169 5665">
    <p class='ocr_par' dir='ltr' id='par_1_84' title="bbox 574 5588 2169 5665">
     <span class='ocr_line' id='line_1_84' title="bbox 574 5588 2169 5665; baseline 0.008 -23"><span class='ocrx_word' id='word_1_658' title='bbox 574 5588 632 5643; x_wconf 82' lang='lat' dir='ltr'><strong>in</strong></span> <span class='ocrx_word' id='word_1_659' title='bbox 651 5591 892 5661; x_wconf 87' lang='lat' dir='ltr'><strong>speculo;</strong></span> <span class='ocrx_word' id='word_1_660' title='bbox 913 5592 1261 5648; x_wconf 82' lang='lat' dir='ltr'><strong>consideravit</strong></span> <span class='ocrx_word' id='word_1_661' title='bbox 1289 5596 1426 5650; x_wconf 88' lang='lat' dir='ltr'><strong>enim</strong></span> <span class='ocrx_word' id='word_1_662' title='bbox 1446 5614 1500 5651; x_wconf 88' lang='lat' dir='ltr'><strong>se</strong></span> <span class='ocrx_word' id='word_1_663' title='bbox 1523 5606 1571 5652; x_wconf 89' lang='lat' dir='ltr'><strong>et</strong></span> <span class='ocrx_word' id='word_1_664' title='bbox 1598 5598 1746 5665; x_wconf 86' lang='lat' dir='ltr'><strong>abiit,</strong></span> <span class='ocrx_word' id='word_1_665' title='bbox 1771 5608 1819 5653; x_wconf 84' lang='lat' dir='ltr'><strong>et</strong></span> <span class='ocrx_word' id='word_1_666' title='bbox 1844 5603 2018 5655; x_wconf 84' lang='lat' dir='ltr'><strong>statim</strong></span> <span class='ocrx_word' id='word_1_667' title='bbox 2040 5601 2169 5655; x_wconf 90' lang='lat' dir='ltr'><strong>obli-</strong></span> 
     </span>
    </p>
   </div>
   <div class='ocr_carea' id='block_1_85' title="bbox 576 5672 2169 5752">
    <p class='ocr_par' dir='ltr' id='par_1_85' title="bbox 576 5672 2169 5752">
     <span class='ocr_line' id='line_1_85' title="bbox 576 5672 2169 5752; baseline 0.009 -19"><span class='ocrx_word' id='word_1_668' title='bbox 576 5688 661 5733; x_wconf 89' lang='lat' dir='ltr'><strong>tus</strong></span> <span class='ocrx_word' id='word_1_669' title='bbox 689 5691 765 5735; x_wconf 88' lang='lat' dir='ltr'><strong>est</strong></span> <span class='ocrx_word' id='word_1_670' title='bbox 793 5672 965 5736; x_wconf 74' lang='lat' dir='ltr'><strong>anatis</strong></span> <span class='ocrx_word' id='word_1_671' title='bbox 1000 5681 1183 5752; x_wconf 78' lang='lat' dir='ltr'><strong>fuerit.</strong></span> <span class='ocrx_word' id='word_1_672' title='bbox 1213 5682 1429 5743; x_wconf 76' lang='lat' dir='ltr'><strong>Vultum</strong></span> <span class='ocrx_word' id='word_1_673' title='bbox 1471 5690 1770 5746; x_wconf 82' lang='lat' dir='ltr'><strong>nativitatis</strong></span> <span class='ocrx_word' id='word_1_674' title='bbox 1799 5691 1928 5747; x_wconf 88' lang='lat' dir='ltr'><strong>dicit</strong></span> <span class='ocrx_word' id='word_1_675' title='bbox 1962 5693 2169 5748; x_wconf 87' lang='lat' dir='ltr'><strong>vultum</strong></span> 
     </span>
    </p>
   </div>
   <div class='ocr_carea' id='block_1_86' title="bbox 577 5771 2201 5857">
    <p class='ocr_par' dir='ltr' id='par_1_86' title="bbox 577 5771 2201 5857">
     <span class='ocr_line' id='line_1_86' title="bbox 577 5771 2201 5857; baseline 0.004 -24"><span class='ocrx_word' id='word_1_676' title='bbox 577 5771 841 5843; x_wconf 65' lang='lat' dir='ltr'><strong>infantiae,</strong></span> <span class='ocrx_word' id='word_1_677' title='bbox 863 5786 987 5847; x_wconf 62' lang='lat' dir='ltr'><strong>qua</strong></span> <span class='ocrx_word' id='word_1_678' title='bbox 1009 5776 1251 5835; x_wconf 89' lang='lat' dir='ltr'><strong>nondum</strong></span> <span class='ocrx_word' id='word_1_679' title='bbox 1275 5778 1343 5837; x_wconf 87' lang='lat' dir='ltr'><strong>ad</strong></span> <span class='ocrx_word' id='word_1_680' title='bbox 1367 5779 1665 5854; x_wconf 75' lang='lat' dir='ltr'><strong>perfectum</strong></span> <span class='ocrx_word' id='word_1_681' title='bbox 1690 5784 1941 5856; x_wconf 84' lang='lat' dir='ltr'><strong>pervenit</strong></span> <span class='ocrx_word' id='word_1_682' title='bbox 1969 5784 2166 5840; x_wconf 87' lang='lat' dir='ltr'><strong>virum.</strong></span> <span class='ocrx_word' id='word_1_683' title='bbox 2198 5854 2201 5857; x_wconf 95' lang='lat'><em>_</em></span> 
     </span>
    </p>
   </div>
   <div class='ocr_carea' id='block_1_87' title="bbox 2264 3309 3785 3391">
    <p class='ocr_par' dir='ltr' id='par_1_87' title="bbox 2264 3309 3785 3391">
     <span class='ocr_line' id='line_1_87' title="bbox 2264 3309 3785 3391; baseline -0.005 -16"><span class='ocrx_word' id='word_1_684' title='bbox 2264 3317 2465 3375; x_wconf 75' lang='lat' dir='ltr'><strong>Paulus</strong></span> <span class='ocrx_word' id='word_1_685' title='bbox 2512 3318 2729 3391; x_wconf 80' lang='lat' dir='ltr'><strong>gentilis</strong></span> <span class='ocrx_word' id='word_1_686' title='bbox 2775 3330 2947 3391; x_wconf 80' lang='lat' dir='ltr'><strong>poetae</strong></span> <span class='ocrx_word' id='word_1_687' title='bbox 2998 3320 3328 3376; x_wconf 89' lang='lat' dir='ltr'><strong>sententiam</strong></span> <span class='ocrx_word' id='word_1_688' title='bbox 3374 3315 3654 3390; x_wconf 75' lang='lat' dir='ltr'><strong>approbatis</strong></span> <span class='ocrx_word' id='word_1_689' title='bbox 3685 3309 3785 3367; x_wconf 73' lang='lat' dir='ltr'><strong>ait;</strong></span> 
     </span>
    </p>
   </div>
   <div class='ocr_carea' id='block_1_88' title="bbox 2267 3407 3783 3482">
    <p class='ocr_par' dir='ltr' id='par_1_88' title="bbox 2267 3407 3783 3482">
     <span class='ocr_line' id='line_1_88' title="bbox 2267 3407 3783 3482; baseline -0.003 -18"><span class='ocrx_word' id='word_1_690' title='bbox 2267 3408 2619 3480; x_wconf 87' lang='lat' dir='ltr'><strong>Corrumpunt</strong></span> <span class='ocrx_word' id='word_1_691' title='bbox 2650 3409 2809 3466; x_wconf 82' lang='lat' dir='ltr'><strong>bonos</strong></span> <span class='ocrx_word' id='word_1_692' title='bbox 2837 3426 3006 3465; x_wconf 90' lang='lat' dir='ltr'><strong>mores</strong></span> <span class='ocrx_word' id='word_1_693' title='bbox 3037 3408 3303 3482; x_wconf 83' lang='lat' dir='ltr'><strong>colloquia</strong></span> <span class='ocrx_word' id='word_1_694' title='bbox 3326 3407 3485 3463; x_wconf 83' lang='lat' dir='ltr'><strong>mala.</strong></span> <span class='ocrx_word' id='word_1_695' title='bbox 3780 3456 3783 3469; x_wconf 88' lang='grc'>,</span> 
     </span>
    </p>
   </div>
   <div class='ocr_carea' id='block_1_89' title="bbox 2338 3484 3873 3572">
    <p class='ocr_par' dir='ltr' id='par_1_89' title="bbox 2338 3484 3873 3572">
     <span class='ocr_line' id='line_1_89' title="bbox 2338 3484 3873 3572; baseline -0.007 -18"><span class='ocrx_word' id='word_1_696' title='bbox 2338 3496 2541 3572; x_wconf 78' lang='lat' dir='ltr'><strong>Religio</strong></span> <span class='ocrx_word' id='word_1_697' title='bbox 2582 3500 2779 3556; x_wconf 81' lang='lat' dir='ltr'><strong>munda</strong></span> <span class='ocrx_word' id='word_1_698' title='bbox 2814 3508 2864 3556; x_wconf 84' lang='lat' dir='ltr'><strong>et</strong></span> <span class='ocrx_word' id='word_1_699' title='bbox 2904 3499 3245 3556; x_wconf 85' lang='lat' dir='ltr'><strong>immaculata</strong></span> <span class='ocrx_word' id='word_1_700' title='bbox 3285 3498 3426 3569; x_wconf 84' lang='lat' dir='ltr'><strong>apud</strong></span> <span class='ocrx_word' id='word_1_701' title='bbox 3461 3494 3614 3552; x_wconf 86' lang='lat' dir='ltr'><strong>Deum</strong></span> <span class='ocrx_word' id='word_1_702' title='bbox 3645 3500 3684 3545; x_wconf 85' lang='lat' dir='ltr'><strong>et</strong></span> <span class='ocrx_word' id='word_1_703' title='bbox 3714 3484 3785 3543; x_wconf 79' lang='lat' dir='ltr'><strong>Pa-</strong></span> <span class='ocrx_word' id='word_1_704' title='bbox 3872 3496 3873 3572; x_wconf 26' lang='grc' dir='ltr'>ᾗ</span> 
     </span>
    </p>
   </div>
   <div class='ocr_carea' id='block_1_90' title="bbox 2268 3578 3785 3660">
    <p class='ocr_par' dir='ltr' id='par_1_90' title="bbox 2268 3578 3785 3660">
     <span class='ocr_line' id='line_1_90' title="bbox 2268 3578 3785 3660; baseline -0.005 -12"><span class='ocrx_word' id='word_1_705' title='bbox 2268 3601 2418 3660; x_wconf 87' lang='lat' dir='ltr'><strong>trem,</strong></span> <span class='ocrx_word' id='word_1_706' title='bbox 2442 3593 2554 3649; x_wconf 73' lang='lat' dir='ltr'><strong>hinc</strong></span> <span class='ocrx_word' id='word_1_707' title='bbox 2575 3602 2673 3649; x_wconf 83' lang='lat' dir='ltr'><strong>est.</strong></span> <span class='ocrx_word' id='word_1_708' title='bbox 2694 3592 2931 3651; x_wconf 82' lang='lat' dir='ltr'><strong>Pulchre</strong></span> <span class='ocrx_word' id='word_1_709' title='bbox 2952 3592 3177 3658; x_wconf 88' lang='lat' dir='ltr'><strong>addidit,</strong></span> <span class='ocrx_word' id='word_1_710' title='bbox 3198 3591 3344 3660; x_wconf 80' lang='lat' dir='ltr'><strong>apud</strong></span> <span class='ocrx_word' id='word_1_711' title='bbox 3370 3590 3528 3647; x_wconf 87' lang='lat' dir='ltr'><strong>Deum</strong></span> <span class='ocrx_word' id='word_1_712' title='bbox 3546 3596 3587 3642; x_wconf 91' lang='lat' dir='ltr'><strong>et</strong></span> <span class='ocrx_word' id='word_1_713' title='bbox 3610 3578 3785 3641; x_wconf 58' lang='lat' dir='ltr'><strong>Patrem</strong></span> 
     </span>
    </p>
   </div>
   <div class='ocr_carea' id='block_1_91' title="bbox 2268 3685 3784 3760">
    <p class='ocr_par' dir='ltr' id='par_1_91' title="bbox 2268 3685 3784 3760">
     <span class='ocr_line' id='line_1_91' title="bbox 2268 3685 3784 3760; baseline -0.005 -19"><span class='ocrx_word' id='word_1_714' title='bbox 2268 3688 2395 3757; x_wconf 88' lang='lat' dir='ltr'><strong>quia</strong></span> <span class='ocrx_word' id='word_1_715' title='bbox 2422 3696 2548 3743; x_wconf 90' lang='lat' dir='ltr'><strong>sunt</strong></span> <span class='ocrx_word' id='word_1_716' title='bbox 2573 3688 2666 3759; x_wconf 91' lang='lat' dir='ltr'><strong>qui</strong></span> <span class='ocrx_word' id='word_1_717' title='bbox 2696 3686 3009 3745; x_wconf 86' lang='lat' dir='ltr'><strong>hominibus</strong></span> <span class='ocrx_word' id='word_1_718' title='bbox 3054 3685 3578 3760; x_wconf 69' lang='lat' dir='ltr'><strong>religiosividentur,</strong></span> <span class='ocrx_word' id='word_1_719' title='bbox 3607 3689 3707 3734; x_wconf 83' lang='lat' dir='ltr'><strong>cum</strong></span> <span class='ocrx_word' id='word_1_720' title='bbox 3725 3686 3784 3727; x_wconf 66' lang='grc' dir='ltr'><strong>ωσ</strong></span> 
     </span>
    </p>
   </div>
   <div class='ocr_carea' id='block_1_92' title="bbox 2268 3761 3783 3852">
    <p class='ocr_par' dir='ltr' id='par_1_92' title="bbox 2268 3761 3783 3852">
     <span class='ocr_line' id='line_1_92' title="bbox 2268 3761 3783 3852; baseline -0.01 -17"><span class='ocrx_word' id='word_1_721' title='bbox 2268 3795 2385 3835; x_wconf 90' lang='lat' dir='ltr'><strong>ram</strong></span> <span class='ocrx_word' id='word_1_722' title='bbox 2420 3778 2533 3835; x_wconf 86' lang='lat' dir='ltr'><strong>Deo</strong></span> <span class='ocrx_word' id='word_1_723' title='bbox 2556 3780 2863 3836; x_wconf 82' lang='lat' dir='ltr'><strong>habeantur</strong></span> <span class='ocrx_word' id='word_1_724' title='bbox 2898 3776 3130 3852; x_wconf 83' lang='lat' dir='ltr'><strong>profani.</strong></span> <span class='ocrx_word' id='word_1_725' title='bbox 3176 3774 3335 3835; x_wconf 90' lang='lat' dir='ltr'><strong>Unde</strong></span> <span class='ocrx_word' id='word_1_726' title='bbox 3365 3788 3420 3833; x_wconf 88' lang='lat' dir='ltr'><strong>et</strong></span> <span class='ocrx_word' id='word_1_727' title='bbox 3458 3773 3679 3831; x_wconf 85' lang='lat' dir='ltr'><strong>Salomon</strong></span> <span class='ocrx_word' id='word_1_728' title='bbox 3702 3761 3783 3817; x_wconf 72' lang='lat' dir='ltr'><strong>ait:</strong></span> 
     </span>
    </p>
   </div>
   <div class='ocr_carea' id='block_1_93' title="bbox 2270 3863 3783 3943">
    <p class='ocr_par' dir='ltr' id='par_1_93' title="bbox 2270 3863 3783 3943">
     <span class='ocr_line' id='line_1_93' title="bbox 2270 3863 3783 3943; baseline -0.008 -16"><span class='ocrx_word' id='word_1_729' title='bbox 2270 3871 2367 3927; x_wconf 80' lang='lat' dir='ltr'><strong>Est</strong></span> <span class='ocrx_word' id='word_1_730' title='bbox 2412 3872 2497 3927; x_wconf 81' lang='lat' dir='ltr'><strong>via</strong></span> <span class='ocrx_word' id='word_1_731' title='bbox 2521 3884 2637 3943; x_wconf 72' lang='lat' dir='ltr'><strong>qua!</strong></span> <span class='ocrx_word' id='word_1_732' title='bbox 2670 3871 2875 3927; x_wconf 81' lang='lat' dir='ltr'><strong>videtur</strong></span> <span class='ocrx_word' id='word_1_733' title='bbox 2909 3870 3108 3927; x_wconf 80' lang='lat' dir='ltr'><strong>homini</strong></span> <span class='ocrx_word' id='word_1_734' title='bbox 3142 3870 3327 3943; x_wconf 84' lang='lat' dir='ltr'><strong>justa;</strong></span> <span class='ocrx_word' id='word_1_735' title='bbox 3363 3865 3624 3924; x_wconf 86' lang='lat' dir='ltr'><strong>nouissima</strong></span> <span class='ocrx_word' id='word_1_736' title='bbox 3661 3863 3783 3911; x_wconf 60' lang='lat' dir='ltr'><strong>at“!</strong></span> 
     </span>
    </p>
   </div>
   <div class='ocr_carea' id='block_1_94' title="bbox 2270 3961 3035 4033">
    <p class='ocr_par' dir='ltr' id='par_1_94' title="bbox 2270 3961 3035 4033">
     <span class='ocr_line' id='line_1_94' title="bbox 2270 3961 3035 4033; baseline 0.001 -16"><span class='ocrx_word' id='word_1_737' title='bbox 2270 3962 2384 4033; x_wconf 88' lang='lat' dir='ltr'><strong>ejus</strong></span> <span class='ocrx_word' id='word_1_738' title='bbox 2410 3961 2676 4017; x_wconf 80' lang='lat' dir='ltr'><strong>deducunt</strong></span> <span class='ocrx_word' id='word_1_739' title='bbox 2698 3962 2768 4016; x_wconf 87' lang='lat' dir='ltr'><strong>ad</strong></span> <span class='ocrx_word' id='word_1_740' title='bbox 2798 3972 3035 4018; x_wconf 90' lang='lat' dir='ltr'><strong>mortem.</strong></span> 
     </span>
    </p>
   </div>
   <div class='ocr_carea' id='block_1_95' title="bbox 2348 4036 3783 4129">
    <p class='ocr_par' dir='ltr' id='par_1_95' title="bbox 2348 4036 3783 4129">
     <span class='ocr_line' id='line_1_95' title="bbox 2348 4036 3783 4129; baseline -0.006 -24"><span class='ocrx_word' id='word_1_741' title='bbox 2348 4048 2577 4107; x_wconf 82' lang='lat' dir='ltr'><strong>Visi&#39;tare</strong></span> <span class='ocrx_word' id='word_1_742' title='bbox 2602 4050 2827 4124; x_wconf 87' lang='lat' dir='ltr'><strong>pupillos</strong></span> <span class='ocrx_word' id='word_1_743' title='bbox 2855 4036 2903 4108; x_wconf 76' lang='lat' dir='ltr'><strong>et</strong></span> <span class='ocrx_word' id='word_1_744' title='bbox 2932 4050 3119 4107; x_wconf 85' lang='lat' dir='ltr'><strong>viduas</strong></span> <span class='ocrx_word' id='word_1_745' title='bbox 3146 4051 3203 4107; x_wconf 88' lang='lat' dir='ltr'><strong>in</strong></span> <span class='ocrx_word' id='word_1_746' title='bbox 3228 4042 3556 4106; x_wconf 77' lang='lat' dir='ltr'><strong>tribulatione</strong></span> <span class='ocrx_word' id='word_1_747' title='bbox 3580 4038 3783 4129; x_wconf 41' lang='lat' dir='ltr'><strong>eorum?</strong></span> 
     </span>
    </p>
   </div>
   <div class='ocr_carea' id='block_1_96' title="bbox 2270 4126 3784 4209">
    <p class='ocr_par' dir='ltr' id='par_1_96' title="bbox 2270 4126 3784 4209">
     <span class='ocr_line' id='line_1_96' title="bbox 2270 4126 3784 4209; baseline -0.007 -8"><span class='ocrx_word' id='word_1_748' title='bbox 2270 4145 2667 4201; x_wconf 78' lang='lat' dir='ltr'><strong>immaculatum</strong></span> <span class='ocrx_word' id='word_1_749' title='bbox 2684 4163 2739 4202; x_wconf 82' lang='lat' dir='ltr'><strong>se</strong></span> <span class='ocrx_word' id='word_1_750' title='bbox 2758 4138 3022 4201; x_wconf 69' lang='lat' dir='ltr'><strong>custodire</strong></span> <span class='ocrx_word' id='word_1_751' title='bbox 3042 4146 3106 4201; x_wconf 89' lang='lat' dir='ltr'><strong>ab</strong></span> <span class='ocrx_word' id='word_1_752' title='bbox 3130 4147 3227 4201; x_wconf 87' lang='lat' dir='ltr'><strong>hoc</strong></span> <span class='ocrx_word' id='word_1_753' title='bbox 3252 4144 3465 4203; x_wconf 80' lang='lat' dir='ltr'><strong>swculo.</strong></span> <span class='ocrx_word' id='word_1_754' title='bbox 3495 4139 3618 4209; x_wconf 79' lang='lat' dir='ltr'><strong>Quia</strong></span> <span class='ocrx_word' id='word_1_755' title='bbox 3635 4126 3784 4192; x_wconf 70' lang='grc' dir='ltr'><strong>(ὶίιθτίι</strong></span> 
     </span>
    </p>
   </div>
   <div class='ocr_carea' id='block_1_97' title="bbox 2272 4228 3782 4314">
    <p class='ocr_par' dir='ltr' id='par_1_97' title="bbox 2272 4228 3782 4314">
     <span class='ocr_line' id='line_1_97' title="bbox 2272 4228 3782 4314; baseline 0 -24"><span class='ocrx_word' id='word_1_756' title='bbox 2272 4234 2534 4292; x_wconf 81' lang='lat' dir='ltr'><strong>factorem</strong></span> <span class='ocrx_word' id='word_1_757' title='bbox 2566 4235 2747 4308; x_wconf 88' lang='lat' dir='ltr'><strong>operis</strong></span> <span class='ocrx_word' id='word_1_758' title='bbox 2774 4234 2990 4293; x_wconf 83' lang='lat' dir='ltr'><strong>beatum</strong></span> <span class='ocrx_word' id='word_1_759' title='bbox 3030 4234 3084 4292; x_wconf 87' lang='lat' dir='ltr'><strong>in</strong></span> <span class='ocrx_word' id='word_1_760' title='bbox 3112 4236 3258 4294; x_wconf 81' lang='lat' dir='ltr'><strong>facto</strong></span> <span class='ocrx_word' id='word_1_761' title='bbox 3295 4254 3391 4294; x_wconf 89' lang='lat' dir='ltr'><strong>suo</strong></span> <span class='ocrx_word' id='word_1_762' title='bbox 3416 4234 3660 4290; x_wconf 69' lang='lat' dir='ltr'><strong>futurum.</strong></span> <span class='ocrx_word' id='word_1_763' title='bbox 3686 4228 3782 4314; x_wconf 65' lang='grc' dir='ltr'><strong>ηυξξε</strong></span> 
     </span>
    </p>
   </div>
   <div class='ocr_carea' id='block_1_98' title="bbox 2273 4306 3783 4399">
    <p class='ocr_par' dir='ltr' id='par_1_98' title="bbox 2273 4306 3783 4399">
     <span class='ocr_line' id='line_1_98' title="bbox 2273 4306 3783 4399; baseline -0.013 -16"><span class='ocrx_word' id='word_1_764' title='bbox 2273 4342 2392 4399; x_wconf 61' lang='lat' dir='ltr'><strong>quae</strong></span> <span class='ocrx_word' id='word_1_765' title='bbox 2417 4327 2559 4383; x_wconf 83' lang='lat' dir='ltr'><strong>facta</strong></span> <span class='ocrx_word' id='word_1_766' title='bbox 2593 4306 2703 4383; x_wconf 87' lang='lat' dir='ltr'><strong>Deo</strong></span> <span class='ocrx_word' id='word_1_767' title='bbox 2746 4325 2981 4383; x_wconf 83' lang='lat' dir='ltr'><strong>maxime</strong></span> <span class='ocrx_word' id='word_1_768' title='bbox 3011 4326 3260 4399; x_wconf 87' lang='lat' dir='ltr'><strong>placeant</strong></span> <span class='ocrx_word' id='word_1_769' title='bbox 3290 4326 3448 4391; x_wconf 89' lang='lat' dir='ltr'><strong>dicit,</strong></span> <span class='ocrx_word' id='word_1_770' title='bbox 3490 4306 3783 4378; x_wconf 70' lang='lat' dir='ltr'><strong>misericordia</strong></span> 
     </span>
    </p>
   </div>
   <div class='ocr_carea' id='block_1_99' title="bbox 2273 4403 3781 4492">
    <p class='ocr_par' dir='ltr' id='par_1_99' title="bbox 2273 4403 3781 4492">
     <span class='ocr_line' id='line_1_99' title="bbox 2273 4403 3781 4492; baseline -0.017 -14"><span class='ocrx_word' id='word_1_771' title='bbox 2273 4421 2481 4478; x_wconf 90' lang='lat' dir='ltr'><strong>scilicet</strong></span> <span class='ocrx_word' id='word_1_772' title='bbox 2504 4428 2559 4476; x_wconf 92' lang='lat' dir='ltr'><strong>et</strong></span> <span class='ocrx_word' id='word_1_773' title='bbox 2585 4421 2911 4476; x_wconf 89' lang='lat' dir='ltr'><strong>innocentia.</strong></span> <span class='ocrx_word' id='word_1_774' title='bbox 2941 4416 3185 4492; x_wconf 84' lang='lat' dir='ltr'><strong>Namque</strong></span> <span class='ocrx_word' id='word_1_775' title='bbox 3215 4420 3269 4475; x_wconf 90' lang='lat' dir='ltr'><strong>in</strong></span> <span class='ocrx_word' id='word_1_776' title='bbox 3294 4436 3358 4478; x_wconf 90' lang='lat' dir='ltr'><strong>eo</strong></span> <span class='ocrx_word' id='word_1_777' title='bbox 3384 4415 3520 4490; x_wconf 91' lang='lat' dir='ltr'><strong>quod</strong></span> <span class='ocrx_word' id='word_1_778' title='bbox 3540 4404 3728 4483; x_wconf 83' lang='lat' dir='ltr'><strong>pupillos</strong></span> <span class='ocrx_word' id='word_1_779' title='bbox 3746 4403 3781 4449; x_wconf 74' lang='lat' dir='ltr'><strong>et</strong></span> 
     </span>
    </p>
   </div>
   <div class='ocr_carea' id='block_1_100' title="bbox 2274 4496 3782 4577">
    <p class='ocr_par' dir='ltr' id='par_1_100' title="bbox 2274 4496 3782 4577">
     <span class='ocr_line' id='line_1_100' title="bbox 2274 4496 3782 4577; baseline -0.003 -8"><span class='ocrx_word' id='word_1_780' title='bbox 2274 4513 2464 4569; x_wconf 87' lang='lat' dir='ltr'><strong>viduas</strong></span> <span class='ocrx_word' id='word_1_781' title='bbox 2502 4513 2556 4567; x_wconf 90' lang='lat' dir='ltr'><strong>in</strong></span> <span class='ocrx_word' id='word_1_782' title='bbox 2597 4510 2944 4568; x_wconf 89' lang='lat' dir='ltr'><strong>tribulatione</strong></span> <span class='ocrx_word' id='word_1_783' title='bbox 2972 4528 3160 4568; x_wconf 89' lang='lat' dir='ltr'><strong>eorum</strong></span> <span class='ocrx_word' id='word_1_784' title='bbox 3193 4512 3413 4568; x_wconf 87' lang='lat' dir='ltr'><strong>visitare</strong></span> <span class='ocrx_word' id='word_1_785' title='bbox 3435 4503 3611 4577; x_wconf 67' lang='lat' dir='ltr'><strong>jussit.</strong></span> <span class='ocrx_word' id='word_1_786' title='bbox 3644 4496 3782 4551; x_wconf 60' lang='grc' dir='ltr'><strong>ευηεῖί</strong></span> 
     </span>
    </p>
   </div>
   <div class='ocr_carea' id='block_1_101' title="bbox 2192 4589 3779 4676">
    <p class='ocr_par' dir='ltr' id='par_1_101' title="bbox 2192 4589 3779 4676">
     <span class='ocr_line' id='line_1_101' title="bbox 2192 4589 3779 4676; baseline -0.024 2"><span class='ocrx_word' id='word_1_787' title='bbox 2192 4602 2257 4664; x_wconf 68' lang='grc' dir='ltr'><em>Π</em></span> <span class='ocrx_word' id='word_1_788' title='bbox 2273 4620 2393 4676; x_wconf 58' lang='lat' dir='ltr'><strong>qum</strong></span> <span class='ocrx_word' id='word_1_789' title='bbox 2431 4619 2557 4676; x_wconf 74' lang='lat' dir='ltr'><strong>erga</strong></span> <span class='ocrx_word' id='word_1_790' title='bbox 2602 4605 2909 4674; x_wconf 83' lang='lat' dir='ltr'><strong>proximum</strong></span> <span class='ocrx_word' id='word_1_791' title='bbox 2955 4604 3381 4661; x_wconf 88' lang='lat' dir='ltr'><strong>misericorditer</strong></span> <span class='ocrx_word' id='word_1_792' title='bbox 3410 4611 3559 4674; x_wconf 87' lang='lat' dir='ltr'><strong>agere</strong></span> <span class='ocrx_word' id='word_1_793' title='bbox 3588 4589 3779 4647; x_wconf 66' lang='lat' dir='ltr'><strong>debent&quot;s</strong></span> 
     </span>
    </p>
   </div>
   <div class='ocr_carea' id='block_1_102' title="bbox 2272 4682 3780 4772">
    <p class='ocr_par' dir='ltr' id='par_1_102' title="bbox 2272 4682 3780 4772">
     <span class='ocr_line' id='line_1_102' title="bbox 2272 4682 3780 4772; baseline -0.009 -20"><span class='ocrx_word' id='word_1_794' title='bbox 2272 4696 2530 4752; x_wconf 89' lang='lat' dir='ltr'><strong>insinuat.</strong></span> <span class='ocrx_word' id='word_1_795' title='bbox 2563 4695 2715 4762; x_wconf 80' lang='lat' dir='ltr'><strong>Quod</strong></span> <span class='ocrx_word' id='word_1_796' title='bbox 2742 4704 3005 4767; x_wconf 89' lang='lat' dir='ltr'><strong>quantum</strong></span> <span class='ocrx_word' id='word_1_797' title='bbox 3033 4694 3233 4764; x_wconf 87' lang='lat' dir='ltr'><strong>valeat,</strong></span> <span class='ocrx_word' id='word_1_798' title='bbox 3265 4696 3381 4769; x_wconf 90' lang='lat' dir='ltr'><strong>ipso</strong></span> <span class='ocrx_word' id='word_1_799' title='bbox 3405 4685 3579 4766; x_wconf 86' lang='lat' dir='ltr'><strong>judicii</strong></span> <span class='ocrx_word' id='word_1_800' title='bbox 3606 4682 3780 4772; x_wconf 56' lang='grc' dir='ltr'><strong>ιεξιηξοξο</strong></span> 
     </span>
    </p>
   </div>
   <div class='ocr_carea' id='block_1_103' title="bbox 2270 4766 3779 4858">
    <p class='ocr_par' dir='ltr' id='par_1_103' title="bbox 2270 4766 3779 4858">
     <span class='ocr_line' id='line_1_103' title="bbox 2270 4766 3779 4858; baseline -0.003 -17"><span class='ocrx_word' id='word_1_801' title='bbox 2270 4786 2554 4856; x_wconf 85' lang='lat' dir='ltr'><strong>pandetur,</strong></span> <span class='ocrx_word' id='word_1_802' title='bbox 2602 4786 2695 4841; x_wconf 89' lang='lat' dir='ltr'><strong>ubi</strong></span> <span class='ocrx_word' id='word_1_803' title='bbox 2740 4766 2985 4843; x_wconf 84' lang='lat' dir='ltr'><strong>dicturus</strong></span> <span class='ocrx_word' id='word_1_804' title='bbox 3022 4794 3105 4842; x_wconf 91' lang='lat' dir='ltr'><strong>est</strong></span> <span class='ocrx_word' id='word_1_805' title='bbox 3138 4766 3305 4856; x_wconf 57' lang='lat' dir='ltr'><strong>judes</strong></span> <span class='ocrx_word' id='word_1_806' title='bbox 3335 4804 3347 4840; x_wconf 89' lang='lat'><strong>:</strong></span> <span class='ocrx_word' id='word_1_807' title='bbox 3383 4776 3611 4850; x_wconf 74' lang='lat' dir='ltr'><strong>Quanditt</strong></span> <span class='ocrx_word' id='word_1_808' title='bbox 3641 4766 3779 4858; x_wconf 35' lang='lat' dir='ltr'><strong>femi“</strong></span> 
     </span>
    </p>
   </div>
   <div class='ocr_carea' id='block_1_104' title="bbox 2272 4862 3778 4949">
    <p class='ocr_par' dir='ltr' id='par_1_104' title="bbox 2272 4862 3778 4949">
     <span class='ocr_line' id='line_1_104' title="bbox 2272 4862 3778 4949; baseline -0.002 -18"><span class='ocrx_word' id='word_1_809' title='bbox 2272 4879 2363 4933; x_wconf 86' lang='lat' dir='ltr'><strong>uni</strong></span> <span class='ocrx_word' id='word_1_810' title='bbox 2393 4878 2457 4932; x_wconf 85' lang='lat' dir='ltr'><strong>de</strong></span> <span class='ocrx_word' id='word_1_811' title='bbox 2483 4879 2735 4949; x_wconf 78' lang='lat' dir='ltr'><strong>fratribus</strong></span> <span class='ocrx_word' id='word_1_812' title='bbox 2772 4880 2898 4937; x_wconf 78' lang='lat' dir='ltr'><strong>meis</strong></span> <span class='ocrx_word' id='word_1_813' title='bbox 2932 4880 3182 4947; x_wconf 86' lang='lat' dir='ltr'><strong>minimis,</strong></span> <span class='ocrx_word' id='word_1_814' title='bbox 3221 4879 3348 4934; x_wconf 84' lang='lat' dir='ltr'><strong>mihi</strong></span> <span class='ocrx_word' id='word_1_815' title='bbox 3372 4872 3570 4948; x_wconf 76' lang='lat' dir='ltr'><strong>fecistis.</strong></span> <span class='ocrx_word' id='word_1_816' title='bbox 3593 4862 3778 4949; x_wconf 51' lang='grc' dir='ltr'><strong>Ροιτίξξίξ</strong></span> 
     </span>
    </p>
   </div>
   <div class='ocr_carea' id='block_1_105' title="bbox 2272 4941 3776 5039">
    <p class='ocr_par' dir='ltr' id='par_1_105' title="bbox 2272 4941 3776 5039">
     <span class='ocr_line' id='line_1_105' title="bbox 2272 4941 3776 5039; baseline -0.031 -7"><span class='ocrx_word' id='word_1_817' title='bbox 2272 4982 2338 5024; x_wconf 76' lang='lat' dir='ltr'><strong>eo</strong></span> <span class='ocrx_word' id='word_1_818' title='bbox 2377 4941 2518 5039; x_wconf 74' lang='lat' dir='ltr'><strong>quod</strong></span> <span class='ocrx_word' id='word_1_819' title='bbox 2557 4967 2933 5025; x_wconf 86' lang='lat' dir='ltr'><strong>immaculatos</strong></span> <span class='ocrx_word' id='word_1_820' title='bbox 2976 4985 3078 5026; x_wconf 90' lang='lat' dir='ltr'><strong>nos</strong></span> <span class='ocrx_word' id='word_1_821' title='bbox 3225 4970 3328 5026; x_wconf 89' lang='lat' dir='ltr'><strong>hoc</strong></span> <span class='ocrx_word' id='word_1_822' title='bbox 3372 4941 3558 5022; x_wconf 57' lang='grc' dir='ltr'><strong>ᾲωουιο</strong></span> <span class='ocrx_word' id='word_1_823' title='bbox 3586 4941 3776 5008; x_wconf 69' lang='lat' dir='ltr'><strong>custodia</strong></span> 
     </span>
    </p>
   </div>
   <div class='ocr_carea' id='block_1_106' title="bbox 2269 5039 3775 5134">
    <p class='ocr_par' dir='ltr' id='par_1_106' title="bbox 2269 5039 3775 5134">
     <span class='ocr_line' id='line_1_106' title="bbox 2269 5039 3775 5134; baseline 0.016 -23"><span class='ocrx_word' id='word_1_824' title='bbox 2269 5058 2529 5130; x_wconf 72' lang='lat' dir='ltr'><strong>praecepit</strong></span> <span class='ocrx_word' id='word_1_825' title='bbox 2550 5060 2802 5115; x_wconf 89' lang='lat' dir='ltr'><strong>universa</strong></span> <span class='ocrx_word' id='word_1_826' title='bbox 2826 5059 2880 5115; x_wconf 87' lang='lat' dir='ltr'><strong>in</strong></span> <span class='ocrx_word' id='word_1_827' title='bbox 2910 5060 3105 5132; x_wconf 91' lang='lat' dir='ltr'><strong>quibus</strong></span> <span class='ocrx_word' id='word_1_828' title='bbox 3132 5076 3232 5116; x_wconf 89' lang='lat' dir='ltr'><strong>nos</strong></span> <span class='ocrx_word' id='word_1_829' title='bbox 3257 5061 3401 5134; x_wconf 72' lang='lat' dir='ltr'><strong>ipsos</strong></span> <span class='ocrx_word' id='word_1_830' title='bbox 3427 5058 3591 5112; x_wconf 62' lang='lat' dir='ltr'><strong>035m</strong></span> 
     </span>
    </p>
   </div>
   <div class='ocr_carea' id='block_1_107' title="bbox 2270 5124 3793 5224">
    <p class='ocr_par' dir='ltr' id='par_1_107' title="bbox 2270 5124 3793 5224">
     <span class='ocr_line' id='line_1_107' title="bbox 2270 5124 3793 5224; baseline 0.007 -20"><span class='ocrx_word' id='word_1_831' title='bbox 2270 5124 2427 5205; x_wconf 82' lang='lat' dir='ltr'><strong>decet</strong></span> <span class='ocrx_word' id='word_1_832' title='bbox 2448 5124 2720 5219; x_wconf 73' lang='lat' dir='ltr'><strong>ostendit;</strong></span> <span class='ocrx_word' id='word_1_833' title='bbox 2768 5151 2824 5206; x_wconf 90' lang='lat' dir='ltr'><strong>in</strong></span> <span class='ocrx_word' id='word_1_834' title='bbox 2852 5124 3047 5223; x_wconf 80' lang='lat' dir='ltr'><strong>quibus</strong></span> <span class='ocrx_word' id='word_1_835' title='bbox 3086 5124 3303 5209; x_wconf 86' lang='lat' dir='ltr'><strong>sunt</strong></span> <span class='ocrx_word' id='word_1_836' title='bbox 3328 5158 3445 5224; x_wconf 72' lang='lat' dir='ltr'><strong>qua:</strong></span> <span class='ocrx_word' id='word_1_837' title='bbox 3472 5150 3615 5213; x_wconf 57' lang='lat' dir='ltr'><strong>sui”a</strong></span> 
     </span>
    </p>
   </div>
   <div class='ocr_carea' id='block_1_108' title="bbox 2268 5214 3774 5311">
    <p class='ocr_par' dir='ltr' id='par_1_108' title="bbox 2268 5214 3774 5311">
     <span class='ocr_line' id='line_1_108' title="bbox 2268 5214 3774 5311; baseline 0.009 -15"><span class='ocrx_word' id='word_1_838' title='bbox 2268 5256 2397 5297; x_wconf 89' lang='lat' dir='ltr'><strong>vare</strong></span> <span class='ocrx_word' id='word_1_839' title='bbox 2443 5214 2755 5311; x_wconf 81' lang='lat' dir='ltr'><strong>monuerat,</strong></span> <span class='ocrx_word' id='word_1_840' title='bbox 2802 5214 2886 5299; x_wconf 48' lang='lat' dir='ltr'><strong>ut-</strong></span> <span class='ocrx_word' id='word_1_841' title='bbox 2906 5238 3047 5299; x_wconf 84' lang='lat' dir='ltr'><strong>tardi</strong></span> <span class='ocrx_word' id='word_1_842' title='bbox 3090 5246 3261 5301; x_wconf 87' lang='lat' dir='ltr'><strong>simus</strong></span> <span class='ocrx_word' id='word_1_843' title='bbox 3303 5214 3370 5299; x_wconf 72' lang='lat' dir='ltr'><strong>ad</strong></span> <span class='ocrx_word' id='word_1_844' title='bbox 3406 5224 3709 5307; x_wconf 69' lang='grc' dir='ltr'><strong>ιοιιυθιιάυων</strong></span> <span class='ocrx_word' id='word_1_845' title='bbox 3738 5214 3774 5261; x_wconf 54' lang='grc' dir='ltr'><strong>α</strong></span> 
     </span>
    </p>
   </div>
   <div class='ocr_carea' id='block_1_109' title="bbox 2269 5313 3819 5406">
    <p class='ocr_par' dir='ltr' id='par_1_109' title="bbox 2269 5313 3819 5406">
     <span class='ocr_line' id='line_1_109' title="bbox 2269 5313 3819 5406; baseline -0.007 -19"><span class='ocrx_word' id='word_1_846' title='bbox 2269 5330 2412 5388; x_wconf 88' lang='lat' dir='ltr'><strong>tardi</strong></span> <span class='ocrx_word' id='word_1_847' title='bbox 2445 5332 2511 5389; x_wconf 91' lang='lat' dir='ltr'><strong>ad</strong></span> <span class='ocrx_word' id='word_1_848' title='bbox 2540 5333 2711 5402; x_wconf 87' lang='lat' dir='ltr'><strong>iram;</strong></span> <span class='ocrx_word' id='word_1_849' title='bbox 2740 5342 2795 5390; x_wconf 90' lang='lat' dir='ltr'><strong>et</strong></span> <span class='ocrx_word' id='word_1_850' title='bbox 2823 5334 2878 5388; x_wconf 90' lang='lat' dir='ltr'><strong>in</strong></span> <span class='ocrx_word' id='word_1_851' title='bbox 2902 5332 3164 5406; x_wconf 83' lang='lat' dir='ltr'><strong>patientia</strong></span> <span class='ocrx_word' id='word_1_852' title='bbox 3192 5345 3248 5390; x_wconf 91' lang='lat' dir='ltr'><strong>et</strong></span> <span class='ocrx_word' id='word_1_853' title='bbox 3276 5333 3331 5390; x_wconf 90' lang='lat' dir='ltr'><strong>in</strong></span> <span class='ocrx_word' id='word_1_854' title='bbox 3356 5313 3772 5406; x_wconf 47' lang='lat' dir='ltr'><strong>tribulatioueliif&#39;</strong></span> 
     </span>
    </p>
   </div>
   <div class='ocr_carea' id='block_1_110' title="bbox 2275 5407 3732 5482">
    <p class='ocr_par' dir='ltr' id='par_1_110' title="bbox 2275 5407 3732 5482">
     <span class='ocr_line' id='line_1_110' title="bbox 2275 5407 3732 5482; baseline -0.003 -2"><span class='ocrx_word' id='word_1_855' title='bbox 2275 5425 2444 5480; x_wconf 86' lang='lat' dir='ltr'><strong>sentis</strong></span> <span class='ocrx_word' id='word_1_856' title='bbox 2472 5424 2595 5480; x_wconf 70' lang='lat' dir='ltr'><strong>vita:</strong></span> <span class='ocrx_word' id='word_1_857' title='bbox 2634 5424 2804 5481; x_wconf 84' lang='lat' dir='ltr'><strong>fortes</strong></span> <span class='ocrx_word' id='word_1_858' title='bbox 2839 5426 3008 5481; x_wconf 90' lang='lat' dir='ltr'><strong>simus</strong></span> <span class='ocrx_word' id='word_1_859' title='bbox 3043 5427 3111 5482; x_wconf 88' lang='lat' dir='ltr'><strong>ad</strong></span> <span class='ocrx_word' id='word_1_860' title='bbox 3144 5422 3505 5482; x_wconf 87' lang='lat' dir='ltr'><strong>sustinendum</strong></span> <span class='ocrx_word' id='word_1_861' title='bbox 3532 5408 3689 5467; x_wconf 65' lang='grc'><strong>011⁸0⁸³</strong></span> <span class='ocrx_word' id='word_1_862' title='bbox 3709 5407 3732 5445; x_wconf 74' lang='grc'><strong>³</strong></span> 
     </span>
    </p>
   </div>
   <div class='ocr_carea' id='block_1_111' title="bbox 2277 5476 3770 5589">
    <p class='ocr_par' dir='ltr' id='par_1_111' title="bbox 2277 5476 3770 5589">
     <span class='ocr_line' id='line_1_111' title="bbox 2277 5476 3770 5589; baseline -0.001 -21"><span class='ocrx_word' id='word_1_863' title='bbox 2277 5529 2455 5579; x_wconf 88' lang='lat' dir='ltr'><strong>versa,</strong></span> <span class='ocrx_word' id='word_1_864' title='bbox 2471 5515 2656 5586; x_wconf 88' lang='lat' dir='ltr'><strong>sicque</strong></span> <span class='ocrx_word' id='word_1_865' title='bbox 2664 5523 2817 5571; x_wconf 86' lang='lat' dir='ltr'><strong>recta</strong></span> <span class='ocrx_word' id='word_1_866' title='bbox 2837 5510 2942 5573; x_wconf 77' lang='lat' dir='ltr'><strong>ﬁde</strong></span> <span class='ocrx_word' id='word_1_867' title='bbox 2955 5533 3021 5571; x_wconf 90' lang='lat' dir='ltr'><strong>ac</strong></span> <span class='ocrx_word' id='word_1_868' title='bbox 3032 5516 3187 5573; x_wconf 87' lang='lat' dir='ltr'><strong>bonis</strong></span> <span class='ocrx_word' id='word_1_869' title='bbox 3199 5516 3444 5589; x_wconf 90' lang='lat' dir='ltr'><strong>operibus</strong></span> <span class='ocrx_word' id='word_1_870' title='bbox 3456 5476 3770 5589; x_wconf 49' lang='grc' dir='ltr'><strong>ειυάωωιιεξῧ</strong></span> 
     </span>
    </p>
   </div>
   <div class='ocr_carea' id='block_1_112' title="bbox 2276 5582 3766 5678">
    <p class='ocr_par' dir='ltr' id='par_1_112' title="bbox 2276 5582 3766 5678">
     <span class='ocr_line' id='line_1_112' title="bbox 2276 5582 3766 5678; baseline -0.007 -21"><span class='ocrx_word' id='word_1_871' title='bbox 2276 5608 2536 5658; x_wconf 80' lang='lat' dir='ltr'><strong>aeternam</strong></span> <span class='ocrx_word' id='word_1_872' title='bbox 2564 5582 2731 5661; x_wconf 70' lang='lat' dir='ltr'><strong>vitam</strong></span> <span class='ocrx_word' id='word_1_873' title='bbox 2760 5608 3065 5678; x_wconf 88' lang='lat' dir='ltr'><strong>pervenire,</strong></span> <span class='ocrx_word' id='word_1_874' title='bbox 3092 5582 3378 5678; x_wconf 74' lang='lat' dir='ltr'><strong>praestante</strong></span> <span class='ocrx_word' id='word_1_875' title='bbox 3407 5589 3609 5657; x_wconf 85' lang='lat' dir='ltr'><strong>Domino</strong></span> <span class='ocrx_word' id='word_1_876' title='bbox 3637 5582 3766 5678; x_wconf 48' lang='lat' dir='ltr'><strong>nos&quot;?</strong></span> 
     </span>
    </p>
   </div>
   <div class='ocr_carea' id='block_1_113' title="bbox 2278 5667 3767 5771">
    <p class='ocr_par' dir='ltr' id='par_1_113' title="bbox 2278 5667 3767 5771">
     <span class='ocr_line' id='line_1_113' title="bbox 2278 5667 3767 5771; baseline -0.028 -19"><span class='ocrx_word' id='word_1_877' title='bbox 2278 5695 2405 5752; x_wconf 83' lang='lat' dir='ltr'><strong>Jesu</strong></span> <span class='ocrx_word' id='word_1_878' title='bbox 2434 5695 2672 5766; x_wconf 87' lang='lat' dir='ltr'><strong>Christo,</strong></span> <span class='ocrx_word' id='word_1_879' title='bbox 2712 5667 2802 5771; x_wconf 74' lang='lat' dir='ltr'><strong>qui</strong></span> <span class='ocrx_word' id='word_1_880' title='bbox 2830 5715 2953 5755; x_wconf 88' lang='lat' dir='ltr'><strong>cum</strong></span> <span class='ocrx_word' id='word_1_881' title='bbox 2982 5667 3141 5756; x_wconf 61' lang='lat' dir='ltr'><strong>Patie</strong></span> <span class='ocrx_word' id='word_1_882' title='bbox 3179 5710 3235 5757; x_wconf 87' lang='lat' dir='ltr'><strong>et</strong></span> <span class='ocrx_word' id='word_1_883' title='bbox 3278 5696 3470 5771; x_wconf 91' lang='lat' dir='ltr'><strong>Spiritu</strong></span> <span class='ocrx_word' id='word_1_884' title='bbox 3496 5688 3657 5771; x_wconf 65' lang='lat' dir='ltr'><strong>sancto</strong></span> <span class='ocrx_word' id='word_1_885' title='bbox 3679 5667 3767 5771; x_wconf 59' lang='lat' dir='ltr'><strong>mp</strong></span> 
     </span>
    </p>
   </div>
   <div class='ocr_carea' id='block_1_114' title="bbox 2227 5766 3761 5867">
    <p class='ocr_par' dir='ltr' id='par_1_114' title="bbox 2227 5766 3761 5867">
     <span class='ocr_line' id='line_1_114' title="bbox 2227 5766 3761 5867; baseline -0.023 6"><span class='ocrx_word' id='word_1_886' title='bbox 2227 5852 2236 5860; x_wconf 89' lang='lat'><strong>-</strong></span> <span class='ocrx_word' id='word_1_887' title='bbox 2286 5800 2339 5847; x_wconf 66' lang='grc' dir='ltr'><strong>εί</strong></span> <span class='ocrx_word' id='word_1_888' title='bbox 2362 5801 2554 5867; x_wconf 66' lang='grc' dir='ltr'><strong>Γθὸηλι</strong></span> <span class='ocrx_word' id='word_1_889' title='bbox 2573 5766 2744 5861; x_wconf 59' lang='lat' dir='ltr'><strong>Deus;</strong></span> <span class='ocrx_word' id='word_1_890' title='bbox 2757 5808 2856 5865; x_wconf 74' lang='lat' dir='ltr'><strong>per</strong></span> <span class='ocrx_word' id='word_1_891' title='bbox 2879 5793 3059 5851; x_wconf 85' lang='lat' dir='ltr'><strong>omnia</strong></span> <span class='ocrx_word' id='word_1_892' title='bbox 3081 5794 3276 5851; x_wconf 63' lang='lat' dir='ltr'><strong>saecula</strong></span> <span class='ocrx_word' id='word_1_893' title='bbox 3310 5766 3618 5851; x_wconf 60' lang='lat' dir='ltr'><strong>sarculowm-</strong></span> <span class='ocrx_word' id='word_1_894' title='bbox 3635 5766 3761 5827; x_wconf 59' lang='lat' dir='ltr'><strong>Amen</strong></span> 
     </span>
    </p>
   </div>
  </div>
