3974 6364
523 315 623 377 251

1153 317 1215 374 Β.
1259 316 1510 374 RABANI
1548 316 1770 376 MAURI
1807 317 2128 377 ARCIIIEP.
2161 318 2480 378 MOGUNT.
2522 317 2809 380 OPERUM
2845 319 3028 381 PARS
3064 323 3131 384 ll.

3699 327 3819 388 233

521 442 664 498 sunt,
699 442 748 487 et
785 440 880 488 tua
917 447 1066 498 mea;
1108 430 1201 486 ubi
1249 431 1383 512 satis
1417 439 1640 502 apparet
1665 432 1936 502 quomodo
1968 432 2112 488 unici
2143 437 2195 498 Α
2292 433 2492 500 Quibus
2529 445 2578 489 et
2608 437 2826 506 prtebuit
2874 440 3100 510 seipsum
3148 443 3317 497 vivum
3347 444 3468 512 post
3503 443 3820 516 passionem

521 524 643 580 Filii
685 531 814 578 sunt
845 523 1029 578 omnia
1059 539 1179 594 qua:
1220 508 1349 578 sunt
1396 523 1606 591 Patuis;
1643 539 1743 594 per
1772 525 1875 581 hoc
1918 526 2105 596 utique

519 619 663 688 quod
689 616 853 671 etiam
884 616 996 685 ipse
1019 617 1160 672 Deus
1185 625 1288 682 est,
1315 625 1370 670 et
1399 617 1466 671 de
1485 616 1644 670 Patre
1665 615 1812 671 Patri
1839 625 1922 672 est
1946 625 2107 674 natus

519 709 760 780 aequalis.
808 707 922 764 Hoc
950 709 1095 764 enim
1122 709 1324 766 dictum
1353 718 1438 764 est
1462 710 1527 765 de
1557 719 1740 766 sancta
1779 719 1834 766 et
1863 710 2104 766 rationa-

521 803 612 860 bili
654 810 925 870 creatura,
956 819 1119 874 quam
1147 803 1310 875 elegit
1336 804 1478 859 Deus
1519 813 1575 860 et
1611 820 1729 874 qua:
1767 805 1982 861 subdita
2021 814 2106 862 est

519 896 668 952 Patri
696 905 748 954 et
773 897 931 964 Filio,
960 907 1016 954 et
1036 897 1322 968 aequaliter
1349 907 1476 954 sunt
1501 897 1677 953 Patris
1703 906 1759 952 et
1787 897 1928 953 Filii.
1978 897 2106 956 Haec

519 1002 649 1059 ergo
685 1002 810 1044 cum
841 989 911 1044 sit
945 988 1040 1045 Dei
1072 987 1272 1055 Patris,
1318 1004 1426 1044 non
1479 987 1639 1044 simul
1692 999 1837 1045 esset
1869 997 1923 1044 et
1951 988 2099 1058 Filii,

519 1082 619 1138 nisi
647 1081 798 1138 Patri
826 1081 994 1138 Filius
1019 1091 1164 1139 esset
1189 1083 1432 1154 aequalis.
1487 1081 1598 1139 Nec
1624 1082 1707 1139 fas
1735 1091 1906 1139 est-ut
1930 1083 2104 1140 sancti

517 1173 582 1228 de
609 1174 803 1244 quibus
840 1173 958 1230 htec
979 1173 1191 1230 locutus
1218 1183 1301 1230 est
1325 1172 1646 1244 cujusquam
1689 1173 1817 1239 sint,
1851 1173 1957 1230 nisi
1985 1173 2107 1244 ejus

515 1280 545 1317 a
575 1280 682 1334 quo
707 1266 878 1321 creati
905 1275 960 1322 et
984 1265 1306 1322 sanctificati
1334 1275 1479 1322 sunt.
1524 1267 1666 1339 Ergo
1694 1281 1815 1321 cum
1846 1274 1900 1321 et
1925 1265 2104 1322 Patris

515 1363 570 1410 ct
611 1355 732 1411 Filii
778 1364 934 1425 sunt,
983 1357 1221 1428 aequales
1262 1371 1385 1412 esse
1430 1357 1823 1421 demonstrant,
1868 1371 2102 1430 quorum

513 1447 795 1517 aequaliter
825 1456 974 1502 sunt.
1019 1447 1089 1501 Et
1121 1445 1442 1516 clariﬁcatus
1497 1463 1636 1514 sum,
1681 1446 1876 1518 inquit,
1916 1447 1975 1529 in_
2003 1447 2101 1505 eis.

512 1535 667 1594 Nunc
693 1554 846 1596 suam
875 1538 1342 1606 clariﬁcationem,
1373 1547 1630 1610 tanquam
1659 1538 1801 1595 facta
1829 1540 1920 1607 sit,
1950 1540 2100 1608 dicit,

510 1646 637 1686 cum
678 1633 854 1689 adhuc
892 1641 1038 1688 esset
1072 1630 1272 1688 futura.
1302 1632 1372 1688 Et
1406 1632 1731 1703 clariﬁcatus
1757 1649 1872 1686 sum
1918 1633 1973 1686 in
2003 1633 2098 1688 eis.

509 1721 567 1776 Id
595 1731 697 1787 est,
723 1737 823 1793 per
848 1737 1037 1779 eorum
1062 1723 1501 1794 praedicationem
1534 1724 1865 1781 clariﬁcatus
1893 1741 2013 1780 sum
2042 1725 2097 1780 in

2208 541 2358 579 suam
2402 526 2458 580 in
2501 527 2679 581 multis
2731 532 3091 602 argumentis,
3144 550 3237 604 per
3282 534 3393 588 dies
3446 537 3817 608 quadraginta

2207 635 2463 689 apparens
2486 621 2580 685 eis,
2615 631 2664 676 et
2695 622 2909 694 loquens
2934 625 2998 680 de
3024 643 3182 697 regno
3206 627 3323 682 Dei.
3361 627 3468 684 Per
3494 629 3641 685 hanc
3668 645 3817 702 qua-

2207 707 2460 780 draginta
2501 710 2714 768 dierum
2749 729 2875 768 cum
2907 716 3186 786 discipulis
3217 722 3702 778 conversationem
3738 724 3817 780 si-

2205 801 2427 876 gniﬁcat
2469 805 2652 862 omnia
2692 821 2771 874 se,
2820 817 2931 864 tam
2974 822 3160 882 aperta
3205 829 3368 883 quam
3417 815 3658 880 occulta,
3689 831 3815 886 qui

2204 893 2533 966 promiserat
2565 895 2947 969 impleturum;
2985 910 3041 956 et
3068 903 3134 958 de
3173 903 3355 959 multis
3392 904 3477 960 vel
3514 922 3692 961 unum
3727 907 3807 962 dio

2203 999 2395 1043 camus
2424 989 2567 1058 quod
2601 989 2678 1043 ait
2714 1006 2728 1044 :
2780 988 2917 1046 Ecce
2962 1009 3054 1064 ego
3097 995 3361 1049 vobiscum
3400 1013 3518 1051 sum
3561 998 3817 1053 omnibus

2205 1076 2387 1132 diebus
2414 1094 2576 1150 usque
2598 1080 2668 1135 ad
2697 1085 3203 1139 consummationem
3234 1085 3436 1141 swculi.

2275 1169 2348 1225 Et
2379 1187 2706 1242 convescens,
2727 1177 2971 1248 prlecepit
2999 1178 3073 1232 eis
3095 1178 3160 1232 ab
3183 1177 3571 1250 Hierosolymis
3603 1198 3672 1235 ne
3702 1182 3791 1235 dis

2203 1260 2476 1329 cederent,
2545 1264 2638 1318 sed
2704 1275 3057 1336 exspectarent
3127 1270 3527 1339 promissionem
3597 1271 3810 1328 Patris.

2205 1353 2361 1423 Quod
2405 1355 2559 1414 cibos
2602 1372 2728 1414 cum
2778 1359 3059 1430 discipulis
3107 1363 3362 1432 sumpsit,
3393 1364 3499 1420 hoc
3522 1364 3657 1421 ideo
3678 1364 3814 1421 fecit

2203 1451 2264 1497 ut
2309 1445 2581 1514 eamdem,
2626 1462 2791 1518 quam
2837 1457 3082 1504 mortuus
3131 1453 3507 1520 suscitaverat,
3549 1471 3810 1520 carnem,

2201 1532 2473 1604 palpando
2522 1542 2690 1609 atque
2733 1541 3020 1596 tractando
3068 1556 3254 1598 veram
3294 1553 3665 1602 monstraret.
3713 1547 3813 1603 Se-

2203 1624 2390 1694 quitur
2405 1640 2422 1681 :

2273 1713 2449 1781 Quam
2480 1717 2729 1784 audistis,
2767 1719 2966 1791 inquit,
2990 1739 3086 1793 per
3109 1740 3166 1778 os
3187 1740 3380 1792 meum,
3405 1727 3534 1797 quia
3561 1729 3811 1781 Joannes

487 1820 624 1869 toto
663 1815 885 1870 mundo.
927 1814 1003 1871 Et
1043 1817 1177 1887 quia
1217 1817 1669 1886 predestinatum
1703 1825 1789 1873 est
1818 1827 1880 1873 ut
1917 1805 2091 1885 ﬁeret,

2202 1805 2415 1876 quidem
2466 1807 2746 1879 baptizavit
2792 1827 2961 1881 aqua,
3027 1829 3118 1867 vos
3175 1823 3350 1869 autem
3401 1796 3812 1886 baptizabimiai

508 1915 719 1962 eertum
745 1908 918 1965 voluit
948 1924 1072 1966 esse
1098 1911 1242 1980 quod
1261 1909 1504 1967 futurum
1525 1920 1644 1968 erat
1672 1929 1686 1966 :
1720 1911 1841 1967 ideo
1867 1921 2097 1983 praeter-

507 1995 573 2050 iti
609 1997 875 2067 tanporis
916 1999 1082 2056 verbo
1134 2014 1266 2056 usus
1311 2008 1416 2056 est.
1456 1999 1526 2054 Et
1564 2000 1706 2070 jam,
1749 1999 1946 2071 inquit,
1993 2017 2100 2056 non

509 2101 628 2141 sum
654 2088 709 2142 in
735 2089 953 2156 mundo,
975 2099 1025 2145 et
1059 2090 1115 2143 hi
1150 2091 1208 2144 in
1244 2090 1442 2146 mundo
1485 2100 1628 2146 sunt.
1682 2088 1967 2161 Signiﬁcat
1994 2090 2096 2147 ho-

515 2195 632 2234 ram
677 2196 783 2250 qua
829 2181 1162 2238 transiturus
1191 2191 1308 2238 erat
1347 2197 1415 2238 ex
1454 2182 1557 2238 hoc
1586 2182 1819 2251 mundo;
1853 2191 1909 2239 et
1931 2183 2098 2239 verbo

507 2270 793 2341 praesentis
815 2271 1072 2342 temporis
1089 2288 1222 2329 usus
1241 2281 1324 2329 est
1343 2287 1443 2343 pro
1465 2272 1670 2339 futuro,
1684 2273 1810 2344 quia
1826 2273 1970 2343 quod
1988 2272 2097 2329 cito

507 2367 628 2416 erat
665 2359 906 2416 futurum
943 2364 1098 2434 quasi
1133 2363 1336 2419 factum
1369 2379 1490 2420 esse
1532 2363 1689 2420 dixit.
1733 2362 1886 2432 Quod
1915 2372 2096 2420 autem

507 2435 681 2518 ait,'et
716 2454 770 2507 hi
807 2464 928 2508 sunt
967 2456 1023 2509 in
1059 2456 1276 2522 mundo,
1317 2455 1588 2528 signiﬁcat
1612 2470 1708 2512 eos
1737 2455 1807 2512 ad
1840 2471 1975 2526 quos
2011 2455 2095 2512 lo-

506 2543 795 2613 qnebatur,
839 2543 1045 2600 tardius
1076 2545 1310 2600 transire
1337 2560 1404 2601 ex
1445 2545 1549 2602 hoc
1573 2546 1799 2614 mundo,
1830 2547 1958 2602 dum
2005 2545 2096 2603 illo

507 2634 742 2690 abeunte
777 2649 842 2689 ex
871 2635 976 2691 hoc
1015 2638 1239 2702 mundo,
1271 2652 1494 2694 necesse
1532 2646 1679 2694 esset
1706 2647 1768 2695 ut
1809 2639 1885 2695 illi
1920 2653 2097 2696 rema-

507 2732 721 2790 nerent,
749 2737 847 2794 per
872 2740 1008 2794 quos
1035 2728 1423 2796 praedicaretur
1459 2745 1657 2785 nomen
1693 2729 1811 2800 eius
1845 2739 2095 2788 sanctum

507 2817 564 2872 in
590 2819 811 2874 mundo.
835 2819 1251 2890 Prtevidensque
1271 2821 1401 2892 quid
1425 2835 1519 2877 eos
1537 2837 1756 2878 movere
1783 2832 1967 2894 posset
2001 2823 2095 2894 qui

506 2922 614 2962 non
639 2908 889 2964 audirent
916 2910 1035 2965 haec
1059 2924 1179 2980 qua:
1202 2909 1463 2981 legerent,
1478 2911 1708 2983 adjecit:
1741 2910 1898 2967 Nunc
1918 2922 2094 2968 autem

506 2999 575 3052 ad
602 3008 653 3052 te
678 3000 846 3054 venio.
873 2999 1222 3056 Aseensionis
1249 3000 1476 3072 gloriam
1503 3001 1775 3074 designat,
1801 3017 1901 3074 per
1925 3018 2092 3074 quam

503 3091 744 3148 elevatus
783 3100 868 3148 est
915 3093 1080 3150 homo
1125 3109 1289 3166 super
1337 3095 1680 3153 altitudinem
1725 3096 1988 3153 ctelorum
2036 3103 2094 3151 et

502 3181 744 3236 omnium
787 3182 1154 3254 angelicarum
1203 3193 1533 3255 potestatum
1581 3187 1890 3257 dignitates,
1921 3186 1996 3242 ita
2034 3192 2096 3242 ut

502 3271 560 3325 in
591 3272 812 3329 dextera
836 3275 932 3330 Dei
959 3276 1139 3332 Patris
1183 3277 1563 3346 collocaretur,
1595 3279 1688 3334 ubi
1738 3287 1922 3335 manet
1969 3295 2092 3336 cum

502 3361 622 3430 ipso
670 3371 728 3418 et
758 3373 946 3435 regnat
974 3366 1138 3422 simul
1181 3384 1308 3424 cum
1337 3378 1526 3426 sancto
1551 3368 1756 3441 Spiritu
1781 3387 1922 3428 unus
1951 3373 2095 3430 Deus

503 3467 603 3522 per
623 3455 806 3510 omnia
829 3456 1029 3511 saecula
1058 3457 1404 3514 saeculorum.
1433 3461 1628 3516 Amen.

1047 3567 1329 3626 HOMILIA
1365 3569 1550 3626 XLVI.

901 3656 952 3694 ΙΝ
993 3655 1079 3695 DIE
1117 3655 1451 3698 ASCENSIONIS
1489 3657 1696 3698 DOIINi.

865 3727 1052 3784 Lectio
1075 3727 1306 3785 Actuum
1343 3731 1733 3802 apostolorum.

572 3817 816 3873 Primum
834 3821 1044 3890 quidem
1067 3837 1356 3878 sermonem
1378 3823 1478 3894 feci
1502 3825 1567 3879 de
1590 3824 1852 3894 omnibus,
1873 3841 1903 3881 ο
1927 3824 2092 3882 Tlteo-

499 3911 660 3983 phile,
683 3929 800 3984 qua:
828 3914 977 3984 carpit
997 3913 1155 3969 Iesus
1182 3915 1356 3984 facere
1380 3927 1428 3973 et
1456 3919 1641 3973 docere
1673 3935 1836 3992 usque
1865 3921 1920 3975 in
1952 3921 2090 3976 diem

498 4018 604 4074 qua
641 4002 949 4073 praecipiens
987 4005 1236 4075 apostolis
1273 4025 1367 4078 per
1387 4007 1642 4080 Spiritum
1675 4024 1938 4081 sanctum,
1959 4031 2089 4086 quos

496 4092 672 4165 elegit,
699 4106 998 4168 assumptus
1029 4107 1126 4164 est,
1153 4107 1258 4154 etc.

566 4184 742 4242 Lucas
769 4189 1118 4259 evangelista,
1154 4190 1356 4246 fratres
1384 4192 1511 4258 mei,
1536 4209 1628 4264 qui
1663 4211 1831 4251 unum
1859 4212 1928 4253 ex
1955 4213 2089 4269 qua-

495 4285 621 4332 tuor
643 4276 950 4348 Evangeliis
997 4280 1241 4350 scripsit,
1288 4282 1402 4350 ipse
1448 4283 1645 4340 librum
1685 4286 1918 4343 Actuum
1955 4305 2088 4360 apo-

493 4365 780 4430 stolorum,
808 4368 952 4423 unde
991 4383 1136 4424 nunc
1172 4385 1413 4440 praesens
1447 4372 1610 4430 lectio
1645 4377 1847 4444 sonuit,
1886 4379 2082 4435 edidit:

495 4456 590 4512 ubi
629 4463 684 4509 et
723 4457 977 4526 primitus
1021 4459 1086 4515 de
1123 4460 1316 4518 ultimo
1365 4467 1615 4524 convivio
1655 4470 1798 4540 quod
1825 4469 2085 4527 Dominus

494 4554 621 4616 post
674 4550 1128 4607 resurrectionem
1183 4570 1339 4610 suam
1381 4572 1506 4613 cum
1532 4560 1808 4630 discipulis
1837 4563 1951 4618 suis
1980 4564 2081 4618 ba-

495 4639 631 4703 buit,
677 4640 834 4696 simul
872 4651 929 4697 et
957 4643 1024 4700 de
1065 4648 1384 4703 ascensione
1420 4649 1536 4720 ejus
1568 4654 1637 4708 ad
1673 4655 1871 4710 coelum
1915 4672 2078 4727 quam

495 4729 657 4784 hodie
683 4730 1040 4800 celebramus,
1066 4739 1394 4796 mentionem
1429 4741 1581 4799 facit.
1611 4742 1904 4802 Exordium
1931 4750 2079 4804 enim

492 4818 664 4891 ipsius
689 4820 809 4878 libri
838 4822 912 4878 ita
937 4835 1039 4880 est.
1069 4823 1311 4884 Primum
1332 4832 1539 4902 quidem
1561 4851 1849 4892 sermonem
1875 4838 1995 4908 feci,
2023 4839 2078 4896 id

490 4918 599 5002 est,
627 4911 998 4984 Evangelium,
1026 4917 1091 4971 de
1122 4922 1380 4988 omnibus,
1421 4940 1451 4978 ο
1481 4923 1758 4996 Theophile
1801 4931 2075 5002 episcope,

492 5001 590 5074 qui
619 5002 760 5060 hunc
793 5020 878 5060 me
912 5006 1109 5063 librum
1144 5010 1374 5067 Actuum
1425 5017 1790 5085 apostolorum
1839 5001 2080 5079 scribere

489 5091 664 5164 cogis,
715 5109 834 5164 quae
881 5099 1046 5169 cmpit
1087 5100 1266 5167 Iesus,
1311 5105 1486 5172 primo
1536 5109 1689 5180 signa
1727 5114 2080 5170 monstrando

485 5188 572 5244 vel
597 5201 665 5243 ea
693 5201 812 5257 quas
847 5190 914 5244 ad
944 5195 1188 5266 exempla
1234 5197 1358 5253 vitae
1394 5201 1773 5271 pertinebant,
1817 5204 1999 5263 facere
2025 5217 2081 5265 et

483 5288 672 5350 postea
719 5281 914 5337 docere
949 5301 962 5338 :
993 5287 1118 5354 quia
1141 5287 1322 5355 Jesus,
1351 5290 1551 5346 bonum
1596 5293 1871 5351 doctorem
1920 5298 2077 5355 insti-

487 5377 667 5438 tnens,
705 5371 856 5430 nulla
903 5375 1007 5430 nisi
1055 5393 1176 5448 qua:
1219 5380 1405 5435 docuit
1452 5381 1600 5451 fecit,
1653 5403 1816 5459 usque
1847 5391 1905 5445 in
1937 5393 2076 5448 diem

485 5477 592 5532 qua
621 5464 933 5536 pracipiens
961 5469 1211 5539 apostolis
1253 5488 1345 5541 per
1367 5472 1630 5544 Spiritum
1654 5490 1914 5549 sanctum,
1946 5501 2074 5556 quos

485 5553 657 5625 elegit,
686 5569 987 5629 assumptus
1013 5570 1111 5626 est,
1135 5561 1271 5617 dans
1295 5576 1564 5635 praecepta
1590 5580 1717 5626 ante
1747 5553 2072 5646 assumptio-

485 5661 612 5703 nem
643 5652 936 5707 observare
977 5662 1034 5707 et
1068 5653 1366 5724 adimplere
1405 5675 1525 5730 qua:
1563 5664 1647 5717 vel
1698 5665 1753 5720 in
1793 5667 1899 5724 hoc
1935 5669 2074 5727 libro

486 5736 574 5808 vel
598 5737 656 5811 in
677 5740 989 5816 Evangeliis
1019 5743 1291 5816 leguntur.

2204 1895 2412 1968 Spiritu
2448 1910 2664 1966 sancto,
2702 1919 2806 1957 non
2846 1913 2961 1974 post
2999 1905 3194 1961 multos
3241 1907 3334 1961 hos
3380 1909 3514 1963 dies.
3557 1909 3811 1964 Fuerunt

2201 1999 2380 2042 autem
2424 1987 2538 2058 jam
2590 1991 2820 2060 apostoli
2880 2007 3019 2063 aqua
3071 1994 3353 2064 baptizati,
3415 1997 3510 2052 sed
3557 1998 3811 2052 nondum

2201 2064 2407 2148 Spiritu
2459 2089 2648 2137 sancto
2701 2080 2956 2153 pleniter,
3010 2085 3102 2154 qui
3149 2087 3231 2142 eis
3289 2087 3634 2158 promittitur
3681 2100 3808 2158 post

2197 2168 2571 2225 ascensionem
2606 2169 2750 2225 illam
2789 2171 3024 2229 futurus.
3064 2172 3249 2244 Neque
3288 2183 3474 2230 autem
3513 2175 3624 2246 ipsi
3671 2192 3809 2246 apo-

2199 2256 2345 2324 stoli,
2378 2272 2554 2329 neque
2593 2274 2938 2317 successores
2965 2276 3172 2328 eorum,
3207 2264 3486 2334 hucusque
3527 2267 3583 2320 in
3617 2265 3810 2321 Eccle-

2197 2351 2278 2406 sia
2319 2349 2478 2407 aliter
2513 2367 2676 2423 quam
2709 2350 2944 2410 Joannes
2968 2355 3240 2426 Baptista,
3285 2356 3342 2412 id
3381 2365 3491 2423 est,
3530 2355 3591 2411 in
3641 2373 3807 2428 aqua,

2197 2443 2478 2514 baptizare
2524 2445 2809 2514 valebant;
2863 2449 2959 2504 sed
3008 2457 3212 2516 tamen,
3270 2449 3521 2505 invocato
3571 2451 3811 2505 nomine

2196 2532 2431 2602 Christi,
2491 2537 2649 2594 adest
2686 2538 2913 2596 interior
2943 2541 3116 2597 virtus
3154 2539 3390 2612 Spiritus
3425 2542 3603 2598 sancti
3623 2548 3648 2609 ,‘
3688 2558 3811 2613 qua:

2197 2623 2470 2681 hominem
2518 2627 2574 2681 in
2620 2643 2760 2698 aqua
2814 2633 3109 2703 mergendo
3175 2633 3568 2704 baptizatorum
3641 2634 3808 2689 simul

2198 2715 2408 2772 animas
2433 2726 2492 2772 et
2517 2733 2744 2789 corpora
2773 2722 3042 2792 puriﬁcet,
3073 2727 3217 2795 quod
3252 2726 3306 2781 in
3333 2723 3558 2782 Joannis
3583 2726 3808 2798 baptis-

2196 2814 2344 2861 mate
2368 2823 2477 2864 non
2502 2807 2688 2865 ﬁebat.

2267 2895 2443 2967 Igitur
2468 2899 2560 2970 qui
2591 2913 2958 2971 convenerant,
3000 2906 3392 2978 interrogabant
3427 2924 3566 2975 eum,
3615 2911 3807 2965 dicea-

2197 2995 2272 3042 tes
2300 3001 2320 3040 .'
2341 2987 2600 3058 Domine,
2647 2993 2693 3046 si
2751 2993 2807 3048 in
2853 3004 3081 3066 tempore
3134 2998 3232 3052 hoc
3286 2998 3521 3055 restitues
3553 3002 3806 3072 regnum

2197 3075 2391 3134 Israel.
2424 3078 2834 3153 Consequenter
2882 3086 2948 3142 de
2995 3102 3163 3159 regno
3202 3089 3302 3144 Dei
3340 3100 3805 3160 percunctantur,

2121 3153 2168 3217 C
2198 3174 2379 3222 utrum
2405 3169 2655 3226 videlicet
2701 3189 2828 3230 mox
2860 3153 3181 3234 adveniente
3227 3153 3434 3250 Spiritu
3475 3190 3703 3250 sancto,
3751 3153 3805 3239 in

2198 3258 2456 3325 praesenti
2503 3268 2647 3316 esset
2685 3264 3102 3335 restituendum,
3148 3284 3218 3324 an
3259 3270 3315 3326 in
3360 3269 3541 3328 futuro
3579 3277 3806 3332 sanctis

2197 3349 2584 3404 reservandum
2613 3351 2854 3408 credere.
2883 3353 3044 3422 {Dixit
3091 3367 3268 3412 autem
3300 3360 3374 3414 eis
3399 3373 3418 3413 :
3441 3359 3566 3416 Non
3596 3373 3688 3418 est
3721 3382 3804 3420 ce-

2193 3445 2363 3492 strum
2401 3455 2550 3497 nosse
2579 3451 2813 3514 tempora
2860 3456 2908 3499 et
2953 3459 3240 3516 momenta,
3267 3467 3385 3520 qua:
3419 3449 3581 3508 Pater
3612 3458 3803 3524 posuit

2194 3527 2250 3581 in
2283 3545 2384 3583 sua
2434 3540 2706 3602 potestate.
2756 3533 3008 3592 Ostendit
3047 3539 3172 3608 quia
3214 3553 3322 3596 nun
3369 3543 3586 3612 expedit
3633 3546 3804 3602 nobis

2195 3635 2356 3676 nosse
2383 3624 2704 3682 mortalibus
2736 3627 2881 3684 diem
2902 3632 3206 3689 vocationis
3236 3643 3458 3702 nostra},
3481 3647 3542 3691 ut
3569 3652 3803 3709 semper

2194 3710 2390 3769 incerti
2412 3716 2478 3770 de
2502 3717 2735 3773 adventu
2758 3717 2978 3789 judicis,
3011 3721 3087 3778 ita
3111 3724 3340 3782 sollicite
3362 3727 3602 3798 quotidie
3635 3731 3798 3786 viva-

2193 3819 2336 3872 mus,
2393 3807 2549 3877 quasi
2604 3808 2692 3864 die
2743 3809 2849 3866 alia
2909 3812 2978 3869 ad
3025 3811 3290 3884 judicium
3350 3833 3649 3890 properare
3710 3824 3801 3879 de-

2191 3893 2439 3952 beamus.

2265 3987 2374 4044 Sed
2407 3991 2695 4063 accipietis,
2721 3994 2920 4065 inquit,
2961 3997 3203 4053 virtutem
3228 4003 3634 4072 superoenientis
3666 4005 3796 4077 Spi-

2191 4081 2326 4135 ritus
2349 4084 2518 4137 sancti
2543 4083 2599 4137 in
2623 4102 2728 4151 vos,
2756 4096 2804 4141 et
2831 4088 2976 4143 eritis
3004 4091 3132 4144 mihi
3146 4100 3299 4148 testes
3328 4095 3384 4148 in
3422 4093 3791 4164 Hierusalem,

2190 4179 2239 4224 et
2267 4171 2322 4224 in
2348 4172 2489 4227 omni
2512 4171 2729 4244 ludam,
2760 4186 2809 4232 et
2846 4178 3116 4250 Samaria,
3157 4192 3205 4238 et
3238 4200 3400 4256 usque
3425 4186 3497 4240 ad
3535 4187 3791 4245 ultimam

2191 4271 2367 4316 terrte.
2402 4262 2484 4318 Ac
2527 4265 2575 4320 si
2603 4266 2824 4334 diceret,
2859 4268 2976 4326 Non
3021 4273 3164 4328 enim
3209 4284 3403 4345 putare
3439 4277 3652 4335 debetis
3692 4297 3789 4337 ve-

2191 4353 2375 4409 niente
2409 4355 2464 4410 in
2509 4371 2606 4413 vos
2651 4357 2856 4431 Spiritu
2901 4373 3110 4431 sancto,
3159 4367 3347 4423 statim
3391 4369 3554 4440 hujus
3592 4373 3787 4428 mundi

2192 4442 2310 4499 ﬁeri
2353 4451 2894 4518 consummationem,
2930 4455 3027 4510 sed
3067 4456 3222 4514 vobis
3266 4467 3478 4515 tantum
3520 4461 3787 4519 virtutem

2110 4508 2164 4570 D
2191 4535 2258 4591 de
2287 4553 2376 4592 me
2398 4539 2721 4599 testiﬁcandi
2745 4508 3011 4615 praebere;

2260 4648 2467 4707 Etcum
2497 4654 2610 4709 hare
2645 4655 2885 4725 dixisset,
2914 4661 3203 4718 videntibus
3229 4663 3353 4730 illis,
3399 4666 3630 4723 eleuatus
3657 4678 3742 4724 est
3760 4707 3776 4723 .

2186 4749 2235 4796 et
2261 4742 2422 4797 nubes
2445 4746 2669 4816 suscepit
2693 4763 2813 4801 eum
2846 4749 2910 4802 ab
2949 4751 3115 4807 oculis
3154 4771 3356 4810 eorum.
3388 4755 3601 4828 Ubique
3625 4774 3781 4816 crea-

2185 4839 2312 4887 tura
2338 4836 2572 4891 creatori
2599 4850 2700 4893 suo
2721 4848 2947 4908 praestat
2976 4842 3296 4914 obsequium
3321 4864 3334 4900 :
3359 4856 3507 4903 astra
3534 4849 3780 4906 indicant

2183 4935 2532 4994 nascentem,
2589 4929 2884 5000 patientem
2923 4933 3237 5001 obnubunt,
3289 4939 3557 5008 recipiunt
3605 4941 3776 4999 nubes

2185 5018 2590 5087 ascendentem,
2620 5021 2937 5079 redeuntem
2959 5024 3306 5095 adjudicium
3347 5030 3773 5093 comitabuntur.

2257 5127 2327 5183 Et
2353 5145 2470 5185 ecce
2510 5131 2615 5184 duo
2661 5135 2762 5188 uiri
2798 5135 3074 5192 astiterunt
3093 5139 3249 5208 juxta
3294 5140 3413 5196 illos
3457 5142 3514 5196 in
3550 5146 3773 5201 vestibus

2185 5217 2342 5284 albis,
2376 5219 2467 5289 qui
2489 5219 2566 5274 eis
2587 5221 2832 5278 dixerunt
2855 5238 2875 5277 :
2904 5223 3017 5280 Viri
3044 5225 3275 5298 Galilazi,
3296 5233 3423 5302 quid
3445 5235 3598 5288 statis
3625 5237 3769 5304 aspi-

2184 5310 2375 5364 cientes
2400 5309 2458 5366 in
2475 5310 2661 5366 caelum
2675 5312 2702 5367 7
2723 5313 2825 5369 Hic
2851 5314 3009 5371 Jesus
3041 5319 3131 5389 qui
3155 5330 3452 5392 assumptus
3471 5332 3546 5376 est
3575 5341 3609 5377 a
3629 5326 3769 5380 vobis

2179 5402 2235 5455 in
2258 5401 2464 5466 caelum,
2494 5403 2571 5456 sic
2591 5403 2758 5460 veniet
2783 5409 3224 5476 quemadmodum
3259 5411 3462 5467 vidistis
3483 5430 3606 5468 eum
3641 5431 3767 5469 eun-

2179 5501 2281 5545 tem
2309 5491 2365 5547 in
2386 5492 2590 5548 rwlum.
2615 5491 2676 5549 ld
2701 5503 2804 5561 est,
2835 5496 2886 5550 in
2912 5513 2974 5553 ea
3021 5499 3195 5556 forma
3221 5503 3402 5559 carnis
3440 5512 3604 5574 atque
3642 5507 3767 5563 sub—

2177 5580 2394 5637 stantiae
2421 5583 2603 5638 veniet
2623 5583 2987 5653 judicaturus,
3017 5589 3071 5642 in
3113 5605 3221 5660 qua
3246 5593 3397 5648 venit
3412 5592 3760 5663 judicandus.

2179 5670 2288 5726 Nos
2311 5686 2440 5743 ergo
2469 5674 2644 5745 dignis
2685 5677 2929 5734 moribus
2969 5695 3254 5738 ascensum
3293 5685 3348 5740 in
3379 5685 3581 5743 cmlum
3609 5689 3766 5746 nobis

2175 5778 2559 5834 praeparemus,
2586 5775 2640 5824 et
2674 5770 3011 5841 peregrinari
3053 5788 3154 5833 nos
3179 5773 3236 5834 in
3280 5776 3387 5834 hac
3410 5779 3599 5835 mundi
3627 5779 3768 5836 valle
