  <div class='ocr_page' id='page_1' title='image "/cluster/home/n/w/nwhite01/storage/ocr_20150623/110/hvd.32044015466865/126.png"; bbox 0 0 3974 6364; ppageno 0'>
   <div class='ocr_carea' id='block_1_1' title="bbox 282 288 443 348">
    <p class='ocr_par' dir='ltr' id='par_1_1' title="bbox 282 288 443 348">
     <span class='ocr_line' id='line_1_1' title="bbox 282 288 443 348; baseline 0.006 -1"><span class='ocrx_word' id='word_1_1' title='bbox 282 288 443 348; x_wconf 62' lang='grc' dir='ltr'><strong>εὗδ’</strong></span> 
     </span>
    </p>
   </div>
   <div class='ocr_carea' id='block_1_2' title="bbox 1172 286 2727 386">
    <p class='ocr_par' dir='ltr' id='par_1_2' title="bbox 1172 286 2727 386">
     <span class='ocr_line' id='line_1_2' title="bbox 1172 286 2727 386; baseline 0.015 -53"><span class='ocrx_word' id='word_1_2' title='bbox 1172 320 1196 333; x_wconf 75' lang='grc'><strong>-</strong></span> <span class='ocrx_word' id='word_1_3' title='bbox 1244 322 1287 329; x_wconf 86' lang='grc'><strong>.-</strong></span> <span class='ocrx_word' id='word_1_4' title='bbox 1349 287 1658 385; x_wconf 50' lang='lat' dir='ltr'><strong>nomne:</strong></span> <span class='ocrx_word' id='word_1_5' title='bbox 1697 286 2191 386; x_wconf 55' lang='lat' dir='ltr'><strong>1N.EV‘iSG.-ET</strong></span> <span class='ocrx_word' id='word_1_6' title='bbox 2214 290 2496 367; x_wconf 58' lang='lat' dir='ltr'><strong>.EPlST.,</strong></span> 
     </span>
    </p>
   </div>
   <div class='ocr_carea' id='block_1_3' title="bbox 3442 297 3551 352">
    <p class='ocr_par' dir='ltr' id='par_1_3' title="bbox 3442 297 3551 352">
     <span class='ocr_line' id='line_1_3' title="bbox 3442 297 3551 352; baseline 0.009 -1"><span class='ocrx_word' id='word_1_7' title='bbox 3442 297 3551 352; x_wconf 73' lang='grc'><strong>254</strong></span> 
     </span>
    </p>
   </div>
   <div class='ocr_carea' id='block_1_4' title="bbox 278 360 3590 497">
    <p class='ocr_par' dir='ltr' id='par_1_4' title="bbox 278 368 3590 497">
     <span class='ocr_line' id='line_1_4' title="bbox 278 368 3590 497; baseline 0.007 -49"><span class='ocrx_word' id='word_1_8' title='bbox 278 423 702 486; x_wconf 42' lang='lat' dir='ltr'><strong>agnoscamus.</strong></span> <span class='ocrx_word' id='word_1_9' title='bbox 755 408 812 468; x_wconf 75' lang='lat' dir='ltr'><strong>in</strong></span> <span class='ocrx_word' id='word_1_10' title='bbox 847 416 954 482; x_wconf 70' lang='lat' dir='ltr'><strong>qua</strong></span> <span class='ocrx_word' id='word_1_11' title='bbox 997 375 1170 471; x_wconf 65' lang='lat' dir='ltr'><strong>etiam</strong></span> <span class='ocrx_word' id='word_1_12' title='bbox 1202 408 1249 464; x_wconf 79' lang='lat' dir='ltr'><strong>Si</strong></span> <span class='ocrx_word' id='word_1_13' title='bbox 1286 408 1532 481; x_wconf 69' lang='lat' dir='ltr'><strong>quaedam</strong></span> <span class='ocrx_word' id='word_1_14' title='bbox 1578 378 1862 475; x_wconf 66' lang='lat' dir='ltr'><strong>dummoda</strong></span> <span class='ocrx_word' id='word_1_15' title='bbox 1889 376 2113 471; x_wconf 55' lang='lat' dir='ltr'><strong>Actum</strong></span> <span class='ocrx_word' id='word_1_16' title='bbox 2161 394 2511 480; x_wconf 79' lang='lat' dir='ltr'><strong>Evangelinm</strong></span> <span class='ocrx_word' id='word_1_17' title='bbox 2558 406 2644 463; x_wconf 90' lang='lat' dir='ltr'><strong>vel</strong></span> <span class='ocrx_word' id='word_1_18' title='bbox 2695 385 2986 479; x_wconf 65' lang='lat' dir='ltr'><strong>insensatis</strong></span> <span class='ocrx_word' id='word_1_19' title='bbox 3024 408 3218 494; x_wconf 78' lang='lat' dir='ltr'><strong>rebus,</strong></span> <span class='ocrx_word' id='word_1_20' title='bbox 3242 410 3339 487; x_wconf 38' lang='lat' dir='ltr'><strong>‘vel</strong></span> <span class='ocrx_word' id='word_1_21' title='bbox 3376 368 3590 497; x_wconf 18' lang='lat' dir='ltr'><strong>brutiis</strong></span> 
     </span>
    </p>
   </div>
   <div class='ocr_carea' id='block_1_5' title="bbox 230 497 1865 577">
    <p class='ocr_par' dir='ltr' id='par_1_5' title="bbox 230 497 1865 577">
     <span class='ocr_line' id='line_1_5' title="bbox 230 497 1865 577; baseline -0.009 -10"><span class='ocrx_word' id='word_1_22' title='bbox 230 548 241 555; x_wconf 66' lang='grc' dir='ltr'>η</span> <span class='ocrx_word' id='word_1_23' title='bbox 276 506 654 572; x_wconf 78' lang='lat' dir='ltr'><strong>blandiuntur,</strong></span> <span class='ocrx_word' id='word_1_24' title='bbox 699 510 809 561; x_wconf 81' lang='lat' dir='ltr'><strong>neu</strong></span> <span class='ocrx_word' id='word_1_25' title='bbox 858 502 1225 577; x_wconf 74' lang='lat' dir='ltr'><strong>amplectenda</strong></span> <span class='ocrx_word' id='word_1_26' title='bbox 1272 508 1400 558; x_wconf 88' lang='lat' dir='ltr'><strong>sunt</strong></span> <span class='ocrx_word' id='word_1_27' title='bbox 1450 500 1718 570; x_wconf 86' lang='lat' dir='ltr'><strong>nequiter,</strong></span> <span class='ocrx_word' id='word_1_28' title='bbox 1768 497 1865 557; x_wconf 85' lang='lat' dir='ltr'><strong>sed</strong></span> 
     </span>
    </p>
   </div>
   <div class='ocr_carea' id='block_1_6' title="bbox 244 588 1905 664">
    <p class='ocr_par' dir='ltr' id='par_1_6' title="bbox 244 588 1905 664">
     <span class='ocr_line' id='line_1_6' title="bbox 244 588 1905 664; baseline -0.005 -14"><span class='ocrx_word' id='word_1_29' title='bbox 244 594 632 664; x_wconf 61' lang='lat' dir='ltr'><strong>despicienda</strong></span> <span class='ocrx_word' id='word_1_30' title='bbox 662 600 790 651; x_wconf 90' lang='lat' dir='ltr'><strong>sunt</strong></span> <span class='ocrx_word' id='word_1_31' title='bbox 824 592 1054 650; x_wconf 73' lang='lat' dir='ltr'><strong>fortiter.</strong></span> <span class='ocrx_word' id='word_1_32' title='bbox 1096 591 1243 658; x_wconf 82' lang='lat' dir='ltr'><strong>ideo,</strong></span> <span class='ocrx_word' id='word_1_33' title='bbox 1273 590 1609 647; x_wconf 76' lang='lat' dir='ltr'><strong>dilectissimi</strong></span> <span class='ocrx_word' id='word_1_34' title='bbox 1639 588 1863 655; x_wconf 89' lang='lat' dir='ltr'><strong>fratres,</strong></span> <span class='ocrx_word' id='word_1_35' title='bbox 1902 612 1905 613; x_wconf 52' lang='grc' dir='ltr'><em>ν</em></span> 
     </span>
    </p>
   </div>
   <div class='ocr_carea' id='block_1_7' title="bbox 226 677 1866 754">
    <p class='ocr_par' dir='ltr' id='par_1_7' title="bbox 226 677 1866 754">
     <span class='ocr_line' id='line_1_7' title="bbox 226 677 1866 754; baseline -0.004 -15"><span class='ocrx_word' id='word_1_36' title='bbox 226 744 251 754; x_wconf 60' lang='grc'><em>,</em></span> <span class='ocrx_word' id='word_1_37' title='bbox 270 684 326 739; x_wconf 87' lang='lat' dir='ltr'><strong>si</strong></span> <span class='ocrx_word' id='word_1_38' title='bbox 350 684 653 741; x_wconf 81' lang='lat' dir='ltr'><strong>ascendere</strong></span> <span class='ocrx_word' id='word_1_39' title='bbox 677 682 841 738; x_wconf 90' lang='lat' dir='ltr'><strong>vultis</strong></span> <span class='ocrx_word' id='word_1_40' title='bbox 872 680 925 736; x_wconf 89' lang='lat' dir='ltr'><strong>in</strong></span> <span class='ocrx_word' id='word_1_41' title='bbox 955 680 1179 746; x_wconf 84' lang='lat' dir='ltr'><strong>caelum,</strong></span> <span class='ocrx_word' id='word_1_42' title='bbox 1209 681 1315 736; x_wconf 88' lang='lat' dir='ltr'><strong>hoc</strong></span> <span class='ocrx_word' id='word_1_43' title='bbox 1353 680 1409 737; x_wconf 91' lang='lat' dir='ltr'><strong>in</strong></span> <span class='ocrx_word' id='word_1_44' title='bbox 1440 694 1537 752; x_wconf 86' lang='lat' dir='ltr'><strong>spe</strong></span> <span class='ocrx_word' id='word_1_45' title='bbox 1566 686 1753 735; x_wconf 90' lang='lat' dir='ltr'><strong>nostra</strong></span> <span class='ocrx_word' id='word_1_46' title='bbox 1783 677 1866 733; x_wconf 85' lang='lat' dir='ltr'><strong>in-</strong></span> 
     </span>
    </p>
   </div>
   <div class='ocr_carea' id='block_1_8' title="bbox 274 768 1862 838">
    <p class='ocr_par' dir='ltr' id='par_1_8' title="bbox 274 768 1862 838">
     <span class='ocr_line' id='line_1_8' title="bbox 274 768 1862 838; baseline -0.005 -9"><span class='ocrx_word' id='word_1_47' title='bbox 274 773 443 831; x_wconf 88' lang='lat' dir='ltr'><strong>terim</strong></span> <span class='ocrx_word' id='word_1_48' title='bbox 473 772 829 838; x_wconf 86' lang='lat' dir='ltr'><strong>roboremns;</strong></span> <span class='ocrx_word' id='word_1_49' title='bbox 862 771 916 826; x_wconf 89' lang='lat' dir='ltr'><strong>in</strong></span> <span class='ocrx_word' id='word_1_50' title='bbox 940 770 1044 827; x_wconf 88' lang='lat' dir='ltr'><strong>hoc</strong></span> <span class='ocrx_word' id='word_1_51' title='bbox 1086 770 1229 826; x_wconf 88' lang='lat' dir='ltr'><strong>votis</strong></span> <span class='ocrx_word' id='word_1_52' title='bbox 1261 768 1513 827; x_wconf 90' lang='lat' dir='ltr'><strong>omnibus</strong></span> <span class='ocrx_word' id='word_1_53' title='bbox 1548 775 1862 833; x_wconf 68' lang='lat' dir='ltr'><strong>testuemus,</strong></span> 
     </span>
    </p>
   </div>
   <div class='ocr_carea' id='block_1_9' title="bbox 226 852 1865 933">
    <p class='ocr_par' dir='ltr' id='par_1_9' title="bbox 226 852 1865 933">
     <span class='ocr_line' id='line_1_9' title="bbox 226 852 1865 933; baseline -0.005 -12"><span class='ocrx_word' id='word_1_54' title='bbox 226 852 385 933; x_wconf 34' lang='lat' dir='ltr'><strong>thoc</strong></span> <span class='ocrx_word' id='word_1_55' title='bbox 412 852 736 925; x_wconf 84' lang='lat' dir='ltr'><strong>meditemur</strong></span> <span class='ocrx_word' id='word_1_56' title='bbox 769 861 825 916; x_wconf 90' lang='lat' dir='ltr'><strong>in</strong></span> <span class='ocrx_word' id='word_1_57' title='bbox 869 861 1050 927; x_wconf 91' lang='lat' dir='ltr'><strong>terris,</strong></span> <span class='ocrx_word' id='word_1_58' title='bbox 1080 860 1223 931; x_wconf 89' lang='lat' dir='ltr'><strong>quod</strong></span> <span class='ocrx_word' id='word_1_59' title='bbox 1255 860 1630 931; x_wconf 81' lang='lat' dir='ltr'><strong>computamur</strong></span> <span class='ocrx_word' id='word_1_60' title='bbox 1666 859 1722 914; x_wconf 92' lang='lat' dir='ltr'><strong>in</strong></span> <span class='ocrx_word' id='word_1_61' title='bbox 1751 871 1865 914; x_wconf 73' lang='lat' dir='ltr'><strong>coe-</strong></span> 
     </span>
    </p>
   </div>
   <div class='ocr_carea' id='block_1_10' title="bbox 270 953 1861 1020">
    <p class='ocr_par' dir='ltr' id='par_1_10' title="bbox 270 953 1861 1020">
     <span class='ocr_line' id='line_1_10' title="bbox 270 953 1861 1020; baseline -0.003 -9"><span class='ocrx_word' id='word_1_62' title='bbox 270 956 379 1014; x_wconf 21' lang='lat' dir='ltr'><strong>lis.‘</strong></span> <span class='ocrx_word' id='word_1_63' title='bbox 403 955 557 1013; x_wconf 85' lang='lat' dir='ltr'><strong>Tunc</strong></span> <span class='ocrx_word' id='word_1_64' title='bbox 588 954 803 1011; x_wconf 79' lang='lat' dir='ltr'><strong>exuturi</strong></span> <span class='ocrx_word' id='word_1_65' title='bbox 834 953 1015 1010; x_wconf 86' lang='lat' dir='ltr'><strong>carnis</strong></span> <span class='ocrx_word' id='word_1_66' title='bbox 1042 953 1394 1020; x_wconf 77' lang='lat' dir='ltr'><strong>mortalitate,</strong></span> <span class='ocrx_word' id='word_1_67' title='bbox 1429 968 1573 1008; x_wconf 90' lang='lat' dir='ltr'><strong>nunc</strong></span> <span class='ocrx_word' id='word_1_68' title='bbox 1598 965 1861 1007; x_wconf 84' lang='lat' dir='ltr'><strong>exuamns</strong></span> 
     </span>
    </p>
   </div>
   <div class='ocr_carea' id='block_1_11' title="bbox 270 1042 1859 1119">
    <p class='ocr_par' dir='ltr' id='par_1_11' title="bbox 270 1042 1859 1119">
     <span class='ocr_line' id='line_1_11' title="bbox 270 1042 1859 1119; baseline -0.003 -17"><span class='ocrx_word' id='word_1_69' title='bbox 270 1049 519 1103; x_wconf 89' lang='lat' dir='ltr'><strong>animum</strong></span> <span class='ocrx_word' id='word_1_70' title='bbox 549 1054 851 1113; x_wconf 79' lang='lat' dir='ltr'><strong>vetustate;</strong></span> <span class='ocrx_word' id='word_1_71' title='bbox 897 1045 1054 1102; x_wconf 88' lang='lat' dir='ltr'><strong>facile</strong></span> <span class='ocrx_word' id='word_1_72' title='bbox 1086 1046 1231 1101; x_wconf 90' lang='lat' dir='ltr'><strong>enim</strong></span> <span class='ocrx_word' id='word_1_73' title='bbox 1259 1042 1458 1117; x_wconf 78' lang='lat' dir='ltr'><strong>carpus</strong></span> <span class='ocrx_word' id='word_1_74' title='bbox 1501 1044 1767 1111; x_wconf 79' lang='lat' dir='ltr'><strong>levabitur</strong></span> <span class='ocrx_word' id='word_1_75' title='bbox 1803 1043 1859 1119; x_wconf 81' lang='lat' dir='ltr'><strong>in</strong></span> 
     </span>
    </p>
   </div>
   <div class='ocr_carea' id='block_1_12' title="bbox 265 1130 1862 1207">
    <p class='ocr_par' dir='ltr' id='par_1_12' title="bbox 265 1130 1862 1207">
     <span class='ocr_line' id='line_1_12' title="bbox 265 1130 1862 1207; baseline -0.003 -14"><span class='ocrx_word' id='word_1_76' title='bbox 265 1136 384 1193; x_wconf 87' lang='lat' dir='ltr'><strong>alta</strong></span> <span class='ocrx_word' id='word_1_77' title='bbox 412 1130 697 1203; x_wconf 62' lang='lat' dir='ltr'><strong>calorum,</strong></span> <span class='ocrx_word' id='word_1_78' title='bbox 738 1137 785 1192; x_wconf 89' lang='lat' dir='ltr'><strong>si</strong></span> <span class='ocrx_word' id='word_1_79' title='bbox 826 1147 933 1194; x_wconf 84' lang='lat' dir='ltr'><strong>non</strong></span> <span class='ocrx_word' id='word_1_80' title='bbox 972 1143 1183 1207; x_wconf 90' lang='lat' dir='ltr'><strong>premat</strong></span> <span class='ocrx_word' id='word_1_81' title='bbox 1210 1132 1464 1207; x_wconf 85' lang='lat' dir='ltr'><strong>spiritum</strong></span> <span class='ocrx_word' id='word_1_82' title='bbox 1496 1134 1712 1190; x_wconf 85' lang='lat' dir='ltr'><strong>sarcina</strong></span> <span class='ocrx_word' id='word_1_83' title='bbox 1734 1135 1862 1204; x_wconf 82' lang='lat' dir='ltr'><strong>pec-</strong></span> 
     </span>
    </p>
   </div>
   <div class='ocr_carea' id='block_1_13' title="bbox 265 1226 1895 1300">
    <p class='ocr_par' dir='ltr' id='par_1_13' title="bbox 265 1226 1895 1300">
     <span class='ocr_line' id='line_1_13' title="bbox 265 1226 1895 1300; baseline -0.004 -13"><span class='ocrx_word' id='word_1_84' title='bbox 265 1239 543 1288; x_wconf 76' lang='lat' dir='ltr'><strong>catorum.</strong></span> <span class='ocrx_word' id='word_1_85' title='bbox 574 1228 932 1300; x_wconf 84' lang='lat' dir='ltr'><strong>Quapropter,</strong></span> <span class='ocrx_word' id='word_1_86' title='bbox 961 1226 1317 1291; x_wconf 86' lang='lat' dir='ltr'><strong>dilectissimi,</strong></span> <span class='ocrx_word' id='word_1_87' title='bbox 1347 1227 1624 1297; x_wconf 77' lang='lat' dir='ltr'><strong>erigamur</strong></span> <span class='ocrx_word' id='word_1_88' title='bbox 1644 1226 1714 1281; x_wconf 90' lang='lat' dir='ltr'><strong>ad</strong></span> <span class='ocrx_word' id='word_1_89' title='bbox 1733 1229 1857 1281; x_wconf 84' lang='lat' dir='ltr'><strong>eum</strong></span> <span class='ocrx_word' id='word_1_90' title='bbox 1890 1276 1895 1281; x_wconf 83' lang='lat'><strong>.</strong></span> 
     </span>
    </p>
   </div>
   <div class='ocr_carea' id='block_1_14' title="bbox 228 1304 1858 1398">
    <p class='ocr_par' dir='ltr' id='par_1_14' title="bbox 228 1304 1858 1398">
     <span class='ocr_line' id='line_1_14' title="bbox 228 1304 1858 1398; baseline -0.003 -21"><span class='ocrx_word' id='word_1_91' title='bbox 228 1304 241 1315; x_wconf 58' lang='grc'>’</span> <span class='ocrx_word' id='word_1_92' title='bbox 266 1323 369 1398; x_wconf 84' lang='lat' dir='ltr'><strong>qui</strong></span> <span class='ocrx_word' id='word_1_93' title='bbox 395 1322 670 1393; x_wconf 75' lang='lat' dir='ltr'><strong>pulverem</strong></span> <span class='ocrx_word' id='word_1_94' title='bbox 692 1331 912 1378; x_wconf 70' lang='lat' dir='ltr'><strong>nostra:</strong></span> <span class='ocrx_word' id='word_1_95' title='bbox 945 1320 1265 1390; x_wconf 84' lang='lat' dir='ltr'><strong>abjectionis</strong></span> <span class='ocrx_word' id='word_1_96' title='bbox 1288 1334 1484 1392; x_wconf 89' lang='lat' dir='ltr'><strong>corpus</strong></span> <span class='ocrx_word' id='word_1_97' title='bbox 1511 1318 1639 1375; x_wconf 73' lang='lat' dir='ltr'><strong>fecit</strong></span> <span class='ocrx_word' id='word_1_98' title='bbox 1671 1318 1858 1395; x_wconf 71' lang='lat' dir='ltr'><strong>gloria:</strong></span> 
     </span>
    </p>
   </div>
   <div class='ocr_carea' id='block_1_15' title="bbox 253 1404 1887 1485">
    <p class='ocr_par' dir='ltr' id='par_1_15' title="bbox 253 1404 1887 1485">
     <span class='ocr_line' id='line_1_15' title="bbox 253 1404 1887 1485; baseline -0.006 -13"><span class='ocrx_word' id='word_1_99' title='bbox 253 1428 408 1485; x_wconf 60' lang='lat' dir='ltr'><strong>eum,</strong></span> <span class='ocrx_word' id='word_1_100' title='bbox 437 1404 572 1468; x_wconf 61' lang='lat' dir='ltr'><strong>et&#39;ut</strong></span> <span class='ocrx_word' id='word_1_101' title='bbox 598 1412 928 1469; x_wconf 81' lang='lat' dir='ltr'><strong>ascensionis</strong></span> <span class='ocrx_word' id='word_1_102' title='bbox 949 1412 1065 1484; x_wconf 84' lang='lat' dir='ltr'><strong>ejus</strong></span> <span class='ocrx_word' id='word_1_103' title='bbox 1090 1426 1397 1468; x_wconf 88' lang='lat' dir='ltr'><strong>mereamur</strong></span> <span class='ocrx_word' id='word_1_104' title='bbox 1423 1425 1543 1467; x_wconf 91' lang='lat' dir='ltr'><strong>esse</strong></span> <span class='ocrx_word' id='word_1_105' title='bbox 1575 1410 1887 1466; x_wconf 81' lang='lat' dir='ltr'><strong>consortes.</strong></span> 
     </span>
    </p>
   </div>
   <div class='ocr_carea' id='block_1_16' title="bbox 1967 497 3554 576">
    <p class='ocr_par' dir='ltr' id='par_1_16' title="bbox 1967 497 3554 576">
     <span class='ocr_line' id='line_1_16' title="bbox 1967 497 3554 576; baseline 0.008 -25"><span class='ocrx_word' id='word_1_106' title='bbox 1967 497 2293 554; x_wconf 86' lang='lat' dir='ltr'><strong>animalibus</strong></span> <span class='ocrx_word' id='word_1_107' title='bbox 2325 498 2506 554; x_wconf 85' lang='lat' dir='ltr'><strong>fuerat</strong></span> <span class='ocrx_word' id='word_1_108' title='bbox 2533 499 2982 572; x_wconf 63' lang='lat' dir='ltr'><strong>praedicandum?</strong></span> <span class='ocrx_word' id='word_1_109' title='bbox 3024 509 3085 556; x_wconf 90' lang='lat' dir='ltr'><strong>ut</strong></span> <span class='ocrx_word' id='word_1_110' title='bbox 3120 502 3241 558; x_wconf 85' lang='lat' dir='ltr'><strong>ideo</strong></span> <span class='ocrx_word' id='word_1_111' title='bbox 3275 502 3554 576; x_wconf 81' lang='lat' dir='ltr'><strong>discipulis</strong></span> 
     </span>
    </p>
   </div>
   <div class='ocr_carea' id='block_1_17' title="bbox 1965 584 3585 665">
    <p class='ocr_par' dir='ltr' id='par_1_17' title="bbox 1965 584 3585 665">
     <span class='ocr_line' id='line_1_17' title="bbox 1965 584 3585 665; baseline 0.004 -24"><span class='ocrx_word' id='word_1_112' title='bbox 1965 584 2202 655; x_wconf 83' lang='lat' dir='ltr'><strong>dicatur,</strong></span> <span class='ocrx_word' id='word_1_113' title='bbox 2231 588 2515 660; x_wconf 75' lang='lat' dir='ltr'><strong>prwdicate</strong></span> <span class='ocrx_word' id='word_1_114' title='bbox 2548 590 2690 644; x_wconf 87' lang='lat' dir='ltr'><strong>omni</strong></span> <span class='ocrx_word' id='word_1_115' title='bbox 2719 590 3015 665; x_wconf 74' lang='lat' dir='ltr'><strong>creatum?</strong></span> <span class='ocrx_word' id='word_1_116' title='bbox 3051 589 3160 645; x_wconf 85' lang='lat' dir='ltr'><strong>Sed</strong></span> <span class='ocrx_word' id='word_1_117' title='bbox 3196 592 3374 648; x_wconf 88' lang='lat' dir='ltr'><strong>omnis</strong></span> <span class='ocrx_word' id='word_1_118' title='bbox 3398 596 3585 650; x_wconf 85' lang='lat' dir='ltr'><strong>crea-&#39;</strong></span> 
     </span>
    </p>
   </div>
   <div class='ocr_carea' id='block_1_18' title="bbox 1942 676 3547 755">
    <p class='ocr_par' dir='ltr' id='par_1_18' title="bbox 1942 676 3547 755">
     <span class='ocr_line' id='line_1_18' title="bbox 1942 676 3547 755; baseline 0.004 -23"><span class='ocrx_word' id='word_1_119' title='bbox 1942 682 2102 734; x_wconf 72' lang='lat' dir='ltr'><strong>tura:</strong></span> <span class='ocrx_word' id='word_1_120' title='bbox 2145 678 2361 748; x_wconf 80' lang='lat' dir='ltr'><strong>nomine</strong></span> <span class='ocrx_word' id='word_1_121' title='bbox 2388 687 2566 751; x_wconf 90' lang='lat' dir='ltr'><strong>potest</strong></span> <span class='ocrx_word' id='word_1_122' title='bbox 2602 679 2780 736; x_wconf 88' lang='lat' dir='ltr'><strong>omnis</strong></span> <span class='ocrx_word' id='word_1_123' title='bbox 2817 694 2944 735; x_wconf 91' lang='lat' dir='ltr'><strong>caro</strong></span> <span class='ocrx_word' id='word_1_124' title='bbox 2978 679 3219 755; x_wconf 85' lang='lat' dir='ltr'><strong>gentium</strong></span> <span class='ocrx_word' id='word_1_125' title='bbox 3259 676 3547 754; x_wconf 80' lang='lat' dir='ltr'><strong>designari.</strong></span> 
     </span>
    </p>
   </div>
   <div class='ocr_carea' id='block_1_19' title="bbox 1936 756 3581 855">
    <p class='ocr_par' dir='ltr' id='par_1_19' title="bbox 1936 756 3581 855">
     <span class='ocr_line' id='line_1_19' title="bbox 1936 756 3581 855; baseline 0.004 -31"><span class='ocrx_word' id='word_1_126' title='bbox 1936 761 2103 855; x_wconf 55' lang='lat' dir='ltr'><strong>;Atll.e</strong></span> <span class='ocrx_word' id='word_1_127' title='bbox 2125 770 2324 839; x_wconf 81' lang='lat' dir='ltr'><strong>etenim</strong></span> <span class='ocrx_word' id='word_1_128' title='bbox 2355 771 2559 827; x_wconf 82' lang='lat' dir='ltr'><strong>dictum</strong></span> <span class='ocrx_word' id='word_1_129' title='bbox 2585 769 2761 827; x_wconf 84' lang='lat' dir='ltr'><strong>fuerat</strong></span> <span class='ocrx_word' id='word_1_130' title='bbox 2785 789 2799 826; x_wconf 93' lang='lat'><strong>:</strong></span> <span class='ocrx_word' id='word_1_131' title='bbox 2823 772 2879 826; x_wconf 83' lang='lat' dir='ltr'><strong>in</strong></span> <span class='ocrx_word' id='word_1_132' title='bbox 2905 773 3041 855; x_wconf 75' lang='lat' dir='ltr'><strong>uiam</strong></span> <span class='ocrx_word' id='word_1_133' title='bbox 3063 756 3294 843; x_wconf 77' lang='lat' dir='ltr'><strong>gentium</strong></span> <span class='ocrx_word' id='word_1_134' title='bbox 3324 772 3387 829; x_wconf 83' lang='lat' dir='ltr'><strong>ne</strong></span> <span class='ocrx_word' id='word_1_135' title='bbox 3411 774 3581 831; x_wconf 65' lang='grc' dir='ltr'><strong><em>(ὠὴ-⁸</em></strong></span> 
     </span>
    </p>
   </div>
   <div class='ocr_carea' id='block_1_20' title="bbox 1966 852 3552 937">
    <p class='ocr_par' dir='ltr' id='par_1_20' title="bbox 1966 852 3552 937">
     <span class='ocr_line' id='line_1_20' title="bbox 1966 852 3552 937; baseline 0.004 -21"><span class='ocrx_word' id='word_1_136' title='bbox 1966 861 2109 928; x_wconf 75' lang='lat' dir='ltr'><strong>ritis,</strong></span> <span class='ocrx_word' id='word_1_137' title='bbox 2171 877 2317 921; x_wconf 85' lang='lat' dir='ltr'><strong>nunc</strong></span> <span class='ocrx_word' id='word_1_138' title='bbox 2366 871 2548 937; x_wconf 89' lang='lat' dir='ltr'><strong>autem</strong></span> <span class='ocrx_word' id='word_1_139' title='bbox 2578 863 2825 937; x_wconf 76' lang='lat' dir='ltr'><strong>dicitur,</strong></span> <span class='ocrx_word' id='word_1_140' title='bbox 2868 852 3151 935; x_wconf 67' lang='lat' dir='ltr'><strong>praedicata</strong></span> <span class='ocrx_word' id='word_1_141' title='bbox 3206 860 3552 937; x_wconf 75' lang='lat' dir='ltr'><strong>Evangetium</strong></span> 
     </span>
    </p>
   </div>
   <div class='ocr_carea' id='block_1_21' title="bbox 1938 934 3579 1027">
    <p class='ocr_par' dir='ltr' id='par_1_21' title="bbox 1938 934 3579 1027">
     <span class='ocr_line' id='line_1_21' title="bbox 1938 934 3579 1027; baseline 0.002 -20"><span class='ocrx_word' id='word_1_142' title='bbox 1938 953 2107 1008; x_wconf 84' lang='lat' dir='ltr'><strong>‘omni</strong></span> <span class='ocrx_word' id='word_1_143' title='bbox 2118 963 2427 1021; x_wconf 71' lang='lat' dir='ltr'><strong>creatum;</strong></span> <span class='ocrx_word' id='word_1_144' title='bbox 2448 936 2529 1011; x_wconf 9' lang='lat' dir='ltr'><strong>rut</strong></span> <span class='ocrx_word' id='word_1_145' title='bbox 2566 934 2773 1011; x_wconf 79' lang='lat' dir='ltr'><strong>Scilicet</strong></span> <span class='ocrx_word' id='word_1_146' title='bbox 2813 953 2965 1026; x_wconf 89' lang='lat' dir='ltr'><strong>prius</strong></span> <span class='ocrx_word' id='word_1_147' title='bbox 2990 970 3020 1009; x_wconf 92' lang='lat' dir='ltr'><strong>a</strong></span> <span class='ocrx_word' id='word_1_148' title='bbox 3049 934 3255 1010; x_wconf 55' lang='grc' dir='ltr'><strong>Ιιιατιξειζ</strong></span> <span class='ocrx_word' id='word_1_149' title='bbox 3280 934 3579 1027; x_wconf 66' lang='lat' dir='ltr'><strong>apds&#39;tolb-‘</strong></span> 
     </span>
    </p>
   </div>
   <div class='ocr_carea' id='block_1_22' title="bbox 1940 1036 3547 1117">
    <p class='ocr_par' dir='ltr' id='par_1_22' title="bbox 1940 1036 3547 1117">
     <span class='ocr_line' id='line_1_22' title="bbox 1940 1036 3547 1117; baseline -0.001 -18"><span class='ocrx_word' id='word_1_150' title='bbox 1940 1054 1944 1070; x_wconf 70' lang='grc'><em>³</em></span> <span class='ocrx_word' id='word_1_151' title='bbox 1964 1059 2083 1100; x_wconf 91' lang='lat' dir='ltr'><strong>rum</strong></span> <span class='ocrx_word' id='word_1_152' title='bbox 2110 1045 2322 1116; x_wconf 83' lang='lat' dir='ltr'><strong>repulsa</strong></span> <span class='ocrx_word' id='word_1_153' title='bbox 2346 1046 2675 1117; x_wconf 57' lang='lat' dir='ltr'><strong>praedicatio,</strong></span> <span class='ocrx_word' id='word_1_154' title='bbox 2700 1036 2830 1102; x_wconf 88' lang='lat' dir='ltr'><strong>tunc</strong></span> <span class='ocrx_word' id='word_1_155' title='bbox 2858 1041 3082 1101; x_wconf 87' lang='lat' dir='ltr'><strong>nobisin</strong></span> <span class='ocrx_word' id='word_1_156' title='bbox 3100 1038 3429 1115; x_wconf 63' lang='lat' dir='ltr'><strong>adiutorium</strong></span> <span class='ocrx_word' id='word_1_157' title='bbox 3453 1042 3547 1099; x_wconf 80' lang='lat' dir='ltr'><strong>ﬁe-</strong></span> 
     </span>
    </p>
   </div>
   <div class='ocr_carea' id='block_1_23' title="bbox 1928 1124 3547 1201">
    <p class='ocr_par' dir='ltr' id='par_1_23' title="bbox 1928 1124 3547 1201">
     <span class='ocr_line' id='line_1_23' title="bbox 1928 1124 3547 1201; baseline 0.001 -13"><span class='ocrx_word' id='word_1_158' title='bbox 1928 1141 2065 1201; x_wconf 70' lang='lat' dir='ltr'><strong>‘ret,</strong></span> <span class='ocrx_word' id='word_1_159' title='bbox 2093 1149 2216 1190; x_wconf 93' lang='lat' dir='ltr'><strong>cum</strong></span> <span class='ocrx_word' id='word_1_160' title='bbox 2249 1136 2397 1192; x_wconf 85' lang='lat' dir='ltr'><strong>hanc</strong></span> <span class='ocrx_word' id='word_1_161' title='bbox 2417 1135 2508 1191; x_wconf 91' lang='lat' dir='ltr'><strong>illa</strong></span> <span class='ocrx_word' id='word_1_162' title='bbox 2536 1137 2604 1192; x_wconf 90' lang='lat' dir='ltr'><strong>ad</strong></span> <span class='ocrx_word' id='word_1_163' title='bbox 2633 1132 2996 1191; x_wconf 87' lang='lat' dir='ltr'><strong>damnationis</strong></span> <span class='ocrx_word' id='word_1_164' title='bbox 3030 1149 3141 1191; x_wconf 70' lang='lat' dir='ltr'><strong>sua:</strong></span> <span class='ocrx_word' id='word_1_165' title='bbox 3178 1124 3547 1190; x_wconf 60' lang='lat' dir='ltr'><strong>testimonium</strong></span> 
     </span>
    </p>
   </div>
   <div class='ocr_carea' id='block_1_24' title="bbox 1961 1214 3625 1305">
    <p class='ocr_par' dir='ltr' id='par_1_24' title="bbox 1961 1214 3625 1305">
     <span class='ocr_line' id='line_1_24' title="bbox 1961 1214 3625 1305; baseline -0.001 -23"><span class='ocrx_word' id='word_1_166' title='bbox 1961 1228 2194 1297; x_wconf 85' lang='lat' dir='ltr'><strong>superba</strong></span> <span class='ocrx_word' id='word_1_167' title='bbox 2218 1228 2528 1299; x_wconf 78' lang='lat' dir='ltr'><strong>repulisset.</strong></span> <span class='ocrx_word' id='word_1_168' title='bbox 2554 1227 2659 1305; x_wconf 83' lang='lat' dir='ltr'><strong>Qui</strong></span> <span class='ocrx_word' id='word_1_169' title='bbox 2677 1224 2953 1283; x_wconf 79' lang='lat' dir='ltr'><strong>crediderit</strong></span> <span class='ocrx_word' id='word_1_170' title='bbox 2976 1236 3025 1280; x_wconf 89' lang='lat' dir='ltr'><strong>et</strong></span> <span class='ocrx_word' id='word_1_171' title='bbox 3050 1214 3572 1297; x_wconf 70' lang='lat' dir='ltr'><strong>baptizatu‘s‘fuerit,’</strong></span> <span class='ocrx_word' id='word_1_172' title='bbox 3624 1216 3625 1225; x_wconf 61' lang='grc'><em>“</em></span> 
     </span>
    </p>
   </div>
   <div class='ocr_carea' id='block_1_25' title="bbox 1930 1314 3542 1401">
    <p class='ocr_par' dir='ltr' id='par_1_25' title="bbox 1930 1314 3542 1401">
     <span class='ocr_line' id='line_1_25' title="bbox 1930 1314 3542 1401; baseline -0.002 -29"><span class='ocrx_word' id='word_1_173' title='bbox 1930 1316 2134 1401; x_wconf 47' lang='lat' dir='ltr'><strong>:salvus</strong></span> <span class='ocrx_word' id='word_1_174' title='bbox 2170 1319 2303 1374; x_wconf 81' lang='lat' dir='ltr'><strong>erit:</strong></span> <span class='ocrx_word' id='word_1_175' title='bbox 2345 1320 2434 1401; x_wconf 82' lang='lat' dir='ltr'><strong>qui</strong></span> <span class='ocrx_word' id='word_1_176' title='bbox 2474 1336 2593 1375; x_wconf 78' lang='lat' dir='ltr'><strong>vero</strong></span> <span class='ocrx_word' id='word_1_177' title='bbox 2620 1335 2723 1374; x_wconf 90' lang='lat' dir='ltr'><strong>non</strong></span> <span class='ocrx_word' id='word_1_178' title='bbox 2751 1314 3049 1384; x_wconf 75' lang='lat' dir='ltr'><strong>crediderit,</strong></span> <span class='ocrx_word' id='word_1_179' title='bbox 3091 1316 3542 1401; x_wconf 21' lang='lat' dir='ltr'><strong>condemn‘uiiitttr.</strong></span> 
     </span>
    </p>
   </div>
   <div class='ocr_carea' id='block_1_26' title="bbox 1932 1392 3543 1487">
    <p class='ocr_par' dir='ltr' id='par_1_26' title="bbox 1932 1392 3543 1487">
     <span class='ocr_line' id='line_1_26' title="bbox 1932 1392 3543 1487; baseline -0.003 -18"><span class='ocrx_word' id='word_1_180' title='bbox 1932 1396 2213 1487; x_wconf 55' lang='lat' dir='ltr'><strong>&#39;Fortasse</strong></span> <span class='ocrx_word' id='word_1_181' title='bbox 2239 1392 2609 1485; x_wconf 81' lang='lat' dir='ltr'><strong>unusquisque</strong></span> <span class='ocrx_word' id='word_1_182' title='bbox 2654 1411 2795 1484; x_wconf 86' lang='lat' dir='ltr'><strong>apud</strong></span> <span class='ocrx_word' id='word_1_183' title='bbox 2840 1408 3189 1481; x_wconf 89' lang='lat' dir='ltr'><strong>semetipsum</strong></span> <span class='ocrx_word' id='word_1_184' title='bbox 3214 1392 3360 1463; x_wconf 77' lang='lat' dir='ltr'><strong>dicat</strong></span> <span class='ocrx_word' id='word_1_185' title='bbox 3385 1394 3543 1478; x_wconf 50' lang='lat' dir='ltr'><strong>{Ego</strong></span> 
     </span>
    </p>
   </div>
   <div class='ocr_carea' id='block_1_27' title="bbox 220 1487 3571 1585">
    <p class='ocr_par' dir='ltr' id='par_1_27' title="bbox 220 1487 3571 1585">
     <span class='ocr_line' id='line_1_27' title="bbox 220 1487 3571 1585; baseline -0.001 -28"><span class='ocrx_word' id='word_1_186' title='bbox 220 1487 563 1585; x_wconf 23' lang='lat' dir='ltr'><strong>ijhnmilitati</strong></span> <span class='ocrx_word' id='word_1_187' title='bbox 589 1498 643 1557; x_wconf 88' lang='lat' dir='ltr'><strong>et</strong></span> <span class='ocrx_word' id='word_1_188' title='bbox 661 1494 932 1573; x_wconf 67' lang='lat' dir='ltr'><strong>patientia:</strong></span> <span class='ocrx_word' id='word_1_189' title='bbox 952 1496 1127 1573; x_wconf 80' lang='lat' dir='ltr'><strong>ipsius</strong></span> <span class='ocrx_word' id='word_1_190' title='bbox 1145 1518 1245 1573; x_wconf 91' lang='lat' dir='ltr'><strong>per</strong></span> <span class='ocrx_word' id='word_1_191' title='bbox 1271 1498 1455 1559; x_wconf 84' lang='lat' dir='ltr'><strong>omnia</strong></span> <span class='ocrx_word' id='word_1_192' title='bbox 1474 1516 1855 1573; x_wconf 80' lang='lat' dir='ltr'><strong>congruamus.</strong></span> <span class='ocrx_word' id='word_1_193' title='bbox 1925 1502 2068 1583; x_wconf 61' lang='lat' dir='ltr'><strong>“jam</strong></span> <span class='ocrx_word' id='word_1_194' title='bbox 2094 1503 2320 1570; x_wconf 76' lang='lat' dir='ltr'><strong>credidi,</strong></span> <span class='ocrx_word' id='word_1_195' title='bbox 2352 1502 2536 1559; x_wconf 88' lang='lat' dir='ltr'><strong>salvus</strong></span> <span class='ocrx_word' id='word_1_196' title='bbox 2564 1518 2687 1567; x_wconf 90' lang='lat' dir='ltr'><strong>ero;</strong></span> <span class='ocrx_word' id='word_1_197' title='bbox 2713 1515 2904 1556; x_wconf 88' lang='lat' dir='ltr'><strong>verum</strong></span> <span class='ocrx_word' id='word_1_198' title='bbox 2927 1498 3077 1565; x_wconf 86' lang='lat' dir='ltr'><strong>dicit,</strong></span> <span class='ocrx_word' id='word_1_199' title='bbox 3108 1496 3154 1553; x_wconf 88' lang='lat' dir='ltr'><strong>si</strong></span> <span class='ocrx_word' id='word_1_200' title='bbox 3177 1498 3338 1553; x_wconf 85' lang='lat' dir='ltr'><strong>ﬁdem</strong></span> <span class='ocrx_word' id='word_1_201' title='bbox 3365 1497 3571 1568; x_wconf 85' lang='lat' dir='ltr'><strong>operi-&#39;</strong></span> 
     </span>
    </p>
   </div>
   <div class='ocr_carea' id='block_1_28' title="bbox 261 1582 3565 1666">
    <p class='ocr_par' dir='ltr' id='par_1_28' title="bbox 261 1582 3565 1666">
     <span class='ocr_line' id='line_1_28' title="bbox 261 1582 3565 1666; baseline -0.002 -19"><span class='ocrx_word' id='word_1_202' title='bbox 261 1582 446 1664; x_wconf 76' lang='lat' dir='ltr'><strong>Magni</strong></span> <span class='ocrx_word' id='word_1_203' title='bbox 485 1593 720 1649; x_wconf 87' lang='lat' dir='ltr'><strong>nominis</strong></span> <span class='ocrx_word' id='word_1_204' title='bbox 760 1586 1022 1648; x_wconf 83' lang='lat' dir='ltr'><strong>malitiam</strong></span> <span class='ocrx_word' id='word_1_205' title='bbox 1074 1589 1278 1666; x_wconf 85' lang='lat' dir='ltr'><strong>[Forte,</strong></span> <span class='ocrx_word' id='word_1_206' title='bbox 1309 1590 1602 1664; x_wconf 84' lang='lat' dir='ltr'><strong>militiam],</strong></span> <span class='ocrx_word' id='word_1_207' title='bbox 1645 1605 1884 1662; x_wconf 65' lang='lat' dir='ltr'><strong>magnae.</strong></span> <span class='ocrx_word' id='word_1_208' title='bbox 1925 1582 2063 1651; x_wconf 51' lang='lat' dir='ltr'><strong>ibus</strong></span> <span class='ocrx_word' id='word_1_209' title='bbox 2088 1596 2433 1653; x_wconf 75' lang='lat' dir='ltr'><strong>.ten‘ettvera</strong></span> <span class='ocrx_word' id='word_1_210' title='bbox 2472 1591 2836 1649; x_wconf 71' lang='lat' dir='ltr'><strong>etenim&#39;ﬁdes</strong></span> <span class='ocrx_word' id='word_1_211' title='bbox 2868 1598 2954 1646; x_wconf 86' lang='lat' dir='ltr'><strong>est</strong></span> <span class='ocrx_word' id='word_1_212' title='bbox 2995 1605 3135 1660; x_wconf 60' lang='lat' dir='ltr'><strong>quae</strong></span> <span class='ocrx_word' id='word_1_213' title='bbox 3162 1589 3217 1643; x_wconf 84' lang='lat' dir='ltr'><strong>in</strong></span> <span class='ocrx_word' id='word_1_214' title='bbox 3264 1586 3371 1644; x_wconf 78' lang='lat' dir='ltr'><strong>hoc</strong></span> <span class='ocrx_word' id='word_1_215' title='bbox 3394 1582 3565 1658; x_wconf 75' lang='lat' dir='ltr'><strong>quod</strong></span> 
     </span>
    </p>
   </div>
   <div class='ocr_carea' id='block_1_29' title="bbox 257 1672 3565 1756">
    <p class='ocr_par' dir='ltr' id='par_1_29' title="bbox 257 1672 3565 1756">
     <span class='ocr_line' id='line_1_29' title="bbox 257 1672 3565 1756; baseline -0.001 -20"><span class='ocrx_word' id='word_1_216' title='bbox 257 1683 641 1754; x_wconf 85' lang='lat' dir='ltr'><strong>promissionis</strong></span> <span class='ocrx_word' id='word_1_217' title='bbox 704 1684 1041 1755; x_wconf 86' lang='lat' dir='ltr'><strong>suscepimus</strong></span> <span class='ocrx_word' id='word_1_218' title='bbox 1104 1683 1464 1755; x_wconf 88' lang='lat' dir='ltr'><strong>disciplinam.</strong></span> <span class='ocrx_word' id='word_1_219' title='bbox 1509 1750 1514 1756; x_wconf 23' lang='grc' dir='ltr'>ί</span> <span class='ocrx_word' id='word_1_220' title='bbox 1541 1679 1853 1738; x_wconf 84' lang='lat' dir='ltr'><strong>Sectatores</strong></span> <span class='ocrx_word' id='word_1_221' title='bbox 1956 1682 2138 1744; x_wconf 85' lang='lat' dir='ltr'><strong>verbis</strong></span> <span class='ocrx_word' id='word_1_222' title='bbox 2163 1684 2297 1740; x_wconf 83' lang='lat' dir='ltr'><strong>dicit</strong></span> <span class='ocrx_word' id='word_1_223' title='bbox 2322 1684 2568 1751; x_wconf 84' lang='lat' dir='ltr'><strong>moribus</strong></span> <span class='ocrx_word' id='word_1_224' title='bbox 2601 1698 2712 1739; x_wconf 90' lang='lat' dir='ltr'><strong>non</strong></span> <span class='ocrx_word' id='word_1_225' title='bbox 2743 1676 3083 1738; x_wconf 83' lang='lat' dir='ltr'><strong>contradicit.</strong></span> <span class='ocrx_word' id='word_1_226' title='bbox 3112 1672 3366 1735; x_wconf 79' lang='lat' dir='ltr'><strong>Hinees‘t</strong></span> <span class='ocrx_word' id='word_1_227' title='bbox 3390 1677 3565 1734; x_wconf 33' lang='lat' dir='ltr'><strong>enim;</strong></span> 
     </span>
    </p>
   </div>
   <div class='ocr_carea' id='block_1_30' title="bbox 255 1758 3589 1847">
    <p class='ocr_par' dir='ltr' id='par_1_30' title="bbox 255 1758 3589 1847">
     <span class='ocr_line' id='line_1_30' title="bbox 255 1758 3589 1847; baseline -0.001 -19"><span class='ocrx_word' id='word_1_228' title='bbox 255 1773 467 1829; x_wconf 81' lang='lat' dir='ltr'><strong>Christi</strong></span> <span class='ocrx_word' id='word_1_229' title='bbox 495 1774 777 1829; x_wconf 87' lang='lat' dir='ltr'><strong>discedere</strong></span> <span class='ocrx_word' id='word_1_230' title='bbox 798 1789 827 1828; x_wconf 91' lang='lat' dir='ltr'><strong>a</strong></span> <span class='ocrx_word' id='word_1_231' title='bbox 866 1775 1019 1845; x_wconf 84' lang='lat' dir='ltr'><strong>regia</strong></span> <span class='ocrx_word' id='word_1_232' title='bbox 1054 1789 1159 1830; x_wconf 92' lang='lat' dir='ltr'><strong>non</strong></span> <span class='ocrx_word' id='word_1_233' title='bbox 1191 1774 1318 1831; x_wconf 88' lang='lat' dir='ltr'><strong>licet</strong></span> <span class='ocrx_word' id='word_1_234' title='bbox 1346 1774 1461 1845; x_wconf 87' lang='lat' dir='ltr'><strong>via,</strong></span> <span class='ocrx_word' id='word_1_235' title='bbox 1500 1787 1602 1828; x_wconf 89' lang='lat' dir='ltr'><strong>nec</strong></span> <span class='ocrx_word' id='word_1_236' title='bbox 1627 1773 1855 1845; x_wconf 6' lang='lat' dir='ltr'><strong>dignum,</strong></span> <span class='ocrx_word' id='word_1_237' title='bbox 1872 1767 1927 1827; x_wconf 86' lang='lat' dir='ltr'><strong><em>B</em></strong></span> <span class='ocrx_word' id='word_1_238' title='bbox 1952 1775 2097 1847; x_wconf 90' lang='lat' dir='ltr'><strong>quod</strong></span> <span class='ocrx_word' id='word_1_239' title='bbox 2123 1776 2189 1832; x_wconf 90' lang='lat' dir='ltr'><strong>de</strong></span> <span class='ocrx_word' id='word_1_240' title='bbox 2215 1774 2539 1846; x_wconf 84' lang='lat' dir='ltr'><strong>quibusdam</strong></span> <span class='ocrx_word' id='word_1_241' title='bbox 2578 1773 2729 1830; x_wconf 87' lang='lat' dir='ltr'><strong>falsis</strong></span> <span class='ocrx_word' id='word_1_242' title='bbox 2757 1769 3003 1829; x_wconf 74' lang='lat' dir='ltr'><strong>ﬁdelibus</strong></span> <span class='ocrx_word' id='word_1_243' title='bbox 3042 1768 3241 1826; x_wconf 85' lang='lat' dir='ltr'><strong>Paulus</strong></span> <span class='ocrx_word' id='word_1_244' title='bbox 3266 1766 3417 1833; x_wconf 75' lang='lat' dir='ltr'><strong>dicit,</strong></span> <span class='ocrx_word' id='word_1_245' title='bbox 3446 1758 3537 1836; x_wconf 65' lang='lat' dir='ltr'><strong>qui</strong></span> <span class='ocrx_word' id='word_1_246' title='bbox 3588 1822 3589 1825; x_wconf 44' lang='grc' dir='ltr'><strong>η</strong></span> 
     </span>
    </p>
   </div>
   <div class='ocr_carea' id='block_1_31' title="bbox 256 1856 3558 1942">
    <p class='ocr_par' dir='ltr' id='par_1_31' title="bbox 256 1856 3558 1942">
     <span class='ocr_line' id='line_1_31' title="bbox 256 1856 3558 1942; baseline -0.002 -23"><span class='ocrx_word' id='word_1_247' title='bbox 256 1869 352 1920; x_wconf 81' lang='lat' dir='ltr'><strong>est</strong></span> <span class='ocrx_word' id='word_1_248' title='bbox 384 1863 771 1933; x_wconf 82' lang='lat' dir='ltr'><strong>temporalibus</strong></span> <span class='ocrx_word' id='word_1_249' title='bbox 804 1865 1059 1935; x_wconf 86' lang='lat' dir='ltr'><strong>occupari</strong></span> <span class='ocrx_word' id='word_1_250' title='bbox 1106 1865 1176 1919; x_wconf 88' lang='lat' dir='ltr'><strong>ad</strong></span> <span class='ocrx_word' id='word_1_251' title='bbox 1206 1872 1406 1919; x_wconf 67' lang='lat' dir='ltr'><strong>aeterna</strong></span> <span class='ocrx_word' id='word_1_252' title='bbox 1438 1862 1739 1931; x_wconf 74' lang='lat' dir='ltr'><strong>tendentes.</strong></span> <span class='ocrx_word' id='word_1_253' title='bbox 1779 1863 1850 1919; x_wconf 88' lang='lat' dir='ltr'><strong>Et</strong></span> <span class='ocrx_word' id='word_1_254' title='bbox 1949 1864 2264 1933; x_wconf 74' lang='lat' dir='ltr'><strong>conﬁtentur</strong></span> <span class='ocrx_word' id='word_1_255' title='bbox 2303 1881 2358 1920; x_wconf 78' lang='lat' dir='ltr'><strong>se</strong></span> <span class='ocrx_word' id='word_1_256' title='bbox 2380 1879 2530 1919; x_wconf 72' lang='lat' dir='ltr'><strong>nosse</strong></span> <span class='ocrx_word' id='word_1_257' title='bbox 2559 1861 2745 1928; x_wconf 86' lang='lat' dir='ltr'><strong>Deum,</strong></span> <span class='ocrx_word' id='word_1_258' title='bbox 2768 1861 2923 1931; x_wconf 79' lang='lat' dir='ltr'><strong>{actis</strong></span> <span class='ocrx_word' id='word_1_259' title='bbox 2953 1869 3140 1942; x_wconf 76' lang='lat' dir='ltr'><strong>autent</strong></span> <span class='ocrx_word' id='word_1_260' title='bbox 3162 1856 3558 1930; x_wconf 68' lang='lat' dir='ltr'><strong>negant.ﬂinc-</strong></span> 
     </span>
    </p>
   </div>
   <div class='ocr_carea' id='block_1_32' title="bbox 1946 1947 3560 2025">
    <p class='ocr_par' dir='ltr' id='par_1_32' title="bbox 1946 1947 3560 2025">
     <span class='ocr_line' id='line_1_32' title="bbox 1946 1947 3560 2025; baseline -0.006 -15"><span class='ocrx_word' id='word_1_261' title='bbox 1946 1953 2182 2011; x_wconf 79' lang='lat' dir='ltr'><strong>Joannes</strong></span> <span class='ocrx_word' id='word_1_262' title='bbox 2203 1955 2318 2025; x_wconf 65' lang='lat' dir='ltr'><strong>ait:</strong></span> <span class='ocrx_word' id='word_1_263' title='bbox 2347 1953 2449 2021; x_wconf 82' lang='lat' dir='ltr'><strong>Qui</strong></span> <span class='ocrx_word' id='word_1_264' title='bbox 2472 1954 2601 2008; x_wconf 80' lang='lat' dir='ltr'><strong>dicit</strong></span> <span class='ocrx_word' id='word_1_265' title='bbox 2627 1970 2681 2008; x_wconf 81' lang='lat' dir='ltr'><strong>se</strong></span> <span class='ocrx_word' id='word_1_266' title='bbox 2701 1969 2852 2008; x_wconf 78' lang='lat' dir='ltr'><strong>nosse</strong></span> <span class='ocrx_word' id='word_1_267' title='bbox 2871 1951 3040 2006; x_wconf 83' lang='lat' dir='ltr'><strong>Deum</strong></span> <span class='ocrx_word' id='word_1_268' title='bbox 3062 1960 3111 2006; x_wconf 87' lang='lat' dir='ltr'><strong>et</strong></span> <span class='ocrx_word' id='word_1_269' title='bbox 3142 1950 3395 2004; x_wconf 78' lang='lat' dir='ltr'><strong>mandata</strong></span> <span class='ocrx_word' id='word_1_270' title='bbox 3419 1947 3560 2017; x_wconf 74' lang='lat' dir='ltr'><strong>ejus“</strong></span> 
     </span>
    </p>
   </div>
   <div class='ocr_carea' id='block_1_33' title="bbox 252 1952 1877 2025">
    <p class='ocr_par' dir='ltr' id='par_1_33' title="bbox 252 1952 1877 2025">
     <span class='ocr_line' id='line_1_33' title="bbox 252 1952 1877 2025; baseline -0.001 -18"><span class='ocrx_word' id='word_1_271' title='bbox 252 1953 390 2023; x_wconf 85' lang='lat' dir='ltr'><strong>quia</strong></span> <span class='ocrx_word' id='word_1_272' title='bbox 418 1953 661 2025; x_wconf 85' lang='lat' dir='ltr'><strong>pretioso</strong></span> <span class='ocrx_word' id='word_1_273' title='bbox 689 1954 950 2024; x_wconf 75' lang='lat' dir='ltr'><strong>sanguine</strong></span> <span class='ocrx_word' id='word_1_274' title='bbox 971 1952 1172 2009; x_wconf 88' lang='lat' dir='ltr'><strong>Christi</strong></span> <span class='ocrx_word' id='word_1_275' title='bbox 1210 1952 1472 2023; x_wconf 85' lang='lat' dir='ltr'><strong>redempti</strong></span> <span class='ocrx_word' id='word_1_276' title='bbox 1497 1968 1704 2019; x_wconf 83' lang='lat' dir='ltr'><strong>sumus,</strong></span> <span class='ocrx_word' id='word_1_277' title='bbox 1731 1954 1877 2024; x_wconf 80' lang='lat' dir='ltr'><strong>glo—.</strong></span> 
     </span>
    </p>
   </div>
   <div class='ocr_carea' id='block_1_34' title="bbox 250 2043 1875 2115">
    <p class='ocr_par' dir='ltr' id='par_1_34' title="bbox 250 2043 1875 2115">
     <span class='ocr_line' id='line_1_34' title="bbox 250 2043 1875 2115; baseline -0.004 -14"><span class='ocrx_word' id='word_1_278' title='bbox 250 2046 536 2102; x_wconf 81' lang='lat' dir='ltr'><strong>riﬁccmus</strong></span> <span class='ocrx_word' id='word_1_279' title='bbox 556 2052 612 2100; x_wconf 93' lang='lat' dir='ltr'><strong>ct</strong></span> <span class='ocrx_word' id='word_1_280' title='bbox 634 2053 917 2115; x_wconf 89' lang='lat' dir='ltr'><strong>portemus</strong></span> <span class='ocrx_word' id='word_1_281' title='bbox 935 2044 1103 2102; x_wconf 85' lang='lat' dir='ltr'><strong>Deum</strong></span> <span class='ocrx_word' id='word_1_282' title='bbox 1130 2046 1181 2101; x_wconf 89' lang='lat' dir='ltr'><strong>in</strong></span> <span class='ocrx_word' id='word_1_283' title='bbox 1209 2043 1437 2114; x_wconf 86' lang='lat' dir='ltr'><strong>corpore</strong></span> <span class='ocrx_word' id='word_1_284' title='bbox 1460 2053 1668 2111; x_wconf 87' lang='lat' dir='ltr'><strong>nostro,</strong></span> <span class='ocrx_word' id='word_1_285' title='bbox 1689 2056 1751 2100; x_wconf 90' lang='lat' dir='ltr'><strong>ut</strong></span> <span class='ocrx_word' id='word_1_286' title='bbox 1777 2045 1845 2101; x_wconf 88' lang='lat' dir='ltr'><strong>ad</strong></span> <span class='ocrx_word' id='word_1_287' title='bbox 1871 2091 1875 2095; x_wconf 87' lang='lat'><strong>.</strong></span> 
     </span>
    </p>
   </div>
   <div class='ocr_carea' id='block_1_35' title="bbox 245 2124 1871 2206">
    <p class='ocr_par' dir='ltr' id='par_1_35' title="bbox 245 2124 1871 2206">
     <span class='ocr_line' id='line_1_35' title="bbox 245 2124 1871 2206; baseline -0.005 -15"><span class='ocrx_word' id='word_1_288' title='bbox 245 2148 317 2191; x_wconf 87' lang='lat' dir='ltr'><strong>ea</strong></span> <span class='ocrx_word' id='word_1_289' title='bbox 348 2147 469 2205; x_wconf 80' lang='lat' dir='ltr'><strong>qua:</strong></span> <span class='ocrx_word' id='word_1_290' title='bbox 497 2134 745 2190; x_wconf 86' lang='lat' dir='ltr'><strong>ﬁdelibus</strong></span> <span class='ocrx_word' id='word_1_291' title='bbox 778 2149 877 2205; x_wconf 85' lang='lat' dir='ltr'><strong>per</strong></span> <span class='ocrx_word' id='word_1_292' title='bbox 905 2134 1088 2190; x_wconf 88' lang='lat' dir='ltr'><strong>omnia</strong></span> <span class='ocrx_word' id='word_1_293' title='bbox 1138 2145 1267 2190; x_wconf 90' lang='lat' dir='ltr'><strong>sunt</strong></span> <span class='ocrx_word' id='word_1_294' title='bbox 1300 2145 1605 2206; x_wconf 65' lang='lat' dir='ltr'><strong>praeparata</strong></span> <span class='ocrx_word' id='word_1_295' title='bbox 1656 2124 1871 2206; x_wconf 56' lang='lat' dir='ltr'><strong>pem};</strong></span> 
     </span>
    </p>
   </div>
   <div class='ocr_carea' id='block_1_36' title="bbox 246 2221 1846 2280">
    <p class='ocr_par' dir='ltr' id='par_1_36' title="bbox 246 2221 1846 2280">
     <span class='ocr_line' id='line_1_36' title="bbox 246 2221 1846 2280; baseline 0 -2"><span class='ocrx_word' id='word_1_296' title='bbox 246 2225 377 2280; x_wconf 86' lang='lat' dir='ltr'><strong>nire</strong></span> <span class='ocrx_word' id='word_1_297' title='bbox 403 2239 731 2279; x_wconf 88' lang='lat' dir='ltr'><strong>mereamur.</strong></span> <span class='ocrx_word' id='word_1_298' title='bbox 761 2221 866 2277; x_wconf 87' lang='lat' dir='ltr'><strong>Per</strong></span> <span class='ocrx_word' id='word_1_299' title='bbox 895 2223 1181 2279; x_wconf 88' lang='lat' dir='ltr'><strong>Dominum</strong></span> <span class='ocrx_word' id='word_1_300' title='bbox 1210 2230 1455 2277; x_wconf 87' lang='lat' dir='ltr'><strong>nostrum</strong></span> <span class='ocrx_word' id='word_1_301' title='bbox 1476 2221 1661 2279; x_wconf 85' lang='lat' dir='ltr'><strong>Jesum</strong></span> <span class='ocrx_word' id='word_1_302' title='bbox 1686 2223 1846 2280; x_wconf 83' lang='lat' dir='ltr'><strong>Chri-</strong></span> 
     </span>
    </p>
   </div>
   <div class='ocr_carea' id='block_1_37' title="bbox 246 2311 1846 2385">
    <p class='ocr_par' dir='ltr' id='par_1_37' title="bbox 246 2311 1846 2385">
     <span class='ocr_line' id='line_1_37' title="bbox 246 2311 1846 2385; baseline 0.001 -15"><span class='ocrx_word' id='word_1_303' title='bbox 246 2322 424 2379; x_wconf 85' lang='lat' dir='ltr'><strong>stum,</strong></span> <span class='ocrx_word' id='word_1_304' title='bbox 465 2314 557 2385; x_wconf 87' lang='lat' dir='ltr'><strong>qui</strong></span> <span class='ocrx_word' id='word_1_305' title='bbox 583 2329 707 2370; x_wconf 90' lang='lat' dir='ltr'><strong>cum</strong></span> <span class='ocrx_word' id='word_1_306' title='bbox 744 2314 856 2368; x_wconf 88' lang='lat' dir='ltr'><strong>Deo</strong></span> <span class='ocrx_word' id='word_1_307' title='bbox 896 2312 1056 2369; x_wconf 85' lang='lat' dir='ltr'><strong>Patre</strong></span> <span class='ocrx_word' id='word_1_308' title='bbox 1082 2322 1138 2368; x_wconf 88' lang='lat' dir='ltr'><strong>et</strong></span> <span class='ocrx_word' id='word_1_309' title='bbox 1181 2311 1385 2384; x_wconf 85' lang='lat' dir='ltr'><strong>Spiritu</strong></span> <span class='ocrx_word' id='word_1_310' title='bbox 1408 2322 1600 2369; x_wconf 90' lang='lat' dir='ltr'><strong>sancto</strong></span> <span class='ocrx_word' id='word_1_311' title='bbox 1628 2314 1760 2369; x_wconf 87' lang='lat' dir='ltr'><strong>vivit</strong></span> <span class='ocrx_word' id='word_1_312' title='bbox 1788 2322 1846 2371; x_wconf 88' lang='lat' dir='ltr'><strong>et</strong></span> 
     </span>
    </p>
   </div>
   <div class='ocr_carea' id='block_1_38' title="bbox 204 2400 1811 2479">
    <p class='ocr_par' dir='ltr' id='par_1_38' title="bbox 204 2400 1811 2479">
     <span class='ocr_line' id='line_1_38' title="bbox 204 2400 1811 2479; baseline -0.001 -19"><span class='ocrx_word' id='word_1_313' title='bbox 204 2400 215 2408; x_wconf 74' lang='grc'><em>“</em></span> <span class='ocrx_word' id='word_1_314' title='bbox 247 2415 451 2479; x_wconf 80' lang='lat' dir='ltr'><strong>regnat</strong></span> <span class='ocrx_word' id='word_1_315' title='bbox 479 2405 622 2462; x_wconf 86' lang='lat' dir='ltr'><strong>Deus</strong></span> <span class='ocrx_word' id='word_1_316' title='bbox 650 2419 750 2477; x_wconf 88' lang='lat' dir='ltr'><strong>per</strong></span> <span class='ocrx_word' id='word_1_317' title='bbox 774 2403 955 2459; x_wconf 88' lang='lat' dir='ltr'><strong>omnia</strong></span> <span class='ocrx_word' id='word_1_318' title='bbox 982 2403 1178 2463; x_wconf 66' lang='lat' dir='ltr'><strong>saecula</strong></span> <span class='ocrx_word' id='word_1_319' title='bbox 1200 2402 1543 2460; x_wconf 79' lang='lat' dir='ltr'><strong>saeculorum.</strong></span> <span class='ocrx_word' id='word_1_320' title='bbox 1570 2404 1765 2460; x_wconf 87' lang='lat' dir='ltr'><strong>Amen.</strong></span> <span class='ocrx_word' id='word_1_321' title='bbox 1810 2410 1811 2413; x_wconf 75' lang='lat'>‘</span> 
     </span>
    </p>
   </div>
   <div class='ocr_carea' id='block_1_39' title="bbox 405 2510 1304 2581">
    <p class='ocr_par' dir='ltr' id='par_1_39' title="bbox 405 2510 1304 2581">
     <span class='ocr_line' id='line_1_39' title="bbox 405 2510 1304 2581; baseline 0 -7"><span class='ocrx_word' id='word_1_322' title='bbox 405 2510 413 2515; x_wconf 69' lang='grc'><em>’</em></span> <span class='ocrx_word' id='word_1_323' title='bbox 779 2512 1062 2581; x_wconf 78' lang='lat' dir='ltr'><strong>ilOMlLIA</strong></span> <span class='ocrx_word' id='word_1_324' title='bbox 1103 2518 1304 2575; x_wconf 74' lang='lat' dir='ltr'><strong>XLVII;</strong></span> 
     </span>
    </p>
   </div>
   <div class='ocr_carea' id='block_1_40' title="bbox 801 2604 1277 2647">
    <p class='ocr_par' dir='ltr' id='par_1_40' title="bbox 801 2604 1277 2647">
     <span class='ocr_line' id='line_1_40' title="bbox 801 2604 1277 2647; baseline 0.002 -2"><span class='ocrx_word' id='word_1_325' title='bbox 801 2604 856 2645; x_wconf 78' lang='lat' dir='ltr'><strong>IN</strong></span> <span class='ocrx_word' id='word_1_326' title='bbox 894 2606 1070 2647; x_wconf 69' lang='lat' dir='ltr'><strong>EODEM</strong></span> <span class='ocrx_word' id='word_1_327' title='bbox 1109 2604 1277 2646; x_wconf 62' lang='grc' dir='ltr'><strong>γεετο</strong></span> 
     </span>
    </p>
   </div>
   <div class='ocr_carea' id='block_1_41' title="bbox 360 2672 1728 2752">
    <p class='ocr_par' dir='ltr' id='par_1_41' title="bbox 360 2672 1728 2752">
     <span class='ocr_line' id='line_1_41' title="bbox 360 2672 1728 2752; baseline -0.001 -15"><span class='ocrx_word' id='word_1_328' title='bbox 360 2672 550 2739; x_wconf 77' lang='lat' dir='ltr'><strong>Lectio</strong></span> <span class='ocrx_word' id='word_1_329' title='bbox 586 2682 760 2740; x_wconf 88' lang='lat' dir='ltr'><strong>sancti</strong></span> <span class='ocrx_word' id='word_1_330' title='bbox 797 2682 1076 2752; x_wconf 83' lang='lat' dir='ltr'><strong>Evangelii</strong></span> <span class='ocrx_word' id='word_1_331' title='bbox 1119 2682 1418 2739; x_wconf 89' lang='lat' dir='ltr'><strong>secundum</strong></span> <span class='ocrx_word' id='word_1_332' title='bbox 1465 2680 1728 2742; x_wconf 82' lang='lat' dir='ltr'><strong>Marcum.</strong></span> 
     </span>
    </p>
   </div>
   <div class='ocr_carea' id='block_1_42' title="bbox 324 2768 1837 2845">
    <p class='ocr_par' dir='ltr' id='par_1_42' title="bbox 324 2768 1837 2845">
     <span class='ocr_line' id='line_1_42' title="bbox 324 2768 1837 2845; baseline 0.005 -19"><span class='ocrx_word' id='word_1_333' title='bbox 324 2771 395 2827; x_wconf 81' lang='lat' dir='ltr'><strong>In</strong></span> <span class='ocrx_word' id='word_1_334' title='bbox 438 2773 528 2827; x_wconf 84' lang='lat' dir='ltr'><strong>illo</strong></span> <span class='ocrx_word' id='word_1_335' title='bbox 573 2768 799 2845; x_wconf 85' lang='lat' dir='ltr'><strong>tempore</strong></span> <span class='ocrx_word' id='word_1_336' title='bbox 844 2774 1122 2828; x_wconf 79' lang='lat' dir='ltr'><strong>novissime</strong></span> <span class='ocrx_word' id='word_1_337' title='bbox 1150 2774 1561 2830; x_wconf 78' lang='lat' dir='ltr'><strong>recumbentibus</strong></span> <span class='ocrx_word' id='word_1_338' title='bbox 1595 2775 1837 2835; x_wconf 72' lang='lat' dir='ltr'><strong>undecim</strong></span> 
     </span>
    </p>
   </div>
   <div class='ocr_carea' id='block_1_43' title="bbox 245 2856 1834 2934">
    <p class='ocr_par' dir='ltr' id='par_1_43' title="bbox 245 2856 1834 2934">
     <span class='ocr_line' id='line_1_43' title="bbox 245 2856 1834 2934; baseline 0.001 -19"><span class='ocrx_word' id='word_1_339' title='bbox 245 2856 555 2932; x_wconf 73' lang='lat' dir='ltr'><strong>discipulis,</strong></span> <span class='ocrx_word' id='word_1_340' title='bbox 583 2863 821 2934; x_wconf 77' lang='lat' dir='ltr'><strong>apparuit</strong></span> <span class='ocrx_word' id='word_1_341' title='bbox 853 2859 1030 2930; x_wconf 74' lang='lat' dir='ltr'><strong>Iesus,</strong></span> <span class='ocrx_word' id='word_1_342' title='bbox 1054 2872 1101 2917; x_wconf 87' lang='lat' dir='ltr'><strong>et</strong></span> <span class='ocrx_word' id='word_1_343' title='bbox 1130 2862 1457 2934; x_wconf 72' lang='lat' dir='ltr'><strong>exprobravit</strong></span> <span class='ocrx_word' id='word_1_344' title='bbox 1489 2856 1834 2917; x_wconf 72' lang='lat' dir='ltr'><strong>incredulita-</strong></span> 
     </span>
    </p>
   </div>
   <div class='ocr_carea' id='block_1_44' title="bbox 241 2946 1836 3026">
    <p class='ocr_par' dir='ltr' id='par_1_44' title="bbox 241 2946 1836 3026">
     <span class='ocr_line' id='line_1_44' title="bbox 241 2946 1836 3026; baseline 0.003 -18"><span class='ocrx_word' id='word_1_345' title='bbox 241 2964 356 3008; x_wconf 79' lang='lat' dir='ltr'><strong>tem</strong></span> <span class='ocrx_word' id='word_1_346' title='bbox 393 2970 572 3008; x_wconf 85' lang='lat' dir='ltr'><strong>eorum</strong></span> <span class='ocrx_word' id='word_1_347' title='bbox 610 2964 656 3009; x_wconf 87' lang='lat' dir='ltr'><strong>et</strong></span> <span class='ocrx_word' id='word_1_348' title='bbox 685 2946 937 3010; x_wconf 85' lang='lat' dir='ltr'><strong>duritiam</strong></span> <span class='ocrx_word' id='word_1_349' title='bbox 976 2946 1171 3021; x_wconf 81' lang='lat' dir='ltr'><strong>cordis,</strong></span> <span class='ocrx_word' id='word_1_350' title='bbox 1198 2956 1321 3026; x_wconf 81' lang='lat' dir='ltr'><strong>quia</strong></span> <span class='ocrx_word' id='word_1_351' title='bbox 1365 2955 1447 3009; x_wconf 80' lang='lat' dir='ltr'><strong>Itis</strong></span> <span class='ocrx_word' id='word_1_352' title='bbox 1482 2956 1572 3025; x_wconf 87' lang='lat' dir='ltr'><strong>qui</strong></span> <span class='ocrx_word' id='word_1_353' title='bbox 1598 2955 1836 3012; x_wconf 67' lang='lat' dir='ltr'><strong>viderant</strong></span> 
     </span>
    </p>
   </div>
   <div class='ocr_carea' id='block_1_45' title="bbox 237 3042 1268 3101">
    <p class='ocr_par' dir='ltr' id='par_1_45' title="bbox 237 3042 1268 3101">
     <span class='ocr_line' id='line_1_45' title="bbox 237 3042 1268 3101; baseline 0.001 -3"><span class='ocrx_word' id='word_1_354' title='bbox 237 3061 370 3098; x_wconf 82' lang='lat' dir='ltr'><strong>cum</strong></span> <span class='ocrx_word' id='word_1_355' title='bbox 405 3045 746 3100; x_wconf 72' lang='lat' dir='ltr'><strong>resurrexisse</strong></span> <span class='ocrx_word' id='word_1_356' title='bbox 778 3062 882 3100; x_wconf 84' lang='lat' dir='ltr'><strong>non</strong></span> <span class='ocrx_word' id='word_1_357' title='bbox 913 3042 1268 3101; x_wconf 82' lang='lat' dir='ltr'><strong>crediderunt.</strong></span> 
     </span>
    </p>
   </div>
   <div class='ocr_carea' id='block_1_46' title="bbox 1947 2038 3557 2109">
    <p class='ocr_par' dir='ltr' id='par_1_46' title="bbox 1947 2038 3557 2109">
     <span class='ocr_line' id='line_1_46' title="bbox 1947 2038 3557 2109; baseline -0.005 -10"><span class='ocrx_word' id='word_1_358' title='bbox 1947 2060 2049 2105; x_wconf 83' lang='lat' dir='ltr'><strong>non</strong></span> <span class='ocrx_word' id='word_1_359' title='bbox 2087 2044 2334 2109; x_wconf 77' lang='lat' dir='ltr'><strong>custodit,</strong></span> <span class='ocrx_word' id='word_1_360' title='bbox 2372 2043 2603 2098; x_wconf 74' lang='lat' dir='ltr'><strong>mendax</strong></span> <span class='ocrx_word' id='word_1_361' title='bbox 2622 2048 2716 2097; x_wconf 79' lang='lat' dir='ltr'><strong>est.</strong></span> <span class='ocrx_word' id='word_1_362' title='bbox 2755 2040 2892 2098; x_wconf 89' lang='lat' dir='ltr'><strong>Cum</strong></span> <span class='ocrx_word' id='word_1_363' title='bbox 2944 2046 3123 2097; x_wconf 87' lang='lat' dir='ltr'><strong>autem</strong></span> <span class='ocrx_word' id='word_1_364' title='bbox 3166 2039 3400 2105; x_wconf 83' lang='lat' dir='ltr'><strong>dicatur,</strong></span> <span class='ocrx_word' id='word_1_365' title='bbox 3440 2038 3557 2109; x_wconf 60' lang='lat' dir='ltr'><strong>qui”</strong></span> 
     </span>
    </p>
   </div>
   <div class='ocr_carea' id='block_1_47' title="bbox 1944 2126 3531 2203">
    <p class='ocr_par' dir='ltr' id='par_1_47' title="bbox 1944 2126 3531 2203">
     <span class='ocr_line' id='line_1_47' title="bbox 1944 2126 3531 2203; baseline -0.006 -10"><span class='ocrx_word' id='word_1_366' title='bbox 1944 2152 2063 2193; x_wconf 82' lang='lat' dir='ltr'><strong>vero</strong></span> <span class='ocrx_word' id='word_1_367' title='bbox 2092 2154 2194 2193; x_wconf 86' lang='lat' dir='ltr'><strong>non</strong></span> <span class='ocrx_word' id='word_1_368' title='bbox 2216 2137 2517 2201; x_wconf 86' lang='lat' dir='ltr'><strong>crediderit,</strong></span> <span class='ocrx_word' id='word_1_369' title='bbox 2541 2134 2987 2198; x_wconf 83' lang='lat' dir='ltr'><strong>condemnabitur,</strong></span> <span class='ocrx_word' id='word_1_370' title='bbox 3016 2128 3146 2203; x_wconf 88' lang='lat' dir='ltr'><strong>quid</strong></span> <span class='ocrx_word' id='word_1_371' title='bbox 3172 2131 3260 2187; x_wconf 83' lang='lat' dir='ltr'><strong>hic</strong></span> <span class='ocrx_word' id='word_1_372' title='bbox 3289 2126 3531 2187; x_wconf 84' lang='lat' dir='ltr'><strong>dicemus</strong></span> 
     </span>
    </p>
   </div>
   <div class='ocr_carea' id='block_1_48' title="bbox 1918 2218 3556 2299">
    <p class='ocr_par' dir='ltr' id='par_1_48' title="bbox 1918 2218 3556 2299">
     <span class='ocr_line' id='line_1_48' title="bbox 1918 2218 3556 2299; baseline -0.007 -14"><span class='ocrx_word' id='word_1_373' title='bbox 1918 2229 2012 2285; x_wconf 77' lang='lat' dir='ltr'><strong>‘de</strong></span> <span class='ocrx_word' id='word_1_374' title='bbox 2038 2228 2298 2299; x_wconf 79' lang='lat' dir='ltr'><strong>parvulis,</strong></span> <span class='ocrx_word' id='word_1_375' title='bbox 2330 2227 2421 2297; x_wconf 90' lang='lat' dir='ltr'><strong>qui</strong></span> <span class='ocrx_word' id='word_1_376' title='bbox 2458 2241 2558 2297; x_wconf 93' lang='lat' dir='ltr'><strong>per</strong></span> <span class='ocrx_word' id='word_1_377' title='bbox 2581 2233 2795 2281; x_wconf 66' lang='lat' dir='ltr'><strong>aetatem</strong></span> <span class='ocrx_word' id='word_1_378' title='bbox 2832 2221 3009 2278; x_wconf 83' lang='lat' dir='ltr'><strong>adhuc</strong></span> <span class='ocrx_word' id='word_1_379' title='bbox 3037 2222 3261 2277; x_wconf 86' lang='lat' dir='ltr'><strong>credere</strong></span> <span class='ocrx_word' id='word_1_380' title='bbox 3297 2218 3556 2275; x_wconf 62' lang='lat' dir='ltr'><strong>mutva-&#39;-</strong></span> 
     </span>
    </p>
   </div>
   <div class='ocr_carea' id='block_1_49' title="bbox 1942 2307 3528 2389">
    <p class='ocr_par' dir='ltr' id='par_1_49' title="bbox 1942 2307 3528 2389">
     <span class='ocr_line' id='line_1_49' title="bbox 1942 2307 3528 2389; baseline -0.004 -14"><span class='ocrx_word' id='word_1_381' title='bbox 1942 2320 2076 2387; x_wconf 84' lang='lat' dir='ltr'><strong>ient,</strong></span> <span class='ocrx_word' id='word_1_382' title='bbox 2107 2335 2235 2376; x_wconf 89' lang='lat' dir='ltr'><strong>nam</strong></span> <span class='ocrx_word' id='word_1_383' title='bbox 2263 2319 2330 2374; x_wconf 88' lang='lat' dir='ltr'><strong>de</strong></span> <span class='ocrx_word' id='word_1_384' title='bbox 2355 2318 2653 2389; x_wconf 81' lang='lat' dir='ltr'><strong>majoribus</strong></span> <span class='ocrx_word' id='word_1_385' title='bbox 2679 2314 2823 2370; x_wconf 90' lang='lat' dir='ltr'><strong>nulla</strong></span> <span class='ocrx_word' id='word_1_386' title='bbox 2853 2313 3080 2384; x_wconf 79' lang='lat' dir='ltr'><strong>quaestio</strong></span> <span class='ocrx_word' id='word_1_387' title='bbox 3106 2312 3222 2368; x_wconf 82' lang='lat' dir='ltr'><strong>est?</strong></span> <span class='ocrx_word' id='word_1_388' title='bbox 3249 2310 3303 2366; x_wconf 92' lang='lat' dir='ltr'><strong>in</strong></span> <span class='ocrx_word' id='word_1_389' title='bbox 3344 2307 3528 2369; x_wconf 78' lang='lat' dir='ltr'><strong>Eccle-</strong></span> 
     </span>
    </p>
   </div>
   <div class='ocr_carea' id='block_1_50' title="bbox 1938 2396 3525 2484">
    <p class='ocr_par' dir='ltr' id='par_1_50' title="bbox 1938 2396 3525 2484">
     <span class='ocr_line' id='line_1_50' title="bbox 1938 2396 3525 2484; baseline -0.009 -14"><span class='ocrx_word' id='word_1_390' title='bbox 1938 2413 2023 2471; x_wconf 89' lang='lat' dir='ltr'><strong>sia</strong></span> <span class='ocrx_word' id='word_1_391' title='bbox 2045 2427 2173 2484; x_wconf 80' lang='lat' dir='ltr'><strong>ergo</strong></span> <span class='ocrx_word' id='word_1_392' title='bbox 2194 2410 2494 2477; x_wconf 86' lang='lat' dir='ltr'><strong>Salvatoris</strong></span> <span class='ocrx_word' id='word_1_393' title='bbox 2515 2423 2613 2482; x_wconf 89' lang='lat' dir='ltr'><strong>per</strong></span> <span class='ocrx_word' id='word_1_394' title='bbox 2630 2408 2770 2463; x_wconf 89' lang='lat' dir='ltr'><strong>alios</strong></span> <span class='ocrx_word' id='word_1_395' title='bbox 2790 2404 3003 2478; x_wconf 84' lang='lat' dir='ltr'><strong>parvuli</strong></span> <span class='ocrx_word' id='word_1_396' title='bbox 3029 2404 3278 2470; x_wconf 84' lang='lat' dir='ltr'><strong>credunt,</strong></span> <span class='ocrx_word' id='word_1_397' title='bbox 3294 2396 3436 2458; x_wconf 82' lang='lat' dir='ltr'><strong>sicut</strong></span> <span class='ocrx_word' id='word_1_398' title='bbox 3454 2415 3525 2456; x_wconf 75' lang='lat' dir='ltr'><strong>ex</strong></span> 
     </span>
    </p>
   </div>
   <div class='ocr_carea' id='block_1_51' title="bbox 1939 2494 3524 2577">
    <p class='ocr_par' dir='ltr' id='par_1_51' title="bbox 1939 2494 3524 2577">
     <span class='ocr_line' id='line_1_51' title="bbox 1939 2494 3524 2577; baseline -0.009 -15"><span class='ocrx_word' id='word_1_399' title='bbox 1939 2506 2060 2563; x_wconf 86' lang='lat' dir='ltr'><strong>aliis</strong></span> <span class='ocrx_word' id='word_1_400' title='bbox 2099 2520 2184 2571; x_wconf 83' lang='lat' dir='ltr'><strong>ea,</strong></span> <span class='ocrx_word' id='word_1_401' title='bbox 2209 2519 2330 2577; x_wconf 69' lang='lat' dir='ltr'><strong>quae</strong></span> <span class='ocrx_word' id='word_1_402' title='bbox 2357 2503 2466 2561; x_wconf 82' lang='lat' dir='ltr'><strong>illis</strong></span> <span class='ocrx_word' id='word_1_403' title='bbox 2505 2502 2563 2558; x_wconf 92' lang='lat' dir='ltr'><strong>in</strong></span> <span class='ocrx_word' id='word_1_404' title='bbox 2593 2500 2859 2574; x_wconf 87' lang='lat' dir='ltr'><strong>baptismo</strong></span> <span class='ocrx_word' id='word_1_405' title='bbox 2900 2494 3269 2561; x_wconf 73' lang='lat' dir='ltr'><strong>remittuntur,</strong></span> <span class='ocrx_word' id='word_1_406' title='bbox 3302 2498 3524 2564; x_wconf 85' lang='lat' dir='ltr'><strong>peccata</strong></span> 
     </span>
    </p>
   </div>
   <div class='ocr_carea' id='block_1_52' title="bbox 1856 2603 2353 2663">
    <p class='ocr_par' dir='ltr' id='par_1_52' title="bbox 1856 2603 2353 2663">
     <span class='ocr_line' id='line_1_52' title="bbox 1856 2603 2353 2663; baseline 0.002 -10"><span class='ocrx_word' id='word_1_407' title='bbox 1856 2626 1865 2635; x_wconf 61' lang='grc' dir='ltr'>ι</span> <span class='ocrx_word' id='word_1_408' title='bbox 1941 2603 2243 2654; x_wconf 78' lang='lat' dir='ltr'><strong>traxerunt.</strong></span> <span class='ocrx_word' id='word_1_409' title='bbox 2348 2656 2353 2663; x_wconf 32' lang='grc' dir='ltr'><em>τ</em></span> 
     </span>
    </p>
   </div>
   <div class='ocr_carea' id='block_1_53' title="bbox 2010 2672 3547 2760">
    <p class='ocr_par' dir='ltr' id='par_1_53' title="bbox 2010 2672 3547 2760">
     <span class='ocr_line' id='line_1_53' title="bbox 2010 2672 3547 2760; baseline -0.008 -14"><span class='ocrx_word' id='word_1_410' title='bbox 2010 2687 2181 2760; x_wconf 83' lang='lat' dir='ltr'><strong>Signa</strong></span> <span class='ocrx_word' id='word_1_411' title='bbox 2220 2697 2397 2747; x_wconf 87' lang='lat' dir='ltr'><strong>autem</strong></span> <span class='ocrx_word' id='word_1_412' title='bbox 2439 2703 2531 2752; x_wconf 20' lang='lat' dir='ltr'><strong>eos,</strong></span> <span class='ocrx_word' id='word_1_413' title='bbox 2568 2688 2659 2760; x_wconf 86' lang='lat' dir='ltr'><strong>qui</strong></span> <span class='ocrx_word' id='word_1_414' title='bbox 2693 2683 3009 2742; x_wconf 80' lang='lat' dir='ltr'><strong>crediderint</strong></span> <span class='ocrx_word' id='word_1_415' title='bbox 3059 2682 3172 2739; x_wconf 79' lang='lat' dir='ltr'><strong>htec</strong></span> <span class='ocrx_word' id='word_1_416' title='bbox 3208 2672 3547 2752; x_wconf 69' lang='lat' dir='ltr'><strong>sequentur:-</strong></span> 
     </span>
    </p>
   </div>
   <div class='ocr_carea' id='block_1_54' title="bbox 1916 2770 3526 2850">
    <p class='ocr_par' dir='ltr' id='par_1_54' title="bbox 1916 2770 3526 2850">
     <span class='ocr_line' id='line_1_54' title="bbox 1916 2770 3526 2850; baseline -0.007 -17"><span class='ocrx_word' id='word_1_417' title='bbox 1916 2778 1992 2833; x_wconf 78' lang='lat' dir='ltr'><strong>‘in</strong></span> <span class='ocrx_word' id='word_1_418' title='bbox 2031 2779 2240 2834; x_wconf 85' lang='lat' dir='ltr'><strong>nomine</strong></span> <span class='ocrx_word' id='word_1_419' title='bbox 2286 2794 2402 2834; x_wconf 86' lang='lat' dir='ltr'><strong>meo</strong></span> <span class='ocrx_word' id='word_1_420' title='bbox 2445 2778 2654 2850; x_wconf 81' lang='lat' dir='ltr'><strong>ejicient</strong></span> <span class='ocrx_word' id='word_1_421' title='bbox 2696 2776 2975 2840; x_wconf 63' lang='lat' dir='ltr'><strong>daemonia,</strong></span> <span class='ocrx_word' id='word_1_422' title='bbox 3009 2770 3202 2846; x_wconf 77' lang='lat' dir='ltr'><strong>linguis</strong></span> <span class='ocrx_word' id='word_1_423' title='bbox 3245 2771 3526 2842; x_wconf 73' lang='lat' dir='ltr'><strong>loquentur</strong></span> 
     </span>
    </p>
   </div>
   <div class='ocr_carea' id='block_1_55' title="bbox 1911 2860 3522 2941">
    <p class='ocr_par' dir='ltr' id='par_1_55' title="bbox 1911 2860 3522 2941">
     <span class='ocr_line' id='line_1_55' title="bbox 1911 2860 3522 2941; baseline -0.005 -17"><span class='ocrx_word' id='word_1_424' title='bbox 1911 2869 2081 2925; x_wconf 75' lang='lat' dir='ltr'><strong>&#39;novis</strong></span> <span class='ocrx_word' id='word_1_425' title='bbox 2097 2885 2127 2936; x_wconf 21' lang='lat'><strong>;‘</strong></span> <span class='ocrx_word' id='word_1_426' title='bbox 2154 2878 2414 2941; x_wconf 73' lang='lat' dir='ltr'><strong>serpentes</strong></span> <span class='ocrx_word' id='word_1_427' title='bbox 2455 2867 2636 2924; x_wconf 74' lang='lat' dir='ltr'><strong>tollent</strong></span> <span class='ocrx_word' id='word_1_428' title='bbox 2659 2882 2678 2920; x_wconf 83' lang='lat'><strong><em>:</em></strong></span> <span class='ocrx_word' id='word_1_429' title='bbox 2701 2877 2751 2923; x_wconf 88' lang='lat' dir='ltr'><strong>et</strong></span> <span class='ocrx_word' id='word_1_430' title='bbox 2792 2860 2839 2923; x_wconf 75' lang='lat' dir='ltr'><strong>si</strong></span> <span class='ocrx_word' id='word_1_431' title='bbox 2863 2864 3190 2936; x_wconf 78' lang='lat' dir='ltr'><strong>mortiferum</strong></span> <span class='ocrx_word' id='word_1_432' title='bbox 3221 2863 3353 2935; x_wconf 75' lang='lat' dir='ltr'><strong>quid</strong></span> <span class='ocrx_word' id='word_1_433' title='bbox 3384 2861 3522 2917; x_wconf 65' lang='lat' dir='ltr'><strong>bibe-</strong></span> 
     </span>
    </p>
   </div>
   <div class='ocr_carea' id='block_1_56' title="bbox 1910 2948 3543 3037">
    <p class='ocr_par' dir='ltr' id='par_1_56' title="bbox 1910 2948 3543 3037">
     <span class='ocr_line' id='line_1_56' title="bbox 1910 2948 3543 3037; baseline -0.006 -21"><span class='ocrx_word' id='word_1_434' title='bbox 1910 2961 2060 3027; x_wconf 77' lang='lat' dir='ltr'><strong>‘rint,</strong></span> <span class='ocrx_word' id='word_1_435' title='bbox 2091 2978 2196 3017; x_wconf 84' lang='lat' dir='ltr'><strong>non</strong></span> <span class='ocrx_word' id='word_1_436' title='bbox 2219 2962 2303 3027; x_wconf 51' lang='lat' dir='ltr'><strong>eis,</strong></span> <span class='ocrx_word' id='word_1_437' title='bbox 2327 2960 2561 3027; x_wconf 81' lang='lat' dir='ltr'><strong>nocebit;</strong></span> <span class='ocrx_word' id='word_1_438' title='bbox 2582 2976 2740 3032; x_wconf 80' lang='lat' dir='ltr'><strong>super</strong></span> <span class='ocrx_word' id='word_1_439' title='bbox 2763 2975 2930 3031; x_wconf 73' lang='lat' dir='ltr'><strong>(egros</strong></span> <span class='ocrx_word' id='word_1_440' title='bbox 2955 2973 3143 3011; x_wconf 80' lang='lat' dir='ltr'><strong>manus</strong></span> <span class='ocrx_word' id='word_1_441' title='bbox 3162 2948 3450 3037; x_wconf 70' lang='lat' dir='ltr'><strong>imponent,</strong></span> <span class='ocrx_word' id='word_1_442' title='bbox 3466 2962 3543 3006; x_wconf 75' lang='lat' dir='ltr'><strong>et</strong></span> 
     </span>
    </p>
   </div>
   <div class='ocr_carea' id='block_1_57' title="bbox 1916 3042 3519 3122">
    <p class='ocr_par' dir='ltr' id='par_1_57' title="bbox 1916 3042 3519 3122">
     <span class='ocr_line' id='line_1_57' title="bbox 1916 3042 3519 3122; baseline -0.004 -16"><span class='ocrx_word' id='word_1_443' title='bbox 1916 3051 2064 3106; x_wconf 76' lang='lat' dir='ltr'><strong>‘bene</strong></span> <span class='ocrx_word' id='word_1_444' title='bbox 2087 3050 2368 3106; x_wconf 79' lang='lat' dir='ltr'><strong>habebunt.</strong></span> <span class='ocrx_word' id='word_1_445' title='bbox 2399 3051 2653 3122; x_wconf 83' lang='lat' dir='ltr'><strong>Nunquid</strong></span> <span class='ocrx_word' id='word_1_446' title='bbox 2675 3050 2930 3120; x_wconf 88' lang='lat' dir='ltr'><strong>quoniam</strong></span> <span class='ocrx_word' id='word_1_447' title='bbox 2960 3042 3112 3119; x_wconf 85' lang='lat' dir='ltr'><strong>signa</strong></span> <span class='ocrx_word' id='word_1_448' title='bbox 3134 3062 3241 3104; x_wconf 90' lang='lat' dir='ltr'><strong>non</strong></span> <span class='ocrx_word' id='word_1_449' title='bbox 3271 3045 3519 3108; x_wconf 81' lang='lat' dir='ltr'><strong>facimus,</strong></span> 
     </span>
    </p>
   </div>
   <div class='ocr_carea' id='block_1_58' title="bbox 322 3122 3522 3207">
    <p class='ocr_par' dir='ltr' id='par_1_58' title="bbox 322 3122 3522 3207">
     <span class='ocr_line' id='line_1_58' title="bbox 322 3122 3522 3207; baseline 0 -19"><span class='ocrx_word' id='word_1_450' title='bbox 322 3133 603 3202; x_wconf 85' lang='lat' dir='ltr'><strong>Quomodo</strong></span> <span class='ocrx_word' id='word_1_451' title='bbox 640 3136 1261 3207; x_wconf 58' lang='lat' dir='ltr'><strong>novissiuzemuasijatn</strong></span> <span class='ocrx_word' id='word_1_452' title='bbox 1300 3137 1441 3194; x_wconf 86' lang='lat' dir='ltr'><strong>ultra</strong></span> <span class='ocrx_word' id='word_1_453' title='bbox 1467 3153 1589 3195; x_wconf 91' lang='lat' dir='ltr'><strong>eum</strong></span> <span class='ocrx_word' id='word_1_454' title='bbox 1618 3154 1733 3195; x_wconf 19' lang='lat' dir='ltr'><strong>non,</strong></span> <span class='ocrx_word' id='word_1_455' title='bbox 1755 3122 2157 3197; x_wconf 64' lang='lat' dir='ltr'><strong>vi-C&#39;minime</strong></span> <span class='ocrx_word' id='word_1_456' title='bbox 2189 3141 2496 3198; x_wconf 86' lang='lat' dir='ltr'><strong>credimus?</strong></span> <span class='ocrx_word' id='word_1_457' title='bbox 2549 3140 2656 3196; x_wconf 89' lang='lat' dir='ltr'><strong>Sed</strong></span> <span class='ocrx_word' id='word_1_458' title='bbox 2705 3140 2822 3194; x_wconf 82' lang='lat' dir='ltr'><strong>haec</strong></span> <span class='ocrx_word' id='word_1_459' title='bbox 2856 3134 3165 3193; x_wconf 88' lang='lat' dir='ltr'><strong>necessaria</strong></span> <span class='ocrx_word' id='word_1_460' title='bbox 3195 3136 3252 3190; x_wconf 80' lang='lat' dir='ltr'><strong>in</strong></span> <span class='ocrx_word' id='word_1_461' title='bbox 3296 3130 3522 3189; x_wconf 80' lang='lat' dir='ltr'><strong>exordio</strong></span> 
     </span>
    </p>
   </div>
   <div class='ocr_carea' id='block_1_59' title="bbox 236 3216 1869 3301">
    <p class='ocr_par' dir='ltr' id='par_1_59' title="bbox 236 3216 1869 3301">
     <span class='ocr_line' id='line_1_59' title="bbox 236 3216 1869 3301; baseline 0.002 -19"><span class='ocrx_word' id='word_1_462' title='bbox 236 3227 440 3282; x_wconf 88' lang='lat' dir='ltr'><strong>dereut</strong></span> <span class='ocrx_word' id='word_1_463' title='bbox 463 3244 477 3280; x_wconf 88' lang='lat'><strong>:</strong></span> <span class='ocrx_word' id='word_1_464' title='bbox 502 3227 855 3282; x_wconf 88' lang='lat' dir='ltr'><strong>novissimum</strong></span> <span class='ocrx_word' id='word_1_465' title='bbox 882 3228 1079 3299; x_wconf 89' lang='lat' dir='ltr'><strong>quippe</strong></span> <span class='ocrx_word' id='word_1_466' title='bbox 1112 3229 1243 3284; x_wconf 89' lang='lat' dir='ltr'><strong>illud</strong></span> <span class='ocrx_word' id='word_1_467' title='bbox 1265 3237 1350 3286; x_wconf 89' lang='lat' dir='ltr'><strong>est</strong></span> <span class='ocrx_word' id='word_1_468' title='bbox 1368 3231 1513 3301; x_wconf 91' lang='lat' dir='ltr'><strong>quod</strong></span> <span class='ocrx_word' id='word_1_469' title='bbox 1544 3231 1833 3286; x_wconf 88' lang='lat' dir='ltr'><strong>Dominum</strong></span> <span class='ocrx_word' id='word_1_470' title='bbox 1860 3216 1869 3223; x_wconf 29' lang='grc' dir='ltr'><em>Ι</em></span> 
     </span>
    </p>
   </div>
   <div class='ocr_carea' id='block_1_60' title="bbox 236 3316 1833 3399">
    <p class='ocr_par' dir='ltr' id='par_1_60' title="bbox 236 3316 1833 3399">
     <span class='ocr_line' id='line_1_60' title="bbox 236 3316 1833 3399; baseline 0.004 -29"><span class='ocrx_word' id='word_1_471' title='bbox 236 3316 474 3399; x_wconf 76' lang='lat' dir='ltr'><strong>apostoli</strong></span> <span class='ocrx_word' id='word_1_472' title='bbox 517 3318 572 3372; x_wconf 92' lang='lat' dir='ltr'><strong>in</strong></span> <span class='ocrx_word' id='word_1_473' title='bbox 616 3324 762 3375; x_wconf 87' lang='lat' dir='ltr'><strong>terra</strong></span> <span class='ocrx_word' id='word_1_474' title='bbox 789 3317 1062 3385; x_wconf 85' lang='lat' dir='ltr'><strong>viderunt,</strong></span> <span class='ocrx_word' id='word_1_475' title='bbox 1084 3321 1303 3389; x_wconf 87' lang='lat' dir='ltr'><strong>quando</strong></span> <span class='ocrx_word' id='word_1_476' title='bbox 1343 3321 1589 3377; x_wconf 86' lang='lat' dir='ltr'><strong>ascendit</strong></span> <span class='ocrx_word' id='word_1_477' title='bbox 1626 3322 1682 3377; x_wconf 87' lang='lat' dir='ltr'><strong>in</strong></span> <span class='ocrx_word' id='word_1_478' title='bbox 1720 3335 1833 3377; x_wconf 67' lang='lat' dir='ltr'><strong>etc--</strong></span> 
     </span>
    </p>
   </div>
   <div class='ocr_carea' id='block_1_61' title="bbox 188 3408 1842 3490">
    <p class='ocr_par' dir='ltr' id='par_1_61' title="bbox 188 3408 1842 3490">
     <span class='ocr_line' id='line_1_61' title="bbox 188 3408 1842 3490; baseline 0.007 -28"><span class='ocrx_word' id='word_1_479' title='bbox 188 3482 205 3490; x_wconf 76' lang='lat'>_</span> <span class='ocrx_word' id='word_1_480' title='bbox 232 3408 382 3475; x_wconf 84' lang='lat' dir='ltr'><strong>lum,</strong></span> <span class='ocrx_word' id='word_1_481' title='bbox 413 3410 560 3478; x_wconf 86' lang='lat' dir='ltr'><strong>quod</strong></span> <span class='ocrx_word' id='word_1_482' title='bbox 578 3408 782 3466; x_wconf 88' lang='lat' dir='ltr'><strong>factum</strong></span> <span class='ocrx_word' id='word_1_483' title='bbox 816 3419 899 3466; x_wconf 90' lang='lat' dir='ltr'><strong>est</strong></span> <span class='ocrx_word' id='word_1_484' title='bbox 926 3412 1338 3483; x_wconf 82' lang='lat' dir='ltr'><strong>quadragesima</strong></span> <span class='ocrx_word' id='word_1_485' title='bbox 1372 3414 1461 3471; x_wconf 90' lang='lat' dir='ltr'><strong>die</strong></span> <span class='ocrx_word' id='word_1_486' title='bbox 1489 3423 1842 3486; x_wconf 55' lang='lat' dir='ltr'><strong>postresurw</strong></span> 
     </span>
    </p>
   </div>
   <div class='ocr_carea' id='block_1_62' title="bbox 238 3498 1831 3577">
    <p class='ocr_par' dir='ltr' id='par_1_62' title="bbox 238 3498 1831 3577">
     <span class='ocr_line' id='line_1_62' title="bbox 238 3498 1831 3577; baseline 0.006 -24"><span class='ocrx_word' id='word_1_487' title='bbox 238 3498 565 3557; x_wconf 82' lang='lat' dir='ltr'><strong>rectionem.</strong></span> <span class='ocrx_word' id='word_1_488' title='bbox 613 3498 1004 3577; x_wconf 86' lang='lat' dir='ltr'><strong>_Nunquidnam</strong></span> <span class='ocrx_word' id='word_1_489' title='bbox 1047 3508 1177 3556; x_wconf 90' lang='lat' dir='ltr'><strong>tunc</strong></span> <span class='ocrx_word' id='word_1_490' title='bbox 1236 3502 1664 3573; x_wconf 82' lang='lat' dir='ltr'><strong>exprobraturus</strong></span> <span class='ocrx_word' id='word_1_491' title='bbox 1710 3512 1831 3562; x_wconf 87' lang='lat' dir='ltr'><strong>erat</strong></span> 
     </span>
    </p>
   </div>
   <div class='ocr_carea' id='block_1_63' title="bbox 234 3582 1831 3661">
    <p class='ocr_par' dir='ltr' id='par_1_63' title="bbox 234 3582 1831 3661">
     <span class='ocr_line' id='line_1_63' title="bbox 234 3582 1831 3661; baseline 0.006 -19"><span class='ocrx_word' id='word_1_492' title='bbox 234 3588 391 3660; x_wconf 90' lang='lat' dir='ltr'><strong>quod</strong></span> <span class='ocrx_word' id='word_1_493' title='bbox 419 3604 526 3644; x_wconf 91' lang='lat' dir='ltr'><strong>non</strong></span> <span class='ocrx_word' id='word_1_494' title='bbox 567 3582 926 3647; x_wconf 77' lang='lat' dir='ltr'><strong>Credidissent</strong></span> <span class='ocrx_word' id='word_1_495' title='bbox 963 3590 1046 3646; x_wconf 82' lang='lat' dir='ltr'><strong>eis.</strong></span> <span class='ocrx_word' id='word_1_496' title='bbox 1067 3591 1156 3661; x_wconf 90' lang='lat' dir='ltr'><strong>qui</strong></span> <span class='ocrx_word' id='word_1_497' title='bbox 1181 3606 1305 3647; x_wconf 90' lang='lat' dir='ltr'><strong>eum</strong></span> <span class='ocrx_word' id='word_1_498' title='bbox 1349 3592 1607 3649; x_wconf 88' lang='lat' dir='ltr'><strong>viderunt</strong></span> <span class='ocrx_word' id='word_1_499' title='bbox 1646 3609 1831 3652; x_wconf 85' lang='lat' dir='ltr'><strong>resur-</strong></span> 
     </span>
    </p>
   </div>
   <div class='ocr_carea' id='block_1_64' title="bbox 206 3672 1839 3762">
    <p class='ocr_par' dir='ltr' id='par_1_64' title="bbox 206 3672 1839 3762">
     <span class='ocr_line' id='line_1_64' title="bbox 206 3672 1839 3762; baseline 0.004 -27"><span class='ocrx_word' id='word_1_500' title='bbox 206 3672 473 3762; x_wconf 42' lang='lat' dir='ltr'><strong>rexisse,</strong></span> <span class='ocrx_word' id='word_1_501' title='bbox 501 3681 719 3752; x_wconf 86' lang='lat' dir='ltr'><strong>quando</strong></span> <span class='ocrx_word' id='word_1_502' title='bbox 759 3681 923 3739; x_wconf 90' lang='lat' dir='ltr'><strong>etiam</strong></span> <span class='ocrx_word' id='word_1_503' title='bbox 963 3690 1019 3738; x_wconf 92' lang='lat' dir='ltr'><strong>et</strong></span> <span class='ocrx_word' id='word_1_504' title='bbox 1061 3682 1166 3753; x_wconf 91' lang='lat' dir='ltr'><strong>ipsi</strong></span> <span class='ocrx_word' id='word_1_505' title='bbox 1204 3691 1330 3754; x_wconf 88' lang='lat' dir='ltr'><strong>post</strong></span> <span class='ocrx_word' id='word_1_506' title='bbox 1358 3678 1839 3741; x_wconf 76' lang='lat' dir='ltr'><strong>resurrectionem</strong></span> 
     </span>
    </p>
   </div>
   <div class='ocr_carea' id='block_1_65' title="bbox 234 3768 1830 3848">
    <p class='ocr_par' dir='ltr' id='par_1_65' title="bbox 234 3768 1830 3848">
     <span class='ocr_line' id='line_1_65' title="bbox 234 3768 1830 3848; baseline 0.004 -22"><span class='ocrx_word' id='word_1_507' title='bbox 234 3771 406 3826; x_wconf 84' lang='lat' dir='ltr'><strong>toties</strong></span> <span class='ocrx_word' id='word_1_508' title='bbox 426 3785 551 3828; x_wconf 90' lang='lat' dir='ltr'><strong>eum</strong></span> <span class='ocrx_word' id='word_1_509' title='bbox 583 3771 873 3828; x_wconf 83' lang='lat' dir='ltr'><strong>viderant?</strong></span> <span class='ocrx_word' id='word_1_510' title='bbox 893 3772 1026 3830; x_wconf 86' lang='lat' dir='ltr'><strong>Illud</strong></span> <span class='ocrx_word' id='word_1_511' title='bbox 1051 3790 1184 3845; x_wconf 84' lang='lat' dir='ltr'><strong>ergo</strong></span> <span class='ocrx_word' id='word_1_512' title='bbox 1219 3777 1515 3848; x_wconf 88' lang='lat' dir='ltr'><strong>accipimus</strong></span> <span class='ocrx_word' id='word_1_513' title='bbox 1546 3768 1669 3848; x_wconf 86' lang='lat' dir='ltr'><strong>post</strong></span> <span class='ocrx_word' id='word_1_514' title='bbox 1692 3778 1830 3833; x_wconf 83' lang='lat' dir='ltr'><strong>mul-</strong></span> 
     </span>
    </p>
   </div>
   <div class='ocr_carea' id='block_1_66' title="bbox 233 3862 1831 3941">
    <p class='ocr_par' dir='ltr' id='par_1_66' title="bbox 233 3862 1831 3941">
     <span class='ocr_line' id='line_1_66' title="bbox 233 3862 1831 3941; baseline 0.006 -24"><span class='ocrx_word' id='word_1_515' title='bbox 233 3872 328 3919; x_wconf 89' lang='lat' dir='ltr'><strong>tas</strong></span> <span class='ocrx_word' id='word_1_516' title='bbox 376 3864 862 3921; x_wconf 88' lang='lat' dir='ltr'><strong>demonstrationes</strong></span> <span class='ocrx_word' id='word_1_517' title='bbox 909 3862 1275 3938; x_wconf 77' lang='lat' dir='ltr'><strong>eius,quihus</strong></span> <span class='ocrx_word' id='word_1_518' title='bbox 1317 3884 1417 3940; x_wconf 92' lang='lat' dir='ltr'><strong>per</strong></span> <span class='ocrx_word' id='word_1_519' title='bbox 1443 3862 1561 3926; x_wconf 86' lang='lat' dir='ltr'><strong>dies</strong></span> <span class='ocrx_word' id='word_1_520' title='bbox 1594 3872 1831 3941; x_wconf 89' lang='lat' dir='ltr'><strong>quadra-</strong></span> 
     </span>
    </p>
   </div>
   <div class='ocr_carea' id='block_1_67' title="bbox 222 3954 1830 4028">
    <p class='ocr_par' dir='ltr' id='par_1_67' title="bbox 222 3954 1830 4028">
     <span class='ocr_line' id='line_1_67' title="bbox 222 3954 1830 4028; baseline 0.004 -18"><span class='ocrx_word' id='word_1_521' title='bbox 222 3956 391 4028; x_wconf 72' lang='lat' dir='ltr'><strong>ginta</strong></span> <span class='ocrx_word' id='word_1_522' title='bbox 436 3954 711 4027; x_wconf 82' lang='lat' dir='ltr'><strong>discipulis</strong></span> <span class='ocrx_word' id='word_1_523' title='bbox 736 3966 1099 4027; x_wconf 65' lang='lat' dir='ltr'><strong>praesentatus</strong></span> <span class='ocrx_word' id='word_1_524' title='bbox 1141 3966 1255 4024; x_wconf 81' lang='lat' dir='ltr'><strong>est,</strong></span> <span class='ocrx_word' id='word_1_525' title='bbox 1286 3972 1412 4013; x_wconf 90' lang='lat' dir='ltr'><strong>eum</strong></span> <span class='ocrx_word' id='word_1_526' title='bbox 1451 3960 1618 4017; x_wconf 88' lang='lat' dir='ltr'><strong>etiam</strong></span> <span class='ocrx_word' id='word_1_527' title='bbox 1649 3961 1830 4016; x_wconf 83' lang='lat' dir='ltr'><strong>novis-‘</strong></span> 
     </span>
    </p>
   </div>
   <div class='ocr_carea' id='block_1_68' title="bbox 188 4046 1828 4130">
    <p class='ocr_par' dir='ltr' id='par_1_68' title="bbox 188 4046 1828 4130">
     <span class='ocr_line' id='line_1_68' title="bbox 188 4046 1828 4130; baseline 0.003 -27"><span class='ocrx_word' id='word_1_528' title='bbox 188 4124 203 4130; x_wconf 81' lang='lat'>_</span> <span class='ocrx_word' id='word_1_529' title='bbox 232 4047 383 4103; x_wconf 86' lang='lat' dir='ltr'><strong>sime</strong></span> <span class='ocrx_word' id='word_1_530' title='bbox 426 4048 865 4104; x_wconf 87' lang='lat' dir='ltr'><strong>recumbentibus</strong></span> <span class='ocrx_word' id='word_1_531' title='bbox 907 4048 1014 4105; x_wconf 90' lang='lat' dir='ltr'><strong>illis</strong></span> <span class='ocrx_word' id='word_1_532' title='bbox 1063 4046 1317 4105; x_wconf 84' lang='lat' dir='ltr'><strong>undecim</strong></span> <span class='ocrx_word' id='word_1_533' title='bbox 1371 4053 1717 4122; x_wconf 87' lang='lat' dir='ltr'><strong>apparuisse,</strong></span> <span class='ocrx_word' id='word_1_534' title='bbox 1771 4052 1828 4111; x_wconf 91' lang='lat' dir='ltr'><strong>id</strong></span> 
     </span>
    </p>
   </div>
   <div class='ocr_carea' id='block_1_69' title="bbox 188 4136 1829 4214">
    <p class='ocr_par' dir='ltr' id='par_1_69' title="bbox 188 4136 1829 4214">
     <span class='ocr_line' id='line_1_69' title="bbox 188 4136 1829 4214; baseline 0.005 -24"><span class='ocrx_word' id='word_1_535' title='bbox 188 4136 343 4199; x_wconf 72' lang='lat' dir='ltr'><strong>‘est,</strong></span> <span class='ocrx_word' id='word_1_536' title='bbox 388 4137 505 4207; x_wconf 88' lang='lat' dir='ltr'><strong>ipso</strong></span> <span class='ocrx_word' id='word_1_537' title='bbox 538 4138 953 4209; x_wconf 83' lang='lat' dir='ltr'><strong>quadragesimo</strong></span> <span class='ocrx_word' id='word_1_538' title='bbox 991 4140 1100 4195; x_wconf 91' lang='lat' dir='ltr'><strong>die.</strong></span> <span class='ocrx_word' id='word_1_539' title='bbox 1151 4140 1220 4196; x_wconf 89' lang='lat' dir='ltr'><strong>Et</strong></span> <span class='ocrx_word' id='word_1_540' title='bbox 1247 4143 1519 4211; x_wconf 89' lang='lat' dir='ltr'><strong>quomodo</strong></span> <span class='ocrx_word' id='word_1_541' title='bbox 1557 4142 1672 4214; x_wconf 85' lang='lat' dir='ltr'><strong>jam</strong></span> <span class='ocrx_word' id='word_1_542' title='bbox 1704 4152 1829 4200; x_wconf 88' lang='lat' dir='ltr'><strong>erat</strong></span> 
     </span>
    </p>
   </div>
   <div class='ocr_carea' id='block_1_70' title="bbox 184 4212 1827 4294">
    <p class='ocr_par' dir='ltr' id='par_1_70' title="bbox 184 4212 1827 4294">
     <span class='ocr_line' id='line_1_70' title="bbox 184 4212 1827 4294; baseline 0.007 -15"><span class='ocrx_word' id='word_1_543' title='bbox 184 4212 200 4224; x_wconf 63' lang='grc'><em>⁴</em></span> <span class='ocrx_word' id='word_1_544' title='bbox 230 4226 309 4282; x_wconf 86' lang='lat' dir='ltr'><strong>ab</strong></span> <span class='ocrx_word' id='word_1_545' title='bbox 338 4224 419 4280; x_wconf 89' lang='lat' dir='ltr'><strong>eis</strong></span> <span class='ocrx_word' id='word_1_546' title='bbox 446 4239 769 4283; x_wconf 79' lang='lat' dir='ltr'><strong>ascensurus</strong></span> <span class='ocrx_word' id='word_1_547' title='bbox 790 4228 845 4282; x_wconf 90' lang='lat' dir='ltr'><strong>in</strong></span> <span class='ocrx_word' id='word_1_548' title='bbox 876 4227 1094 4294; x_wconf 89' lang='lat' dir='ltr'><strong>coelum,</strong></span> <span class='ocrx_word' id='word_1_549' title='bbox 1123 4230 1224 4284; x_wconf 87' lang='lat' dir='ltr'><strong>hoc</strong></span> <span class='ocrx_word' id='word_1_550' title='bbox 1243 4231 1324 4286; x_wconf 90' lang='lat' dir='ltr'><strong>eis</strong></span> <span class='ocrx_word' id='word_1_551' title='bbox 1349 4230 1443 4288; x_wconf 91' lang='lat' dir='ltr'><strong>illo</strong></span> <span class='ocrx_word' id='word_1_552' title='bbox 1472 4212 1571 4289; x_wconf 12' lang='lat' dir='ltr'><strong>die:</strong></span> <span class='ocrx_word' id='word_1_553' title='bbox 1589 4234 1827 4290; x_wconf 77' lang='lat' dir='ltr'><strong>maxime</strong></span> 
     </span>
    </p>
   </div>
   <div class='ocr_carea' id='block_1_71' title="bbox 229 4314 1827 4390">
    <p class='ocr_par' dir='ltr' id='par_1_71' title="bbox 229 4314 1827 4390">
     <span class='ocr_line' id='line_1_71' title="bbox 229 4314 1827 4390; baseline 0.006 -19"><span class='ocrx_word' id='word_1_554' title='bbox 229 4314 573 4387; x_wconf 73' lang='lat' dir='ltr'><strong>exprobrare</strong></span> <span class='ocrx_word' id='word_1_555' title='bbox 600 4318 856 4385; x_wconf 86' lang='lat' dir='ltr'><strong>voluisse,</strong></span> <span class='ocrx_word' id='word_1_556' title='bbox 889 4320 1030 4389; x_wconf 89' lang='lat' dir='ltr'><strong>quod</strong></span> <span class='ocrx_word' id='word_1_557' title='bbox 1064 4318 1150 4375; x_wconf 90' lang='lat' dir='ltr'><strong>his</strong></span> <span class='ocrx_word' id='word_1_558' title='bbox 1178 4321 1270 4390; x_wconf 89' lang='lat' dir='ltr'><strong>qui</strong></span> <span class='ocrx_word' id='word_1_559' title='bbox 1298 4322 1548 4378; x_wconf 88' lang='lat' dir='ltr'><strong>viderant</strong></span> <span class='ocrx_word' id='word_1_560' title='bbox 1575 4337 1700 4379; x_wconf 91' lang='lat' dir='ltr'><strong>eum</strong></span> <span class='ocrx_word' id='word_1_561' title='bbox 1740 4339 1827 4381; x_wconf 53' lang='lat' dir='ltr'><strong>re.</strong></span> 
     </span>
    </p>
   </div>
   <div class='ocr_carea' id='block_1_72' title="bbox 1903 3226 3522 3306">
    <p class='ocr_par' dir='ltr' id='par_1_72' title="bbox 1903 3226 3522 3306">
     <span class='ocr_line' id='line_1_72' title="bbox 1903 3226 3522 3306; baseline -0.007 -17"><span class='ocrx_word' id='word_1_562' title='bbox 1903 3230 2190 3288; x_wconf 62' lang='lat' dir='ltr'><strong>“Ecclesia:</strong></span> <span class='ocrx_word' id='word_1_563' title='bbox 2218 3231 2436 3306; x_wconf 86' lang='lat' dir='ltr'><strong>fuerunt</strong></span> <span class='ocrx_word' id='word_1_564' title='bbox 2462 3248 2477 3286; x_wconf 90' lang='lat'><strong>:</strong></span> <span class='ocrx_word' id='word_1_565' title='bbox 2500 3238 2561 3286; x_wconf 92' lang='lat' dir='ltr'><strong>ut</strong></span> <span class='ocrx_word' id='word_1_566' title='bbox 2587 3230 2733 3285; x_wconf 89' lang='lat' dir='ltr'><strong>enim</strong></span> <span class='ocrx_word' id='word_1_567' title='bbox 2759 3228 2892 3285; x_wconf 86' lang='lat' dir='ltr'><strong>ﬁdes</strong></span> <span class='ocrx_word' id='word_1_568' title='bbox 2932 3226 3266 3283; x_wconf 86' lang='lat' dir='ltr'><strong>credentium</strong></span> <span class='ocrx_word' id='word_1_569' title='bbox 3311 3234 3522 3280; x_wconf 81' lang='lat' dir='ltr'><strong>cresce-</strong></span> 
     </span>
    </p>
   </div>
   <div class='ocr_carea' id='block_1_73' title="bbox 1928 3316 3522 3407">
    <p class='ocr_par' dir='ltr' id='par_1_73' title="bbox 1928 3316 3522 3397">
     <span class='ocr_line' id='line_1_73' title="bbox 1928 3316 3522 3397; baseline -0.006 -19"><span class='ocrx_word' id='word_1_570' title='bbox 1928 3330 2037 3390; x_wconf 90' lang='lat' dir='ltr'><strong>ret,</strong></span> <span class='ocrx_word' id='word_1_571' title='bbox 2060 3323 2338 3379; x_wconf 87' lang='lat' dir='ltr'><strong>miraculis</strong></span> <span class='ocrx_word' id='word_1_572' title='bbox 2363 3320 2539 3379; x_wconf 85' lang='lat' dir='ltr'><strong>fuerat</strong></span> <span class='ocrx_word' id='word_1_573' title='bbox 2566 3316 2874 3386; x_wconf 87' lang='lat' dir='ltr'><strong>nutrienda,</strong></span> <span class='ocrx_word' id='word_1_574' title='bbox 2900 3317 3028 3397; x_wconf 86' lang='lat' dir='ltr'><strong>quia</strong></span> <span class='ocrx_word' id='word_1_575' title='bbox 3053 3326 3110 3373; x_wconf 90' lang='lat' dir='ltr'><strong>et</strong></span> <span class='ocrx_word' id='word_1_576' title='bbox 3145 3331 3245 3372; x_wconf 90' lang='lat' dir='ltr'><strong>nos</strong></span> <span class='ocrx_word' id='word_1_577' title='bbox 3280 3329 3404 3372; x_wconf 86' lang='lat' dir='ltr'><strong>cum</strong></span> <span class='ocrx_word' id='word_1_578' title='bbox 3433 3328 3522 3370; x_wconf 82' lang='lat' dir='ltr'><strong>ar-</strong></span> 
     </span>
    </p>
   </div>
   <div class='ocr_carea' id='block_1_74' title="bbox 1904 3407 3521 3485">
    <p class='ocr_par' dir='ltr' id='par_1_74' title="bbox 1904 3407 3521 3485">
     <span class='ocr_line' id='line_1_74' title="bbox 1904 3407 3521 3485; baseline -0.006 -16"><span class='ocrx_word' id='word_1_579' title='bbox 1904 3413 2088 3470; x_wconf 56' lang='lat' dir='ltr'><strong>“busta</strong></span> <span class='ocrx_word' id='word_1_580' title='bbox 2110 3414 2440 3485; x_wconf 41' lang='lat' dir='ltr'><strong>pla‘ntamus,</strong></span> <span class='ocrx_word' id='word_1_581' title='bbox 2463 3412 2649 3468; x_wconf 90' lang='lat' dir='ltr'><strong>tandiu</strong></span> <span class='ocrx_word' id='word_1_582' title='bbox 2672 3410 2754 3468; x_wconf 90' lang='lat' dir='ltr'><strong>eis</strong></span> <span class='ocrx_word' id='word_1_583' title='bbox 2777 3418 2975 3481; x_wconf 84' lang='lat' dir='ltr'><strong>aquam</strong></span> <span class='ocrx_word' id='word_1_584' title='bbox 3004 3407 3300 3474; x_wconf 71' lang='lat' dir='ltr'><strong>ftindinius,</strong></span> <span class='ocrx_word' id='word_1_585' title='bbox 3318 3416 3521 3477; x_wconf 82' lang='lat' dir='ltr'><strong>quous-</strong></span> 
     </span>
    </p>
   </div>
   <div class='ocr_carea' id='block_1_75' title="bbox 1929 3495 3516 3576">
    <p class='ocr_par' dir='ltr' id='par_1_75' title="bbox 1929 3495 3516 3576">
     <span class='ocr_line' id='line_1_75' title="bbox 1929 3495 3516 3576; baseline -0.003 -17"><span class='ocrx_word' id='word_1_586' title='bbox 1929 3518 2037 3576; x_wconf 88' lang='lat' dir='ltr'><strong>que</strong></span> <span class='ocrx_word' id='word_1_587' title='bbox 2062 3504 2205 3567; x_wconf 87' lang='lat' dir='ltr'><strong>eain</strong></span> <span class='ocrx_word' id='word_1_588' title='bbox 2235 3513 2384 3561; x_wconf 89' lang='lat' dir='ltr'><strong>terra</strong></span> <span class='ocrx_word' id='word_1_589' title='bbox 2409 3502 2746 3560; x_wconf 87' lang='lat' dir='ltr'><strong>convaluisse</strong></span> <span class='ocrx_word' id='word_1_590' title='bbox 2765 3495 3040 3567; x_wconf 86' lang='lat' dir='ltr'><strong>videmus;</strong></span> <span class='ocrx_word' id='word_1_591' title='bbox 3068 3507 3127 3556; x_wconf 88' lang='lat' dir='ltr'><strong>at</strong></span> <span class='ocrx_word' id='word_1_592' title='bbox 3153 3499 3201 3556; x_wconf 88' lang='lat' dir='ltr'><strong>si</strong></span> <span class='ocrx_word' id='word_1_593' title='bbox 3225 3499 3516 3556; x_wconf 69' lang='lat' dir='ltr'><strong>semetra-</strong></span> 
     </span>
    </p>
   </div>
   <div class='ocr_carea' id='block_1_76' title="bbox 1930 3587 3647 3666">
    <p class='ocr_par' dir='ltr' id='par_1_76' title="bbox 1930 3587 3647 3666">
     <span class='ocr_line' id='line_1_76' title="bbox 1930 3587 3647 3666; baseline -0.004 -15"><span class='ocrx_word' id='word_1_594' title='bbox 1930 3594 2105 3651; x_wconf 89' lang='lat' dir='ltr'><strong>dicem</strong></span> <span class='ocrx_word' id='word_1_595' title='bbox 2147 3595 2392 3662; x_wconf 77' lang='lat' dir='ltr'><strong>ﬁxerint,</strong></span> <span class='ocrx_word' id='word_1_596' title='bbox 2442 3587 2689 3666; x_wconf 80' lang='lat' dir='ltr'><strong>irrigatio</strong></span> <span class='ocrx_word' id='word_1_597' title='bbox 2733 3587 2987 3650; x_wconf 77' lang='lat' dir='ltr'><strong>cessabit.</strong></span> <span class='ocrx_word' id='word_1_598' title='bbox 3016 3591 3156 3648; x_wconf 82' lang='lat' dir='ltr'><strong>Hinc</strong></span> <span class='ocrx_word' id='word_1_599' title='bbox 3194 3600 3280 3648; x_wconf 89' lang='lat' dir='ltr'><strong>est</strong></span> <span class='ocrx_word' id='word_1_600' title='bbox 3317 3590 3516 3647; x_wconf 88' lang='lat' dir='ltr'><strong>etenim</strong></span> <span class='ocrx_word' id='word_1_601' title='bbox 3578 3630 3583 3633; x_wconf 59' lang='grc' dir='ltr'>ι</span> <span class='ocrx_word' id='word_1_602' title='bbox 3634 3588 3647 3595; x_wconf 86' lang='grc'><em>’</em></span> 
     </span>
    </p>
   </div>
   <div class='ocr_carea' id='block_1_77' title="bbox 1928 3676 3520 3777">
    <p class='ocr_par' dir='ltr' id='par_1_77' title="bbox 1928 3676 3520 3777">
     <span class='ocr_line' id='line_1_77' title="bbox 1928 3676 3520 3777; baseline -0.004 -36"><span class='ocrx_word' id='word_1_603' title='bbox 1928 3687 2074 3759; x_wconf 88' lang='lat' dir='ltr'><strong>quod</strong></span> <span class='ocrx_word' id='word_1_604' title='bbox 2105 3686 2305 3743; x_wconf 90' lang='lat' dir='ltr'><strong>Paulus</strong></span> <span class='ocrx_word' id='word_1_605' title='bbox 2333 3686 2505 3742; x_wconf 88' lang='lat' dir='ltr'><strong>dicit:</strong></span> <span class='ocrx_word' id='word_1_606' title='bbox 2533 3676 2754 3757; x_wconf 72' lang='lat' dir='ltr'><strong>Linguae</strong></span> <span class='ocrx_word' id='word_1_607' title='bbox 2778 3678 2835 3739; x_wconf 85' lang='lat' dir='ltr'><strong>in</strong></span> <span class='ocrx_word' id='word_1_608' title='bbox 2870 3685 3022 3775; x_wconf 71' lang='lat' dir='ltr'><strong>signa</strong></span> <span class='ocrx_word' id='word_1_609' title='bbox 3056 3692 3179 3777; x_wconf 71' lang='lat' dir='ltr'><strong>sunt</strong></span> <span class='ocrx_word' id='word_1_610' title='bbox 3222 3699 3324 3738; x_wconf 87' lang='lat' dir='ltr'><strong>non</strong></span> <span class='ocrx_word' id='word_1_611' title='bbox 3347 3681 3520 3753; x_wconf 78' lang='lat' dir='ltr'><strong>ﬁdeli-</strong></span> 
     </span>
    </p>
   </div>
   <div class='ocr_carea' id='block_1_78' title="bbox 1928 3770 3520 3847">
    <p class='ocr_par' dir='ltr' id='par_1_78' title="bbox 1928 3770 3520 3847">
     <span class='ocr_line' id='line_1_78' title="bbox 1928 3770 3520 3847; baseline -0.002 -16"><span class='ocrx_word' id='word_1_612' title='bbox 1928 3775 2048 3845; x_wconf 73' lang='lat' dir='ltr'><strong>bus,</strong></span> <span class='ocrx_word' id='word_1_613' title='bbox 2074 3777 2165 3832; x_wconf 76' lang='lat' dir='ltr'><strong>sed</strong></span> <span class='ocrx_word' id='word_1_614' title='bbox 2198 3776 2522 3847; x_wconf 77' lang='lat' dir='ltr'><strong>inﬁdelibus.</strong></span> <span class='ocrx_word' id='word_1_615' title='bbox 2551 3775 2636 3830; x_wconf 85' lang='lat' dir='ltr'><strong>An</strong></span> <span class='ocrx_word' id='word_1_616' title='bbox 2662 3774 2925 3831; x_wconf 86' lang='lat' dir='ltr'><strong>habemus</strong></span> <span class='ocrx_word' id='word_1_617' title='bbox 2952 3770 3023 3831; x_wconf 87' lang='lat' dir='ltr'><strong>de</strong></span> <span class='ocrx_word' id='word_1_618' title='bbox 3054 3770 3140 3830; x_wconf 82' lang='lat' dir='ltr'><strong>his</strong></span> <span class='ocrx_word' id='word_1_619' title='bbox 3161 3771 3329 3845; x_wconf 89' lang='lat' dir='ltr'><strong>signis</strong></span> <span class='ocrx_word' id='word_1_620' title='bbox 3356 3780 3520 3843; x_wconf 89' lang='lat' dir='ltr'><strong>atque</strong></span> 
     </span>
    </p>
   </div>
   <div class='ocr_carea' id='block_1_79' title="bbox 1903 3857 3519 3940">
    <p class='ocr_par' dir='ltr' id='par_1_79' title="bbox 1903 3857 3519 3940">
     <span class='ocr_line' id='line_1_79' title="bbox 1903 3857 3519 3940; baseline -0.004 -16"><span class='ocrx_word' id='word_1_621' title='bbox 1903 3870 2235 3936; x_wconf 81' lang='lat' dir='ltr'><strong>virtutibus,</strong></span> <span class='ocrx_word' id='word_1_622' title='bbox 2273 3885 2394 3940; x_wconf 68' lang='lat' dir='ltr'><strong>quae</strong></span> <span class='ocrx_word' id='word_1_623' title='bbox 2434 3869 2611 3924; x_wconf 84' lang='lat' dir='ltr'><strong>adhuc</strong></span> <span class='ocrx_word' id='word_1_624' title='bbox 2652 3857 2902 3924; x_wconf 87' lang='lat' dir='ltr'><strong>subtilius</strong></span> <span class='ocrx_word' id='word_1_625' title='bbox 2951 3866 3297 3923; x_wconf 78' lang='lat' dir='ltr'><strong>censiderare</strong></span> <span class='ocrx_word' id='word_1_626' title='bbox 3321 3864 3519 3920; x_wconf 86' lang='lat' dir='ltr'><strong>debea-</strong></span> 
     </span>
    </p>
   </div>
   <div class='ocr_carea' id='block_1_80' title="bbox 1898 3951 3518 4030">
    <p class='ocr_par' dir='ltr' id='par_1_80' title="bbox 1898 3951 3518 4030">
     <span class='ocr_line' id='line_1_80' title="bbox 1898 3951 3518 4030; baseline -0.004 -15"><span class='ocrx_word' id='word_1_627' title='bbox 1898 3961 2086 4017; x_wconf 74' lang='lat' dir='ltr'><strong>‘mus?</strong></span> <span class='ocrx_word' id='word_1_628' title='bbox 2130 3959 2331 4017; x_wconf 84' lang='lat' dir='ltr'><strong>Sancta</strong></span> <span class='ocrx_word' id='word_1_629' title='bbox 2381 3960 2582 4030; x_wconf 90' lang='lat' dir='ltr'><strong>quippe</strong></span> <span class='ocrx_word' id='word_1_630' title='bbox 2619 3951 2865 4014; x_wconf 84' lang='lat' dir='ltr'><strong>Ecclesia</strong></span> <span class='ocrx_word' id='word_1_631' title='bbox 2913 3955 3158 4027; x_wconf 87' lang='lat' dir='ltr'><strong>quotidie</strong></span> <span class='ocrx_word' id='word_1_632' title='bbox 3197 3954 3518 4026; x_wconf 80' lang='lat' dir='ltr'><strong>spiritaliter</strong></span> 
     </span>
    </p>
   </div>
   <div class='ocr_carea' id='block_1_81' title="bbox 1902 4043 3513 4121">
    <p class='ocr_par' dir='ltr' id='par_1_81' title="bbox 1902 4043 3513 4121">
     <span class='ocr_line' id='line_1_81' title="bbox 1902 4043 3513 4121; baseline -0.003 -15"><span class='ocrx_word' id='word_1_633' title='bbox 1902 4048 2061 4106; x_wconf 63' lang='lat' dir='ltr'><strong>~facit</strong></span> <span class='ocrx_word' id='word_1_634' title='bbox 2084 4050 2228 4120; x_wconf 86' lang='lat' dir='ltr'><strong>quod</strong></span> <span class='ocrx_word' id='word_1_635' title='bbox 2256 4058 2387 4107; x_wconf 86' lang='lat' dir='ltr'><strong>tunc</strong></span> <span class='ocrx_word' id='word_1_636' title='bbox 2424 4066 2524 4121; x_wconf 91' lang='lat' dir='ltr'><strong>per</strong></span> <span class='ocrx_word' id='word_1_637' title='bbox 2550 4043 2824 4120; x_wconf 85' lang='lat' dir='ltr'><strong>apostolos</strong></span> <span class='ocrx_word' id='word_1_638' title='bbox 2867 4047 3221 4119; x_wconf 90' lang='lat' dir='ltr'><strong>corporaliter</strong></span> <span class='ocrx_word' id='word_1_639' title='bbox 3256 4046 3513 4103; x_wconf 87' lang='lat' dir='ltr'><strong>faciebat.</strong></span> 
     </span>
    </p>
   </div>
   <div class='ocr_carea' id='block_1_82' title="bbox 1925 4138 3515 4211">
    <p class='ocr_par' dir='ltr' id='par_1_82' title="bbox 1925 4138 3515 4211">
     <span class='ocr_line' id='line_1_82' title="bbox 1925 4138 3515 4211; baseline -0.001 -15"><span class='ocrx_word' id='word_1_640' title='bbox 1925 4140 2063 4196; x_wconf 86' lang='lat' dir='ltr'><strong>Nam</strong></span> <span class='ocrx_word' id='word_1_641' title='bbox 2106 4140 2419 4197; x_wconf 89' lang='lat' dir='ltr'><strong>sacerdotes</strong></span> <span class='ocrx_word' id='word_1_642' title='bbox 2455 4138 2573 4209; x_wconf 81' lang='lat' dir='ltr'><strong>ejus</strong></span> <span class='ocrx_word' id='word_1_643' title='bbox 2620 4150 2746 4196; x_wconf 89' lang='lat' dir='ltr'><strong>cum</strong></span> <span class='ocrx_word' id='word_1_644' title='bbox 2796 4150 2897 4210; x_wconf 86' lang='lat' dir='ltr'><strong>per</strong></span> <span class='ocrx_word' id='word_1_645' title='bbox 2943 4138 3238 4194; x_wconf 81' lang='lat' dir='ltr'><strong>exorcismi</strong></span> <span class='ocrx_word' id='word_1_646' title='bbox 3282 4139 3515 4211; x_wconf 82' lang='lat' dir='ltr'><strong>gratiam</strong></span> 
     </span>
    </p>
   </div>
   <div class='ocr_carea' id='block_1_83' title="bbox 1926 4220 3516 4300">
    <p class='ocr_par' dir='ltr' id='par_1_83' title="bbox 1926 4220 3516 4300">
     <span class='ocr_line' id='line_1_83' title="bbox 1926 4220 3516 4300; baseline -0.001 -15"><span class='ocrx_word' id='word_1_647' title='bbox 1926 4245 2147 4286; x_wconf 86' lang='lat' dir='ltr'><strong>manum</strong></span> <span class='ocrx_word' id='word_1_648' title='bbox 2176 4230 2522 4287; x_wconf 83' lang='lat' dir='ltr'><strong>credentibus</strong></span> <span class='ocrx_word' id='word_1_649' title='bbox 2552 4220 2854 4300; x_wconf 87' lang='lat' dir='ltr'><strong>imponunt,</strong></span> <span class='ocrx_word' id='word_1_650' title='bbox 2886 4234 2943 4285; x_wconf 89' lang='lat' dir='ltr'><strong>et</strong></span> <span class='ocrx_word' id='word_1_651' title='bbox 2974 4227 3224 4284; x_wconf 87' lang='lat' dir='ltr'><strong>nabitare</strong></span> <span class='ocrx_word' id='word_1_652' title='bbox 3245 4226 3516 4298; x_wconf 80' lang='lat' dir='ltr'><strong>malignos</strong></span> 
     </span>
    </p>
   </div>
   <div class='ocr_carea' id='block_1_84' title="bbox 1925 4318 3513 4391">
    <p class='ocr_par' dir='ltr' id='par_1_84' title="bbox 1925 4318 3513 4391">
     <span class='ocr_line' id='line_1_84' title="bbox 1925 4318 3513 4391; baseline -0.001 -15"><span class='ocrx_word' id='word_1_653' title='bbox 1925 4321 2147 4391; x_wconf 88' lang='lat' dir='ltr'><strong>spiritus</strong></span> <span class='ocrx_word' id='word_1_654' title='bbox 2185 4320 2243 4375; x_wconf 87' lang='lat' dir='ltr'><strong>in</strong></span> <span class='ocrx_word' id='word_1_655' title='bbox 2285 4334 2478 4376; x_wconf 90' lang='lat' dir='ltr'><strong>eorum</strong></span> <span class='ocrx_word' id='word_1_656' title='bbox 2517 4328 2701 4375; x_wconf 90' lang='lat' dir='ltr'><strong>mente</strong></span> <span class='ocrx_word' id='word_1_657' title='bbox 2753 4318 3153 4384; x_wconf 83' lang='lat' dir='ltr'><strong>contradicunt,</strong></span> <span class='ocrx_word' id='word_1_658' title='bbox 3193 4318 3324 4390; x_wconf 89' lang='lat' dir='ltr'><strong>quid</strong></span> <span class='ocrx_word' id='word_1_659' title='bbox 3363 4318 3513 4374; x_wconf 79' lang='lat' dir='ltr'><strong>aliud</strong></span> 
     </span>
    </p>
   </div>
   <div class='ocr_carea' id='block_1_85' title="bbox 228 4404 3515 4484">
    <p class='ocr_par' dir='ltr' id='par_1_85' title="bbox 228 4404 3515 4484">
     <span class='ocr_line' id='line_1_85' title="bbox 228 4404 3515 4484; baseline 0.001 -19"><span class='ocrx_word' id='word_1_660' title='bbox 228 4407 548 4465; x_wconf 80' lang='lat' dir='ltr'><strong>surrexisse</strong></span> <span class='ocrx_word' id='word_1_661' title='bbox 574 4412 679 4465; x_wconf 84' lang='lat' dir='ltr'><strong>non</strong></span> <span class='ocrx_word' id='word_1_662' title='bbox 704 4409 1048 4467; x_wconf 88' lang='lat' dir='ltr'><strong>crediderant</strong></span> <span class='ocrx_word' id='word_1_663' title='bbox 1072 4420 1361 4482; x_wconf 91' lang='lat' dir='ltr'><strong>antequam</strong></span> <span class='ocrx_word' id='word_1_664' title='bbox 1392 4413 1494 4483; x_wconf 91' lang='lat' dir='ltr'><strong>ipsi</strong></span> <span class='ocrx_word' id='word_1_665' title='bbox 1522 4429 1646 4469; x_wconf 90' lang='lat' dir='ltr'><strong>eum</strong></span> <span class='ocrx_word' id='word_1_666' title='bbox 1667 4412 1821 4470; x_wconf 40' lang='lat' dir='ltr'><strong>vides</strong></span> <span class='ocrx_word' id='word_1_667' title='bbox 1846 4408 2135 4484; x_wconf 50' lang='lat' dir='ltr'><strong>_&#39;faciunt</strong></span> <span class='ocrx_word' id='word_1_668' title='bbox 2160 4412 2266 4469; x_wconf 91' lang='lat' dir='ltr'><strong>nisi</strong></span> <span class='ocrx_word' id='word_1_669' title='bbox 2306 4411 2572 4469; x_wconf 67' lang='lat' dir='ltr'><strong>dmmonia</strong></span> <span class='ocrx_word' id='word_1_670' title='bbox 2609 4404 2866 4484; x_wconf 69' lang='lat' dir='ltr'><strong>ejiciunt?</strong></span> <span class='ocrx_word' id='word_1_671' title='bbox 2889 4409 2957 4467; x_wconf 85' lang='lat' dir='ltr'><strong>Et</strong></span> <span class='ocrx_word' id='word_1_672' title='bbox 2987 4410 3173 4467; x_wconf 89' lang='lat' dir='ltr'><strong>ﬁdeles</strong></span> <span class='ocrx_word' id='word_1_673' title='bbox 3195 4411 3396 4484; x_wconf 87' lang='lat' dir='ltr'><strong>quique</strong></span> <span class='ocrx_word' id='word_1_674' title='bbox 3419 4412 3515 4482; x_wconf 84' lang='lat' dir='ltr'><strong>qui</strong></span> 
     </span>
    </p>
   </div>
   <div class='ocr_carea' id='block_1_86' title="bbox 186 4473 3513 4576">
    <p class='ocr_par' dir='ltr' id='par_1_86' title="bbox 186 4473 3513 4576">
     <span class='ocr_line' id='line_1_86' title="bbox 186 4473 3513 4576; baseline 0 -18"><span class='ocrx_word' id='word_1_675' title='bbox 186 4497 195 4502; x_wconf 80' lang='grc'><em>’</em></span> <span class='ocrx_word' id='word_1_676' title='bbox 229 4510 381 4569; x_wconf 84' lang='lat' dir='ltr'><strong>rent,</strong></span> <span class='ocrx_word' id='word_1_677' title='bbox 405 4518 528 4557; x_wconf 89' lang='lat' dir='ltr'><strong>cum</strong></span> <span class='ocrx_word' id='word_1_678' title='bbox 556 4500 742 4573; x_wconf 86' lang='lat' dir='ltr'><strong>utique</strong></span> <span class='ocrx_word' id='word_1_679' title='bbox 778 4510 902 4573; x_wconf 85' lang='lat' dir='ltr'><strong>post</strong></span> <span class='ocrx_word' id='word_1_680' title='bbox 929 4504 1303 4560; x_wconf 86' lang='lat' dir='ltr'><strong>ascensionem</strong></span> <span class='ocrx_word' id='word_1_681' title='bbox 1345 4519 1498 4560; x_wconf 88' lang='lat' dir='ltr'><strong>suam</strong></span> <span class='ocrx_word' id='word_1_682' title='bbox 1523 4473 1903 4576; x_wconf 71' lang='lat' dir='ltr'><strong>prtedican-D</strong></span> <span class='ocrx_word' id='word_1_683' title='bbox 1918 4501 2035 4575; x_wconf 81' lang='lat' dir='ltr'><strong>jam</strong></span> <span class='ocrx_word' id='word_1_684' title='bbox 2086 4502 2214 4558; x_wconf 70' lang='lat' dir='ltr'><strong>vitae</strong></span> <span class='ocrx_word' id='word_1_685' title='bbox 2259 4501 2464 4560; x_wconf 83' lang='lat' dir='ltr'><strong>veteris</strong></span> <span class='ocrx_word' id='word_1_686' title='bbox 2503 4502 2783 4558; x_wconf 64' lang='lat' dir='ltr'><strong>saecularia</strong></span> <span class='ocrx_word' id='word_1_687' title='bbox 2828 4501 3083 4558; x_wconf 87' lang='lat' dir='ltr'><strong>insonant</strong></span> <span class='ocrx_word' id='word_1_688' title='bbox 3132 4500 3320 4576; x_wconf 81' lang='lat' dir='ltr'><strong>[Forte</strong></span> <span class='ocrx_word' id='word_1_689' title='bbox 3357 4502 3513 4559; x_wconf 81' lang='lat' dir='ltr'><strong>mise-</strong></span> 
     </span>
    </p>
   </div>
   <div class='ocr_carea' id='block_1_87' title="bbox 228 4594 1824 4667">
    <p class='ocr_par' dir='ltr' id='par_1_87' title="bbox 228 4594 1824 4667">
     <span class='ocr_line' id='line_1_87' title="bbox 228 4594 1824 4667; baseline 0.003 -17"><span class='ocrx_word' id='word_1_690' title='bbox 228 4595 384 4650; x_wconf 85' lang='lat' dir='ltr'><strong>tihns</strong></span> <span class='ocrx_word' id='word_1_691' title='bbox 427 4594 530 4649; x_wconf 89' lang='lat' dir='ltr'><strong>illis</strong></span> <span class='ocrx_word' id='word_1_692' title='bbox 566 4595 942 4667; x_wconf 83' lang='lat' dir='ltr'><strong>Evangelium,</strong></span> <span class='ocrx_word' id='word_1_693' title='bbox 989 4594 1187 4666; x_wconf 82' lang='lat' dir='ltr'><strong>gentes</strong></span> <span class='ocrx_word' id='word_1_694' title='bbox 1216 4597 1362 4666; x_wconf 88' lang='lat' dir='ltr'><strong>quod</strong></span> <span class='ocrx_word' id='word_1_695' title='bbox 1417 4612 1524 4652; x_wconf 89' lang='lat' dir='ltr'><strong>non</strong></span> <span class='ocrx_word' id='word_1_696' title='bbox 1568 4597 1824 4654; x_wconf 86' lang='lat' dir='ltr'><strong>viderunt</strong></span> 
     </span>
    </p>
   </div>
   <div class='ocr_carea' id='block_1_88' title="bbox 196 4683 1822 4757">
    <p class='ocr_par' dir='ltr' id='par_1_88' title="bbox 196 4683 1822 4757">
     <span class='ocr_line' id='line_1_88' title="bbox 196 4683 1822 4757; baseline 0.001 -16"><span class='ocrx_word' id='word_1_697' title='bbox 196 4683 443 4741; x_wconf 70' lang='lat' dir='ltr'><strong>~fuerint</strong></span> <span class='ocrx_word' id='word_1_698' title='bbox 481 4684 790 4741; x_wconf 72' lang='lat' dir='ltr'><strong>creditum.</strong></span> <span class='ocrx_word' id='word_1_699' title='bbox 844 4683 975 4740; x_wconf 89' lang='lat' dir='ltr'><strong>Post</strong></span> <span class='ocrx_word' id='word_1_700' title='bbox 1022 4685 1172 4741; x_wconf 87' lang='lat' dir='ltr'><strong>illam</strong></span> <span class='ocrx_word' id='word_1_701' title='bbox 1207 4686 1407 4757; x_wconf 89' lang='lat' dir='ltr'><strong>quippe</strong></span> <span class='ocrx_word' id='word_1_702' title='bbox 1450 4687 1822 4757; x_wconf 78' lang='lat' dir='ltr'><strong>exprobratio-</strong></span> 
     </span>
    </p>
   </div>
   <div class='ocr_carea' id='block_1_89' title="bbox 226 4775 1627 4835">
    <p class='ocr_par' dir='ltr' id='par_1_89' title="bbox 226 4775 1627 4835">
     <span class='ocr_line' id='line_1_89' title="bbox 226 4775 1627 4835; baseline -0.002 0"><span class='ocrx_word' id='word_1_703' title='bbox 226 4790 363 4835; x_wconf 81' lang='lat' dir='ltr'><strong>nem</strong></span> <span class='ocrx_word' id='word_1_704' title='bbox 396 4784 613 4833; x_wconf 90' lang='lat' dir='ltr'><strong>secutus</strong></span> <span class='ocrx_word' id='word_1_705' title='bbox 626 4777 712 4832; x_wconf 85' lang='lat' dir='ltr'><strong>ait</strong></span> <span class='ocrx_word' id='word_1_706' title='bbox 737 4776 878 4833; x_wconf 91' lang='lat' dir='ltr'><strong>idem</strong></span> <span class='ocrx_word' id='word_1_707' title='bbox 914 4775 1148 4833; x_wconf 82' lang='lat' dir='ltr'><strong>Marcus.</strong></span> <span class='ocrx_word' id='word_1_708' title='bbox 1316 4794 1319 4799; x_wconf 94' lang='grc'>·</span> <span class='ocrx_word' id='word_1_709' title='bbox 1624 4784 1627 4785; x_wconf 66' lang='grc'><strong><em>⁷</em></strong></span> 
     </span>
    </p>
   </div>
   <div class='ocr_carea' id='block_1_90' title="bbox 309 4868 1822 4940">
    <p class='ocr_par' dir='ltr' id='par_1_90' title="bbox 309 4868 1822 4940">
     <span class='ocr_line' id='line_1_90' title="bbox 309 4868 1822 4940; baseline 0.001 -17"><span class='ocrx_word' id='word_1_710' title='bbox 309 4868 378 4923; x_wconf 84' lang='lat' dir='ltr'><strong>Et</strong></span> <span class='ocrx_word' id='word_1_711' title='bbox 401 4870 531 4924; x_wconf 76' lang='lat' dir='ltr'><strong>dixit</strong></span> <span class='ocrx_word' id='word_1_712' title='bbox 556 4871 669 4924; x_wconf 83' lang='lat' dir='ltr'><strong>eis:</strong></span> <span class='ocrx_word' id='word_1_713' title='bbox 701 4868 895 4924; x_wconf 78' lang='lat' dir='ltr'><strong>Euntes</strong></span> <span class='ocrx_word' id='word_1_714' title='bbox 920 4869 975 4923; x_wconf 86' lang='lat' dir='ltr'><strong>in</strong></span> <span class='ocrx_word' id='word_1_715' title='bbox 1014 4868 1268 4924; x_wconf 81' lang='lat' dir='ltr'><strong>mundum</strong></span> <span class='ocrx_word' id='word_1_716' title='bbox 1295 4870 1595 4924; x_wconf 82' lang='lat' dir='ltr'><strong>universum</strong></span> <span class='ocrx_word' id='word_1_717' title='bbox 1627 4870 1822 4940; x_wconf 66' lang='lat' dir='ltr'><strong>praedi-</strong></span> 
     </span>
    </p>
   </div>
   <div class='ocr_carea' id='block_1_91' title="bbox 227 4958 1818 5029">
    <p class='ocr_par' dir='ltr' id='par_1_91' title="bbox 227 4958 1818 5029">
     <span class='ocr_line' id='line_1_91' title="bbox 227 4958 1818 5029; baseline 0.001 -16"><span class='ocrx_word' id='word_1_718' title='bbox 227 4969 353 5013; x_wconf 81' lang='lat' dir='ltr'><strong>cnte</strong></span> <span class='ocrx_word' id='word_1_719' title='bbox 391 4958 729 5029; x_wconf 72' lang='lat' dir='ltr'><strong>Euangeiium</strong></span> <span class='ocrx_word' id='word_1_720' title='bbox 759 4960 900 5014; x_wconf 84' lang='lat' dir='ltr'><strong>omni</strong></span> <span class='ocrx_word' id='word_1_721' title='bbox 918 4970 1196 5015; x_wconf 75' lang='lat' dir='ltr'><strong>creatum.</strong></span> <span class='ocrx_word' id='word_1_722' title='bbox 1227 4960 1331 5027; x_wconf 84' lang='lat' dir='ltr'><strong>Qui</strong></span> <span class='ocrx_word' id='word_1_723' title='bbox 1356 4960 1632 5015; x_wconf 79' lang='lat' dir='ltr'><strong>credidth</strong></span> <span class='ocrx_word' id='word_1_724' title='bbox 1656 4970 1707 5015; x_wconf 85' lang='lat' dir='ltr'><strong>et</strong></span> <span class='ocrx_word' id='word_1_725' title='bbox 1729 4961 1818 5016; x_wconf 83' lang='lat' dir='ltr'><strong>ba-</strong></span> 
     </span>
    </p>
   </div>
   <div class='ocr_carea' id='block_1_92' title="bbox 1922 4590 3511 4670">
    <p class='ocr_par' dir='ltr' id='par_1_92' title="bbox 1922 4590 3511 4670">
     <span class='ocr_line' id='line_1_92' title="bbox 1922 4590 3511 4670; baseline -0.002 -18"><span class='ocrx_word' id='word_1_726' title='bbox 1922 4595 2092 4670; x_wconf 85' lang='lat' dir='ltr'><strong>runt],</strong></span> <span class='ocrx_word' id='word_1_727' title='bbox 2121 4596 2422 4653; x_wconf 87' lang='lat' dir='ltr'><strong>conditoris</strong></span> <span class='ocrx_word' id='word_1_728' title='bbox 2447 4597 2530 4653; x_wconf 90' lang='lat' dir='ltr'><strong>sui</strong></span> <span class='ocrx_word' id='word_1_729' title='bbox 2564 4590 2778 4654; x_wconf 91' lang='lat' dir='ltr'><strong>laudem</strong></span> <span class='ocrx_word' id='word_1_730' title='bbox 2806 4604 2861 4652; x_wconf 89' lang='lat' dir='ltr'><strong>et</strong></span> <span class='ocrx_word' id='word_1_731' title='bbox 2900 4597 3221 4668; x_wconf 87' lang='lat' dir='ltr'><strong>potentiam,</strong></span> <span class='ocrx_word' id='word_1_732' title='bbox 3248 4600 3511 4668; x_wconf 87' lang='lat' dir='ltr'><strong>quantum</strong></span> 
     </span>
    </p>
   </div>
   <div class='ocr_carea' id='block_1_93' title="bbox 1919 4687 3511 4771">
    <p class='ocr_par' dir='ltr' id='par_1_93' title="bbox 1919 4687 3511 4771">
     <span class='ocr_line' id='line_1_93' title="bbox 1919 4687 3511 4771; baseline -0.003 -25"><span class='ocrx_word' id='word_1_733' title='bbox 1919 4690 2234 4761; x_wconf 69' lang='lat' dir='ltr'><strong>praevalent,</strong></span> <span class='ocrx_word' id='word_1_734' title='bbox 2276 4698 2522 4746; x_wconf 86' lang='lat' dir='ltr'><strong>narrant.</strong></span> <span class='ocrx_word' id='word_1_735' title='bbox 2560 4691 2712 4771; x_wconf 83' lang='lat' dir='ltr'><strong>Quid</strong></span> <span class='ocrx_word' id='word_1_736' title='bbox 2749 4689 2894 4745; x_wconf 88' lang='lat' dir='ltr'><strong>aliud</strong></span> <span class='ocrx_word' id='word_1_737' title='bbox 2938 4690 3165 4751; x_wconf 83' lang='lat' dir='ltr'><strong>faciunt,</strong></span> <span class='ocrx_word' id='word_1_738' title='bbox 3211 4689 3318 4744; x_wconf 90' lang='lat' dir='ltr'><strong>nisi</strong></span> <span class='ocrx_word' id='word_1_739' title='bbox 3354 4687 3511 4743; x_wconf 85' lang='lat' dir='ltr'><strong>novis</strong></span> 
     </span>
    </p>
   </div>
   <div class='ocr_carea' id='block_1_94' title="bbox 1809 4778 3512 4855">
    <p class='ocr_par' dir='ltr' id='par_1_94' title="bbox 1809 4778 3512 4855">
     <span class='ocr_line' id='line_1_94' title="bbox 1809 4778 3512 4855; baseline -0.004 -16"><span class='ocrx_word' id='word_1_740' title='bbox 1809 4814 1816 4825; x_wconf 91' lang='lat'><strong><em>-</em></strong></span> <span class='ocrx_word' id='word_1_741' title='bbox 1920 4783 2118 4855; x_wconf 78' lang='lat' dir='ltr'><strong>linguis</strong></span> <span class='ocrx_word' id='word_1_742' title='bbox 2145 4783 2471 4854; x_wconf 86' lang='lat' dir='ltr'><strong>loquuntur?</strong></span> <span class='ocrx_word' id='word_1_743' title='bbox 2496 4783 2589 4853; x_wconf 87' lang='lat' dir='ltr'><strong>qui</strong></span> <span class='ocrx_word' id='word_1_744' title='bbox 2617 4782 2745 4838; x_wconf 91' lang='lat' dir='ltr'><strong>dum</strong></span> <span class='ocrx_word' id='word_1_745' title='bbox 2767 4781 2925 4837; x_wconf 87' lang='lat' dir='ltr'><strong>bonis</strong></span> <span class='ocrx_word' id='word_1_746' title='bbox 2960 4781 3076 4837; x_wconf 91' lang='lat' dir='ltr'><strong>suis</strong></span> <span class='ocrx_word' id='word_1_747' title='bbox 3116 4778 3512 4836; x_wconf 80' lang='lat' dir='ltr'><strong>exhortationi-</strong></span> 
     </span>
    </p>
   </div>
   <div class='ocr_carea' id='block_1_95' title="bbox 1920 4870 3510 4941">
    <p class='ocr_par' dir='ltr' id='par_1_95' title="bbox 1920 4870 3510 4941">
     <span class='ocr_line' id='line_1_95' title="bbox 1920 4870 3510 4941; baseline -0.003 -10"><span class='ocrx_word' id='word_1_748' title='bbox 1920 4875 2024 4931; x_wconf 83' lang='lat' dir='ltr'><strong>bus</strong></span> <span class='ocrx_word' id='word_1_749' title='bbox 2053 4874 2315 4930; x_wconf 89' lang='lat' dir='ltr'><strong>malitiam</strong></span> <span class='ocrx_word' id='word_1_750' title='bbox 2341 4873 2410 4931; x_wconf 90' lang='lat' dir='ltr'><strong>de</strong></span> <span class='ocrx_word' id='word_1_751' title='bbox 2431 4874 2627 4930; x_wconf 89' lang='lat' dir='ltr'><strong>alienis</strong></span> <span class='ocrx_word' id='word_1_752' title='bbox 2652 4872 2906 4930; x_wconf 91' lang='lat' dir='ltr'><strong>cordibus</strong></span> <span class='ocrx_word' id='word_1_753' title='bbox 2930 4870 3198 4934; x_wconf 87' lang='lat' dir='ltr'><strong>auferunt,</strong></span> <span class='ocrx_word' id='word_1_754' title='bbox 3226 4870 3510 4941; x_wconf 84' lang='lat' dir='ltr'><strong>serpentes</strong></span> 
     </span>
    </p>
   </div>
   <div class='ocr_carea' id='block_1_96' title="bbox 1898 4961 3510 5037">
    <p class='ocr_par' dir='ltr' id='par_1_96' title="bbox 1898 4961 3510 5037">
     <span class='ocr_line' id='line_1_96' title="bbox 1898 4961 3510 5037; baseline -0.004 -16"><span class='ocrx_word' id='word_1_755' title='bbox 1898 4964 2120 5027; x_wconf 41' lang='lat' dir='ltr'><strong>itollunt</strong></span> <span class='ocrx_word' id='word_1_756' title='bbox 2144 4981 2158 5032; x_wconf 91' lang='lat'><strong>;</strong></span> <span class='ocrx_word' id='word_1_757' title='bbox 2185 4972 2240 5020; x_wconf 92' lang='lat' dir='ltr'><strong>et</strong></span> <span class='ocrx_word' id='word_1_758' title='bbox 2267 4964 2396 5037; x_wconf 80' lang='lat' dir='ltr'><strong>dum</strong></span> <span class='ocrx_word' id='word_1_759' title='bbox 2423 4962 2714 5035; x_wconf 87' lang='lat' dir='ltr'><strong>pestiferas</strong></span> <span class='ocrx_word' id='word_1_760' title='bbox 2735 4964 3019 5020; x_wconf 88' lang='lat' dir='ltr'><strong>suasiones</strong></span> <span class='ocrx_word' id='word_1_761' title='bbox 3039 4962 3281 5027; x_wconf 84' lang='lat' dir='ltr'><strong>audiunt,</strong></span> <span class='ocrx_word' id='word_1_762' title='bbox 3308 4961 3403 5015; x_wconf 90' lang='lat' dir='ltr'><strong>sed</strong></span> <span class='ocrx_word' id='word_1_763' title='bbox 3428 4968 3510 5015; x_wconf 81' lang='lat' dir='ltr'><strong>ta-</strong></span> 
     </span>
    </p>
   </div>
   <div class='ocr_carea' id='block_1_97' title="bbox 186 5036 3503 5126">
    <p class='ocr_par' dir='ltr' id='par_1_97' title="bbox 186 5036 3503 5126">
     <span class='ocr_line' id='line_1_97' title="bbox 186 5036 3503 5126; baseline 0.001 -22"><span class='ocrx_word' id='word_1_764' title='bbox 186 5066 199 5075; x_wconf 55' lang='lat'><strong>“</strong></span> <span class='ocrx_word' id='word_1_765' title='bbox 225 5049 463 5121; x_wconf 64' lang='lat' dir='ltr'><strong>misatur</strong></span> <span class='ocrx_word' id='word_1_766' title='bbox 491 5036 673 5119; x_wconf 78' lang='lat' dir='ltr'><strong>fuerit,</strong></span> <span class='ocrx_word' id='word_1_767' title='bbox 708 5050 884 5104; x_wconf 73' lang='lat' dir='ltr'><strong>sulcus</strong></span> <span class='ocrx_word' id='word_1_768' title='bbox 921 5050 1065 5104; x_wconf 84' lang='lat' dir='ltr'><strong>erit:</strong></span> <span class='ocrx_word' id='word_1_769' title='bbox 1095 5052 1185 5118; x_wconf 87' lang='lat' dir='ltr'><strong>qui</strong></span> <span class='ocrx_word' id='word_1_770' title='bbox 1206 5066 1329 5105; x_wconf 80' lang='lat' dir='ltr'><strong>vero</strong></span> <span class='ocrx_word' id='word_1_771' title='bbox 1370 5067 1476 5107; x_wconf 82' lang='lat' dir='ltr'><strong>non</strong></span> <span class='ocrx_word' id='word_1_772' title='bbox 1519 5051 1819 5119; x_wconf 84' lang='lat' dir='ltr'><strong>crediderit,</strong></span> <span class='ocrx_word' id='word_1_773' title='bbox 1894 5060 2047 5113; x_wconf 46' lang='lat' dir='ltr'><strong>¢men</strong></span> <span class='ocrx_word' id='word_1_774' title='bbox 2102 5055 2170 5111; x_wconf 87' lang='lat' dir='ltr'><strong>ad</strong></span> <span class='ocrx_word' id='word_1_775' title='bbox 2215 5036 2583 5126; x_wconf 87' lang='lat' dir='ltr'><strong>operationem</strong></span> <span class='ocrx_word' id='word_1_776' title='bbox 2625 5069 2846 5125; x_wconf 89' lang='lat' dir='ltr'><strong>pravam</strong></span> <span class='ocrx_word' id='word_1_777' title='bbox 2885 5051 3109 5109; x_wconf 88' lang='lat' dir='ltr'><strong>minime</strong></span> <span class='ocrx_word' id='word_1_778' title='bbox 3160 5052 3503 5122; x_wconf 85' lang='lat' dir='ltr'><strong>pertrahunt,</strong></span> 
     </span>
    </p>
   </div>
   <div class='ocr_carea' id='block_1_98' title="bbox 186 5140 3505 5220">
    <p class='ocr_par' dir='ltr' id='par_1_98' title="bbox 186 5140 3505 5220">
     <span class='ocr_line' id='line_1_98' title="bbox 186 5140 3505 5220; baseline 0.001 -22"><span class='ocrx_word' id='word_1_779' title='bbox 186 5154 210 5183; x_wconf 67' lang='grc' dir='ltr'><strong>λ·</strong></span> <span class='ocrx_word' id='word_1_780' title='bbox 227 5142 688 5198; x_wconf 71' lang='lat' dir='ltr'><strong>condcmndbitur.</strong></span> <span class='ocrx_word' id='word_1_781' title='bbox 730 5144 844 5200; x_wconf 73' lang='lat' dir='ltr'><strong>Hac</strong></span> <span class='ocrx_word' id='word_1_782' title='bbox 858 5160 997 5217; x_wconf 78' lang='lat' dir='ltr'><strong>ergo</strong></span> <span class='ocrx_word' id='word_1_783' title='bbox 1034 5140 1401 5216; x_wconf 66' lang='lat' dir='ltr'><strong>praedicaturi,</strong></span> <span class='ocrx_word' id='word_1_784' title='bbox 1425 5148 1701 5219; x_wconf 73' lang='lat' dir='ltr'><strong>quomodo</strong></span> <span class='ocrx_word' id='word_1_785' title='bbox 1724 5150 1818 5220; x_wconf 84' lang='lat' dir='ltr'><strong>qui</strong></span> <span class='ocrx_word' id='word_1_786' title='bbox 1899 5143 2258 5205; x_wconf 57' lang='lat' dir='ltr'><strong>mortiferum</strong></span> <span class='ocrx_word' id='word_1_787' title='bbox 2279 5145 2495 5215; x_wconf 90' lang='lat' dir='ltr'><strong>quidem</strong></span> <span class='ocrx_word' id='word_1_788' title='bbox 2522 5145 2771 5215; x_wconf 83' lang='lat' dir='ltr'><strong>estquod</strong></span> <span class='ocrx_word' id='word_1_789' title='bbox 2796 5145 3010 5208; x_wconf 87' lang='lat' dir='ltr'><strong>bibunt,</strong></span> <span class='ocrx_word' id='word_1_790' title='bbox 3037 5142 3133 5198; x_wconf 89' lang='lat' dir='ltr'><strong>sed</strong></span> <span class='ocrx_word' id='word_1_791' title='bbox 3165 5156 3271 5199; x_wconf 86' lang='lat' dir='ltr'><strong>non</strong></span> <span class='ocrx_word' id='word_1_792' title='bbox 3298 5143 3379 5200; x_wconf 91' lang='lat' dir='ltr'><strong>eis</strong></span> <span class='ocrx_word' id='word_1_793' title='bbox 3407 5159 3505 5200; x_wconf 79' lang='lat' dir='ltr'><strong>uo-</strong></span> 
     </span>
    </p>
   </div>
   <div class='ocr_carea' id='block_1_99' title="bbox 225 5222 3507 5311">
    <p class='ocr_par' dir='ltr' id='par_1_99' title="bbox 225 5222 3507 5311">
     <span class='ocr_line' id='line_1_99' title="bbox 225 5222 3507 5311; baseline 0.001 -21"><span class='ocrx_word' id='word_1_794' title='bbox 225 5238 344 5290; x_wconf 71' lang='lat' dir='ltr'><strong>non</strong></span> <span class='ocrx_word' id='word_1_795' title='bbox 379 5233 669 5290; x_wconf 87' lang='lat' dir='ltr'><strong>crediderit</strong></span> <span class='ocrx_word' id='word_1_796' title='bbox 695 5222 1167 5303; x_wconf 83' lang='lat' dir='ltr'><strong>oondemnabitur,</strong></span> <span class='ocrx_word' id='word_1_797' title='bbox 1215 5252 1340 5293; x_wconf 88' lang='lat' dir='ltr'><strong>cum</strong></span> <span class='ocrx_word' id='word_1_798' title='bbox 1387 5238 1443 5294; x_wconf 90' lang='lat' dir='ltr'><strong>id</strong></span> <span class='ocrx_word' id='word_1_799' title='bbox 1486 5240 1671 5310; x_wconf 90' lang='lat' dir='ltr'><strong>utique</strong></span> <span class='ocrx_word' id='word_1_800' title='bbox 1704 5254 1817 5296; x_wconf 84' lang='lat' dir='ltr'><strong>non</strong></span> <span class='ocrx_word' id='word_1_801' title='bbox 1918 5236 2083 5294; x_wconf 85' lang='lat' dir='ltr'><strong>eebit.</strong></span> <span class='ocrx_word' id='word_1_802' title='bbox 2109 5236 2213 5305; x_wconf 80' lang='lat' dir='ltr'><strong>Qui</strong></span> <span class='ocrx_word' id='word_1_803' title='bbox 2254 5231 2467 5307; x_wconf 89' lang='lat' dir='ltr'><strong>quoties</strong></span> <span class='ocrx_word' id='word_1_804' title='bbox 2490 5238 2769 5311; x_wconf 81' lang='lat' dir='ltr'><strong>proximos</strong></span> <span class='ocrx_word' id='word_1_805' title='bbox 2786 5248 2922 5292; x_wconf 82' lang='lat' dir='ltr'><strong>suos</strong></span> <span class='ocrx_word' id='word_1_806' title='bbox 2951 5236 3005 5291; x_wconf 90' lang='lat' dir='ltr'><strong>in</strong></span> <span class='ocrx_word' id='word_1_807' title='bbox 3051 5236 3194 5292; x_wconf 89' lang='lat' dir='ltr'><strong>bono</strong></span> <span class='ocrx_word' id='word_1_808' title='bbox 3220 5251 3386 5308; x_wconf 90' lang='lat' dir='ltr'><strong>opere</strong></span> <span class='ocrx_word' id='word_1_809' title='bbox 3424 5237 3507 5293; x_wconf 85' lang='lat' dir='ltr'><strong>in-</strong></span> 
     </span>
    </p>
   </div>
   <div class='ocr_carea' id='block_1_100' title="bbox 221 5316 3515 5399">
    <p class='ocr_par' dir='ltr' id='par_1_100' title="bbox 221 5316 3515 5399">
     <span class='ocr_line' id='line_1_100' title="bbox 221 5316 3515 5399; baseline 0.002 -21"><span class='ocrx_word' id='word_1_810' title='bbox 221 5319 528 5379; x_wconf 79' lang='lat' dir='ltr'><strong>crediderit</strong></span> <span class='ocrx_word' id='word_1_811' title='bbox 553 5324 698 5393; x_wconf 86' lang='lat' dir='ltr'><strong>quod</strong></span> <span class='ocrx_word' id='word_1_812' title='bbox 721 5339 829 5380; x_wconf 89' lang='lat' dir='ltr'><strong>non</strong></span> <span class='ocrx_word' id='word_1_813' title='bbox 853 5325 1023 5392; x_wconf 82' lang='lat' dir='ltr'><strong>vidit;</strong></span> <span class='ocrx_word' id='word_1_814' title='bbox 1066 5340 1249 5383; x_wconf 84' lang='lat' dir='ltr'><strong>nonne</strong></span> <span class='ocrx_word' id='word_1_815' title='bbox 1280 5328 1386 5398; x_wconf 86' lang='lat' dir='ltr'><strong>ipsi</strong></span> <span class='ocrx_word' id='word_1_816' title='bbox 1412 5328 1665 5399; x_wconf 81' lang='lat' dir='ltr'><strong>primitus</strong></span> <span class='ocrx_word' id='word_1_817' title='bbox 1688 5330 1812 5387; x_wconf 80' lang='lat' dir='ltr'><strong>fue-</strong></span> <span class='ocrx_word' id='word_1_818' title='bbox 1924 5326 2132 5387; x_wconf 85' lang='lat' dir='ltr'><strong>flrmari</strong></span> <span class='ocrx_word' id='word_1_819' title='bbox 2156 5327 2514 5399; x_wconf 78' lang='lat' dir='ltr'><strong>conspiciunt,</strong></span> <span class='ocrx_word' id='word_1_820' title='bbox 2545 5328 2670 5383; x_wconf 91' lang='lat' dir='ltr'><strong>dum</strong></span> <span class='ocrx_word' id='word_1_821' title='bbox 2697 5327 2776 5382; x_wconf 92' lang='lat' dir='ltr'><strong>eis</strong></span> <span class='ocrx_word' id='word_1_822' title='bbox 2803 5334 2915 5382; x_wconf 85' lang='lat' dir='ltr'><strong>tota</strong></span> <span class='ocrx_word' id='word_1_823' title='bbox 2929 5326 3128 5383; x_wconf 90' lang='lat' dir='ltr'><strong>virtute</strong></span> <span class='ocrx_word' id='word_1_824' title='bbox 3149 5316 3515 5393; x_wconf 74' lang='lat' dir='ltr'><strong>concurrunt,</strong></span> 
     </span>
    </p>
   </div>
   <div class='ocr_carea' id='block_1_101' title="bbox 221 5412 3502 5489">
    <p class='ocr_par' dir='ltr' id='par_1_101' title="bbox 221 5412 3502 5489">
     <span class='ocr_line' id='line_1_101' title="bbox 221 5412 3502 5489; baseline 0 -17"><span class='ocrx_word' id='word_1_825' title='bbox 221 5412 703 5487; x_wconf 71' lang='lat' dir='ltr'><strong>tantobjurgandi</strong></span> <span class='ocrx_word' id='word_1_826' title='bbox 730 5417 875 5489; x_wconf 87' lang='lat' dir='ltr'><strong>quod</strong></span> <span class='ocrx_word' id='word_1_827' title='bbox 900 5425 1189 5488; x_wconf 84' lang='lat' dir='ltr'><strong>antequam</strong></span> <span class='ocrx_word' id='word_1_828' title='bbox 1215 5420 1502 5477; x_wconf 85' lang='lat' dir='ltr'><strong>Dominum</strong></span> <span class='ocrx_word' id='word_1_829' title='bbox 1522 5422 1809 5488; x_wconf 76' lang='lat' dir='ltr'><strong>vidissent,</strong></span> <span class='ocrx_word' id='word_1_830' title='bbox 1892 5450 1895 5453; x_wconf 96' lang='lat'><strong><em>-</em></strong></span> <span class='ocrx_word' id='word_1_831' title='bbox 1920 5426 1978 5474; x_wconf 91' lang='lat' dir='ltr'><strong>et</strong></span> <span class='ocrx_word' id='word_1_832' title='bbox 2002 5417 2250 5488; x_wconf 76' lang='lat' dir='ltr'><strong>exemplo</strong></span> <span class='ocrx_word' id='word_1_833' title='bbox 2278 5432 2390 5473; x_wconf 83' lang='lat' dir='ltr'><strong>suae</strong></span> <span class='ocrx_word' id='word_1_834' title='bbox 2414 5417 2748 5487; x_wconf 87' lang='lat' dir='ltr'><strong>operationis</strong></span> <span class='ocrx_word' id='word_1_835' title='bbox 2777 5416 2991 5472; x_wconf 91' lang='lat' dir='ltr'><strong>illorum</strong></span> <span class='ocrx_word' id='word_1_836' title='bbox 3022 5418 3188 5473; x_wconf 86' lang='lat' dir='ltr'><strong>vitam</strong></span> <span class='ocrx_word' id='word_1_837' title='bbox 3222 5419 3502 5484; x_wconf 83' lang='lat' dir='ltr'><strong>roborant,</strong></span> 
     </span>
    </p>
   </div>
   <div class='ocr_carea' id='block_1_102' title="bbox 222 5504 3505 5583">
    <p class='ocr_par' dir='ltr' id='par_1_102' title="bbox 222 5504 3505 5583">
     <span class='ocr_line' id='line_1_102' title="bbox 222 5504 3505 5583; baseline 0.001 -22"><span class='ocrx_word' id='word_1_838' title='bbox 222 5517 345 5561; x_wconf 72' lang='lat' dir='ltr'><strong>non</strong></span> <span class='ocrx_word' id='word_1_839' title='bbox 397 5505 728 5562; x_wconf 85' lang='lat' dir='ltr'><strong>crediderint</strong></span> <span class='ocrx_word' id='word_1_840' title='bbox 766 5507 849 5563; x_wconf 88' lang='lat' dir='ltr'><strong>eis</strong></span> <span class='ocrx_word' id='word_1_841' title='bbox 896 5507 1095 5579; x_wconf 87' lang='lat' dir='ltr'><strong>quibus</strong></span> <span class='ocrx_word' id='word_1_842' title='bbox 1138 5509 1398 5566; x_wconf 87' lang='lat' dir='ltr'><strong>Dominus</strong></span> <span class='ocrx_word' id='word_1_843' title='bbox 1438 5513 1815 5583; x_wconf 77' lang='lat' dir='ltr'><strong>apparuisset?</strong></span> <span class='ocrx_word' id='word_1_844' title='bbox 1919 5513 2099 5583; x_wconf 80' lang='lat' dir='ltr'><strong>quiin</strong></span> <span class='ocrx_word' id='word_1_845' title='bbox 2129 5511 2348 5583; x_wconf 86' lang='lat' dir='ltr'><strong>propria</strong></span> <span class='ocrx_word' id='word_1_846' title='bbox 2375 5512 2942 5583; x_wconf 77' lang='lat' dir='ltr'><strong>actionetitubabant,</strong></span> <span class='ocrx_word' id='word_1_847' title='bbox 2966 5512 3097 5583; x_wconf 89' lang='lat' dir='ltr'><strong>quid</strong></span> <span class='ocrx_word' id='word_1_848' title='bbox 3122 5512 3270 5567; x_wconf 87' lang='lat' dir='ltr'><strong>aliud</strong></span> <span class='ocrx_word' id='word_1_849' title='bbox 3299 5504 3505 5573; x_wconf 76' lang='lat' dir='ltr'><strong>faciunt</strong></span> 
     </span>
    </p>
   </div>
   <div class='ocr_carea' id='block_1_103' title="bbox 224 5595 3504 5674">
    <p class='ocr_par' dir='ltr' id='par_1_103' title="bbox 224 5595 3504 5674">
     <span class='ocr_line' id='line_1_103' title="bbox 224 5595 3504 5674; baseline 0.002 -25"><span class='ocrx_word' id='word_1_850' title='bbox 224 5595 393 5664; x_wconf 77' lang='lat' dir='ltr'><strong>Quod</strong></span> <span class='ocrx_word' id='word_1_851' title='bbox 425 5611 560 5654; x_wconf 80' lang='lat' dir='ltr'><strong>vero</strong></span> <span class='ocrx_word' id='word_1_852' title='bbox 583 5597 723 5654; x_wconf 81' lang='lat' dir='ltr'><strong>dixit</strong></span> <span class='ocrx_word' id='word_1_853' title='bbox 744 5599 862 5655; x_wconf 85' lang='lat' dir='ltr'><strong>eis:</strong></span> <span class='ocrx_word' id='word_1_854' title='bbox 886 5600 1084 5656; x_wconf 78' lang='lat' dir='ltr'><strong>Euntes</strong></span> <span class='ocrx_word' id='word_1_855' title='bbox 1109 5603 1166 5657; x_wconf 85' lang='lat' dir='ltr'><strong>in</strong></span> <span class='ocrx_word' id='word_1_856' title='bbox 1205 5603 1460 5658; x_wconf 63' lang='lat' dir='ltr'><strong>uitandum</strong></span> <span class='ocrx_word' id='word_1_857' title='bbox 1487 5606 1807 5669; x_wconf 70' lang='lat' dir='ltr'><strong>universum,</strong></span> <span class='ocrx_word' id='word_1_858' title='bbox 1918 5602 2024 5659; x_wconf 91' lang='lat' dir='ltr'><strong>nisi</strong></span> <span class='ocrx_word' id='word_1_859' title='bbox 2043 5618 2206 5674; x_wconf 85' lang='lat' dir='ltr'><strong>super</strong></span> <span class='ocrx_word' id='word_1_860' title='bbox 2223 5609 2674 5674; x_wconf 70' lang='lat' dir='ltr'><strong>aegrotosmanns</strong></span> <span class='ocrx_word' id='word_1_861' title='bbox 2691 5602 2973 5671; x_wconf 87' lang='lat' dir='ltr'><strong>imponunt</strong></span> <span class='ocrx_word' id='word_1_862' title='bbox 2998 5602 3208 5672; x_wconf 82' lang='lat' dir='ltr'><strong>utbene</strong></span> <span class='ocrx_word' id='word_1_863' title='bbox 3230 5599 3504 5657; x_wconf 86' lang='lat' dir='ltr'><strong>habeant?</strong></span> 
     </span>
    </p>
   </div>
   <div class='ocr_carea' id='block_1_104' title="bbox 219 5680 3501 5774">
    <p class='ocr_par' dir='ltr' id='par_1_104' title="bbox 219 5680 3501 5774">
     <span class='ocr_line' id='line_1_104' title="bbox 219 5680 3501 5774; baseline 0.005 -36"><span class='ocrx_word' id='word_1_864' title='bbox 219 5684 518 5759; x_wconf 64' lang='lat' dir='ltr'><strong>praedicata</strong></span> <span class='ocrx_word' id='word_1_865' title='bbox 538 5686 879 5755; x_wconf 78' lang='lat' dir='ltr'><strong>Eunngeliurn</strong></span> <span class='ocrx_word' id='word_1_866' title='bbox 903 5693 1046 5744; x_wconf 85' lang='lat' dir='ltr'><strong>omni</strong></span> <span class='ocrx_word' id='word_1_867' title='bbox 1081 5701 1355 5750; x_wconf 73' lang='lat' dir='ltr'><strong>creatum.</strong></span> <span class='ocrx_word' id='word_1_868' title='bbox 1398 5693 1651 5766; x_wconf 74' lang='lat' dir='ltr'><strong>Nunquid</strong></span> <span class='ocrx_word' id='word_1_869' title='bbox 1686 5709 1811 5757; x_wconf 82' lang='lat' dir='ltr'><strong>sau-</strong></span> <span class='ocrx_word' id='word_1_870' title='bbox 1900 5697 2050 5765; x_wconf 78' lang='lat' dir='ltr'><strong>~Quae</strong></span> <span class='ocrx_word' id='word_1_871' title='bbox 2074 5697 2343 5771; x_wconf 80' lang='lat' dir='ltr'><strong>nimirum</strong></span> <span class='ocrx_word' id='word_1_872' title='bbox 2385 5696 2646 5755; x_wconf 81' lang='lat' dir='ltr'><strong>miracula</strong></span> <span class='ocrx_word' id='word_1_873' title='bbox 2680 5704 2832 5758; x_wconf 87' lang='lat' dir='ltr'><strong>tanto</strong></span> <span class='ocrx_word' id='word_1_874' title='bbox 2866 5680 3078 5774; x_wconf 85' lang='lat' dir='ltr'><strong>majora</strong></span> <span class='ocrx_word' id='word_1_875' title='bbox 3112 5706 3259 5765; x_wconf 87' lang='lat' dir='ltr'><strong>sunt,</strong></span> <span class='ocrx_word' id='word_1_876' title='bbox 3297 5704 3501 5770; x_wconf 87' lang='lat' dir='ltr'><strong>quanto</strong></span> 
     </span>
    </p>
   </div>
   <div class='ocr_carea' id='block_1_105' title="bbox 634 5779 1870 5850">
    <p class='ocr_par' dir='ltr' id='par_1_105' title="bbox 634 5779 1095 5844">
     <span class='ocr_line' id='line_1_105' title="bbox 634 5779 1095 5844; baseline 0.004 -3"><span class='ocrx_word' id='word_1_877' title='bbox 634 5779 912 5844; x_wconf 64' lang='lat' dir='ltr'><strong>Panos.</strong></span> <span class='ocrx_word' id='word_1_878' title='bbox 961 5781 1095 5843; x_wconf 83' lang='lat' dir='ltr'><strong>CX.</strong></span> 
     </span>
    </p>
   </div>
  </div>
