3974 6364
449 289 559 348 259

1077 284 1139 339 Β.
1174 281 1430 339 ΒΑΒΑΜ
1461 279 1681 339 MAURI
1711 275 2031 347 ARCHIEP.
2076 274 2385 334 MOGUNT.
2425 274 2714 347 OPERUM
2752 271 2934 329 PARS
2970 270 3036 327 ll.

3610 260 3725 322 250

446 372 626 457 torem
648 436 663 466 ,
681 410 785 470 pro
809 398 963 468 cujus
988 397 1205 453 nomine
1236 368 1363 451 talia
1390 374 1646 466 passuros
1666 408 1726 449 se
1748 406 1869 448 esse
1888 403 2027 460 prm-
2056 389 2105 450 Α
2134 401 2438 443 sermonem
2488 401 2644 442 suum
2692 393 2750 441 et
2779 382 3071 441 ostendens
3106 377 3376 470 quomodo
3401 376 3473 470 de
3515 390 3585 470 eo

450 483 656 545 dictum
685 494 771 543 est
804 485 930 542 illis.

520 580 629 638 Sed
660 579 772 636 Itth
800 578 1004 635 locutus
1034 595 1151 633 sum
1175 577 1334 645 vobis,
1390 585 1446 631 ut
1480 591 1598 632 cum
1636 574 1828 631 venerit
1876 574 2028 640 hora,

448 690 630 730 eorum
662 668 1093 738 reminiscamini,
1118 671 1242 743 quia
1283 687 1376 742 ego
1406 670 1517 725 dixi
1544 670 1704 726 vobis.
1735 668 1865 737 Quae
1907 674 2057 741 sunt.

448 779 571 835 qua:
592 764 661 820 ab
690 762 846 817 initio
884 761 989 818 illis
1013 777 1122 817 non
1166 761 1337 817 dixit?
1365 760 1540 817 Etiam
1569 761 1635 816 de
1663 759 1866 831 Spiritu
1915 774 2034 813 sau-

448 862 537 908 cto
576 867 739 923 quem
764 848 1028 927 missurus
1056 859 1174 907 erat
1200 851 1305 907 illis
1334 866 1365 905 a
1393 851 1576 917 Patre,
1602 860 1657 905 et
1687 850 1753 905 de
1788 849 2034 904 consola-

448 943 598 1000 tione
629 954 684 1000 et
713 944 1121 1000 conﬁrmatione
1145 943 1387 1014 ejusdem
1420 942 1679 1016 Spiritus,
1707 957 1813 1013 quo
1839 955 2034 995 conso-

448 1036 591 1091 landi
622 1044 679 1099 et
699 1037 987 1093 roborandi
1010 1036 1260 1102 fuissent,
1280 1043 1340 1091 ut
1364 1036 1544 1091 omnia
1572 1034 1754 1089 mundi
1784 1033 2029 1098 adversa,

450 1125 534 1180 vel
584 1125 890 1183 Iudaeorum
945 1126 1195 1183 scandala
1249 1134 1305 1181 et
1366 1124 1809 1197 persecutiones,
1861 1123 2033 1178 libero

452 1219 636 1275 animo
664 1210 961 1276 formidare
993 1235 1101 1275 non
1127 1219 1459 1276 debuissent.

522 1309 655 1366 Htec
682 1313 747 1367 ab
786 1313 936 1367 initio
967 1329 1071 1367 non
1094 1310 1229 1378 dixi,
1255 1312 1379 1383 quia
1408 1311 1668 1367 vobiscum
1696 1325 1861 1363 erant.
1894 1306 2036 1376 Quo-

447 1401 599 1458 niam
621 1418 741 1458 mea
760 1403 1049 1474 praesentia
1077 1401 1458 1459 consolabatur
1482 1418 1599 1458 vos.
1635 1401 1867 1457 lstarum
1901 1400 2035 1454 dua-

449 1508 571 1548 rum
615 1491 672 1549 in
706 1493 989 1550 charitatis
1034 1492 1216 1550 ofﬁcio
1265 1494 1324 1548 ﬁt
1364 1493 1649 1549 concordia
1698 1491 2029 1555 lectionum,

449 1596 613 1651 quam
635 1583 727 1654 qui
757 1582 995 1653 perfecte
1039 1583 1228 1649 habet,
1257 1591 1313 1637 et
1344 1590 1454 1636 tam
1493 1580 1655 1660 corde
1702 1594 1865 1650 quam
1909 1593 2033 1648 ope-

2130 479 2427 536 sccundum
2450 491 2671 535 carnem
2701 485 2783 532 est
2820 471 3086 544 dixit,qui
3109 466 3248 526 enim
3268 466 3583 539 sanctificat,
3612 469 3755 529 hoe'

2130 578 2213 626 est
2239 569 2516 637 Christus;
2549 577 2598 623 et
2621 568 2711 640 qui
2750 564 3172 633 sanctiﬁcantur,
3202 562 3308 617 hoc
3330 568 3434 628 est,
3470 576 3593 627 nos,
3634 560 3724 616 in-

2131 661 2300 717 tueris
2325 669 2586 732 quantum
2615 651 2992 714 interestlllle
3039 644 3359 720 sanctiﬁcat,
3387 667 3487 708 nos
3513 654 3728 709 sancti—

2132 750 2378 807 ﬁcamur.
2405 749 2644 815 Addidit,
2665 764 2731 803 ea:
2752 764 2857 802 uno
2879 736 3075 802 omnes.
3103 744 3256 802 Unus
3280 734 3365 800 est
3397 735 3543 801 enim
3573 744 3728 801 Dens

2131 859 2163 900 a
2192 860 2299 915 quo
2325 844 2543 910 omnia;
2571 842 2667 898 sed
2690 841 2779 897 ille
2801 841 2979 904 aliter,
3010 839 3169 895 aliter
3192 846 3249 894 et
3278 852 3411 903 nos;
3442 837 3533 893 ille
3558 838 3724 908 quasi
3750 878 3757 887 .

2131 934 2382 1005 pr0prius
2407 930 2599 999 Filius,
2645 947 2745 987 nos
2792 946 2922 988 vero
2966 931 3121 1001 quasi
3177 930 3435 1000 adoptivi.
3461 929 3723 985 Attamen

2134 1042 2299 1082 unum
2353 1027 2613 1082 habemus
2659 1024 2876 1079 Patrem
2910 1024 3110 1089 Deum;
3151 1021 3241 1077 ille
3263 1021 3421 1092 quasi
3468 1022 3728 1091 proprius

2132 1119 2300 1174 Filius
2344 1117 2680 1181 sanctiﬁcat,
2708 1131 2811 1171 nos
2853 1116 2997 1170 sicut
3024 1114 3262 1183 adoptivi
3292 1112 3727 1176 sanctiﬁcamnr,

2131 1219 2353 1281 propter
2394 1224 2555 1279 quam
2595 1206 2815 1265 causam
2844 1208 2950 1262 non
2998 1203 3345 1261 confunditur
3383 1202 3586 1258 fratres
3630 1217 3732 1258 eos

2131 1315 2329 1356 vocare
2357 1299 2545 1355 dicens
2570 1316 2584 1353 :

2207 1389 2479 1445 Nuntiabo
2512 1404 2700 1444 nomen
2724 1396 2872 1442 tuum
2902 1386 3156 1455 fratribus
3196 1385 3347 1440 meis.
3376 1384 3435 1441 ln
3479 1398 3546 1441 eo
3576 1384 3731 1440 enim

2133 1481 2276 1552 quod
2301 1481 2456 1545 dixit,
2492 1496 2596 1535 non
2620 1479 2873 1533 erubescit
2899 1480 3093 1548 fratres
3135 1494 3224 1533 eos
3262 1493 3468 1541 vocare,
3498 1477 3733 1532 demon-

2134 1578 2272 1626 strat
2313 1578 2516 1625 nostra:
2548 1578 2756 1623 natura:
2792 1582 2911 1623 csse
2946 1567 3339 1622 fraternitatem
3363 1607 3379 1632 ,
3433 1567 3737 1638 sedmise-

450 1672 601 1728 ribus
628 1670 856 1743 pleniter
884 1687 1055 1743 usque
1101 1673 1154 1727 in
1201 1671 1365 1728 ﬁnem
1393 1673 1517 1726 vita:
1562 1655 1779 1726 servare
1808 1678 2033 1725 conten-
2062 1740 2097 1743 _
2137 1661 2383 1716 ricordiw
2410 1658 2528 1728 eius
2561 1668 2616 1714 el
2643 1657 2962 1713 humilitatis
2982 1658 2989 1665 ’
3007 1658 3209 1719 mnum.
3240 1657 3367 1739 quia
3398 1665 3498 1712 nos
3525 1655 3738 1711 fratres

448 1759 548 1826 dit,
578 1740 695 1815 sine
717 1760 881 1816 dubio
905 1740 1106 1816 teterno
1137 1777 1304 1831 regno
1343 1770 1393 1816 et
1437 1759 1888 1828 contemplatione
1915 1756 2035 1811 vul-
2061 1740 2108 1800 Β
2134 1749 2297 1821 elegit
2331 1750 2458 1807 sibi.
2506 1751 2574 1805 Et
2620 1750 2722 1804 hoc
2750 1748 3068 1819 prophetico
3109 1747 3344 1803 afﬁrmat
3387 1748 3734 1809 testimonia.

450 1854 539 1903 tus
568 1848 697 1914 Dei,
741 1859 798 1904 et
850 1850 1053 1905 sanctis
1090 1849 1295 1920 angelis
1327 1848 1535 1904 fruetur
1580 1851 1633 1903 in
1662 1856 1980 1919 perpetuum
2015 1864 2028 1901 :

447 1947 739 2006 praestante
766 1938 994 1993 Domino
1032 1946 1240 2005 nostro,
1283 1939 1376 2009 qui
1405 1953 1531 1994 cum
1558 1938 1722 1994 Patre
1742 1946 1798 1993 et
1826 1937 2031 2007 Spiritu

448 2034 636 2082 sancto
661 2026 792 2080 vivit
834 2034 888 2081 et
917 2034 1109 2099 regnat
1135 2027 1277 2083 Deus
1304 2042 1403 2099 per
1428 2028 1611 2083 omnia
1637 2026 1836 2084 saecula
1862 2040 2031 2082 saecu-

449 2116 647 2172 lorum.
682 2118 875 2173 Amen.
1146 2175 1159 2187 ,
1428 2116 1431 2121 ’

1044 2205 1329 2263 HOMILIA
1372 2206 1435 2262 L.

1110 2312 1268 2352 FERIA
1295 2313 1372 2351 IV.

446 2389 632 2446 Lectio
681 2390 935 2461 Epistolas
978 2391 1123 2446 beati
1174 2390 1327 2445 Pauli
1376 2379 1605 2460 apostoli
1645 2388 1713 2443 ad
1755 2386 2030 2442 llebraros.

524 2478 763 2544 Fratres,
798 2479 1019 2534 vidimus
1043 2480 1223 2533 Jcsum
1256 2488 1465 2549 propter
1514 2479 1807 2547 passionem
1850 2477 2034 2531 mortis

448 2571 621 2642 gloria
654 2580 702 2624 et
738 2562 935 2626 honore
973 2581 1303 2637 coronatum,
1332 2579 1389 2623 ut
1427 2570 1598 2641 gratia
1648 2569 1747 2624 Dei
1782 2585 1880 2641 pro
1924 2584 2036 2624 om-

449 2660 601 2714 nibus
629 2671 859 2731 gustaret
890 2672 1134 2716 mortem.

522 2750 621 2806 llic
647 2752 882 2808 ostendit
906 2752 1033 2822 quia
1060 2752 1229 2823 gloria
1254 2761 1310 2808 et
1333 2753 1509 2807 honor
1536 2766 1670 2807 crux
1695 2761 1779 2808 est
1806 2751 2034 2818 Christi,

450 2857 549 2912 pro
568 2858 672 2911 qua
690 2843 959 2898 modicum
987 2843 1284 2898 minoratus
1313 2852 1392 2898 est
1424 2843 1492 2897 ab
1517 2843 1740 2913 angelis,
1753 2843 1892 2899 sicut
1921 2842 2037 2914 ipse

448 2932 707 2987 Dominus
741 2948 861 2988 eam
898 2948 1114 3003 semper
1142 2941 1299 2988 vocat
1321 2934 1507 2989 dicens
1557 2947 1572 2987 :
1606 2932 1677 2989 Ut
1705 2924 2037 3003 gloriﬁcetur

447 3022 589 3078 ﬁlius
637 3022 889 3078 hominis.
932 3022 990 3079 Si
1021 3023 1109 3078 ille
1141 3038 1205 3078 ea
1234 3038 1355 3094 qua:
1400 3039 1499 3094 pro
1533 3023 1705 3078 servis
1731 3034 1925 3094 passus
1950 3031 2035 3079 est

445 3110 673 3182 gloriam
702 3120 878 3177 vocat,
903 3113 1073 3168 multo
1101 3088 1333 3184 amplius
1363 3088 1439 3178 tu,
1472 3113 1651 3177 homo,
1686 3088 1775 3183 qui
1799 3128 1899 3182 pro
1928 3114 2034 3168 Do-
2061 3088 2106 3151 (ἶ

446 3203 592 3258 mino
624 3204 845 3273 pateris,
871 3204 969 3259 tibi
997 3206 1064 3259 ad
1098 3205 1320 3275 gloriam
1353 3203 1624 3273 pertinere
1649 3204 2033 3273 sempiternam

445 3293 695 3348 dubitare
741 3308 849 3347 non
903 3293 1090 3348 debes.
1148 3293 1404 3359 Addidit,
1451 3301 1509 3345 ut
1557 3294 1732 3362 gratia
1770 3288 1889 3361 ,De’i
1937 3308 2033 3363 pro

446 3384 683 3438 omnibus
704 3372 937 3455 gustaret
968 3393 1207 3439 mortem.
1242 3384 1421 3455 Ipsum
1447 3399 1577 3439 vero
1605 3384 1838 3455 gratiam
1868 3384 2036 3438 nomi-

446 3481 542 3529 nat
568 3474 661 3543 qui
691 3480 791 3544 pro
816 3474 1057 3530 omnium
1086 3475 1262 3530 salute
1312 3475 1548 3544 gustavit
1598 3486 1829 3531 mortem
1853 3491 1867 3541 ;
1921 3490 2031 3533 non

443 3566 591 3621 enim
638 3565 934 3622 debebatur
979 3567 1134 3623 nobis
1164 3577 1223 3622 ut
1250 3566 1420 3623 Filius
1466 3583 1564 3639 pro
1607 3570 1765 3625 nobis
1793 3578 2034 3640 gustaret

446 3665 711 3723 mortem,
763 3657 861 3713 sed
899 3659 1071 3730 gratia
1125 3660 1229 3715 hoc
1275 3659 1443 3728 fecit,
1474 3664 1614 3735 ipse
1662 3664 1882 3735 quidem
1934 3678 2035 3734 pro

445 3748 699 3824 omnibus
763 3759 1011 3805 mortuus
1062 3757 1165 3805 est.
1216 3749 1357 3819 Quid
1415 3761 1597 3808 autem
1642 3754 1686 3809 si
1749 3746 1858 3809 non
1913 3769 2035 3808 om-

444 3840 546 3894 nes
593 3838 854 3905 credunt,
905 3839 993 3895 ille
1044 3848 1224 3898 tamen
1281 3844 1423 3914 quod
1469 3861 1627 3901 suum
1678 3853 1799 3902 erat
1844 3844 2035 3916 imple?-

439 3928 551 3994 vit,
587 3936 872 4000 propterea
922 3929 1075 3996 dixit,
1128 3935 1367 4005 gustavit
1401 3947 1662 4003 mortem,
1707 3937 1834 4008 quia
1882 3937 2034 3994 brevi

442 4027 685 4091 tempore
710 4020 767 4076 in
812 4022 902 4078 illa
932 4021 1056 4090 fuit,
1087 4034 1148 4079 ut
1181 4040 1247 4081 ea
1276 4024 1487 4084 devicta
1512 4027 1800 4085 confestim
1846 4044 2033 4085 resur-

441 4117 617 4181 geret.
2014 4118 2019 4123 '

512 4203 738 4260 Decebat
764 4207 902 4265 enim
921 4224 1040 4262 eum
1062 4218 1273 4280 propter
1294 4227 1446 4282 quem
1473 4213 1672 4279 omnia,
1694 4221 1741 4268 et
1764 4230 1857 4283 per
1879 4229 2031 4284 quem

444 4296 742 4367 σηπία,ᾳαὶ
762 4298 953 4351 multos
971 4298 1108 4367 ﬁlios
1124 4300 1420 4355 adduxerat
1435 4303 1489 4356 in
1506 4302 1746 4372 gloriam,
1764 4312 2031 4356 auctorem

442 4381 632 4437 salutis
651 4399 830 4438 eorum
848 4401 941 4454 per
949 4387 1242 4452 passionem
1256 4404 1636 4444 consummare.
1653 4390 1875 4444 Decebat
1892 4390 2030 4444 enim

440 4488 538 4544 per
559 4474 853 4543 passionem
875 4491 1260 4531 consummare.
1288 4477 1345 4532 ld
1364 4476 1468 4544 est,
1499 4479 1760 4549 perlicere
1785 4479 2027 4535 omnium

443 4560 697 4627 salutem,
732 4578 824 4632 per
857 4579 1010 4634 quem
1038 4565 1238 4631 omnia,
1264 4564 1320 4619 id
1367 4572 1472 4631 est,
1502 4581 1602 4636 per
1634 4566 1751 4636 ejus
1772 4567 2025 4632 mortem,

443 4655 561 4711 sive
605 4669 725 4727 qua:
760 4655 816 4710 in
863 4655 1049 4720 caelis,
1097 4656 1212 4711 sive
1255 4672 1377 4726 qua:
1427 4657 1481 4712 in
1528 4658 1689 4713 terris
1725 4667 2030 4714 restaurata

443 4755 589 4811 sunt,
647 4761 746 4816 per
793 4762 960 4817 quem
1015 4749 1181 4802 etiam
1219 4750 1403 4805 omnia
1450 4760 1636 4806 creata
1686 4759 1829 4807 sunt.
1862 4750 2024 4808 Vides

443 4843 706 4906 quantum
737 4838 896 4893 estin
918 4837 1096 4892 medio
1122 4849 1390 4906 nostrum,
1419 4848 1476 4896 et
1505 4841 1621 4911 ipse
1647 4841 1816 4897 Filius
1843 4849 1899 4897 et
1924 4856 2024 4898 nos

445 4928 562 4994 ﬁlii,
586 4928 678 4986 ille
712 4928 982 5000 pr0prius,
1016 4944 1116 4984 nos
1144 4929 1405 5000 adoptati'
1435 4948 1451 4986 :
1504 4932 1607 4988 sed
1629 4930 1717 4988 ille
1747 4932 1921 4987 salvat
1965 4943 2022 4989 et

442 5032 547 5073 nos
592 5014 897 5073 salvamur.‘
928 5018 1092 5075 Vides
1139 5022 1409 5089 quomodo
1437 5038 1536 5078 nos
1564 5032 1620 5079 et
1647 5026 1922 5095 coniungit
1967 5033 2023 5081 et

444 5109 741 5193 discernit:
770 5110 968 5166 multos
998 5111 1158 5177 ﬁlios,
1182 5112 1382 5181 inquit,
1400 5111 1656 5170 inducens
1686 5116 1740 5169 in
1768 5116 2017 5185 gloriam,

444 5199 534 5254 hic
571 5188 871 5267 conjunxit,
911 5212 1206 5269 auctorem,
1226 5198 1442 5276 (inquit,
1477 5206 1666 5261 salutis
1688 5219 1895 5269 eorum,
1930 5206 2020 5262 hic

444 5288 715 5344 discrevit.

516 5377 621 5443 Qui
647 5379 785 5432 enim
817 5381 1135 5463 sanctificat,
1174 5393 1224 5438 et
1250 5385 1339 5455 qui
1383 5386 1796 5455 sanctiﬁcantur,
1818 5401 1885 5440 ea:
1911 5402 2015 5441 uno

2134 1859 2204 1899 ne
2231 1842 2387 1913 quasi
2417 1856 2613 1896 novum
2640 1848 2942 1910 putaretur,
2976 1846 3031 1895 et
3059 1855 3167 1894 non
3206 1838 3378 1894 multo
3421 1846 3548 1893 ante
3578 1853 3747 1908 pra:-

2135 1926 2356 1989 dictum.
2406 1928 2497 1985 Ait
2542 1918 2721 1994 enim,
2773 1929 3023 1983 nuntiabo
3077 1928 3333 1998 fratribus
3379 1929 3546 1993 meis;
3606 1938 3745 1997 post

2134 2038 2346 2079 sacram
2376 2018 2685 2094 passionem
2729 2028 2785 2075 et
2829 2018 3285 2076 resurrectionem
3333 2017 3463 2073 dicit
3488 2019 3737 2089 gloriam

2134 2112 2441 2169 Diviuitatis
2502 2119 2617 2166 toto
2669 2111 2803 2166 orbe
2851 2109 3199 2181 vulgandam.
3256 2108 3530 2164 Nuntiabo
3578 2111 3743 2164 enim

2133 2205 2287 2270 dicit,
2315 2204 2367 2259 id
2394 2210 2496 2269 est,
2529 2217 2756 2258 narrare
2796 2202 2959 2266 facio,
3006 2201 3145 2256 sicut
3172 2202 3226 2255 in
3272 2200 3565 2273 Evangelio
3606 2217 3743 2256 mu-

2133 2299 2356 2354 lieribus
2385 2298 2521 2354 dixit
2567 2316 2580 2352 :
2624 2296 2724 2363 Ite,
2758 2296 2994 2350 nuntiate
3041 2296 3295 2365 fratribus
3326 2298 3490 2362 meis;
3522 2296 3743 2352 fratres

2134 2396 2315 2442 autem
2372 2386 2625 2443 dicuntur
2677 2392 2734 2440 et
2781 2383 2875 2454 qui
2921 2383 3151 2456 diligunt
3187 2391 3242 2439 et
3279 2384 3371 2454 qui
3402 2383 3740 2456 diliguntur.

2132 2477 2352 2533 Addidit
2388 2495 2402 2531 :

2190 2554 2271 2624 ‘In
2290 2569 2458 2624 medio
2486 2568 2739 2624 Ecclesiae
2768 2567 2997 2639 laudabo
3023 2578 3089 2623 te.
3118 2568 3174 2623 In
3203 2569 3380 2625 medio
3406 2577 3742 2625 sanctorum

2072 2684 2077 2689 ·
2133 2661 2252 2716 laus
2276 2660 2491 2715 Domini
2521 2668 2741 2716 resonat
2773 2674 3019 2730 pereum
3048 2660 3142 2729 qui
3176 2660 3290 2714 ait:
3321 2658 3590 2730 Conﬁteor
3613 2662 3744 2725 tibi,

2135 2749 2316 2816 Pater,
2345 2749 2567 2804 Domine
2597 2748 2713 2803 caeli
2736 2758 2784 2802 et
2810 2758 2983 2815 teme,
3029 2750 3153 2820 quia
3188 2749 3505 2804 abscondisti
3532 2750 3663 2804 Iure
3712 2770 3746 2804 a

2133 2840 2453 2912 sapientibus
2478 2850 2527 2895 et
2553 2839 2795 2896 revelain
2816 2856 2878 2894 ea
2904 2839 3160 2911 paruulis.
3178 2840 3324 2897 Laus
3357 2839 3571 2911 Domini
3591 2855 3745 2897 vera

2135 2948 2242 2987 non
2281 2931 2454 2987 solum
2485 2947 2583 2987 ore
2613 2931 2709 3003 sed
2754 2931 2919 2986 etiam
2941 2931 3128 2997 corde,
3174 2932 3408 2988 amantis
3451 2941 3505 2987 et
3550 2934 3744 3003 perti-

2137 3022 2331 3077 cientis
2359 3029 2630 3091 praecepta
2658 3020 2871 3075 Domini
2922 3030 3201 3076 narratur.
3229 3020 3297 3075 Et
3333 3021 3526 3076 iterum
3557 3038 3572 3074 :
3612 3022 3747 3093 Ego

2137 3128 2225 3166 ero
2254 3104 2422 3180 '[idens
2466 3112 2521 3165 in
2550 3127 2688 3166 eum.
2721 3108 2799 3167 De
2842 3120 3093 3182 suscepto
3130 3111 3346 3168 homine
3376 3113 3475 3168 hoc
3515 3113 3744 3169 dictum

2135 3212 2238 3269 est,
2276 3202 2431 3271 cujus
2477 3203 2803 3259 conlidentia
2843 3212 2955 3260 tota
3004 3206 3057 3260 in
3090 3206 3200 3261 Deo
3250 3205 3412 3261 Patre
3439 3221 3559 3262 esse
3616 3224 3744 3263 non

2136 3294 2357 3349 dubium
2396 3301 2508 3360 est;
2542 3294 2683 3350 sicut
2729 3295 2783 3349 in
2811 3294 3105 3366 Evangelio
3136 3297 3251 3366 ipse
3293 3297 3369 3351 ait
3397 3312 3493 3368 pro
3521 3299 3744 3368 quibus

2135 3385 2540 3455 s’upplicabatur
2590 3386 2778 3441 dicens
2832 3404 2846 3440 :
2909 3383 3075 3451 Volo,
3125 3384 3287 3441 Pater
3310 3426 3326 3452 ,
3378 3398 3435 3441 ut
3483 3388 3574 3441 ubi
3636 3406 3744 3459 ego

2134 3492 2272 3539 sum,
2303 3486 2350 3530 et
2382 3477 2473 3531 isti
2496 3477 2601 3531 sint
2626 3492 2851 3532 mecum.
2882 3477 3029 3544 Quos
3056 3477 3220 3532 etiam
3252 3485 3311 3531 ut
3336 3475 3741 3534 conﬁdentiam

2134 3567 2399 3624 haberent
2438 3568 2833 3624 exhortabatur
2876 3568 3106 3624 dicendo
3134 3586 3148 3623 :
3180 3567 3459 3639 Conﬁdite,
3494 3585 3589 3639 ego
3623 3572 3744 3625 vici

2134 3661 2408 3714 nmndum.
2437 3660 2504 3714 Et
2527 3661 2725 3715 iterum
2755 3677 2768 3714 :
3199 3693 3205 3699 ρ
3430 3692 3435 3699 .
3548 3684 3557 3703 τ

2207 3751 2344 3807 Ecce
2362 3768 2454 3823 ego
2491 3760 2540 3807 et
2571 3752 2721 3823 pueri
2740 3767 2871 3823 quos
2911 3750 3040 3805 mihi
3065 3751 3206 3806 dedit
3239 3749 3398 3806 Deus.
3429 3749 3543 3806 Hoc
3571 3753 3744 3807 testi.

2135 3846 2376 3901 monium
2405 3847 2470 3900 de
2499 3846 2628 3901 Isaia
2656 3845 2883 3915 protulit
2909 3844 3200 3915 Apostolus
3222 3844 3289 3898 ad
3328 3841 3632 3907 Christum,
3679 3852 3741 3899 et

2135 3938 2202 3992 ad
2252 3937 2525 4008 apostolos
2568 3936 2813 3994 referens
2841 3978 2856 4004 ,
2894 3953 3031 4008 quos
3077 3945 3304 4007 propter
3353 3936 3740 3991 innocentiam

2132 4043 2329 4099 pueros
2381 4028 2694 4082 norninavit.
2746 4029 2824 4083 De
2872 4029 3070 4098 quibus
3123 4027 3237 4097 ipse
3282 4026 3540 4081 Dominus
3591 4024 3738 4080 ait:

2134 4120 2304 4176 Sinite
2330 4118 2572 4190 parvulos
2602 4120 2773 4174 venire
2801 4119 2870 4173 ad
2897 4135 2998 4185 me,
3030 4117 3214 4173 talium
3237 4125 3312 4172 est
3334 4118 3471 4172 enim
3500 4131 3739 4188 regnum

2132 4209 2398 4265 coriorum.
2986 4214 2991 4217 ’
3264 4202 3267 4203 ⁷

2204 4303 2343 4369 Quia
2381 4321 2501 4376 ergo
2551 4304 2701 4375 pueri
2757 4303 3269 4358 communicauerunt
3319 4301 3467 4356 carni
3507 4309 3559 4355 et
3591 4317 3737 4358 san-

2133 4393 2298 4465 guini,
2328 4403 2375 4448 et
2404 4395 2511 4465 ipse
2538 4394 2780 4448 similiter
2800 4395 3131 4465 participavit
3158 4393 3360 4448 iisdem.
3390 4391 3489 4447 Hic
3515 4396 3735 4450 astruit

2132 4482 2523 4539 fraternitatem
2551 4500 2735 4541 veram
2764 4495 2820 4539 et
2852 4485 3241 4539 humanitatem
3269 4484 3322 4538 in
3348 4482 3565 4538 Christo
3604 4499 3733 4540 non

2131 4572 2359 4629 ﬁctam:
2390 4575 2534 4631 sicut
2577 4575 2726 4646 pueri
2756 4589 2921 4629 carne
2960 4581 3016 4629 et
3057 4574 3318 4644 sanguine
3359 4581 3629 4637 constant,
3666 4583 3734 4631 et

2130 4664 2221 4720 ille
2247 4664 2593 4735 participavit
2620 4664 2770 4719 carni
2800 4672 2855 4719 et
2893 4663 3162 4732 sanguini,
3195 4669 3256 4717 ut
3305 4662 3530 4717 haberet
3571 4662 3729 4720 unde

2126 4761 2371 4825 gustaret
2409 4763 2635 4809 mortem
2661 4769 2760 4823 pro
2783 4769 3071 4823 puerorum
3101 4753 3294 4819 salute,
3325 4752 3485 4822 cujus
3498 4754 3729 4825 dispen-

2117 4844 2355 4899 sationis
2383 4841 2587 4897 affatim
2608 4857 2830 4897 causam
2855 4840 3185 4912 subjungens
3214 4860 3228 4896 :

2116 4952 2131 4959 υ
2203 4932 2273 4987 Ut
2294 4950 2387 5004 per
2415 4942 2655 4998 mortem,
2680 4933 2877 5003 inquit,
2904 4933 3191 4987 destrueret
3216 4948 3337 4999 eum
3365 4933 3457 5004 qui
3488 4932 3721 4987 habebat

2128 5024 2314 5080 mortis
2357 5023 2652 5090 imperium.
2684 5021 2799 5077 Hoc
2832 5030 2918 5077 est
2944 5021 3237 5077 diabolum.
3265 5020 3364 5076 llic
3388 5021 3717 5081 admirabile

2124 5114 2381 5187 quiddam
2403 5107 2767 5177 demonstrat,
2811 5113 2938 5183 quia
2965 5128 3067 5183 per
3083 5113 3226 5182 quod
3253 5118 3574 5181 potestatem
3608 5112 3716 5167 ha-

2122 5204 2244 5261 buit
2291 5201 2560 5264 diabolus,
2608 5216 2707 5271 per
2747 5202 2850 5257 hoc
2887 5202 3062 5257 victus
3088 5209 3172 5257 est
3200 5215 3217 5256 :
3246 5215 3395 5255 arma
3425 5215 3547 5269 qua:
3594 5198 3715 5253 fuc-

2132 5300 2252 5348 raut
2270 5291 2346 5346 illi
2373 5292 2531 5346 fortia
2559 5291 2843 5346 adversum
2866 5292 3145 5357 mundum,
3174 5292 3278 5346 hoc
3304 5298 3389 5345 est
3417 5304 3584 5355 mors,
3606 5304 3714 5360 per

2117 5399 2241 5441 eam
2282 5382 2435 5437 illum
2483 5383 2733 5439 Christus
2784 5384 3081 5452 percussit;
3143 5382 3231 5437 hic
3277 5381 3710 5453 iimgnitudinem

444 5484 640 5524 omnes.
668 5470 810 5525 Ecce
840 5472 1035 5527 iterum
1073 5478 1342 5545 quomodo
1364 5475 1638 5546 conjungit
1664 5470 1936 5533 honorans
1963 5486 2018 5532 et
2114 5473 2337 5531 virtutis
2362 5473 2481 5545 ejus
2506 5475 2598 5545 qui
2624 5476 2751 5530 vicit
2785 5474 3046 5541 insinuat,
3080 5474 3413 5530 ostendendo
3439 5481 3709 5543 quantum

444 5546 747 5623 consolans,
777 5569 832 5615 et
859 5558 1059 5617 Christi
1105 5562 1301 5635 fratres
1341 5581 1436 5622 eos
1482 5560 1786 5633 nominans,
1818 5582 2015 5623 secun-

444 5642 572 5698 dum
613 5649 761 5719 quod
802 5662 870 5711 cx
919 5667 1027 5708 uno
1053 5656 1148 5708 ens
1187 5669 1307 5709 esse
1346 5655 1493 5710 dicit.
1523 5656 1726 5713 Deinde
1772 5658 2019 5713 muniens

2119 5567 2324 5622 bonum
2361 5574 2678 5633 operaretur
2723 5580 2888 5620 mors.

2196 5657 2268 5715 Et
2293 5658 2555 5723 liberaret,
2598 5659 2791 5728 inquit,
2833 5675 2920 5713 eos
2961 5661 3051 5730 qui
3075 5661 3257 5714 timore
3284 5658 3468 5713 mortis
3499 5673 3595 5728 per
3619 5666 3733 5737 ωε,
