3974 6364
278 387 385 449 2M

1332 386 1636 445 iiOillLl£
1675 387 1742 444 ΙΝ
1782 386 2030 444 EVANG.
2076 388 2161 444 ET
2201 387 2419 446 EPIST.

3440 391 3577 449 9η

248 520 259 525 “
289 518 406 563 tam
461 503 617 561 vitam
674 501 884 558 obnoxii
926 508 1074 555 erant
1121 499 1586 578 scrvituti._Quare
1620 501 1871 571 tremitis,
1900 505 1951 566 Α
1977 502 2253 558 stras-non
2290 502 2464 558 solum
2489 502 2632 561 sicut
2663 504 2825 572 Deus,
2852 502 3130 560 sedetiam
3153 503 3295 560 sicut
3311 503 3578 567 homoiu:

286 607 465 665 quare
509 592 711 648 timetis
738 607 856 648 eam
903 589 1157 661 qumjam
1208 591 1564 646 condemnata
1602 601 1715 659 est;
1758 589 1875 660 jam

288 684 553 741 terribilis
582 698 686 738 non
711 689 814 747 est,
841 682 938 738 sed
982 681 1254 752 optabilis,
1300 682 1453 752 quasi
1483 682 1723 738 laborum
1750 685 1875 742 linis

286 787 347 834 et
372 777 581 849 requiei
613 776 846 831 initium.
870 775 996 839 Cur,
1028 774 1137 841 ait,
1163 776 1349 830 timore
1389 777 1571 830 mortis
1598 791 1690 847 per
1710 785 1875 831 totam

288 869 454 927 vitam
494 867 705 923 obnoxii
727 876 873 922 erant
899 867 1178 922 servituti?
1202 867 1355 922 Servi
1384 868 1650 938 siquidem
1684 868 1875 924 mortis

285 974 481 1027 anllcs
505 957 722 1012 fuerant
740 957 868 1029 quia
898 967 1127 1012 mortem
1158 957 1687 1024 timebant,necdum
1716 966 1877 1014 erant

284 1050 452 1107 soluti
491 1064 524 1104 a
569 1050 763 1104 timore
809 1049 1024 1111 mortis,
1076 1050 1230 1120 cujus
1273 1049 1480 1121 legibus
1532 1050 1869 1106 tenebantur.

284 1140 447 1199 Nunc
476 1140 658 1210 itaque
683 1140 859 1196 sancti
885 1140 1133 1196 derident
1164 1156 1309 1206 eam,
1333 1142 1448 1212 qui,
1482 1155 1651 1213 agone
1691 1152 1871 1197 trans-

285 1242 415 1290 acto
459 1242 516 1289 et
544 1241 716 1288 morte
762 1231 993 1301 devicta,
1024 1235 1092 1289 ad
1140 1250 1361 1305 regnum
1398 1235 1675 1290 transituri
1726 1230 1868 1291 sunt.

268 1318 449 1380 ‘Uude
473 1331 529 1381 et
563 1322 678 1394 ipse
720 1323 922 1380 Paulus
946 1324 1023 1379 ait
1052 1342 1066 1378 :
1101 1323 1266 1397 Cupio
1290 1324 1504 1380 dissolvi
1532 1335 1581 1380 et
1619 1341 1731 1382 esse
1753 1343 1872 1381 cum

261 1398 270 1407 ’
284 1413 521 1471 Christo.

261 1578 267 1581 _
361 1507 641 1580 Nusquam
675 1507 815 1563 enim
852 1505 1065 1579 angelos
1113 1509 1494 1579 apprehendit,
1552 1509 1644 1565 sed
1696 1527 1872 1567 semen

280 1598 516 1653 Abraluc
536 1598 894 1669 apprehendit.
926 1596 1076 1654 Unde
1094 1598 1269 1653 debuit
1289 1616 1383 1669 per
1415 1601 1589 1655 omnia
1619 1600 1871 1671 fratribus

281 1688 537 1743 similari.
583 1687 828 1744 Honorat
870 1689 961 1744 hic
1004 1688 1369 1759 patriarcham
1415 1706 1618 1762 eosque
1669 1692 1761 1763 qui
1804 1692 1871 1749 de

283 1777 409 1848 ejus
450 1785 578 1833 sunt
601 1792 821 1848 genere,
852 1778 923 1833 ad
953 1794 1089 1849 quos
1120 1779 1235 1833 htec
1266 1778 1503 1849 Epistola
1533 1781 1734 1852 scripta
1763 1788 1866 1837 est.

283 1867 690 1925 Commemorat
713 1884 843 1941 ergo
869 1869 936 1925 de
971 1868 1248 1926 beneﬁciis
1294 1870 1413 1937 Dei,
1440 1880 1496 1926 et
1532 1870 1600 1927 de
1650 1871 1866 1943 propin-

283 1960 497 2033 quitate
524 1959 729 2016 carnali
759 1961 828 2015 ad
869 1959 1163 2026 Christum,
1191 1969 1247 2016 et
1276 1961 1343 2016 de
1366 1961 1728 2033 promissione
1755 1977 1875 2033 quae

283 2052 436 2108 dicta
461 2062 546 2108 est
569 2052 634 2107 ad
657 2052 930 2108 Abraham
959 2070 973 2107 :
1004 2050 1117 2107 Tibi
1145 2064 1193 2108 et
1231 2054 1419 2108 semini
1449 2063 1540 2108 tuo
1581 2053 1717 2108 dabo
1764 2062 1874 2109 ter-

288 2163 408 2200 ram
436 2146 593 2199 hanc.
645 2144 784 2210 Quia
833 2161 898 2199 ea:
931 2161 1037 2199 uno
1090 2161 1287 2200 omnes.
1334 2145 1392 2201 id
1424 2153 1530 2206 est,
1577 2144 1646 2200 ab
1694 2142 1874 2202 Abra-

287 2238 418 2291 ham
470 2234 722 2291 Christus
773 2235 1072 2292 secundum
1121 2250 1339 2291 carnem
1390 2243 1447 2290 et
1489 2235 1563 2290 illi
1614 2237 1681 2291 ad
1737 2250 1875 2306 quos

284 2327 406 2381 lucc
434 2325 770 2395 loquebatur.
800 2325 953 2393 Quod
982 2341 1111 2382 vero
1146 2327 1397 2395 superius
1424 2327 1528 2382 ait:
1550 2325 1692 2392 Quia
1723 2326 1876 2398 pueri

284 2418 801 2471 communicaverunt
831 2417 978 2470 carni
1006 2426 1053 2471 et
1100 2418 1365 2488 sanguini,
1401 2426 1452 2472 et
1498 2419 1608 2488 ipse
1634 2418 1877 2473 similiter

283 2506 617 2576 partiripavit
671 2507 876 2561 iisdem.
937 2506 1263 2577 Exsequitur
1309 2508 1539 2578 amplius
1569 2509 1714 2567 hunc
1752 2524 1876 2565 sen-

287 2613 438 2661 sum,
466 2597 610 2653 unde
632 2597 983 2668 participaret
1011 2613 1230 2653 carnem
1275 2607 1332 2654 et
1375 2600 1715 2670 sanguinem.
1745 2599 1872 2656 ideo

287 2690 394 2752 ait,
424 2707 528 2743 non
567 2690 704 2744 enim
748 2704 1059 2760 quemquam
1085 2693 1389 2761 angelorum
1429 2690 1791 2761 apprehendit,
1821 2690 1876 2747 id

268 2790 398 2845 ‘est,
412 2797 518 2836 non
538 2780 825 2852 cujuslibet
849 2781 1025 2852 angeli
1048 2790 1297 2836 naturam
1312 2782 1569 2852 suscepit,
1585 2783 1678 2839 sed
1690 2796 1874 2841 semen

289 2871 527 2925 Ahrahm
552 2871 921 2941 apprehendit.
952 2870 1069 2925 Non
1106 2872 1250 2927 enim
1279 2872 1481 2943 angelis
1509 2888 1614 2928 una
1640 2870 1877 2946 dignitas

288 2960 492 3016 donata
520 2972 633 3027 est,
674 2971 732 3016 ut
760 2963 813 3016 in
837 2978 1001 3017 unam
1040 2978 1330 3034 personam
1367 2963 1462 3019 Dei
1491 2963 1663 3021 Filius
1686 2980 1877 3023 eorum

287 3063 501 3109 naturte
541 3054 977 3126 conjungeretur,
1007 3054 1104 3109 sed
1132 3054 1392 3110 honorem
1419 3062 1477 3110 et
1518 3055 1661 3111 hanc
1704 3055 1905 3127 digni-_

287 3152 461 3199 tatem
488 3144 735 3199 humanm
762 3152 969 3199 natura:
997 3139 1137 3199 Deus
1163 3144 1258 3199 Dei
1287 3143 1457 3200 Filius
1477 3144 1790 3209 contribuit,
1815 3153 1877 3200 ut

285 3234 437 3289 Deus
462 3243 516 3289 et
540 3234 705 3297 homo
725 3249 831 3293 una
858 3241 1003 3289 esset
1037 3249 1290 3302 persona.
1320 3234 1500 3307 Quare
1526 3235 1663 3292 dixit
1689 3251 1876 3307 appre-
1902 3208 1961 3275 α

282 3326 510 3382 hcndil?
538 3327 666 3397 quia
696 3340 795 3381 nos
820 3327 974 3395 quasi
1000 3326 1314 3382 recedentes
1343 3328 1412 3382 ab
1437 3341 1502 3382 eo
1527 3334 1583 3383 et
1607 3327 1766 3399 longe
1792 3327 1878 3384 fu-

283 3418 501 3487 gientes
518 3416 797 3473 insecutus
819 3416 1193 3489 apprehendit,
1222 3424 1277 3473 et
1302 3417 1356 3472 in
1388 3432 1552 3472 unam
1587 3433 1874 3489 personam

282 3514 492 3562 nostra:
510 3506 832 3577 fragilitatis
859 3515 1103 3562 naturam
1131 3507 1234 3562 sibi
1262 3509 1704 3579 contemperavit.
1728 3508 1877 3566 Unde

248 3611 257 3618 ‘
281 3597 491 3662 debuit,
519 3597 712 3668 inquit,
733 3615 826 3669 per
845 3600 1021 3652 omnia
1051 3597 1305 3669 fratribus
1329 3600 1576 3656 similari.
1608 3601 1746 3670 Quid
1768 3611 1873 3671 est,

1972 594 2153 664 seipse
2199 608 2296 665 per
2339 595 2769 665 experimentum
2816 594 3101 667 cognovit;
3155 594 3281 650 licet
3325 595 3470 650 Deus
3497 594 3552 659 in

1973 698 2071 741 sua
2092 692 2281 740 natura
2304 685 2378 740 sit
2407 685 2772 756 impassibilis,
2789 686 3046 742 tamenin
3071 694 3255 741 nostra
3284 700 3565 759 quantas-7

1958 766 2222 844 sumpsit,
2237 773 2379 830 idem
2398 775 2494 831 Dei
2516 774 2688 832 Filius
2715 776 2988 847 passibilis
3008 776 3111 831 fuit
3134 784 3334 832 nostra:
3346 784 3571 831 natura:-

1972 867 2286 922 consimilis.
2327 867 2383 922 in
2412 881 2477 923 ea
2498 881 2629 923 vero
2675 883 2844 925 carne
2891 883 3055 939 quam
3097 867 3339 938 suscepit
3382 866 3555 935 multa

1972 971 2114 1012 saeva
2141 972 2334 1028 passus
2364 967 2471 1026 est,
2498 958 2651 1015 novit
2672 960 2802 1029 quid
2825 969 2912 1016 est
2939 959 3167 1016 tentatio
3186 958 3511 1028 patientium
3537 974 3554 1012 :

1972 1049 2089 1118 ipse
2109 1056 2345 1106 tentatus
2359 1058 2444 1107 est
2465 1052 2558 1108 sed
2573 1068 2679 1108 non
2694 1060 2998 1122 superatus.
3015 1051 3154 1120 Quid
3168 1059 3253 1106 est
3262 1065 3397 1122 ergo
3413 1048 3559 1120 quod

1972 1139 2132 1207 dicit,
2155 1149 2320 1211 potest
2357 1157 2445 1196 eos
2470 1144 2561 1212 qui
2587 1151 2856 1197 tentantur
2882 1143 3176 1213 adjuvare?
3202 1141 3485 1215 Tanquam
3510 1137 3575 1196 si.

1956 1231 2095 1311 {quis
2119 1232 2359 1288 diceret:
2392 1233 2526 1291 Cum
2557 1235 2725 1291 multa
2771 1235 3052 1292 alacritate
3082 1233 3405 1307 protendam
3443 1246 3559 1290 ma-

1972 1338 2104 1379 num
2130 1324 2198 1379 ad
2227 1327 2683 1397 compatiendum.

1957 1448 1965 1455 ~
2047 1412 2216 1481 Unde,
2248 1413 2439 1485 fratres
2464 1417 2653 1484 sancti,
2677 1417 2967 1473 vocationis
2998 1415 3218 1485 cwlestis
3254 1416 3557 1488 participes,

1971 1504 2297 1560 considerate
2317 1505 2612 1576 apostolum
2639 1515 2690 1562 et
2731 1508 3027 1577 pontiﬁcem
3074 1506 3419 1576 confessionis
3463 1519 3561 1559 no—

1969 1603 2095 1650 stra:
2140 1592 2322 1649 Iesum
2388 1594 2654 1651 Christum
2708 1596 2993 1652 Dominum
3054 1607 3312 1653 nostrum.
3366 1593 3561 1650 Adhuc

1970 1685 2137 1741 etiam
2177 1686 2246 1742 de
2295 1687 2684 1743 incarnationis
2727 1686 2933 1743 Christi
2986 1687 3227 1757 loquitur
3277 1683 3556 1757 mysterio.

1971 1791 2101 1832 nam
2143 1776 2198 1831 in
2226 1776 2516 1850 Evangelio
2541 1778 2658 1850 ipse
2682 1785 2914 1833 testatur
2952 1791 3014 1834 se
3040 1778 3266 1833 missum
3295 1790 3402 1831 non
3435 1786 3561 1831 esse

1898 1861 1947 1923 B
1973 1870 2077 1926 nisi
2103 1870 2172 1925 ad
2197 1884 2328 1927 oves
2347 1861 2615 1942 perditas,
2637 1873 2742 1929 hoc
2765 1878 2867 1939 est,
2891 1871 3086 1927 domus
3113 1869 3297 1927 lsrael.
3326 1869 3558 1938 Aposto-

1972 1959 2059 2015 lus
2099 1960 2261 2032 igitur
2282 1960 2491 2029 Graece,
2523 1962 2717 2018 Latine
2742 1963 2943 2019 missus
2971 1963 3188 2018 dicitur.
3237 1959 3560 2034 Cognoscitc

1954 2052 2104 2122 quid
2155 2060 2240 2108 est
2284 2050 2444 2109 Jesus
2490 2055 2746 2111 sacerdos
2775 2064 2831 2111 et
2873 2056 3085 2126 qualis,
3110 2062 3167 2110 et
3207 2069 3314 2109 non
3347 2052 3560 2108 habetis

1973 2156 2111 2212 opus
2130 2143 2500 2199 consolatione
2526 2145 2630 2199 alia
2657 2160 2832 2216 neque
2853 2146 3067 2208 solatio.
3080 2146 3395 2208 Pontiﬁeem
3412 2143 3559 2199 enim

1974 2247 2098 2289 eum
2125 2235 2663 2293 dixitconfessionis
2703 2246 2947 2305 nostrae,
2971 2238 3026 2293 id
3053 2246 3140 2293 est
3186 2236 3311 2292 ﬁdei
3337 2242 3556 2297 nostrae,

1974 2327 2059 2382 cui
2089 2328 2189 2382 iste
2213 2328 2442 2399 populus
2468 2343 2640 2383 novus
2656 2330 2990 2385 commissus
3009 2337 3112 2393 est,
3137 2329 3280 2384 sicut
3308 2334 3363 2381 et
3387 2325 3559 2396 Moysi

1956 2418 2125 2488 prior
2150 2418 2381 2488 populus
2409 2418 2465 2473 in
2498 2420 2736 2488 regimen
2763 2420 2922 2475 datus
2941 2419 3162 2473 estzsed
3193 2417 3319 2472 huic
3348 2415 3558 2485 utajora

1936 2540 1959 2551 ο-
1974 2518 2030 2564 et
2060 2509 2224 2579 longe
2243 2508 2468 2564 meliora
2508 2509 2797 2569 commissa
2845 2516 2990 2564 sunt.
3023 2508 3153 2565 Vult
3197 2507 3344 2562 enim
3365 2505 3559 2563 beatus

1973 2600 2173 2657 Paulus
2207 2599 2417 2671 erigere
2443 2600 2653 2655 animos
2680 2599 3048 2657 lsraelitarum
3082 2596 3151 2653 ad
3172 2593 3557 2665 excellentiam

1954 2690 2392 2762 promissionum
2433 2690 2569 2755 Dei,
2624 2698 2683 2744 ut
2735 2689 2943 2749 intente
2993 2695 3186 2760 parent
3226 2683 3559 2754 seaeciperu

1957 2785 2118 2855 quod
2150 2784 2294 2839 Deus
2316 2783 2551 2854 benigne
2576 2782 2684 2838 illis
2709 2783 2962 2852 promisit
3003 2781 3198 2838 ati'erre
3226 2795 3326 2851 per
3373 2776 3558 2834 Iesum

1956 2876 2250 2933 Christum
2278 2868 2566 2931 Dominum
2595 2887 2863 2941 nostrum,
2891 2874 2984 2946 qui
3014 2890 3136 2931 eum
3163 2873 3325 2937 Patre
3346 2880 3406 2927 et
3433 2869 3555 2941 Spi-

1976 2967 2084 3021 ritu
2112 2975 2303 3022 saneto
2330 2967 2464 3023 vivit
2499 2974 2556 3022 et
2583 2974 2773 3037 regnat
2819 2963 2963 3023 D'eus
3010 2979 3108 3038 per
3132 2965 3317 3025 omnia
3342 2959 3561 3036 sarcula

1977 3058 2317 3116 saeculorum.
2348 3058 2539 3115 Amen.

2563 3148 2844 3207 HOMILI’A
2881 3148 2969 3205 LL

2499 3258 2551 3297 tu
2605 3257 2782 3297 eovsu
2834 3254 3019 3305 nasse.
3116 3290 3123 3293 Α

2084 3330 2273 3388 Lectio
2299 3331 2472 3388 sancti
2509 3331 2783 3400 Evangelii
2830 3330 3127 3386 secundum
3170 3326 3455 3385 Joannem.

2067 3420 2137 3476 In
2182 3421 2276 3477 illo
2318 3431 2546 3493 tempore
2588 3422 2722 3476 dixit
2772 3420 2931 3477 Iesus
2982 3419 3255 3491 discipulis
3304 3420 3416 3474 suis
3445 3434 3467 3475 :
3500 3418 3563 3475 Si

1979 3514 2278 3569 manseritis
2308 3514 2364 3568 in
2396 3529 2480 3568 me
2520 3524 2570 3568 et
2602 3513 2753 3568 verba
2798 3529 2915 3570 utea
2950 3515 3006 3570 in
3043 3513 3187 3569 vobis
3236 3511 3562 3576 manserint;

1946 3603 2325 3676 quodcunque
2352 3604 2621 3659 volueritis
2648 3606 2852 3675 petetis,
2893 3614 2941 3660 et
2977 3606 3066 3675 fiet
3106 3604 3265 3660 vobis.
3332 3636 3335 3641 ι
3422 3651 3428 3658 .

248 3686 575 3740 secundum
613 3688 830 3742 omnia?
862 3686 1031 3743 Natus
1060 3695 1166 3754 est,
1217 3689 1413 3758 inquit,
1460 3690 1723 3748 educatus
1758 3709 1877 3750 cre-
1952 3720 1961 3733 ο

2050 3692 2315 3749 Manendo
2364 3694 2562 3765 quippe
2603 3695 2659 3750 in
2714 3694 2933 3750 Christo
2961 3694 3090 3766 quid
3132 3693 3561 3763 velle/possunt,

283 3776 391 3841 vit,
420 3791 614 3846 passus
648 3785 733 3837 est
765 3779 946 3834 omnia
968 3794 1091 3849 qua:
1118 3781 1376 3850 oportuit,
1410 3782 1466 3836 in
1493 3782 1604 3837 line
1633 3792 1877 3841 mortuus
1978 3784 2081 3840 nisi
2111 3785 2256 3855 quod
2283 3786 2539 3841 convenit
2574 3785 2811 3843 Christo.
2836 3785 3148 3853 Quidvelle
3190 3774 3418 3857 possunt
3446 3799 3565 3839 ma-

282 3877 423 3924 est:
463 3869 566 3926 hoc
615 3879 701 3926 est
745 3871 1043 3927 secundum
1087 3872 1273 3927 omnia
1322 3872 1584 3931 fratribus
1628 3876 1875 3933 similari.
1978 3873 2157 3929 uendo
2186 3875 2241 3930 in
2266 3873 2569 3940 Salvatore,
2596 3875 2699 3930 nisi
2726 3877 2867 3944 quod
2898 3874 3137 3930 alienum
3171 3883 3388 3929 nonest
3414 3886 3568 3928 asa-

238 3980 247 3983 -
281 3962 559 4028 Quoniam
607 3963 773 4018 multa
794 3964 992 4033 quippe
1027 3963 1163 4019 dixit
1195 3965 1265 4021 de
1295 3966 1581 4037 majestate
1628 3969 1798 4040 ipsius
1822 3979 1881 4027 et
1979 3964 2127 4019 lute?
2156 3963 2267 4020 Nec
2305 3966 2452 4020 enim
2485 3974 2674 4035 petere
2703 3965 2912 4031 volunt,
2943 3965 3049 4021 nisi
3079 3965 3222 4035 quod
3252 3964 3472 4035 expedit
3497 3965 3566 4018 ad

246 4060 255 4065 ’
282 4054 571 4123 superiore
590 4053 782 4125 gloria,
802 4053 917 4123 jam
946 4055 1011 4111 de
1037 4055 1442 4125 dispensatione
1466 4067 1648 4114 movet
1670 4075 1877 4117 sermo-
1948 4082 1955 4086 ι
1979 4055 2234 4110 salutem.
2284 4054 2564 4111 Manentes
2592 4064 2771 4110 autem
2801 4056 2854 4110 in
2885 4068 2954 4110 eo
2990 4071 3115 4110 cum
3145 4058 3315 4111 verba
3343 4053 3462 4123 ejus
3510 4055 3566 4110 in

248 4157 437 4208 *nem,
477 4152 539 4198 ut
581 4145 1012 4215 contemplemur
1039 4162 1162 4202 cum
1200 4156 1403 4217 quanta
1437 4148 1701 4217 sapientia
1726 4150 1877 4206 illum
1946 4145 2136 4201 -nobis
2164 4153 2410 4211 manent,
2438 4145 2799 4216 quodcunque
2835 4143 3187 4213 voluerimus,
3228 4152 3481 4215 petamus
3506 4152 3567 4198 et

279 4233 528 4288 ostendit
552 4234 781 4290 multum
813 4235 1052 4291 studium
1076 4237 1368 4293 habentem
1390 4245 1450 4292 ut
1478 4238 1634 4295 nobis
1669 4239 1878 4295 simila-
1950 4276 1955 4281 ι
1980 4235 2075 4291 tiet
2109 4235 2286 4291 nobis.
2326 4235 2464 4303 Quia
2488 4235 2534 4290 si
2562 4235 2796 4306 petimus
2823 4244 3010 4291 etnon
3041 4233 3156 4302 fiet,
3186 4249 3315 4293 non-
3341 4237 3446 4292 hoc
3470 4249 3566 4306 pe-

281 4333 464 4391 rctur,
488 4326 632 4397 quod
662 4326 762 4381 fuit
791 4341 980 4383 curam
1011 4328 1076 4384 de
1104 4329 1261 4385 nobis
1284 4315 1590 4399 plurimam
1619 4330 1876 4402 gerentis.
1950 4364 1957 4369 -
1981 4325 2146 4381 timus
2184 4326 2329 4395 quod
2356 4326 2426 4381 ad
2454 4324 2585 4380 illud
2616 4324 2853 4395 pertinet
2881 4320 2952 4380 ἰιι
2982 4332 3204 4380 maneat
3246 4324 3301 4380 in
3335 4338 3435 4391 eo,
3460 4338 3567 4381 nec

280 4415 490 4471 Dieeus
510 4416 652 4472 enim
680 4418 969 4486 superius:
1003 4417 1144 4485 Quia
1178 4419 1328 4489 pueri
1367 4420 1879 4477 communicaverunt
1978 4417 2123 4486 quod
2162 4415 2394 4473 suadent
2416 4418 2583 4473 verba
2616 4415 2733 4486 ejus
2756 4433 2877 4489 qua:
2904 4417 2960 4473 in
3006 4416 3163 4474 nobis
3202 4424 3443 4484 manent,
3470 4416 3585 4475 sed,

281 4507 439 4562 carni
472 4515 521 4561 et
570 4508 837 4578 sanguini,
875 4517 923 4563 et
969 4508 1077 4578 ipse
1123 4509 1369 4564 similiter
1400 4511 1747 4582 participatus
1801 4522 1877 4568 est
1905 4559 1955 4620 Β
1980 4508 2124 4577 quod
2152 4507 2317 4563 habet
2363 4508 2632 4580 cupiditas
2656 4515 2715 4564 et
2760 4507 3048 4566 inﬁrmitas
3084 4507 3267 4564 carnis
3291 4520 3414 4578 qua:
3456 4520 3566 4562 non

281 4597 507 4620 ,μέμυ
546 4605 591 4620 _.
626 4597 714 4620 ιε,
770 4598 897 4620 ,ιω
943 4600 1231 4620 _“___,.-___
1289 4600 1459 4620 --μμ
1985 4606 2062 4620 __.
2110 4598 2160 4620 ευ
2201 4614 2256 4620 Α,
2318 4607 2365 4620 ,.
2412 4598 2463 4620 ε*
2517 4614 2613 4620 ,,,,
2667 4614 2770 4620 _-_
2800 4607 3018 4620 Nu“.
3052 4599 3211 4620 ,-,,ι,
3252 4598 3361 4620 Δρ---
3415 4596 3566 4620 ...μηΔ

242 4613 253 4618 -
279 4597 507 4661 iisdem;
541 4605 597 4651 et
626 4597 717 4651 hic
765 4598 902 4653 dixit
940 4600 1238 4654 secundum
1282 4600 1465 4656 omnia
1495 4600 1757 4659 fratribus
1801 4602 1875 4659 si-
1905 4596 1955 4643 ⁵(
1980 4606 2067 4654 εει
2109 4598 2164 4654 in
2195 4614 2284 4666 eo,
2311 4607 2369 4654 et
2411 4598 2468 4654 in
2511 4614 2619 4668 qua
2665 4614 2775 4654 non
2800 4607 3025 4657 manent
3052 4599 3220 4654 verba
3245 4598 3386 4669 ejus.
3415 4596 3569 4653 Tunc

278 4686 491 4754 milari,
517 4688 671 4757 quasi
720 4688 905 4744 dicens
934 4707 946 4743 :
979 4688 1082 4756 Qui
1122 4697 1232 4745 tam
1258 4706 1489 4763 magnus
1518 4701 1619 4758 est,
1650 4694 1760 4764 .qui
1789 4704 1877 4751 est
1946 4692 2125 4746 enim
2175 4691 2405 4746 dicenda
2458 4698 2590 4745 sunt
2633 4688 2802 4745 verba
2849 4689 2968 4760 ejus
3012 4689 3066 4745 in
3115 4689 3275 4744 nobis
3316 4701 3575 4753 tuanere..

278 4778 546 4848 splendor
572 4778 777 4849 gloria},
806 4779 899 4849 qui
943 4788 1030 4835 est
1078 4781 1365 4837 character
1410 4784 1749 4851 substantiae,
1780 4786 1875 4855 qui
1981 4781 2197 4853 quando
2224 4780 2454 4836 facimus
2479 4795 2599 4850 quae
2620 4780 2876 4850 praecepit
2895 4787 2952 4835 et
2978 4776 3252 4850 diligimus
3289 4792 3409 4848 qua:
3439 4788 3568 4845 pre-

279 4868 485 4925 szeeula
526 4868 672 4935 fecit,
706 4870 799 4941 qui
828 4871 979 4925 sedet
1007 4871 1061 4926 in
1101 4872 1325 4929 dextera
1349 4873 1552 4942 Patris,
1577 4874 1682 4933 iste
1706 4876 1876 4933 voluit
1980 4874 2148 4929 misit.
2194 4871 2362 4944 Magis
2392 4872 2671 4944 magisque
2702 4868 2953 4928 Salvator
2978 4872 3209 4944 gratiam
3235 4884 3345 4941 qua
3372 4869 3565 4932 salva-

277 4967 343 5015 et
374 4958 581 5013 studuit
609 4958 781 5016 frater
806 4968 993 5016 noster
1019 4960 1073 5015 in
1100 4960 1352 5016 omnibus
1379 4961 1517 5018 fieri.

360 5045 431 5100 Ut
459 5047 754 5102 misericors
804 5049 953 5118 fieret
1000 5060 1048 5104 et
1097 5050 1269 5119 ﬁdelis
1305 5051 1544 5122 pontifex
1574 5053 1645 5108 ad
1687 5054 1873 5110 Domi-

279 5152 436 5202 num,
474 5145 529 5190 ut
556 5139 917 5208 repropitiaret
942 5140 1134 5195 delicta
1158 5142 1359 5213 populi.
1395 5141 1523 5204 Nec,
1545 5144 1729 5216 itaque
1772 5146 1877 5202 fuit

276 5225 393 5279 alia
420 5241 584 5282 causa
617 5226 693 5281 illi
719 5243 819 5298 per
847 5229 1030 5284 omnia
1056 5229 1317 5288 fratribus
1335 5234 1651 5303 assimilari,
1681 5237 1785 5293 nisi
1812 5248 1875 5295 ut

244 5365 253 5371 .
278 5318 467 5374 fidelis
488 5318 731 5390 pontifex
753 5330 898 5379 esset
926 5322 982 5379 in
1011 5324 1190 5392 nobis,
1214 5327 1525 5399 nostrisque
1551 5330 1874 5402 prepitiaret

278 5408 516 5466 delictis.
822 5455 829 5462 .
922 5472 927 5478 ,
1316 5472 1325 5481 Α

360 5504 429 5561 In
466 5522 527 5561 eo
555 5508 694 5562 enim
720 5507 781 5563 in
801 5525 905 5581 quo
946 5525 1133 5580 passus
1157 5521 1231 5567 est
1259 5512 1369 5582 ipse
1409 5522 1656 5581 tentatus,
1692 5524 1873 5587 potens

248 5602 363 5651 .est
392 5596 465 5650 eis
486 5596 891 5666 quitentantur,
924 5600 1197 5657 auxiliari.
1226 5600 1293 5655 In
1316 5619 1398 5668 eo,
1427 5603 1480 5658 id
1522 5612 1605 5659 est
1630 5604 1869 5673 homine,

281 5685 345 5740 in
376 5699 483 5752 quo
504 5701 696 5755 passus
717 5696 821 5753 est,
853 5695 1063 5758 potens
1077 5699 1164 5745 est
1189 5690 1403 5746 vinctos
1426 5690 1662 5748 liberare
1692 5701 1868 5748 tenta-

280 5789 492 5847 rosque
531 5777 785 5848 adjuvare
813 5796 882 5838 ne
908 5780 1214 5851 vincantur,
1246 5783 1371 5853 quia
1420 5784 1740 5846 tentatimlcs
1768 5799 1867 5842 n0-

1979 4979 2106 5020 mur
2136 4962 2418 5033 discipulis
2458 4961 2727 5034 loquendo
2762 4960 3184 5019 commendans:

2044 5053 2115 5108 In
2151 5054 2267 5120 hoc,
2291 5054 2487 5123 inquit,
2524 5053 2847 5123 clariﬁcatus
2876 5062 2951 5109 est
2974 5051 3136 5107 Pater
3170 5067 3336 5118 meus,
3362 5059 3420 5106 ut
3446 5050 3563 5120 fru-

1975 5154 2116 5199 ctum
2156 5144 2440 5214 plurimum
2480 5145 2716 5214 a/Icratis
2744 5142 3119 5213 etc/ficiamiui
3143 5142 3255 5198 mei.
3292 5141 3558 5212 discipuli.

1976 5234 2036 5291 Si
2080 5235 2228 5291 enim
2265 5236 2370 5291 hoc
2415 5233 2602 5305 gloriae
2652 5243 2738 5303 est
2776 5234 2963 5289 Patris
3007 5243 3068 5289 ut
3107 5233 3343 5291 fructum
3392 5233 3565 5304 pluris

1975 5344 2123 5384 mum
2173 5328 2465 5396 aderamus
2511 5337 2571 5383 et
2618 5329 2789 5383 simus
2838 5326 3089 5397 diseip‘uli
3144 5325 3389 5392 Christi,
3450 5340 3560 5382 non

1978 5421 2083 5477 hoc
2111 5426 2310 5476 nostra
2357 5419 2543 5492 gloriae
2569 5420 2889 5483 tribuamus,
2937 5426 3193 5489 tanquam
3237 5418 3343 5473 hoc
3365 5431 3432 5472 es
3463 5430 3561 5472 no-

1947 5512 2062 5567 .bis
2086 5511 2223 5581 ipsis
2267 5511 2561 5566 habeamus
2596 5527 2608 5563 :
2639 5508 2756 5578 eius
2782 5516 2868 5563 est
2907 5507 3056 5564 enim
3080 5507 3198 5564 haec
3238 5506 3412 5578 gratia
3436 5544 3453 5571 ,
3490 5513 3562 5571 ,ει

1948 5602 2099 5661 ςὶάεο
2139 5602 2193 5657 in
2226 5604 2329 5658 hoc
2358 5618 2465 5657 non
2495 5609 2682 5657 nostra
2722 5601 2818 5658 sed
2852 5600 2971 5671 ejus
2998 5601 3189 5672 gloria.
3216 5599 3261 5653 Α
3292 5613 3400 5670 quo
3422 5602 3570 5669 ergo

1944 5732 1957 5739 ε
1976 5694 2273 5749 ciliciamur
2305 5701 2364 5747 ut
2388 5693 2557 5747 simus
2577 5691 2823 5762 discipuli
2851 5691 3077 5757 Christi,
3108 5690 3212 5745 nisi
3246 5689 3316 5744 ab
3341 5686 3435 5743 illo
3456 5701 3553 5742 eu-

1973 5784 2062 5855 jus
2109 5783 2477 5840 misericordia
2510 5782 2770 5854 praevenit
2811 5783 2967 5842 nobis
3018 5778 3172 5848 velle,
3208 5777 3555 5849 subsequitur
