3974 6364
1091 394 1096 400 ’
1417 382 1720 438 ΙΙΟΜΙΙᾸᾸΞ
1751 384 1815 438 ΙΝ
1853 381 2103 440 EVANG.
2142 384 2228 439 ΕΤ
2263 383 2475 443 Ειδιετς
2533 429 2538 432 .
2593 395 2598 434 ξ
3474 401 3600 467 2w.

304 497 558 572 pmeipio
618 494 780 552 vobis.
842 493 920 551 Ac
972 495 1017 550 si
1059 501 1242 586 aperte
1301 493 1464 561 dicat,
1543 495 1783 566 gaudetis
1829 496 1894 551 de
1920 501 1972 560 Λ
1999 498 2052 552 in
2077 497 2368 570 Evangelia
2393 500 2614 556 Joannis
2643 502 2875 573 plenius,
2904 515 2960 562 et
2989 506 3075 564 hic
3097 524 3314 582 quoque
3341 514 3585 586 breviter

305 589 568 656 culmine,
642 595 868 658 pensate
913 586 1107 656 quibus
1144 585 1418 642 laboribus
1471 586 1781 656 pervenitur
1825 587 1894 644 ad

305 683 546 740 culmen.
600 679 788 752 Magna
825 686 910 735 est
959 678 1330 734 misericordia
1375 677 1647 748 largitoris
1699 677 1892 745 nostri,

303 771 455 830 servi
507 785 620 847 non
654 769 854 827 luimus
906 768 1072 840 digni,
1139 777 1194 824 et
1229 767 1390 824 amici
1443 783 1715 825 vocamur.
1769 767 1894 824 ideo

303 861 584 935 subiungit
613 850 630 916 ἐ

377 951 504 1008 laus
547 966 651 1006 non
677 949 794 1005 dico
824 965 912 1006 vos
944 965 1140 1015 servos,
1180 949 1303 1020 quia
1351 963 1528 1005 servus
1560 951 1720 1007 nescit
1761 951 1889 1023 quid

293 1033 470 1114 faciat
509 1041 764 1096 Dominus
798 1041 934 1112 ejus.
996 1040 1157 1096 Aliud
1196 1050 1281 1096 est
1330 1042 1612 1096 servitium
1659 1041 1886 1110 timoris,

298 1135 453 1190 aliud
475 1133 704 1199 amoris,
751 1147 870 1203 qua:
891 1135 996 1188 duo
1024 1132 1136 1203 ipsa
1178 1132 1394 1188 Veritas
1443 1133 1498 1187 in
1547 1134 1649 1190 boc
1687 1135 1882 1190 eodem

299 1225 596 1298 Evangelii)
656 1223 910 1295 exprimit
949 1224 1181 1280 dicens:
1229 1222 1419 1280 Servus
1465 1241 1567 1279 non
1601 1236 1774 1280 manet
1833 1226 1888 1280 in

291 1307 459 1372 domo
495 1317 552 1372 in
581 1323 857 1382 internum,
898 1314 1042 1386 ﬁlius
1070 1309 1244 1369 autem
1295 1323 1490 1380 manet,
1555 1313 1697 1370 ﬁlius
1723 1315 1890 1370 servit

293 1405 450 1463 Patri
501 1415 723 1480 propter
771 1420 1032 1472 amorem,
1076 1419 1264 1462 servus
1319 1414 1498 1461 autem
1537 1416 1758 1476 propter
1810 1406 1882 1462 ti-

296 1511 529 1579 morem.
561 1495 655 1570 De
683 1510 792 1566 quo
815 1493 1038 1551 servitio
1063 1494 1223 1550 modo
1251 1485 1522 1550 Dominus'
1548 1494 1684 1550 dixit
1709 1511 1724 1550 :
1759 1496 1882 1550 lam

293 1591 403 1644 non
431 1590 548 1643 dico
573 1605 658 1644 vos
699 1603 874 1643 servos
923 1591 1013 1643 sed
1036 1588 1255 1651 amicos,
1305 1587 1432 1657 quia
1461 1586 1553 1641 ﬁlii
1581 1602 1688 1643 non
1717 1587 1881 1654 servi,

292 1679 422 1735 ideo
444 1689 497 1734 et
521 1678 702 1743 amici,
748 1678 872 1749 quia
912 1694 1087 1732 servus
1128 1677 1286 1731 nescit
1331 1676 1458 1748 quid
1513 1677 1674 1746 faciat
1709 1677 1882 1732 domi-

294 1787 398 1825 nus
429 1769 564 1840 ejus.
615 1769 799 1825 Nescit
829 1770 975 1826 enim
1006 1768 1335 1824 voluntatem
1375 1768 1590 1823 Domini
1642 1768 1746 1836 sui,
1786 1769 1878 1840 qui

1994 587 2277 643 intimatur
2302 606 2428 645 cum
2454 593 2699 661 sequitur
2727 608 2742 648 :

2073 679 2176 735 Vos
2212 691 2389 736 autent
2439 683 2608 739 sedete
2648 686 2706 740 in
2734 688 2960 755 civitate,
3013 693 3350 764 quoadusque
3387 697 3580 754 indua-
3626 726 3634 735 -

1991 770 2120 825 mini
2161 772 2347 827 virtute
2368 790 2432 828 ea:
2455 773 2584 830 alto.
2629 775 2708 832 De
2742 795 2846 848 qua
2876 781 3088 847 virtute,
3125 784 3181 839 id
3207 795 3314 851 est,
3369 787 3576 858 Spiritu

1985 872 2200 929 sancto,
2236 873 2293 920 et
2318 865 2499 921 Maria:
2519 867 2651 922 dicit
2676 867 2912 940 Angelus
2942 888 2957 926 :
3014 872 3082 927 Et
3111 875 3277 931 virtus
3318 876 3576 940 Altissinu'

1989 954 2316 1010 obumbrabit
2345 957 2458 1011 tibi.
2508 958 2576 1013 Et
2596 959 2710 1030 ipse
2733 960 2992 1022 Dominus
3020 963 3148 1020 alibi
3175 984 3188 1020 :
3223 967 3368 1022 Nam
3404 979 3452 1023 et
3481 986 3576 1042 ego

1989 1046 2108 1100 novi
2126 1047 2362 1102 virtutem
2387 1048 2451 1102 de
2487 1061 2568 1104 me
2607 1051 2793 1105 exisse.
2838 1050 2944 1108 Sed
2966 1061 3022 1110 et
3065 1055 3179 1126 ipse
3202 1056 3378 1114 Lucas
3417 1071 3576 1128 aper-

1989 1136 2105 1199 tius
2121 1138 2176 1193 in
2205 1139 2429 1196 Actibus
2458 1141 2824 1212 apostolorum
2854 1143 3014 1214 hujus
3053 1149 3334 1216 promissa:
3357 1149 3574 1208 virtutis

1987 1243 2053 1284 ex
2085 1229 2217 1297 alto,
2266 1238 2324 1286 et
2363 1241 2646 1304 praeceptas
2693 1234 2746 1288 in
2771 1235 2993 1293 civitate
3019 1239 3276 1295 sessionis
3303 1242 3571 1300 meminit.

1985 1320 2265 1395 Praecepit,
2281 1324 2540 1396 inquiet”,
2555 1325 2650 1392 eis,
2665 1326 2729 1380 ab
2743 1325 2796 1380 11
2801 1328 3120 1400 ierosolymis
3145 1347 3210 1386 ne
3226 1332 3570 1400 discederem,

1981 1411 2075 1466 sed
2095 1423 2449 1484 exspectarent
2475 1417 2868 1486 promissionem
2914 1417 3092 1475 Patris
3141 1437 3300 1492 quam
3325 1422 3569 1488 audistis,

1986 1502 2179 1571 inquit,
2218 1520 2312 1574 per
2338 1520 2396 1560 os
2429 1521 2617 1562 meum.
2664 1507 2800 1575 Quia
2826 1508 3063 1567 Joannes
3083 1512 3301 1583 quidem
3323 1513 3570 1584 baptiza-
3636 1543 3646 1555 ι

1983 1595 2064 1648 vit
2112 1610 2272 1666 aqua,
2327 1613 2415 1652 vos
2451 1607 2624 1654 autem
2668 1600 3063 1672 baptizabimini
3123 1604 3328 1676 Spiritu
3380 1617 3568 1663 sancto

1984 1700 2087 1738 non
2107 1696 2223 1755 post
2245 1687 2437 1743 multos
2475 1689 2568 1744 hos
2595 1690 2729 1746 dies.
2769 1691 2835 1747 Et
2863 1694 3188 1766 paulopost,
3231 1698 3323 1752 sed
3350 1699 3571 1769 accipia-

1983 1775 2051 1829 tis
2095 1777 2336 1832 virtutem
2366 1783 2774 1850 supervenientis
2804 1782 3034 1854 Spiritus
3063 1789 3232 1843 sancti
3285 1789 3342 1845 in
3363 1807 3472 1859 vos,
3517 1801 3570 1847 et

292 1875 395 1932 per
416 1861 624 1917 timoris
654 1860 1068 1916 amaritudinem
1096 1860 1265 1916 servit
1291 1859 1536 1925 Domino,
1576 1869 1631 1917 et
1655 1875 1760 1916 non
1782 1877 1881 1931 per
1909 1855 1956 1914 B
1983 1867 2129 1923 criti.
2160 1869 2289 1924 mihi
2337 1880 2513 1928 mm,

286 1951 578 2026 lcbaritatis
611 1949 946 2007 dulcedinem
971 1949 1126 2020 quasi
1177 1949 1322 2005 Patri
1361 1950 1588 2005 serviat.

377 2037 476 2094 Vos
535 2049 708 2094 autem
753 2039 865 2094 dixi
906 2039 1120 2105 amicos,
1171 2041 1297 2110 quia
1334 2040 1510 2094 Omnia
1548 2056 1667 2110 qua:
1700 2039 1880 2094 audivi

284 2125 326 2186 'a
355 2129 516 2186 Patre
548 2148 680 2197 meo,
731 2141 854 2186 nota
881 2131 981 2202 feci
1007 2131 1165 2186 vobis.
1195 2131 1326 2198 Qum
1373 2139 1500 2186 sunt
1531 2132 1712 2187 omnia
1758 2147 1880 2202 quze

285 2222 499 2280 audivit
542 2237 575 2278 a
610 2221 774 2279 Patre
811 2239 930 2290 suo,
977 2238 1100 2294 qua:
1154 2231 1282 2278 nota
1331 2223 1446 2278 ﬁeri
1489 2223 1656 2278 voluit
1703 2225 1878 2282 servis

285 2315 424 2380 suis,
464 2323 526 2370 ut
551 2330 645 2372 eos
678 2314 964 2387 perﬁceret
1006 2315 1210 2371 amicos
1235 2330 1381 2382 suos,
1412 2316 1517 2372 nisi
1561 2316 1756 2387 gaudia
1789 2322 1874 2374 in-

283 2415 458 2463 terna:
493 2407 794 2473 charitatis,
821 2407 926 2462 nisi
958 2405 1046 2461 illa
1076 2405 1209 2461 festa
1240 2419 1487 2475 superna:
1508 2409 1715 2475 patriae,
1755 2424 1876 2481 quas

283 2496 490 2552 nostris
513 2495 752 2567 quotidie
781 2482 1059 2552 mentibus
1081 2511 1179 2567 per
1196 2495 1583 2566 aspirationem
1605 2500 1686 2553 sui
1724 2513 1874 2553 amo-

281 2587 365 2645 ris
393 2587 673 2660 imprimit.
727 2587 834 2644 Sed
864 2589 979 2644 haec
1006 2589 1239 2660 cognitio
1272 2604 1394 2660 qua:
1426 2606 1566 2645 nunc
1611 2606 1675 2645 ex
1715 2590 1873 2648 Patre

281 2679 501 2752 proﬁcit
551 2680 604 2735 in
633 2679 724 2734 illa
761 2678 1092 2748 plenitudine
1129 2678 1374 2735 scientiae
1411 2680 1744 2751 perﬁcietur,
1809 2682 1870 2737 :le

279 2788 396 2844 qua
433 2770 721 2843 Apostolus
758 2771 853 2838 ait,
899 2786 1021 2826 cum
1049 2780 1232 2827 autem
1260 2773 1470 2827 venerit
1516 2774 1659 2843 quod
1690 2772 1868 2844 perfe-

283 2869 440 2917 ctum
459 2869 565 2928 est,
591 2861 941 2918 evacuabitur
986 2863 1129 2932 quod
1161 2877 1230 2917 ex
1257 2872 1412 2933 parte
1439 2873 1539 2919 est.
1585 2863 1699 2920 Hoc
1721 2866 1866 2920 enim

288 2952 553 3009 Dominus
598 2952 872 3024 discipulis
914 2968 973 3010 se
1001 2951 1194 3009 fecisse
1216 2953 1372 3022 dixit,
1415 2955 1560 3024 quod
1603 2969 1662 3011 se
1696 2955 1868 3011 lacut-

278 3061 407 3104 rum
443 3063 562 3104 esse
585 3049 812 3105 sciebat.

361 3141 483 3196 Non
521 3159 606 3197 vos
647 3158 729 3197 me
754 3140 977 3213 elegistis
1021 3142 1112 3197 sed
1149 3157 1242 3212 ego
1279 3140 1410 3213 elegi
1449 3158 1557 3208 vos,
1612 3143 1727 3198 haec
1770 3150 1855 3198 est

277 3234 567 3291 mell‘abilis
603 3236 777 3307 gratia
799 3251 918 3308 qua:
945 3237 1205 3306 praavenit
1239 3251 1358 3301 nos,
1407 3245 1465 3290 ut
1495 3236 1662 3292 simus
1701 3237 1861 3292 amici

276 3343 344 3384 ex
373 3328 563 3394 servis,
620 3327 742 3383 ideo
792 3312 948 3383 nobis
973 3342 1080 3382 non
1117 3328 1375 3400 subrepat
1401 3328 1672 3397 superbia,
1707 3328 1862 3398 quasi

264 3419 378 3490 per
400 3435 498 3475 nos
530 3418 801 3490 possimus
835 3417 1030 3484 facere,
1055 3427 1116 3473 ut
1140 3417 1299 3488 paulo
1323 3427 1449 3475 ante
1493 3419 1610 3489 ipsa
1643 3418 1861 3476 Veritas

278 3517 360 3566 att
386 3507 672 3574 :‘Sinegne
713 3509 848 3563 nihil
877 3509 1088 3582 potestis
1132 3511 1324 3580 facere.

355 3601 422 3656 Et
446 3603 596 3673 posui
621 3619 710 3658 vos
763 3612 818 3657 ut
861 3603 988 3658 eatis
1022 3602 1085 3658 et'
1099 3602 1326 3673 fructum
1363 3602 1622 3672 alferatis.
1672 3601 1857 3668 Posui,

271 3693 345 3748 ad
385 3693 614 3766 gratiam
656 3693 918 3764 plantavi,
951 3700 1012 3748 ut
1031 3693 1170 3749 eatis
1201 3692 1450 3759 volendo,
1493 3693 1702 3749 fructus
1730 3693 1858 3748 aﬁe-

2052 1958 2252 2015 Eduxit
2285 1972 2459 2019 autem
2484 1981 2571 2020 eos
2594 1965 2739 2036 foras
2779 1968 2836 2023 in
2861 1967 3195 2034 Bethaniam,
3253 1980 3303 2025 et
3358 1971 3569 2027 elevatis

1979 2051 2221 2107 mmtibus
2242 2054 2352 2108 suis
2377 2054 2635 2111 benedixit
2677 2057 2770 2113 eis.
2797 2057 2866 2112 Et
2913 2057 3112 2129 factum
3145 2069 3220 2116 est
3268 2061 3394 2115 dum
3413 2062 3567 2117 bene-

1977 2142 2172 2198 diceret
2210 2143 2338 2212 illis,
2395 2148 2605 2202 recessit
2629 2148 2692 2202 ab
2721 2150 2820 2215 eis,
2869 2161 2916 2206 et
2949 2151 3214 2221 ferebatur
3256 2155 3311 2208 in
3349 2153 3558 2210 ctelumt

1977 2233 2364 2294 Praetermissis
2387 2239 2638 2296 omnibus
2683 2257 2802 2312 qum
2830 2259 2929 2313 per
2952 2245 3305 2315 quadraginta
3332 2247 3448 2302 dies
3473 2249 3563 2319 agi

1976 2327 2047 2382 ab
2073 2328 2162 2385 illo
2183 2345 2305 2385 cum
2337 2329 2613 2401 discipulis
2634 2342 2945 2402 potuerunt,
2989 2335 3166 2405 primo
3192 2336 3280 2392 die
3316 2348 3562 2393 resurreo

1973 2419 2169 2476 ctionis
2213 2420 2356 2491 ejus,
2395 2420 2672 2493 conjungit
2697 2424 2858 2479 tacite
2887 2426 3240 2480 novissimum
3267 2426 3409 2480 diem
3453 2441 3564 2497 quo

1974 2511 2215 2567 ascendit
2259 2514 2312 2567 in
2356 2512 2574 2567 coelum.
2630 2513 2858 2570 Pulchre
2905 2524 3087 2570 autem
3136 2531 3463 2572 ascensurus
3508 2517 3563 2572 in

1974 2600 2192 2666 ccelum,
2255 2600 2550 2672 discipulos
2587 2602 2783 2672 quibus
2830 2604 3114 2660 benedicat
3169 2605 3316 2662 foras
3358 2606 3412 2664 in
3462 2605 3564 2675 Bc:-

1974 2691 2214 2746 tbaniam
2259 2691 2455 2747 educit.
2509 2691 2692 2747 Primo
2734 2693 2950 2761 quidem
3006 2703 3222 2764 propter
3259 2710 3454 2750 nomen
3485 2695 3562 2750 εἰρ

1971 2783 2176 2851 vitatis,
2237 2798 2359 2854 quas
2406 2784 2598 2840 domus
2642 2786 2963 2841 obedientiaa
3013 2787 3229 2852 dicitur,
3267 2789 3408 2857 quia
3467 2789 3561 2858 qui

1971 2883 2193 2945 prepter
2229 2875 2647 2931 inobedientiam
2677 2891 3055 2946 perversorum
3083 2879 3382 2943 descendit,
3434 2895 3560 2949 pro-

1969 2975 2092 3037 pter
2130 2967 2492 3023 obedientiam
2544 2969 2801 3023 nimirnm
2839 2985 3224 3025 conversurum
3291 2970 3554 3026 ascendit.

1971 3057 2210 3114 Mortuus
2243 3068 2330 3114 est
2358 3060 2504 3114 enim
2533 3061 2675 3115 sicut
2698 3060 2986 3130 Apostolus
3011 3062 3085 3116 ait
3114 3070 3333 3132 propter
3353 3061 3550 3117 delicta

1967 3156 2172 3218 nostra,
2234 3156 2290 3204 et
2338 3150 2634 3204 resurrexit
2708 3158 2930 3220 propter
2964 3150 3408 3218 justilleatiouem
3453 3161 3552 3206 noi-

1889 3207 1935 3270 C
1965 3207 2170 3296 stram:
2219 3241 2421 3296 Deinde
2451 3242 2615 3297 etiam
2653 3207 2872 3312 propter
2918 3207 3080 3297 situm
3128 3241 3369 3312 ejusdem
3416 3235 3556 3296 villa!

1963 3332 2078 3387 sive
2115 3330 2426 3397 civitatulas,
2489 3345 2610 3400 qua:
2633 3331 2687 3386 in
2712 3330 2879 3386 latere
2907 3331 3108 3386 montis
3135 3329 3401 3385 olivarum
3449 3345 3550 3398 νει-ε

1961 3423 2066 3479 sita
2112 3436 2236 3479 esse
2291 3431 2565 3487 narratur,
2613 3423 2738 3492 quia
2780 3421 3030 3478 videlicet
3073 3421 3378 3477 obedientis
3442 3422 3546 3476 Ee-

1961 3519 2138 3578 clesiae
2163 3518 2356 3573 domus
2391 3515 2703 3586 Apostolieo
2751 3514 2913 3586 digna
2961 3513 3216 3584 hospitio,
3273 3527 3380 3568 non
3418 3510 3549 3569 alibi

1959 3627 2122 3682 quam
2143 3611 2196 3665 in
2222 3607 2393 3680 ipsius
2417 3606 2616 3661 montis
2663 3605 2884 3669 summi,
2918 3605 2972 3658 id
3003 3613 3108 3670 est,
3147 3601 3348 3660 Christi
3369 3603 3549 3659 latere

1960 3703 2103 3770 ﬁdei,
2150 3701 2288 3774 spei,
2331 3698 2738 3768 dilectionisque
2765 3711 2877 3752 sua:
2914 3695 3266 3751 fundamenta
3323 3694 3543 3758 locavit.

269 3785 430 3851 ratis,
467 3787 757 3858 operando.
796 3788 943 3843 Eatis
966 3787 1108 3844 enim
1139 3787 1366 3843 volendo
1394 3787 1522 3851 dixi,
1561 3788 1688 3858 quia
1721 3787 1856 3843 velle
1959 3795 2036 3850 De
2061 3809 2170 3865 quo
2204 3792 2460 3848 nimirum
2480 3789 2650 3845 latere
2688 3788 2871 3842 lancea
2911 3786 3185 3857 patefacto
3211 3794 3551 3841 sacramenta

265 3875 477 3946 aliquid
525 3876 704 3934 facere
741 3878 854 3950 jam
895 3877 1120 3933 multum
1165 3877 1245 3934 ire
1281 3886 1384 3935 est.
1453 3878 1676 3947 Qualem
1725 3894 1856 3935 vero
1957 3887 2063 3944 sibi
2111 3883 2410 3956 sanguinis,
2444 3888 2502 3937 et
2538 3894 2692 3950 aquae
2732 3878 2929 3948 quibus
2973 3885 3230 3933 nascatur
3272 3876 3452 3939 simul,
3489 3886 3546 3932 et

267 3967 511 4023 fructum
561 3960 1044 4036 aﬁ'erre‘debeant,
1104 3969 1426 4041 subiungit:

1973 3977 2232 4032 intriatur
2269 3973 2467 4046 gaudet
2513 3983 2816 4032 emanasse,
2860 3967 2930 4022 de
2952 3967 3106 4038 cujus
3141 3967 3346 4023 vertice
3382 3967 3545 4024 ubere

349 4057 416 4114 Et
451 4060 654 4129 {ructus
695 4072 858 4118 vester
880 4071 1110 4129 maneat,
1158 4072 1214 4118 ut
1240 4065 1582 4136 quodcunque
1606 4065 1855 4136 petieritis
1958 4071 2120 4136 rimo,
2178 4067 2232 4123 id
2265 4073 2368 4131 est,
2421 4064 2576 4135 apice
2618 4061 2918 4117 divinitatis
2954 4060 3229 4115 unctionis
3287 4058 3547 4130 spiritalis

255 4147 491 4204 Patrem
512 4150 568 4206 in
598 4152 804 4206 nomine
823 4169 956 4218 meo,
1001 4153 1086 4207 del
1124 4153 1283 4208 vobis.
1327 4151 1534 4209 Nomen
1562 4151 1654 4209 ﬁlii
1697 4153 1856 4212 Jesus
1957 4176 2181 4217 munera
2225 4157 2516 4221 desiderat,
2571 4155 2815 4224 lucisque
2839 4167 2904 4208 ac
2930 4153 3076 4223 pacis
3102 4161 3378 4222 perpetuae
3413 4158 3546 4222 pros

263 4248 378 4306 est,
415 4239 573 4298 Jesus
611 4251 790 4298 autem
825 4242 1072 4300 Salvator
1097 4244 1181 4300 vel
1215 4243 1377 4300 etiam
1423 4244 1679 4300 salutaris
1715 4245 1854 4300 dici-
1955 4251 2118 4308 missa
2145 4248 2414 4306 inhianter
2438 4251 2734 4315 exspectat.

258 4335 382 4386 'tur.
432 4328 527 4387 Ille
567 4347 698 4402 ergo
737 4332 792 4388 in
828 4334 1046 4390 nomine
1073 4333 1372 4390 Salvatoris
1417 4335 1556 4404 petit
1597 4335 1689 4405 qui
1724 4334 1854 4390 illud
2027 4341 2097 4397 Et
2151 4340 2252 4409 ipsi
2304 4337 2584 4392 adorantes
2649 4334 2867 4406 regressi
2907 4341 3026 4388 sunt
3108 4332 3162 4387 in
3211 4331 3545 4386 Hierusalth

262 4420 426 4494 petit,
463 4421 604 4492 quod
653 4423 724 4478 ad
751 4438 938 4478 veram
975 4423 1202 4480 salutem
1246 4425 1501 4493 pertinet,
1541 4439 1667 4480 nam
1709 4425 1756 4482 si
1799 4425 1853 4481 id
1955 4447 2074 4498 cum
2103 4428 2298 4502 gaudio
2328 4441 2557 4498 magno;
2584 4432 2632 4480 et
2661 4432 2812 4480 erant
2841 4439 3043 4494 semper
3080 4423 3136 4478 in
3179 4422 3371 4493 templo
3421 4423 3540 4478 lau:

261 4513 414 4585 quod
434 4527 543 4569 non
571 4515 820 4586 expediat
846 4517 1066 4586 petitur,
1115 4531 1222 4572 non
1251 4517 1308 4573 in
1339 4517 1558 4574 nomine
1582 4516 1854 4609 Jesu,ipe-
1879 4548 1932 4609 ι)
1955 4522 2139 4577 dantes
2181 4527 2230 4574 et
2250 4515 2602 4609 benedicentes
2639 4514 2827 4570 Deum.
2869 4512 3231 4609 ascendente-
3264 4513 3320 4568 in
3345 4513 3544 4569 cmlum

265 4605 458 4670 timus,
499 4615 830 4675 quaprOpter
870 4621 1007 4676 opus
1051 4615 1133 4663 est
1184 4615 1247 4662 ut
1295 4623 1395 4680 pro
1431 4617 1633 4664 teterna
1675 4608 1850 4664 salute
1881 4604 1918 4609 ⁷
1948 4615 2180 4676 Domino
2219 4606 2467 4678 discipuli
2509 4607 2798 4663 adorantes
2867 4605 2922 4660 in
2968 4604 3090 4660 loco
3142 4604 3232 4658 ubi
3278 4611 3547 4661 steterunt

262 4695 614 4767 adipiscenda
663 4712 835 4766 usque
864 4696 918 4751 in
950 4696 1112 4753 ﬁnem
1139 4707 1431 4766 certemus,
1473 4699 1660 4770 sicque
1686 4701 1851 4756 habe-
1949 4708 2244 4767 .oyissime
2289 4703 2454 4775 pedes
2477 4701 2595 4772 ejus
2638 4697 2924 4755 confestim
2974 4696 3406 4767 Hierosolymam
3452 4710 3546 4751 re-

263 4785 451 4841 bimus
493 4786 584 4842 hic
627 4785 1050 4869 qonsolationem
1098 4789 1151 4843 in
1194 4789 1445 4860 praesenti
1481 4789 1846 4858 tribulatione,
1948 4802 2138 4866 deum,
2189 4795 2316 4867 quia
2345 4793 2418 4849 ibi
2445 4790 2861 4862 promissionem
2886 4787 3065 4842 Patris
3111 4799 3276 4856 quam
3321 4785 3543 4840 audiere

258 4887 319 4934 et
369 4877 425 4933 in
471 4875 653 4934 futura
706 4880 816 4934 vita
857 4879 1099 4950 requiem
1144 4879 1504 4950 percipiemus
1563 4888 1844 4948 aeternam,
1949 4905 2046 4963 per
2085 4904 2150 4946 os
2204 4883 2417 4942 Domini
2464 4889 2592 4938 sunt
2639 4886 2956 4949 exspectare
3006 4876 3285 4946 praecepti,
3339 4876 3539 4946 gaudia

258 4977 559 5040 praestante
602 4971 832 5026 Domino
875 4979 1060 5026 nostro
1103 4967 1232 5026 Jesu
1280 4969 1519 5038 Christo,
1576 4971 1670 5041 qui
1721 4987 1849 5027 eum
1949 4995 2142 5052 magna
2201 4975 2466 5040 referunt,
2532 4971 2662 5041 quia
2706 4969 2878 5026 Deum
2923 4983 2990 5023 ac
3036 4966 3329 5022 Dominum
3376 4981 3538 5021 suum

260 5061 430 5118 Patre
467 5069 522 5118 et
559 5061 763 5134 Spiritu
801 5072 1008 5130 sancto,
1050 5063 1186 5118 vivit
1212 5071 1268 5119 et
1291 5071 1479 5134 regnat
1527 5063 1693 5131 Deos,
1752 5079 1852 5134 per

257 5155 450 5216 omnia
489 5156 687 5217 Macula
725 5156 1063 5215 saaculorum.
1118 5156 1291 5215 Amen

858 5291 1138 5349 HOMlLlA
1174 5292 1278 5349 LII.

926 5399 1083 5441 I’ElllA
1111 5400 1188 5440 νι.

409 5497 596 5554 Lectio
629 5495 800 5552 sancti
831 5494 1103 5565 Evangelii
1141 5493 1433 5550 secundum
1473 5493 1696 5550 Lucam.

350 5609 416 5668 In
450 5611 547 5666 illo
584 5621 812 5682 tempore
844 5611 976 5665 dixit
1022 5609 1178 5665 Jesus
1209 5609 1478 5679 discipulis
1526 5612 1634 5666 suis
1672 5628 1687 5664 :
1729 5611 1840 5682 Ego

255 5704 412 5762 mitto
435 5704 748 5775 promissum
772 5702 950 5757 Patris
987 5704 1086 5756 mei
1119 5705 1173 5756 in
1200 5719 1306 5758 vos.

333 5793 668 5853 Promissum
693 5794 870 5852 Patris
919 5793 1151 5867 Spiritus
1181 5795 1352 5851 sancti
1385 5795 1612 5866 gratiam
1646 5795 1752 5852 dici
1789 5804 1842 5850 et

1949 5080 2073 5143 post
2111 5067 2442 5138 triumphum
2478 5062 2916 5127 resurrectionis,
2960 5061 3124 5116 etiam
3157 5057 3328 5115 etelos
3369 5071 3537 5128 pene-

1951 5171 2125 5218 trasse
2147 5159 2418 5214 laetantur.
2470 5153 2687 5209 Manent
2713 5167 2931 5222 semper
2951 5151 3006 5206 in
3035 5149 3234 5221 templo
3256 5149 3538 5205 laudantes

1947 5263 2005 5310 et
2051 5251 2427 5310 benedicentes
2454 5247 2650 5314 Deum,
2688 5254 2750 5302 ut
2774 5246 2826 5300 in
2857 5245 2976 5300 loco
3003 5241 3286 5308 orationis,
3316 5250 3370 5297 et
3399 5242 3538 5296 inter

1947 5345 2168 5400 laudum
2213 5341 2526 5400 devotiones
2567 5337 2894 5409 promissum
2941 5334 3115 5390 sancti
3163 5333 3398 5404 Spiritus
3442 5333 3536 5386 ad-

1947 5441 2170 5488 ventum
2223 5430 2492 5503 promptis
2535 5443 2634 5499 per
2679 5426 2860 5483 omnia
2914 5425 3227 5494 paratisque
3275 5423 3532 5479 cordibus

1947 5531 2284 5595 exspectent.
2353 5522 2421 5577 Et
2471 5535 2573 5576 nos
2619 5525 2799 5572 autem
2858 5515 3246 5588 discipulorum
3284 5513 3532 5583 exemplo

1947 5625 2070 5687 post
2121 5615 2395 5672 celebrata
2447 5609 2858 5680 Hierosolymis,
2915 5609 3019 5665 hoc
3075 5617 3180 5674 est,
3236 5607 3290 5662 in
3326 5606 3537 5660 visione

1946 5707 2097 5776 pacis
2123 5705 2412 5776 Dominicae
2442 5700 2712 5774 passionis
2737 5709 2793 5754 et
2829 5699 3242 5756 resurrectionis
3271 5691 3532 5750 solemnia

1947 5796 2221 5855 Bethanize
2266 5811 2394 5852 mox
2418 5807 2547 5849 arva
2577 5792 2795 5848 Christo
2835 5789 2967 5871 duce
2995 5799 3261 5860 petamus,
3319 5795 3375 5840 ut
3399 5795 3528 5862 cum
