3974 6364
472 406 595 471 ’ΞΗ

1134 405 1198 462 B.
1236 401 1494 462 RABANI
1530 399 1751 458 MAURI
1788 398 2106 458 ARCHlEP.
2146 400 2458 459 MOGUNT.
2500 400 2787 462 OPERUM
2827 401 3010 461 PARS
3047 403 3108 458 tl.

3652 403 3773 462 248

468 507 671 585 "mente
699 526 882 595 quieta
904 527 958 576 et
986 520 1056 575 ab
1091 517 1238 575 omni
1255 516 1653 575 discordiarum
1685 516 1917 582 turbine,
1960 513 2073 585 jam
2098 518 2153 581 Α
2180 525 2397 585 sensata
2420 517 2651 574 stultitia
2679 515 3010 586 Iudaeorum,
3068 518 3173 576 ista
3200 522 3476 578 insensata
3517 520 3770 583 summa

484 624 681 689 pacata
723 613 906 676 carnis
943 621 999 670 et
1036 609 1312 689 sanguinis
1348 607 1697 684 perceptione
1739 608 2068 674 imbuamur,

466 702 593 787 ipsi
622 706 817 769 domus
844 703 1163 767 obedientia:
1190 716 1444 758 curemus
1472 701 1758 766 exsistere,
1781 715 1880 775 per
1904 715 2069 770 quam

470 795 759 869 possimus
826 796 941 858 Deo
994 796 1290 860 miserante
1332 792 1557 873 gloriam
1605 793 1865 875 consequi
1926 807 2071 850 sem-

486 888 780 971 piternam.

1048 977 1329 1038 HOMILIA
1366 976 1498 1033 Llll.

787 1090 844 1132 IN
870 1089 1105 1132 SABBATO
1130 1087 1345 1131 “GILUE
1376 1085 1766 1127 PESTECOSTES.

468 1162 717 1244 'Require
761 1171 818 1226 in
857 1170 1075 1226 sabbato
1120 1178 1301 1223 sancto
1345 1163 1592 1221 Pasclue.
1638 1163 1681 1220 Ι.
1729 1163 1808 1219 De
1856 1162 2068 1227 Genesi,

473 1256 481 1265 ’
558 1262 812 1319 Tentavit
859 1261 1002 1317 Deus
1050 1259 1343 1317 Abraham.
1410 1257 1471 1313 ll.
1518 1256 1596 1313 De
1632 1254 2068 1321 Deuteronomio,

472 1350 477 1357 ’
557 1353 791 1434 Scripsit
830 1352 1043 1426 Moyses
1069 1350 1363 1418 canticum.
1398 1347 1485 1419 ill.
1514 1347 1590 1402 De
1626 1346 1795 1412 Isaia,
1857 1347 2069 1417 Appre-

472 1436 479 1519 ί
555 1446 799 1511 hendeut
821 1453 1028 1519 septem
1059 1442 1337 1507 mulieres.
1376 1441 1471 1511 Ν.⁴
1509 1441 1585 1495 De
1623 1439 1878 1513 Ieremia,
1905 1439 2067 1506 Audi,

470 1517 479 1523 ’
554 1535 747 1604 Israel.
821 1517 901 1593 De
953 1530 1171 1595 Paulino
1220 1549 1332 1595 xu.
1394 1530 1694 1596 Canticum.
1746 1529 1900 1586 Sicut
1945 1544 2068 1585 cer-

464 1700 473 1707 ’
555 1647 676 1688 vus.
948 1697 1135 1756 Lectio
1158 1696 1282 1754 libri
1304 1695 1601 1752 Geneseos.

556 1793 625 1848 In
648 1791 830 1847 diebus
862 1789 971 1846 illis
1006 1790 1219 1845 tentavit
1253 1787 1396 1842 Deus
1426 1787 1715 1852 Abraham,
1763 1794 1811 1839 et
1839 1784 1973 1839 dixit
2000 1783 2071 1838 ad

482 1901 601 1949 eum
644 1899 663 1938 :
702 1883 993 1955 Abraham,
1049 1881 1335 1954 Abraham.
1368 1879 1470 1934 Ille
1518 1878 1821 1951 respondit:
1847 1877 2066 1932 Adsum.
2097 1888 2146 1949 B

464 1968 574 2029 ‘Ait
616 1974 737 2030 illi:
778 1966 925 2055 Tolle
950 1972 1123 2043 ﬁlium
1145 1982 1293 2027 tuum
1331 1971 1673 2043 unigenitum,
1696 1986 1847 2042 quem
1872 1968 2069 2040 diligis,

466 2065 665 2131 'Isaac,
709 2074 757 2120 et
786 2064 916 2120 vade
938 2064 994 2135 in
1026 2072 1221 2118 terram
1259 2062 1495 2127 visionis,
1527 2072 1681 2133 atque
1714 2060 1847 2131 o/fer
1875 2061 1946 2113 ibi
1980 2060 2075 2114 Ito-

485 2156 779 2218 locaustum
816 2170 973 2228 super
1014 2170 1177 2210 unum
1218 2154 1471 2209 montium
1517 2169 1670 2225 quem
1717 2161 2073 2209 monstrarem

483 2248 597 2303 tibi.

463 2339 471 2346 '
554 2338 671 2410 Age
728 2354 873 2394 nunc
927 2338 1209 2395 videamus
1246 2338 1383 2411 quid
1425 2338 1525 2395 sub
1552 2337 1712 2409 hujus
1748 2336 2073 2393 sacramenti

369 2475 385 2485 ,
462 2416 647 2485 "lateat
670 2429 948 2501 mysterio.
998 2428 1105 2485 iste
1131 2430 1278 2485 enim
1328 2428 1604 2484 Abraham
1635 2427 1854 2497 quando
1905 2425 2073 2480 ﬁlium

483 2532 644 2573 suum
684 2518 903 2574 unicum
956 2517 1210 2589 perduxit
1255 2517 1324 2572 ad
1371 2518 1760 2573 immolandum
1836 2514 2075 2571 habebat

462 2608 771 2679 personam
810 2607 907 2663 Dei
933 2602 1131 2663 Patris.
1174 2607 1281 2663 Sed
1303 2608 1431 2679 quid
1458 2616 1544 2663 est
1568 2608 1711 2677 quod
1736 2622 1860 2662 eum
1907 2621 2074 2661 senex

462 2698 756 2771 suscepit?
775 2697 894 2753 Non
921 2698 1067 2755 enim
1084 2698 1319 2754 senescit
1350 2698 1514 2764 Deus,
1559 2698 1654 2753 sed
1680 2698 1795 2768 ipsa
1830 2711 2072 2768 pronun—

484 2788 641 2844 tiatio
698 2789 766 2844 de
815 2788 1035 2845 Christo
1098 2787 1213 2858 jam
1266 2789 1502 2859 quodam
1570 2789 1729 2844 modo
1793 2796 2068 2852 senuerat,

462 2880 699 2957 'quando
739 2890 897 2938 natus
928 2890 1013 2938 est
1044 2882 1313 2938 Christus.
1369 2882 1628 2937 inchoata
1656 2888 1741 2937 est
1793 2880 1861 2935 ab
1898 2879 2073 2935 Adam

480 2975 577 3030 ubi
599 2974 803 3031 dictum
832 2982 953 3043 est:
1007 2971 1075 3028 Et
1101 2983 1252 3029 erunt
1279 2974 1385 3029 duo
1410 2974 1467 3028 in
1504 2989 1661 3028 carne
1686 2989 1814 3037 una,
1855 2982 1903 3027 et
1930 2987 2074 3027 com-

479 3063 621 3138 pleta
659 3073 735 3120 est
764 3074 912 3134 sexta
941 3074 1095 3119 (etate
1137 3062 1318 3119 surculi
1356 3079 1473 3135 qua:
1514 3075 1719 3119 senecta
1741 3063 2074 3135 signiﬁcatur

465 3153 728 3217 ’Abralur.
774 3155 914 3224 Quia
955 3157 1130 3227 ipsum
1161 3162 1560 3211 sacramentum
1590 3154 1687 3210 Dei
1729 3152 1844 3223 iam
1882 3153 2095 3224 longae.

2167 608 2423 680 portabat
2464 610 2646 674 omnia
2673 619 3037 679 sacramenta,
3068 618 3125 668 et
3146 613 3290 683 quod
3310 612 3521 671 ferebat
3553 615 3777 673 nescie-

2168 700 2282 757 bat.
2338 700 2461 757 Jam
2514 703 2664 773 quod
2708 703 2912 759 dictum
2938 711 3024 759 est
3072 704 3197 759 eis:

2241 795 2553 868 Exspectate
2595 796 2680 851 hic
2708 813 2827 851 cum
2857 796 3008 852 asina
3033 810 3053 849 :
3073 807 3346 870 postquam
3368 807 3545 854 autem
3565 799 3777 855 adon-

2171 888 2419 955 tvcrimus,
2449 896 2763 942 revertemur
2781 894 2851 952 ad
2880 905 2986 951 vos.
3003 889 3323 965 Apostolqu
3342 891 3492 957 audi,
3516 893 3775 959 cuius,

2170 979 2365 1051 inquit,
2396 994 2461 1035 ex
2491 987 2646 1051 parte
2689 979 2743 1035 in
2782 979 2949 1035 Israel
2977 964 3120 1036 facta
3140 987 3250 1047 est,
3284 982 3457 1038 donec
3480 981 3778 1054 plenitudo

2168 1069 2424 1127 Gentium
2453 1073 2804 1138 subintraret,
2830 1080 2887 1139 et
2915 1073 2992 1128 sic
3019 1071 3197 1128 omnis
3244 1071 3406 1129 lsrael
3430 1073 3618 1128 salvus
3664 1071 3773 1129 lie-

2169 1171 2275 1218 ret.
2306 1162 2388 1219 Ad
2421 1171 2631 1234 tempus
2660 1179 2795 1235 ergo
2816 1165 3076 1220 caecitatis
3101 1164 3315 1221 obtusio
3360 1164 3485 1220 data
3528 1174 3618 1221 est
3667 1164 3775 1220 Ju-

2171 1254 2301 1311 d:eis
2328 1255 2428 1319 his,
2479 1240 2570 1325 qui
2608 1255 2734 1310 dum
2782 1254 2960 1310 remuli
2987 1255 3121 1327 legis
3173 1263 3320 1321 sunt,
3359 1272 3467 1312 non
3504 1256 3777 1312 viderunt

2170 1347 2373 1402 donum
2401 1348 2612 1404 venisse
2636 1348 2962 1418 promissum
2990 1364 3021 1403 a
3048 1349 3161 1428 Deo
3187 1349 3335 1420 quod
3360 1344 3777 1420 praedicabatur

2172 1454 2203 1494 a
2237 1439 2474 1496 Christo.
2508 1440 2635 1494 Zelo
2662 1439 2807 1495 enim
2853 1440 3109 1496 excaecati
3143 1449 3270 1496 sunt
3300 1436 3554 1512 putantes
3586 1441 3776 1513 legem

2174 1530 2438 1587 factorum
2476 1547 2752 1602 nunquam
2794 1531 2991 1588 debere
3019 1547 3257 1588 cessare.
3290 1530 3552 1587 Triduum
3581 1542 3776 1587 autem

2171 1624 2302 1680 illud
2338 1626 2395 1680 in
2427 1641 2534 1695 quo
2574 1634 2839 1682 venerunt
2870 1624 2939 1681 ad
2974 1624 3153 1681 locum
3182 1613 3600 1690 immolationis,
3655 1634 3779 1681 tres

2171 1716 2355 1781 mtmdi
2379 1725 2566 1775 aetates
2592 1715 2879 1790 signiﬁcat,
2907 1732 3069 1771 unam
3102 1724 3226 1772 ante
3255 1716 3448 1789 legem,
3478 1717 3642 1771 aliam
3664 1716 3781 1771 sub

2173 1810 2321 1882 lege,
2346 1810 2561 1866 tertiam
2593 1810 2694 1865 sub
2742 1809 2936 1879 gratia.
2967 1807 3108 1864 Ante
3156 1807 3330 1879 legem
3357 1808 3427 1865 ab
3450 1808 3628 1862 Adam
3676 1822 3779 1860 us-

2172 1919 2278 1975 que
2309 1904 2374 1958 ad
2400 1903 2647 1987 Moysen,
2666 1903 2764 1958 sub
2789 1901 2907 1974 lege
2939 1917 2968 1956 a
2990 1901 3170 1979 Moyse
3190 1916 3359 1971 usque
3386 1901 3451 1955 ad
3472 1900 3779 1964 Joannem,

2174 1994 2296 2051 inde
2321 1994 2433 2065 jam
2465 2009 2496 2052 ει
2530 1993 2755 2059 Domino
2778 2000 2833 2045 et
2861 1991 3120 2061 quidquid
3169 1999 3365 2065 restat,
3405 1988 3604 2045 tertius
3652 1989 3786 2044 dies.

2174 2095 2260 2143 est
2295 2086 2500 2158 gratia},
2544 2085 2597 2140 in
2627 2100 2733 2157 qua
2782 2084 2945 2146 tertia
2989 2090 3148 2145 (eunte
3192 2082 3347 2153 quasi
3369 2088 3494 2152 post
3526 2082 3785 2135 triduum

2174 2157 2568 2233 Sacramentum
2597 2173 2847 2233 sacriﬁcii
2877 2173 3073 2229 Christi
3090 2157 3416 2244 completum
3440 2179 3543 2233 est,
3570 2171 3784 2226 deinde

2173 2267 2325 2324 isaae
2357 2267 2535 2339 ligatis
2554 2266 2780 2337 pedibus
2807 2265 2965 2320 altari
2987 2266 3391 2345 superponitur,
3424 2272 3479 2319 et
3503 2262 3784 2318 Dominus

2175 2359 2228 2413 in
2274 2358 2419 2430 ligno
2466 2372 2762 2429 suspensus
2806 2357 2958 2413 cruci
3007 2355 3260 2427 adigitur.
3305 2355 3415 2413 Sed
3443 2354 3575 2411 illud
3625 2351 3784 2424 quod

2176 2447 2463 2519 ﬁguratum
2494 2456 2578 2502 est
2611 2447 2665 2501 in
2702 2446 2853 2501 Isaae
2900 2454 3264 2518 transgestum
3288 2456 3371 2501 est
3405 2447 3478 2502 ad
3512 2446 3783 2501 arietem.

2174 2540 2319 2598 Cur?
2344 2540 2470 2613 quia
2497 2538 2746 2596 Christus
2776 2540 2914 2605 ovis,
2944 2540 3059 2611 ipse
3081 2539 3223 2594 enim
3258 2538 3420 2605 ﬁlius,
3453 2539 3567 2609 ipse
3597 2551 3787 2608 agnus

2175 2633 2317 2689 ﬁlius
2341 2633 2469 2706 quia
2499 2643 2661 2689 natus
2682 2640 2789 2697 est,
2824 2633 2966 2687 aries
2985 2632 3111 2702 quia
3138 2631 3468 2686 immolatus.
3499 2629 3611 2685 Sed
3643 2629 3784 2700 quid

2158 2733 2257 2801 est
2277 2724 2420 2797 quod
2444 2723 2499 2778 in
2531 2721 2786 2797 vepribus
2816 2720 3059 2777 hmrebat
3086 2721 3230 2776 aries
3255 2720 3366 2785 ille,
3397 2735 3531 2811 eius
3559 2732 3784 2773 cornua

2174 2818 2357 2888 habet.
2385 2814 2477 2875 Sic
2502 2815 2653 2878 enim
2677 2815 2783 2871 duo
2830 2813 2973 2885 ligna
3015 2813 3434 2885 compinguntur
3483 2825 3684 2866 secum
3729 2817 3786 2865 et

2173 2910 2409 2991 speciem
2442 2908 2618 2973 crucis
2646 2908 2899 2975 reddunt,
2946 2908 3087 2965 unde
3132 2906 3394 2977 scriptum
3438 2911 3525 2959 est
3565 2904 3645 2959 de
3692 2918 3782 2959 eo.

2173 2997 2387 3055 Cornua
2417 3000 2473 3053 in
2493 2998 2733 3053 manibus
2762 2998 2876 3068 ejus
2906 3006 3050 3063 sunt,
3082 2997 3339 3052 cornibus
3378 3009 3507 3067 ergo
3549 2993 3785 3049 haereus

2174 3090 2316 3149 aries
2347 3089 2666 3156 cruciﬁxum
2701 3087 2977 3147 Christum
3023 3086 3313 3164 signiﬁcat.
3344 3086 3547 3157 Vepres
3584 3093 3786 3140 autem

2174 3178 2344 3260 spinte
2364 3186 2511 3244 sunt,
2555 3178 2725 3261 spinae
2767 3177 2982 3247 iniquos
3015 3186 3069 3232 et
3095 3186 3408 3247 peceatores
3436 3176 3783 3259 signiﬁcant,

477 3266 606 3351 3’1"“
634 3258 771 3351 θξίξίν
810 3258 873 3351 ξι
901 3258 1153 3351 5919a“?
1180 3264 1336 3305 sacra
1375 3248 1449 3351 i“_
1470 3246 1630 3351 Ρ¹θιξ⁶ξ
1654 3246 1770 3314 Dei:
1811 3247 2069 3351 ,δοξηθδξν
2100 3236 2147 3301 C
2183 3236 2273 3351 (iui
2306 3236 2702 3340 suspenderunt
2754 3269 3042 3323 Dominum
3077 3268 3131 3323 in
3175 3284 3353 3331 cruce,
3406 3267 3551 3323 inter
3581 3254 3788 3337 spinas

468 3335 537 3396 ‘in
574 3340 919 3406 multitudine
972 3340 1367 3411 Prophetarum
1435 3338 1539 3394 hoc
1578 3337 1721 3393 idem
1779 3335 2071 3409 signiﬁcat,

474 3427 609 3509 quia
647 3429 704 3495 in
730 3429 839 3493 ﬁne
864 3438 1163 3502 temporum
1199 3444 1266 3485 ex
1294 3432 1410 3502 ipsa
1433 3429 1589 3501 plebe
1619 3438 1929 3485 sanctarum
1956 3430 2074 3485 ani-

484 3535 702 3585 marum
735 3529 899 3587 natus
950 3530 1033 3576 est
1076 3519 1345 3587 Christus,
1410 3520 1670 3576 sterilitas
1713 3526 1898 3574 autem
1955 3517 2075 3588 ejus

470 3604 721 3675 'intimat,
761 3610 992 3679 quodin
1018 3613 1122 3681 hoc
1148 3611 1346 3668 saeculo
1378 3626 1472 3682 spe
1504 3609 1637 3665 salvi
1680 3609 1806 3664 facti
1863 3625 2070 3676 sumus,

483 3706 539 3756 et
567 3701 622 3756 in
652 3701 869 3759 Christo
908 3710 1164 3773 tauquam
1196 3703 1251 3758 in
1276 3702 1444 3767 isaae,
1488 3715 1679 3757 omnes
1712 3700 1826 3756 nati
1863 3717 2069 3768 sumus,

484 3811 647 3868 quem
686 3805 902 3868 partum
938 3797 1181 3853 Ecclesia
1229 3797 1283 3851 in
1335 3795 1441 3851 ﬁne
1490 3803 1793 3864 temporum
1837 3793 2072 3848 mirabili

486 3870 588 3949 Dei
637 3887 834 3959 gratia,
893 3903 999 3953 non
1044 3887 1279 3943 naturali
1346 3885 1681 3942 fecunditate
1737 3885 2069 3957 procreavit.

484 3974 607 4036 Jam
654 3975 849 4034 deinde
894 3978 1165 4049 sequentis
1209 3977 1449 4033 historia:
1484 3984 1903 4042 sacramentum,
1944 3976 2073 4046 quid

485 4064 810 4140 imaginarie
829 4067 1185 4139 portendebat
1210 4066 1600 4137 inspiciendum
1632 4078 1734 4122 est.
1779 4067 1913 4135 Quis
1939 4079 2073 4135 ergo

484 4160 543 4217 in
587 4148 862 4216 Abraham
906 4168 966 4215 ut
1007 4160 1319 4232 prerdictum
1357 4169 1459 4228 est,
1510 4176 1608 4233 per
1639 4161 1784 4217 illam
1824 4160 2071 4217 immola-

485 4253 690 4327 tionem
744 4250 1081 4324 ﬁgurabatur
1144 4252 1247 4306 nisi
1286 4249 1459 4307 Pater.
1511 4253 1801 4308 excelsus?
1840 4252 1973 4320 Quis
2017 4251 2071 4306 in

482 4342 637 4409 isaae
699 4343 802 4399 nisi
847 4343 1137 4410 Christus?
1173 4340 1308 4399 Nam
1358 4344 1499 4400 sicut
1543 4343 1815 4400 Abraham
1852 4344 2069 4399 unicum

484 4426 542 4494 et
567 4437 819 4493 dilectum
846 4436 1011 4502 ﬁlium
1035 4436 1143 4491 Deo
1170 4430 1685 4501 victimamobtulit,
1718 4436 1789 4491 ita
1812 4435 2070 4491 Domitius

464 4514 630 4585 'Dcus
679 4528 1025 4603 unigenitum
1060 4525 1227 4582 ﬁlium
1268 4543 1422 4583 suum
1482 4544 1581 4599 pro
1616 4528 1773 4584 nobis
1818 4528 2068 4584 omnibus

2180 3361 2364 3433 itaque
2392 3368 2739 3428 peccatorum
2766 3358 3115 3415 Judaicorum
3141 3373 3436 3429 suspensus
3468 3367 3552 3413 est
3574 3358 3785 3413 Domi-

2179 3467 2300 3517 nus,
2340 3452 2481 3506 sicut
2523 3465 2622 3521 per
2649 3449 2977 3505 Hieremiam
3008 3449 3148 3505 idem
3182 3449 3332 3515 dicit,
3362 3448 3530 3519 spinis
3573 3463 3782 3518 pecea-

2180 3551 2360 3605 torum
2388 3557 2609 3608 suorum
2639 3539 2996 3596 circumdedit
3025 3537 3469 3610 mepopulushic.
3494 3536 3597 3591 Alii
3626 3538 3789 3592 hunc

2180 3637 2405 3691 arietem
2464 3634 2720 3690 cornibus
2778 3631 2833 3687 in
2884 3632 3139 3703 vepribus
3166 3631 3461 3703 obligatum
3515 3631 3787 3687 eumdem

2178 3725 2452 3783 Christum
2492 3731 2809 3791 senserunt,
2837 3730 2965 3779 ante
3001 3738 3163 3794 quam
3201 3723 3568 3778 immolaretur
3591 3723 3785 3793 spinis

2179 3834 2209 3872 a
2238 3816 2436 3872 Iudaeis
2458 3824 2798 3871 coronatum.
2822 3814 3053 3869 Peracto
3076 3814 3241 3886 igitur
3268 3811 3541 3869 sacriﬁcio
3563 3812 3787 3868 dicitur

2177 3906 2429 3972 Abrahae,
2454 3907 2511 3961 in
2538 3906 2732 3961 semine
2775 3906 2881 3959 duo
2928 3902 3514 3960 benedicentur'omnes
3563 3916 3782 3975 gentes.

2180 3998 2405 4066 Quando
2426 3998 2573 4054 enim
2608 4000 2711 4054 hoc
2738 3996 2940 4053 factum
2985 4004 3091 4062 est,
3122 3996 3227 4052 nisi
3258 3994 3478 4067 "quando
3504 3995 3644 4052 dicit
3688 3998 3786 4054 ille

2180 4090 2342 4153 aries,
2374 4088 2617 4160 foderunt
2639 4105 2826 4143 manus
2871 4104 3016 4143 meas
3041 4098 3092 4143 et
3114 4088 3267 4158 pedes
3316 4104 3476 4154 meos,
3506 4098 3553 4141 et
3598 4088 3783 4142 dinu-

2178 4188 2507 4235 meraveruut
2543 4180 2721 4233 omnia
2745 4195 2862 4234 ossa
2895 4196 3032 4234 mea.
3062 4177 3177 4233 Hoc
3206 4178 3350 4233 enim
3391 4177 3606 4248 quando
3640 4194 3780 4249 per-

2180 4280 2360 4327 actum
2395 4280 2480 4327 est
2512 4270 2640 4326 illud
2672 4272 2724 4326 in
2754 4270 2985 4328 Psalmis
3029 4271 3376 4337 sacriﬁcium,
3408 4280 3533 4326 tunc
3563 4272 3616 4325 in
3652 4272 3785 4343 ipso

2179 4362 2395 4425 Psalmo
2418 4361 2620 4417 dictum
2649 4370 2751 4427 est,
2786 4364 3328 4417 commemorabuntur
3371 4372 3418 4417 et
3460 4373 3780 4419 conrerten.

2180 4464 2267 4509 tur
2290 4454 2358 4507 ad
2385 4451 2667 4507 Dominum
2692 4454 2916 4509 universi
2936 4454 3067 4523 ﬁnes
3106 4459 3278 4522 tei'rar,
3306 4463 3356 4510 et
3384 4453 3692 4508 adorabunt
3723 4456 3787 4511 in

2180 4560 2454 4629 conspectu
2495 4550 2610 4625 ejus
2639 4565 2812 4603 omnes
2842 4551 3028 4619 patria:
3056 4552 3308 4621 gentium,
3356 4550 3603 4622 quoniam
3654 4548 3782 4605 Do.

459 4618 728 4720 .Eradidnf
757 4616 846 4720 ,Εί
879 4616 1191 4720 δίθυι,15³³ξ⁵
1224 4617 1335 4703 ipse
1494 4617 1637 4720 ligna
1671 4617 1907 4720 Porta-Vi?
1949 4619 2071 4720 (ξυμ
2098 4603 2151 4662 D
2176 4603 2319 4697 ηιὶηἱι
2353 4652 2427 4697 est
2460 4603 2695 4720 regnum,
2731 4650 2779 4695 et
2826 4603 2934 4712 ipse
2971 4603 3329 4697 dominabitur
3368 4603 3620 4712 gentium.
3661 4603 3781 4698 lui...

482 4704 588 4764 bus
610 4715 728 4763 erat
757 4706 1132 4792 imponendus,
1170 4698 1323 4764 itaet
1346 4706 1591 4767 Christus
1631 4709 1861 4789 gestavit
1885 4709 1939 4764 in
1968 4711 2071 4765 hu-

484 4798 657 4861 meris
689 4797 894 4870 lignum
915 4798 1095 4854 crucis
1119 4814 1247 4864 sure,
1301 4798 1353 4854 in
1379 4814 1485 4869 quo
1513 4809 1631 4854 erat
1655 4799 2068 4872 cruciﬁgendus,

464 4882 592 4946 ‘duo
622 4895 804 4943 autem
847 4886 1044 4941 servuli
1070 4887 1285 4957 dimissi
1303 4894 1358 4943 et
1383 4904 1489 4944 non
1520 4889 1773 4958 perducti
1802 4890 2070 4946 adlowm

483 4977 742 5035 sacriﬁcii
776 4975 992 5033 Judmos
1043 4977 1435 5048 signiﬁcabant.
1488 4979 1589 5047 Qui
1641 4996 1764 5037 cum
1802 4982 2070 5038 serviliter
2156 4996 2159 4999 ·

483 5071 736 5126 viverent
786 5075 843 5124 et
890 5067 1182 5123 carnaliter
1219 5077 1495 5143 saperent,
1556 5086 1663 5126 non
1706 5072 2075 5144 intelligehant

482 5160 850 5219 humilitatem
900 5158 1124 5225 Christi,
1199 5159 1321 5216 ideo
1369 5161 1493 5230 quia
1552 5177 1657 5217 non
1710 5162 2079 5233 intelligebant

482 5253 798 5327 passionem
836 5251 1036 5309 Christi
1064 5267 1171 5308 non
1203 5262 1564 5323 pervenerunt
1606 5254 1672 5308 ad
1704 5254 1878 5310 locum
1904 5255 2074 5310 sacri-

483 5344 620 5403 ﬁcii.
658 5344 770 5401 Cur
805 5354 985 5401 autem
1025 5346 1133 5401 duo
1176 5348 1354 5402 servi?
1378 5345 1497 5403 Nisi
1524 5349 1648 5419 quia
1691 5350 1918 5420 populus
1956 5350 2072 5419 ipse

484 5436 546 5494 in
577 5437 713 5493 duas
746 5445 931 5507 partes
987 5435 1309 5493 dividendus
1353 5448 1492 5506 erat,
1555 5432 1941 5511 quod'lactu'm
1988 5440 2077 5508 eSt

464 5516 780 5582 ‘Salomone
816 5532 1096 5594 peccante,
1152 5527 1368 5596 quando
1404 5528 1605 5584 divisus
1644 5539 1730 5585 est
1776 5531 1919 5586 idem
1970 5546 2072 5601 po-

488 5615 650 5692 pulus
694 5615 812 5671 loco
858 5615 1033 5686 regni,
1104 5632 1213 5672 non
1262 5633 1449 5674 errore
1493 5620 1805 5689 impietatis,
1880 5624 2075 5693 quibus
2158 5632 2161 5635 ‘

487 5703 657 5764 etiam
723 5719 867 5775 saepe
914 5719 1013 5794 per
1055 5704 1359 5778 Prophetas
1414 5708 1657 5765 dicitur:
1714 5711 2073 5771 Adversatrix

490 5798 664 5867 hrael
700 5806 755 5857 et
782 5800 1188 5877 praevaricatrix
1210 5801 1366 5859 Juda.
1418 5803 1629 5863 Asinus
1646 5815 1827 5865 autem
1860 5808 1950 5868 ille
1995 5811 2075 5868 in-

2177 4734 2378 4793 molato
2429 4733 2595 4804 igitur
2626 4733 2901 4789 Abraham
2948 4750 3047 4804 pro
3092 4732 3240 4789 isaae
3281 4734 3393 4789 ﬁlio
3421 4749 3518 4790 suo
3547 4735 3735 4792 ariete
3763 4778 3781 4804 ,

2173 4824 2389 4889 vocavit
2436 4840 2634 4880 nomen
2679 4824 2783 4881 ioci
2839 4824 3001 4890 illius,
3051 4824 3310 4880 Dominus
3337 4826 3503 4892 videt,
3549 4842 3655 4897 pro
3703 4844 3777 4885 eo

2171 4917 2317 4991 quod
2364 4917 2624 4973 Dominus
2664 4917 2833 4972 videri
2877 4933 2934 4975 se
2965 4915 3091 4976 fecit
3133 4918 3318 4988 utique
3359 4933 3459 4988 per
3499 4912 3772 4974 incarna-

2173 5010 2399 5079 tionem,
2427 5024 2587 5080 quam
2620 5022 2718 5083 pro
2744 5008 3115 5085 redemptione
3147 5007 3362 5078 generis
3392 5008 3614 5085 humani
3642 5023 3776 5073 sus-

2162 5101 2340 5172 eepit,
2378 5108 2434 5155 et
2477 5116 2575 5171 per
2615 5081 2778 5168 quam
2820 5081 3009 5155 omnes
3055 5099 3256 5155 electos
3314 5114 3441 5155 suos
3482 5081 3551 5154 ad
3596 5100 3779 5155 vitam

2173 5189 2437 5262 perducet
2503 5190 2893 5260 sempiternam
2964 5187 3122 5245 Jes‘us
3187 5188 3438 5246 Christus
3502 5191 3779 5249 Dominus

2173 5288 2378 5344 noster,
2423 5280 2517 5363 qui
2556 5279 2691 5334 vivit
2720 5288 2789 5338 ,ει
2826 5288 3016 5350 regnat
3055 5296 3181 5343 etut)
3206 5281 3319 5336 Deo
3346 5281 3507 5339 Patre
3551 5283 3609 5339 in
3637 5285 3777 5341 uni-

2175 5379 2288 5426 tate
2311 5368 2559 5440 Spiritus.
2591 5369 2789 5436 sancti,
2811 5385 2917 5441 per
2945 5371 3125 5427 omnia
3155 5370 3354 5427 saecula
3398 5372 3732 5432 saeculorum
3756 5413 3779 5445 ,

2171 5460 2380 5535 Ament

2571 5551 2757 5620 Lectio
2793 5553 2915 5609 libri
2939 5556 3364 5615 Deutcronomii.

2258 5640 2321 5695 In
2342 5641 2520 5698 diebus
2564 5643 2671 5698 illis
2715 5645 2920 5715 scripsit
2949 5645 3155 5720 Moyses
3200 5648 3483 5718 canticum,
3510 5642 3627 5715 etc}
3660 5650 3773 5718 Bb

2182 5733 2330 5806 quire
2354 5734 2407 5791 in
2427 5734 2603 5807 vigilia
2632 5733 2877 5801 Pascha’.‘
