3974 6364
208 362 339 437 ’Ἀθ

684 482 876 543 Lectio
899 483 1052 541 Isaire
1071 483 1365 556 propheue.

238 614 243 619 ε
303 579 374 637 Its
419 575 604 635 diebus
627 577 734 633 illis
756 576 1139 648 apprehenderat
1163 584 1350 646 septem
1399 574 1669 641 mulieres,
1710 584 1818 631 etc.

229 672 464 745 Require
492 671 548 726 in
571 669 745 742 vigilia
777 667 1026 725 Puscha’.

805 746 1085 815 IIOMILIA
1128 755 1260 813 LIV.

636 862 657 887 ί
783 865 837 905 IN
876 863 1053 905 EODEI
1093 862 1261 904 γεετο

477 941 667 999 Lectio
702 939 952 997 Ieremia:
991 938 1249 1013 [Barnch]
1284 930 1581 1008 prophetat.

307 1031 469 1097 Audi,
500 1024 704 1095 'Israel,
749 1041 1010 1100 prwcepta
1057 1029 1217 1088 uiue:
1264 1028 1481 1081 auribus
1523 1028 1727 1097 percipe
1768 1035 1826 1080 ut

226 1125 374 1178 scias
429 1121 794 1193 prudentiam,
847 1127 952 1175 etc.
1002 1119 1128 1174 Haec
1170 1118 1331 1174 lectio
1395 1127 1502 1173 tam
1554 1116 1828 1174 lsraclitas

220 1214 388 1283 juxta
435 1212 721 1268 historiam
766 1226 929 1282 quam
981 1211 1144 1265 etiam
1176 1209 1430 1280 populum
1460 1208 1827 1263 Christianum

228 1305 533 1361 secundum
561 1303 873 1375 allegoriam
904 1303 1063 1357 docet
1105 1310 1266 1373 atque
1299 1302 1621 1355 exhortatur
1646 1308 1704 1352 ut
1733 1314 1829 1352 au-

225 1397 406 1451 ditum
432 1396 613 1451 cordis
646 1395 902 1449 adhibeat
942 1392 1007 1447 ad
1050 1391 1306 1448 discenda
1343 1391 1595 1446 mandata
1641 1390 1735 1445 Dei
1774 1397 1829 1444 et

229 1487 617 1561 l-Ivangelicam
666 1485 969 1541 doctrinam
1025 1483 1426 1554 percipiendam
1499 1481 1829 1552 itnplcatque

225 1596 399 1648 opere
421 1578 563 1648 quod
594 1577 844 1648 intelligit
871 1576 1052 1631 corde.

309 1671 451 1737 Quid
472 1680 564 1734 est,
595 1668 788 1735 Israel,
808 1669 950 1739 quod
970 1670 1025 1723 in
1046 1679 1185 1723 terra
1212 1668 1540 1722 inimicorum
1567 1685 1619 1722 es
1640 1669 1831 1721 invete—

227 1773 383 1815 ratas
399 1762 425 1815 .’
449 1761 815 1831 coinquinatus
837 1777 891 1814 es
915 1776 1033 1813 cum
1062 1759 1305 1824 mortuis,
1333 1759 1612 1829 deputatus
1636 1776 1689 1813 es
1711 1775 1828 1812 cum

1331 369 1636 428 uouth
1674 368 1740 425 IN
1782 366 2035 425 EVANG.
2067 355 2406 429 ET'EPIST.

3381 352 3509 435 sse

1845 490 1897 550 Α
1921 481 2286 538 intellexerunt
2310 484 2521 538 semitas
2546 482 2684 555 ejus,
2716 498 2879 553 neque
2904 496 3241 557 susceperunt
3265 503 3380 543 eant
3406 468 3509 560 lilii

1921 592 2120 641 eorum,
2152 593 2184 628 a
2209 576 2345 645 facie
2382 574 2595 630 illorum
2631 575 2781 647 longe
2823 576 2965 646 facta
3009 587 3104 631 est.
3146 578 3338 649 Arguit
3377 595 3508 651 pro-

1920 669 2084 738 pheta
2112 664 2396 741 stultitiam
2417 668 2678 738 gentium,
2705 683 2824 739 qua:
2847 668 2898 722 in
2932 667 3268 738 principibus
3288 671 3402 725 suis
3428 672 3510 727 vl-

1923 757 2191 813 debantur
2234 757 2499 813 dominari
2562 773 2726 827 super
2767 758 2970 813 bestias
3036 766 3194 814 teme
3249 770 3304 815 et
3355 760 3510 818 ludos

1921 863 2180 905 exercere
2207 849 2456 904 manibus
2496 850 2644 915 Cll‘li,
2672 858 2727 904 ct
2766 851 2819 905 in
2863 851 2964 906 hoc
2988 850 3314 921 voluptatem
3357 868 3511 909 snam

1923 940 2143 1011 explere
2170 957 2411 1013 seposse
2445 943 2806 1015 mstimabant,
2854 952 2907 998 et
2945 959 3044 1013 per
3087 945 3370 1000 avaritiam
3417 962 3508 1000 ar-

1925 1046 2142 1109 gentum
2170 1046 2226 1092 et
2253 1053 2441 1091 aurum
2467 1038 2692 1092 multum
2715 1038 3104 1108 exquisierant,
3139 1046 3193 1092 et
3213 1039 3511 1109 posscssio-

1926 1141 2023 1180 nes
2055 1126 2193 1180 ultra
2224 1127 2441 1181 modum
2470 1127 2673 1182 habere
2702 1129 3006 1193 certabant,
3036 1126 3386 1198 feceruntque
3408 1129 3510 1185 sibi

1926 1217 2192 1288 sculptilia
2258 1225 2420 1287 atque
2463 1216 2753 1273 simulacra
2793 1233 2857 1272 ex
2907 1232 3039 1271 auro
3084 1225 3247 1287 atque
3290 1225 3513 1287 argento

1920 1307 2073 1379 juxta
2100 1309 2465 1365 inventionem
2494 1325 2655 1381 quam
2686 1309 2784 1381 ipsi
2813 1310 2915 1365 sibi
2945 1310 3411 1381 excogitaverunt.
3446 1294 3520 1366 Et.

1926 1397 2053 1454 licet
2078 1398 2132 1453 in
2154 1398 2403 1470 plurimis
2428 1400 2631 1456 divitiis
2677 1409 2733 1455 et
2770 1400 2963 1471 opibus
3007 1402 3237 1456 terrenis
3265 1399 3367 1456 sibi
3411 1417 3510 1472 ap-

1925 1488 2263 1559 plauderent,
2292 1489 2384 1560 qui
2409 1503 2557 1559 spem
2583 1503 2737 1544 suam
2768 1497 2936 1543 totam
2968 1489 3022 1543 in
3045 1489 3151 1544 illis
3181 1497 3505 1559 posuerunt,

1928 1587 2107 1633 tamen
2141 1587 2463 1649 pnesentem
2493 1578 2661 1632 vitam
2707 1578 2759 1633 in
2804 1593 2969 1655 carne
2994 1578 3207 1632 mortali
3235 1579 3512 1633 ﬁnierunt.

1925 1669 2251 1741 lllorumque
2279 1670 2473 1725 anima:
2498 1684 2599 1740 pro
2636 1682 2824 1724 errore
2871 1679 2926 1724 et
2968 1666 3272 1724 malefactis
3324 1682 3514 1722 eorum

1929 1763 2144 1819 inferno
2167 1765 2426 1820 demersae
2448 1773 2594 1827 sunt,
2625 1772 2681 1818 et
2698 1761 2788 1817 alii
2820 1762 2875 1816 in
2902 1762 3081 1817 locum
3110 1762 3347 1832 ipsorum
3380 1775 3504 1815 sur-

224 1852 313 1904 his
353 1851 446 1922 qui
500 1851 556 1905 in
605 1849 813 1919 inferno
873 1858 1028 1913 sunt,
1074 1863 1297 1903 causam
1355 1847 1607 1903 vindicta;
1662 1863 1823 1919 quam
1854 1839 1902 1899 B
1930 1860 2185 1908 rexerunt
2220 1851 2467 1921 juvenes,
2499 1852 2754 1907 viderunt
2807 1851 2986 1906 lumen
3034 1858 3092 1906 et
3134 1850 3517 1905 habitaverunt

225 1942 384 2009 prior
436 1939 666 2011 papulas
722 1954 1016 2011 perpessus
1059 1946 1144 1994 est
1208 1940 1263 1993 in
1310 1939 1625 2008 captivitate
1672 1947 1830 1993 terra:

224 2033 422 2087 aliena:
449 2032 550 2087 sub
580 2031 1002 2102 interrogatione
1023 2030 1282 2100 exquirit,
1312 2031 1406 2085 sed
1432 2045 1557 2085 mox
1585 2030 1825 2100 exponit,

226 2124 372 2177 unde
396 2123 470 2177 eis
508 2131 658 2177 tanta
694 2122 836 2175 mala
878 2130 1149 2186 venerunt,
1193 2112 1401 2176 Scilicet
1449 2122 1592 2191 quod
1636 2120 1832 2175 dereli-

226 2222 470 2283 quernnt
496 2213 701 2269 fontem
720 2212 1001 2283 sapientia:
1024 2211 1193 2267 Deum
1222 2227 1431 2278 verum,
1460 2220 1515 2267 et
1541 2211 1829 2266 Dominum

228 2312 479 2360 nostrum
507 2304 690 2360 Jesum
716 2303 1013 2369 Christum,
1043 2303 1299 2372 quoniam
1328 2303 1371 2357 si
1416 2301 1512 2357 Dei
1558 2301 1830 2357 mandatis

226 2396 540 2462 obedirent,
562 2411 686 2451 cum
730 2409 864 2464 pace
891 2394 946 2448 in
978 2404 1124 2450 terra
1156 2409 1251 2449 sua
1283 2394 1592 2448 habitarent
1639 2392 1831 2448 simili-

229 2496 317 2541 ter
339 2487 506 2542 etiam
539 2486 945 2542 ecclesiasticus
972 2484 1219 2555 populus,
1251 2485 1297 2540 si
1335 2484 1660 2555 Evangeliea
1691 2498 1823 2552 prte-

227 2585 391 2645 eepta
438 2586 586 2633 recte
625 2576 896 2632 credendo
945 2584 1001 2630 et
1026 2576 1167 2630 bene
1194 2576 1427 2630 vivendo
1454 2574 1757 2629 custodiret
1775 2581 1833 2629 et

224 2676 458 2741 peccata
481 2667 535 2722 in
559 2675 822 2737 quantum
851 2674 1036 2736 posset
1060 2665 1324 2721 devitaret
1353 2683 1367 2718 :
1399 2666 1451 2720 in
1474 2680 1607 2735 pace
1635 2664 1835 2735 sempi-

229 2770 389 2815 terna
421 2758 709 2823 habitaret,
729 2758 870 2811 unde
892 2757 1172 2827 Scriptura
1195 2758 1323 2813 dicit
1347 2775 1360 2811 :
1382 2773 1487 2828 pax
1515 2757 1683 2814 multa
1704 2758 1829 2813 dili-

232 2851 491 2922 gentibus
529 2865 722 2904 nomen
768 2859 937 2917 tuum,
967 2849 1215 2915 Domine,
1258 2859 1314 2907 et
1357 2866 1463 2906 non
1513 2859 1598 2906 est
1640 2851 1695 2905 iu
1725 2850 1833 2906 illis

236 2939 585 3004 scandalum,
629 2948 734 2995 etc.

184 3014 208 3024 ”
309 3030 467 3085 Disce
489 3032 576 3086 ubi
601 3035 667 3085 sit
698 3032 977 3104 sapientia,
1004 3033 1094 3087 ubi
1121 3036 1189 3087 sit
1215 3035 1379 3088 virtus
1407 3033 1497 3087 ubi
1521 3034 1590 3088 sit
1606 3032 1834 3104 pruden-

200 3144 205 3145 ν
228 3123 333 3187 tia,
364 3132 419 3176 ut
447 3123 584 3177 scias
620 3123 777 3177 simul
803 3124 891 3178 ubi
919 3126 988 3179 sit
1023 3124 1397 3195 longiturnitas
1420 3124 1537 3178 vita:
1561 3133 1607 3178 et
1635 3125 1826 3188 victus,

198 3215 324 3269 .ubi
363 3215 432 3268 sit
455 3212 630 3268 lumen
657 3213 928 3267 oculorum
953 3224 1000 3268 et
1030 3230 1156 3285 pax.
1189 3212 1454 3269 Provocat
1487 3228 1618 3286 ergo
1643 3215 1829 3268 admo-

230 3304 370 3359 nitio
392 3304 705 3374 prephetica
750 3305 1027 3358 auditores
1051 3319 1180 3359 suos
1205 3304 1275 3358 ad
1300 3304 1692 3373 exquirendam
1733 3319 1827 3359 sa-

228 3396 496 3465 pientiam
533 3396 795 3461 divinam,
838 3404 894 3452 et
936 3397 1195 3452 virtutem
1242 3405 1404 3466 atque
1461 3397 1824 3467 prudentiam.

228 3484 303 3539 Et
339 3501 460 3555 qua:
484 3496 572 3541 est
597 3486 687 3541 illa
736 3487 838 3542 nisi
886 3488 1194 3559 redemptor
1236 3496 1442 3553 noster,
1489 3488 1582 3557 qui
1624 3496 1709 3543 est
1734 3503 1828 3544 sa-

227 3579 440 3649 pientia
464 3578 569 3634 Dei-
586 3587 642 3633 et
662 3579 856 3643 virtus,
884 3588 942 3634 et
980 3579 1218 3634 salvator
1241 3579 1483 3633 omnium
1525 3578 1825 3646 hominum,

230 3671 475 3727 maxime
514 3670 773 3729 ﬁdelium.
820 3672 894 3727 De
931 3687 1039 3740 quo
1080 3670 1374 3742 Apostolus
1405 3672 1525 3725 ait:
1557 3668 1828 3725 Christum

227 3760 355 3817 dico
382 3763 620 3817 virtutem
644 3773 693 3817 et
731 3762 827 3816 Dei
853 3763 1188 3833 sapientiam,
1219 3778 1312 3817 nec
1347 3771 1424 3816 est
1451 3760 1601 3817 aliud
1642 3776 1829 3818 nomen

228 3856 424 3909 datum
468 3853 764 3908 hominibus
811 3853 913 3908 sub
949 3851 1174 3908 caelo'in
1202 3869 1305 3923 quo
1332 3861 1567 3925 oporteat
1610 3851 1825 3908 salvari.

229 3947 341 4014 Qui
367 3960 496 4017 ergo
519 3946 691 4002 credit
726 3946 781 4000 in
810 3945 959 4000 illum
998 3954 1054 4000 et
1095 3945 1349 4000 mandata
1388 3944 1508 4014 ejus
1551 3953 1699 4001 recte
1735 3960 1830 3999 eu—

228 4039 405 4100 stodit
437 4054 544 4097 non
595 4036 957 4094 confundetur
999 4038 1052 4092 in
1102 4046 1392 4103 aeternum,
1418 4038 1545 4108 quia
1573 4037 1692 4109 ipse
1735 4036 1828 4093 lux

228 4139 319 4187 est
344 4145 475 4186 vera
503 4140 621 4200 quae
645 4129 911 4185 illuminat
941 4136 1159 4184 omnem
1201 4128 1475 4183 hominem
1519 4127 1826 4181 venientem

226 4225 288 4280 in
322 4224 468 4278 hunc
516 4222 802 4286 mundum,
832 4228 890 4274 et
936 4236 1039 4292 pax
1088 4220 1244 4275 tirma
1274 4234 1395 4289 quae
1426 4218 1558 4274 fecit
1600 4228 1829 4288 utraque

225 4331 424 4379 unum,
445 4322 499 4369 et
523 4313 756 4369 medium
782 4312 1042 4383 parietem
1069 4310 1372 4366 dissolvens
1412 4309 1687 4367 interiecit
1727 4313 1829 4367 ini-

225 4403 556 4461 micitias'in
578 4418 743 4458 carne
787 4416 905 4457 sua.
950 4401 1125 4471 Ipsius
1158 4416 1288 4471 ergo
1322 4400 1473 4456 locus
1501 4410 1586 4456 est
1609 4416 1826 4456 sacrum

224 4493 607 4564 Evangelium,
631 4500 685 4548 et
706 4507 862 4547 sacra
902 4492 1106 4561 scripta
1135 4492 1225 4547 ubi
1268 4501 1400 4548 sunt
1442 4492 1686 4548 thesauri
1731 4508 1821 4548 sa-

222 4559 454 4654 pientia:
473 4591 531 4637 et
550 4581 791 4637 scientia:
810 4559 1131 4644 absconditi,
1175 4583 1434 4651 mysteria
1457 4582 1710 4638 videlicet
1741 4582 1824 4638 di—
1852 4559 1901 4619 θ

228 4674 365 4729 vina
389 4689 420 4728 a
458 4672 672 4729 saeculis
710 4680 766 4727 et
805 4672 1264 4743 generationibus,
1294 4674 1605 4729 revelantttr
1643 4684 1823 4729 autem

194 4766 485 4825 .i'tdelibus
506 4774 562 4821 et
588 4764 725 4819 bene
764 4762 974 4819 devotis
1018 4763 1331 4819 hominibus
1364 4780 1463 4835 per
1506 4766 1682 4835 ipsum
1708 4781 1824 4820 me-

224 4856 504 4910 diatorem
526 4852 621 4908 Dei
641 4861 699 4907 et
719 4852 1024 4918 hominum,
1046 4851 1141 4922 qui
1161 4852 1351 4908 dilexit
1372 4868 1473 4909 nos
1497 4862 1554 4909 et
1575 4854 1710 4909 lavit
1727 4870 1827 4910 nos

222 4962 262 5000 τι
292 4945 538 5016 peccatis
558 4943 759 5000 nostris
780 4944 832 4997 in
860 4944 1124 5015 sanguine
1146 4959 1267 5000 suo.
1293 4944 1588 5015 Sequitur:

308 5035 413 5097 Ubi
433 5047 552 5091 sunt
573 5036 831 5106 principes
849 5037 1079 5111 gentium
1102 5046 1151 5091 et
1183 5039 1273 5108 qui
1310 5038 1650 5093 dominantur
1675 5055 1832 5109 super

222 5131 431 5186 bestias
453 5140 569 5200 qua:
607 5139 728 5188 aunt
754 5130 812 5192 in.
831 5130 1012 5184 terra?
1037 5128 1141 5195 Qui
1180 5132 1234 5185 in
1262 5129 1443 5185 avibus
1475 5130 1588 5185 creti
1614 5130 1827 5197 ludunt,

220 5222 326 5292 qui
373 5230 647 5290 argentum
686 5220 1043 5277 thesaurizant
1083 5231 1131 5274 et
1158 5230 1371 5283 aurum”,
1414 5222 1471 5276 in
1507 5237 1612 5292 quo
1657 5220 1828 5290 conﬁ-

222 5312 370 5375 dunt
399 5310 654 5378 homines,
701 5323 749 5369 et
797 5331 901 5368 non
937 5322 1012 5369 est
1053 5312 1172 5381 ﬁnis
1207 5310 1546 5383 possessionis
1595 5327 1777 5365 eorum
1803 5310 1830 5365 ?

224 5400 345 5469 Qui
373 5412 644 5472 argentum
681 5403 943 5470 fabricant
964 5413 1012 5458 et
1041 5401 1408 5467 sollicitisunt,
1437 5417 1530 5455 nec
1552 5409 1629 5455 est
1650 5400 1829 5454 inven-

214 5500 308 5547 s'to
335 5507 549 5560 operum
570 5492 801 5547 illorum.
829 5491 899 5547 Et
928 5496 1102 5547 tamen
1141 5491 1473 5547 exterminati
1512 5501 1655 5557 sunt,
1679 5500 1728 5546 et
1757 5490 1827 5545 ad

220 5580 435 5652 inferias
478 5583 877 5649 descenderunt,
921 5594 971 5639 et
1006 5583 1100 5639 alii
1138 5584 1195 5637 in
1233 5581 1406 5636 locum
1449 5580 1662 5636 illorum
1701 5596 1824 5635 sur-

228 5683 504 5728 rexerunt.
528 5675 753 5731 quenes
786 5675 1025 5730 uiderunt
1050 5675 1227 5729 lumen
1267 5682 1314 5727 et
1338 5672 1701 5727 habitaverunt
1730 5688 1826 5726 su-

223 5776 328 5832 κν
366 5771 597 5833 terram,
619 5765 757 5829 uiam
781 5774 956 5845 autem
993 5764 1285 5821 disciplina:
1321 5763 1644 5831 nescierunt,
1664 5777 1828 5833 neque

1928 1961 2094 2016 super
2132 1954 2358 2001 terram.
2404 1943 2640 2000 Iuvenes
2689 1942 2781 1999 hic
2832 1958 3122 2014 possumus
3170 1940 3518 2013 philosoiihos

1928 2038 2169 2110 gentium
2194 2036 2514 2107 intelligere,
2546 2036 2638 2105 qui
2660 2035 2895 2105 aliquam
2927 2033 3219 2089 scintillam
3252 2032 3513 2098 scientiae,

1929 2129 1982 2184 in
2006 2128 2234 2184 diversis
2262 2128 2471 2183 artibus
2513 2136 2570 2183 et
2598 2125 3052 2196 disputationibus
3080 2125 3296 2181 disertae
3322 2124 3519 2194 lingua:

1928 2224 2277 2286 acceperunt,
2306 2216 2400 2271 sed
2423 2224 2603 2271 tamen
2627 2216 2768 2270 hanc
2795 2215 3062 2270 veraciter
3079 2228 3177 2283 per
3200 2196 3382 2268 omnia
3409 2228 3515 2266 non

1930 2310 2270 2374 invenerunt,
2323 2310 2449 2379 quia
2492 2309 2561 2363 ad
2608 2316 2878 2364 terrenam
2916 2306 3238 2377 sapientiam
3285 2314 3338 2361 et
3364 2305 3521 2359 istius

1928 2399 2115 2455 mundi
2159 2398 2446 2454 stultitiam
2476 2398 2736 2468 quidquid
2782 2399 2835 2452 in
2877 2396 3219 2468 dogmatibus
3253 2394 3366 2449 suis
3393 2408 3518 2464 pro-

1931 2490 2177 2545 ferebant
2222 2498 2398 2544 totum
2439 2489 2779 2558 redigebant,
2820 2489 2962 2541 viam
3007 2495 3185 2541 autem
3224 2483 3522 2555 disciplinae

1932 2583 2263 2647 nescierunt,
2306 2582 2433 2652 quia
2459 2582 2603 2636 viam
2632 2580 2928 2650 disciplina:
2957 2594 3076 2649 qua:
3120 2578 3370 2632 Christus
3409 2580 3515 2638 est,

1930 2675 2200 2747 quomodo
2224 2675 2338 2744 ipse
2359 2681 2443 2729 est
2468 2681 2659 2728 auctor
2682 2671 2851 2727 totius
2892 2669 3019 2725 boni
3052 2668 3385 2731 nescierunt,
3422 2681 3520 2720 ne-

1932 2757 2037 2837 que
2059 2764 2443 2821 intellexerunt
2458 2763 2704 2818 semitam
2724 2762 3100 2817 mandatorum
3114 2758 3251 2829 ejus,
3279 2772 3379 2812 nec
3392 2755 3522 2826 ipsi,

1932 2873 2034 2913 nec.
2056 2855 2150 2910 lilii
2178 2870 2390 2921 eorum,
2418 2854 2523 2909 hoc
2543 2864 2649 2919 est,
2674 2853 2975 2907 imitatores
2997 2849 3235 2921 perfidia:
3276 2848 3513 2908 illorum,

1930 2946 2088 3017 long-2
2109 2946 2253 3000 enim
2284 2961 2314 2999 a
2342 2944 2481 2999 facie
2510 2958 2699 2998 eorum
2728 2942 2870 2997 facta
2898 2949 3005 3004 est,
3045 2941 3171 3009 quia
3215 2954 3399 2993 veram
3442 2937 3504 2991 li-

1935 3037 2057 3091 dem
2083 3035 2286 3111 Christi
2312 3034 2593 3105 percipere
2618 3041 2932 3089 renuerunt.
2963 3031 3117 3087 Unde
3141 3031 3209 3085 de
3232 3030 3335 3084 illis
3360 3028 3517 3083 Psal-

1935 3130 2095 3184 mista
2125 3128 2202 3182 ait
2228 3145 2241 3180 :
2272 3125 2447 3198 Longe
2469 3134 2544 3181 est
2570 3142 2603 3180 α
2640 3124 2999 3196 peccatoribus
3022 3122 3190 3187 salus,
3216 3122 3340 3192 quia
3354 3120 3521 3191 justi-

1931 3221 2202 3291 ﬁcationes
2235 3217 2328 3271 Dei
2370 3233 2473 3271 non
2517 3215 2895 3287 exquisierunt.
2941 3202 3235 3282 Sequitur:

2004 3309 2125 3364 Non
2155 3317 2229 3363 est
2252 3307 2437 3361 audita
2465 3308 2521 3361 in
2545 3305 2820 3368 Chanaan,
2868 3320 3032 3375 neque
3065 3303 3177 3357 uisa
3205 3313 3280 3356 est
3301 3301 3356 3354 in
3388 3298 3523 3354 The-

1929 3419 2075 3457 man.
2108 3398 2237 3453 Filii
2284 3414 2489 3470 quoque
2522 3398 2685 3468 Agar,
2718 3395 2819 3467 qui
2859 3395 3139 3466 exquirunt
3188 3389 3523 3463 prudentium

1927 3510 2047 3564 qua:
2072 3492 2137 3546 de
2162 3502 2303 3546 terra
2329 3500 2426 3556 est,
2453 3490 2774 3560 negotiantes
2811 3495 2967 3541 terra:
2997 3481 3270 3557 [Μονῆταν]
3301 3490 3351 3536 et
3391 3480 3523 3534 The-

1929 3602 2074 3649 man,
2096 3592 2145 3638 et
2187 3580 2530 3653 fabulatores,
2568 3589 2617 3634 et
2652 3579 2996 3649 exquisitores
3032 3574 3325 3646 prudentia?
3350 3581 3399 3626 et
3438 3571 3523 3625 in-

1930 3674 2229 3745 telligentia:
2253 3686 2273 3724 :
2308 3672 2445 3727 uiam
2489 3679 2662 3724 autent
2703 3669 2974 3739 sapientia:
3021 3665 3333 3729 nescierunt,
3360 3678 3524 3745 neque

1929 3765 2274 3821 meminerunt
2299 3764 2605 3818 seruiturum
2640 3761 2773 3831 ejus.
2801 3761 2906 3816 Per
2934 3761 3152 3814 nomina
3194 3758 3434 3813 locorum
3466 3756 3521 3810 in

1929 3855 2127 3924 quibus
2168 3861 2359 3923 gentes
2404 3851 2532 3907 olim
2576 3850 2901 3905 habitabant
2947 3847 3271 3916 exprimitur
3315 3843 3525 3898 erroris

1927 3958 2115 3999 eorum
2139 3942 2378 4012 nequitia
2417 3949 2472 3995 et
2492 3940 2741 4003 doctrina
2784 3937 3045 3993 stultitim.
3075 3934 3210 3989 Nam
3260 3932 3522 3989 Chanaan

1929 4032 2315 4102 interpretatur
2340 4029 2668 4101 negotiator,
2708 4028 2949 4081 Tlieman
2982 4028 3374 4093 interpretatur
3399 4020 3512 4075 Au-

1928 4131 2060 4178 ster.
2088 4120 2236 4191 Agar
2271 4120 2658 4189 interpretatur
2697 4117 2905 4171 advena
2948 4116 3032 4169 vel
3070 4127 3353 4168 conversa.
3385 4112 3518 4178 Qui-

1929 4226 2142 4281 cunque
2162 4210 2307 4265 enim
2345 4208 2573 4279 negotiis
2599 4207 2833 4261 terrenis
2870 4206 3162 4261 indiscrete
3190 4203 3429 4258 abutitur
3468 4211 3525 4257 et

1928 4302 2125 4356 ardore
2152 4299 2467 4370 cupiditatis
2494 4298 2769 4354 inhianter
2806 4297 3090 4361 incumbit,
3120 4295 3464 4363 alienumque
3489 4307 3523 4351 ει

1929 4392 2208 4462 disciplina
2241 4390 2453 4446 Domini
2494 4399 2550 4444 et
2583 4397 2784 4444 sanctae
2816 4387 3072 4442 Eeclesim
3114 4386 3375 4441 societate
3393 4383 3523 4439 elle-

1930 4474 2084 4548 cerit,
2110 4484 2415 4553 fabulisque
2436 4481 2628 4537 otiosis
2655 4489 2710 4536 et
2732 4482 2886 4535 vanis
2910 4480 3117 4536 lusibus
3136 4493 3196 4534 se
3218 4492 3524 4546 occupave-

1928 4579 2019 4642 rit,
2051 4577 2256 4632 Iieetse
2284 4574 2605 4645 prudentem
2652 4573 2907 4638 aestimet,
2954 4586 3052 4641 per
3072 4570 3254 4625 omnia
3291 4583 3350 4623 se
3383 4567 3519 4623 stul-

1928 4677 2041 4722 tum
2072 4680 2194 4722 esse
2229 4665 2455 4729 indicat,
2484 4663 2608 4733 quia
2642 4663 2784 4717 viam
2832 4662 3098 4724 veritatis,
3145 4668 3200 4714 et
3241 4659 3523 4728 sapientiae

1928 4772 2175 4813 normam
2202 4772 2308 4811 non
2331 4756 2481 4823 eligit
2507 4762 2563 4807 et
2598 4754 2803 4823 judicia
2830 4752 2924 4807 Dei
2971 4752 3182 4806 discere
3210 4756 3266 4805 et
3292 4762 3518 4803 servare

1926 4867 2025 4922 per
2048 4850 2228 4904 omnia
2267 4847 2495 4918 spernit.
2524 4846 2819 4916 Postquam
2858 4844 3118 4915 propheta
3161 4842 3229 4897 de
3255 4839 3517 4910 reprobo-

1934 4956 2051 4997 rum
2079 4940 2425 4996 damnatione
2447 4954 2756 4995 sermonem
2780 4936 3037 5007 explevit,
3074 4933 3343 4990 convertit
3370 4946 3430 4987 se
3450 4929 3521 4986 ad

1930 5032 2325 5103 praedicandam
2366 5029 2582 5086 laudem
2625 5031 2816 5086 domus
2859 5027 2954 5082 Dei
2981 5036 3038 5082 et
3070 5024 3289 5081 virtutis
3323 5021 3521 5078 divina:

1929 5125 2222 5193 potentiam
2258 5121 2956 5179 demonstrandamdicens
2985 5136 3004 5173 :
3120 5168 3125 5171 .
3328 5160 3335 5169 .

1954 5240 1959 5245 ~
2001 5215 2045 5271 0
2073 5214 2282 5269 Israel!
2307 5230 2467 5283 quam
2490 5229 2682 5284 magna
2726 5212 2912 5266 domus
2933 5209 3053 5289 Dei,
3093 5218 3142 5263 et
3166 5209 3348 5279 iugem
3370 5204 3520 5261 locus

1930 5307 2269 5377 possessionis
2292 5305 2407 5375 ejus
2424 5306 2442 5358 .'
2457 5304 2647 5375 Magus
2667 5314 2741 5358 est
2756 5313 2803 5356 et
2826 5318 2928 5356 non
2942 5301 3094 5355 habet
3113 5295 3521 5354 consummatio-

1931 5410 2085 5462 nem;
2114 5395 2345 5452 excelsus
2362 5405 2410 5450 et
2427 5396 2731 5449 immensus.
2749 5392 2833 5446 Ibi
2861 5392 3072 5460 fuerunt
3093 5390 3328 5460 gigantes
3350 5385 3516 5441 nanti-

1933 5489 2046 5544 nati
2072 5488 2151 5543 illi
2174 5488 2265 5559 qui
2287 5487 2353 5541 ab
2383 5487 2541 5541 initio
2555 5486 2793 5556 fuerunt,
2816 5492 3020 5537 statura
3056 5496 3273 5550 magna,
3297 5477 3519 5532 scientes

1934 5581 2145 5636 bellum.
2169 5578 2295 5634 Non
2318 5581 2414 5635 hos
2432 5578 2585 5649 elegit
2604 5577 2885 5640 Dominus,
2902 5591 3065 5645 neque
3078 5573 3214 5637 uiam
3225 5567 3517 5638 disciplina

1932 5671 2276 5725 invenerunt:
2304 5677 2580 5739 propterea
2607 5666 2894 5737 perierunt.
2932 5664 2996 5717 Et
3022 5660 3267 5733 quoniam
3292 5672 3394 5710 non
3419 5654 3519 5706 lto-

1933 5760 2153 5817 buerunt
2179 5757 2838 5835 sapientiantriuterierunt
2863 5760 3074 5827 propter
3092 5765 3244 5821 suam
3268 5744 3515 5825 insipien-
