3974 6364
186 340 311 401 237.

1256 335 1563 399 llOBllLlJE
1605 335 1670 390 IN
1708 335 1960 393 EVANG.
2003 338 2090 393 ET
2126 337 2353 415 EPIST.’
2418 374 2421 377 -
2480 375 2484 380 ι

3341 342 3447 400 S58

188 446 280 493 tur
306 447 337 489 a
368 422 535 497 'Filio,
565 429 807 502 diligitur
832 443 862 483 a
893 428 1087 493 Patre,
1114 438 1162 482 et
1196 429 1265 482 ad
1289 446 1407 483 eum
1432 430 1691 482 veniemus
1719 438 1766 483 et
1795 435 1843 492 Α
1871 447 2009 501 quo,
2049 432 2157 486 illic
2191 432 2290 497 do,
2318 420 2667 503 sequentibus
2701 428 2975 503 relinquo,
3007 436 3446 507 pervenientibus

184 522 515 579 mansionem
541 520 682 591 apud
708 528 825 575 eum
855 521 1125 591 faciemus.
1151 519 1252 587 Qui
1278 519 1422 574 enim
1449 534 1574 574 vere
1599 520 1764 574 Deum

186 611 368 682 diligit
387 625 489 666 nec
511 609 823 665 tentationis
846 618 1087 679 tempore
1113 610 1317 665 recedit
1338 610 1406 665 ab
1430 602 1616 665 amore
1638 609 1764 676 Dei,

184 703 257 758 ad
282 703 428 757 hunc
451 700 844 757 veniuntPater
867 710 921 755 et
943 700 1112 755 Filius
1134 699 1358 770 spiritali
1384 700 1694 755 accessione
1714 708 1770 755 et

184 794 526 850 mansionem
557 791 698 863 apud
726 806 847 847 eum
876 793 1092 847 habent.
1138 791 1231 846 llic
1257 791 1401 845 enim
1433 805 1557 845 vere
1585 799 1766 856 amat,

184 886 349 957 cujus
376 892 610 939 mentem
640 882 930 938 delectatio
964 896 1126 951 prava
1156 896 1221 936 ex
1248 894 1514 935 consensu
1544 895 1650 935 non
1678 894 1780 934 sum

182 982 366 1047 perat.
399 972 534 1028 Nam
562 980 714 1028 tanto
741 973 967 1043 quisque
1009 987 1038 1025 a
1081 985 1317 1040 superno
1352 984 1537 1024 amore
1562 967 1781 1037 disjun-i

183 1065 357 1136 gitur,
400 1070 618 1140 quanto
653 1061 882 1117 inferius
919 1060 1235 1117 delectatur.
1282 1060 1510 1116 Dilectio
1547 1072 1779 1116 sanetos

186 1153 454 1210 discernit
481 1168 514 1209 a
541 1153 775 1218 mundo,
805 1169 925 1224 quae
954 1153 1081 1209 fecit
1125 1153 1406 1209 unanimes
1432 1153 1679 1208 habitare
1708 1153 1764 1207 in

180 1243 381 1308 domo,
418 1241 472 1296 in
501 1255 609 1312 qua
633 1241 792 1297 domo
820 1241 945 1296 facit
962 1241 1120 1297 Pater
1145 1238 1380 1297 etFilius
1406 1242 1762 1308 mansionem,

180 1335 277 1404 qui
300 1333 505 1388 donant
524 1340 580 1388 et
602 1332 770 1403 ipsam
789 1333 1128 1388 dilectionem
1146 1333 1340 1406 quibus
1356 1332 1561 1388 donant
1582 1334 1633 1388 in
1662 1333 1765 1389 fine

178 1424 347 1478 etiam
380 1437 531 1477 suam
558 1421 1066 1478 manifestationem.
1098 1423 1175 1478 De
1201 1438 1306 1494 qua
1335 1423 1765 1479 manifestatione

176 1514 480 1584 discipulus
506 1514 859 1585 interrogavit
898 1523 953 1570 et
976 1515 1214 1582 audivit,
1247 1516 1313 1570 ad
1350 1517 1490 1571 hanc
1530 1515 1763 1571 manife-

175 1606 471 1660 stationem
498 1620 595 1676 per
623 1605 962 1661 dilectionem
990 1607 1310 1665 veniendum
1337 1622 1479 1663 esse.

253 1695 362 1762 Qui
401 1713 504 1750 non
548 1696 718 1767 diligit
746 1714 859 1763 me,
882 1714 1142 1752 sermones
1168 1715 1308 1753 meos
1340 1716 1443 1754 non
1472 1710 1661 1754 servat.
1696 1698 1760 1754 lli

1869 522 1958 576 do.
2007 521 2200 576 Pacem
2229 537 2379 577 suam
2409 522 2626 593 reliquit
2657 523 2807 578 nobis
2826 566 2841 590 ,
2870 535 2930 579 ut
2958 541 3055 581 nos
3093 527 3324 583 invicem
3364 529 3446 584 di-

1868 611 2096 682 ligamus
2121 628 2135 678 ;
2164 627 2350 682 pacem
2377 630 2527 668 suam
2556 616 2705 669 dabit
2730 616 2916 681 nobis,
2946 616 3035 670 ubi
3066 634 3338 688 nunquam
3364 621 3444 675 in-

1866 702 2039 757 vicem
2063 702 2348 760 dissentire
2364 718 2668 775 possumus.
2692 706 2828 773 Quid
2845 708 3082 779 estquod
3095 711 3246 776 dicit,
3263 728 3442 782 pacem

1866 810 2034 848 meam
2056 794 2123 849 do
2149 795 2306 862 vobis,
2323 806 2503 852 etnon
2527 799 2657 852 dicit
2676 815 2863 869 pacem
2888 816 3061 856 meam
3084 804 3327 874 relinquo
3348 790 3455 862 νοῖι·

1865 885 1989 940 bis?
2028 886 2273 943 fortassis
2316 889 2441 957 quia
2474 888 2631 944 aliter
2659 905 2801 945 nunc
2834 891 2989 946 aliter
3020 901 3148 950 tunc
3176 910 3280 964 pax
3313 896 3439 952 erit.

1866 975 1965 1031 llic
1986 976 2123 1031 bella
2145 994 2268 1033 cum
2295 978 2739 1047 vitiisbabemus,
2757 982 2878 1039 ideo
2895 1000 2999 1039 non
3016 987 3220 1042 addidit
3237 979 3436 1055 meam,

1867 1060 1972 1119 illic
1997 1082 2125 1121 vero
2156 1068 2210 1122 in
2241 1077 2445 1123 acterna
2483 1085 2617 1141 pace
2639 1080 2838 1129 :cterna
2865 1075 2968 1129 erit
2999 1078 3358 1147 tranquillitas
3383 1089 3440 1136 et

1863 1159 2171 1224 concordia,
2194 1168 2247 1214 et
2268 1161 2389 1217 talis
2410 1178 2513 1233 pax
2535 1163 2747 1233 qualem
2775 1164 2863 1220 ille
2882 1166 3073 1223 habuit
3094 1147 3214 1224 cum
3238 1150 3441 1243 seipse,

1866 1248 1955 1318 qui
1984 1250 2188 1304 nullum
2222 1248 2410 1308 habuit
2436 1255 2488 1308 in
2519 1270 2575 1309 se
2605 1265 2909 1325 peccatum.
3006 1262 3011 1267 ’
3180 1272 3181 1275 ‘

1938 1342 2061 1397 Non
2096 1346 2360 1425 quomodo
2404 1348 2630 1403 mundus
2672 1349 2794 1412 dat,
2827 1368 2919 1422 ego
2946 1352 3013 1407 do
3054 1353 3215 1408 vobis.
3257 1350 3315 1409 Id
3354 1364 3441 1412 est

1865 1436 1979 1493 non
2009 1441 2276 1509 quomodo
2316 1441 2367 1496 in
2412 1444 2610 1497 mundo
2653 1444 2897 1500 homines
2936 1461 3079 1516 smpc
3116 1447 3215 1502 sibi
3256 1449 3310 1503 in
3341 1464 3438 1504 sua

1865 1529 2067 1585 malitia
2108 1524 2480 1588 concordant:
2513 1535 2606 1589 sed
2636 1538 2906 1605 quomodo
2955 1538 3046 1607 qui
3084 1539 3183 1592 sibi
3218 1538 3270 1593 in
3310 1555 3437 1595 san-

1864 1621 2054 1675 ctitate
2102 1623 2434 1678 concordant
2481 1633 2537 1680 et
2584 1625 2640 1680 in
2684 1624 2886 1683 Christi
2918 1643 2976 1683 se
3005 1629 3268 1684 eharitate
3312 1620 3455 1686 con-—

1860 1710 2113 1782 jungunt.
3302 1716 3309 1731 ‘

176 1795 312 1842 sunt
336 1787 429 1857 qui
468 1785 684 1841 Patrem
723 1796 779 1842 et
816 1786 1076 1858 Spiritum
1108 1797 1351 1843 sanctum
1383 1804 1656 1859 nunquam
1682 1790 1764 1844 vi-

1884 1806 1889 1813 ‘
1939 1801 2060 1855 Non
2086 1803 2324 1857 turbetur
2347 1820 2438 1858 cor
2468 1814 2691 1859 vestrum
2720 1823 2882 1878 neque
2908 1806 3171 1877 formidet.
3205 1796 3451 1863 Audistis

177 1876 333 1940 dent,
369 1875 562 1930 Filium
593 1884 799 1943 autem,
831 1893 936 1932 non
965 1886 1026 1933 ut
1050 1877 1444 1945 beatiﬁcentur,
1474 1879 1571 1934 sed
1592 1888 1651 1934 ut
1674 1880 1765 1950 ju—,

174 1969 434 2022 dicentur
454 1967 522 2022 ad
545 1968 813 2022 modicum
841 1968 1023 2023 vident
1047 1983 1146 2023 nec
1176 1968 1349 2038 ipsum
1378 1970 1431 2023 in
1464 1968 1634 2024 forma
1666 1969 1760 2024 Dei

170 2057 267 2111 ubi
301 2065 388 2112 est
416 2071 538 2111 cum
566 2057 726 2112 Patre
767 2064 822 2112 et
860 2056 1063 2128 Spiritu
1105 2067 1293 2113 sancto
1330 2059 1534 2127 pariter
1572 2058 1762 2113 invisi-

168 2149 339 2216 bilis,
383 2150 476 2205 sed
513 2150 568 2206 in
609 2148 781 2205 forma
818 2152 1050 2207 hominis
1085 2152 1176 2207 ubi
1212 2166 1332 2206 esse
1362 2152 1563 2207 mundo
1594 2152 1763 2208 voluit

169 2239 435 2309 patiendo
464 2241 885 2311 contemptibilis
906 2283 920 2308 ,
947 2243 1241 2314 judicando
1269 2244 1543 2299 terribilis.

245 2326 321 2381 Et
344 2344 635 2383 sermonem
664 2346 815 2400 quem
847 2330 1068 2384 audistis
1096 2347 1198 2385 non
1229 2340 1303 2385 est
1334 2348 1503 2396 meus,
1532 2332 1621 2386 sed
1647 2331 1767 2411 ejus

167 2415 265 2486 qui
311 2417 452 2471 misit
497 2434 613 2484 me,
658 2417 858 2472 Patris.
901 2421 1038 2487 Quid
1078 2431 1161 2478 est
1202 2423 1345 2492 quod
1388 2423 1537 2492 prius
1567 2423 1760 2493 plurali

171 2519 406 2562 numero
447 2521 728 2563 sermones
766 2507 935 2576 dixit,
966 2524 1112 2565 nunc
1142 2520 1323 2565 autem
1356 2512 1616 2582 singulari
1647 2498 1763 2567 ser-4

174 2597 437 2651 mortem?
476 2595 728 2654 fortassis
756 2600 1165 2670 praedicationis
1195 2602 1267 2657 ibi
1298 2618 1577 2658 sermones
1608 2618 1763 2658 mon-

172 2690 416 2755 stravit,
456 2690 547 2746 hic
585 2706 714 2747 vero
753 2707 813 2747 se
854 2692 1029 2763 ipsum
1068 2695 1158 2765 qui
1185 2702 1268 2750 est
1296 2696 1528 2751 Verbum
1562 2695 1759 2760 Patris,

169 2788 231 2834 et
274 2779 399 2835 ideo
424 2782 559 2836 dixit
596 2798 702 2837 non
741 2798 897 2838 suum
938 2785 1063 2853 quia
1092 2801 1123 2839 a
1154 2786 1332 2856 seipso
1374 2801 1480 2840 non
1522 2794 1632 2850 est,
1666 2786 1763 2841 sed

174 2887 209 2926 a
252 2871 453 2938 Patre,
495 2874 635 2929 sicut
670 2890 771 2930 nec
809 2890 906 2930 sua
952 2883 1036 2931 est
1077 2875 1254 2947 imago
1294 2877 1386 2932 sed
1417 2877 1630 2941 Patris,
1661 2890 1762 2930 nec

178 2976 325 3017 suus
365 2960 508 3019 ﬁlius
545 2964 639 3020 sed
674 2964 875 3020 Patris.
939 2965 1105 3021 Recte
1146 2967 1310 3038 igitur
1346 2974 1535 3021 auctor
1575 2965 1761 3019 tribuit

172 3044 449 3122 quidquid
472 3053 600 3110 facit
624 3055 847 3125 aequalis
872 3072 902 3110 a
926 3071 1032 3126 quo
1060 3057 1224 3111 habet
1250 3058 1355 3111 hoc
1381 3056 1554 3126 ipsum
1575 3094 1590 3121 ,
1617 3055 1763 3124 quod

173 3141 257 3199 illi
287 3151 375 3200 est
400 3143 769 3200 indifferenter
795 3146 1038 3215 aequalis.

250 3231 387 3292 Ηωε
412 3235 618 3290 locutus
639 3254 755 3291 sum
782 3238 923 3293 vobis
950 3237 1091 3308 apud
1113 3253 1201 3292 ros
1229 3253 1463 3292 manens.
1493 3235 1585 3291 llla
1611 3252 1763 3291 man-

170 3325 260 3381 sio
315 3324 383 3381 de
425 3340 534 3396 qua
581 3327 830 3398 superius
871 3328 1009 3382 dixit
1045 3327 1305 3398 spiritalis
1344 3335 1429 3382 est
1466 3343 1587 3397 qua:
1633 3328 1763 3383 solis

172 3415 386 3471 sanctis
427 3416 627 3472 datur:
671 3417 789 3473 hsce
820 3433 951 3473 vero
982 3419 1053 3473 de
1088 3434 1194 3488 qua
1236 3434 1378 3473 nunc
1406 3418 1537 3473 dicit
1566 3434 1764 3490 corpu-3

173 3497 468 3573 ralis'est,
513 3509 581 3563 de
626 3524 725 3564 sua
767 3498 1055 3579 praesentia
1092 3511 1362 3581 corporali
1391 3512 1764 3566 tantummodo

172 3599 348 3666 dixit,
380 3613 545 3670 quam
574 3600 792 3669 utrique
819 3608 873 3654 et
898 3600 1027 3670 justi
1067 3608 1122 3656 et
1162 3600 1311 3672 impii
1352 3601 1537 3656 videre
1576 3609 1763 3671 potue-

82 3692 87 3693 '
172 3697 329 3744 runt.
369 3689 464 3744 Illa
506 3690 560 3744 in
598 3698 863 3745 aeternum
902 3691 1179 3746 beatiﬁcat
1221 3692 1509 3756 liberatos,
1553 3692 1668 3747 haec
1710 3693 1762 3747 in

172 3787 429 3849 tempore
450 3779 637 3835 visitat
659 3781 978 3837 liberandos.
1009 3781 1157 3849 Hice,
1185 3782 1393 3852 inquit,
1419 3782 1624 3837 locutus
1648 3799 1766 3837 sum

173 3873 331 3928 vobis
369 3872 508 3944 apud
548 3890 639 3928 eos
678 3891 916 3941 manens,
950 3876 1135 3945 utique
1173 3876 1462 3947 praesentia
1497 3877 1765 3947 corporali

175 3979 291 4018 una
327 3979 451 4019 cum
484 3964 592 4020 illis
616 3964 905 4020 visibiliter
935 3966 1272 4036 loquebatur.

272 4052 591 4109 Paracletus
638 4064 811 4110 autent
851 4054 1079 4127 Spiritus
1117 4066 1357 4120 sanctus,
1403 4072 1556 4127 quem
1601 4057 1767 4111 mittet

174 4145 353 4201 Pater
390 4146 445 4200 in
487 4148 695 4201 nuntius
734 4163 883 4213 meo,
924 4147 1015 4202 ille
1051 4165 1142 4203 vos
1179 4149 1413 4215 docebit,
1444 4159 1491 4203 et
1528 4159 1769 4220 suggeret

174 4236 339 4290 Vobis
385 4227 573 4290 omnia
602 4252 923 4308 qua'cunque
970 4239 1153 4292 dixero
1200 4239 1362 4293 vobis.
1417 4239 1580 4293 Multa
1631 4240 1768 4293 dixit

174 4325 530 4380 audientibus
569 4326 877 4382 inﬁdelibus
919 4343 1039 4397 quae
1077 4330 1131 4383 in
1171 4344 1357 4383 eorum
1398 4331 1652 4385 cordibus
1691 4331 1771 4385 lo-

175 4431 311 4471 cuni
356 4431 462 4471 non
509 4416 862 4484 invenerunt,
904 4418 1033 4489 quia
1083 4419 1317 4489 Spiritus
1360 4429 1580 4477 sanctus
1623 4423 1767 4477 intus

1860 1890 1985 1962 quia
2015 1892 2128 1946 dixi
2150 1893 2310 1947 uol-is
2336 1908 2354 1946 :
2384 1892 2540 1949 'Vado
2567 1904 2617 1949 et
2649 1897 2793 1950 venio
2821 1897 2891 1950 ad
2918 1914 3029 1953 vos.
3063 1899 3200 1954 Hinc
3230 1900 3438 1956 turbari

1861 1990 1916 2039 et
1956 1982 2250 2040 formidare
2292 1996 2505 2056 poterat
2545 2003 2641 2043 cor
2681 1989 2896 2044 illorum
2925 1990 3067 2060 quod
3100 1990 3212 2045 ibat
3240 1992 3307 2046 ab
3340 1991 3439 2053 iis,

1861 2067 2110 2143 quamvis
2138 2082 2395 2147 venturus
2424 2087 2568 2132 esset
2599 2078 2665 2132 ad
2694 2094 2822 2143 eos,
2864 2094 2931 2134 ne
2959 2079 3185 2135 forsitan
3217 2096 3434 2152 gregem

1862 2167 2019 2237 lupus
2048 2169 2152 2223 hoc
2182 2168 2471 2224 intervallo
2502 2169 2781 2226 invaderet
2808 2179 3024 2241 pastore
3049 2171 3293 2226 absente.
3329 2161 3453 2225 Sed'

1860 2260 1892 2313 a
1925 2258 2118 2328 quibus
2160 2258 2693 2327 homo'absccdebat,
2728 2260 2870 2316 Deus
2911 2277 3017 2316 non
3061 2260 3439 2330 relinquebat:

1860 2339 1917 2403 et
1956 2348 2095 2403 idem
2136 2349 2249 2419 ipse
2290 2347 2538 2404 Christus
2576 2358 2632 2405 et
2669 2349 2829 2405 homo
2856 2359 2911 2407 et
2939 2349 3100 2405 Deus.
3134 2350 3276 2421 Ergo
3332 2335 3453 2403 ibat.

1860 2451 1958 2508 per
2000 2436 2051 2492 id
2102 2439 2244 2506 quod
2281 2437 2447 2492 homo
2486 2445 2633 2505 erat,
2681 2447 2737 2493 et
2782 2438 3033 2493 manebat
3073 2453 3169 2509 per
3210 2439 3261 2493 id
3299 2438 3443 2507 quod

1861 2524 2003 2581 Deus
2041 2535 2177 2581 erat.
2220 2526 2386 2597 Igitur
2429 2527 2568 2582 Deus
2607 2529 2698 2597 qui
2741 2528 2885 2582 nullo
2923 2528 3232 2583 continetur
3284 2528 3435 2589 loco,

1863 2617 2089 2672 discedit
2136 2617 2203 2671 ab
2251 2633 2439 2672 eorum
2484 2618 2772 2682 cordibus,
2819 2618 2910 2688 qui
2961 2632 3081 2676 eum
3134 2615 3448 2685 relinquunt

1863 2707 2106 2762 moribus
2136 2722 2241 2762 non
2271 2707 2528 2777 pedibus,
2558 2715 2613 2761 ct
2643 2708 2821 2761 veniet
2851 2707 2917 2760 ad
2945 2707 3063 2762 illos
3092 2707 3182 2776 qui
3213 2722 3444 2761 conver-

1865 2804 2053 2851 tuntur
2081 2797 2148 2851 ad
2180 2812 2301 2851 cum
2346 2813 2450 2850 non
2495 2795 2631 2851 facie
2670 2797 2765 2851 sed
2806 2795 2942 2861 tidc,
2987 2802 3042 2850 et
3075 2795 3340 2850 accedunt
3375 2794 3446 2849 ad

1865 2904 1985 2943 eum
2019 2904 2123 2942 non
2150 2903 2315 2943 carne
2346 2887 2439 2942 sed
2468 2887 2754 2941 charitate.

1939 2975 1997 3031 Si
2031 2976 2315 3046 diligerrtis
2352 2992 2467 3041 me,
2510 2974 2806 3046 gauderetis
2852 2973 3060 3045 utique,
3090 2973 3213 3044 quia
3244 2988 3335 3042 ego
3377 2969 3448 3024 axi

1866 3066 2081 3122 Patrem
2124 3068 2287 3132 vado,
2330 3069 2454 3138 quia
2500 3065 2666 3120 Pater
2709 3067 2882 3136 major
2922 3083 3002 3120 me
3042 3076 3135 3119 est.
3168 3065 3272 3120 Per
3300 3065 3445 3134 quod

1866 3161 2029 3232 igitur
2057 3159 2225 3213 Filius
2267 3175 2372 3212 non
2419 3166 2500 3213 cst
2545 3157 2765 3227 :cqualis
2811 3158 2991 3220 Patri,
3039 3173 3134 3227 per
3177 3158 3281 3211 hoc
3326 3163 3445 3210 erat

1867 3253 2041 3308 iturus
2070 3254 2135 3305 ad
2165 3251 2378 3305 Patrem
2398 3293 2410 3313 ,
2446 3252 2496 3305 in
2527 3267 2633 3320 quo
2660 3257 2918 3305 venturus
2944 3257 3029 3305 est
3058 3250 3205 3303 vivos
3229 3247 3443 3320 judica-

1869 3342 2021 3403 turus
2049 3355 2103 3401 et
2132 3355 2394 3401 mortuos.
2422 3344 2528 3400 Per
2559 3344 2688 3399 illud
2720 3359 2882 3408 vero,
2916 3343 3057 3413 quod
3100 3350 3184 3396 est
3225 3340 3448 3408 :cqualis

1865 3437 2044 3500 Patri,
2092 3451 2364 3507 nunquam
2410 3435 2636 3489 recessit
2664 3449 2691 3487 a
2723 3433 2917 3497 Patre,
2953 3432 3045 3486 sed
3076 3447 3196 3486 cum
3228 3430 3318 3485 illo
3362 3437 3445 3483 est

1866 3527 2067 3596 ubique
2109 3535 2254 3582 totus
2290 3540 2388 3596 per
2426 3524 2763 3580 divinitatem
2805 3526 2968 3592 quam
2998 3521 3176 3576 nulhts
3207 3518 3449 3577 continet

1866 3618 2039 3674 locus.
2084 3616 2458 3687 Agnoscamus
2500 3616 2770 3685 geminam
2814 3612 3169 3669 substantiam
3212 3610 3447 3675 Christi,

1868 3707 2106 3763 divinam
2153 3707 2393 3769 scilicet,
2437 3719 2541 3774 qua
2581 3705 2806 3775 :cqualis
2834 3713 2917 3760 est
2948 3703 3450 3768 Patri,‘bmnanam

1867 3813 1972 3869 qua
2022 3799 2200 3869 major
2226 3805 2307 3852 est
2340 3796 2519 3850 Pater.
2569 3796 2873 3865 Utrumque
2917 3794 3298 3850 autem'simul
3342 3794 3448 3846 non

1868 3890 1974 3946 duo
2003 3931 2015 3954 ,
2046 3889 2139 3944 sed
2167 3904 2306 3943 tutus
2344 3896 2429 3940 est
2457 3886 2735 3950 Christus,
2772 3900 2839 3940 ne
2877 3886 2948 3940 sit
2985 3883 3323 3954 quaternitas
3351 3882 3447 3936 sed

1870 3981 2084 4036 trinitas
2112 3978 2275 4033 Deus.
2329 3977 2483 4032 Sicut
2507 3978 2651 4031 enim
2685 3992 2823 4031 unus
2852 3984 2934 4030 cst
2960 3976 3122 4030 homo
3154 3974 3330 4028 anima
3362 3987 3452 4025 ra-
3511 3987 3515 3990 '

1871 4068 2085 4124 tionalis
2113 4077 2168 4123 et
2196 4080 2362 4132 caro;
2411 4067 2491 4121 sic
2529 4081 2669 4120 unus
2708 4075 2792 4120 est
2816 4065 3064 4121 Christus
3092 4064 3233 4118 Deus
3264 4070 3318 4117 et
3348 4063 3447 4116 ho-

1870 4175 1958 4214 mo
1982 4174 1996 4225 ;
2020 4144 2093 4213 ac
2119 4172 2217 4227 per
2244 4158 2345 4212 hoc
2375 4156 2625 4212 Christus
2650 4164 2734 4210 est
2764 4156 2905 4210 Deus
2923 4195 2937 4219 ,
2965 4155 3140 4208 anima
3171 4153 3452 4207 rationalis

1871 4258 1924 4305 et
1968 4262 2134 4314 caro;
2179 4248 2464 4303 Christum
2500 4247 2552 4301 iu
2600 4246 2685 4300 his
2727 4245 3011 4307 omnibus.
3058 4242 3331 4298 Christum
3395 4242 3448 4295 in

1871 4341 2096 4414 singulis
2135 4340 2475 4397 conﬁtemur.
2508 4339 2651 4406 Quis
2688 4354 2816 4408 ergo
2847 4346 2931 4393 est
2959 4352 3053 4408 per
3083 4351 3243 4407 quem
3278 4334 3453 4390 factus

1871 4436 1956 4488 est
2002 4431 2279 4487 mundus?
2328 4429 2578 4486 Christus
2624 4427 2814 4495 Jesus,
2862 4428 2953 4483 sed
3007 4429 3059 4482 in
3108 4426 3282 4482 forma
3333 4426 3449 4480 Dei.

178 4520 275 4560 eos
324 4520 431 4559 non
473 4505 705 4562 docebat
737 4524 750 4561 :
786 4509 953 4563 multa
984 4509 1113 4564 dicit
1141 4511 1381 4581 quotidie
1410 4528 1510 4583 per
1548 4522 1765 4568 sanctos
1794 4489 1842 4548 D
1870 4522 2002 4591 Quis
2031 4530 2116 4578 est
2145 4523 2245 4578 sub
2270 4521 2464 4576 Pontio
2495 4489 2832 4577 cruciﬁxus?
2859 4519 3107 4575 Christus
3135 4517 3291 4574 Jesus
3311 4560 3326 4585 ,
3357 4515 3453 4573 sed

177 4594 574 4662 praedicatores
598 4611 719 4665 qua:
749 4598 1031 4654 audientes
1059 4600 1285 4655 interius
1316 4616 1421 4657 non
1462 4602 1765 4672 recipiunt,

176 4686 317 4756 quia
356 4685 593 4755 Spiritus
621 4698 843 4745 sanctus
873 4705 979 4745 non
1010 4694 1253 4764 suggerit
1280 4693 1362 4749 eis
1391 4694 1621 4750 interius
1649 4710 1769 4765 quae

178 4783 477 4838 audierunt
511 4785 768 4841 exterius.
811 4785 889 4841 De
926 4801 1036 4855 quo
1080 4797 1226 4842 recte
1264 4788 1624 4856 promittitur,
1656 4790 1772 4858 ipse

178 4867 283 4930 vos
335 4874 552 4931 docebit
593 4866 810 4943 omnia,
856 4878 950 4947 qui
996 4878 1100 4933 nisi
1146 4878 1286 4933 idem
1334 4876 1573 4949 Spiritus
1620 4881 1770 4936 cordi

180 4967 419 5022 assistat
447 4968 734 5033 audientis,
761 4970 966 5025 otiosus
987 4978 1072 5026 est
1094 4985 1275 5026 sermo
1302 4971 1558 5026 doctoris.
1599 4970 1771 5028 Nemo

178 5060 337 5115 enim
378 5048 593 5115 decenti
634 5061 837 5115 homini
880 5060 1080 5115 tribuat
1116 5060 1260 5130 quod
1299 5076 1366 5116 ex
1410 5076 1504 5117 ore
1529 5062 1774 5119 docentis

181 5140 480 5223 intelligit,
507 5153 631 5222 quia
663 5153 767 5208 nisi
797 5154 943 5208 intus
968 5155 1038 5209 sit
1068 5155 1160 5225 qui
1189 5155 1378 5211 doceat
1403 5155 1640 5212 doctoris
1670 5156 1773 5212 lin-

180 5256 290 5313 gua
326 5243 565 5298 exterius
595 5242 649 5297 in
680 5258 908 5299 vacuum
934 5244 1165 5300 laborat.
1220 5246 1392 5301 Aliter
1416 5248 1597 5319 itaque
1634 5262 1771 5318 pne-

180 5332 465 5388 dicantem
486 5332 759 5390 Christum
783 5336 1071 5390 audierunt
1090 5335 1281 5411 Judaei,
1305 5338 1463 5394 aliter
1499 5339 1725 5411 apostoli
1752 5357 1767 5394 :

182 5423 261 5477 illi
286 5425 354 5476 ad
376 5423 661 5494 judicium,
678 5425 769 5479 isti
800 5426 866 5479 ad
891 5427 1138 5481 salutem.
1162 5428 1299 5496 Quia
1328 5429 1427 5484 hos
1451 5429 1687 5500 Spiritus
1713 5429 1770 5485 in

186 5512 378 5566 animo
405 5512 619 5576 docuit,
652 5514 792 5583 quod
825 5513 957 5569 foris
986 5515 1272 5571 audierunt
1301 5517 1352 5571 in
1384 5532 1532 5573 aure.

262 5596 460 5654 Pacem
503 5602 738 5673 relinquo
763 5591 1157 5674 .vobis,'pacem
1196 5623 1366 5661 meam
1406 5608 1473 5661 do
1512 5611 1672 5664 vobis.
1715 5609 1773 5664 In

184 5702 330 5760 pace
357 5689 605 5761 relinquo
632 5706 759 5757 vos,
793 5692 846 5746 in
877 5709 1010 5763 pace
1037 5696 1305 5752 inveniam
1340 5713 1449 5753 vos.
1484 5699 1581 5754 llic
1614 5702 1775 5757 relin-

1867 4612 1921 4670 in
1960 4613 2132 4669 forma
2182 4614 2344 4669 servi.
2386 4612 2516 4667 Item
2548 4612 2612 4667 de
2642 4611 2865 4682 singulis
2892 4611 3088 4681 quibus
3130 4610 3290 4664 homo
3321 4624 3455 4685 conj

1868 4712 1996 4760 stat.
2045 4704 2176 4772 Quis
2214 4718 2321 4759 non
2361 4713 2444 4758 est
2481 4703 2775 4759 derelictus
2811 4702 2863 4757 in
2911 4701 3163 4755 inferno?
3204 4698 3454 4754 Christus

1865 4793 2028 4850 Jesus
2050 4835 2065 4859 ,
2097 4794 2192 4849 sed
2221 4795 2273 4849 in
2307 4794 2486 4848 anima
2519 4792 2653 4847 sola.
2687 4791 2819 4859 Quis
2840 4798 3245 4846 resurrecturus
3276 4786 3455 4842 triduo

1864 4884 2036 4955 jacuit
2086 4885 2138 4939 in
2187 4882 2477 4953 sepulcro?
2522 4881 2770 4938 Christus
2814 4879 2998 4944 Jesus,
3048 4879 3140 4933 sed
3190 4878 3244 4932 in
3285 4891 3450 4930 carne

1872 4973 2004 5029 sola.
2034 4972 2243 5026 Dicitur
2280 4985 2410 5039 ergo
2450 4972 2502 5025 in
2543 4971 2629 5025 his
2668 4970 2893 5041 singulis
2933 4969 3181 5024 Christus
3211 4984 3225 5032 ;
3258 4980 3450 5020 verum

1874 5063 1989 5118 lucc
2018 5063 2199 5118 omnia
2231 5076 2336 5116 non
2368 5061 2472 5116 duo
2501 5063 2584 5117 vel
2617 5070 2757 5128 tres,
2788 5061 2882 5117 sed
2912 5077 3051 5115 unus
3079 5068 3161 5115 est
3185 5058 3453 5114 Christus.

1871 5152 1994 5209 Ideo
2032 5168 2162 5223 ergo
2191 5153 2325 5208 dixit
2351 5170 2363 5206 :
2399 5151 2457 5207 Si
2481 5152 2764 5224 diligentis
2788 5168 2886 5217 me,
2916 5151 3214 5222 gauderetis
3242 5151 3451 5219 utique,

1871 5247 1996 5316 quia
2043 5246 2178 5301 vado
2224 5244 2294 5298 ad
2340 5242 2590 5309 Patrem,
2640 5244 2908 5314 quomodo
2955 5251 3162 5297 natura:
3209 5241 3456 5309 humanae

1874 5335 2249 5406 gratulandum
2293 5344 2406 5401 est,
2455 5349 2552 5401 eo,
2589 5334 2732 5405 quod
2760 5343 3034 5404 assumpta
3081 5342 3169 5388 est
3214 5348 3243 5386 a
3293 5329 3458 5385 verbo

1869 5426 2177 5498 unigenito,
2225 5433 2286 5480 ut
2332 5426 2657 5481 immortalis
2706 5421 3231 5479 constitueretur'in
3282 5418 3439 5474 coelo.

1874 5516 1984 5574 Hoc
2007 5517 2151 5572 enim
2180 5519 2340 5573 modo
2368 5534 2425 5573 se
2454 5518 2657 5572 iturum
2681 5518 2818 5572 dixit
2837 5516 2902 5570 ad
2920 5515 3156 5570 Patrem.
3186 5512 3300 5566 Non
3320 5525 3457 5581 pro—

1872 5608 2015 5665 fecto
2045 5610 2113 5664 ad
2144 5609 2295 5664 illum
2327 5609 2440 5663 ibat
2469 5609 2561 5678 qui
2595 5623 2718 5663 cum
2750 5607 2843 5661 illo
2870 5615 2985 5660 erat
3007 5647 3022 5673 ,
3055 5604 3149 5659 sed
3190 5603 3293 5657 hoc
3337 5603 3458 5654 crat

1874 5702 1952 5757 ire
1982 5702 2048 5756 ad
2073 5717 2194 5759 eum
2220 5743 2235 5769 ,
2273 5710 2327 5757 et
2356 5702 2596 5772 recipere
2624 5716 2654 5753 a
2687 5699 2841 5754 nobis
2871 5697 3098 5754 mortale
3117 5736 3131 5763 ,
3162 5704 3322 5762 atque
3348 5691 3450 5744 im-
