3974 6364
578 318 687 376 265

1211 314 1274 369 Β.
1320 314 1569 369 RABANI
1607 313 1826 371 MACRI
1862 310 2178 369 .mcuuzp.
2217 310 2525 370 MOGUNT.
2563 310 2849 370 OPERUM
2887 309 3063 366 PARS
3096 305 3159 366 ll.
3689 308 3767 370 tot

498 474 499 477 η
578 445 759 487 eorum
793 431 886 499 qui
925 427 1184 482 habebant
1232 428 1446 497 spiritus
1489 409 1812 490 immundos,
1861 424 2146 478 clamantes
2179 425 2509 487 Adienntur
2534 425 2661 480 boni
2688 424 2956 486 homines,
3001 424 3418 487 innocentcs,ct
3461 421 3601 492 quasi
3624 422 3766 480 oluer-

576 536 700 587 uoce
732 537 925 591 magna
947 518 1177 573 exibant.
1208 517 1366 571 Multi
1402 527 1575 571 autent
1598 516 1877 586 paralytici
1908 526 1956 569 et
1981 514 2171 569 claudi.

581 611 751 664 curati
787 618 930 663 sunt.
978 607 1199 662 Factum
1229 618 1305 661 est
1346 624 1466 677 ergo
1510 623 1757 679 magnum
1791 606 2041 674 gaudium
2103 605 2159 661 in

580 701 675 755 illa
703 700 924 756 riritate.
965 696 1096 753 Cum
1137 708 1313 752 autem
1343 698 1607 753 audissent
1635 695 1858 767 apostoli
1898 697 1988 767 qui
2012 705 2160 749 erant

586 788 987 858 Hierosolymis,
1011 788 1137 857 quia
1186 787 1373 855 recepit
1396 783 1661 862 Samaria
1691 784 1899 838 verbum
1921 783 2039 848 Dei,
2064 784 2164 836 mi-

580 890 761 935 serunt
816 877 886 930 ad
922 893 1010 931 eos
1050 875 1263 930 Petrum
1287 885 1335 928 et
1367 874 1647 929 Joannem.
1688 873 1792 941 Qui
1842 890 1960 928 cum
2000 873 2163 928 venis-

584 979 719 1033 sent,
754 976 1031 1022 orat-erunt
1049 982 1142 1036 pro
1169 966 1294 1035 ipsis
1320 976 1373 1019 ut
1420 966 1712 1035 acciperent
1762 948 2020 1035 Spiritum
2042 979 2177 1033 san—7

585 1071 723 1114 ctum
750 1074 770 1114 :
796 1057 1024 1112 nondum
1046 1057 1195 1124 enim
1222 1057 1274 1109 in
1317 1072 1628 1126 quamquam
1675 1053 1884 1108 illorum
1928 1069 2177 1122 superre-l

584 1136 753 1216 uerat,
782 1150 872 1205 sed
901 1149 1155 1219 baptizati
1182 1146 1384 1201 tantum
1428 1156 1577 1201 erant
1622 1147 1679 1199 in
1727 1145 1933 1199 nomine
1952 1144 2166 1198 Domini

584 1242 735 1297 Iesu.
792 1241 936 1295 Tunc
978 1239 1305 1310 imponebant
1348 1256 1534 1293 manus
1593 1255 1750 1307 super
1774 1236 1892 1292 illos
1933 1247 1981 1291 et
2032 1236 2171 1290 acci-

585 1333 794 1402 piebant
850 1330 1104 1402 Spiritum
1137 1340 1395 1384 sanctum.
1438 1327 1684 1383 Societas
1707 1326 1852 1381 Petri
1874 1336 1930 1381 et
1948 1324 2170 1380 Joannis

587 1426 640 1477 in
670 1420 1050 1493 praedicatione
1078 1418 1349 1490 Evangelii
1385 1418 1653 1489 signiﬁcat
1679 1417 1981 1472 castitatem
2010 1424 2173 1470 recta:

590 1515 732 1579 ﬁdei,
789 1529 949 1585 quam
979 1512 1361 1583 prmdicatores
1404 1510 1574 1565 sancti
1613 1509 1668 1564 in
1697 1509 1865 1564 verbo
1917 1508 2181 1566 doctrina:

588 1613 644 1659 et
672 1605 812 1660 dono
848 1603 1081 1673 Spiritus
1126 1590 1295 1671 sancti
1321 1602 1518 1657 docent
1553 1614 1769 1669 semper
1800 1599 1916 1656 ﬁeri
1956 1600 2170 1654 debere.

589 1697 740 1761 Quod
769 1695 990 1767 pulchre
1016 1704 1200 1765 arator
1233 1693 1478 1747 versibus
1520 1692 1946 1763 exponitdicens
1973 1710 1985 1745 ε
2023 1690 2175 1761 Sirpe

2260 525 2452 571 vantes
2488 530 2551 571 ea
2585 532 2705 586 qum
2757 516 2810 569 in
2862 514 2980 585 lege
3025 522 3293 583 praecepta
3338 521 3480 577 sunt,
3529 511 3770 573 deferente:

2261 607 2524 663 honorem
2558 607 2874 677 parentibus
2896 606 3032 670 suis,
3058 618 3166 659 non
3210 604 3559 669 mcechantes,
3588 620 3678 659 non
3704 605 3772 661 ho-

2262 698 2534 769 micidium
2564 704 2958 769 perpetrantes,
3010 710 3119 751 non
3164 694 3366 750 furtum
3408 694 3659 760 facientes,
3694 715 3777 753 non

2265 790 2455 846 falsum
2496 791 2754 846 adversus
2775 803 3099 859 quemquam
3137 786 3501 859 testimonium
3542 787 3783 856 perhibetur

2267 886 2366 942 tes,
2415 887 2470 932 et
2511 887 2704 932 cartcra
2737 858 2856 946 qua:
2894 875 2949 930 in
2994 875 3109 945 lege
3138 858 3391 928 mandata
3442 872 3597 928 veluti
3634 874 3774 929 obser-

2265 975 2396 1023 vant
2435 986 2449 1023 :
2481 978 2536 1023 et
2584 966 2874 1022 Christiani
2928 982 3035 1020 non
3059 973 3218 1022 sunt:
3257 973 3314 1025 et
3344 963 3773 1034 plerumqneseja-

2267 1068 2438 1123 ctant,
2486 1057 2756 1129 quomodo
2831 1057 2918 1111 isti
2966 1055 3246 1121 Pharisati,
3277 1053 3774 1125 dicentes:Nnnquid

2267 1162 2314 1206 et
2358 1168 2450 1206 nos
2498 1151 2622 1205 cwci
2682 1165 2861 1203 sumus
2894 1148 3032 1203 :sed
3084 1148 3201 1203 hinc
3251 1146 3435 1202 omnia
3480 1145 3685 1199 inaniter
3723 1144 3776 1198 la-

2269 1244 2459 1298 ciunt:
2493 1243 2616 1312 quia
2663 1256 2768 1295 non
2819 1241 3024 1295 intrant
3072 1253 3167 1308 per
3224 1237 3424 1292 ostium
3465 1237 3552 1291 sed
3619 1236 3776 1289 aliunde

2273 1333 2475 1389 tumido
2504 1332 2642 1388 fastu
2674 1331 2827 1403 quasi
2866 1346 2963 1400 per
3003 1331 3209 1400 seipsos
3238 1328 3527 1384 ascendere
3570 1335 3775 1396 quaerunt.

2273 1423 2613 1494 Quapropter
2638 1421 2899 1477 Dominus
2915 1419 3324 1497 similitudinem
3352 1417 3614 1488 proposuit
3634 1418 3777 1486 degre-

2273 1538 2337 1593 ge
2367 1536 2466 1575 suo
2498 1527 2554 1574 et
2598 1519 2663 1573 de
2689 1516 2830 1572 ostio
2853 1531 2957 1585 qua
2989 1516 3223 1570 intratur
3253 1514 3321 1569 ad
3360 1512 3518 1578 ovile,
3545 1511 3654 1582 quid
3676 1510 3776 1565 enim

2273 1611 2495 1682 prodest
2549 1623 2688 1664 vana
2714 1604 3040 1676 jactantium
3091 1606 3157 1661 de
3182 1607 3322 1660 bene
3352 1603 3572 1675 vivendo
3597 1600 3777 1656 inﬂatio?

2275 1701 2412 1771 dunt
2447 1700 2514 1756 ad
2555 1699 2715 1755 ﬁnem
2742 1697 3130 1770 perpetualiter
3171 1696 3311 1751 bene
3360 1694 3564 1750 vivendi
3607 1693 3777 1746 vitaee-

586 1787 686 1840 sibi
715 1787 910 1840 socium
950 1781 1142 1839 Petrus
1168 1783 1294 1853 facit
1320 1798 1431 1836 esse
1457 1781 1737 1845 Joannem,
1782 1780 2027 1834 Ecclesia
2051 1780 2175 1849 quia
2205 1775 2252 1835 Β
2279 1809 2398 1848 mm
2447 1807 2555 1847 ηοη
2583 1790 2910 1863 pel-veniat?
2956 1788 3028 1843 Αι
3056 1788 3159 1844 hoc
3189 1787 3339 1843 enim
3373 1785 3528 1841 debet
3561 1783 3779 1850 unicuique

591 1876 732 1944 virgo
776 1873 966 1949 placet.
1025 1872 1326 1927 Notandum
1365 1880 1548 1925 autem
1588 1868 1732 1940 quod
1760 1869 2055 1939 Philippus,
2080 1868 2174 1939 qui

590 1966 853 2022 Sumat-he
902 1965 1332 2032 Evangelizahat,
1367 1980 1507 2020 unus
1531 1963 1599 2020 de
1633 1973 1837 2034 septem
1881 1962 2063 2018 fuerit.
2115 1963 2175 2019 Si

590 2057 736 2112 enim
770 2055 1046 2126 apostolus
1076 2063 1239 2120 esset,
1285 2056 1399 2125 ipse
1425 2054 1611 2124 utique
1636 2069 1853 2108 manum
1899 2053 2178 2123 imponere

590 2146 872 2217 potuisset,
923 2152 981 2199 ut
1045 2145 1354 2214 acciperent
1416 2136 1680 2213 Spiritum
1725 2153 1991 2199 sanctum.
2063 2142 2178 2200 Hoc

588 2238 735 2293 enim
784 2236 913 2311 solis
968 2234 1312 2306 pontiﬁcibus
1352 2234 1614 2301 debetur,
1680 2251 1803 2290 nam
1848 2235 2179 2306 presbyteris

588 2331 716 2386 sive.
731 2337 887 2384 extra
911 2330 1365 2400 episcOpum,~seu
1408 2334 1677 2397 praesente
1723 2328 1995 2397 episcopo,
2052 2343 2177 2382 eum

589 2420 890 2491 baptizant,
945 2419 1239 2475 chrismate
1279 2404 1590 2487 baptizatos
1639 2432 1843 2489 ungere
1881 2417 2036 2482 licet,
2083 2414 2184 2477 sed.

587 2512 729 2580 quod
768 2506 837 2565 ab
880 2510 1134 2582 episc0po
1184 2508 1347 2572 luerit
1394 2518 1793 2572 consecratum,
1843 2522 1950 2561 non
1998 2514 2178 2560 tamen

591 2598 822 2654 t‘rontem
850 2614 917 2653 ex
943 2599 1130 2653 eodem
1160 2598 1279 2653 oleo
1305 2588 1542 2670 signare,
1586 2595 1728 2667 quod
1755 2595 1885 2652 solis
1906 2593 2181 2666 episcopis

590 2689 839 2754 debetur,
890 2703 1009 2742 cum
1040 2687 1262 2742 tradunt
1316 2687 1580 2758 Spiritum
1635 2684 1966 2756 paracletum
1996 2685 2175 2755 bapti-

591 2785 730 2839 zatis
761 2802 774 2838 :
803 2799 1243 2855 unamquamque
1267 2783 1413 2837 enim
1447 2796 1696 2852 persona:
1745 2780 1900 2835 decet
1926 2787 1986 2832 ut
2014 2778 2179 2832 ritum

589 2873 796 2928 or‘dinis
819 2874 900 2929 sui
930 2885 982 2929 et
1010 2887 1319 2945 mensuram
1344 2872 1544 2942 gradus
1572 2880 1768 2936 servet,
1808 2870 1935 2939 quia
1961 2884 2070 2922 non
2094 2876 2185 2924 est

593 2962 742 3017 Deus
769 2963 1122 3019 dissensionis
1147 2962 1241 3016 sed
1262 2962 1430 3033 pacis,
1462 2968 1517 3015 et
1546 2960 1781 3030 Spiritus
1820 2966 2042 3015 sanctus
2075 2957 2182 3013 dis-

588 3040 809 3123 ciplinae
846 3053 1065 3126 eﬁugiet
1120 3052 1325 3117 ﬁctum,
1392 3060 1554 3122 atque
1604 3052 1657 3106 in
1693 3050 2011 3105 malevolam
2062 3048 2180 3103 ani-

588 3115 735 3199 mam
772 3159 878 3199 non
903 3115 1147 3198 introibit
1173 3115 1640 3214 sapientum-Unde
1664 3140 1914 3197 Salvator
1940 3140 2178 3210 discipu-
2204 3115 2248 3180 (δ

587 3235 653 3289 lis
699 3234 812 3289 suis
860 3235 1140 3304 praecepit,
1171 3234 1356 3288 dicens
1389 3248 1404 3286 :
1434 3233 1524 3304 qui
1576 3231 1687 3287 vult
1728 3222 1865 3285 inter
1890 3248 1978 3285 vos
2005 3230 2180 3300 major

587 3324 727 3391 ﬁeri,
763 3323 859 3390 [iat
880 3324 1013 3377 sicut
1058 3325 1247 3389 minor,
1272 3323 1397 3393 quia
1427 3325 1594 3381 omnis
1640 3323 1729 3394 qui
1768 3339 1823 3376 se
1871 3320 2177 3376 exultaverit

590 3412 979 3478 ltumiliabitur,
1026 3423 1072 3467 et
1101 3413 1192 3483 qui
1234 3430 1289 3466 se
1310 3412 1660 3467 huntiliaverit
1681 3412 2017 3466 exaltabitur.
2045 3412 2175 3468 Stu-

591 3505 719 3559 deat
739 3504 1109 3574 unusquisque
1133 3503 1566 3557 uthumilitatem
1595 3504 1790 3558 habeat
1821 3503 1873 3557 in
1909 3503 2090 3558 animo
2123 3513 2180 3559 et

596 3596 736 3650 bona
761 3610 926 3665 opera
946 3594 1200 3650 ostendat
1228 3595 1279 3648 in
1302 3593 1581 3664 exeiuplo:
1614 3595 1798 3663 sicque
1823 3595 1936 3665 ipse
1957 3610 2060 3650 non
2085 3610 2176 3651 so-

594 3682 704 3739 lum
731 3702 914 3741 coram
942 3686 1074 3750 Deo,
1099 3686 1194 3742 sed
1222 3686 1387 3740 etiam
1409 3676 1594 3741 coram
1622 3687 1932 3743 hominibus
1956 3689 2181 3744 habebit

590 3772 803 3832 laudem
860 3786 916 3832 et
958 3777 1191 3847 gratiam
1250 3776 1488 3832 inveniet
1539 3777 1592 3831 in
1630 3786 1921 3848 conspectu
1966 3780 2176 3834 Domini

588 3871 764 3928 nostri
821 3868 949 3925 Jesu
994 3870 1235 3935 Christi,
1295 3870 1387 3939 qui
1440 3864 1583 3925 cum'
1633 3870 1796 3926 Patre
1868 3879 1923 3926 et
1974 3864 2180 3942 Spiritu

591 3949 804 4041 sancto,
853 3959 988 4014 vivit
1008 3968 1064 4017 et
1093 3970 1284 4032 regnat
1312 3961 1475 4027 Deus,
1502 3976 1602 4032 per
1646 3962 1828 4017 omnia
1848 3963 2045 4018 smcula
2080 3978 2181 4020 sae-

590 4045 857 4111 culdrum.
882 4052 1078 4110 Amen.

1197 4136 1481 4222 ιιυιιιιιΑ
1516 4165 1676 4222 Lxu.

1156 4273 1286 4313 ιτιίιι
1320 4272 1476 4312 ΡΕΙΠΛ
1499 4273 1581 4312 Ill.

729 4344 916 4402 Lectio
944 4348 1118 4403 sancti
1144 4348 1417 4418 Evangelii
1442 4347 1736 4403 secundum
1761 4345 2045 4402 Joannem.

2274 1884 2530 1954 prodesse
2572 1885 2711 1939 bene
2760 1882 2962 1946 vivere,
3012 1888 3072 1934 ut
3119 1879 3278 1936 detur
3320 1876 3396 1932 illi
3455 1889 3648 1944 semper
3686 1873 3779 1927 bene

2274 1976 2476 2030 vivere.
2508 1973 2638 2029 Nam
2671 1973 2717 2029 si
2748 1972 2838 2028 cui
2881 1986 2988 2027 non
3034 1970 3196 2025 datur
3216 1982 3435 2037 semper
3470 1968 3596 2022 bene
3631 1964 3779 2026 vivere,

2234 2134 2235 2137 η
2275 2067 2403 2137 quid
2452 2066 2674 2135 prodest
2697 2066 2746 2119 ei
2777 2064 2914 2119 bene
2942 2062 3125 2116 vivere
3170 2059 3237 2115 ad
3283 2055 3535 2129 tempus?
3566 2056 3779 2126 lgitnrncc

2275 2159 2413 2214 bene
2450 2156 2630 2211 vivere
2678 2154 2890 2211 dicendi
2939 2160 3088 2216 sunt,
3134 2152 3227 2220 qui
3268 2150 3435 2206 ﬁnem
3474 2149 3603 2204 bene
3626 2142 3781 2199 vivendi

2275 2246 2652 2324 vel-caecitate
2699 2245 2969 2321 nesciunt,
3025 2242 3107 2297 vel
3149 2240 3434 2296 inﬂatione
3485 2240 3779 2305 contemnunt.

2276 2339 2394 2394 Non
2415 2348 2500 2394 est
2531 2345 2711 2392 autem
2732 2336 2983 2405 cuiquam
3025 2348 3150 2404 spes
3175 2347 3305 2387 vera
3353 2340 3411 2386 et
3460 2337 3595 2384 certa
3631 2336 3783 2392 senape:

2275 2429 2512 2507 vivendi,
2574 2426 2679 2483 nisi
2727 2432 2986 2497 agnoscat
3052 2424 3240 2505 vitam,
3290 2437 3412 2493 qua:
3462 2427 3541 2475 est
3582 2415 3781 2475 Christus.

2276 2529 2332 2577 et
2376 2500 2472 2591 per
2510 2519 2735 2590 januam
2760 2519 2925 2574 intret
2981 2517 3036 2571 in
3069 2500 3227 2570 ovile.
3281 2512 3422 2568 Sunt
3450 2512 3585 2567 enim
3625 2505 3781 2578 quidam

2275 2615 2523 2672 homines
2564 2614 2656 2684 qui
2693 2614 2748 2669 in
2800 2613 2914 2675 suis
2948 2610 3250 2682 gloriantur
3306 2607 3653 2671 moribus,‘0l
3691 2596 3782 2651 alios

2275 2713 2398 2777 post
2437 2720 2495 2761 se
2540 2705 2757 2760 trahere
2796 2713 3063 2773 quaerunt,
3112 2715 3219 2755 non
3268 2698 3342 2755 de
3395 2694 3587 2765 Christi
3639 2703 3782 2777 prace-

2276 2774 2385 2866 ptis
2435 2795 2766 2850 instruentes
2798 2807 2926 2847 suos
2955 2798 3276 2854 sectatores,
3321 2788 3415 2844 sed
3460 2784 3566 2839 suis
3593 2774 3783 2866 exemplis

2234 2936 2237 2939 ,
2276 2877 2460 2943 vivere
2495 2900 2594 2940 eos
2628 2883 2939 2940 suadentes.
2979 2882 3056 2936 De
3081 2880 3277 2950 quibus
3314 2877 3420 2932 alio
3455 2875 3565 2929 loco
3596 2872 3689 2940 ipsa
3711 2859 3781 2918 Ve-

2280 2980 2414 3041 ritas
2440 2978 2519 3032 ait
2555 2996 2569 3032 :
2602 2977 2860 3033 docentes
2899 2973 3175 3029 doctrinas
3198 2970 3503 3042 hominum,
3530 2959 3783 3021 ettnandala

2281 3070 2374 3127 Dei
2413 3075 2843 3132 contemnentes,
2871 3064 2962 3134 qui
3003 3078 3100 3133 per
3116 3062 3283 3116 aliam
3317 3067 3525 3130 portam
3563 3047 3784 3107 ascendere

2278 3168 2529 3232 quaerunt
2560 3171 2753 3229 rapere
2787 3164 2849 3213 et
2891 3154 3141 3212 occidere
3175 3167 3281 3207 non
3317 3158 3378 3204 ut
3426 3155 3599 3219 pastor
3634 3139 3784 3232 saltare

2277 3228 2441 3324 atque
2490 3266 2836 3327 conservare.
2873 3248 2951 3304 De
2987 3247 3187 3327 talibus
3232 3244 3324 3300 hic
3375 3244 3568 3299 dictum
3612 3228 3784 3327 ostiari

2276 3345 2510 3401 ascendit
2567 3324 2937 3411 aliunde,ille
2968 3341 3057 3413 fur
3086 3326 3257 3394 est-et
3295 3336 3453 3391 latro.
3510 3331 3617 3387 Non
3663 3324 3784 3382 solum

2275 3451 2408 3492 vero
2445 3436 2581 3492 tales
2606 3434 2958 3509 inveniuntur
2986 3430 3405 3495 doetoresinter
3447 3442 3558 3490 eos,
3600 3421 3676 3493 qui
3697 3416 3780 3472 sine

2277 3526 2498 3582 nomine
2541 3524 2744 3580 Christi
2791 3530 2957 3589 sunt;
3012 3523 3151 3577 sicut
3195 3521 3353 3575 multi
3400 3513 3785 3590 philosophorum.

2279 3617 2373 3689 qui
2417 3632 2574 3673 suam
2632 3614 2956 3686 sapientiam
2989 3612 3183 3672 buccis
3235 3610 3575 3685 crepantibus
3620 3597 3786 3657 ventila-

2277 3710 2404 3765 bant
2426 3717 2482 3764 et
2507 3708 2673 3762 vitam
2696 3706 2911 3761 beatam
2938 3703 3053 3759 suis
3083 3703 3451 3759 sectatoribus
3474 3692 3784 3768 promiserunt-

2278 3801 2481 3857 Verum
2521 3799 2687 3854 etiam
2729 3796 2948 3867 plurimi
2988 3795 3080 3865 qui
3117 3793 3434 3870 Christiano
3467 3786 3661 3844 nomine
3700 3791 3787 3870 cett:

2279 3899 2469 3947 sentur
2512 3896 2569 3944 et
2609 3864 2941 3943 illuminatos
2997 3864 3027 3939 ά
3064 3884 3285 3939 Christo
3312 3864 3381 3938 se
3406 3895 3523 3936 esse
3560 3864 3785 3946 iactitant?

2279 3983 2545 4053 ﬁngentes
2588 3979 2691 4035 sibi
2715 3993 2855 4034 nova
2894 3991 3112 4048 quoque
3144 3975 3369 4030 nomina
3417 3973 3482 4028 de
3531 3966 3726 4053 Christo,
3752 3962 3789 4009 ει

2280 4051 2403 4127 ﬁdei
2445 4070 2740 4128 Catholica:
2766 4068 3041 4127 contraria
3081 4086 3094 4121 :
3124 4067 3268 4123 sicut
3306 4057 3696 4133 innumerabiles
3713 4051 3786 4104 bie-

2280 4164 2434 4220 retiei
2465 4162 2756 4226 faciebant,
2808 4160 3147 4217 aestimantes
3200 4172 3260 4213 se
3301 4156 3441 4211 falso
3494 4148 3684 4212 nomine
3724 4150 3789 4211 pel

2187 4298 2193 4304 .
2272 4252 2520 4323 ianuam,
2566 4267 2687 4323 quae
2729 4250 2981 4319 Christus
3018 4256 3121 4313 est,
3150 4248 3377 4303 intrare.
3404 4239 3650 4301 Sabellius
3665 4228 3784 4288 dicit:

2283 4342 2387 4408 Qui
2400 4340 2447 4396 F
2451 4342 2572 4397 ilius
2593 4351 2692 4407 est,
2706 4341 2813 4412 ipse
2832 4350 2907 4394 est
2932 4337 3116 4403 Pater,
3132 4338 3224 4392 sed
3238 4335 3351 4390 Fili
3355 4353 3417 4390 us
3438 4350 3537 4389 non
3559 4337 3625 4385 cst
3644 4323 3787 4379 Patet;

662 4433 733 4487 In
768 4435 859 4488 illo
891 4446 1123 4505 tempore
1154 4417 1471 4490 dixitiilesus
1511 4436 1782 4506 discipulis
1802 4437 1953 4491 suis:
1988 4436 2173 4501 Amen,
2204 4465 2255 4526 Β
2281 4447 2388 4488 non
2436 4432 2604 4509 intrat
2649 4447 2749 4502 per
2800 4429 3014 4506 ostium
3037 4426 3129 4498 qui
3176 4426 3377 4482 Filium
3609 4417 3785 4526 Page":

590 4538 747 4575 amen
813 4524 930 4577 dico
976 4502 1117 4578 nobis
1141 4526 1268 4595 :qui
1310 4539 1413 4580 non
1477 4502 1655 4579 intrati
1708 4543 1801 4596 per
1859 4527 2051 4580 osliunt
2120 4527 2176 4580 in
2204 4502 2255 4526 ν
2280 4523 2445 4580 Arius
2473 4508 2604 4579 dieit
2634 4540 2648 4577 :
2676 4520 2837 4576 Aliud
2862 4530 2938 4575 est
2966 4503 3130 4573 Pater
3154 4516 3303 4572 aliud
3335 4526 3410 4571 est
3443 4512 3629 4597 Filius.
3669 4502 3788 4597 nec.“

598 4612 732 4667 orile
752 4614 950 4681 otium,
978 4614 1071 4669 sed
1113 4615 1347 4670 ascendit
1377 4613 1614 4681 aliunde,
1646 4613 1735 4670 illc
1777 4614 1869 4687 [ur
1909 4625 2055 4675 estet
2098 4614 2178 4671 la-
2288 4613 2497 4668 diceret
2543 4612 2591 4667 si
2615 4611 2820 4668 diceret
2852 4628 2865 4664 :
2894 4608 3070 4664 alius?
3106 4623 3210 4662 non
3245 4606 3411 4661 aliud.
3461 4596 3662 4671 Quando
3686 4596 3787 4687 cliti“

592 4712 701 4765 iro,
737 4712 845 4758 etc.
935 4674 948 4681 ⁷
1598 4674 1610 4681 ’
1777 4674 1791 4687 ’
1942 4674 1945 4675 ν

2282 4701 2415 4757 dicit
2438 4701 2603 4767 aliud,
2639 4700 2691 4756 ei
2719 4697 3045 4756 contradicit
3077 4712 3109 4752 ιι
3148 4711 3257 4766 quo
3278 4695 3430 4749 audit
3460 4711 3479 4759 ε,
3507 4689 3609 4760 Ego
3646 4691 3685 4739 et
3709 4674 3788 4730 Pa-

664 4795 778 4850 lloc
806 4796 1150 4866 proverbium
1183 4796 1315 4852 dicit
1339 4796 1419 4852 eis
1445 4794 1622 4862 Iesus,
1648 4796 1720 4852 illi
1745 4807 1922 4853 autem
1948 4812 2054 4854 non
2079 4808 2175 4853 co-
2282 4804 2358 4847 ter
2402 4809 2565 4846 unum
2594 4809 2776 4847 sumus
2803 4807 2824 4848 :
2849 4805 2953 4846 nec
2987 4790 3103 4860 ipse
3144 4804 3276 4858 ergo
3314 4787 3481 4842 intrat
3507 4794 3596 4852 per
3623 4770 3786 4829 ostium-

591 4893 896 4955 gnoverunt
946 4887 1074 4955 quid
1128 4886 1441 4956 loqueretur
1468 4886 1588 4942 eis:
1626 4896 1847 4957 propter
1875 4886 2175 4943 Pharisaeo-

2283 4881 2548 4938 Pratdicat
2592 4881 2736 4937 enim
2769 4880 3066 4942 Christum,
3117 4876 3337 4948 qualem
3365 4874 3468 4931 sibi
3513 4866 3684 4957 ﬁngit,
3715 4866 3787 4957 not!

594 4951 715 5029 rum
748 4976 839 5047 qui
868 4993 927 5033 se
964 4951 1156 5031 videre
1173 4951 1455 5048 jactabant
1481 4992 1606 5031 cum
1626 4951 1986 5034 excitassent
2020 4991 2187 5034 vene-_
2278 4973 2493 5044 qualem
2542 4973 2745 5029 veritas
2767 4971 2949 5026 habet.
2976 4968 3202 5024 Fotinus
3233 4967 3365 5050 dicit
3388 4980 3404 5020 :
3425 4960 3651 5020 Christus

593 5073 778 5122 natatu
805 5078 865 5122 et
889 5069 1180 5138 superbam
1218 5076 1275 5123 et
1303 5068 1659 5143 insanabilem
1688 5069 2057 5143 arrogantiam
2079 5068 2183 5125 Do-
2236 5053 2239 5056 r
2274 5040 2365 5121 est
2395 5074 2623 5128 tantum,
2664 5078 2773 5117 non
2814 5063 2956 5117 Deus
2989 5074 3005 5114 :
3039 5076 3139 5115 nec
3163 5059 3279 5129 ipse
3302 5042 3488 5112 intrat
3517 5040 3786 5143 perosum?)

592 5160 776 5216 minus
823 5134 980 5218 Jesus
1029 5162 1132 5217 ista
1177 5138 1499 5227 contexuit,
1523 5176 1643 5231 qua:
1679 5162 1733 5217 in
1784 5134 1887 5217 hac
1924 5158 2189 5231 parabola
2280 5158 2407 5227 quia
2436 5156 2686 5211 Christus
2715 5163 2769 5208 et
2809 5154 2972 5207 homo
3004 5160 3057 5207 et
3097 5151 3240 5205 Deus
3268 5155 3372 5231 est.
3396 5145 3529 5201 [line
3551 5137 3674 5195 enim
3692 5134 3787 5231 ut)?

595 5249 866 5322 laganum
920 5267 1083 5321 quam
1133 5253 1248 5324 ipse
1289 5253 1396 5329 illis
1422 5215 1981 5328 non‘inteiligentihds
2018 5265 2187 5321 expo—
2284 5215 2528 5310 haeresis,
2569 5263 2690 5318 qua:
2724 5233 3029 5300 iu'nostris
3074 5250 3195 5298 orta
3234 5227 3342 5306 esi,
3377 5215 3787 5329 consent-imi“?
3878 5215 3879 5291 ἶ

596 5357 732 5421 nere
779 5342 1030 5412 dignatus
1055 5352 1158 5410 est,
1191 5345 1245 5400 in
1274 5360 1381 5414 qua
1409 5359 1508 5400 nos
1530 5343 1820 5419 salubriter
1849 5342 1894 5396 si
1920 5341 2176 5418 adverta-

597 5422 720 5492 nuis
761 5434 1040 5492 admonuit
1096 5453 1202 5493 non
1239 5439 1459 5510 gloriari
1513 5439 1567 5492 in
1614 5438 1880 5507 sapientia
1918 5437 2177 5501 humana,

598 5540 708 5581 non
755 5525 810 5581 in
843 5542 1055 5581 morum
1081 5528 1363 5597 dignitate,
1401 5528 1446 5583 si
1478 5526 1757 5582 humilitas
1788 5526 1912 5582 ﬁdei
1937 5526 2180 5583 Catholi-

597 5600 693 5674 cae"
727 5616 781 5672 in
809 5616 1083 5673 Christum
1110 5617 1252 5673 desit
1278 5634 1293 5672 :
1339 5617 1493 5672 multi
1522 5615 1669 5670 enim
1696 5624 1823 5671 sunt
1846 5617 2061 5687 pagani,
2085 5614 2179 5688 qui

600 5710 896 5767 multum
969 5709 1260 5779 quamdam
1339 5708 1462 5764 vitae
1509 5704 1668 5775 hujus
1730 5709 2179 5765 consuetudinem

2286 5348 2394 5403 tur,
2445 5336 2763 5391 aﬁirmando
2789 5345 2845 5391 et
2884 5333 3246 5406 pricdicando,
3299 5330 3542 5388 Christus
3561 5321 3680 5396 sicut
3706 5319 3789 5378 qu"

2286 5430 2416 5486 libet
2446 5437 2756 5484 sanctorum
2794 5427 3196 5497 nuncupativus
3225 5424 3368 5480 Deus
3408 5428 3492 5476 est
3520 5424 3572 5472 et
3611 5420 3698 5465 non
3723 5408 3786 5497 *οξ

2287 5537 2399 5579 rus.
2434 5520 2572 5588 Quid
2597 5536 2732 5591 opus
2755 5528 2840 5574 est
2864 5495 3029 5573 multa
3058 5527 3385 5587 percurrere
3433 5521 3487 5567 et
3528 5495 3786 5591 βιαίας-Ῥήξ

2289 5582 2576 5671 bteresium
2595 5582 2970 5671 denumerare.
3001 5582 3116 5665 lloc
3159 5616 3356 5670 tenete,
3407 5605 3461 5659 in
3497 5595 3622 5659 ovile
3640 5582 3784 5671 Chiis?

2289 5704 2587 5762 Ecclesiam
2630 5702 2955 5765 catholicam
2983 5713 3107 5758 esse
3142 5699 3370 5757 credite.
3404 5690 3687 5762 Quicuuttne
3704 5664 3787 5726 τω
