3974 6364
241 414 344 471 265

1328 420 1633 478 HOMILLE
1674 423 1743 478 IN
1780 422 2030 510 EVANG.
2055 424 2160 513 ΕΤ
2195 422 2410 480 EPIST.

3296 427 3312 463 -’
3387 423 3494 479 266

243 529 450 585 intrare
500 542 555 581 1n
615 527 788 593 ovile,
844 542 940 597 per
985 530 1184 584 ostium
1231 532 1418 598 intret,
1467 535 1521 588 id
1570 543 1672 601 est,
1713 550 1810 605 per
1836 527 1886 600 Α
1912 537 2015 590 tiat
2059 543 2367 591 venturum.
2407 533 2512 590 Alii
2563 542 2690 590 sunt
2737 549 2867 605 ergo
2887 549 3022 604 quos
3050 547 3158 610 non
3207 533 3495 591 audierunt

241 611 537 686 Christum,
559 620 898 676 etChristum
915 637 1101 696 verum
1123 624 1319 691 Deum,
1334 634 1386 681 et
1405 643 1595 682 verum
1617 627 1812 683 Filium

245 711 338 766 Dei
364 710 644 782 pradicet,
692 720 747 768 et
781 727 890 768 non
917 714 1089 770 solum
1119 715 1394 773 Christum
1418 720 1696 788 praedicet,
1725 720 1819 775 sed

242 812 297 858 ct
320 802 519 857 Christi
572 802 797 874 gloriam
834 815 1060 875 quierat,
1115 823 1222 863 non
1264 824 1417 864 suam
1445 827 1460 864 :
1492 826 1617 865 nam
1663 811 1818 866 multi

241 891 528 962 quaerendo
552 890 778 963 gloriam
805 909 978 962 suam,
997 911 1126 951 oves
1151 894 1354 953 Christi
1379 909 1696 968 sparserunt
1724 915 1818 970 po-

241 982 347 1038 tius
376 998 538 1054 quam
559 994 1040 1055 congregaverant.
1076 985 1306 1044 Humilis
1349 997 1434 1043 est
1459 989 1603 1044 enim
1651 988 1817 1059 janua

239 1075 486 1132 Christus
511 1077 769 1132 Dominus
800 1078 940 1134 Deus
969 1088 1155 1136 noster
1179 1122 1194 1147 ,
1225 1082 1317 1152 qui
1349 1082 1514 1137 intrat
1554 1098 1652 1153 per
1677 1085 1819 1139 hanc

232 1168 476 1240 januam,
511 1178 723 1239 oportet
751 1178 813 1224 ut
840 1167 1096 1226 humiliet
1114 1188 1191 1238 se,
1244 1181 1306 1228 ut
1334 1189 1468 1230 sano
1487 1175 1665 1245 capite
1689 1190 1818 1246 pos-

239 1262 311 1316 sit
340 1262 563 1317 intrare.
598 1260 662 1316 Hi
703 1271 830 1317 sunt
848 1263 940 1332 qui
963 1279 1150 1320 vocem
1176 1265 1291 1319 veri
1312 1267 1550 1334 pastoris
1569 1267 1815 1333 audiunt,

237 1351 295 1405 hi
338 1360 464 1407 sunt
503 1367 637 1422 quos
655 1353 902 1424 proprias
930 1369 1058 1410 oves
1099 1356 1422 1411 nominatim
1448 1373 1608 1413 verus
1633 1367 1818 1428 pastor

235 1453 414 1512 vocat,
443 1445 508 1500 de
554 1445 638 1500 his
661 1445 863 1500 dictum
915 1454 1017 1512 est,
1057 1446 1279 1517 gaudete
1303 1456 1351 1501 et
1384 1447 1664 1514 exsultate,
1693 1465 1818 1518 quo-

237 1538 378 1590 niam
404 1537 618 1591 nomina
638 1546 806 1591 vestra
843 1547 965 1592 sunt
988 1539 1182 1608 scripta
1208 1540 1265 1594 in
1297 1539 1457 1595 caelis.
1493 1539 1629 1594 Hinc
1672 1540 1815 1595 enim

234 1645 330 1685 eas
357 1618 677 1685 nominatim
718 1638 898 1696 vocat,
922 1639 977 1684 et
997 1631 1118 1700 quis
1147 1631 1284 1687 alius
1312 1647 1406 1687 eas
1440 1633 1672 1688 emittit?
1713 1632 1817 1688 nisi

234 1720 326 1789 qui
354 1734 542 1774 eorum
595 1728 819 1788 peccata
857 1720 1096 1786 dimittit,
1132 1729 1193 1775 ut
1220 1737 1342 1777 eum
1379 1724 1531 1793 sequi
1579 1725 1729 1779 duris
1755 1725 1818 1779 li-

232 1810 436 1863 beratae
464 1809 693 1864 vinculis
745 1810 970 1880 possint.
1022 1810 1090 1864 Et
1115 1813 1237 1880 quis
1261 1825 1353 1868 eas
1378 1815 1674 1882 prtecessit,
1709 1829 1817 1885 quo

1919 641 2046 682 oves
2067 627 2122 682 in
2167 627 2364 698 quibus
2387 641 2509 694 non
2531 634 2650 681 erat
2670 640 2771 680 vox
2795 623 2998 680 Christi
3023 641 3038 691 ;
3067 632 3333 693 errantes,
3356 617 3495 702 falsa

1920 702 2178 790 dicentes,
2210 719 2390 773 inania
2417 718 2741 789 garrientes,
2767 731 2906 771 vana
2940 715 3224 786 ﬁngentes,
3265 715 3496 773 miseros

1919 807 2236 864 seducentes
2261 848 2276 875 ,
2347 809 2487 863 sicut
2541 806 3040 878 pseudoprophetae,
3106 805 3246 862 sicut
3274 803 3496 870 scriba:

1917 904 1972 951 et
2025 897 2276 967 pharisaei
2344 898 2675 967 temporibus
2736 897 2904 968 ipsius
2949 895 3182 951 Domini.
3237 893 3304 950 Hi
3368 903 3497 950 sunt

1917 987 2009 1056 qui
2052 996 2315 1042 venerunt
2363 1003 2462 1058 per
2509 1005 2599 1054 se,
2642 995 2696 1042 et
2747 1003 2855 1042 non
2886 995 3012 1042 sunt
3039 1002 3080 1055 ag
3113 985 3292 1057 judice
3319 984 3492 1039 missi.

1918 1074 2014 1132 His
2044 1092 2172 1132 vero
2201 1093 2323 1132 cum
2369 1078 2631 1134 doctrinis
2678 1080 2789 1134 suis
2827 1078 3016 1150 procul
3047 1077 3286 1148 expulsis
3313 1075 3497 1132 videa-

1918 1184 2038 1224 mus
2065 1184 2170 1239 quo
2201 1186 2299 1226 nos
2324 1179 2510 1240 pastor
2542 1173 2718 1228 bonus
2741 1180 2919 1226 vocat.
2952 1171 3091 1225 Dicit
3119 1170 3265 1224 enim
3290 1187 3323 1250 εἴ

1987 1260 2103 1331 Ego
2122 1279 2239 1316 sum
2262 1263 2472 1318 ostium.
2503 1261 2611 1318 Per
2634 1279 2716 1318 me
2737 1265 2783 1317 si
2807 1264 2922 1335 quis
2949 1263 3226 1328 introierit,
3263 1261 3494 1316 salvabi—

1918 1362 2004 1406 tur
2025 1367 2044 1406 :
2066 1364 2114 1408 et
2146 1353 2486 1426 ingredietur,
2508 1366 2558 1410 et
2600 1357 2915 1426 egredietur,
2955 1365 3003 1410 et
3024 1372 3222 1426 pascua
3253 1354 3492 1409 inveniet.

1919 1445 1998 1501 Ex
2024 1447 2130 1503 hoc
2172 1446 2451 1503 evidenter
2499 1449 2735 1504 ostendit
2774 1463 2880 1503 non
2906 1448 3079 1504 solum
3097 1456 3363 1518 pastores,
3401 1446 3498 1502 sed

1919 1538 2084 1593 etiam
2132 1552 2262 1594 oves
2316 1539 2521 1595 intrare
2563 1555 2662 1611 per
2686 1541 2916 1606 ostium;
2963 1541 3059 1597 sed
3099 1540 3230 1610 quid
3275 1549 3380 1606 est,
3407 1540 3494 1592 in-

1919 1629 2186 1698 gredietur
2231 1638 2283 1685 et
2315 1631 2628 1701 egredietur,
2664 1641 2732 1697 et.
2761 1649 2958 1702 pascua
2990 1632 3231 1686 inveniet.
3284 1629 3498 1701 Ingredi

1921 1719 2117 1788 quippe
2171 1720 2226 1775 in
2263 1720 2560 1776 Ecclesiam
2607 1738 2705 1792 per
2755 1724 2953 1778 ostium
3019 1721 3294 1778 Christum
3346 1708 3500 1792 valde

1920 1809 2120 1863 bonum
2150 1817 2254 1877 est,
2293 1812 2445 1868 exire
2489 1821 2667 1868 autem
2713 1815 2778 1868 de
2803 1813 3066 1881 Ecclesia,
3111 1815 3253 1870 sicut
3277 1815 3354 1868 ait
3382 1815 3499 1884 ipse

231 1915 356 1954 eum
386 1901 722 1970 sequantur?
768 1900 872 1955 nisi
900 1901 991 1970 qui
1043 1916 1330 1972 resurgens
1373 1919 1404 1956 a
1438 1905 1666 1960 mortuis
1700 1905 1814 1975 jam
1843 1906 1892 1966 B
1920 1897 2160 1957 Joannes
2197 1901 2537 1974 Evangelista
2568 1904 2624 1958 in
2653 1904 2890 1974 Epistola
2937 1922 3053 1971 sua,
3085 1922 3150 1959 ea:
3187 1905 3332 1960 nobis
3363 1907 3502 1959 exie—

229 2007 340 2047 non
367 1994 596 2048 moritur
617 2001 673 2048 et
700 2007 846 2048 mors
872 1992 945 2047 illi
977 1993 1116 2050 ultra
1145 2009 1252 2048 non
1281 1995 1666 2050 dominabitur.
1698 1995 1806 2051 Has

228 2101 364 2141 vero
394 2087 592 2152 educit,
621 2102 653 2140 a
676 2086 780 2141 ﬁde
808 2087 875 2140 ad
918 2086 1177 2156 speciem,
1220 2095 1274 2142 et
1299 2096 1425 2143 ante
1453 2088 1588 2143 istas
1637 2089 1811 2156 vadit,

229 2180 360 2248 quia
387 2180 536 2250 prior
565 2179 805 2233 omnium
831 2177 1074 2233 ascendit
1107 2177 1161 2232 in
1193 2177 1412 2243 caelum,
1460 2186 1516 2233 et
1541 2193 1660 2248 quze
1690 2185 1814 2234 sunt

229 2286 361 2326 oves
387 2287 498 2325 suae
522 2270 672 2325 illum
727 2278 1044 2340 sequuntur,
1077 2270 1206 2339 quia
1248 2270 1429 2326 sciunt
1473 2285 1662 2326 vocem
1720 2270 1835 2326 do-‘

228 2362 422 2417 ctrinae
449 2359 585 2430 ejus.
616 2360 835 2417 Alienos
871 2377 1001 2416 vero
1042 2362 1292 2417 ductores
1335 2376 1442 2416 non
1499 2371 1811 2432 sequentur,

227 2455 324 2510 sed
355 2455 562 2526 fugient
589 2455 657 2510 ab
686 2455 787 2521 eis,
811 2455 938 2524 quia
965 2469 1072 2509 non
1101 2463 1366 2508 noverunt
1386 2469 1598 2520 vocem,
1627 2454 1680 2509 id
1708 2463 1811 2523 est,

227 2545 531 2601 doctrinam
583 2546 915 2612 alienorum;
974 2545 1067 2602 sed
1115 2545 1366 2616 loquente
1413 2545 1642 2602 Domino
1685 2547 1814 2603 Jesu

226 2651 338 2689 non
363 2635 765 2702 intellexerunt,
803 2635 893 2704 qui
942 2635 1249 2700 audierunt,
1278 2635 1640 2690 incrassatum
1669 2639 1812 2692 enim

227 2723 540 2779 habuerunt
565 2741 682 2791 cor,
709 2733 765 2780 et
799 2727 1038 2797 graviter
1068 2727 1376 2782 audierunt.
1425 2726 1680 2783 Nominat
1722 2745 1814 2784 os-

227 2817 387 2882 tium,
420 2817 662 2878 nominat
681 2817 840 2885 ovile,
865 2818 1108 2872 nominat
1155 2834 1304 2886 oves,
1333 2819 1682 2883 commendat,
1701 2821 1816 2876 haec

225 2909 434 2973 omnia,
481 2909 576 2964 sed
601 2909 835 2965 nondum
858 2910 1098 2980 exponit.
1129 2907 1428 2965 Audiamus
1457 2918 1816 2981 exponentem

223 3001 325 3070 qui
350 2999 653 3056 audivimus
671 3008 1063 3072 proponentem
1097 3019 1109 3054 :

303 3090 502 3146 Iter-um
542 3092 698 3147 Jesus
746 3093 873 3147 dicit
922 3092 1248 3157 eis:Amen,
1305 3108 1458 3147 amen
1506 3090 1623 3146 dico
1649 3091 1815 3158 vobis,

222 3180 352 3248 quia
376 3197 469 3250 ego
493 3197 612 3234 sum
635 3185 828 3236 ostium
857 3185 1048 3237 ovium.
1087 3183 1226 3238 Ecce
1246 3183 1422 3253 ipsum
1446 3183 1644 3239 ostium
1674 3184 1816 3253 quod

1913 2003 2054 2058 runt,
2087 1994 2178 2048 sed
2206 2011 2312 2049 non
2335 2006 2484 2049 erant
2512 1985 2587 2050 ex.
2616 1997 2780 2056 nobis.
2837 1997 2953 2068 Ego
2982 1997 3095 2051 veni
3116 2007 3174 2050 ut
3211 1997 3371 2050 vitam
3398 1997 3497 2050 ha-

1915 2083 2089 2151 beant,
2121 2095 2169 2140 et
2193 2086 2548 2141 abundantius
2574 2086 2816 2141 habeant.
2847 2086 3076 2143 Videtur
3100 2087 3244 2142 enim
3277 2087 3499 2152 dixisse,

1915 2185 1977 2230 ut
2001 2175 2168 2231 vitam
2195 2185 2456 2232 aeternam
2483 2166 2720 2234 habeant
2757 2178 3136 2248 ingredientes.
3168 2176 3287 2232 Non
3318 2186 3500 2232 autem
3577 2205 3580 2208 ι

1913 2279 2092 2339 potest
2120 2271 2349 2341 quisque
2396 2288 2493 2342 per
2545 2272 2767 2338 ostium,
2821 2271 2876 2326 id
2915 2278 3019 2336 est,
3071 2286 3170 2340 per
3221 2269 3498 2325 Christum

1916 2365 2101 2436 egredi
2123 2366 2190 2420 ad
2223 2374 2485 2421 aeternam
2521 2366 2709 2431 vitam,
2753 2380 2874 2434 quae
2893 2364 3081 2420 erit'in
3109 2363 3369 2433 sapiente,
3398 2363 3501 2417 nisi

1915 2470 2013 2525 per
2047 2457 2221 2527 ipsum
2249 2457 2471 2522 ostium,
2512 2457 2616 2511 hoc
2661 2463 2765 2522 est,
2811 2470 2908 2526 per
2934 2455 3182 2511 eumdem
3227 2453 3502 2509 Christum

1916 2547 2221 2604 Ecclesiam
2249 2547 2366 2617 ejus
2390 2549 2534 2618 quod
2554 2556 2636 2604 est
2671 2547 2811 2602 ovile
2836 2548 2976 2618 ejus,
3002 2544 3291 2600 intraverit
3321 2543 3390 2616 ad
3428 2543 3508 2598 vi—

1917 2649 2030 2696 tam
2059 2641 2431 2712 temporalem,
2460 2657 2580 2711 quae
2608 2647 2690 2695 est
2721 2639 2777 2693 in
2805 2638 2928 2693 ﬁde.
2959 2637 3084 2692 Ideo
3128 2637 3207 2691 ait
3233 2652 3247 2689 :
3272 2650 3364 2704 ego
3389 2634 3505 2687 veni

1917 2741 1972 2786 ut
2001 2733 2157 2787 vitam
2206 2733 2429 2787 habeant
2457 2747 2473 2783 :
2501 2733 2604 2787 hoc
2631 2740 2734 2798 est,
2769 2731 2953 2797 ﬁdem,
2999 2744 3121 2800 quae
3145 2742 3242 2798 per
3265 2727 3505 2781 dilectio-

1919 2843 2042 2881 nem
2071 2836 2330 2897 operatur
2360 2845 2372 2880 :
2409 2841 2506 2895 per
2535 2840 2697 2895 quam
2729 2823 2889 2878 ﬁdem
2917 2824 2971 2876 in
3017 2821 3156 2877 ovile
3193 2819 3504 2889 ingrediun—

1921 2928 2010 2973 tur
2055 2928 2111 2973 ut
2161 2917 2380 2972 vivant?
2414 2919 2539 2987 quia
2581 2917 2761 2987 justus
2785 2930 2854 2969 ex
2885 2914 2991 2968 ﬁde
3040 2912 3204 2979 vivit;
3242 2921 3290 2965 et
3330 2910 3502 2964 abun-
3565 2941 3567 2944 ι

1920 3009 2134 3062 dantius
2184 3008 2427 3073 habeant,
2461 3007 2551 3076 qui
2581 3004 2978 3075 perseverando
3035 3015 3206 3072 usque
3262 3001 3316 3055 in
3341 3000 3501 3053 ﬁnem

1922 3101 2104 3154 salvus
2155 3101 2279 3154 erit.
2331 3099 2435 3153 Per
2491 3097 2624 3151 illud
2683 3096 2902 3161 ostium,
2954 3095 3009 3149 id
3041 3101 3145 3159 est,
3198 3107 3299 3162 per
3345 3090 3507 3145 ﬁdem

1926 3190 2130 3246 Christi
2190 3191 2543 3262 egrediuntur
2590 3189 2808 3260 quando
2867 3188 2983 3244 veri
3023 3186 3210 3242 ﬁdeles
3264 3185 3510 3240 moriun-

226 3271 470 3326 clausum
494 3274 1124 3345 posuerataperuit,ipse
1143 3275 1817 3347 estostium,agnovimus,
1849 3299 1895 3362 ρ
1929 3292 2032 3346 tur,
2091 3291 2146 3336 et
2200 3281 2561 3336 abundantius
2626 3281 2902 3334 habebunt
2971 3278 3138 3330 vitam
3203 3273 3470 3330 veniendo
3493 3315 3507 3340 ,

225 3367 514 3433 intremus,
546 3375 607 3421 ut
632 3382 730 3422 nos
756 3367 987 3423 intrasse
1018 3369 1367 3441 gaudeamus.

303 3459 498 3515 Omnes
553 3471 802 3532 quotquot
838 3473 1108 3530 venerunt,
1158 3463 1302 3534 fures
1337 3471 1460 3519 sunt
1483 3471 1532 3519 et
1559 3464 1812 3522 latrones.

226 3548 369 3616 Quid
407 3559 489 3605 est
538 3553 661 3618 hoc,
710 3552 975 3608 Domine?
1019 3571 1198 3610 omnes
1243 3565 1494 3628 quotquot
1543 3567 1812 3624 venerunt,

223 3641 361 3711 quid
388 3641 534 3696 enim
567 3649 625 3696 tu
658 3655 766 3696 non
790 3646 1028 3699 venisti?
1054 3647 1147 3702 sed
1197 3647 1439 3719 intellige
1463 3665 1643 3704 omnes
1663 3659 1818 3720 quot-

223 3746 352 3808 quot
378 3745 644 3803 venerunt,
674 3736 809 3790 dixit
835 3736 1022 3804 utique
1065 3751 1253 3791 omnes
1281 3745 1480 3806 praeter
1508 3753 1613 3790 me.
1645 3741 1816 3790 Reco—

228 3827 406 3882 lamus
430 3842 558 3898 ergo
579 3836 704 3881 ante
729 3827 1019 3882 adventum
1044 3827 1235 3896 ipsius,
1264 3833 1531 3880 venerunt
1584 3826 1819 3897 prophe—

229 3930 322 3984 ιω,
358 3918 601 3988 nunquid
634 3918 780 3974 fures
826 3919 1045 3974 fuerunt
1072 3928 1127 3973 et
1169 3919 1448 3974 latrones?
1471 3919 1666 3985 Absit;
1712 3934 1821 3973 non

227 4018 432 4079 praeter
465 4010 616 4064 illum
641 4020 926 4079 venerunt,
958 4020 1217 4067 venturus
1245 4027 1522 4082 praacones
1550 4013 1818 4078 mittebat,

227 4104 326 4158 sed
355 4118 546 4158 eorum
590 4105 753 4160 corda
781 4121 917 4174 quos
950 4106 1172 4161 miserat
1203 4107 1532 4177 possidebat,
1562 4121 1685 4161 cum
1732 4106 1823 4162 illo

229 4210 366 4266 ergo
389 4205 654 4251 venerunt
671 4197 762 4266 qui
785 4213 907 4252 cum
927 4197 1094 4253 verbo
1108 4197 1203 4253 Dei
1225 4204 1491 4252 venerunt
1515 4215 1528 4251 :
1556 4196 1670 4268 Ego
1685 4214 1820 4263 sum,

228 4289 560 4358 inquit,via,
585 4290 792 4356 veritas,
818 4290 942 4344 vita.
972 4289 1089 4359 Ipse
1117 4299 1199 4345 est
1228 4289 1592 4354 veritas,cum
1618 4287 1710 4343 illo
1731 4303 1824 4344 ve-

229 4389 461 4447 nerunt,
491 4379 580 4450 qui
613 4396 830 4436 veraces
856 4381 1074 4438 fuerunt
1101 4390 1155 4437 et
1181 4383 1463 4438 veritatem
1493 4382 1823 4454 praedicave-

232 4484 387 4541 runt,
427 4482 693 4544 quotquot
721 4485 900 4530 autem
939 4485 1138 4545 prater
1166 4475 1319 4530 illum
1365 4484 1633 4532 venerunt
1679 4476 1824 4531 fures

227 4575 363 4624 sunt
411 4575 466 4621 et
507 4566 784 4634 latrones;
815 4583 914 4636 per
961 4585 1019 4622 se
1063 4575 1347 4634 venerunt,
1391 4569 1516 4638 quia
1559 4581 1656 4637 per
1700 4584 1821 4624 eum

1918 3389 2025 3444 quo
2046 3381 2232 3444 pastor
2245 3373 2336 3429 ille
2353 3372 2655 3445 praecessit,
2669 3372 2761 3427 ubi
2775 3384 3050 3439 nunquam
3071 3366 3264 3423 deinde
3278 3367 3509 3422 morian-

1920 3475 2026 3533 tur,
2058 3467 2154 3522 sed
2175 3481 2299 3523 cum
2329 3467 2447 3536 ipso
2475 3472 2695 3536 pastore
2741 3464 2925 3519 vivant
2946 3463 3001 3517 in
3037 3468 3240 3516 aeterna
3265 3459 3505 3514 beatitu-

1921 3556 2048 3612 dine
2071 3564 2128 3612 et
2154 3563 2386 3628 regnent
2405 3571 2502 3628 per
2524 3556 2708 3611 omnia
2735 3555 2932 3610 saecula
2981 3551 3322 3608 saeculorum.
3377 3591 3384 3598 .

2477 3717 2759 3774 HOMILIA
2786 3715 2964 3772 LXIII.

2585 3819 2741 3858 FERIA
2762 3819 2838 3858 IV.

2287 3895 2472 3952 Lectio
2499 3893 2729 3949 Actuum
2757 3892 3140 3962 apostolorum.

1995 4008 2065 4063 In
2101 4006 2284 4063 diebus
2314 4007 2453 4074 illis,
2485 4016 2630 4060 stans
2657 4006 2846 4060 Petrus
2876 4023 2994 4059 cum
3039 4005 3299 4071 undecim,
3324 4005 3511 4060 levavit

1926 4119 2099 4157 vocem
2133 4117 2285 4156 suam
2335 4109 2384 4154 et
2431 4100 2634 4154 locutus
2663 4109 2736 4154 est
2768 4099 2840 4154 eis
2870 4115 2890 4153 :
2942 4097 3051 4151 Viri
3085 4097 3294 4164 Judwi,
3336 4107 3384 4151 et
3419 4099 3512 4167 qui

1926 4197 2174 4250 habitatis
2200 4189 2534 4249 Hierusalem
2563 4195 2806 4260 universi,
2840 4195 2935 4248 hoc
2958 4193 3098 4248 vobis
3125 4202 3305 4247 notum
3329 4193 3417 4260 sit,
3459 4202 3509 4248 et

1927 4286 2143 4340 auribus
2171 4287 2414 4358 percipite
2439 4286 2590 4340 verba
2610 4302 2747 4350 mea,
2775 4294 2879 4340 etc.

1999 4377 2290 4448 Postquam
2315 4393 2410 4448 per
2448 4377 2682 4448 Spiritus
2709 4377 2882 4432 sancti
2913 4378 3164 4450 gratiam,
3195 4394 3313 4449 qua!
3339 4380 3392 4435 in
3424 4381 3510 4435 die

1927 4467 2274 4524 Pentecostes
2306 4467 2475 4522 eﬂ'usa
2495 4478 2579 4524 est
2599 4484 2761 4539 super
2780 4479 2994 4525 centum
3017 4470 3206 4539 viginti
3229 4471 3512 4526 credentes

1929 4561 2018 4629 qui
2045 4559 2263 4614 fuerunt
2303 4559 2358 4613 in
2394 4560 2675 4615 caenaculo
2706 4560 2836 4614 Sion
2863 4560 3044 4630 positi,
3073 4570 3127 4613 et
3151 4560 3510 4628 loquebantur

229 4658 391 4712 missi
436 4673 545 4712 non
576 4657 815 4723 fuerunt,
847 4674 952 4712 non
1010 4674 1155 4713 sana:
1183 4658 1441 4713 doctrinae
1475 4659 1819 4723 inhaerentes,

1932 4651 2096 4705 variis
2126 4651 2343 4720 linguis,
2387 4651 2568 4704 mirati
2595 4658 2720 4722 sunt
2750 4649 2838 4703 isti
2864 4649 2953 4718 qui
2978 4648 3263 4713 aﬁ‘uerunt,
3291 4659 3510 4720 stupen-

229 4759 299 4811 de
328 4756 527 4825 quibus
554 4756 776 4821 dictum,
829 4755 970 4824 fures
1016 4764 1135 4808 sunt
1159 4767 1206 4808 et
1259 4754 1504 4819 latrones,
1535 4754 1588 4809 id
1619 4761 1723 4817 est,
1756 4755 1824 4808 ad

228 4847 529 4902 furandum
549 4855 605 4901 et
642 4845 994 4901 occidendum
1028 4853 1310 4898 venerunt.
1364 4842 1468 4898 Sed
1497 4858 1604 4897 non
1641 4843 1826 4897 audie—
1863 4913 1866 4916 ῃ

230 4948 368 4993 runt
397 4953 492 4993 eos
521 4952 673 5003 oves,
709 4953 828 5007 quae
869 4952 1014 4991 verae
1055 4945 1180 4991 sunt
1205 4951 1353 4998 oves,
1404 4950 1513 4989 non
1559 4934 1658 4989 sub
1683 4933 1824 5004 pelle

228 5034 421 5098 ovina,
450 5031 691 5102 lupinum
707 5047 801 5086 cor
830 5031 1250 5095 abscondentes;
1285 5031 1448 5100 igitur
1463 5030 1553 5099 qui
1571 5037 1697 5084 ante
1724 5031 1821 5084 ad-

225 5134 463 5181 ventum
507 5124 710 5180 Christi
749 5125 1199 5195 praadicaverunt,
1232 5124 1419 5178 eodem
1451 5122 1653 5192 Spiritu
1681 5137 1823 5191 prae-

227 5220 562 5274 dicaverunt
610 5233 717 5287 quo
753 5217 981 5286 apostoli
1008 5225 1061 5271 et
1099 5217 1271 5270 sancti
1305 5217 1552 5271 doctores
1573 5223 1696 5284 post
1726 5214 1822 5268 ad-

228 5317 465 5365 ventum
493 5309 695 5364 Christi
719 5309 962 5363 veritatis
1007 5307 1150 5362 viam
1182 5308 1382 5362 mundo
1431 5308 1818 5374 ostenderunt;

228 5408 512 5473 quotquot
560 5411 737 5457 autem
771 5401 862 5456 illo
906 5410 1148 5469 tempore
1165 5398 1507 5454 crediderunt
1536 5401 1619 5454 vel
1646 5401 1822 5455 Abra-

227 5491 393 5557 ham,
429 5490 514 5546 vel
550 5491 722 5554 Isaac,
749 5491 832 5546 vel
867 5489 1054 5556 Jacob,
1110 5488 1194 5544 vel
1224 5487 1425 5558 Moyse,
1465 5489 1548 5543 vel
1583 5489 1702 5545 aliis
1727 5506 1823 5560 pa-

226 5581 518 5648 triarchis,
555 5582 782 5652 aliisque
829 5580 1105 5650 prophetis
1139 5577 1413 5634 Christum
1464 5582 1820 5648 pronuntian-

227 5672 390 5728 tibus
411 5712 426 5738 ,
459 5687 589 5727 oves
615 5681 775 5727 erant
813 5679 869 5726 et
904 5669 1180 5726 Christum
1212 5669 1516 5734 audierunt,
1546 5685 1653 5726 non
1688 5673 1818 5728 alie-

225 5777 369 5818 nam
392 5776 582 5819 vocem
610 5762 706 5817 sed
736 5761 905 5832 ipsius
956 5761 1158 5815 Christi
1208 5760 1514 5814 audierunt.
1555 5761 1690 5815 Nam
1738 5764 1823 5832 ju-

228 5855 347 5910 dex
392 5852 591 5909 clamat
621 5853 675 5908 in
699 5867 972 5922 praecone,
1010 5853 1134 5906 dum
1161 5867 1337 5923 praeco
1356 5851 1591 5920 judicem
1617 5872 1820 5909 annun-

643 5930 926 6009 Pnnon.
962 5945 1095 6008 CX.

1934 4753 2014 4798 tes
2055 4743 2447 4799 admiraculum
2476 4754 2586 4797 tam
2612 4743 2897 4798 laudabile.
2937 4742 3041 4797 Alii
3071 4744 3287 4813 quidam
3328 4745 3382 4798 in
3408 4747 3513 4801 hoc

1933 4837 2224 4892 laudabant
2251 4837 2439 4901 Deum,
2479 4835 2569 4890 alii
2608 4851 2736 4890 vero
2779 4835 3024 4890 ebrietati
3055 4835 3384 4905 deputabant
3429 4837 3512 4891 di-

1933 4943 2142 4983 versam
2172 4927 2518 4993 locutionem,
2558 4942 2667 4981 non
2693 4928 2796 4981 rite
2826 4927 3209 4998 intelligentes,
3259 4929 3403 4996 quod
3438 4929 3515 4982 fa-

1932 5027 2079 5075 ctum
2116 5017 2323 5084 fuerat;
2356 5019 2497 5074 unde
2525 5017 2719 5072 Petrus
2746 5018 3038 5086 apostolus,
3075 5017 3215 5072 sicut
3245 5017 3405 5072 modo
3433 5016 3513 5072 le-

1933 5121 2077 5168 ctum
2099 5121 2205 5179 est,
2227 5111 2410 5166 levavit
2434 5127 2605 5166 vocem
2626 5128 2779 5166 suam
2808 5120 2855 5165 et
2877 5110 3079 5166 locutus
3101 5120 3175 5165 est
3201 5113 3275 5166 eis
3297 5125 3315 5164 :
3341 5113 3513 5168 mani-

1931 5205 2138 5260 festans
2162 5204 2434 5258 laudabile
2476 5203 2573 5258 Dei
2620 5204 2840 5258 donum.
2873 5202 2989 5257 Non
3029 5203 3202 5260 solum
3237 5219 3388 5277 ergo,
3433 5207 3514 5260 in-

1931 5299 2146 5368 quiunt,
2177 5298 2270 5368 qui
2305 5304 2497 5352 natura
2530 5305 2657 5351 sunt
2681 5294 2850 5350 Judzei
2883 5311 2950 5349 ex
2979 5295 3192 5350 diverso
3224 5297 3356 5352 orbe
3388 5313 3516 5352 con-

1932 5393 2234 5446 venerunt?
2255 5408 2443 5448 verum
2463 5403 2517 5448 et
2537 5393 2630 5463 qui
2651 5393 2705 5446 in
2725 5392 2988 5462 praeputio
3002 5391 3114 5446 nati
3135 5407 3324 5448 eorum
3341 5393 3518 5448 adhin-

1932 5501 2051 5540 sere
2085 5485 2231 5539 ritui.
2265 5485 2370 5538 Alii
2398 5497 2571 5540 autem
2600 5485 2877 5539 irridentes
2907 5485 3170 5551 dicebant,
3193 5485 3319 5556 quia
3345 5493 3516 5539 musto

1929 5577 2068 5648 pleni
2110 5589 2230 5632 sunt
2269 5579 2388 5642 isti;
2421 5576 2862 5644 irridentesglicet
2899 5578 3125 5649 mystice
3166 5584 3346 5631 tamen
3388 5591 3518 5631 vera

1931 5678 2232 5738 testantur;
2262 5672 2388 5742 quia
2417 5686 2523 5725 non
2557 5671 2682 5724 vino
2722 5670 2891 5723 veteri
2929 5670 3073 5738 quod
3098 5669 3153 5723 in
3188 5668 3393 5738 nuptiis
3419 5668 3521 5724 Ec—

1932 5761 2109 5818 clesia:
2131 5763 2332 5827 deﬁcit,
2358 5763 2451 5816 sed
2475 5771 2650 5814 musto
2670 5769 2793 5814 sunt
2809 5760 2995 5830 gratiae
3015 5760 3275 5830 spiritalis
3292 5760 3518 5830 impleti,

1925 5857 2037 5926 jam
2065 5859 2210 5911 enim
2237 5857 2420 5910 vinum
2452 5870 2648 5909 novum
2682 5855 2736 5908 in
2764 5863 2914 5909 utres
2943 5871 3111 5910 novos
3132 5861 3371 5922 venerat,
3399 5870 3520 5909 cum

2969 5947 3007 6007 9
