3974 6364
547 391 652 449 867

1212 385 1272 440 Β.
1316 381 1569 441 RABANI
1605 379 1822 468 MAURI
1857 379 2183 437 ARCHIEP.
2226 372 2539 433 MOGUNT.
2579 371 2864 428 OPERUM
2894 369 3072 424 PARS
3109 369 3176 422 ll.
3668 372 3742 454 i368

543 501 773 575 apostoli
800 516 908 556 non
948 506 1006 559 in
1033 505 1303 554 vetustate
1328 498 1542 563 litterzc,
1563 495 1656 581 sed
1683 494 1737 549 in
1759 495 1998 551 novitate
2023 492 2134 564 spi-
2158 502 2210 564 Α
2237 489 2356 560 ipso
2385 493 2677 558 praestante
2705 483 2936 538 Domino
2960 489 3147 581 nostro
3173 477 3297 534 Jesu
3311 478 3538 581 Christo,
3555 481 3742 548 quicum

543 595 702 660 ritus,
728 589 824 648 Dei
852 590 1120 662 magnaiia
1151 596 1482 646 resonarent.

618 675 748 742 Non
773 686 934 751 enim,
964 684 1098 738 sicut
1126 699 1216 738 vos
1255 681 1548 748 resumatis,
1579 681 1636 734 Iri
1667 681 1796 736 ebrii
1831 689 1976 747 sunt,
2009 695 2127 734 cum

541 781 614 837 ait
641 767 777 832 here
809 775 913 830 diei
943 775 1115 830 tertia.
1155 773 1390 844 Spiritus
1419 781 1640 828 sanctus
1678 771 1906 844 gloriam
1935 769 2126 826 indivi-

545 871 664 928 dua
689 866 971 926 Trinitatis
1018 866 1218 920 mundo
1259 863 1672 934 praedicaturus,
1717 863 1877 917 tertia
1931 875 2126 916 conve-

543 962 758 1018 nienter
784 957 918 1015 hora
949 955 1241 1018 descendit,
1273 961 1326 1010 et
1352 954 1482 1024 quia
1511 965 1674 1022 supra
1712 951 1926 1007 dicitur.
1958 947 2130 1004 Erant

541 1039 600 1108 in
650 1051 888 1106 oratione
926 1053 1330 1119 perseverantes,
1386 1051 1537 1099 recte
1580 1043 1830 1113 spiritum
1880 1050 2126 1096 sanctum

543 1143 805 1201 orationis
839 1141 972 1196 hora
1003 1137 1325 1209 percipiunt,
1361 1143 1422 1189 ut
1452 1133 1770 1189 ostendatur
1806 1129 2125 1203 legentibus,

542 1234 670 1306 quia
695 1231 916 1304 spiritus
945 1229 1114 1284 sancti
1143 1227 1317 1300 gratia
1351 1241 1464 1282 non
1494 1225 1652 1280 facile
1675 1225 1990 1295 percipitur,
2023 1222 2128 1278 nisi

541 1324 716 1396 gratia
747 1338 779 1378 a
819 1321 1133 1378 carnalibus
1159 1332 1516 1388 supernorum
1553 1317 1849 1370 intentione
1876 1315 2122 1369 levetur:

542 1417 648 1471 tria
683 1414 827 1470 enim
863 1420 1107 1482 tempora
1132 1409 1328 1480 quibus
1358 1407 1544 1464 Daniel
1574 1407 1630 1461 in
1671 1407 1759 1461 die
1785 1404 2006 1460 ﬂectere
2038 1416 2130 1474 ge—

542 1520 647 1560 nua
681 1517 778 1559 sua
804 1511 860 1558 et
887 1503 1116 1560 adorare
1138 1499 1354 1571 legitur,
1387 1499 1566 1563 tertia,
1599 1507 1771 1559 sexta,
1803 1511 1964 1562 nona,
1993 1496 2128 1550 hora

538 1597 608 1649 ab
634 1593 876 1651 Ecclesia
903 1592 1254 1664 intelligitur?
1273 1590 1412 1658 Quia
1438 1598 1495 1646 et
1519 1590 1780 1644 Dominus
1811 1588 1967 1642 tertia
1993 1588 2130 1642 hora

540 1685 790 1756 spiritum
813 1691 1066 1740 sanctum
1093 1682 1334 1749 mittens,
1376 1689 1528 1737 sexta
1556 1682 1670 1751 ipse
1694 1693 1912 1735 erucem
1937 1693 2130 1733 ascen-

539 1779 694 1845 dens,
726 1792 871 1833 nona
897 1777 1138 1832 animam
1161 1787 1387 1846 ponens,
1421 1775 1638 1830 easdem
1668 1771 1825 1829 nobis
1847 1772 2010 1828 horas
2031 1787 2128 1826 cae

2227 579 2390 636 Patre
2415 586 2468 635 et
2503 578 2694 648 spiritu
2722 581 2912 630 sancto
2939 572 3075 627 vivit
3101 578 3156 627 et
3187 577 3374 642 regnat
3399 567 3534 624 Deus
3557 585 3641 640 per
3661 587 3746 628 ont-

2227 673 2317 727 nla
2335 670 2530 726 saecula
2554 667 2894 725 saeculorum.
2916 663 3107 718 Amen.
3557 665 3564 671 ‘

2772 775 3054 834 norum
3089 773 3252 851 thv

2801 879 2934 928 ITEII
2972 879 3128 918 ῐιἘΒῐΑ
3168 878 3240 917 IV.

2359 957 2544 1016 Lectio
2572 957 2744 1014 sancti
2769 939 3042 1030 Evangelii
3074 953 3369 1010 secundum
3393 950 3646 1035 Joannem.

2300 1051 2366 1107 In
2383 1043 2484 1105 illo
2527 1060 2755 1128 tempore
2784 1047 2919 1132 dixit
2959 1045 3114 1132 {esus
3153 1043 3424 1128 discipulis
3459 1045 3558 1116 suis
3587 1044 3747 1102 :Neuto

2224 1155 2392 1220 potest
2413 1145 2580 1200 venire
2610 1125 2680 1198 ad
2711 1125 2914 1198 me'nisi
2945 1125 3129 1206 Pater,
3169 1141 3260 1217 qui
3302 1125 3440 1219 misit
3465 1155 3556 1218 me,
3583 1141 3746 1220 trucem

2229 1251 2379 1302 eum;
2401 1245 2447 1290 et
2472 1221 2563 1306 ego
2598 1221 2918 1288 resuscitabo
2941 1249 3060 1286 eum
3088 1232 3142 1286 in
3169 1229 3450 1295 novissima
3474 1231 3569 1294 die,
3591 1238 3676 1284 etc.

2299 1326 2436 1381 Dum
2461 1326 2614 1391 dixit,
2645 1341 2795 1380 nemo
2823 1333 2988 1396 potest
3019 1322 3190 1378 venire
3213 1321 3284 1378 ad
3303 1317 3750 1405 me,nisiPater,qst

2227 1419 2372 1474 misit
2411 1433 2516 1484 me,
2547 1416 2822 1472 attraxerit
2849 1433 2998 1481 eum,
3032 1415 3291 1470 continuo
3330 1411 3606 1481 subjunxit,
3629 1423 3666 1467 et
3687 1429 3749 1488 ego

2229 1509 2489 1566 suscitabo
2512 1525 2630 1564 eum
2656 1509 2711 1562 in
2731 1507 3010 1562 novissima
3035 1507 3118 1560 die
3141 1521 3157 1557 :
3181 1504 3371 1586 credat
3391 1505 3526 1586 quod
3556 1503 3748 1576 Speravit.

2235 1593 2446 1656 Videbit
2469 1599 2612 1669 quod
2636 1598 2778 1669 quod
2803 1597 2978 1652 adhuc
2997 1612 3104 1652 non
3127 1595 3361 1671 videndo
3387 1593 3752 1678 credidit;man-

2231 1695 2449 1751 ducabit
2477 1691 2623 1763 quod
2652 1707 2760 1746 non
2801 1690 3024 1756 esuriit;
3082 1689 3370 1746 satiabitur
3399 1677 3462 1768 eo
3497 1683 3622 1758 quod
3657 1684 3749 1740 sitit.

2231 1783 2442 1842 Ubi?ln
2462 1781 2859 1841 resurrectione
2879 1789 3238 1847 mortuorum,
3259 1780 3385 1854 quia
3402 1793 3490 1854 ego
3505 1777 3750 1834 rcsuscitabo

535 1869 674 1926 teris
696 1868 1049 1925 excellentius
1071 1874 1156 1922 est
1195 1867 1449 1921 intimare
1473 1873 1526 1920 et
1563 1865 1904 1920 sanctificare
1945 1863 2132 1933 digna-
2157 1873 2207 1945 Β
2233 1893 2353 1932 eum
2385 1878 2442 1932 ίη
2473 1877 2752 1932 novissima
2783 1875 2884 1930 die.

536 1969 646 2016 tus.
673 1959 966 2030 Effundam
989 1959 1056 2012 de
1099 1955 1286 2028 spiritu
1325 1974 1437 2011 meo
1463 1971 1621 2026 super
1659 1971 1863 2011 omnem
1891 1971 2120 2020 carnem,

536 2049 766 2106 verbum
795 2047 1076 2104 eﬁ‘usionis
1101 2048 1338 2103 ostendit
1368 2047 1612 2104 muneris
1639 2046 1964 2117 largitatem,
1999 2046 2124 2115 quia

536 2155 644 2196 non
669 2148 728 2194 ut
752 2138 883 2194 olim
922 2139 1197 2210 prophetis
1235 2145 1291 2192 et
1335 2139 1706 2207 sacerdotibus
1743 2145 1974 2201 tantum,
2029 2139 2126 2193 sed

535 2231 788 2288 omnibus
805 2231 1008 2300 passim
1032 2231 1086 2284 in
1107 2238 1339 2300 utroque
1359 2245 1491 2285 sexu
1518 2227 1844 2285 conditionis
1865 2236 1921 2284 et
1941 2243 2128 2298 perso-

535 2325 620 2382 nis
655 2323 892 2397 Spiritus
915 2324 1088 2380 sancti
1120 2333 1264 2380 esset
1302 2325 1476 2396 gratia
1502 2323 1882 2388 condonanda,
1911 2337 2032 2392 quae
2057 2322 2128 2376 sit

533 2417 680 2472 enim
721 2415 904 2472 omnis
934 2431 1066 2472 caro
1103 2417 1376 2488 Propheta
1419 2425 1816 2486 consequenter
1862 2415 2122 2486 exponit:

534 2508 602 2562 Et
627 2507 1034 2579 prophetabum,
1065 2509 1334 2578 inquiens,
1364 2508 1463 2577 ﬁlii
1500 2509 1658 2562 vestri
1685 2515 1734 2562 et
1767 2507 1896 2576 ﬁlia:
1922 2515 2123 2570 vestrae,

532 2610 588 2656 et
629 2609 847 2656 caetera.
877 2598 948 2654 Et
977 2600 1113 2654 dabo
1141 2601 1383 2672 prodigia
1411 2603 1468 2655 in
1495 2601 1622 2654 caelo
1652 2615 1862 2654 sursum
1899 2608 1948 2654 et
1975 2599 2128 2670 signa

533 2694 589 2746 in
616 2702 757 2748 terra
785 2693 1028 2747 deorsum
1057 2710 1075 2746 :
1099 2691 1344 2763 prodigia
1370 2694 1425 2747 in
1452 2693 1592 2748 ctelo
1615 2708 1736 2747 cum
1762 2691 1992 2747 Domino
2032 2706 2127 2744 na-

531 2793 722 2840 scente
741 2801 937 2840 novum
953 2785 1101 2840 sidus
1117 2786 1406 2855 apparuit?
1423 2785 1518 2840 illo
1535 2801 1754 2841 erucem
1777 2787 2124 2850 ascendente,

533 2874 613 2930 sol
635 2874 862 2932 obscura
870 2883 953 2931 tus
968 2885 1022 2932 et
1035 2876 1214 2948 ipsum
1235 2875 1433 2932 omium
1446 2887 1531 2933 est
1555 2879 1794 2933 tenebris
1811 2877 2123 2932 obductum.

531 2967 702 3039 Signa
733 2968 786 3023 in
810 2977 980 3034 terra,
1003 2970 1132 3040 quia
1155 2969 1388 3024 Domino
1409 2971 1662 3040 spiritum
1689 2971 1974 3025 emittente
2001 2985 2129 3024 con-

530 3061 786 3128 tremuit,
822 3071 1172 3117 monumenta
1211 3064 1442 3133 aperuit,
1488 3079 1619 3119 saxa
1660 3063 1818 3129 ﬁssit,
1862 3071 1917 3118 et
1958 3061 2127 3116 multa

528 3167 652 3220 quae
673 3151 1032 3219 dormierunt,
1062 3163 1375 3211 sanctorum
1402 3171 1630 3228 corpora
1675 3157 1856 3212 rediva
1879 3154 2124 3226 protulit.

2303 1967 2570 2041 Scriptum
2602 1977 2676 2026 est
2698 1966 2843 2023 enim
2866 1967 2917 2020 in
2934 1964 3209 2036 Prophetis
3227 1979 3244 2016 :
3265 1961 3334 2018 Et
3361 1972 3506 2017 erunt
3528 1977 3674 2022 omnes
3690 1959 3752 2014 do-

2230 2062 2405 2116 cibiles
2440 2061 2553 2116 Dei.
2582 2059 2761 2128 Quare
2785 2060 2888 2115 boc
2914 2057 3089 2113 dixit?
3111 2056 3154 2114 Ο
3188 2055 3387 2122 Judzci,
3410 2053 3562 2110 Pater
3580 2069 3658 2108 vos
3681 2068 3750 2106 non

2230 2152 2413 2208 docuit
2439 2149 2709 2222 quomodo
2748 2165 2833 2204 me
2862 2147 3088 2220 potestis
3115 2160 3478 2218 cognoscere;
3507 2159 3667 2198 omnes
3695 2159 3751 2196 re-

2227 2243 2318 2314 gni
2361 2241 2505 2296 illius
2543 2241 2788 2296 homines
2815 2238 3076 2296 docibiles
3099 2237 3194 2294 Dei
3217 2245 3400 2302 erunt,
3429 2251 3529 2289 non
3551 2231 3610 2287 ab
3632 2229 3754 2314 homi-

2229 2333 2389 2389 nibus
2443 2331 2667 2387 audient
2697 2350 2710 2384 :
2741 2330 2868 2386 etsi
2907 2329 2974 2383 ab
3029 2327 3344 2384 hominibus
3381 2325 3592 2400 audivit,
3627 2311 3753 2375 famen

2229 2426 2374 2496 quod
2399 2421 2706 2493 intelligunt
2731 2421 2876 2476 intus
2898 2419 3080 2485 datur,
3113 2411 3258 2474 intus
3282 2423 3546 2479 coruscat,
3573 2415 3687 2495 intus
3705 2425 3755 2464 re

2228 2517 2458 2572 velatur.
2505 2513 2764 2569 Homines
2804 2511 2952 2568 foras
2999 2513 3226 2566 verbum
3271 2511 3535 2566 seminare
3571 2497 3752 2582 possunt,

2230 2608 2324 2663 sed
2360 2607 2416 2662 in
2445 2622 2644 2660 vanum
2680 2605 2958 2668 laborant,
2987 2600 3092 2658 nisi
3120 2590 3266 2658 intus
3305 2601 3448 2656 Deus
3475 2600 3649 2655 docens
3667 2608 3754 2667 ape-

2231 2700 2338 2755 riat
2364 2715 2573 2754 sensus.
2605 2697 2699 2760 ille
2721 2705 2806 2753 est
2833 2695 2944 2752 Deo
2967 2695 3230 2760 docibilis,
3271 2710 3433 2765 quem
3463 2689 3684 2748 Dominus
3701 2685 3754 2738 in-

2229 2799 2320 2847 tus
2347 2790 2596 2846 veritatis
2628 2789 2850 2844 instruit
2880 2785 3156 2858 agnitione
3187 2793 3242 2842 et
3279 2797 3484 2843 amore.

2305 2882 2486 2938 Omnis
2513 2877 2600 2954 qui
2633 2879 2834 2935 audivit
2864 2899 2896 2934 a
2924 2877 3108 2946 Patre,
3139 2887 3189 2934 et
3229 2876 3438 2942 didicit,
3464 2873 3587 2930 venit
3609 2870 3668 2924 ad
3687 2883 3752 2921 me.

2231 2975 2513 3046 Quomodo
2539 2975 2707 3032 trahit
2733 2973 2930 3030 Pater?
2951 2973 3195 3028 docendo
3221 2969 3485 3038 deiectat;
3509 2983 3604 3042 non
3618 2976 3754 3018 neces-

2233 3066 2394 3122 sitate
2421 3067 2651 3121 credidit
2689 3064 2786 3119 sed
2831 3052 3107 3139 voluntate
3135 3081 3148 3117 :
3189 3046 3372 3117 'Filius
3403 3057 3612 3139 dicebat,
3644 3051 3756 3107 Pater

2231 3155 2483 3224 docebat,
2508 3155 2672 3211 homo
2693 3155 2786 3228 qui
2807 3136 3092 3212 videbatur
3117 3144 3459 3227 loquebatur,
3487 3151 3572 3228 sed
3587 3136 3639 3198 ut
3659 3140 3756 3196 Deus

529 3242 848 3310 Sanguinem
871 3255 920 3299 et
947 3247 1118 3317 ignem
1141 3251 1191 3300 et
1216 3263 1460 3319 vaporem
1481 3248 1638 3317 fumi.
1669 3247 1999 3319 Sanguinem
2023 3245 2128 3303 Do-
2154 3247 2201 3312 C
2232 3250 2291 3306 in
2327 3249 2492 3335 corde
2541 3247 2813 3336 audientis
2858 3247 3088 3304 interius
3125 3243 3360 3317 docebat
3389 3262 3402 3298 :
3440 3240 3552 3320 ideo
3591 3232 3756 3307 subjun-

530 3333 719 3388 minici
745 3333 951 3390 lateris.
987 3336 1170 3407 ignem
1201 3341 1438 3409 Spiritus
1467 3342 1660 3408 sancti,
1687 3356 1941 3412 vaporem
1970 3355 2122 3395 com—

528 3425 842 3495 punctionis
863 3436 920 3484 et
948 3428 1191 3484 ﬂetuum.
1229 3431 1366 3498 Quia
1395 3432 1537 3488 sicut
1567 3433 1636 3488 ab
1660 3433 1786 3506 igne
1812 3447 2018 3500 sumus,
2049 3432 2124 3487 ita

535 3521 603 3575 ab
623 3521 819 3578 ardore
839 3521 1076 3594 Spiritus
1098 3525 1274 3580 sancti
1295 3525 1436 3597 ignis
1460 3529 1663 3584 amoris
1696 3523 1955 3584 nascitur;
1987 3525 2124 3580 Nam

531 3622 587 3666 et
607 3615 930 3685 sanguinem
958 3614 1028 3671 de
1056 3625 1270 3672 mortua
1295 3633 1462 3674 carne
1483 3620 1660 3676 vivaci
1687 3619 1805 3675 rivo
1829 3611 2121 3691 proﬂuere,

531 3705 658 3770 quia
689 3712 875 3758 contra
903 3714 1148 3762 naturam
1190 3717 1274 3764 est
1302 3719 1612 3766 nostrorum
1640 3727 1953 3782 corporum,
1983 3711 2124 3781 signi

530 3795 654 3849 loco
687 3795 890 3850 factum
916 3799 1136 3850 credere
1165 3809 1334 3851 restat
1359 3821 1370 3850 ;
1395 3801 1550 3866 cujus
1583 3803 1857 3862 videlicet,
1888 3805 1992 3852 nisi
2029 3818 2126 3854 ιιυ-

533 3891 660 3937 sine
685 3884 876 3939 salutis
896 3900 961 3939 ac
983 3885 1107 3939 vita;
1133 3902 1252 3956 quae
1277 3887 1341 3940 de
1372 3886 1514 3941 illius
1533 3888 1718 3958 utique
1749 3898 1922 3942 morte
1949 3889 2124 3944 nasci-

531 3977 661 4030 tur?
691 3977 872 4032 Potest
896 3977 1062 4032 etiam
1087 3977 1141 4032 iu
1169 3977 1292 4048 igne
1315 3977 1554 4034 ﬁdelium
1579 3977 1916 4045 illuminatio,
1947 3981 1999 4034 in
2025 3997 2111 4034 va-

533 4083 670 4138 pore
694 4083 828 4122 vero
853 4066 988 4122 fumi
1010 4066 1339 4134 Iudaeorum,
1367 4071 1458 4140 qui
1479 4069 1670 4124 nohint
1695 4069 1938 4137 credere,
1965 4072 2124 4126 cruci-

535 4169 624 4213 tas
648 4159 875 4230 intelligi
899 4177 912 4212 :
943 4159 1086 4215 unde
1111 4169 1165 4214 et
1187 4159 1360 4231 legem
1388 4162 1615 4217 daturus
1641 4162 1904 4218 Dominus
1927 4163 1978 4216 in
2005 4160 2127 4232 igne

537 4251 800 4321 fumoque
831 4251 1130 4316 descendit,
1183 4253 1309 4322 quia
1343 4262 1400 4308 et
1437 4253 1667 4309 lmmiies
1694 4269 1792 4326 per
1823 4256 2126 4310 claritatem

541 4363 651 4401 suae
675 4345 1002 4400 ostensionis
1034 4345 1319 4412 illuminat,
1349 4356 1404 4402 et
1433 4347 1788 4418 superborum
1818 4349 2001 4404 oculos
2031 4367 2128 4419 per

541 4437 826 4509 caliginem
849 4438 1056 4493 erroris
1078 4440 1354 4494 obscurat.
1389 4438 1480 4492 So!
1521 4450 1848 4493 δοκι-ἀνταίω-
1889 4442 1942 4493 in
1983 4452 2126 4495 tene-

539 4529 682 4592 bxas,
709 4535 758 4580 et
785 4527 913 4583 (una
939 4530 998 4582 in
1022 4531 1348 4600 sanguinem.
1387 4529 1499 4584 Hoc
1537 4531 1590 4584 in
1628 4529 1839 4586 Domini
1875 4534 2125 4602 passione

2193 3335 2200 3343 ’
2231 3339 2312 3400 xit
2335 3332 2354 3398 ἐ

2304 3438 2430 3494 Νοη
2459 3441 2584 3514 quia
2619 3437 2836 3492 Patrem
2877 3437 3003 3492 vidit
3025 3435 3328 3516 quisquam,
3371 3429 3468 3516 riisi
3490 3433 3531 3485 is
3567 3426 3753 3516 ιιιιὶωρ

2230 3533 2344 3588 Deo
2361 3573 2376 3599 ,
2404 3507 2487 3585 hic
2511 3531 2637 3586 vidit
2662 3529 2878 3585 Patrem
2912 3543 2929 3581 .°
2962 3507 3126 3584 nolite
3154 3507 3349 3598 putare
3371 3507 3574 3579 Patrem
3597 3512 3755 3574 esseti-

2234 3625 2446 3681 sibilem
2475 3626 2656 3680 vobis:
2686 3641 2837 3678 nemo
2851 3623 2976 3677 vidit
3001 3618 3236 3687 Patrem,
3262 3620 3366 3676 nisi
3381 3621 3423 3672 is
3436 3616 3521 3688 qui
3538 3621 3603 3668 est
3622 3607 3752 3668 αΒδοι

2230 3719 2315 3772 hic
2346 3718 2474 3772 vidit
2501 3713 2738 3771 Patrem.
2766 3715 2876 3780 Ego
2898 3727 3018 3764 sum
3042 3725 3072 3763 a
3093 3713 3270 3775 Patre,
3296 3719 3351 3764 et
3370 3710 3485 3764 ideo
3504 3707 3684 3761 Patrem
3703 3696 3754 3750 vi.

2232 3807 2332 3858 deo
2351 3820 2365 3870 ;
2387 3789 2522 3886 quid
2532 3813 2615 3857 est
2629 3810 2810 3857 autem
2832 3819 2920 3856 eos
2939 3801 3078 3856 trahi
3098 3821 3129 3856 a
3145 3797 3308 3856 Patre
3331 3801 3435 3857 nisi
3456 3801 3640 3855 discere
3654 3790 3755 3849 aPa-

2231 3904 2350 3950 tre:
2374 3881 2502 3964 quid
2523 3904 2608 3950 est
2631 3895 2842 3953 discere
2862 3909 2890 3947 a
2910 3893 3102 3950 Patre?
3126 3895 3228 3949 nisi
3255 3896 3445 3970 audire
3465 3893 3668 3954 Patrem,
3683 3881 3754 3939 nisi

2233 3985 2420 4042 audire
2435 3985 2672 4041 Verbum
2694 3983 2910 4040 Patris?
2943 3983 2995 4040 id
3017 3994 3121 4051 est,
3145 4001 3250 4041 me.
3284 3984 3364 4042 Ne
3392 3985 3524 4047 forte
3549 3995 3655 4051 ergo
3671 3991 3751 4031 cum

2233 4078 2356 4132 dico
2387 4077 2540 4132 vobis
2579 4079 2746 4132 ounzis
2773 4080 2860 4149 qui
2882 4077 3082 4132 audita
3112 4078 3273 4132 Patre
3304 4089 3351 4132 et
3381 4079 3571 4141 didicit,
3603 4073 3754 4129 dicatur

2234 4171 2373 4238 apud
2407 4185 2522 4234 vos,
2568 4170 2661 4223 sed
2693 4186 2967 4240 nunquam
2997 4154 3230 4225 vidimus
3261 4153 3518 4226 Patrem?
3552 4161 3754 4238 quomodo

2234 4269 2414 4315 autem
2437 4247 2643 4318 discere
2661 4261 2980 4332 potuimusa
3001 4261 3198 4316 Patre?
3213 4277 3244 4316 a
3270 4264 3472 4332 meipso
3494 4259 3664 4318 audite,
3684 4267 3752 4305 n0"

2233 4353 2356 4424 quia
2385 4351 2599 4408 Patrem.
2629 4352 2753 4408 ridit
2789 4356 3086 4426 quisquam,
3109 4353 3200 4408 sed
3223 4353 3312 4426 qui
3343 4365 3415 4409 est
3438 4372 3466 4407 ιι
3489 4342 3602 4412 Deo,
3621 4343 3751 4400 Ιιίιττὶ·

2233 4445 2309 4498 dit
2331 4441 2570 4509 Putrem,
2598 4463 2691 4516 ego
2721 4445 2840 4499 novi
2869 4447 3101 4512 Putrem,
3125 4445 3189 4500 ab
3222 4446 3310 4500 illo
3342 4463 3538 4511 sumus,
3559 4442 3637 4498 sed
3659 4451 3752 4506 (ιω

2234 4535 2394 4590 modo
2423 4539 2643 4591 verbum
2673 4539 2740 4592 ab
2767 4537 2856 4593 illo
2883 4537 3036 4606 cujus
3057 4547 3139 4592 est
3169 4537 3392 4592 verbum
3427 4553 3525 4590 non
3553 4531 3669 4604 quod
3693 4544 3751 4580 5':-

535 4621 737 4691 partim
755 4619 1191 4690 iaculampartim
1217 4630 1342 4675 ante
1365 4623 1505 4676 diem
1535 4624 1744 4677 Domini
1771 4641 2040 4695 magnum,
2071 4629 2124 4684 id
2150 4604 2204 4664 D
2231 4639 2324 4682 nat
2353 4637 2406 4682 et
2439 4629 2656 4694 transit,
2679 4630 2773 4685 sed
2795 4604 3150 4700 quodmanet
3174 4647 3300 4685 cum
3330 4631 3536 4686 dicente
3565 4633 3611 4681 et
3637 4620 3752 4676 trahit

473 4743 476 4748 υ
536 4723 641 4777 cst,
677 4713 866 4784 iudicii
910 4712 1152 4767 futurum
1181 4713 1440 4767 creditur.
1476 4713 1626 4770 Tunc
1662 4717 1803 4769 enim
1853 4717 1930 4772 soi
1975 4719 2123 4774 oblc-

537 4803 794 4860 izcbratns
826 4813 931 4860 est.
977 4804 1090 4858 Sed
1140 4803 1264 4856 luna
1303 4804 1355 4857 in
1401 4808 1716 4876 sanguinem
1755 4824 1910 4864 versa
1949 4811 2126 4880 palam

537 4896 848 4950 hominibus
870 4909 1139 4964 apparere
1163 4910 1268 4947 non
1296 4898 1510 4963 potuit?
1535 4914 1653 4967 quze
1690 4909 1815 4954 tunc
1839 4907 1897 4954 ut
1919 4912 2044 4971 pote
2072 4903 2125 4956 in

536 4984 754 5040 Pascha
773 4999 844 5038 xv
879 4985 1122 5039 existens
1154 4985 1424 5040 interdum
1453 4986 1630 5043 fuerat
1659 4991 1969 5046 mortalium
1998 4993 2127 5046 visi-

538 5081 646 5134 bus
662 5075 877 5148 objectu
900 5077 1105 5135 telluris
1125 5079 1358 5136 occulta.
1386 5078 1455 5135 Et
1477 5081 1600 5150 erit,
1623 5085 1802 5140 omnis
1823 5086 2132 5155 quicunque

540 5172 876 5227 invocaverit
895 5188 1089 5229 nomen
1116 5170 1352 5240 Domini,
1371 5173 1552 5231 salvus
1573 5177 1678 5231 erit
1700 5195 1712 5231 :
1739 5175 1842 5233 hoc
1862 5184 1964 5242 est,
1987 5177 2134 5246 quod

541 5263 672 5319 alibi
713 5261 906 5320 Petrus
935 5265 1032 5330 ait,
1075 5266 1200 5336 quia
1240 5283 1344 5320 non
1381 5277 1458 5322 est
1500 5285 1844 5338 personarum
1892 5277 2133 5338 acceptor

541 5357 702 5419 Deus,
735 5357 832 5410 sed
855 5356 908 5410 in
943 5357 1087 5410 omni
1104 5368 1272 5428 gente,
1299 5361 1388 5429 qui
1419 5361 1562 5413 timet
1591 5357 1779 5424 Deum,
1810 5368 1858 5414 et
1882 5368 2131 5430 operatur

530 5447 816 5519 justitiam,
842 5457 1084 5517 acceptus
1109 5458 1186 5502 est
1225 5448 1324 5503 itii.
1369 5449 1566 5505 Beatus
1606 5451 1717 5514 ille,
1755 5451 1844 5519 qui
1891 5451 1947 5504 in
1978 5459 2124 5506 recta

541 5537 648 5592 ﬁde
673 5545 737 5592 et
770 5536 926 5594 bonis
953 5537 1206 5608 operibus
1249 5540 1429 5595 studet
1475 5541 1528 5594 in
1563 5539 1821 5608 praesenti
1850 5540 1960 5594 vita
2008 5541 2125 5596 dies

541 5645 672 5685 suos
697 5631 874 5698 ﬁnire,
911 5632 1044 5702 quia
1063 5647 1168 5704 pro
1185 5634 1333 5688 omni
1355 5633 1544 5689 labore
1571 5648 1671 5688 suo
1699 5633 1996 5689 merebitur
2019 5631 2127 5690 Du-

540 5720 690 5776 mino
709 5722 1038 5780 Intrii-cute
1079 5725 1140 5778 in
1165 5723 1344 5780 futura
1371 5727 1481 5780 vita
1513 5741 1635 5781 cum
1677 5725 1880 5780 sanctis
1919 5724 2127 5795 angelis

2234 4720 2560 4774 audientem.

2305 4811 2492 4877 Amen,
2523 4827 2672 4864 amen
2699 4811 2816 4865 dico
2854 4813 2997 4867 vobis
3026 4827 3044 4866 :
3072 4815 3162 4885 qui
3189 4814 3354 4868 credit
3387 4815 3441 4870 in
3463 4829 3539 4866 me
3563 4808 3683 4864 habet
3700 4803 3750 4855 rt?

2232 4911 2342 4954 tam
2364 4913 2631 4956 adornant.
2659 4902 2853 4956 Revela
2863 4920 2920 4958 re
2943 4921 3000 4959 se
3022 4905 3191 4960 uoluit
3213 4907 3342 4975 quid
3355 4915 3511 4970 esset,
3528 4916 3633 4958 nam
3651 4910 3744 4953 con:-

2235 4995 2435 5064 pendio
2457 4997 2636 5051 dicere
2666 4998 2859 5067 potuit,
2889 4999 2977 5068 qui
3009 4999 3170 5052 credit
3197 5001 3249 5054 in
3275 5017 3356 5054 me
3383 5001 3526 5056 habet
3551 5009 3621 5049 me
3640 5005 3654 5042 .·
3673 4992 3750 5064 ipsc

2239 5085 2384 5140 enim
2407 5083 2658 5143 Christus
2683 5103 2844 5142 verus
2867 5089 3030 5154 Deus,
3059 5100 3113 5145 et
3135 5093 3244 5146 vita
3268 5103 3468 5148 mtcrna
3492 5111 3504 5146 :
3528 5090 3607 5162 qui
3629 5079 3750 5140 credit

2237 5190 2366 5248 ergo
2395 5178 2451 5232 in
2479 5193 2565 5233 me
2609 5179 2652 5232 it
2685 5179 2756 5233 ad
2792 5195 2907 5247 me,
2939 5190 2995 5236 et
3044 5183 3136 5253 qui
3167 5183 3208 5236 it
3245 5185 3314 5239 ad
3353 5199 3456 5250 me,
3500 5182 3640 5252 habet
3673 5188 3746 5228 mt‘.

2237 5266 2376 5333 Quid
2399 5277 2483 5323 est
2507 5279 2688 5323 autem
2727 5271 2928 5326 habere
2958 5273 3088 5327 me?
3115 5261 3317 5330 habere
3347 5277 3504 5329 vitam
3530 5277 3744 5326 :cternam-

2235 5356 2466 5412 Mortcm
2493 5356 2787 5430 assumpsit
2815 5362 2922 5417 vita
2955 5372 3180 5430 :‘eierna,
3215 5366 3350 5420 mori
3379 5363 3538 5420 voluit
3563 5375 3576 5413 :
3609 5354 3683 5412 sed
3703 5350 3748 5405 de

2237 5445 2352 5516 ιιισζ
2379 5466 2412 5506 o
2439 5451 2622 5520 homo,
2647 5471 2752 5510 non
2780 5457 2847 5511 de
2873 5473 3002 5524 suo;
3030 5460 3240 5530 accepit
3263 5475 3294 5514 a
3324 5471 3376 5515 te
3403 5459 3488 5514 ubi
3515 5457 3748 5515 morer?!ur

2234 5543 2356 5615 pro'
2377 5554 2447 5601 te.
2490 5541 2796 5624 Assumps'it
2826 5566 2956 5624 ergo
2981 5553 3090 5607 vita
3134 5563 3382 5621 mortem,
3417 5562 3474 5628 ut
3509 5549 3608 5606 vita
3641 5539 3744 5599 θεεί-

2237 5638 2391 5694 deret
2427 5651 2676 5697 mortem.
2712 5639 2844 5698 Nam
2888 5646 2977 5716 qui
3003 5647 3188 5711 credit,
3220 5645 3422 5716 inquit,
3463 5641 3596 5697 liabet
3633 5644 3744 5690 vitam

2237 5736 2512 5798 wternam,
2543 5749 2648 5788 non
2683 5736 2825 5805 quod
2853 5745 3004 5808 patet
3032 5737 3125 5793 sed
3153 5739 3297 5808 quod
3329 5738 3454 5797 latet
3484 5754 3493 5789 :
3525 5733 3617 5786 vita
3641 5721 3744 5778 enim

539 5813 754 5872 eleuant
773 5817 1079 5875 mercedem
1106 5827 1161 5875 et
1182 5819 1404 5889 gloriam
1428 5821 1708 5892 percipere
1736 5822 2125 5892 sempiternam
2151 5846 2168 5874 ο
2237 5829 2438 5879 aeterna
2452 5822 2688 5883 Verbum
2719 5831 2772 5884 in
2795 5829 3062 5904 principio
3087 5841 3206 5888 erat
3226 5833 3370 5902 apud
3391 5833 3566 5894 Deum,
3583 5819 3746 5880 ctDeut
