3974 6364
1370 388 1680 463 tmstth
1720 388 1787 464 tu
1819 387 2074 459 nunc.
2115 389 2205 448 ET
2239 389 2452 448 EPIST.

3453 393 3558 451 270

277 521 402 571 erat
420 511 682 578 Verbum.
702 516 759 586 et
784 518 901 586 erat
928 509 1017 580 lux
1046 506 1155 582 vita
1181 507 1459 564 hominum
1486 527 1504 566 δ
1535 509 1674 568 mori
1696 508 1863 578 venit,
1892 509 1947 594 ᾼ
1971 507 2174 564 Christi
2215 523 2322 564 non
2350 509 2503 576 vivit,
2551 508 2656 566 nisi
2689 523 2888 582 corpus
2912 509 3149 578 Christi;
3183 511 3433 584 quisquis
3476 515 3560 572 vi-

277 604 378 666 sed
398 603 562 661 tertia
590 603 676 659 die
704 601 1017 669 resurrexit.

357 694 468 766 Ego
502 711 639 760 sum,
684 693 880 763 inquit,
921 691 1073 763 panis
1119 691 1256 760 vitw,
1306 700 1361 750 et
1400 693 1543 752 unde
1585 694 1868 764 superbie-

277 785 434 846 bant.

351 877 564 951 Patres,
583 877 776 952 inquit,
802 878 954 942 vestri
974 877 1424 936 manducaoerunt
1445 895 1639 939 manna
1659 887 1708 932 et
1729 895 1868 934 mor-

273 970 362 1030 tui
385 980 529 1031 sunt.
558 970 737 1039 Quare
761 971 1223 1030 manducaverunt
1245 979 1300 1028 et
1329 971 1527 1028 mortui
1558 981 1684 1031 sunt
1708 973 1865 1042 :quia

272 1063 424 1136 quod
453 1063 710 1122 videbant
727 1064 1042 1132 crehebaut,
1069 1065 1213 1132 quod
1245 1080 1357 1124 non
1373 1065 1629 1131 videbant
1658 1081 1764 1124 non
1791 1066 1866 1122 in-

275 1156 610 1232 telligebant.
667 1156 794 1216 Ideo
837 1165 1020 1230 patres
1068 1156 1268 1222 vestri,
1321 1157 1448 1227 quia
1490 1157 1694 1214 similes
1731 1157 1864 1214 estis

270 1249 514 1320 illorum,
547 1249 1032 1318 manducaverunt,
1063 1247 1275 1322 Moyses
1311 1256 1370 1306 et
1392 1247 1574 1308 Aaron
1599 1260 1655 1306 et
1681 1247 1865 1308 caeteri

269 1344 454 1403 sancti
497 1341 591 1415 qui
629 1339 850 1400 fuerunt
879 1341 934 1398 in
973 1341 1190 1414 populo,
1241 1356 1461 1408 manna,
1509 1349 1564 1398 et
1601 1357 1708 1397 non
1737 1347 1864 1398 sunt

267 1435 478 1500 mortui
523 1435 658 1512 :qui
686 1434 1005 1508 spiritaliter
1044 1434 1309 1492 visibilem
1349 1435 1532 1492 cibum
1579 1433 1860 1494 intellexer-

268 1537 424 1595 rtuit,
465 1523 781 1600 spiritaliter
821 1527 1145 1602 esurierunt.
1177 1527 1282 1582 Alii
1323 1542 1454 1584 vero
1496 1526 1858 1582 manducave—

267 1627 400 1696 runt
447 1630 504 1681 et
544 1627 962 1694 permanserunt
1007 1619 1060 1681 in
1113 1618 1454 1685 inﬁdelitate,
1509 1619 1647 1676 sicut
1689 1617 1860 1682 Judaei

264 1713 560 1775 audieth
596 1713 906 1784 loquentem
945 1713 1242 1778 Christum,
1275 1713 1372 1775 sed
1399 1727 1503 1768 non
1545 1713 1860 1784 spiritaliter

263 1805 434 1873 verba
471 1803 590 1876 ejus
635 1801 1035 1864 intellexerunt.
1074 1803 1199 1864 Ideo
1231 1805 1368 1860 dixit
1389 1805 1468 1862 eis
1497 1821 1511 1862 ε
1541 1805 1729 1862 Patres
1775 1822 1858 1866 oe-

261 1899 363 1958 stri
392 1873 841 1962 manducauerunt
865 1915 1060 1960 manna
1087 1899 1140 1952 in
1167 1897 1370 1956 deserto
1409 1908 1455 1954 et
1485 1899 1680 1954 mortui
1700 1906 1857 1964 sunt;
1886 1873 1937 1936 Β

261 2006 373 2062 qua
404 1999 579 2052 morte
623 2009 636 2046 :
671 1989 774 2054 nisi
811 1988 1166 2046 inﬁdelitatis.
1199 1988 1335 2046 Nam
1369 1989 1642 2049 communi
1683 1999 1860 2049 morte

261 2085 468 2138 mortui
513 2090 640 2140 sunt
669 2091 722 2140 et
764 2082 936 2157 sancti
975 2082 1068 2154 qui
1113 2080 1329 2136 fuerunt
1369 2081 1508 2157 inter
1541 2096 1634 2144 eos
1678 2098 1692 2134 :
1737 2079 1860 2136 ideo

260 2177 498 2248 signavit
530 2177 790 2239 Dominus
824 2177 908 2234 his
932 2177 1111 2242 verbis
1134 2185 1366 2237 mortem
1406 2175 1728 2246 spiritalem,
1749 2191 1859 2231 non

258 2269 538 2339 carnalem
567 2289 580 2326 :
607 2279 794 2339 patres
831 2285 962 2342 ergo
997 2268 1252 2336 istorum,
1283 2267 1337 2324 id
1370 2276 1453 2325 est
1509 2267 1636 2326 mali
1674 2274 1860 2336 patres

260 2360 552 2426 malorum,
583 2360 826 2418 inﬁdeles
853 2369 1038 2433 patres
1081 2359 1400 2427 inﬁdelium,
1425 2368 1859 2416 murmuratores

255 2463 446 2527 patres
477 2463 958 2510 murmuratorum.
980 2453 1115 2508 Nam
1139 2453 1206 2508 de
1233 2452 1377 2507 nulla
1407 2467 1465 2507 re
1487 2451 1659 2523 [uagis
1687 2451 1859 2507 Deum

256 2545 556 2604 oﬂ’endisse
576 2546 666 2606 ille
690 2548 922 2622 populus
948 2549 1122 2604 dictus
1143 2557 1228 2604 est
1245 2588 1262 2614 ,
1291 2563 1454 2620 quam
1478 2554 1667 2604 contra
1690 2545 1858 2602 Deum

257 2641 657 2700 murmurando
684 2661 696 2695 :
723 2641 843 2701 ideo
867 2650 924 2696 et
958 2636 1216 2710 Dominus
1243 2639 1430 2698 volens
1457 2639 1746 2710 ostendere
1779 2647 1863 2694 ta-

256 2723 397 2788 lium
426 2732 568 2789 ﬁlios
615 2733 743 2812 hinc
786 2735 854 2791 ad
893 2749 987 2788 eos
1012 2733 1198 2804 φωνὴ,
1227 2731 1368 2800 Quid
1418 2732 1764 2796 murmuratis
1804 2731 1860 2786 in

257 2827 504 2894 invicem,
552 2837 967 2897 murmuratores
1006 2825 1106 2896 lilii
1151 2835 1649 2896 murmuratorum.‘
1685 2832 1860 2894 patres

261 2920 422 2974 vestri
479 2935 670 2982 manna
724 2919 1199 2997 matulucaverunt,
1235 2927 1282 2972 et
1319 2920 1513 2989 mortui
1558 2927 1704 2974 sunt.
1742 2917 1860 2986 Non

257 3013 392 3084 quia
422 3013 623 3074 malum
647 3024 764 3072 erat
793 3028 1016 3082 manna,
1045 3013 1143 3076 sed
1170 3011 1293 3082 quia
1325 3011 1467 3070 male
1501 3011 1861 3074 matiducave-

257 3115 411 3162 rum.
783 3137 792 3146 -
1045 3165 1051 3170 ,

333 3197 435 3254 Hic
461 3207 538 3258 est
563 3202 714 3270 panis
742 3202 832 3276 qui
879 3201 942 3258 de
966 3200 1093 3264 coelo
1136 3199 1421 3259 descendit.
1464 3189 1623 3256 Hunc
1663 3211 1859 3268 panem

257 3292 585 3364 signiﬁcavit
615 3311 834 3361 manna,
857 3295 1000 3368 hunc
1025 3310 1220 3366 panem
1244 3294 1512 3366 signiﬁcat
1539 3293 1709 3348 altare
1735 3291 1850 3346 Dei.

258 3385 618 3442 Sacramenta
674 3370 768 3450 illa
814 3385 1032 3444 fuerunt
1085 3388 1138 3460 in
1183 3386 1352 3462 signis
1394 3386 1634 3460 diversa,
1693 3383 1748 3437 in
1797 3397 1855 3438 re

255 3493 382 3548 qua:
409 3478 752 3548 signiﬁcatur
773 3479 927 3552 paria
956 3486 1082 3545 sunt
1111 3498 1124 3533 :
1154 3478 1471 3555 Apostolum
1498 3476 1623 3540 audi
1660 3493 1672 3528 :
1713 3469 1854 3530 Nolo

256 3569 395 3623 enim
423 3587 532 3636 vos,
562 3571 762 3644 inquit,
789 3573 1055 3649 ignorare,
1085 3571 1301 3654 fratres,
1327 3572 1454 3646 quiq
1483 3579 1660 3643 patres
1691 3562 1857 3638 nostri

257 3680 438 3718 omnes
450 3662 546 3717 sub
565 3665 698 3717 nube
719 3665 954 3737 (uerunt,
975 3678 1020 3734 et
1039 3684 1216 3748 omnes
1230 3683 1324 3738 per
1342 3683 1488 3722 mare
1508 3665 1856 3741 transierunt,

256 3763 307 3810 et
333 3771 512 3809 onmcs
537 3755 594 3807 in
620 3747 802 3824 Moyse
840 3743 1088 3822 baptizati
1113 3743 1234 3806 sunt
1266 3757 1320 3806 in
1349 3759 1483 3816 nube
1507 3765 1555 3821 et
1597 3755 1653 3822 in
1701 3743 1855 3830 mari,

255 3859 306 3904 et
337 3865 517 3902 omnes
537 3863 709 3917 escam
730 3845 1019 3923 spiritalem
1043 3841 1491 3924 nuntducaverur’tt
1521 3858 1538 3898 :
1561 3838 1858 3912 spiritalem

259 3941 450 4012 utique
477 3957 584 3994 non
610 3937 968 4008 corporalem.
989 3936 1230 3994 Alteram
1254 3935 1380 4008 quia
1409 3933 1483 3988 illi
1513 3947 1734 3996 manna,
1759 3945 1858 4001 nos

259 4033 426 4089 aliud.
465 4031 775 4102 Spiritalcm
809 4047 962 4096 vero,
989 4047 1152 4102 quam
1185 4045 1285 4084 nos
1312 4047 1324 4082 :
1359 4027 1451 4082 sed
1478 4035 1662 4100 patres
1690 4021 1860 4079 nostri

257 4143 371 4183 non
412 4135 592 4196 patres
636 4124 873 4190 illorum,
915 4123 1113 4194 quibus
1155 4139 1252 4178 nos
1286 4119 1491 4176 similes
1526 4133 1713 4174 sumus
1755 4127 1860 4170 non

255 4220 464 4291 quibus
491 4217 567 4272 illi
597 4216 802 4275 similes
829 4217 1062 4273 fuerunt.
1097 4213 1144 4267 11
1154 4216 1200 4268 ic
1227 4223 1300 4268 est
1326 4228 1456 4283 ergo
1475 4212 1629 4282 panis
1651 4206 1714 4264 de
1735 4205 1859 4262 cwlo

255 4311 609 4376 descendens,
639 4319 694 4363 ut
725 4310 770 4364 si
799 4309 914 4386 quis
941 4324 1005 4362 ea:
1025 4307 1138 4377 ipso
1174 4303 1571 4360 ntanducarerit
1605 4320 1710 4358 non
1751 4318 1863 4354 mo—

260 4406 456 4460 riatur.
500 4403 608 4460 Sed
632 4403 777 4473 quod
819 4402 1057 4474 pertinet
1085 4399 1153 4456 ad
1202 4399 1455 4454 virtutem
1497 4395 1858 4460 Sacramenti,

261 4497 510 4568 nunquid
531 4497 765 4568 pertinet
791 4496 858 4550 ad
886 4494 1095 4550 visibile
1126 4492 1536 4549 Saeramentum
1559 4510 1571 4546 :
1597 4491 1688 4561 qui
1713 4506 1862 4546 man-

1973 615 2100 656 vere
2119 599 2254 666 vult,
2283 599 2471 657 credat
2497 599 2548 655 in
2578 600 2855 656 Christum
2882 622 2894 655 ;
2926 604 3217 662 manducet
3239 605 3559 676 spiritaliter

1971 691 2270 764 spiritalem
2311 696 2515 762 cibum,
2555 693 2931 764 illCtil'pOl‘ellll‘
2970 712 3200 768 corpore
3246 696 3453 758 Christi
3500 705 3558 758 et

1969 801 2077 840 non
2105 787 2174 842 sit
2197 787 2472 862 putridum
2495 789 2796 864 membrum
2823 787 2965 858 quod
2995 789 3236 848 resecari
3258 799 3550 850 mereatur.

1971 877 2055 935 Sit
2079 879 2386 950 pulchrum,
2412 881 2482 935 sit
2502 897 2715 946 sanum,
2733 881 2804 936 sit
2830 887 3012 951 aptum
3035 881 3199 952 capiti
3220 897 3318 938 suo
3338 882 3554 942 Christo

1967 969 2219 1025 videlicet
2268 969 2495 1025 Domino
2536 980 2742 1038 nostro,
2789 973 3032 1044 quicum
3061 971 3222 1035 Patre
3251 983 3307 1034 et
3349 971 3555 1046 Spiritu

1967 1068 2158 1116 sancto
2186 1059 2316 1115 vivit
2347 1070 2400 1115 et
2427 1069 2619 1132 regnat
2647 1062 2790 1118 Deus
2829 1077 2928 1134 per
2957 1063 3140 1122 omnia
3162 1063 3358 1122 saecula
3386 1079 3530 1126 ὅπου

1965 1151 2164 1207 lorum.
2191 1149 2386 1208 Amen.

2528 1239 2806 1326 naritus
2838 1245 3000 1326 nxv.

2639 1353 2794 1396 FERIA
2822 1359 2873 1400 ν.

2321 1423 2506 1486 Lectio
2537 1428 2768 1486 Actuum
2807 1434 3192 1506 apostolorum,

2036 1542 2105 1598 In
2133 1542 2316 1602 diebus
2353 1544 2484 1610 illis,
2515 1545 2812 1618 Philippus,
2844 1549 3158 1606 descendens
3204 1551 3262 1608 in
3293 1551 3553 1608 ciuitatem

1965 1631 2246 1699 Samariw,
2275 1636 2594 1706 prominabat
2623 1636 2729 1694 illis
2758 1635 3047 1706 Christum,
3070 1648 3176 1696 etc.

2034 1724 2165 1802 Post
2204 1727 2513 1796 passionem
2555 1727 2818 1800 Stephani
2843 1733 3278 1804 protomartyris,
3316 1742 3376 1790 ut
3416 1734 3553 1794 liber

1963 1819 2198 1877 Actuum
2246 1823 2613 1892 apostolorum
2660 1832 2912 1890 testatur,
2963 1825 3106 1895 facta
3153 1836 3230 1882 est
3263 1829 3552 1896 persecutio

1963 1929 2157 1984 magna
2189 1915 2244 1968 in
2275 1913 2512 1974 Ecclesia
2547 1931 2663 1987 qua:
2706 1926 2819 1970 erat
2867 1914 3250 1987 Hierosolymis
3289 1928 3334 1976 et
3377 1934 3555 1976 enim

1964 2004 2192 2074 dispersi
2217 2016 2340 2067 sunt
2366 2023 2458 2077 per
2486 2009 2720 2080 regiones
2743 2007 2950 2064 Iudaea:
2975 2018 3026 2066 et
3070 2007 3327 2066 Samaria:
3367 2021 3558 2082 praeter

1963 2096 2226 2166 apostolos
2259 2113 2276 2154 :
2322 2098 2464 2166 unde
2505 2107 2559 2154 et
2590 2097 2874 2170 Philippus
2899 2115 3041 2154 unus
3075 2101 3140 2156 de
3181 2109 3388 2171 septem
3431 2101 3557 2158 Dia-

1963 2188 2189 2244 eonibus
2228 2197 2287 2246 ut
2322 2205 2563 2262 prtesens
2602 2189 2764 2246 lectio
2793 2199 3208 2258 commemorat,
3243 2192 3558 2250 descendens

1961 2281 2016 2336 in
2045 2281 2308 2337 civitatem
2336 2281 2596 2338 Samaria:
2625 2283 2948 2354 prwdicabat
2978 2283 3084 2340 illis
3122 2281 3410 2344 Christum.

2035 2370 2382 2430 Intendebant
2415 2384 2589 2430 autem
2620 2375 2789 2430 turba:
2815 2375 2898 2432 his
2927 2392 3043 2448 qua:
3071 2393 3104 2432 a
3136 2375 3382 2447 Philippo
3412 2376 3556 2435 dice-

1964 2463 2177 2518 bantur.
2211 2463 2546 2522 Unanimiter
2573 2467 2846 2522 audientes
2871 2469 3082 2526 verbum
3111 2467 3228 2535 Dei,
3253 2479 3302 2525 et
3332 2469 3559 2528 videntes

1963 2555 2114 2624 signa
2142 2573 2260 2627 quat
2289 2557 2533 2626 faciebat.
2571 2558 2856 2614 Beneﬁciis
2885 2560 3073 2631 gratiae
3101 2559 3341 2622 molestis
3366 2576 3562 2627 provo-

1963 2648 2070 2702 cati
2107 2659 2232 2704 sunt
2259 2650 2328 2706 ad
2354 2650 2741 2718 perﬁciendam
2773 2651 2933 2711 ﬁdem
2961 2653 3196 2710 Domini.

2037 2738 2198 2796 Multi
2212 2742 2349 2798 enim
2371 2742 2732 2812 quihabebant
2755 2745 2973 2814 spiritus
2987 2744 3312 2813 immundos,
3329 2745 3564 2802 claman-

1965 2843 2040 2889 tes
2086 2852 2206 2892 ooce
2241 2853 2432 2907 magna
2479 2836 2730 2904 exibant;
2774 2837 2927 2892 multi
2969 2849 3144 2896 autem
3190 2839 3472 2911 paralytici
3512 2846 3563 2894 et

1965 2923 2148 2980 claudi
2178 2927 2352 2982 curati
2383 2935 2528 2980 sunt.
2558 2925 2722 2985 Juxta
2755 2927 2886 2984 illud
2916 2930 3092 2986 sancti
3125 2927 3406 3001 Evangelii
3435 2943 3562 2984 nar-

1966 3027 2050 3074 rat
2077 3017 2324 3084 historia,
2351 3018 2490 3090 quad
2524 3022 2822 3076 convocatis
2849 3021 3007 3078 Jesus
3033 3022 3310 3081 duodecim
3334 3021 3564 3091 discipu-

1965 3107 2028 3162 lis
2068 3109 2268 3170 dederit
2307 3108 2416 3164 illis
2447 3109 2689 3166 uirtutem
2738 3121 2785 3166 et
2825 3121 3134 3180 potestatem
3184 3127 3340 3187 super
3386 3108 3564 3166 omnia

1964 3200 2250 3266 da'monia,
2276 3210 2331 3256 ut
2367 3211 2414 3273 et
2443 3200 2722 3272 languores
2749 3211 3013 3268 curarent,
3045 3215 3090 3259 et
3121 3201 3264 3258 misit
3289 3199 3406 3259 illos
3428 3213 3566 3270 prte-

1963 3295 2141 3350 dicare
2197 3311 2412 3363 regnum
2458 3279 2555 3347 Dei
2606 3304 2655 3348 et
2701 3311 2892 3352 sanare
2940 3294 3202 3364 inﬁnitos.
3253 3292 3346 3344 Illi
3386 3297 3566 3347 autem

1962 3387 2158 3462 egressi
2191 3388 2489 3461 circuibant
2517 3386 2734 3446 castella
2777 3383 3198 3458 euangelizantes
3235 3393 3284 3444 et
3317 3391 3564 3448 curantes

1935 3477 2171 3560 .ubique.
2209 3479 2364 3546 Quod
2405 3479 2569 3534 etiam
2603 3478 2741 3532 liber
2779 3475 3012 3532 Actuum
3049 3474 3418 3544 apostolorum
3449 3490 3566 3534 ma-

1964 3573 2159 3629 nifeste
2190 3582 2378 3628 narrat
2418 3573 2772 3648 completam,
2819 3588 2941 3634 cum
2979 3571 3162 3637 uirtute
3194 3586 3385 3639 magna
3426 3569 3566 3639 Apo-

1961 3666 2083 3721 stoli
2105 3667 2460 3721 testimonium
2484 3651 2770 3738 reddebant
2796 3661 3192 3731 resurrectionis
3215 3659 3342 3713 Jesu
3365 3657 3566 3713 Christi

1962 3758 2176 3814 Domini
2205 3759 2393 3821 nostri,
2425 3767 2472 3810 et
2503 3756 2678 3829 gratia
2716 3771 2910 3826 magna
2941 3761 3053 3822 erat
3087 3751 3140 3809 in
3167 3749 3404 3808 omnibus
3433 3749 3562 3804 illis.

1966 3844 2116 3900 Unde
2145 3842 2308 3918 etiam
2335 3842 2540 3914 legitur
2569 3842 2660 3902 hic
2688 3831 2832 3918 quod
2856 3842 2921 3901 de
2953 3841 3250 3908 miraculis,
3284 3856 3406 3912 qua:
3435 3839 3567 3899 fecit

1961 3937 2243 4008 Philippus
2271 3935 2324 3990 in
2355 3935 2623 3998 Samaria,
2653 3949 2908 4006 magnum
2935 3941 3082 3990 esset
3109 3933 3366 4004 gaudium
3393 3931 3446 3986 iu
3475 3931 3566 3986 illa

1964 4031 2203 4092 civitate,
2236 4027 2496 4098 quoniam
2528 4026 2585 4082 hi
2621 4025 2711 4096 qui
2745 4040 2869 4082 vere
2918 4025 3267 4083 crediderunt
3313 4023 3366 4078 in
3407 4022 3566 4079 Chri—

1964 4133 2109 4182 stum
2140 4121 2319 4176 anima
2346 4129 2398 4175 et
2432 4133 2660 4188 corpore
2692 4117 2866 4174 sanati
2896 4124 3021 4186 sunt
3050 4130 3072 4168 :-
3089 4115 3165 4170 illi
3192 4130 3322 4170 vero
3349 4113 3439 4183 qui
3466 4127 3565 4182 per

1964 4214 2369 4286 simulationem
2398 4226 2458 4266 se
2487 4210 2762 4266 ﬁnxerunt
2789 4208 3035 4271 credere,
3079 4214 3134 4262 et
3163 4205 3372 4276 perﬁdo
3400 4203 3564 4260 corde

1964 4310 2137 4380 magis
2180 4304 2395 4361 diabolo
2430 4318 2591 4373 quam
2641 4299 2859 4357 Christo
2889 4297 3096 4356 servire
3123 4295 3420 4368 elegerant,
3464 4307 3562 4350 ue—

1963 4402 2150 4474 quiti-.1:
2177 4415 2290 4456 sua:
2312 4399 2515 4470 justam
2548 4393 2962 4462 retributionem
2997 4397 3373 4463 perceperunt.
3407 4386 3564 4446 Unde

1966 4495 2055 4550 hic
2081 4499 2479 4563 consequenter
2507 4489 2704 4560 legitur
2731 4485 2875 4560 quod
2906 4482 3096 4540 Simon
3127 4483 3216 4555 qui
3241 4491 3361 4546 ante
3387 4480 3562 4551 fuerat

263 4579 428 4646 ducat
451 4589 620 4655 intus,
656 4603 764 4644 non
801 4586 956 4656 foris,
999 4588 1093 4660 qui
1121 4586 1414 4642 manducat
1443 4585 1497 4638 in
1523 4583 1708 4651 corde,
1753 4599 1860 4638 non
1887 4604 1942 4666 Ι)
1966 4588 2022 4642 in
2059 4587 2263 4642 civitate
2301 4599 2507 4654 magus,
2531 4581 2781 4636 seducens
2822 4585 3024 4648 gentem
3065 4572 3349 4637 Samaria',
3381 4572 3564 4630 dicem

262 4680 359 4754 qui
389 4681 753 4750 prtemitlente
784 4697 798 4734 :

338 4772 454 4844 Ego
485 4789 602 4828 sum
639 4771 790 4841 panis
828 4771 994 4836 vivus,
1029 4771 1118 4842 qui
1153 4769 1216 4826 de
1244 4767 1369 4824 ccrlo
1407 4765 1696 4821 descendi:
1739 4765 1863 4820 ideo

263 4863 446 4930 Vivus,
474 4865 601 4936 quia
642 4864 708 4946 de
732 4863 872 4920 cwlo
908 4863 1187 4920 descendit
1209 4872 1265 4918 et
1291 4877 1514 4926 manna,
1539 4861 1632 4918 sed
1665 4874 1864 4932 manna

262 4957 458 5016 umbra
485 4964 622 5024 erat,
653 4959 756 5014 iste
780 4957 986 5014 veritas
1016 4964 1118 5017 est.

341 5049 403 5105 Si
423 5050 540 5126 quis
560 5049 952 5104 manducauerit
969 5066 1033 5104 ex
1057 5049 1154 5102 hoc
1174 5065 1328 5122 pane,
1356 5049 1484 5102 vivet
1505 5048 1561 5102 in
1585 5055 1861 5111 a’ternum;

259 5149 316 5198 et
337 5141 489 5216 panis
511 5159 662 5213 quem
692 5158 786 5212 ego
810 5141 946 5195 dabo
982 5158 1104 5194 caro
1134 5157 1246 5218 mea
1286 5152 1360 5195 est
1397 5156 1491 5211 pro
1522 5138 1702 5192 mundi
1736 5137 1860 5192 vita.

261 5233 384 5292 Hoc
410 5235 626 5305 quando
671 5245 892 5306 caperet
927 5252 1076 5302 caro,
1115 5236 1259 5310 quod
1287 5234 1443 5302 dixit,
1485 5248 1702 5306 panem,
1739 5248 1864 5288 car-

263 5347 417 5398 nem,
443 5341 668 5388 vocatur
697 5347 826 5388 caro
846 5332 989 5406 quod
1015 5348 1120 5415 non
1146 5333 1292 5402 capit
1318 5345 1448 5388 caro
1472 5347 1484 5384 :
1511 5338 1564 5384 et
1592 5329 1714 5384 ideo
1741 5343 1861 5381 ma-

263 5426 352 5498 gis
400 5440 506 5480 non
552 5425 696 5496 capit
729 5440 858 5480 caro
896 5423 1021 5496 quia
1061 5433 1290 5496 vocatur
1336 5439 1464 5494 caro
1503 5437 1518 5476 :
1565 5423 1684 5478 hoc
1716 5421 1862 5475 enim

265 5519 693 5584 exhorruerunt,
728 5517 832 5572 hoc
867 5516 1240 5582 assimulatum
1277 5530 1396 5572 esse
1426 5515 1707 5588 dixerunt,
1757 5513 1860 5568 hoc

265 5605 378 5668 lion
405 5623 564 5679 posse
611 5609 728 5664 ﬁcri
771 5615 1118 5680 putaverunt.
1168 5604 1307 5662 Caro
1353 5621 1489 5669 mea,
1538 5603 1734 5672 inquit,
1785 5611 1860 5656 est

263 5719 367 5774 pro
409 5700 594 5756 mundi
624 5702 748 5756 rita.
790 5699 1068 5758 Noverunt
1105 5699 1292 5756 ﬁdeles
1323 5712 1518 5768 corpus
1559 5694 1784 5760 Christi,
1817 5692 1862 5748 si

266 5809 472 5874 corpus
494 5792 694 5861 Christi
715 5809 837 5850 esse
860 5809 968 5850 non
999 5792 1294 5864 negligant,
1322 5790 1458 5846 ﬁunt
1486 5803 1679 5858 corpus
1712 5785 1868 5842 Chri-

267 5886 348 5945 sti
399 5887 450 5946 si
483 5884 672 5946 volnus
708 5899 891 5946 vivere
936 5888 1002 5942 de
1050 5887 1240 5958 spiritu
1285 5881 1513 5949 Christi,
1561 5882 1628 5936 de
1675 5879 1870 5952 spiritu

1967 4697 2020 4734 se
2056 4695 2164 4734 esse
2201 4676 2426 4745 aliquem
2458 4687 2730 4741 magnum,
2759 4669 2888 4722 licet
2914 4667 3220 4736 baptizatus
3258 4681 3288 4718 ει
3310 4661 3565 4737 Philippo

1968 4767 2175 4830 fuisset,
2206 4774 2384 4820 tamen
2433 4758 2792 4816 sinmlationis
2823 4773 2934 4811 sua:
2961 4765 3016 4811 et
3042 4755 3346 4826 hypocrisis
3391 4757 3568 4814 vindi-

1968 4869 2112 4915 ctam
2145 4875 2250 4912 non
2279 4855 2468 4911 evasit.
2499 4854 2752 4907 Devictus
2780 4865 2910 4922 ergo
2941 4848 3082 4904 beati
3113 4846 3356 4917 Philippi
3383 4847 3567 4904 verbis

1967 4964 2020 5008 ct
2047 4954 2245 5006 virtute
2282 4947 2548 5002 veraciter
2571 4960 2628 5000 se
2658 4943 2878 5012 credere
2908 4941 3264 5014 quoadusque
3298 4941 3567 5010 baptisma

1969 5047 2267 5114 susciperet
2303 5041 2596 5097 simulavit.
2649 5039 2715 5098 Ut
2753 5036 3022 5110 quomodo
3061 5035 3240 5092 laudis
3287 5044 3404 5095 erat
3451 5036 3568 5092 avi-

1969 5138 2244 5200 dissimus,
2276 5135 2352 5190 ita
2409 5144 2467 5187 ut
2504 5131 2780 5187 Christum
2813 5145 2872 5184 se
2899 5127 3048 5200 credi
3076 5126 3260 5194 vellet,
3299 5129 3442 5184 sicut
3482 5129 3568 5186 hi-

1966 5231 2148 5288 storiae
2169 5236 2412 5290 narrant,
2445 5216 2590 5282 artés
2618 5226 2686 5280 ab
2714 5239 2779 5279 eo
2816 5222 3014 5297 quibus
3054 5221 3318 5280 miracula
3363 5220 3570 5278 faceret

1965 5324 2250 5387 edisceret,
2275 5321 2416 5391 quod
2433 5317 2548 5390 iam
2569 5331 2910 5374 successores
2931 5311 3051 5382 ejus
3070 5311 3565 5384 fecisseldocentur,

1965 5417 2056 5490 qui
2093 5415 2330 5472 auctoris
2356 5414 2438 5468 sui
2461 5411 2710 5482 malignis
2730 5408 2940 5464 artibus
2968 5408 3228 5472 instituti,
3265 5407 3570 5495 Ecclesiam

1967 5510 2155 5574 fraude
2175 5509 2413 5578 qualibet
2435 5504 2660 5574 ingressi
2683 5501 2948 5572 baptisma
2963 5502 3130 5556 l’urari
3147 5508 3564 5556 consueverunt.

1966 5601 2102 5656 Cum
2129 5610 2310 5658 autem
2331 5615 2428 5670 per
2447 5597 2668 5668 Petrum
2689 5603 2742 5647 et
2763 5593 3032 5650 Joannem
3053 5593 3145 5664 qui
3175 5591 3324 5648 missi
3349 5589 3570 5654 fuerunt

1968 5695 2024 5750 in
2051 5675 2354 5748 Samariam
2377 5692 2662 5760 imponere
2682 5687 3032 5744 credentibus
3058 5700 3249 5742 manus
3275 5694 3334 5738 ut
3357 5683 3568 5759 accipe-

1968 5792 2088 5840 rent
2105 5783 2364 5853 Spiritum
2396 5789 2663 5842 sanctum,
2685 5777 2837 5830 ιιιιιιιί
2865 5776 3209 5832 credentium
3233 5775 3428 5842 donum
3443 5773 3568 5849 Spi-

1969 5879 2106 5933 ritus
2146 5876 2315 5932 sancti
2351 5890 2407 5928 se
2440 5871 2748 5944 percepisse
2795 5868 3107 5928 manifestis
3139 5867 3356 5926 indiciis
3384 5875 3567 5922 osten-
