3974 6364
503 370 601 465 εὴ.

1146 409 1207 464 Β.
1246 409 1502 466 mam
1537 374 1758 469 MAURI
1794 398 2119 469 tinentur:
2154 400 2470 468 uocum.
2511 402 2799 466 OPERUM
2834 406 3017 465 rans
3049 405 3115 462 ιι.
3414 407 3423 413 δ
3632 401 3732 464 an

503 504 954 595 debant..Videns
981 512 1097 611 hoc
1120 528 1442 585 miraculum
1468 526 1699 585 Simon:
1723 530 1849 601 quia
1870 542 1963 600 per
1992 529 2172 592 ἕνη-Ἀ
2194 540 2357 597 neque
2383 538 2606 596 peram,
2622 539 2788 595 neque
2819 538 3054 595 panem":
3604 536 3732 592 neque

500 620 813 696 positionem
851 638 1039 677 manus
1062 621 1433 693 Apostolorum
1462 621 1679 676 daretur
1709 619 1937 693 Spiritus
1966 638 2093 676 san-

504 720 620 768 σω
640 726 661 767 :
680 710 876 767 obtulit
897 712 971 767 eis
998 713 1276 784 pecuniam
1300 713 1480 768 dicens
1495 711 1666 768 :Date
1685 713 1814 767 mihi
1843 714 1977 768 hanc
1999 728 2094 784 po-

503 811 743 860 testatem
762 813 818 858 ut
837 804 1127 877 cuicunque
1147 805 1445 877 imposuero
1458 794 1683 873 manus,
1725 807 1947 878 accipiat
1971 796 2093 876 Spi-

478 897 667 953 ritum
691 907 951 953 sanctum.
979 894 1172 953 Petrus
1207 909 1383 954 autem
1406 899 1542 955 dixit
1570 900 1641 953 ad
1660 916 1777 953 eum
1807 913 1826 952 :
1857 896 2093 955 Pecunia

503 997 600 1042 tua
628 996 802 1043 tecum
843 989 911 1044 sit
956 980 1376 1062 in‘perditionem
1409 1008 1427 1046 :
1457 993 1707 1064 quoniam
1760 978 1957 1046 donum
1994 991 2093 1046 Dei

503 1078 819 1134 existimasti
844 1081 1066 1151 pecunia
1087 1080 1366 1153 possideri.
1392 1081 1520 1138 Non
1550 1094 1625 1137 est
1663 1082 1755 1137 tibi
1783 1101 1905 1155 pars
1928 1100 2093 1155 neque

502 1190 618 1229 sors
645 1173 704 1230 in
723 1190 967 1249 sermone
980 1177 1103 1231 isto.
1116 1175 1235 1249 ,ϐοι-
1250 1175 1553 1231 enimtuum
1572 1192 1679 1232 non
1700 1187 1775 1232 est
1794 1190 1988 1233 rectum
2009 1195 2094 1234 co-

505 1285 621 1324 ram
632 1267 746 1323 Deo
760 1268 1148 1340 ,‘paenitentiam
1168 1269 1346 1340 itaque
1357 1285 1452 1341 age
1471 1269 1536 1325 ab
1549 1270 1648 1324 hac
1661 1266 1895 1342 nequitia
1916 1280 2029 1337 tua,
2044 1258 2094 1327 et

504 1377 635 1432 roga
648 1350 825 1415 Deum
845 1359 891 1415 si
923 1359 1055 1431 forte
1075 1356 1391 1439 remittatur.
1405 1359 1500 1414 tibi
1513 1359 1625 1416 haec
1647 1361 1893 1433 cogitatio
1922 1355 2094 1418 cordis

508 1452 605 1518 \ui,
626 1453 684 1507 in
696 1450 819 1523 felle
839 1453 980 1506 enim
1001 1451 1371 1507 amaritudinis
1397 1462 1448 1509 et
1468 1451 1786 1525 obligatione
1799 1440 2094 1533 iniquitatis

506 1544 650 1601 rideo
671 1552 722 1600 te
748 1561 878 1600 esse.
900 1544 972 1598 At
997 1545 1086 1601 ille
1112 1544 1239 1601 licet
1258 1534 1326 1602 "se
1352 1546 1620 1618 poenitere
1646 1548 1785 1605 velle
1825 1549 2092 1618 ﬁnxisset,

507 1644 685 1692 tamen
716 1637 809 1708 qui
833 1637 889 1692 in
914 1633 1129 1694 malitia
1148 1645 1327 1708 coepta
1355 1624 1537 1710 usque
1560 1638 1617 1695 in
1647 1638 1814 1696 ﬁnem
1840 1656 2097 1712 perseve-

503 1728 691 1800 ravit,‘
722 1717 1026 1804 iniquitatis
1052 1750 1163 1790 suae
1191 1735 1516 1806 condignam
1553 1734 1860 1793 mercedem
1888 1735 2099 1793 caelesti

503 1823 745 1879 vindicta
786 1826 1011 1906 recepit.
1061 1825 1188 1882 Ideo
1228 1827 1373 1882 enim
1401 1825 1638 1898 Spiritus
1678 1836 1898 1883 sanctus
1926 1818 1979 1883 in
2006 1844 2109 1893 cog,

2194 615 2330 670 duas
2348 614 2555 669 tunicas
2574 613 2832 669 habentia.
2848 610 3203 683 Sedet-quaeri
3216 610 3488 682 quomodo
3501 609 3734 673 Mattheus

2192 713 2250 761 et
2274 705 2454 761 Lucas
2482 703 3033 761 commemoraverint
3061 702 3265 759 dixime
3306 701 3581 760 Dominum
3601 703 3735 765 disci

2193 795 2343 868 pulis‘
2361 811 2430 851 ne
2454 796 2661 866 virgam
2691 793 2919 861 ferrent,
2938 810 3068 850 cum
3093 794 3238 850 dicat
3260 792 3498 862 Marcus,
3519 804 3563 848 et
3583 810 3739 866 press-

2191 885 2268 956 pit
2295 887 2403 952 eis,
2430 901 2496 941 ne
2531 885 2658 957 quid
2690 883 2935 940 tollerent
2972 884 3030 938 in
3066 884 3153 939 uia
3188 883 3524 955 nisier
3551 891 3737 953 tantum

2194 977 2339 1047 Quod
2360 977 2442 1032 ita
2475 976 2704 1037 solvitur
2733 990 2749 1030 :
2777 962 2846 1029 ut
2863 973 3227 1046 intelligamus
3248 973 3358 1035 sub
3384 972 3489 1031 alia
3519 974 3739 1046 signiﬁca-

2194 1068 2345 1127 tione
2362 1071 2563 1127 dictam
2583 1071 2819 1141 virgam,
2840 1084 2963 1139 quae
2982 1068 3289 1126 secundum
3306 1067 3542 1124 Marcum
3560 1066 3737 1135 ferenda

2195 1175 2305 1234 est,
2344 1173 2401 1221 et
2439 1165 2543 1222 sub
2578 1166 2685 1221 alia
2722 1165 2867 1220 illam
2898 1176 3021 1235 qum
3053 1163 3355 1220 secundum
3396 1163 3674 1221 Matthatum
3698 1172 3739 1218 et

2167 1274 2171 1287 '
2196 1260 2402 1315 Lucam
2423 1274 2531 1315 non
2566 1268 2651 1315 est
2672 1259 2899 1314 ferenda
2932 1277 2946 1312 :
2981 1258 3122 1315 sicut
3142 1259 3245 1315 sub
3266 1257 3378 1313 alia
3402 1258 3739 1329 signiﬁcatione

2197 1350 2516 1421 intelligitur
2551 1351 2779 1407 tentatio
2814 1352 2882 1406 dc
2920 1365 3028 1421 qua
3069 1350 3279 1406 dictum
3321 1358 3452 1405 est:
3481 1348 3647 1405 Tentat
3672 1366 3739 1405 σοι

2197 1442 2457 1499 Dominus
2495 1442 2639 1497 Deus
2676 1452 2853 1498 noster
2876 1457 2895 1494 :
2920 1451 2979 1496 ut
3004 1443 3137 1498 sciat
3166 1442 3217 1497 si
3247 1441 3484 1512 diligatis
3506 1456 3615 1495 eum
3632 1457 3651 1497 .'
3671 1438 3740 1498 illa

2199 1537 2531 1594 seductionis
2578 1545 2684 1604 est,
2744 1536 2860 1592 haec
2903 1536 3263 1608 probationis.
3332 1535 3610 1606 Utrumque
3643 1548 3741 1608 ergo

2162 1652 2165 1661 ε
2200 1625 2571 1697 accipiendum
2608 1634 2696 1683 est
2734 1643 2764 1681 a
2801 1627 3031 1683 Domino
3064 1626 3328 1697 apostoﬁs
3360 1626 3558 1682 dictum
3586 1631 3742 1682 :tutet

2199 1734 2303 1777 nec
2326 1720 2537 1792 virgam
2574 1718 2813 1787 ferrent,
2848 1728 2990 1777 etut
3018 1734 3129 1776 non
3153 1720 3263 1775 nisi
3299 1718 3515 1791 virgam
3540 1718 3739 1791 ferrent:

2200 1828 2327 1870 cum
2360 1815 2505 1870 enim
2540 1815 2837 1870 secundum
2880 1813 3193 1869 Matthaeum
3220 1812 3441 1868 diceret
3461 1811 3538 1867 eis
3563 1829 3577 1866 :
3603 1808 3741 1865 Nolite

502 1913 701 1971 lambat
719 1903 899 1986 specie
921 1932 1086 1987 super
1102 1918 1438 1989 baptizatum
1462 1918 1799 1977 Salvatorem
1821 1914 2094 1999 descendit

2201 1906 2467 1979 possidere
2501 1922 2692 1960 aurum
2730 1921 2894 1976 neque
2932 1915 3226 1977 argentum,
3273 1913 3334 1960 et
3360 1913 3548 1960 cetera
3565 1944 3579 1970 ,
3609 1903 3742 1958 couti-

502 2014 565 2062 ut
591 2022 688 2063 eos
709 2007 804 2078 qui
831 2024 890 2064 se
914 2009 1158 2080 accipere
1188 2010 1375 2079 velint,
1409 2011 1684 2083 simplices
1708 2028 1829 2071 esse
1854 2013 2095 2080 doceret,

502 2112 632 2154 nam
659 2099 751 2170 qui
781 2098 855 2155 fel
880 2102 1259 2159 amaritudinis
1300 2105 1357 2159 in
1399 2105 1562 2161 corde
1591 2115 1839 2163 reservat
1870 2094 2099 2177 quamli-

502 2192 595 2249 bet
618 2194 926 2264 baptizatus
952 2196 1238 2253 videatur:
1268 2214 1375 2255 non
1400 2208 1485 2256 est
1512 2200 1819 2272 iniquitatis
1843 2217 1955 2257 suae
1980 2202 2100 2256 vin-

500 2284 638 2341 culis
665 2286 966 2356 absolutus,
997 2290 1092 2346 sed
1134 2290 1181 2346 si
1208 2291 1275 2346 ad
1312 2301 1573 2363 punctum
1617 2294 1754 2351 hora
1788 2293 2099 2365 baptizandi

499 2385 764 2457 purgatus
796 2396 808 2431 :
856 2395 984 2435 mox
1013 2378 1215 2437 acriori
1253 2394 1337 2440 est
1382 2384 1627 2441 daemone
1673 2386 2101 2458 septempliciter

499 2484 810 2540 oppressus.
842 2471 1071 2528 Frustra
1106 2489 1237 2547 ergo
1263 2478 1495 2545 gratiam
1527 2478 1752 2549 spiritus
1778 2494 1958 2534 emere
1980 2488 2100 2534 ten-

448 2602 453 2607 .
500 2567 603 2627 tat,
634 2562 728 2631 qui
762 2578 822 2619 se
855 2573 1041 2620 mente
1065 2567 1287 2622 corvina
1312 2585 1422 2624 non
1452 2571 1665 2625 curavit
1692 2586 1912 2628 exuere.
1955 2571 2100 2640 Qua-

500 2661 724 2733 propter
758 2654 915 2712 valde
958 2672 1181 2714 necesse
1221 2669 1307 2715 est
1349 2662 1642 2733 unicuique
1694 2662 2005 2720 Christiano
2038 2674 2102 2721 ut

499 2742 673 2814 juxta
705 2746 858 2827 Pauli
901 2749 1238 2819 doctrinam,
1283 2754 1439 2809 corde
1477 2755 1655 2810 credat
1696 2756 1766 2809 ad
1805 2756 2094 2827 justitiam,

503 2854 594 2893 ore
622 2850 800 2897 autem
828 2843 1149 2917 conﬁteatur
1175 2846 1245 2900 ad
1274 2846 1518 2902 salutem.
1550 2847 1726 2919 Ipsam
1756 2848 1922 2905 ﬁdem
1947 2849 2098 2907 festi-

498 2937 595 2985 net
616 2928 776 2987 bonis
802 2935 1057 3013 operibus
1079 2936 1350 2995 adornare
1370 2948 1427 2996 et
1449 2940 1507 2995 in
1531 2939 1637 2997 hoc
1659 2957 1831 3013 usque
1852 2942 1908 2999 in
1931 2943 2096 3000 ﬁnem

496 3021 624 3078 vitae
666 3037 1041 3094 perseverare,
1089 3038 1358 3100 quatenus
1385 3046 1487 3104 per
1528 3033 1763 3104 gratiam
1793 3032 2096 3092 Salvatoris

434 3162 435 3171 χ
496 3122 772 3171 mereatur
798 3118 1055 3188 gaudium
1084 3121 1307 3178 caeleste
1349 3122 1511 3179 simul
1547 3139 1673 3180 cum
1701 3127 1905 3183 sanctis
1936 3143 2097 3200 ange-

2154 2010 2158 2019 ‘
2200 2015 2311 2055 nuo
2350 1999 2582 2071 subjecit
2620 2018 2632 2052 :
2667 2000 2859 2070 dignus
2899 2007 2974 2054 est
3011 2000 3287 2070 operarius
3325 1998 3440 2053 cibo
3476 2014 3567 2052 suo
3596 1994 3741 2051 :unde

2201 2092 2335 2148 satis
2363 2092 2601 2149 ostendit
2631 2106 2731 2148 cur
2751 2105 2848 2148 eos
2871 2092 3151 2162 possidere
3177 2090 3321 2159 haec,
3350 2105 3418 2145 ac
3441 2090 3576 2146 ferre
3601 2089 3742 2145 nolue-

2200 2185 2293 2253 rit,
2323 2199 2432 2241 non
2461 2196 2573 2256 quo
2608 2182 2921 2240 necessaria
2948 2197 3056 2238 non
3082 2183 3195 2239 sint
3220 2182 3592 2240 sustentationi
3622 2181 3743 2251 hujus

2200 2279 2328 2334 vitae
2347 2321 2362 2346 ,
2406 2276 2502 2335 sed
2526 2279 2655 2349 quia
2686 2278 2769 2334 sic
2805 2292 2901 2334 eos
2927 2276 3179 2334 mittebat
3219 2295 3234 2331 :
3267 2286 3331 2333 ut
3356 2277 3437 2333 eis
3468 2278 3577 2333 haec
3599 2272 3742 2330 deberi

2201 2378 2536 2427 monstraret
2576 2371 2645 2431 ab
2684 2369 2793 2426 illis
2832 2370 3032 2441 quibus
3059 2366 3416 2442 Evangelium
3456 2368 3742 2426 credentibus

2202 2465 2608 2521 annuntiarent.
2660 2464 2845 2523 Claret
2882 2476 3062 2523 autem
3092 2468 3208 2523 haec
3234 2483 3349 2524 non
3378 2468 3452 2523 ita
3476 2464 3741 2539 praecepisse

2200 2555 2493 2612 Dominum
2523 2566 2783 2629 tanquam
2820 2559 3180 2632 Evangelistae
3214 2560 3403 2616 vivere
3439 2558 3635 2615 aliunde
3662 2571 3741 2612 non

2201 2652 2462 2720 debeant,
2491 2667 2656 2724 quam
2693 2654 2774 2710 eis
2798 2653 3200 2725 praebentibus,
3241 2654 3444 2725 quibus
3476 2651 3743 2708 annuntiant

2202 2744 2555 2816 Evangelium
2596 2761 2614 2800 :
2652 2745 2891 2819 alioquin
2931 2754 3120 2802 contra
3155 2746 3260 2803 hoc
3300 2755 3613 2817 praeceptum
3651 2740 3744 2796 iecit

2201 2836 2513 2908 Apostolus,
2541 2837 2635 2909 qui
2664 2838 2873 2894 victum
2901 2839 2969 2895 de
2996 2850 3253 2893 manuum
3276 2851 3502 2915 suarum
3522 2830 3743 2915 laboribus

2140 2946 2143 2947 '
2202 2931 2544 3003 exquirebat,
2598 2945 2669 2988 ne
2706 2932 2959 3004 cuiquam
2984 2931 3168 3004 gravis
3197 2912 3397 2998 esset;
3427 2928 3519 2986 sed
3555 2912 3743 2999 pom

2204 3018 2313 3080 tem
2348 3025 2561 3081 dedisse
2586 3024 2641 3079 in
2669 3038 2776 3096 qua
2808 3025 3014 3080 scirent
3040 3023 3145 3080 sibi
3169 3023 3276 3080 ista
3306 3020 3509 3079 deberi.
3535 3018 3653 3076 Cum
3674 3028 3743 3070 ευ-

2201 3132 2313 3176 tem
2344 3136 2375 3174 a
2405 3118 2637 3175 Domino
2657 3117 2863 3189 aliquid
2890 3119 3194 3190 imperatur
3213 3116 3323 3174 nisi
3348 3117 3463 3183 ﬁat,
3486 3108 3744 3171 inobedien-

495 3202 562 3258 lis
592 3204 647 3260 in
684 3215 889 3265 aeterna
934 3211 1276 3270 beatitudine
1304 3215 1607 3288 possidere,
1655 3225 1951 3287 praestante
1988 3196 2094 3275 llo-

2204 3211 2291 3265 tiae
2320 3209 2476 3281 culpa
2506 3218 2609 3267 est.
2641 3207 2781 3265 Cum
2810 3218 2994 3264 autem
3019 3215 3264 3280 potestas
3293 3206 3456 3263 datur
3474 3244 3489 3272 ,
3522 3201 3634 3257 licet
3660 3196 3743 3253 cui-

428 3356 431 3363 ,
496 3295 647 3351 mino
688 3308 877 3355 nostro
900 3302 1281 3375 Jesu_Christo
1304 3281 1409 3377 ἰιιιὶ
1442 3324 1566 3365 cum
1592 3281 1766 3365 ‘Patre
1809 3319 1863 3366 et
1887 3310 2096 3384 Spiritu
2123 3281 2169 3346 (ἶ
2200 3317 2305 3375 que
2344 3318 2455 3359 non
2494 3304 2609 3371 uti,
2650 3310 2705 3359 et
2739 3309 2998 3372 tanquam
3044 3302 3113 3357 de
3146 3314 3246 3357 suo
3280 3300 3409 3371 jure
3443 3298 3633 3354 cedere.
3660 3291 3743 3347 Hoc

495 3394 688 3443 sancto
706 3388 843 3446 vivit
866 3399 923 3446 et
950 3401 1142 3466 regnat
1169 3394 1314 3454 Deus
1335 3412 1435 3470 per
1447 3400 1630 3457 omnia
1651 3400 1852 3458 saecula
1873 3402 2095 3460 saeculo—
2138 3400 2139 3405 “

494 3491 640 3535 rum.

1034 3576 1323 3638 HOMILIA
1366 3581 1557 3641 LXVI.

1098 3687 1235 3730 I'I'EI
1261 3691 1419 3733 FBBIA
1448 3694 1505 3733 ν.

662 3756 851 3815 Lectio
872 3736 1047 3817 sancti
1075 3762 1681 3837 Evangeliiseeundum
1694 3772 1945 3837 Lucam...
1960 3823 1964 3829 .

568 3849 637 3906 In
666 3849 759 3906 illo
786 3861 1030 3923 tempore,
1057 3856 1351 3910 convocatis
1376 3854 1534 3911 Jesus
1557 3856 1834 3913 duodecim
1862 3858 2095 3929 discipu-

499 3944 589 4011 lis,
616 3942 760 3999 dedit
785 3942 891 3999 illis
918 3945 1158 4000 virtutem
1192 3955 1242 4003 et
1266 3956 1577 4018 potestatem
1604 3964 1761 4019 super
1780 3950 1957 4005 omnia
1979 3950 2092 4005 dte—

499 4034 700 4101 monia,
731 4041 787 4088 ut
813 4043 862 4089 et
885 4034 1165 4115 languores
1194 4047 1460 4093 curarent.
1492 4037 1563 4092 Et
1593 4040 1731 4094 misit
1756 4038 1874 4095 illos
1901 4042 2094 4111 pradi-

496 4140 617 4178 care
651 4141 871 4196 regnum
899 4126 997 4207 Dei
1024 4136 1073 4181 et
1102 4144 1293 4184 sanare
1319 4129 1581 4198 inﬁrmos.
1611 4128 1679 4184 Et
1712 4132 1786 4186 ait
1820 4131 1890 4186 ad
1922 4131 2041 4187 illos
2071 4149 2091 4187 ε

502 4212 656 4269 Nihil
694 4217 916 4272 tuleritis
959 4220 1016 4272 in
1061 4221 1177 4286 via,
1222 4237 1386 4291 neque
1413 4223 1645 4291 virgam,
1692 4239 1855 4294 neque
1888 4241 2088 4295 peram,

498 4322 663 4376 neque
697 4324 908 4378 panem,
949 4324 1110 4380 neque
1149 4310 1461 4379 pecuniam,
1506 4328 1669 4383 neque
1705 4312 1839 4367 duas
1884 4316 2091 4370 tunicas

497 4396 757 4452 habeatis.
787 4397 860 4454 Et
894 4398 951 4453 in
982 4415 1345 4473 quamcunque
1380 4401 1591 4458 domum
1626 4405 1979 4471 intraveritis,
2018 4407 2092 4461 ibi

498 4494 740 4556 manete,
769 4499 819 4544 et
855 4489 976 4544 inde
1001 4507 1065 4544 ne
1089 4493 1307 4546 excutis.
1341 4492 1412 4547 Et
1437 4496 1731 4567 quicunque
1760 4513 1865 4552 non
1889 4514 2093 4569 recepe—

498 4580 606 4636 rint
642 4597 767 4647 vos,
808 4592 1052 4637 exeuntes
1098 4584 1165 4639 de
1204 4586 1409 4641 civitate
1450 4588 1589 4656 illa,
1626 4590 1785 4645 etiam
1825 4588 2090 4662 pulverem

495 4670 689 4743 pedum
725 4681 1017 4727 oestron
1058 4677 1286 4731 excutite
1331 4679 1388 4733 in
1433 4682 1787 4736 testimonium
1826 4698 1985 4755 super
2004 4683 2091 4753 oil-

495 4760 597 4832 los,
624 4769 757 4821 etc.‘
916 4784 919 4787 π
1330 4792 1331 4797 π
1584 4788 1587 4793 ·

567 4857 839 4915 Concessa
878 4859 1113 4930 primum
1152 4872 1427 4935 potestate
1460 4866 1737 4939 signorum
1766 4867 1915 4926 misit
1944 4882 2085 4941 pra:-

497 4949 683 5006 dicare
708 4965 933 5022 regnum
961 4952 1059 5009 Dei
1095 4961 1157 5010 ut
1189 4958 1581 5026 promissorum
1619 4961 1976 5032 magnitudini
2009 4970 2091 5018 at-

497 5049 792 5099 testaretur
809 5045 971 5101 ctiam
983 5047 1299 5119 magnitudo
1314 5050 1602 5120 factorum,
1621 5053 1889 5126 ﬁdemque
1908 5056 2089 5112 verbis

494 5131 652 5187 daret
671 5132 846 5189 virtus
870 5146 1109 5205 ostensa,
1138 5149 1194 5194 et
1217 5154 1355 5196 nova
1384 5142 1646 5212 facerent,
1672 5145 1763 5213 qui
1793 5142 2091 5215 nova'prae-

499 5221 746 5279 dicarem
774 5243 787 5278 :
818 5226 959 5296 unde
986 5244 1130 5287 nunc
1159 5247 1373 5305 quoque
1411 5248 1534 5289 cum
1571 5235 1808 5291 ﬁdelium
1836 5236 2089 5294 numero-

499 5312 634 5369 sitas
661 5318 902 5373 excrevit
935 5319 1078 5377 intra
1109 5331 1352 5378 sanctam
1391 5322 1690 5381 Ecclesiam
1727 5343 1743 5380 :
1774 5327 1930 5382 multi
1960 5340 2089 5385 sunt

474 5407 595 5481 .qui
628 5409 795 5467 vitam
835 5413 1092 5470 virtutum
1121 5425 1306 5472 tenent
1350 5435 1362 5471 :
1400 5426 1458 5472 et
1495 5419 1649 5491 signa
1676 5419 1940 5477 virtutum
1978 5437 2087 5479 non

499 5499 713 5558 habent
744 5517 761 5557 :
796 5504 922 5575 quia
959 5505 1161 5563 frustra
1201 5508 1524 5565 miraculum
1563 5508 1698 5567 foris
1734 5512 2040 5570 ostenditur
2069 5531 2083 5568 :

502 5593 550 5649 si
572 5595 725 5651 deest
744 5599 887 5667 quod
906 5598 1050 5654 intus
1069 5608 1342 5669 operetur.
1360 5599 1491 5656 Nam
1508 5601 1665 5672 juxta
1691 5603 1936 5677 magistri
1959 5620 2097 5678 gen-7

488 5687 639 5743 'tium
671 5704 860 5747 vocem
885 5690 1079 5761 lingua:
1106 5692 1165 5746 in
1189 5694 1391 5764 signum
1428 5705 1571 5762 sunt,
1601 5712 1705 5751 non
1728 5695 1971 5764 ﬁdelibus
1995 5697 2086 5753 sed

498 5780 821 5853 εοβάειεια..

577 5873 650 5929 Et
674 5876 751 5929 ait
775 5875 843 5930 ad
866 5874 986 5932 illos
1012 5892 1031 5932 :
1057 5875 1209 5933 Nihil
1231 5879 1452 5937 tuleritis
1472 5882 1525 5937 in
1550 5883 1656 5949 via,
1686 5898 1846 5954 neque
1866 5884 2085 5954 virgam,

2198 3412 2331 3468 ergo
2377 3395 2639 3453 ordinans
2684 3395 2977 3462 Dominus,
3029 3395 3123 3466 qui
3168 3408 3294 3450 eum
3343 3393 3612 3450 ordinasse
3645 3384 3743 3441 dicit

2120 3532 2123 3533 ν
2196 3491 2489 3563 Apostolus
2506 3533 2521 3559 ,
2548 3491 2636 3548 bis
2665 3490 2756 3561 qui
2791 3489 3145 3562 Evangelium
3174 3490 3500 3544 annuntiant
3520 3487 3581 3542 de
3602 3484 3739 3538 Evan-

2196 3586 2335 3659 gelio
2354 3588 2558 3654 vivere,
2589 3586 2680 3643 illa
2721 3587 2984 3659 apostolis
3005 3587 3332 3659 loquebatur
3358 3606 3372 3640 :
3399 3593 3456 3641 ut
3480 3579 3739 3639 securi‘non

2194 3679 2538 3753 possiderent
2562 3723 2578 3748 ,
2624 3694 2800 3750 neque
2835 3687 3122 3759 portarent
3163 3680 3303 3732 huic
3327 3677 3454 3733 vitae
3488 3668 3742 3731 necessaria

2194 3786 2296 3821 nec
2332 3787 2527 3836 magna
2570 3772 2687 3821 nec‘
2711 3762 2973 3833 minima,
3012 3766 3135 3823 ideo
3167 3768 3383 3838 posuit,
3426 3782 3515 3823 nec
3554 3766 3741 3836 uirgam

2193 3858 2487 3913 ostendens
2515 3871 2546 3912 a
2575 3856 2826 3915 ﬁdelibus
2850 3859 2963 3915 suis
2982 3858 3164 3915 omnia
3187 3859 3374 3917 deberi
3398 3858 3639 3916 ministris
3655 3852 3741 3910 suis

2194 3951 2339 4006 nulla
2368 3950 2641 4021 superﬂua
2682 3953 3085 4023 requirentibus
3104 3994 3119 4020 ,
3151 3967 3217 4008 ac
3239 3969 3341 4025 per
3360 3955 3466 4011 hoc
3491 3949 3701 4009 addendo
3727 3963 3739 3999 :

2194 4040 2384 4114 dignus
2424 4051 2502 4097 est
2536 4042 2675 4097 enim
2709 4044 2980 4114 cperarius
3011 4043 3125 4097 cibo
3151 4060 3269 4111 suo,
3300 4060 3520 4115 prorsus
3552 4038 3736 4112 aperuit.

2193 4140 2249 4188 et
2275 4130 2567 4189 illustravit
2600 4134 2745 4189 unde
2770 4133 2887 4188 haec
2911 4134 3093 4189 omnia
3120 4132 3454 4204 loqueretur.
3485 4131 3622 4213 Hauc
3640 4134 3739 4197 ergo

2192 4232 2516 4294 potestatem
2540 4224 2709 4296 virgae
2737 4225 2956 4279 nomine
2984 4224 3330 4296 signiﬁcavit,
3363 4239 3486 4282 cum
3514 4222 3649 4283 dixit,
3674 4231 3738 4270 ne-

2192 4316 2319 4387 quid
2346 4310 2586 4371 tollerent
2612 4316 2669 4370 in
2704 4316 2785 4371 uia
2815 4317 2918 4370 nisi
2946 4317 3144 4388 virgam
3166 4324 3491 4386 tantum,‘ut
3517 4309 3737 4378 intelliga-

2193 4414 2285 4459 tur
2307 4404 2438 4474 quia
2466 4412 2738 4475 potestate
2763 4421 2795 4459 a
2827 4406 3057 4462 Domino
3082 4416 3324 4479 accepta,
3354 4422 3474 4479 quae
3498 4405 3646 4474 virga:
3664 4412 3738 4452 n0-

2194 4498 2340 4554 mine
2367 4498 2671 4569 signiﬁcata
2710 4506 2823 4566 est,
2853 4500 3020 4555 etiam
3046 4515 3183 4571 quae
3223 4516 3331 4557 non
3370 4504 3638 4570 portantur
3656 4502 3737 4545 non

2195 4591 2442 4647 deerunt.
2475 4591 2591 4647 Hoc
2616 4601 2673 4648 et
2702 4593 2769 4647 de
2797 4593 3011 4649 duabus
3026 4593 3224 4648 tunicis
3249 4590 3635 4665 intelligendum
3656 4588 3735 4643 est.

2196 4698 2264 4740 ne
2285 4683 2571 4755 quisquam
2600 4698 2789 4740 eorum
2817 4692 3017 4754 praeter
3040 4699 3162 4741 eam
3190 4697 3354 4754 quam
3378 4691 3519 4740 esset
3538 4678 3733 4735 indutus.

2193 4776 2357 4832 aliam
2397 4777 2717 4848 portandam
2748 4787 2964 4848 putaret
3001 4777 3306 4833 sollicitus:
3338 4791 3409 4833 ne
3439 4766 3733 4847 opus”me

2193 4880 2317 4923 cum
2342 4881 2412 4925 ex
2447 4867 2538 4923 illa
2564 4876 2845 4939 potestate
2871 4870 3044 4940 possit
3070 4870 3337 4941 accipere.
3366 4867 3516 4937 Quod
3539 4870 3736 4920 vero‘se-

2193 4961 2427 5018 cundum
2464 4960 2704 5019 Marcum
2746 4974 2855 5018 non
2887 4963 3109 5035 portari
3129 4964 3214 5019 vel
3250 4963 3438 5020 haberi
3470 4961 3595 5017 duas
3618 4949 3732 5010 tuni-

2194 5072 2286 5116 cas
2315 5076 2330 5114 :
2360 5059 2794 5132 sed‘expressius
2823 5060 2973 5115 indui
3000 5060 3255 5131 prohibet
3282 5060 3495 5126 dicens,
3531 5065 3574 5112 et
3600 5048 3733 5109 παῦε-
3766 5118 3769 5119 ν

2191 5151 2477 5206 duerentur
2511 5150 2715 5207 duabus
2760 5152 2950 5207 tunicis
2968 5150 3154 5224 ,"quid
3188 5167 3285 5208 eos
3322 5158 3505 5209 monet
3534 5147 3629 5205 nisi
3648 5152 3731 5198 non

2190 5236 2499 5313 dupliciter,
2541 5242 2636 5298 sed
2665 5243 2983 5313 simpliciter
3006 5244 3316 5300 ambulare?
3365 5244 3531 5299 Aliter
3548 5241 3603 5295 in
3627 5235 3731 5291 dua-

2192 5332 2294 5388 bus
2320 5333 2519 5389 tunicis
2543 5333 2756 5388 videtur
2780 5334 2912 5389 mibi
2947 5334 3143 5405 duplex
3170 5336 3461 5393 ostendere
3476 5328 3727 5387 vesiimen

2194 5431 2310 5479 tum
2326 5430 2349 5491 ;‘
2377 5436 2486 5480 non
2529 5430 2636 5494 quo
2679 5425 2736 5480 in
2771 5425 2905 5482 locis
2951 5425 3187 5499 Scythia:
3227 5437 3283 5484 et
3312 5427 3533 5484 Galatiae
3559 5412 3727 5490 frigidis

2192 5515 2504 5588 regionibus
2543 5531 2652 5571 una
2688 5516 2813 5588 quis
2856 5517 3038 5573 tunica
3077 5519 3273 5575 debeat
3309 5533 3430 5575 esse
3466 5516 3725 5572 contenti”,

2193 5609 2289 5665 sed
2315 5609 2460 5680 quOd
2498 5610 2553 5665 in
2591 5610 2774 5667 tunica
2809 5612 3195 5667 vestimentum
3232 5612 3614 5694 intelligamus:
3641 5611 3726 5657 non

2194 5701 2300 5757 alio
2333 5710 2516 5758 vestra
2555 5703 2701 5759 aliud
2738 5702 3225 5760 nobisiuturorum
3255 5704 3447 5765 timore
3474 5704 3726 5759 servemus-

2194 5792 2266 5848 Et
2299 5794 2357 5849 in
2383 5811 2748 5867 quamcunque
2776 5796 2990 5851 domum
3027 5797 3366 5866 intraveritis,
3396 5798 3463 5852 ibi
3488 5798 3666 5849 manete
3687 5790 3725 5837 ιι

2191 5885 2314 5942 inde
2342 5902 2406 5943 ne
2429 5887 2626 5943 ementis
2648 5925 2663 5953 ,
2692 5887 2783 5943 (lat
2814 5888 3135 5947 constantiae
3163 5888 3412 5961 generale
3437 5882 3721 5945 mandem
