3974 6364
282 412 417 480 ξρετε
978 436 987 465 1
1002 418 1015 469 ξ’

1162 440 1168 453 ,
1274 438 1281 455 _.
1382 406 1693 467 ηοωιιιω
1731 397 2226 481 incussum
2264 389 2581 459 erm...

3478 376 3588 432 274

284 547 373 597 ,Ἢν
388 536 679 611 nam,“
696 533 1110 592 nmmde
1128 530 1253 603 jura
1281 529 1619 597 ωεωάίεηι,
1661 522 1978 605 πίθηαιρΑ
2000 518 2207 580 batum,
2242 512 2421 567 virum
2441 507 2645 611 justum
2664 546 2678 571 ,
2705 504 2881 591 virum
2912 515 2943 555 a
2968 493 3586 611 mortuissqscitatum

276 644 341 688 ea
364 626 723 704 praedicatore
760 627 913 700 regni
939 626 1185 683 caelestis
1208 632 1469 681 astruens
1499 623 1763 679 cursitare
1802 636 1898 692 per

294 726 603 782 ‘tlumoset
648 718 982 777 inviolabilis
1020 718 1267 789 hospitii:
1280 715 1404 787 jura
1468 715 1739 771 multare.
1788 711 1899 767 Nec

304 818 485 876 Otiose
515 814 811 871 secundum
838 810 1153 867 Matinum
1177 810 1378 866 .domus
1406 822 1570 879 quam
1593 805 1900 878 ingredian-

282 914 423 966 -tur‘=
444 904 677 978 apostoli
698 904 944 976 eligenda
972 894 1302 965 decernitur,
1324 906 1387 954 ut
1413 897 1660 965 mutandi
1680 894 1901 966 hospitii

298 984 842 1066 necesshudinimue
874 991 1155 1050 violandae
1189 1005 1353 1048 causa
1389 995 1798 1060 nonisuppetat.
1831 985 1901 1043 Et
1974 1034 1977 1037 λ

274 1082 607 1165 “quicunque
632 1084 749 1142 nois'
768 1086 1072 1157 receperint,
1088 1099 1179 1139 eos
1196 1090 1444 1139 exeuntes
1461 1080 1529 1136 de
1555 1080 1765 1137 ciuitate
1783 1076 1901 1143 illa,

272 1184 467 1238 i'etiam
495 1180 760 1252 pulverem
778 1177 973 1250 pedum
996 1184 1284 1235 uestron
1320 1173 1547 1231 excutite
1577 1172 1636 1227 in
1670 1170 1903 1227 testimo-

266 1278 460 1331 "arium
494 1288 657 1347 supra
684 1272 828 1329 illos.
854 1268 1039 1326 Pulvis
1062 1267 1338 1326 excutitur
1360 1267 1431 1324 de
1456 1265 1683 1337 pedibus
1708 1263 1824 1319 suis
1847 1261 1905 1316 in

275 1390 287 1407 ε-
313 1363 697 1422 testimonium
711 1361 914 1418 laboris
946 1360 1031 1417 sui
1066 1377 1081 1415 :
1110 1358 1255 1430 quod
1288 1357 1520 1428 ingressi
1556 1355 1668 1413 sint
1690 1355 1746 1409 in
1774 1353 1907 1410 civi-
1978 1412 1983 1417 ,

270 1466 483 1525 «tatem
509 1463 565 1511 et
586 1454 909 1527 praedicatio
941 1451 1236 1523 apostolica
1268 1451 1338 1506 ad
1365 1450 1485 1505 illos
1508 1462 1682 1519 usque
1709 1461 1904 1517 perve-

288 1551 480 1605 inerit.
511 1548 637 1603 Sive
660 1548 932 1603 excitetur
956 1546 1155 1616 pulvis,
1181 1552 1241 1599 ut
1262 1543 1400 1600 nihil
1424 1542 1491 1597 ab
1509 1541 1591 1598 eis
1617 1537 1912 1610 accipiant,

264 1656 382 1697 :-ne
419 1641 487 1696 ad
521 1641 727 1695 victum
762 1639 982 1709 quidem
1024 1635 1388 1693 necessarium
1426 1634 1520 1705 qui
1556 1632 1907 1703 Evangelium

270 1752 275 1779 ί
314 1742 655 1805 Spreverunt.
697 1732 1000 1804 Allegorice
1037 1721 1253 1797 autem,
1291 1728 1385 1800 qui
1423 1727 1591 1785 verbo
1632 1723 1910 1782 humiliter
1972 1784 1975 1789 ,

282 1858 287 1865 -
316 1827 635 1891 intendunt,
666 1825 713 1880 si
742 1823 1011 1893 aliquibus
1035 1830 1097 1877 ut
1133 1820 1381 1876 homines
1409 1827 1642 1875 terrente
1674 1815 1911 1872 levitatis

314 1918 484 1971 laevis
513 1915 875 1971 obscurantur
897 1929 994 1986 per
1022 1929 1088 1970 ea
1124 1928 1252 1969 mox
1281 1927 1403 1983 quae
1436 1911 1708 1981 recipiunt
1732 1908 1923 1983 Evan-g

314 2009 500 2080 gelicae
542 2007 943 2079 pradicationis
986 2006 1214 2078 vestigia
1258 2010 1578 2078 purgantur.
1627 2001 1730 2070 Qui
1781 2016 1912 2081 vero

224 2102 227 2103 ⁷
312 2101 541 2173 perﬁdia
561 2100 649 2156 vel
670 2088 999 2172 negligentia
1015 2098 1102 2155 vel
1121 2097 1286 2153 etiam
1311 2096 1493 2153 studio
1505 2101 1871 2150 ‘contemnunt
1894 2107 1929 2151 :.

314 2196 510 2249 horum
541 2193 766 2249 vitanda
802 2191 1139 2258 communio,
1176 2190 1430 2262 fugienda
1471 2204 1746 2262 synagoga
1781 2202 1913 2244 cenc

264 2290 267 2293 ’
314 2298 497 2357 setur;
528 2286 911 2345 excutiendum
937 2287 1135 2357 pedum
1157 2284 1342 2354 pulmo
1367 2299 1437 2338 ne
1462 2282 1627 2353 gestis
1660 2279 1915 2336 inanibus

314 2389 374 2436 et
401 2377 617 2450 pulveri
646 2376 1249 2450 comparandis'mentis
1286 2384 1451 2434 castae
1486 2374 1775 2445 vestigium
1799 2373 1916 2444 pol-

315 2475 518 2529 luatur.
826 2473 830 2477 “

389 2564 605 2637 Egressi
626 2570 803 2618 autem
835 2546 1245 2632 circuibantper
1273 2559 1489 2615 castella
1511 2599 1527 2626 ,
1554 2572 1918 2629 euangelizan-

264 2682 270 2691 ν
317 2666 394 2711 tes
421 2665 470 2711 et
500 2667 743 2711 curantes
773 2655 983 2727 ubique.
1016 2654 1172 2723 Quod
1196 2640 1658 2726 evangeliiarent,
1675 2652 1762 2708 vel
1785 2644 1919 2723 quo?

262 2788 267 2803 ί
316 2750 480 2806 modo
529 2756 787 2805 curarent
830 2747 1100 2818 apostoli,
1148 2746 1366 2804 Marcus
1414 2746 1637 2818 exponit
1681 2745 1914 2816 plenius,

268 2880 271 2881 ν
296 2876 297 2883 η
319 2841 702 2914 praedicabant,
735 2840 942 2910 inquit,
971 2849 1028 2894 ut
1061 2840 1418 2911 paenitentiam
1447 2820 1667 2910 agerenl
1691 2854 1709 2892 :
1736 2846 1784 2892 et
1814 2853 1917 2913 ειη-τ

320 2908 514 3006 gebant
544 2932 653 2989 oleo
691 2908 885 2987 mullos
922 2908 1145 3005 aegrotos
1181 2940 1231 2986 et
1257 2908 1539 2986 sanabant.
1568 2929 1711 2985 Dicit
1743 2937 1799 2985 et
1829 2908 1920 2982 Ja-i

310 3032 494 3088 'cobus
519 3049 532 3085 :
561 3029 879 3100 Inﬁrmatur
910 3030 1028 3101 quis
1054 3029 1109 3083 in
1139 3028 1309 3093 nobis,
1344 3026 1564 3081 inducat
1594 3024 1918 3097 presbyteros

284 3154 291 3169 ε
322 3120 573 3177 Ecclesia!
591 3164 608 3188 ,
639 3131 689 3177 et
716 3131 865 3178 orent
896 3138 1054 3193 super
1073 3121 1244 3190 ipsum
1263 3160 1279 3185 ,
1303 3128 1552 3190 ungentes
1577 3133 1696 3171 eum
1723 3114 1836 3170 oleo
1865 3115 1922 3169 in

286 3238 290 3252 ς
321 3212 534 3266 nomine
572 3211 809 3278 Domini,
843 3225 893 3268 et
921 3212 967 3267 si
1013 3212 1068 3266 in
1110 3212 1340 3283 peccatis
1360 3212 1450 3276 sit,
1490 3209 1821 3264 dimittentur
1847 3207 1917 3261 ei.

324 3301 482 3358 Unde
517 3310 667 3372 patet
699 3304 768 3358 ab
796 3304 927 3373 ipsis
953 3304 1228 3375 Apostolis
1254 3317 1401 3359 nunc
1438 3308 1636 3358 sanctae
1660 3298 1923 3356 Ecclesize

258 3436 263 3449 ι
322 3409 536 3453 morem
562 3411 683 3452 esse
704 3398 1091 3463 contraditum,
1113 3405 1175 3452 ut
1201 3395 1528 3453 Pontiﬁciali
1546 3394 1924 3452 benedictione

325 3497 649 3548 consecrato
670 3488 790 3545 oleo
816 3497 1190 3561 peruagantur
1207 3489 1418 3561 aegroti,
1445 3485 1805 3559 prtedicabant
1828 3476 1924 3538 au;

280 3624 301 3643 ,η
320 3586 433 3634 tem
462 3579 899 3648 utpaenitentiam
921 3590 1165 3653 agerent;
1189 3589 1248 3637 et
1269 3595 1434 3651 supra
1451 3618 1469 3648 ,
1492 3579 1633 3634 misit
1652 3575 1772 3633 illos
1790 3617 1807 3643 ,
1838 3576 1924 3631 in-

254 3714 277 3741 _.,
329 3672 452 3742 quit
474 3712 491 3737 ,
533 3673 889 3743 evangelium
932 3672 1169 3743 Regnum
1215 3674 1448 3729 Domini.
1496 3672 1633 3740 Quia
1678 3670 1931 3728 videlicet

252 3824 263 3837 ν
329 3771 626 3833 utrumque
643 3759 801 3830 juxta
824 3759 1049 3835 Joannis
1077 3760 1334 3832 Baptistae
1358 3763 1446 3815 vel
1472 3763 1644 3829 ipsius
1668 3756 1927 3835 .Salyato-

331 3853 413 3909 ris
440 3851 749 3923 exemplum
789 3850 1200 3923 praedicabant:
1232 3846 1605 3906 Paenitentiam
1640 3847 1801 3918 agite,
1833 3863 1929 3917 ap-
1970 3910 1979 3915 _

331 3933 893 4017 propinquabit'enim
936 3942 1174 4019 Regnum
1225 3940 1476 3998 caelorum
1518 3955 1536 3994 .'
1576 3938 1731 4012 regni
1784 3936 1931 3996 enim

286 4094 291 4105 ,
332 4037 601 4097 amorum
636 4037 819 4108 januis
864 4036 1226 4108 propinquare
1271 4041 1355 4092 est
1396 4033 1464 4089 de
1506 4032 1594 4089 his
1638 4044 1931 4102 quemque,

250 4180 259 4195 ,
335 4129 537 4200 quibus
558 4129 627 4184 ab
651 4145 717 4187 eo
740 4130 1065 4187 discesserat
1086 4127 1372 4199 poenitere,
1396 4134 1452 4181 et
1468 4141 1568 4196 per
1588 4138 1754 4194 opera
1769 4121 1935 4191 justi;-

335 4223 435 4277 .ti;e
459 4223 526 4281 ad
552 4224 720 4280 vitam
749 4222 1013 4289 festinare
1038 4230 1355 4293 perpetuam
1382 4226 1676 4293 praestante
1702 4216 1936 4273 Domino

338 4323 530 4380 nostro
558 4314 686 4373 Jesu
712 4315 953 4383 Christo,
966 4315 1060 4386 qui
1086 4330 1210 4370 cum
1226 4313 1388 4371 Patre
1411 4318 1467 4370 et
1492 4308 1699 4383 Spiritu
1720 4309 1859 4366 vivit
1880 4317 1939 4366 et

305 4417 539 4479 .megnat
570 4406 713 4465 Deus
734 4423 834 4480 per
855 4407 1039 4465 omnia
1068 4406 1265 4467 sarcula
1290 4404 1635 4463 seculorum.
1664 4403 1861 4460 Amen.

869 4522 1153 4580 HOMILIA
1195 4519 1405 4578 LXVII.
1494 4546 1497 4555 ι

1005 4611 1162 4651 FERIL
1198 4611 1272 4650 νι.
1408 4637 1410 4640 μ

628 4730 635 4733 -
704 4686 899 4753 Lectio
914 4694 1159 4743 iactuum
1183 4684 1574 4761 apostolorum.
1886 4680 1895 4707 ‘
1916 4680 1919 4707 ³

288 4824 295 4835 ,
420 4781 493 4838 1η
512 4780 697 4837 diebus
722 4778 843 4836 illis.
862 4779 1103 4850 aperiens
1128 4775 1320 4841 Petrus
1345 4795 1404 4843 os
1425 4793 1600 4845 suum,
1617 4775 1754 4834 dixit
1782 4771 1941 4847 :Yiri

2001 622 2107 673 non
2139 620 2264 661 cum
2294 598 2508 657 caeteris
2526 639 2540 664 ,
2571 580 2748 666 atque‘
2764 589 3036 649 communi
3056 572 3494 651 resurrectione,
3532 583 3590 638 id

1999 678 2112 767 est,
2140 696 2196 765 in
2226 676 2401 749 linem
2425 688 2607 746 saeculi
2633 686 2798 742 dilata
2817 725 2832 751 ,
2859 682 2953 739 sed
2982 680 3142 735 tertia
3174 678 3262 734 die
3289 676 3587 744 celebrata,

2109 764 2401 858 singularis
2435 789 2491 836 et
2525 778 2773 852 gloriosae
2801 770 3215 831 resurrectionis
3245 764 3595 855 assertio'te—

2003 852 2316 943 stimonium
2342 883 2559 930 aeterna
2586 869 2884 928 divinitatis
2913 863 3240 937 acquireret.
3284 848 3420 918 Cum
3447 859 3595 915 enim
3642 906 3649 909 .

2003 978 2322 1029 caeterorum
2342 979 2570 1037 corpora
2589 958 2922 1032 corruptioni
2948 955 3204 1037 probaret
3227 950 3453 1007 subesse
3471 955 3598 1018 pOSt

2004 1070 2239 1137 mortem
2266 1102 2281 1129 ,
2320 1060 2466 1114 hunc
2503 1056 2710 1127 utique,
2752 1053 2820 1108 de
2861 1065 2971 1125 quo
3008 1047 3247 1104 dicitur:
3281 1041 3408 1098 Non
3438 1039 3597 1103 dabis

2005 1132 2247 1210 sanctum
2293 1162 2442 1206 tuum
2480 1148 2652 1203 videre
2687 1144 3102 1215 corruptionem,
3144 1135 3461 1208 comprobat
3498 1132 3599 1187 hu—

2004 1263 2181 1304 mana:
2216 1244 2525 1318 fragilitatis
2568 1248 2878 1314 expertem,
2916 1235 3106 1308 probat
3130 1232 3311 1289 etiam
3347 1232 3601 1285 humanae

2006 1316 2335 1396 conditionis
2362 1335 2558 1391 merita
2584 1344 2994 1404 supergressum
3019 1346 3033 1380 :
3058 1332 3115 1381 et
3139 1322 3262 1378 ideo
3288 1321 3397 1376 Deo
3425 1316 3601 1388 magis

2006 1448 2170 1504 quam
2210 1428 2520 1484 hominibus
2558 1421 2975 1486 conferendum;
3015 1415 3265 1487 qualibus
3297 1426 3427 1467 vero
3458 1406 3604 1477 apud

2007 1498 2237 1597 gentiles
2272 1518 2500 1591 apostoli
2536 1502 2934 1588 praedicationis
2973 1516 3195 1565 utantur
3234 1500 3493 1565 exordiis,
3547 1498 3606 1553 in

2008 1613 2244 1672 Cornelii
2275 1600 2898 1669 Cénturionis’historia,
2921 1610 2976 1658 et
3001 1602 3057 1657 in
3085 1610 3337 1654 sermone
3374 1588 3608 1663 apostoli

2006 1704 2433 1773 Pauli,Athenis
2459 1701 2668 1767 habito,
2695 1695 2979 1754 doceheris
3005 1712 3020 1748 ε
3048 1687 3395 1745 Providebam
3423 1681 3610 1737 Domi-

2010 1817 2138 1855 num
2164 1814 2344 1854 coram
2374 1813 2455 1851 me
2478 1809 2701 1863 semper,
2726 1789 2987 1863 quoniam
3007 1803 3040 1840 a
3069 1782 3269 1839 dextris
3290 1787 3366 1835 est
3389 1772 3519 1831 mihi
3545 1789 3611 1827 ne

1938 1884 1989 1945 Β
2016 1908 2366 1957 commoveor,
2403 1897 2457 1944 et
2480 1895 2679 1944 caetera
2719 1903 2733 1939 :
2780 1881 3004 1937 Veniens
3024 1921 3040 1947 ,
3077 1876 3286 1947 inquit,
3321 1873 3379 1927 in
3407 1886 3470 1924 ea
3492 1881 3611 1938 quae

2015 1994 2309 2052 transeunt,
2344 1999 2450 2037 non
2478 1977 2671 2036 abstuli
2702 1974 2911 2032 oculum
2942 1972 3007 2027 ab
3041 1972 3101 2025 eo
3150 1969 3239 2041 qui
3268 1979 3469 2035 semper
3495 1975 3612 2014 ma-

2014 2088 2120 2135 net.
2147 2076 2263 2133 Hoc
2288 2075 2610 2148 providens,
2639 2079 2699 2126 ut
2732 2070 2789 2124 in
2829 2082 2951 2123 eum
2979 2062 3115 2135 post
3136 2055 3452 2131 temporalia
3481 2056 3614 2148 'per—

2015 2178 2137 2227 acta
2169 2144 2527 2232 recu—rrerem,
2558 2161 2829 2236 quomodo
2852 2159 2997 2213 favet
3018 2154 3153 2211 mihi
3177 2150 3238 2208 ut
3263 2148 3535 2207 stabiliter
3556 2144 3616 2200 in

2015 2280 2080 2321 eo
2094 2276 2442 2336 permaneam
2458 2278 2473 2327 ;
2493 2266 2548 2315 et
2561 2260 2666 2313 hoc
2681 2255 2826 2327 quod
2836 2260 3121 2323 peccatum
3141 2263 3249 2302 non
3262 2244 3390 2310 feci,
3406 2257 3507 2298 nec
3519 2241 3618 2295 tio-

2016 2330 2113 2409 lus—
2133 2354 2387 2408 inventus
2415 2357 2500 2405 est
2529 2350 2584 2404 in
2622 2360 2719 2403 ore
2752 2357 3019 2411 meo,non
3048 2335 3377 2396 humanitati
3408 2332 3505 2389 sed
3534 2330 3618 2387 di-

1912 2461 1919 2467 '
2014 2444 2228 2501 vinitati
2270 2442 2581 2504 ascribam;
2620 2445 2842 2511 propter
2883 2436 2989 2491 hoc
3023 2440 3078 2488 et
3115 2430 3171 2486 in
3200 2423 3620 2499 cogitationibus

2017 2537 2154 2593 meis
2177 2528 2519 2605 jucunditas,
2552 2538 2608 2586 et
2641 2530 2696 2584 in
2717 2527 2899 2583 verbis
2928 2522 3216 2581 exsultatio
3236 2562 3250 2586 ,
3280 2520 3501 2591 propter
3530 2529 3621 2570 re-

2019 2629 2413 2687 surrectionem
2467 2623 2677 2681 scilicet
2724 2620 2849 2691 quia
2896 2633 2998 2689 per
3051 2629 3171 2671 eam
3227 2613 3488 2668 liberatus
3534 2613 3623 2662 est

2020 2720 2287 2787 mundus,
2318 2720 2542 2788 insuper
2564 2722 2620 2771 et
2653 2726 2783 2769 caro
2818 2720 2939 2766 mea
2986 2723 3096 2763 non
3124 2703 3342 2761 deficiet
3369 2702 3425 2756 in
3453 2702 3623 2755 inter-

2021 2813 2180 2878 itum,
2214 2810 2309 2866 sed
2337 2810 2393 2865 in
2429 2823 2523 2879 spe
2552 2801 2973 2861 resurrectionis
3007 2797 3337 2860 obdormiet,
3367 2789 3626 2864 quoniam

2022 2918 2201 2975 neque
2225 2903 2463 2957 animam
2487 2913 2665 2953 meam
2692 2895 2886 2951 inferis
2909 2886 3294 2966 pos'sidenda'm
3322 2885 3496 2950 dabis,
3526 2896 3627 2936 ne-

2023 2970 2130 3067 que
2159 2991 2558 3050 sanctificatum
2597 3002 2796 3059 corpus
2834 3001 2932 3057 per
2972 2981 3117 3054 quod
3155 2986 3210 3036 et
3252 2977 3343 3033 alii
3384 2970 3631 3067 sanctifi-

2024 3062 2183 3143 candi
2223 3090 2351 3139 sunt
2388 3078 2664 3148 corrumpi
2702 3077 2961 3148 patieris;
2994 3074 3121 3145 quia
3147 3077 3307 3128 notas
3337 3066 3473 3123 mihi
3499 3062 3631 3118 feci-

2026 3178 2096 3234 sti
2129 3176 2276 3241 vias,
2304 3173 2502 3244 quibus
2527 3172 2640 3226 itur
2674 3169 2743 3224 ad
2768 3166 3131 3223 aeternitatem
3152 3203 3167 3228 ,
3195 3163 3254 3217 in
3287 3158 3485 3230 quibus
3507 3160 3635 3225 post

1947 3247 1993 3310 Ο
2026 3269 2308 3326 tristitiam
2338 3265 2631 3337 passionis,
2648 3260 2966 3331 adimplebis‘
2993 3274 3082 3313 me
3116 3255 3305 3312 laetitia
3329 3266 3455 3309 cum
3478 3247 3634 3303 vultu

1986 3362 1987 3365 “
2026 3371 2140 3418 tuo.
2170 3360 2239 3416 Et
2267 3357 2583 3415 ascendenti
2626 3357 2680 3411 in
2717 3354 2872 3409 ctelis
2924 3353 3079 3405 dabis
3129 3344 3517 3403 delectationes
3576 3342 3634 3397 in

2028 3454 2253 3511 dextera
2287 3460 2382 3507 tua
2411 3462 2582 3519 usque
2622 3447 2678 3503 in
2720 3445 2919 3511 finem;
2964 3442 3093 3514 quia
3133 3452 3311 3511 neque
3340 3436 3635 3494 derelictus

2028 3547 2087 3602 in
2114 3544 2351 3611 inferno,
2371 3540 2654 3599 descendit
2675 3539 2894 3611 quidem
2918 3535 3171 3593 Christus
3192 3533 3490 3590 secundum
3517 3528 3636 3584 ani-

2031 3653 2178 3694 mam
2204 3637 2272 3693 ad
2297 3633 2523 3700 inferos,
2552 3641 2615 3687 ut
2642 3632 2840 3703 quibus
2864 3626 3127 3700 oportuit,
3159 3622 3504 3685 subveniret;
3536 3618 3632 3674 sed

2031 3746 2140 3787 non
2178 3738 2265 3785 est
2306 3727 2600 3784 derelictus
2638 3726 2694 3780 in
2733 3723 2945 3779 inferno
2964 3762 2980 3788 ,
3025 3719 3117 3790 qui
3165 3715 3430 3773 citissimo
3458 3710 3638 3767 reditu

2032 3819 2717 3887 corpurrcsurrccturum
2749 3813 2964 3883 petivit.
3016 3810 3202 3865 Tertia
3255 3805 3505 3862 videlicet
3551 3803 3640 3860 die

2032 3903 2336 3961 resurrexit
2369 3916 2401 3958 a
2439 3902 2671 3958 mortuis
2695 3910 2748 3956 et
2778 3900 3194 3973 quadragesima
3224 3904 3412 3970 postea
3440 3894 3526 3951 die
3551 3908 3640 3950 as-

2036 3996 2215 4052 cendit
2250 3995 2307 4049 in
2350 3993 2583 4061 caelum,
2614 4001 2671 4049 et
2706 3994 2861 4049 sedet
2898 3992 2967 4048 ad
3006 3993 3289 4048 dexteram
3329 3988 3425 4045 Dei
3468 3984 3641 4059 patris

2034 4085 2456 4159 omnipotentis,
2488 4085 2613 4140 inde
2645 4093 2908 4141 venturus
2940 4082 3190 4153 judicare
3214 4081 3369 4137 vivos
3399 4086 3455 4136 et
3492 4092 3642 4134 mor-

2035 4185 2161 4235 tuos
2187 4185 2245 4234 et
2265 4174 2524 4234 saeculum
2553 4190 2651 4248 per
2677 4176 2873 4247 ignem.

2564 4286 2849 4348 HOMILIA
2882 4286 3116 4344 LXVIII.

2620 4398 2754 4439 ITEII
2780 4397 2941 4438 FERIA
2960 4397 3038 4437 VI.

2198 4476 2388 4534 Lectio
2415 4474 2592 4533 sancti
2617 4472 2901 4546 Evangelii
2931 4469 3230 4529 secundum
3250 4467 3478 4525 Lucam.

1814 4646 1817 4651 .
1916 4664 1922 4683 ὅ
1961 4609 2031 4671 D-
2112 4593 2185 4651 In
2211 4593 2305 4656 illo
2331 4603 2581 4665 tempore,
2607 4590 2811 4661 factum
2837 4596 2914 4643 est
2934 4587 2992 4642 in
3017 4603 3128 4641 una
3155 4582 3383 4649 dierum,
3406 4589 3455 4637 et
3484 4578 3645 4636 Iesus

2040 4682 2251 4743 sedebat
2282 4683 2496 4753 docens,
2523 4690 2573 4736 et
2600 4688 2752 4735 erant
2782 4674 3047 4731 Pharisaei
3072 4674 3326 4736 sedentes,
3355 4678 3462 4727 etc.
3580 4754 3585 4755 γ

2115 4776 2221 4834 Ubi
2259 4775 2523 4831 Dominus
2563 4770 2759 4828 sedens
2789 4768 3073 4834 docuerit,
3105 4765 3322 4836 quando
3351 4762 3562 4821 Scribis
3586 4770 3644 4819 et

266 4917 275 4921 -
306 4912 311 4921 ι
346 4873 632 4939 Israelita,
662 4871 1022 4928 auditeverbu
1046 4872 1206 4927 haec":
1232 4868 1423 4929 Iesum
1448 4866 1827 4937 Nasarenum,
1857 4865 1939 4921 υἱ·
2014 4920 2017 4923 .
2042 4869 2335 4937 Pharisaeis
2362 4864 2781 4926 consedentibus
2817 4861 3177 4935 paralyticum
3205 4858 3437 4923 curavit,
3467 4856 3646 4913 Lucas

270 5010 301 5021 -,
338 4982 471 5025 .rum
495 4964 845 5035 approbatum
865 4980 905 5023 α,
927 4962 1038 5021 Deo
1071 4962 1125 5017 in
1153 4962 1318 5027 vobis,
1350 4961 1650 5027 virtutibus,
1682 4969 1745 5014 et
1756 4958 1915 5035 prodi

2042 4962 2329 5023 breviandi
2357 4959 2533 5033 gratia
2554 4956 2852 5030 praeteriit,
2898 4956 2994 5012 sed
3021 4952 3308 5012 Matthzeus
3341 4958 3399 5006 et
3429 4948 3646 5009 Marcus

349 5058 484 5129 giis.
518 5066 565 5111 et
589 5057 753 5129 signis
774 5098 788 5123 ,
805 5071 928 5128 qua?
959 5053 1080 5124 fecit
1104 5070 1198 5125 per
1221 5052 1373 5111 illum
1404 5052 1548 5108 Deus
1575 5053 1629 5107 in
1650 5051 1821 5109 medio
1850 5066 1940 5105 ve-
2046 5056 2141 5127 qui
2174 5060 2434 5119 narrant,
2472 5050 2831 5122 quaestionem
2863 5047 3045 5102 facere
3070 5044 3357 5108 videntur,
3388 5040 3645 5114 quoniam

350 5151 479 5217 δερ-1,
489 5149 622 5219 sicut
640 5165 734 5217 vos
755 5148 931 5211 scitis:
955 5147 1092 5203 hunc
1116 5146 1333 5217 deﬁnito
1352 5144 1570 5213 consilio
1592 5154 1641 5199 et
1662 5142 1915 5219 prcescien

2046 5146 2267 5218 quidem
2303 5143 2591 5201 Matthaeus
2631 5141 2688 5197 in
2732 5140 2951 5196 civitate
3009 5150 3129 5203 sua,
3170 5133 3401 5195 Marcus
3446 5133 3505 5189 in
3549 5130 3651 5187 Ca-

332 5239 575 5311 tiaﬂei
619 5239 909 5309 traditum,
947 5255 1041 5311 per
1084 5255 1276 5297 manus
1326 5238 1628 5310 iniquorum
1685 5236 1915 5308 aﬁigente

2048 5241 2388 5312 pharnaum,
2425 5236 2529 5292 hoc
2556 5249 2683 5291 eum
2711 5231 2908 5289 fecisse
2934 5237 3188 5287 testatur.
3219 5227 3353 5296 Qua:
3381 5224 3650 5283 diﬁicilius

296 5334 716 5403 ;~Wamittia,
745 5343 875 5401 etc-3
1056 5376 1057 5379 η
1240 5376 1262 5391 .ι
1372 5376 1375 5385 ρ
1488 5384 1491 5393 ,
1808 5394 1811 5397 ,
1993 5388 1996 5392 λ
2051 5331 2310 5396 solvetur,
2341 5329 2388 5384 si
2421 5328 2580 5400 juxta
2605 5325 2921 5382 Matthaaum
2969 5322 3135 5379 etiam
3179 5319 3451 5376 Nazareth
3493 5316 3652 5377 intel-

266 5470 285 5495 μ
384 5428 600 5496 ,Ωιιπί
626 5428 825 5491 doctus
862 5428 1121 5498 magister
1153 5427 1304 5498 prius
1333 5424 1640 5487 incredulos
1673 5422 1948 5481 commissi
2052 5420 2266 5492 ligenda
2290 5427 2375 5475 est
2403 5418 2547 5474 dicta
2575 5417 2767 5472 civitas
2795 5414 3000 5470 Christi
3023 5412 3093 5468 ad
3126 5410 3528 5481 distinctionem
3564 5408 3651 5463 vi-

296 5564 309 5573 ρ
362 5522 917 5587 ωαάωοηθμω
926 5522 1074 5593 justo
1093 5521 1288 5578 timore
1308 5520 1644 5592 compunctis
1665 5516 1951 5574 consilium
2059 5510 2254 5569 delicet
2279 5508 2513 5579 regionis
2543 5505 2943 5562 Transmarina:
2969 5501 3421 5567 Gerascenorum,
3447 5499 3515 5555 de
3541 5513 3652 5569 qua

306 5615 567 5676 w-salutis.
592 5589 943 5686 postmodum
976 5614 1332 5686 opportunius
1373 5589 1782 5684 impendatLut
1825 5608 1954 5679 quia
2060 5600 2486 5669 transfretando,
2515 5600 2659 5656 sicut
2693 5598 2978 5654 Matthaeus
3006 5595 3218 5662 scribit,
3246 5596 3472 5649 venerat
3510 5589 3655 5647 Gali.

362 5679 668 5765 scientibus
700 5706 874 5776 legem
904 5679 1383 5775 .loquitur,,ipsum
1413 5679 1690 5759 Christum
1717 5715 1839 5759 esse
1862 5699 1954 5769 qui
2062 5694 2220 5752 lteam
2262 5713 2275 5749 :
2312 5692 2399 5749 vel
2434 5699 2580 5763 certe
2605 5693 2721 5760 ipsa
2757 5690 3138 5763 Capharnaum
3160 5728 3176 5754 ,
3218 5684 3410 5742 civitas
3444 5679 3651 5737 Christi

367 5815 403 5855 a
428 5796 708 5869 prophetis
725 5768 869 5857 esset
886 5768 1187 5869 promissus
1203 5768 1464 5862 ostendit,
1483 5810 1585 5851 nec
1607 5801 1786 5851 tamen
1812 5768 1959 5846 hunc
2064 5797 2150 5845 est
2184 5788 2357 5853 dicta,
2395 5800 2566 5869 quam,
2602 5798 2712 5839 non
2750 5783 3054 5847 nascendo,
3084 5779 3179 5837 sed
3213 5774 3505 5834 virtutibus
3534 5768 3653 5828 illu~

353 5866 700 5949 auctoritate
727 5905 825 5949 sua
854 5866 950 5947 Dei
978 5888 1446 5953 tiliumnominat,
1501 5886 1596 5945 sed
1632 5885 1812 5941 virum
1834 5896 1959 5953 pro-
2067 5879 2291 5938 strando
2322 5866 2619 5947 suam'ipSe
2643 5874 2866 5931 fecerat.
