3974 6364
517 360 615 454 ait

1160 400 1221 455 ιι.
1261 400 1515 456 mam
1551 364 1772 460 usum
1804 390 2145 495 suam;
2168 394 2484 461 uocum.
2524 396 2813 459 omnem
2848 400 3030 459 rans
3063 399 3127 456 ιι.

3634 400 3730 462 ﬂii

517 496 968 599 debauuyideus
994 502 1100 574 hoc
1134 498 1455 576 miraculum
1481 514 1672 576 Simon
1694 534 1713 573 :
1736 522 1862 593 quia
1884 537 1976 592 per
2005 521 2186 585 ἕνη-Ἀ
2207 532 2370 590 neque
2396 530 2608 589 perm,
2635 532 2801 589 neque
2833 532 3027 590 partem
3042 548 3067 583 ν
3083 528 3277 586 Mil“
3298 515 3583 585 mm,
3606 534 3730 590 neque

513 594 826 687 positionem
864 628 1053 668 manus
1076 596 1446 683 Apostolorum
1474 613 1692 668 daretur
1722 610 1950 684 Spiritus
1979 631 2106 668 san-

517 709 633 758 ctus
653 717 675 757 :
694 700 889 757 obtulit
910 702 985 757 eis
1012 704 1289 775 pecuniam
1314 704 1493 760 dicens
1508 697 1679 760 :‘Date
1698 705 1827 760 mihi
1856 706 1990 760 hanc
2006 698 2107 777 'po-

516 801 756 850 testatem
775 803 831 848 ut
850 795 1140 867 cuicunque
1160 796 1457 867 imposuero
1472 786 1696 865 manus,
1738 799 1961 871 accipiat
1984 790 2106 868 Spi-

492 887 679 942 .ritum
704 897 964 945 sanctum.
992 885 1185 945 Petrus
1220 900 1395 946 autem
1419 891 1555 946 dixit
1582 892 1654 946 ad
1673 908 1789 945 eum
1820 906 1838 943 :
1870 891 2105 948 Pecunia

515 987 613 1032 tua
641 987 814 1034 tecum
855 980 924 1034 sit
968 970 1389 1053 in'perditionem
1421 1000 1439 1038 :
1469 966 1720 1056 quoniam
1773 968 1969 1038 donum
2007 983 2105 1038 Dei

516 1068 831 1124 existimasti
856 1071 1079 1141 pecunia
1100 1071 1378 1144 possideri.
1404 1072 1532 1130 Non
1562 1085 1637 1130 est
1675 1074 1767 1129 tibi
1795 1093 1917 1147 pars
1940 1093 2105 1147 neque

514 1180 630 1219 sors
656 1163 715 1220 in
734 1180 979 1239 sermone
992 1167 1115 1221 isto.
1141 1166 1247 1222 Cor
1262 1166 1400 1222 enim
1413 1176 1565 1222 tuum
1584 1185 1691 1224 non
1711 1179 1786 1224 est
1806 1182 2000 1225 rectum
2021 1188 2106 1226 co-

516 1274 632 1314 ram
643 1256 757 1315 Deo
772 1274 793 1327 ;
804 1259 1161 1330 paenitentiam
1180 1260 1357 1331 itaque
1369 1277 1464 1333 age
1483 1260 1548 1316 ab
1561 1261 1660 1316 hac
1672 1258 1907 1335 nequitia
1927 1252 2040 1331 tua,
2056 1272 2106 1319 et

478 1382 481 1385 η
516 1366 646 1422 roga
659 1348 830 1405 Deum
856 1349 903 1407 si
935 1349 1067 1421 forte
1087 1348 1637 1429 remittaturtibiluec
1659 1353 1905 1424 cogitatio
1933 1348 2105 1411 cordis

476 1490 479 1497 ι
520 1441 617 1507 tui,
636 1442 695 1497 in
707 1440 830 1512 felle
851 1443 992 1496 enim
1013 1442 1383 1498 amaritudinis
1409 1453 1460 1500 et
1480 1432 2106 1521 obligationeiniquitatis

516 1533 661 1590 rideo
682 1542 733 1589 te
759 1551 888 1590 esse.
911 1534 983 1589 At
1008 1535 1098 1591 ille
1124 1535 1251 1592 licet
1270 1526 1337 1593 ise
1364 1537 1631 1610 paenitere
1656 1540 1795 1596 velle
1836 1541 2104 1610 ﬁnxisset,

519 1632 696 1680 tamen
728 1627 820 1697 qui
845 1627 900 1682 in
925 1628 1132 1685 malitia
1160 1636 1338 1700 coepta
1367 1644 1539 1702 usque
1571 1629 1628 1687 in
1659 1630 1825 1688 ﬁnem
1850 1621 2108 1704 perseve-

515 1718 703 1789 ravit,’
733 1707 1037 1794 iniquitatis
1064 1740 1175 1781 suae
1203 1727 1527 1797 condignam
1564 1726 1871 1784 mercedem
1899 1727 2109 1785 cmlesti

514 1811 755 1869 vindicta
798 1816 1022 1896 recepit.
1072 1816 1198 1873 Ideo
1238 1818 1384 1872 enim
1411 1817 1649 1889 Spiritus
1688 1828 1908 1875 sanctus
1936 1810 1990 1875 in
2017 1837 2107 1885 eo:

2207 608 2343 663 duas
2361 608 2568 662 tunicas
2587 607 2846 662 habeatis.
2860 605 3217 677 Soletequaarii
3230 606 3493 677 quomodo
3506 605 3732 671 Matium

2206 706 2263 754 et
2287 698 2466 755 Lucas
2494 698 3045 755 comnremoraverint
3072 697 3277 754 dixisse
3316 697 3584 757 Dominum
3604 701 3733 761 disci-

2206 787 2349 861 pulis
2374 805 2443 844 ne
2468 789 2674 859 virgam
2704 787 2932 856 ferrent,
2952 804 3080 844 cum
3106 788 3251 846 dicat
3272 787 3503 858 Marcus,
3523 801 3566 845 et
3585 808 3736 863 preu-

2186 879 2281 949 ηρίε
2308 881 2415 945 eis,
2442 895 2508 934 ne
2545 878 2671 951 quid
2704 878 2948 961 tollerent
2984 879 3042 932 in
3079 879 3177 934 uia'
3200 878 3306 935 nisi
3336 880 3529 951 “virgam
3554 889 3734 950 tantum

2207 970 2352 1039 quod
2372 970 2455 1025 ita
2488 969 2717 1035 solvitur
2746 984 2762 1025 :
2789 977 2852 1024 ut
2875 968 3241 1042 intelligamus
3260 968 3366 1031 sub
3393 968 3493 1025 alia
3524 971 3737 1043 signiﬁca-

2207 1061 2357 1120 tione
2375 1064 2576 1120 dictam
2595 1064 2831 1135 virgam,
2852 1078 2974 1133 quae
2994 1064 3295 1121 secundum
3317 1063 3545 1120 Marcum
3563 1062 3734 1131 ferenda

2207 1168 2317 1226 est,
2357 1166 2413 1215 et
2451 1158 2555 1215 sub
2591 1160 2698 1215 alia
2734 1159 2879 1214 illam
2910 1172 3032 1229 quae
3065 1159 3363 1215 secundum
3404 1158 3674 1218 Matthmum
3697 1169 3736 1215 et

2178 1266 2183 1277 ‘
2208 1252 2413 1309 Lucam
2435 1268 2545 1309 non
2578 1262 2664 1309 est
2684 1253 2912 1309 ferenda
2944 1271 2957 1307 :
2992 1253 3134 1310 siem
3153 1254 3257 1310 sub
3278 1253 3387 1309 alia
3409 1254 3736 1324 signiﬁcatione

2208 1342 2528 1414 intelligitur
2563 1344 2791 1401 tentatio
2826 1346 2893 1400 de
2932 1360 3040 1415 qua
3081 1344 3291 1401 dictum
3331 1353 3458 1400 est:
3486 1343 3647 1400 Tentat
3671 1362 3736 1401 vos

2208 1435 2468 1491 Dominus
2506 1436 2663 1491 Deus‘
2686 1445 2865 1492 noster
2887 1451 2907 1489 :
2932 1446 2992 1491 ut
3006 1438 3147 1492 sciat
3176 1438 3229 1491 si
3259 1436 3489 1507 diligatis
3509 1452 3616 1491 eum
3632 1453 3652 1492 ι
3671 1434 3737 1493 illa

2210 1530 2542 1587 seductionis
2590 1538 2695 1597 est,
2756 1530 2872 1586 haec
2914 1531 3275 1602 probationis.
3341 1529 3626 1601 Utrumque;
3644 1543 3738 1603 ergo

2211 1618 2582 1690 accipiendum
2620 1627 2706 1676 est
2745 1636 2775 1675 a
2812 1621 3042 1677 Domino
3075 1620 3337 1692 apostolis
3368 1620 3561 1677 dictum
3587 1626 3739 1677 :‘utet

2210 1727 2314 1769 nec
2337 1713 2548 1785 virgam
2585 1712 2824 1782 ferrent,
2859 1722 2915 1771 et
2936 1722 3000 1769 ut
3029 1728 3140 1770 non
3164 1714 3273 1770 nisi
3308 1712 3519 1785 virgam.
3547 1712 3736 1787 iet-rent:

2211 1822 2337 1863 cum
2370 1808 2517 1863 enim
2551 1809 2848 1864 secandum
2891 1807 3215 1863 Mattbaeum‘
3242 1807 3446 1863 diceret
3467 1806 3540 1861 eis
3565 1824 3579 1860 :
3604 1803 3738 1859 Nolite

513 1902 712 1961 lumbus
731 1907 910 1976 specie
932 1922 1097 1987 super
1114 1908 1448 1979 baptizatum
1472 1909 1809 1968 Salvatorem
1830 1904 2102 1991 descendit

2212 1898 2478 1971 possidere
2511 1915 2703 1954 aurum
2740 1915 2904 1970 neque
2942 1909 3239 1971 argentum,
3283 1907 3343 1963 et
3367 1907 3580 1963 caetera,
3609 1896 3739 1952 conti-

513 2003 576 2051 ut
602 2011 698 2053 eos
720 1997 815 2067 qui
842 2014 901 2054 se
925 2000 1169 2071 accipere
1198 2000 1385 2069 velint,
1418 2002 1693 2074 simplices
1717 2020 1839 2062 esse
1864 2005 2105 2073 doceret,

512 2102 643 2143 nam
669 2088 762 2159 qui
791 2088 865 2145 fel
891 2093 1269 2150 amaritudinis
1310 2094 1366 2149 in
1408 2097 1572 2152 corde
1600 2106 1849 2154 reservat
1880 2087 2109 2169 quamli-

512 2182 605 2239 bet
628 2184 937 2254 baptizatus
962 2187 1247 2243 videatur:
1277 2205 1384 2245 non
1409 2198 1494 2247 est
1522 2191 1828 2263 iniquitatis
1853 2209 1965 2249 suae
1990 2195 2110 2249 vin-

510 2274 648 2331 culis
675 2276 976 2347 absolutus,
1006 2280 1102 2336 sed
1143 2281 1189 2336 si
1218 2281 1285 2336 ad
1322 2290 1582 2353 punctum
1626 2285 1765 2342 hora
1798 2278 2109 2358 baptizandi

508 2375 774 2449 purgatus
806 2387 818 2422 :
866 2385 994 2426 mox
1023 2367 1223 2428 acriori
1262 2384 1346 2430 est
1390 2375 1637 2433 daemone
1682 2379 2110 2449 septempliciter

509 2473 819 2529 oppressus.
852 2462 1080 2519 Frustra
1115 2480 1245 2538 ergo
1271 2468 1503 2535 gratiam
1536 2470 1761 2540 spiritus
1787 2486 1968 2527 emere
1992 2481 2110 2527 ten-

452 2590 462 2624 ή.
509 2557 612 2616 tat,
643 2552 738 2622 qui
772 2568 831 2609 se
865 2563 1050 2611 mente
1074 2558 1295 2613 corvina
1320 2576 1431 2615 non
1460 2562 1673 2617 curavit
1701 2578 1921 2620 exuere.
1965 2564 2109 2632 Qua-

509 2650 734 2725 propter
768 2645 924 2721 valde
966 2663 1190 2705 necesse
1229 2660 1315 2706 est
1357 2653 1651 2725 unicuique
1702 2655 2015 2713 Christiano
2048 2667 2111 2713 ut

508 2732 683 2804 juxta
713 2736 866 2793 Pauli
910 2739 1246 2809 doctrinam,
1290 2746 1447 2800 corde
1485 2747 1665 2802 credat
1704 2748 1775 2802 ad
1814 2749 2103 2820 justitiam,

511 2844 602 2883 ore
631 2840 809 2887 autem
837 2833 1157 2903 conﬁteatur
1182 2837 1252 2891 ad
1281 2837 1526 2894 salutem.
1558 2839 1735 2911 Ipsam
1766 2840 1930 2898 ﬁdem
1957 2842 2107 2900 festi-

506 2927 603 2974 net
624 2917 784 2977 bonis
810 2925 1065 2995 operibus
1086 2926 1358 2986 adornare
1378 2931 1515 2987 etin
1539 2931 1645 2989 hoc
1667 2949 1840 3006 usque
1860 2935 1917 2991 in
1940 2935 2105 2992 tinem

504 3011 632 3069 vitae
674 3027 1049 3085 perseverare,
1096 3030 1364 3090 quatenus
1392 3038 1493 3096 per
1536 3024 1771 3096 gratiam
1802 3024 2104 3084 Salvatoris

441 3148 444 3161 ,
503 3112 780 3161 mereatur
805 3109 1062 3178 gaudium
1091 3112 1314 3170 caeleste
1356 3114 1519 3171 simul
1555 3132 1681 3173 cum
1709 3119 1913 3181 sanctis
1944 3136 2105 3192 ange-

503 3191 570 3248 lis
599 3193 655 3249 in
691 3206 896 3256 aeterna
942 3201 1283 3262 beatitudine
1311 3207 1614 3280 possidere,
1662 3218 1958 3280 praestante
1997 3191 2111 3267 Do-r

2164 2004 2169 2009 '
2210 2008 2321 2049 nuo
2360 1993 2592 2064 subjecit
2630 2011 2642 2046 :
2676 1993 2869 2063 dignus
2908 2000 2984 2048 est
3021 1994 3297 2064 operarius
3333 1992 3446 2047 cibo
3480 2007 3568 2045 suo
3597 1987 3738 2045 :uude

2211 2085 2345 2141 satis
2373 2086 2611 2143 ostendit
2641 2100 2740 2142 cur
2761 2098 2857 2142 eos
2880 2086 3161 2156 possidere
3187 2084 3329 2153 haec,
3358 2084 3578 2140 ecferre
3601 2081 3738 2138 uolua

2210 2178 2303 2247 rit,
2332 2192 2442 2235 non
2471 2189 2582 2250 quo
2617 2176 2931 2234 necessaria
2957 2192 3066 2233 non
3092 2178 3206 2233 sint
3233 2175 3593 2234 sustentationi
3622 2174 3739 2243 hujus

2210 2272 2337 2328 vitae
2356 2315 2371 2339 ,
2415 2270 2511 2329 sed
2536 2273 2665 2343 quia
2696 2272 2778 2328 sic
2814 2286 2910 2328 eos
2936 2271 3189 2329 mittebat
3231 2290 3246 2326 :
3277 2279 3339 2327 ut
3364 2271 3442 2327 eis
3472 2271 3579 2326 haec
3600 2264 3739 2323 deberi

2211 2371 2545 2421 monstraret
2585 2365 2655 2421 ab
2692 2363 2801 2420 illis
2841 2364 3041 2435 quibus
3068 2361 3422 2437 Evangelium
3460 2360 3738 2419 credentibus

2211 2458 2617 2515 aununtiarent.
2669 2458 2854 2517 Claret
2891 2470 3071 2517 autem
3101 2462 3218 2517 haec
3245 2477 3357 2519 non
3384 2462 3456 2517 ita
3480 2456 3738 2532 praecepisse

2210 2549 2503 2606 Dominum
2532 2544 2791 2623 tanquam
2829 2553 3195 2626 Evangelistaa'
3225 2554 3409 2610 vivere
3443 2551 3634 2608 aliunde
3661 2562 3738 2603 non

2210 2645 2470 2714 debeant,
2500 2661 2664 2718 quam
2702 2648 2783 2703 eis
2806 2648 3172 2719 praebentibus
3190 2686 3209 2718 ,
3253 2648 3449 2720 quibus
3480 2642 3740 2700 annuntiant

2211 2737 2564 2810 Evangelium
2604 2755 2622 2794 :
2660 2739 2899 2813 alioquin
2940 2748 3128 2796 contra
3163 2741 3272 2797 hoc
3309 2747 3612 2812 praeceptum
3650 2730 3741 2786 fecit

2209 2829 2522 2901 Apostolus,
2549 2831 2643 2903 qui
2672 2832 2881 2888 victum
2909 2833 2976 2889 de
3004 2844 3265 2887 manuum
3287 2844 3505 2908 suarum
3525 2821 3740 2904 laborilms

2210 2925 2551 2996 exquirebat,
2606 2940 2676 2982 ne
2714 2926 2967 2998 cuiquam
2993 2925 3175 2999 gravis
3205 2932 3390 2991 esset;
3432 2920 3522 2979 sed
3556 2920 3739 2989 potes“-

2212 3012 2321 3073 tem
2356 3018 2569 3075 dedisse
2593 3018 2648 3073 in
2677 3034 2784 3090 qua
2815 3020 3022 3076 scirent
3048 3018 3154 3075 sibi
3177 3018 3287 3075 ista
3314 3012 3512 3073 deberi.
3537 3009 3653 3067 Cum
3670 3018 3739 3058 au-

2210 3124 2321 3169 tem
2352 3128 2383 3167 a
2413 3111 2644 3169 Domino
2665 3112 2870 3183 aliquid
2898 3113 3201 3184 imperatur
3220 3111 3330 3169 nisi
3354 3110 3467 3175 ﬁat,
3489 3097 3740 3195 iuobedieu-

2210 3203 2299 3259 tiae
2328 3202 2484 3274 culpa
2513 3211 2616 3260 est.
2649 3202 2787 3259 Cum
2817 3212 3001 3258 autem
3026 3210 3274 3274 potestas
3302 3201 3460 3256 datur
3478 3236 3492 3263 ,
3525 3192 3633 3247 licet
3658 3192 3739 3241 cui-

503 3285 654 3341 mino
695 3299 884 3345 nostro
907 3293 1287 3365 Jesu_Christo
1311 3274 1416 3368 qui
1449 3316 1574 3357 cum
1601 3274 1774 3358 ’Patre
1816 3312 1871 3358 et
1895 3301 2103 3375 Spiritu
2131 3274 2176 3338 θ
2207 3310 2312 3368 que
2351 3311 2463 3352 non
2501 3298 2616 3364 uti.
2657 3304 2712 3353 et
2747 3304 3005 3367 tanquam
3051 3297 3120 3352 de
3154 3308 3256 3352 8'10
3291 3294 3414 3366 iure
3448 3288 3632 3346 οθάθνθι
3658 3279 3739 3375 “9°

502 3384 696 3433 sancto
713 3379 850 3435 vivit
872 3390 929 3437 et
956 3392 1148 3456 regnat
1176 3385 1321 3445 Deus
1342 3404 1441 3462 per
1454 3393 1638 3449 omnia
1658 3392 1859 3451 saecula
1880 3394 2103 3452 saeculo—

502 3481 647 3525 rum.

1040 3566 1331 3631 HOMILIA
1374 3573 1564 3633 LXVI.

1105 3678 1241 3722 ῘΤΕΙ
1267 3683 1426 3725 FBRIA
1456 3686 1511 3725 ν.

669 3746 857 3805 Lectio
877 3754 1053 3809 sancti
1080 3753 1687 3831 Evangeliisecundum
1702 3764 1951 3829 Lucam...
2000 3814 2023 3823 ..

573 3839 643 3895 In
673 3839 764 3896 illo
792 3850 1037 3919 tempore,
1063 3846 1358 3902 convocatis
1383 3846 1540 3902 Iesus
1564 3848 1840 3923 duodecim
1868 3850 2101 3921 discipu-

504 3932 595 4003 lis,
622 3931 766 3989 dedit
791 3931 898 3988 illis
924 3935 1164 3991 virtutem
1198 3945 1248 3995 et
1273 3947 1583 4009 potestatem
1610 3956 1767 4011 super
1787 3943 1962 3997 omnia
1984 3942 2097 3997 dae-

504 4023 707 4090 monia,
736 4031 792 4078 ut
819 4032 869 4078 et
890 4024 1171 4107 languores
1200 4039 1466 4084 curarent.
1498 4029 1570 4085 Et
1599 4032 1737 4086 misit
1761 4031 1879 4088 illos
1906 4034 2099 4104 pradi-

501 4128 623 4168 care
658 4131 877 4186 regnum
905 4116 1003 4171 Dei
1030 4127 1079 4172 et
1107 4135 1298 4176 sanare
1325 4120 1585 4189 inﬁrmos.
1615 4120 1684 4177 Et
1716 4124 1793 4178 ait
1825 4124 1896 4179 ad
1925 4124 2046 4179 illos
2076 4141 2096 4180 :

508 4201 661 4259 Nihil
700 4192 1021 4262 tuleritis'in
1066 4212 1181 4277 via,
1227 4228 1391 4281 neque
1417 4214 1649 4282 virgam,
1697 4232 1859 4287 neque
1892 4234 2093 4287 peram,

504 4312 668 4367 neque
702 4314 913 4367 panem,
953 4292 1114 4369 neque
1154 4301 1464 4370 pecuniam,
1509 4320 1673 4374 neque
1710 4304 1843 4359 duas
1888 4308 2095 4361 tunicas
2132 4312 2135 4319 ‘

503 4385 761 4441 habeatis.
792 4386 865 4443 Et
898 4388 957 4442 in
987 4405 1349 4463 quamcunque
1384 4393 1596 4448 domum
1631 4396 1982 4463 intraveritis,
2021 4398 2096 4453 ibi

504 4483 744 4545 manete,
773 4488 822 4533 et
858 4478 981 4534 inde
1006 4497 1069 4534 ne
1093 4483 1311 4537 exeatis.
1346 4483 1417 4538 Et
1441 4487 1735 4558 quicunque
1764 4504 1869 4543 non
1893 4506 2097 4560 recepe-

416 4574 425 4585 ‘
502 4568 610 4623 rint
646 4585 772 4635 vos,
812 4582 1057 4627 exeuntes
1103 4573 1169 4628 de
1208 4576 1413 4631 civitate
1454 4577 1593 4646 illa,
1631 4580 1789 4636 etiam
1829 4580 2094 4653 pulverem

499 4658 693 4730 pedum
729 4670 1021 4717 uestrorum
1063 4667 1290 4720 excutite
1335 4668 1392 4723 in
1437 4672 1791 4728 testimonium
1829 4632 1988 4747 ξίφει·
2007 4676 2095 4746 _il-
2119 4632 2173 4693 Β

424 4762 425 4767 ‘
500 4748 601 4819 los,
628 4757 737 4809 etc.
758 4762 761 4771 ‘
1588 4780 1591 4785 ·

571 4845 843 4904 (Ζοιιοθεςιι
881 4848 1117 4919 primum
1156 4862 1431 4924 potestate
1464 4856 1741 4930 signorum
1770 4858 1919 4917 misit
1948 4872 2089 4933 prae-

501 4937 686 4995 dicare
711 4953 937 5011 regnum
965 4940 1062 4998 Dei
1099 4951 1161 4999 ut
1193 4948 1585 5015 promissorum
1623 4953 1980 5023 magnitudini
2011 4962 2093 5009 at—

501 5038 796 5088 testaretur
813 5034 975 5090 etiam
986 5036 1304 5108 magnitudo
1318 5039 1605 5111 factorum,
1624 5044 1892 5117 ﬁdemQue
1911 5048 2092 5104 verbis
2132 5060 2135 5063 '

497 5120 655 5177 daret
675 5121 849 5179 virtus
874 5136 1112 5195 ostensa,
1142 5138 1198 5184 et
1221 5144 1359 5186 nova
1389 5132 1649 5203 facerent,
1675 5136 1766 5204 qui
1797 5134 2094 5207 nova'prae-

502 5211 749 5268 dicarent
777 5233 790 5267 :
820 5215 963 5273 unde
989 5234 1134 5277 nunc
1163 5237 1376 5296 quoque
1414 5240 1536 5280 cum
1573 5227 1810 5282 ﬁdelium
1839 5244 2092 5285 numero-

502 5303 637 5359 sitas
664 5307 906 5362 excrevit
939 5308 1082 5366 intra
1113 5322 1355 5369 sanctam
1394 5315 1692 5373 Ecclesiam
1730 5336 1745 5373 :
1776 5319 1931 5375 multi
1962 5332 2092 5377 sunt

476 5397 597 5469 .qui
631 5398 798 5455 vitam
839 5402 1095 5460 virtutum
1124 5416 1309 5464 tenent
1352 5426 1365 5463 :
1403 5418 1460 5464 et
1498 5411 1651 5483 signa
1678 5412 1941 5469 virtutum
1980 5429 2090 5471 non

502 5488 715 5546 habent
747 5506 763 5545 :
799 5492 925 5563 quia
962 5495 1164 5553 frustra
1204 5500 1527 5556 miraculum
1566 5500 1700 5558 foris
1736 5490 2085 5562 ostenditur:

504 5581 553 5638 si
575 5583 727 5640 deest
746 5587 888 5656 quod
906 5588 1052 5646 intus
1071 5600 1344 5662 operetur.
1362 5591 1493 5648 Nam
1511 5593 1668 5663 juxta
1693 5595 1936 5668 magistri
1960 5612 2090 5670 gen-

491 5675 643 5731 ‘tium
673 5692 861 5737 vocem
886 5681 1082 5753 lingua:
1109 5685 1167 5739 in
1191 5686 1393 5755 signum
1431 5695 1574 5752 sunt,
1603 5703 1707 5741 non
1730 5687 1972 5755 ﬁdelibus
1995 5690 2088 5745 sed

501 5768 823 5842 inﬁdelibus.

579 5862 652 5919 Et
675 5866 753 5920 ait
776 5866 845 5921 ad
868 5865 988 5922 illos
1014 5882 1033 5923 :
1058 5866 1211 5924 Nihil
1233 5869 1454 5928 tuleritis
1473 5872 1526 5929 in
1552 5874 1658 5941 via,
1687 5888 1847 5946 neque
1866 5875 2086 5946 virgam,

2206 3405 2339 3461 ergo
2384 3389 2646 3446 ordinans
2691 3389 2984 3456 Dominus,
3035 3389 3129 3460 qui
3175 3403 3304 3444 eum
3350 3385 3612 3443 ordinasse
3644 3372 3739 3429 dicit

2203 3483 2496 3555 Apostolus
2513 3526 2528 3552 ,
2555 3484 2642 3541 his
2672 3484 2763 3555 qui
2797 3483 3151 3556 Evangelium
3181 3483 3503 3539 annuntiaut
3523 3477 3582 3531 de
3602 3472 3735 3527 Evan-

2203 3579 2343 3652 εειὶο
2361 3580 2565 3648 Vivere.
2596 3579 2687 3637 illa
2727 3581 2989 3652 apostolis
3012 3581 3339 3653 loquebatur
3365 3599 3379 3633 :
3405 3586 3461 3633 ut
3485 3567 3637 3630 securi
3660 3578 3735 3666 non

2200 3672 2545 3745 possiderent
2568 3716 2584 3742 ,
2630 3688 2807 3744 neque
2832 3681 3128 3747 portarent
3170 3675 3301 3728 huic
3334 3670 3459 3726 vitae
3491 3667 3738 3721 necessaria

2201 3778 2302 3813 nec
2339 3780 2533 3829 magna
2558 3766 2693 3815 nec
2717 3748 2942 3816 minima
2964 3802 2978 3826 ,
3019 3761 3141 3817 ideo
3173 3762 3388 3833 posuit,
3431 3764 3518 3814 nec
3556 3754 3737 3848 υὶῖθοηξι

2199 3850 2493 3906 ostendens
2521 3865 2553 3905 a
2581 3849 2831 3909 ﬁdelibus
2856 3854 2968 3910 suis
2987 3853 3170 3910 omnia
3193 3854 3379 3913 deberi
3404 3845 3638 3908 ministris
3654 3845 3736 3895 suis

2199 3943 2346 3999 nulla
2375 3943 2647 4015 superﬂua
2687 3947 3091 4017 requirentibus
3110 3990 3126 4015 ,
3157 3963 3223 4004 ac
3245 3964 3347 4021 per
3366 3948 3469 4004 hoc
3494 3935 3734 4032 addendu:

2200 4033 2390 4106 dignus
2430 4044 2508 4090 est
2542 4036 2681 4091 enim
2714 4039 2985 4107 operarius
3017 4038 3130 4093 cibo
3156 4056 3276 4107 suo,
3308 4049 3522 4111 prorsus
3552 4028 3732 4099 Ἆρεωίίν

2198 4133 2255 4181 et
2281 4124 2573 4181 illustravit
2606 4128 2750 4182 unde
2775 4127 2893 4182 haec
2916 4129 3099 4183 omnia
3126 4127 3456 4200 loqueretur.
3486 4121 3621 4199 Haut:
3638 4121 3735 4180 ergo

2197 4225 2521 4286 potestatem
2546 4217 2714 4289 virgae
2741 4219 2961 4273 nomine
2990 4220 3336 4290 signiﬁcavit,
3368 4226 3487 4274 cum
3514 4208 3647 4268 dixit,
3671 4214 3734 4254 ne-

2197 4308 2325 4378 quid
2351 4302 2590 4364 tollerent
2617 4310 2674 4363 in
2708 4309 2791 4364 via
2820 4311 2923 4365 nisi
2950 4312 3149 4383 uirgam
3171 4304 3492 4378 tantum,*ut
3517 4294 3733 4362 intelligi"

2198 4406 2290 4452 tur
2313 4398 2443 4467 quia
2471 4405 2743 4468 potestate
2768 4415 2800 4454 a
2832 4400 3063 4457 Domino
3086 4411 3331 4474 accepta,
3359 4413 3475 4471 quae
3498 4392 3644 4460 irin
3662 4394 3734 4435 πῖθ’

2198 4491 2345 4546 mine
2372 4490 2676 4563 signiﬁcata
2714 4500 2827 4559 est,
2857 4494 3024 4549 etiam
3052 4510 3187 4566 quae
3228 4511 3337 4553 non
3373 4491 3636 4563 portantur
3653 4484 3732 4529 non

2199 4584 2446 4640 deerunt.
2479 4585 2595 4640 Hoc
2621 4594 2678 4641 et
2706 4586 2774 4641 de
2801 4587 3015 4643 duabus
3031 4588 3229 4643 tunicis
3254 4577 3634 4655 intelligendum
3653 4570 3730 4624 θείι

2199 4691 2269 4733 ne
2289 4676 2575 4747 quisquam
2604 4692 2793 4733 eorum
2821 4687 3020 4748 praeter
3044 4693 3167 4735 eam
3194 4676 3358 4749 quam
3381 4679 3519 4731 esset
3537 4662 3729 4757 indutus.

2197 4769 2361 4826 aliam
2381 4771 2720 4842 ‘portandam
2752 4781 2967 4842 putaret
3005 4772 3270 4829 sollicitus
3296 4786 3311 4827 :
3343 4783 3411 4826 ne
3441 4760 3568 4836 opus
3592 4751 3728 4808 τθεεείν

2197 4874 2321 4916 cum
2346 4875 2416 4917 ex
2451 4861 2542 4916 illa
2568 4864 2848 4933 ‘potestate
2874 4865 3047 4935 possit
3073 4865 3341 4936 accipere.
3369 4855 3517 4929 Quod
3538 4851 3731 4940 νθΐσδίῖ

2197 4954 2431 5011 cundum
2467 4954 2708 5012 Marcum
2749 4968 2858 5013 non
2889 4959 3098 5029 portari
3133 4960 3218 5015 vel
3254 4954 3439 5015 haberi
3458 4950 3594 5006 duas
3616 4946 3728 5040 mlti-

2197 5058 2289 5108 cas
2318 5069 2333 5106 :
2364 5051 2797 5125 sed‘expressius
2826 5054 2975 5110 indui
3003 5056 3258 5126 prohibet
3286 5056 3495 5115 dicens,
3530 5051 3573 5099 ει
3599 5043 3729 5092 π⁶¹’¹”

2194 5143 2481 5199 duerentur
2514 5142 2718 5201 duabus
2764 5146 2986 5214 tunicis,
3027 5144 3157 5219 quid
3192 5143 3288 5205 eos
3326 5148 3505 5205 monet
3532 5129 3728 5219 nisitloﬂ

2194 5230 2502 5305 dupliciter,
2544 5236 2639 5291 sed
2668 5237 2986 5307 simpliciter
3009 5216 3319 5296 ambulare?
3367 5234 3530 5293 Aliter
3546 5226 3601 5280 iu
3625 5216 3727 5272 dua-

2194 5325 2297 5380 bus
2322 5326 2522 5382 tunicis
2545 5327 2759 5382 videtur
2783 5329 2915 5384 mihi
2950 5330 3146 5401 duplex
3172 5311 3723 5413 ostendere

2197 5423 2345 5484 tum;
2380 5430 2489 5473 non
2531 5422 2639 5488 quo
2682 5419 2739 5474 in
2774 5419 2907 5477 locis
2948 5392 3190 5494 seythne
3229 5432 3286 5479 et
3314 5415 3532 5480 Galatia:
3557 5392 3722 5471 frigidiﬁ

2194 5508 2506 5580 regionibus
2546 5525 2655 5565 una
2690 5511 2815 5582 quis
2857 5512 3040 5568 tunica
3080 5514 3275 5570 debeat
3311 5524 3430 5570 esse
3466 5495 3720 5560 ϐουωυωδ

2195 5602 2292 5658 sed
2317 5602 2462 5673 Quod
2500 5603 2555 5659 in
2594 5604 2777 5661 tunica
2811 5607 3197 5664 vestimentum
3233 5604 3611 5676 intelligamus:
3638 5587 3721 5636 non

2195 5693 2302 5750 allo
2326 5704 2517 5752 vestra
2558 5697 2703 5753 aliud
2740 5697 3227 5757 nobisafuturorum
3248 5678 3447 5761 timore
3473 5680 3721 5748 servem“

2195 5785 2268 5841 Et
2301 5786 2359 5841 in
2385 5805 2749 5861 quamcunque
2778 5790 2992 5846 domum
3030 5794 3365 5861 intraveritis,
3394 5788 3462 5844 ibi
3486 5777 3663 5837 illam“
3682 5764 3720 5861 ξε

2192 5878 2316 5934 inde
2344 5858 2407 5935 ne
2431 5881 2628 5936 exeatis
2650 5858 2672 5947 ,v
2693 5881 2784 5937 dat
2816 5884 3136 5943 constantiae
3165 5858 3410 5957 generale
3435 5858 3716 5935 mandem
