3974 6364
950 420 1009 473 ,ςέ

280 539 671 614 "ut‘ltospiulis
689 512 1104 595 necessitudinis
1122 533 1247 605 iura
1274 531 1581 591 custodiant
1596 572 1613 599 ,
1655 510 1889 591 alienum
1896 525 1983 607 ,A,

272 646 335 691 ta
358 628 719 707 prtedlcatore
753 630 906 702 regni
932 628 1179 685 caelestis
1203 635 1475 684 astruens
1493 625 1757 681 cursitare
1796 638 1892 694 per

288 720 496 785 'tiemos
530 732 611 781 et
642 720 977 779 inviolabilis
1014 720 1237 791 hospitii
1258 718 1427 789 jura.
1462 717 1716 774 multare.
1770 714 1893 769 .Nec

299 821 479 879 Otiose
508 817 806 874 secundum
832 813 1147 869 Mattbseum
1172 813 1372 869 domus
1400 825 1564 881 quam
1587 807 1894 880 ingredian-

274 907 673 981 tur-apostoli
690 906 938 978 eligenda
966 897 1296 968 decernitur,
1319 909 1381 956 ut
1407 899 1653 969 mutandi
1674 896 1895 969 hospitii

293 988 1134 1068 necessitudinisque'wiolandae
1183 1008 1347 1051 causa
1383 998 1792 1062 non‘suppetat.
1816 987 1895 1057 «Et
1970 1034 1979 1057 ε

1997 1073 2232 1139 mortem
2260 1104 2275 1131 ,
2314 1062 2459 1117 hunc
2498 1059 2704 1128 utique,
2746 1055 2814 1111 de
2855 1067 2965 1126 quo
3002 1049 3241 1106 dicitur:
3276 1042 3402 1101 Non
3441 1041 3591 1097 dabis

268 1096 601 1168 “quicunque
626 1090 743 1145 non
762 1089 1067 1161 receperint,
1082 1102 1173 1142 vos
1190 1093 1438 1141 exeuntes
1455 1083 1523 1139 de
1549 1083 1759 1139 civitate
1777 1078 1895 1145 illa,

266 1187 462 1241 i‘etiam
489 1183 755 1255 patvere»
772 1180 966 1253 pedum
989 1186 1279 1235 vestrorum
1314 1175 1545 1233 excutite:
1572 1174 1630 1230 in
1664 1172 1897 1229 testimo-

260 1300 267 1303 λ
300 1281 454 1334 mum
488 1290 653 1349 supra
678 1274 822 1331 illos.
848 1270 1033 1329 Pulvis
1056 1270 1332 1328 excutitur
1354 1269 1425 1327 de
1449 1268 1677 1339 pedibus
1702 1265 1819 1323 suis
1842 1263 1899 1318 in

272 1394 281 1411 -ς
308 1364 908 1425 ιεςιίωοηὶιιωιώωἰε
940 1363 1025 1420 sui
1060 1380 1076 1417 :
1104 1361 1249 1433 quod
1282 1359 1514 1431 ingressi
1550 1358 1662 1415 sint
1685 1357 1741 1412 in
1769 1355 1902 1412 civi-
1972 1414 1979 1419 ,

264 1480 271 1493 ·
307 1470 477 1527 tatem
503 1466 559 1514 et
581 1457 904 1530 praedicatio
935 1454 1230 1526 apostolica
1263 1454 1332 1509 ad
1359 1453 1479 1508 illos
1503 1465 1676 1522 usque
1703 1463 1899 1520 perve-

304 1554 475 1609 nerit.
505 1551 631 1606 Sive
655 1551 927 1606 excitetur
950 1549 1149 1619 pulvis,
1175 1554 1235 1602 ut
1252 1546 1394 1603 nihil
1418 1545 1486 1600 ab
1503 1544 1586 1600 eis
1611 1538 1906 1613 accipiant,

260 1660 376 1699 τηε
413 1644 482 1699 ad
516 1644 721 1699 victum
756 1642 976 1712 quidem
1017 1638 1383 1696 necessarium
1420 1637 1515 1707 qui
1550 1635 1901 1706 Evangeiium

309 1745 648 1808 spreverunt.
691 1734 994 1807 Allegorice
1031 1724 1247 1800 autem,
1285 1731 1379 1803 qui
1418 1730 1585 1787 verbo
1627 1725 1905 1808 humiliter
1966 1788 1969 1799 Α

1272 440 1295 463 -κ
1376 409 1693 470 ιιοωιιω
1724 409 1813 469 ιιι,
1832 401 2091 479 avsus.
2110 399 2227 463 ,ΕΤ
2257 392 2474 454 EPIST.
2498 452 2507 461 ι

3468 377 3582 449 su

1993 520 2200 581 batum,
2236 514 2415 569 virum
2434 510 2639 581 justum
2658 548 2672 575 ,
2698 507 2875 565 virum
2905 517 2936 556 a
2963 494 3581 581 mortuis'suscitatum;

1995 625 2102 677 non
2133 622 2257 663 cum
2288 600 2534 666 caeteris,
2565 583 2742 669 atque.
2757 591 3029 651 communi
3060 574 3488 653 resurrectione,
3526 584 3585 640 id

1993 708 2106 765 est,
2134 699 2190 767 in
2220 696 2382 751 finem
2418 690 2601 749 stecuii
2627 688 2792 745 dilata
2810 727 2825 754 ,
2853 684 2947 741 sed
2976 682 3137 738 tertia
3168 676 3255 735 die
3283 678 3581 745 celebrata,

1994 770 2077 863 ut,
2103 784 2395 859 singularis
2428 791 2484 839 et
2519 780 2767 855 gloriosae
2795 767 3209 833 resurrectionis
3239 770 3479 855 assertio‘
3506 777 3589 826 te-

1996 849 2310 947 stimonium
2336 849 2554 932 aeternae
2580 870 2878 929 divinitatis
2907 865 3234 939 acquireret.
3277 849 3414 920 Cum
3441 860 3589 917 enim
3635 906 3641 911 ,

1998 980 2316 1041 cmterorum
2336 981 2564 1040 corpora
2583 960 2917 1034 corruptioni
2942 958 3198 1040 probaret
3220 952 3446 1009 subesse
3465 956 3591 1020 pOSt

1999 1135 2241 1212 sanctum
2288 1164 2437 1208 tuum
2474 1150 2645 1206 uidere
2681 1146 3097 1217 corruptionem,
3138 1137 3455 1209 comprobat
3493 1135 3594 1189 hu-

1998 1265 2175 1307 manae
2210 1246 2518 1321 fragilitatis
2563 1250 2873 1316 expertem,
2909 1238 3100 1310 probat
3125 1232 3305 1291 'etiam
3341 1233 3595 1287 humanae

2000 1317 2329 1400 conditionis
2356 1337 2552 1393 merita
2579 1346 2989 1406 supergressum
3013 1347 3027 1382 :
3053 1334 3109 1383 et
3133 1324 3256 1381 ideo
3282 1323 3391 1377 Deo
3420 1317 3595 1390 magis

2001 1450 2163 1506 quam
2204 1430 2514 1487 hominibus
2552 1423 2969 1506 conferendum;
3010 1417 3259 1489 qualibus
3290 1427 3432 1506 vero
3452 1408 3598 1506 apud

2001 1500 2231 1599 gentiles
2266 1521 2494 1593 apostoli
2530 1504 2928 1590 praedicationis
2967 1517 3189 1567 utantur
3228 1502 3487 1568 exordiis,
3541 1500 3600 1555 in

2002 1615 2238 1674 Cornelii
2268 1589 2892 1672 Centurionis’historia,
2915 1612 2970 1661 et
2995 1603 3331 1659 in‘sermone
3370 1589 3603 1664 apostoli

1999 1706 2427 1775 Pauli,Atbenis
2453 1703 2662 1768 habito,
2690 1697 2973 1756 doceberis
2999 1713 3014 1749 :
3042 1688 3389 1747 Providebam
3418 1682 3604 1739 Domi-

309 1776 648 1808 υγ.ωυ.......
691 1776 993 1807 “nunc”..-
1031 1776 1247 1800 ..........,
1286 1776 1379 1803 ν..
1431 1776 1583 1787 ,νην
1628 1776 1896 1785 ..ν-η---

276 1860 281 1867 ~
308 1814 629 1894 intendunt,
660 1828 707 1883 si
736 1826 1006 1896 aliquibus
1029 1833 1093 1880 ut
1128 1823 1375 1879 homines
1403 1830 1636 1878 terrenae
1668 1805 1905 1875 levitatis

2013 1819 2133 1857 num
2159 1816 2339 1856 coram
2368 1815 2450 1853 me
2473 1811 2695 1865 semper,
2720 1791 2981 1864 quoniam"
3002 1806 3035 1842 a
3063 1784 3263 1841 dextris
3284 1790 3361 1836 est
3384 1776 3513 1833 mihi
3539 1790 3605 1828 ne

308 1921 478 1974 naevis
507 1918 869 1974 obscurantur
892 1932 989 1989 per
1016 1932 1083 1973 ea
1118 1931 1246 1972 mox
1275 1930 1397 1986 quae
1430 1913 1702 1984 recipiunt
1726 1911 1917 1984 Evan-f

308 2012 494 2083 gelicae
536 2010 938 2082 praedicationis
981 2009 1209 2080 vestigia
1252 2013 1572 2080 purgantur.
1622 2004 1724 2072 Qui
1775 2019 1907 2083 vero

307 2079 643 2176 perfidiavvel
664 2090 993 2174 negligentia
1010 2101 1097 2157 vel
1116 2079 1280 2156 etiam
1306 2079 1487 2155 studio
1499 2079 1866 2153 contemnunt
1889 2109 1923 2152 :.

309 2198 505 2252 borum
536 2195 761 2252 vitanda
796 2194 1133 2261 communio,
1171 2193 1424 2265 fugienda
1465 2207 1741 2264 synagoga
1776 2205 1907 2247 cen-

309 2301 492 2359 setur;
522 2289 905 2348 excutiendum
932 2289 1129 2359 pedum
1153 2286 1337 2357 pulmo
1362 2301 1431 2341 ne
1457 2285 1622 2355 gestis
1654 2282 1909 2338 inanibus

309 2391 369 2439 et
396 2380 611 2454 pulveri
640 2380 1021 2452 comparandis
1046 2379 1244 2436 mentis
1281 2386 1446 2436 casta:
1481 2376 1770 2448 vestigium
1793 2376 1910 2447 pol-

310 2478 513 2532 luatur.
534 2470 540 2476 ’
822 2476 823 2479 “

384 2567 599 2640 Egressi
621 2573 798 2621 autem
830 2564 1122 2620 circuibant
1149 2579 1240 2635 per
1268 2561 1484 2618 castella
1506 2602 1523 2629 ,
1548 2575 1912 2632 euangelizan-

259 2686 265 2693 ~
312 2670 389 2714 tes
415 2668 465 2714 et
495 2670 738 2714 curantes
768 2658 977 2730 ubique.
1002 2657 1166 2725 Quod
1191 2642 1652 2729 evangeliiarent,
1671 2654 1757 2710 vel
1779 2647 1914 2725 quo-4

256 2790 261 2807 ς
310 2753 475 2809 modo
525 2759 781 2807 curarent
825 2750 1095 2821 apostoli,
1143 2748 1361 2806 Marcus
1409 2749 1631 2821 exponit
1675 2747 1909 2818 plenius,

290 2844 697 2917 praedicabant,
729 2843 936 2913 inquit,
965 2851 1023 2897 ut
1056 2842 1413 2914 paenitentiam
1442 2822 1662 2913 agerent
1685 2856 1703 2894 :
1731 2847 1779 2894 et
1809 2855 1911 2915 un-_

315 2910 508 3009 gebant
538 2935 649 2992 oleo
683 2910 880 2990 multos
917 2910 1140 3007 aegrotos
1177 2942 1225 2989 et
1252 2910 1532 2989 sanabant.
1563 2932 1705 2987 Dicit
1738 2938 1794 2987 et
1824 2910 1915 2985 Ia;

304 3035 489 3090 acubus
513 3051 525 3087 :
556 3031 874 3103 Inﬁrmatur
905 3033 1023 3104 quis
1049 3031 1104 3086 in
1134 3030 1304 3096 nobis,
1340 3029 1558 3084 inducat
1588 3026 1913 3099 presbyteros

280 3158 285 3171 ν
316 3123 603 3191 Ecclesia,
634 3134 859 3181 starent
890 3140 1049 3196 super
1068 3124 1239 3192 ipsum
1258 3162 1274 3187 ,
1298 3130 1546 3192 ungentes
1572 3135 1691 3174 eum
1718 3116 1831 3172 oleo
1860 3118 1917 3172 in

282 3252 285 3255 ι
317 3215 529 3269 nomine
567 3213 803 3281 Domini,
838 3228 887 3271 et
916 3214 962 3270 si
1008 3215 1063 3269 in
1105 3215 1334 3285 peccatis
1355 3214 1445 3278 sit,
1485 3212 1816 3266 dimittentur
1843 3210 1911 3264 ei.
1942 3249 1988 3313 Ο

319 3304 477 3361 Unde
512 3313 662 3375 patet
694 3307 763 3361 ab
790 3307 922 3376 ipsis
949 3306 1222 3377 Apostolis
1249 3320 1395 3362 nunc
1432 3312 1631 3360 sancta:
1655 3300 1917 3359 Ecclesiae

252 3436 259 3451 ι
317 3412 531 3455 morem
557 3414 678 3455 esse
699 3400 1085 3465 contraditum,
1108 3408 1170 3455 ut
1195 3398 1522 3456 Pontiﬁciali
1540 3396 1918 3454 benedictione

320 3500 644 3551 consecrato
665 3490 786 3549 oleo
811 3500 1185 3563 peruagantur
1202 3492 1413 3564 aegroti,
1440 3488 1801 3561 prwdicabant
1823 3480 1920 3541 au;

274 3626 281 3643 .
321 3590 428 3637 tem
458 3582 895 3651 utpaenitentiam
916 3592 1161 3655 agerent;
1184 3592 1242 3640 et
1264 3598 1464 3653 supra,
1487 3581 1628 3636 misit
1647 3577 1767 3635 illos
1785 3619 1802 3645 ,
1833 3578 1919 3633 in-

252 3718 259 3727 .
325 3675 447 3745 quit
470 3715 487 3741 ,
529 3675 885 3746 evangelisare
930 3675 1165 3746 Regnum
1210 3676 1443 3732 Domini.
1491 3675 1628 3743 Quia
1674 3672 1926 3730 videlicet

246 3828 259 3847 ε
325 3774 622 3835 utrumque
638 3762 797 3833 juxta
819 3762 1044 3820 Joannis
1072 3763 1329 3835 Baptista:
1353 3765 1441 3818 vel
1467 3761 1922 3837 ipsius..$alyato-

248 3910 257 3917 ,
326 3856 408 3913 ris
437 3854 744 3926 exemplum
784 3853 1195 3926 praedicabant:
1228 3849 1601 3909 Paenitentiam
1636 3850 1797 3921 agite,
1828 3865 1925 3919 ap-
1964 3912 1975 3917 _

326 3937 888 4027 propinquabit’enim
930 3945 1170 4023 Regnum
1221 3943 1471 4001 calorum
1513 3957 1532 3997 :
1572 3941 1726 4014 regni
1779 3939 1927 3999 enim

281 4040 597 4109 “malorum
631 4040 815 4112 ianuis
859 4039 1222 4110 propinquare
1267 4044 1350 4094 est
1392 4036 1459 4092 de
1501 4034 1589 4091 his
1634 4047 1926 4105 quemque,

246 4184 255 4195 ,
292 4174 299 4203 ;
330 4132 532 4203 quibus
555 4132 623 4187 ab
647 4148 712 4191 eo
736 4133 1060 4189 discesserat
1081 4130 1367 4202 poenitere,
1391 4136 1447 4184 et
1464 4143 1563 4199 per
1583 4141 1749 4196 opera
1765 4123 1931 4194 justi-

330 4225 431 4283 tiaa
454 4226 521 4282 ad
548 4227 716 4283 vitam
745 4224 1007 4283 festinare
1033 4232 1350 4296 perpetuam
1377 4229 1671 4295 praestante
1698 4219 1931 4275 Domino

333 4326 526 4383 nostra
553 4317 681 4377 Iesu
707 4317 949 4386 Christo,
961 4318 1055 4389 qui
1081 4333 1206 4373 cum
1221 4316 1383 4373 Patre
1405 4321 1463 4373 et
1487 4310 1694 4385 Spiritu
1715 4312 1854 4368 vivit
1875 4320 1934 4369 et

302 4420 535 4483 .regnat
564 4410 709 4469 Deus
730 4426 830 4483 per
850 4410 1035 4468 omnia
1064 4409 1261 4472 saecula
1286 4407 1630 4466 saeculorum.
1659 4406 1857 4463 Amen.

796 4550 797 4559 ι
864 4525 1148 4583 HOMILIA
1190 4522 1401 4581 LXVII.
1490 4548 1493 4557 ι

706 4650 709 4653 ,
728 4642 729 4649 η
1000 4614 1158 4657 FERIA
1193 4613 1267 4653 Vl.

492 4744 495 4749 ,
622 4732 629 4737 ι
700 4689 894 4765 Lectio
918 4697 1154 4746 actuum
1179 4687 1569 4765 apostolorum.
1610 4730 1613 4751 τ

352 4824 383 4845 .-
415 4784 487 4840 1η
508 4784 701 4843 diebus
718 4781 825 4839 illis
857 4782 1098 4855 aperiens
1124 4778 1316 4845 Petrus
1340 4797 1400 4836 os
1421 4796 1596 4848 suum,
1613 4778 1750 4835 dixit
1778 4794 1796 4833 :
1819 4774 1936 4832 Viri

1933 1886 1983 1946 Β
2010 1910 2361 1958 commovear,
2397 1899 2452 1946 et
2475 1897 2674 1946 caetera
2713 1905 2728 1941 :
2773 1883 2998 1939 Veniens
3018 1923 3034 1948 ,
3071 1878 3280 1950 inquit,
3316 1875 3373 1928 in
3401 1887 3464 1926 ea
3487 1882 3605 1939 qua:

2009 1996 2304 2053 transeunt,
2338 2002 2444 2039 non
2473 1979 2666 2038 abstuli
2696 1977 2906 2034 oculum
2936 1974 3001 2029 ab
3036 1974 3095 2028 eo
3144 1971 3234 2043 qui
3262 1981 3463 2037 semper
3490 1968 3606 2016 ma-

2008 2091 2114 2137 net.
2141 2079 2257 2135 Hoc
2283 2077 2604 2150 providens,
2633 2080 2694 2128 ut
2726 2073 2783 2127 in
2823 2084 2946 2125 eum
2973 2065 3109 2137 post
3132 2057 3447 2132 temporalia
3476 2058 3608 2150 per-

2009 2181 2131 2230 acta
2163 2146 2522 2234 recurrerem,
2553 2163 2824 2238 quomodo
2847 2161 2992 2215 favet
3013 2156 3147 2213 mihi
3172 2163 3233 2210 ut
3257 2150 3529 2209 stabiliter
3551 2146 3611 2202 in

2009 2283 2075 2323 eo
2087 2282 2238 2339 perm
2245 2278 2437 2320 aneam
2453 2280 2467 2329 ;
2487 2269 2542 2317 et
2556 2262 2661 2315 hoc
2676 2258 2821 2330 quod
2831 2262 3116 2326 peccatum
3136 2265 3244 2304 non
3257 2246 3384 2312 feci,
3400 2258 3502 2300 nec
3514 2242 3612 2297 do—

2010 2332 2107 2412 lus'
2129 2357 2381 2411 inventus
2409 2360 2495 2408 est
2524 2352 2579 2406 in
2616 2362 2713 2405 ore
2747 2360 3014 2413 meo,non
3042 2336 3371 2398 humanitati
3403 2334 3499 2390 sed
3528 2332 3612 2388 di-

1907 2464 1913 2470 '
2009 2447 2222 2503 vinitati
2266 2445 2576 2505 ascribam;
2614 2447 2837 2513 propter
2878 2439 2983 2493 hoc
3018 2442 3072 2491 et
3110 2432 3166 2488 in
3195 2425 3614 2501 cogitationibus

2012 2539 2148 2595 meis
2171 2536 2513 2608 iucunditas,
2547 2540 2603 2588 et
2636 2532 2691 2586 in
2712 2529 2893 2586 verbis
2922 2524 3211 2583 exsultatio
3231 2563 3245 2588 ,
3275 2520 3496 2592 propter
3525 2530 3615 2571 re-

2014 2632 2408 2689 surrectiOnem
2462 2625 2672 2682 scilicet
2719 2622 2845 2693 quia
2891 2634 2992 2691 per
3045 2631 3166 2673 eam
3222 2615 3483 2670 liberatus
3529 2614 3617 2664 est

2015 2723 2282 2789 mundus,
2314 2722 2537 2790 insuper
2559 2724 2615 2772 et
2648 2729 2778 2771 caro
2812 2726 2933 2767 mea
2981 2725 3090 2765 non
3119 2705 3337 2763 deﬁciet
3364 2704 3419 2758 in
3447 2703 3618 2756 inter—

2016 2815 2175 2880 itum,
2208 2812 2304 2868 sed
2332 2812 2387 2866 in
2424 2824 2518 2881 spe
2546 2803 2967 2862 resurrectionis
3002 2799 3332 2862 obdormiet,
3362 2790 3621 2865 quoniam

2018 2920 2196 2977 neque
2220 2904 2457 2959 animam
2482 2914 2660 2955 meam
2688 2897 2881 2953 inferis
2904 2888 3289 2967 possidendam
3316 2886 3491 2952 dabis,
3521 2897 3622 2937 ne-

2018 2972 2125 3069 que
2154 2994 2553 3052 sanctiﬁcatum
2591 3004 2790 3061 corpus
2829 3002 2928 3059 per
2967 2982 3113 3056 quod
3150 2988 3205 3037 et
3246 2978 3338 3034 alii
3379 2972 3626 3069 sanctifi-

2019 3064 2178 3146 candi
2217 3092 2346 3141 sunt
2382 3081 2658 3151 corrumpi
2697 3079 2956 3150 patieris;
2989 3076 3115 3147 quia
3141 3079 3302 3129 notas
3332 3067 3469 3124 mihi
3493 3064 3626 3119 feci-

2021 3180 2091 3237 sti
2125 3178 2271 3243 vias,
2299 3175 2497 3246 quibus
2522 3175 2634 3228 itur
2669 3171 2737 3226 ad
2763 3168 3126 3225 aeternitatem
3146 3204 3163 3230 ,
3190 3165 3249 3219 in
3282 3160 3480 3231 quibus
3502 3162 3629 3227 post

2021 3271 2303 3328 tristitiam
2333 3267 2626 3340 passionis,
2643 3261 2961 3333 adimpiebis‘
2988 3276 3077 3315 me
3111 3257 3300 3314 laetitia
3324 3268 3451 3311 cum
3473 3248 3629 3305 vultu

2022 3373 2135 3421 tuo.
2166 3362 2234 3418 Et
2263 3359 2578 3417 ascendenti
2620 3359 2674 3412 in
2712 3351 2867 3411 caelis
2919 3354 3075 3407 dabis
3124 3345 3511 3405 delectationes
3570 3343 3629 3399 in

2023 3456 2248 3513 dextera
2282 3463 2377 3508 tua
2407 3465 2577 3521 usque
2617 3449 2673 3505 in
2715 3448 2915 3513 ﬁnem;
2960 3444 3088 3516 quia
3128 3454 3306 3513 neque
3335 3437 3630 3495 derelictus

2023 3549 2082 3604 in
2110 3546 2346 3613 inferno,
2366 3543 2649 3601 descendit
2670 3541 2889 3613 quidem
2913 3537 3166 3594 Christus
3187 3534 3485 3591 secundum
3512 3530 3631 3585 ani-

2026 3656 2173 3696 mam
2199 3639 2267 3695 ad
2292 3636 2518 3702 inferos,
2548 3644 2610 3690 ut
2637 3633 2835 3704 quibus
2860 3627 3122 3702 oportuit,
3154 3623 3499 3687 subveniret;
3531 3620 3627 3676 sed

2026 3748 2136 3789 non
2174 3740 2260 3788 est
2301 3729 2595 3786 derelictus
2634 3727 2688 3781 in
2728 3725 2975 3789 inferno,
3020 3720 3113 3792 qui
3161 3716 3425 3775 citissimo
3454 3712 3633 3769 reditu

2027 3822 2712 3889 corpus-resurrecturum
2744 3815 2959 3885 petivit.
3011 3811 3196 3866 Tertia
3250 3806 3501 3863 videlicet
3546 3804 3635 3861 die

2028 3906 2331 3964 resurrexit
2364 3920 2396 3960 a
2434 3903 2666 3960 mortuis
2690 3912 2743 3958 et
2774 3902 3190 3975 quadragesima
3219 3905 3407 3972 postea
3435 3897 3521 3952 die
3546 3910 3635 3951 as-

2031 3999 2211 4055 cendit
2246 3997 2302 4052 in
2345 3996 2578 4063 coelum,
2610 4002 2667 4051 et
2701 3995 2857 4051 sedet
2894 3994 2962 4049 ad
3002 3994 3284 4050 dexteram
3324 3989 3421 4046 Dei
3463 3985 3636 4060 patris

2026 4087 2451 4161 ‘omnipotentis,
2483 4087 2608 4142 inde
2642 4095 2903 4143 venturus
2935 4082 3185 4155 judicare
3209 4082 3364 4138 vivos
3394 4088 3450 4137 et
3488 4093 3637 4135 mor-

2030 4188 2156 4237 tuos
2183 4187 2240 4236 et
2261 4176 2519 4236 saeculum
2549 4192 2646 4249 per
2673 4178 2868 4250 ignem.

2460 4278 2463 4283 ‘
2559 4287 2844 4350 HOMILIA
2877 4287 3112 4346 vam.

2616 4400 2750 4441 ITEM
2776 4399 2936 4439 FERIA
2956 4398 3033 4437 VI.

2194 4479 2383 4536 Lectio
2411 4476 2588 4535 sancti
2613 4474 2895 4547 Evangelii
2927 4471 3225 4530 secundum
3246 4468 3473 4526 Lucam.

1810 4648 1813 4651 .
1846 4648 1849 4653 _
1912 4678 1917 4685 δ
1956 4611 2026 4674 ι).
2108 4596 2181 4653 In
2206 4595 2301 4658 illo
2327 4604 2577 4666 tempore,
2603 4592 2807 4663 factum
2832 4598 2909 4645 est
2930 4589 2988 4643 in
3013 4604 3123 4642 una
3152 4583 3380 4650 dierum,
3402 4590 3451 4637 et
3480 4579 3640 4638 Iesus

2036 4685 2247 4745 sedebat
2277 4685 2491 4751 docens,
2519 4692 2569 4738 et
2596 4689 2747 4736 erant
2778 4676 3051 4762 Pharisaei
3068 4675 3321 4738 sedentes,
3351 4679 3458 4729 etc.

2110 4778 2217 4836 Ubi
2253 4777 2519 4833 Dominus
2558 4772 2755 4830 sedens
2785 4769 3068 4836 docuerit,
3101 4767 3318 4839 quando
3346 4763 3558 4822 Scribis
3581 4771 3641 4820 et

264 4920 271 4924 .
341 4876 627 4943 Israelitae,
657 4876 835 4932 audite
862 4874 1017 4931 verba
1040 4874 1201 4929 haec:
1226 4871 1418 4931 letum
1445 4868 1823 4939 Nazarenam,
1853 4867 1909 4923 vi

2037 4871 2331 4941 Pharisaeis
2358 4866 2776 4928 consedentibus
2812 4862 3173 4937 paralyticum
3201 4858 3432 4924 curavit,
3462 4857 3642 4914 Lucas

266 5014 297 5027 -.
334 4985 466 5027 .rnm
490 4967 839 5038 approbatum
861 4965 1033 5025 abeo
1067 4965 1121 5020 in
1148 4964 1313 5030 vobis,
1345 4963 1645 5030 virtutibus,
1678 4971 1729 5017 et
1752 4960 1934 5037 prodi-
1992 5018 1997 5023 _
2038 4963 2325 5023 breviandi
2344 4961 2529 5035 gratia
2549 4959 2848 5032 praeteriit,
2894 4957 2991 5013 sed
3016 4953 3304 5014 Matthmus
3336 4959 3394 5007 et
3425 4949 3641 5007 Marcus

304 5114 309 5121 .
345 5062 447 5133 giis
465 5103 479 5127 ,
513 5069 561 5114 et
585 5061 749 5132 signis
769 5102 784 5127 ,
802 5075 934 5131 quia,
954 5055 1076 5127 fecit
1100 5073 1194 5128 per
1216 5054 1543 5117 illumDeus
1571 5056 1625 5110 in
1646 5054 1817 5111 medio
1846 5069 1909 5108 ue

2042 5058 2136 5129 qui
2171 5061 2429 5121 narrant,
2467 5052 2827 5124 quaestionem
2859 5048 3041 5103 facere
3065 5045 3353 5110 videntur,
3384 5041 3640 5116 quoniam

254 5190 283 5221 .;
316 5132 619 5221 ..ειτλιδὶςιιι
643 5151 926 5221 immitis:
950 5151 1088 5206 hunc
1112 5148 1329 5220 deﬁnito
1348 5146 1566 5213 consilio
1587 5144 1939 5221 etprwscien-
2042 5149 2262 5220 quidem
2298 5145 2586 5202 Matthteus
2627 5143 2684 5198 in
2727 5141 2946 5198 civitate
3005 5152 3125 5203 sua,
3168 5135 3397 5216 Marcus
3442 5134 3500 5190 in
3544 5132 3646 5189 Ca-

258 5296 297 5303 -.
328 5243 585 5315 λίψ.ὒεὶ-
615 5243 907 5312 traditum,
942 5258 1037 5313 per
1081 5213 1280 5297 manus
1322 5241 1624 5312 iniquorum
1658 5213 1939 5312 “ll/ﬁgentes
2044 5213 2384 5314 pharnaum,
2421 5238 2525 5294 hoc
2552 5251 2679 5294 eum
2707 5233 2904 5291 fecisse
2931 5238 3183 5289 testatur.
3215 5213 3348 5297 Quae
3377 5225 3646 5283 difﬁcilius

2047 5334 2305 5397 solvetur,
2337 5330 2384 5387 si
2416 5330 2574 5402 juxta
2600 5327 2916 5385 Mattbaaum
2965 5324 3131 5380 etiam
3174 5320 3447 5377 Nazareth
3489 5316 3647 5377 intel-

378 5431 596 5505 ,.Quasi
620 5432 820 5495 doctus
858 5430 1117 5502 magister
1149 5430 1301 5500 prius
1328 5427 1639 5491 incredulos
1670 5425 1944 5482 commissi
2047 5421 2262 5494 iigenda
2286 5428 2371 5477 est
2398 5419 2542 5475 dicta
2571 5418 2763 5473 civitas
2791 5415 2996 5472 Christi
3019 5414 3089 5469 ad
3122 5411 3524 5493 distinctionem
3558 5408 3646 5463 vi-

288 5568 305 5579 ρ
358 5535 546 5585 matus
562 5525 913 5590 admonettut
921 5525 1070 5596 justo
1090 5524 1285 5581 timore
1304 5523 1641 5593 compunctis
1661 5518 1946 5576 consilium
2054 5492 2250 5569 delicet
2275 5510 2509 5580 regionis
2538 5506 2939 5564 Transmarinas
2965 5492 3417 5565 GerascenOrum,
3442 5498 3511 5555 de
3536 5513 3647 5567 qua

300 5664 305 5667 τ
354 5618 552 5680 salutis
588 5589 942 5689 postmodum
973 5616 1328 5688 opportunius
1370 5589 1676 5686 impendat,
1700 5622 1778 5683 _ut
1821 5611 1950 5681 quia
2055 5602 2482 5670 transfretando,
2510 5601 2654 5659 sicut
2690 5599 2974 5655 Matthaaus
3001 5596 3214 5662 scribit,
3242 5596 3467 5649 venerat
3505 5589 3651 5646 Gali-

358 5679 664 5769 scientibus
696 5706 870 5780 legem
909 5679 1379 5778 loquitur,,ipsum
1409 5679 1950 5772 Christumesse'qui
2058 5696 2215 5771 latam
2258 5714 2271 5755 ;
2308 5693 2395 5751 vel
2429 5701 2577 5748 certe
2600 5694 2718 5762 ipsa
2753 5692 3133 5763 Capbarnaum
3156 5729 3171 5755 ,
3214 5685 3404 5742 civitas
3439 5679 3647 5737 Christi

270 5854 271 5861 η
362 5818 398 5858 a
424 5800 704 5873 prophetis
720 5769 1460 5872 essetproinissusostendit,
1480 5812 1581 5853 nec
1603 5804 1782 5853 tamen
1807 5769 1955 5848 hunc
2044 5782 2147 5847 est
2180 5790 2353 5854 dicta,
2391 5801 2554 5873 quam
2598 5801 2708 5841 non
2746 5783 3050 5846 nascendo,
3080 5779 3175 5838 sed
3208 5773 3501 5834 virtutibus
3530 5769 3649 5829 illu'

348 5868 695 5953 auctoritate
722 5868 946 5952 suaD—ei
974 5892 1153 5957 illium.
1180 5890 1442 5955 nominat,
1497 5888 1592 5947 sed
1629 5887 1807 5943 virum
1830 5897 1956 5955 pro-
2063 5880 2287 5939 strando
2318 5868 2616 5948 suam'ipse
2640 5875 2862 5932 fecerat.
