3974 6364
461 407 569 463 275

1108 406 1164 458 Β.
1210 403 1462 459 BADANI
1499 401 1720 459 MAURI
1757 400 2076 458 ARCHIEP.
2118 398 2424 459 MOGUNT.
2461 399 2743 456 OPERUM
2784 400 2962 457 PARS
3002 401 3063 456 ll.
3606 399 3693 455 εἴθ

532 500 601 553 Et
756 504 860 556 atri
880 506 1142 568 parum“
1169 500 1221 550 in
1248 498 1376 550 lecto
1402 498 1659 551 hominem
1679 498 1768 567 qut
1796 504 1907 550 erat
1930 514 2025 566 pa-
2053 498 2103 559 Α
2128 495 2463 564 interiusque.
2480 508 2592 563 1am
2620 494 2863 551 salvatus
2886 500 3226 566 exsurgeret,
3246 493 3574 565 aliorumque
3597 509 3693 553 tne-

459 591 743 661 t-alyttou;
775 598 833 645 et
859 590 1157 661 quaerebant
1196 578 1315 643 eain
1353 590 1579 657 inferre,
1615 597 1664 643 et
1694 605 1886 658 ponere
1910 598 2030 643 ante

456 696 593 736 eum
628 678 854 738 Curatio
888 679 1173 750 paralytiei
1211 677 1400 746 hujus,
1441 678 1633 733 animae
1670 686 1795 747 post
1823 679 2029 733 diutur-

454 791 585 829 nam
621 774 887 830 illecebrae
918 774 1150 829 carnalis
1182 774 1431 829 inertiam
1457 773 1525 828 ad
1558 772 1830 828 Christum
1856 773 2031 843 suspi-

455 867 629 922 rantis
667 867 1019 924 salvationem
1058 867 1288 933 indicat;
1320 882 1439 935 quae
1464 867 1638 936 primo
1668 867 1905 921 omnium
1933 867 2033 921 mi-

455 957 646 1013 nistris
673 959 766 1028 qui
793 973 912 1013 eam
938 958 1238 1023 sublevem,
1262 967 1317 1012 et
1342 959 1558 1012 Christo
1578 958 1821 1021 atl'eraut,
1850 959 1903 1013 id
1923 966 2030 1021 est,

456 1047 616 1103 bonis
651 1050 1001 1114 doctoribus,
1056 1051 1147 1119 qui
1194 1066 1342 1119 spem
1386 1050 1720 1115 sanationis,
1768 1065 2031 1119 opemque

454 1137 862 1195 intercessionis
881 1148 1170 1211 suggerant
1188 1141 1406 1214 indiget.
1430 1140 1532 1205 Qui
1555 1143 1690 1195 bene
1712 1141 1892 1196 Marco
1915 1158 2036 1195 nar-

452 1238 610 1283 rante
636 1239 868 1298 quatuor
892 1230 1056 1286 fuisse
1092 1234 1434 1302 reperiuntur
1453 1274 1467 1299 ,
1509 1235 1622 1287 sive
1652 1234 1776 1302 quia
1803 1245 2033 1303 quatuor

451 1316 731 1389 Evangelii
767 1320 919 1375 libris
960 1322 1137 1377 omnis
1172 1324 1575 1392 praedicantium
1616 1326 1816 1391 virtus,
1858 1325 2032 1379 omnis

452 1424 633 1464 sermo
658 1409 927 1479 ﬁrmatur,
956 1428 1049 1468 seu
1078 1415 1205 1482 quia
1234 1426 1467 1483 quatuor
1492 1426 1614 1470 sunt
1644 1418 1891 1481 virtutes,
1919 1418 2033 1486 qui-

449 1502 553 1556 bus
580 1501 649 1556 ad
675 1505 1089 1572 promerendam
1122 1507 1435 1576 sospitatem
1462 1507 1657 1562 ﬁducia
1693 1510 1892 1564 mentis
1927 1510 2034 1563 eri—

449 1594 624 1663 gitur,
647 1594 715 1649 de
738 1597 933 1664 quibus
968 1597 1029 1654 in
1052 1606 1266 1653 aeterna:
1296 1600 1573 1669 sapientiae
1600 1601 1757 1656 laude
1792 1602 1987 1656 dicitur
2015 1622 2028 1657 :

449 1685 800 1743 sobrietatem
824 1689 968 1743 enim
998 1702 1051 1744 et
1081 1692 1401 1760 sapientiam
1430 1695 1587 1749 docet
1612 1704 1665 1749 et
1686 1694 1950 1762 justitiam
1974 1705 2031 1750 et

449 1777 707 1835 virtutem
729 1819 745 1845 ,
774 1781 971 1850 quibus
995 1784 1181 1839 utilius
1207 1786 1335 1839 nihil
1358 1794 1441 1840 est
1468 1787 1521 1839 in
1550 1787 1656 1840 vita
1690 1788 2027 1854 hominibus;

2131 590 2241 644 rito
2270 589 2390 644 aliis
2422 588 2734 643 laxarentur
2755 597 2954 644 errata.

2206 678 2271 731 Et
2298 689 2555 749 cceperunt
2582 680 2811 749 cogitare
2837 679 3020 734 scribat
3042 688 3089 733 et
3120 676 3421 741 Pltariswi,
3449 679 3692 738 dicentes:

2135 770 2264 835 Quis
2291 779 2363 824 est
2386 771 2470 823 hic
2498 771 2586 840 qui
2619 769 2848 841 loquitur
2871 768 3268 841 blasphemiae?
3293 770 3425 836 Quis
3452 782 3605 841 potest
3629 774 3694 826 di-

2133 861 2332 913 mittere
2362 873 2594 930 peccata,
2628 862 2726 915 nisi
2763 862 2903 917 solus
2935 862 3118 916 Deus?
3142 863 3347 917 Verum
3376 863 3556 917 dicunt
3579 866 3692 919 scri-

2134 953 2235 1016 bae,
2264 954 2387 1023 quia
2420 969 2577 1006 nemo
2606 954 2877 1008 dimittere
2911 963 3130 1022 peccata
3173 954 3283 1009 nisi
3316 956 3458 1009 Deus
3490 970 3599 1009 esse
3618 973 3693 1026 po-

2135 1052 2271 1108 test,
2305 1045 2392 1113 qui
2432 1059 2528 1113 per
2564 1060 2656 1097 eos
2686 1061 2898 1114 quoque
2930 1045 3151 1099 dimittit
3193 1045 3394 1115 quibus
3425 1045 3692 1099 dimittendi

2134 1138 2321 1192 tribuit
2356 1145 2699 1209 potestatem.
2740 1138 2806 1192 Et
2839 1139 2960 1193 idco
2996 1138 3253 1194 Christus
3288 1153 3417 1193 vere
3444 1137 3577 1192 Deus
3599 1151 3694 1191 esse

2131 1228 2421 1298 probatur,
2450 1230 2540 1299 qui
2583 1229 2852 1283 dimittere
2890 1238 3112 1300 peccata
3151 1231 3313 1299 quasi
3345 1231 3486 1284 Deus
3528 1238 3692 1299 potest.

2134 1318 2332 1373 Verum
2381 1319 2491 1373 Deo
2542 1320 2909 1374 testimonium
2964 1322 3235 1387 reddunt;
3289 1319 3383 1375 sed
3439 1328 3693 1390 personam

2133 1410 2332 1464 Christi
2374 1410 2616 1480 negando
2658 1408 2936 1464 falluntur.
2970 1411 3168 1465 Errant
3198 1412 3389 1481 itaque
3415 1410 3596 1473 Judmi,
3622 1410 3696 1480 qui

2134 1516 2253 1555 cum
2295 1500 2566 1556 Christum
2604 1510 2659 1555 et
2700 1500 2869 1556 Deum
2906 1518 3023 1557 esse
3048 1544 3061 1567 ,
3099 1512 3153 1557 et
3187 1512 3418 1572 peccata
3460 1502 3697 1557 dimittere

2130 1606 2286 1663 posse
2316 1592 2557 1648 credant.
2585 1591 2768 1647 Jesum
2802 1601 2978 1648 tamen
3008 1594 3289 1649 Christum
3322 1609 3445 1649 esse
3480 1610 3577 1648 non
3601 1609 3697 1649 cre-

2133 1686 2285 1740 dunt.
2321 1683 2425 1740 Sed
2458 1686 2626 1741 multo
2655 1687 2958 1741 dementius
2986 1697 3170 1742 errant
3206 1687 3434 1751 Ariani,
3472 1687 3557 1756 qui
3594 1702 3696 1742 cum

2131 1774 2313 1831 Jesum
2351 1786 2403 1831 et
2444 1775 2719 1832 Christum
2758 1794 2878 1833 esse
2904 1787 2958 1831 et
2994 1788 3215 1848 peccata
3256 1794 3420 1849 posse
3460 1779 3697 1834 dimittere

449 1882 586 1937 quas
622 1870 865 1925 nonnulli
892 1873 1064 1928 versis
1092 1875 1399 1930 nominibus
1424 1877 1759 1945 prudentiam
1780 1918 1795 1944 ,
1817 1878 2029 1934 fortitu-
2055 1867 2103 1928 Β
2130 1868 2406 1939 ξλέλυὲοὶίί
2431 1869 2608 1925 verbis
2636 1871 2829 1926 ἀυνίοῑί
2862 1887 3059 1941 ιιοξςθνθ
3089 1889 3196 1926 "0“
3227 1873 3496 1939 δυάείὶηῐι
3526 1872 3696 1926 nihilo-

446 1960 652 2027 dinem,
680 1965 1114 2033 temperantiam,
1142 1966 1473 2035 etjustitiam
1501 1970 1786 2039 appellant.

522 2049 589 2103 Et
630 2066 738 2105 non
773 2054 1086 2109 invenientes
1118 2072 1222 2125 qua
1255 2068 1403 2126 parte
1436 2058 1585 2113 illum
1626 2060 1874 2128 inferrent
1918 2079 2026 2130 pra:

444 2138 632 2204 turba,
656 2143 999 2199 ascenderunt
1033 2162 1191 2214 supra
1220 2156 1407 2200 tectum
1445 2166 1536 2217 per
1559 2150 1779 2220 tegulas.
1809 2152 2028 2207 Deside-

446 2238 569 2284 rant
590 2232 944 2302 paralyticum
972 2234 1192 2291 Christo
1219 2236 1443 2304 oﬂ‘erre,
1470 2241 1563 2294 sed
1602 2242 1755 2295 turba
1795 2242 2028 2312 interpo-

440 2322 547 2375 sita
567 2321 637 2377 ab
655 2323 799 2378 omni
820 2332 976 2393 parte
1002 2327 1369 2393 recluduntur,
1395 2331 1519 2399 quia
1546 2345 1687 2400 saepe
1709 2333 1883 2386 anima
1906 2342 2027 2403 post

443 2417 648 2473 inﬁrmi
682 2423 925 2490 corporis
960 2423 1219 2479 desidiam
1257 2427 1325 2480 ad
1356 2428 1522 2481 Demn
1553 2430 1906 2498 resipiscens,
1939 2445 2027 2484 su-

442 2523 734 2580 perumque
772 2512 959 2581 gratiae
996 2517 1234 2572 remedio
1270 2520 1494 2588 cupiens
1530 2520 1801 2583 innovari,
1836 2522 2027 2590 prisca:

438 2604 849 2658 consuetudinis
873 2606 1153 2662 olistaculo
1186 2610 1512 2676 netardatur,
1544 2625 1687 2680 same
1711 2611 1852 2665 inter
1879 2612 2025 2681 ipsas

439 2694 707 2749 orationis
753 2704 976 2752 secretae
1018 2698 1359 2767 dulcedines,
1399 2711 1454 2758 et
1494 2704 1648 2772 quasi
1692 2720 1857 2759 suave
1903 2721 2023 2759 cum

439 2782 675 2842 Domino
695 2787 1041 2858 colloquium,
1069 2792 1223 2847 turba
1250 2793 1634 2864 cogitationum
1660 2796 2025 2850 interveniens

443 2874 615 2930 aciem
656 2880 853 2933 mentis
892 2896 961 2936 ne
1001 2881 1250 2938 Christus
1302 2884 1548 2939 videatur
1589 2886 1915 2941 intercludit.
1960 2888 2025 2941 Et

436 2967 569 3034 quid
594 2966 739 3022 inter
764 2970 882 3025 hmo
910 2973 1196 3043 agendum,
1228 2989 1335 3031 non
1361 2976 1546 3045 utique
1571 2977 1626 3031 in
1654 2976 1852 3034 intimis
1870 2989 2023 3035 exte-

439 3058 554 3113 rius
581 3074 689 3130 qua
722 3064 891 3119 turba:
930 3066 1327 3122 tumultuantur
1362 3071 1778 3137 remanendum,
1816 3074 1910 3126 sed
1946 3080 2020 3126 te—

434 3156 587 3205 ctum
618 3152 845 3219 domus,
875 3155 928 3210 in
957 3171 1064 3225 qua
1098 3157 1349 3215 Christus
1383 3160 1558 3225 docet,
1599 3163 2019 3228 ascendentium,

436 3240 493 3294 id
536 3250 653 3307 est,
688 3260 860 3301 saera:
888 3246 1184 3317 Scriptura:
1226 3251 1531 3307 sublimitas
1572 3262 1659 3308 est
1698 3225 2019 3323 appetenda,
2051 3225 2099 3289 α

435 3326 633 3399 lexque
671 3331 883 3387 Domini
922 3350 1044 3388 eum
1084 3338 1370 3394 Psalmista
1416 3342 1506 3397 die
1540 3352 1810 3413 noctuque
1858 3346 2025 3399 medi-

434 3422 603 3475 tanda
644 3440 658 3475 :
704 3422 775 3478 In
802 3441 910 3497 quo
943 3429 1080 3480 enim
1119 3430 1331 3500 corrigit
1365 3433 1551 3501 junior
1582 3436 1718 3489 uiam
1750 3453 1930 3500 suam,
1968 3438 2024 3492 in

432 3517 799 3585 custodiendo,
821 3520 1019 3590 inquit,
1042 3539 1305 3581 santiones
1327 3536 1465 3581 tuos.

509 3609 580 3663 Et
626 3611 981 3670 ubmiserunt
1030 3616 1181 3670 illum
1217 3635 1337 3673 cum
1374 3619 1505 3675 lecto
1544 3623 1599 3676 in
1642 3624 1869 3679 medium
1902 3635 2021 3680 ante

434 3698 640 3756 Iesum.
683 3701 956 3760 Patefacto
995 3714 1138 3763 tecto
1172 3724 1317 3779 aeger
1350 3720 1474 3765 ante
1511 3710 1695 3767 Jesum
1733 3717 2022 3771 summitti-

438 3800 560 3855 tur,
587 3792 715 3860 quia
747 3797 1005 3850 reseratis
1036 3798 1437 3866 Scripturarum
1480 3807 1756 3870 mysteriis
1785 3808 1851 3855 ad
1884 3810 2023 3857 noti-

438 3886 570 3940 tiam
591 3885 791 3943 Christi
812 3890 1141 3958 pervenitur.
1168 3890 1279 3945 Hoc
1304 3902 1406 3955 est,
1433 3893 1500 3947 ad
1522 3893 1639 3963 ejus
1661 3894 2019 3951 humilitatem

438 3975 561 4030 lidei
590 3976 787 4044 pietate
824 3979 1200 4047 descenditur;
1230 3990 1283 4036 et
1308 3983 1445 4036 bene
1484 3984 1675 4038 domus
1697 3982 1829 4039 Jesu
1861 4002 2017 4056 regu-

436 4067 503 4123 lis
528 4076 776 4124 contecta
799 4072 1143 4139 describitur,
1172 4076 1297 4145 quia
1324 4076 1427 4130 sub
1458 4079 1850 4147 eontemptibili
1878 4079 2021 4135 litte-

440 4171 621 4210 rarum
653 4159 950 4225 velamine,
985 4163 1031 4217 si
1072 4165 1209 4219 adsit
1250 4166 1341 4233 qui
1374 4176 1577 4221 reseret
1605 4167 1814 4233 doctor,
1838 4170 2019 4224 divina

438 4247 693 4314 spiritalis
718 4252 902 4319 gratiae
929 4253 1098 4306 virtus
1130 4255 1462 4321 invenietur;
1502 4259 1643 4326 quod
1684 4269 1860 4313 autem
1899 4276 2020 4315 cum

438 4336 577 4392 lecto
615 4340 931 4408 deponitur,
970 4342 1237 4409 signiticat
1274 4346 1340 4397 ab
1376 4347 1593 4402 homine
1634 4349 1685 4402 in
1720 4349 1820 4404 ista
1861 4365 2023 4405 carne

440 4429 617 4482 adhuc
643 4431 936 4484 constituto
960 4431 1231 4487 Christum
1272 4436 1467 4500 debere
1497 4440 1768 4507 cognosci.

512 4517 746 4584 Quorum
785 4520 943 4587 [idem
974 4531 1028 4574 ut
1066 4523 1213 4589 vidit,
1239 4526 1369 4579 dixit
1402 4542 1418 4577 :
1454 4528 1650 4595 Homo,
1688 4532 2023 4588 remittuntur

2129 1962 2310 2016 minus
2337 1970 2514 2017 tamen
2545 1962 2712 2018 Deum
2743 1979 2941 2033 negare
2969 1980 3073 2019 non
3106 1964 3328 2019 timent.
3360 1964 3431 2018 At
3461 1966 3568 2034 ipse
3593 1979 3696 2032 per-

2130 2052 2266 2107 ﬁdos
2292 2052 2503 2107 salvare
2528 2042 2838 2109 desiderans
2861 2061 2915 2109 et
2944 2055 3285 2111 occultorum
3317 2057 3632 2127 cognitione,
3652 2063 3697 2109 et
3786 2080 3787 2083 η

2128 2143 2326 2197 virtute
2357 2158 2578 2213 Operum
2607 2144 2775 2199 Deum
2808 2162 2864 2200 se
2896 2162 3015 2200 esse
3052 2147 3395 2202 manifestat.

2198 2234 2531 2305 Respondeas
2564 2238 2709 2290 enim
2745 2238 2876 2292 dixit
2907 2238 2976 2292 ad
3006 2239 3123 2293 illos
3158 2254 3174 2290 :
3218 2239 3365 2305 Quid
3394 2222 3622 2310 cogitatis
3654 2238 3696 2292 in

2128 2326 2369 2381 cordibus
2398 2328 2616 2382 vestris?
2642 2328 2826 2384 Eidem
2858 2348 3089 2400 namque
3126 2333 3361 2387 Domino
3392 2318 3501 2388 Deo
3535 2331 3617 2400 qui
3638 2329 3697 2385 di-

2128 2418 2203 2473 cit
2238 2436 2250 2470 :
2283 2414 2396 2487 Ego
2422 2437 2560 2486 sum,
2585 2439 2676 2490 ego
2707 2439 2820 2477 sum
2843 2424 2949 2493 ipse
2974 2425 3062 2494 qui
3085 2424 3231 2479 deleo
3258 2426 3555 2495 iniquitates
3576 2434 3693 2488 tuas,

2129 2510 2560 2579 sapientissimus
2602 2514 2858 2567 adorator
2907 2515 2982 2568 ait
3030 2533 3043 2570 :
3099 2514 3177 2568 Tu
3221 2517 3363 2570 enim
3405 2515 3539 2569 solus
3580 2512 3693 2569 uasti

2129 2598 2286 2653 corda
2328 2602 2559 2654 omnium
2595 2601 2827 2670 ﬁliorum
2867 2600 3155 2660 hominum.
3210 2607 3417 2661 Eadem
3450 2622 3603 2675 ergo,
3631 2606 3696 2658 in-

2128 2693 2271 2762 quit,
2302 2694 2584 2761 majestate
2618 2705 2671 2749 et
2698 2697 2937 2765 potentia
2981 2706 3086 2767 qua
3118 2688 3695 2769 cogitationes'vestras

2128 2784 2617 2856 intueor,-possum
2653 2796 2705 2841 et
2738 2782 3044 2845 hominibus
3073 2790 3270 2853 delicta
3310 2793 3579 2846 dimittere
3606 2801 3691 2841 εει

2126 2880 2280 2934 vobis
2315 2880 2599 2950 intelligitc
2632 2880 2759 2950 quid
2784 2878 3115 2953 paralyticus
3145 2894 3531 2954 consequatur.

2202 2972 2341 3037 Quid
2381 2984 2451 3026 est
2492 2974 2703 3043 facilius
2729 2976 2900 3029 dicere
2931 2993 2948 3029 :
2978 2962 3333 3031 Dimittuntur
3364 2978 3457 3033 tibi
3486 2984 3691 3048 peccata,

2127 3083 2195 3118 an
2225 3065 2397 3119 dicere
2428 3084 2446 3120 :
2478 3067 2647 3137 Surge
2682 3079 2729 3121 et
2769 3066 3022 3122 unzbula?
3055 3060 3251 3124 Verum
3286 3071 3395 3125 sint
3430 3064 3692 3139 paralytico

2128 3165 2348 3225 peccata
2380 3158 2599 3211 dimissa
2633 3156 2776 3211 solus
2805 3168 3032 3213 noverat
3066 3159 3155 3229 qui
3194 3159 3529 3223 dimittebat,
3559 3168 3693 3225 surge

2129 3259 2309 3303 autem
2344 3259 2395 3303 et
2427 3250 2663 3315 ambula,
2695 3259 2805 3304 tam
2830 3250 2918 3305 ille
2946 3251 3037 3322 qui
3074 3253 3336 3320 surgebat
3362 3266 3519 3321 quam
3548 3244 3596 3302 ili
3617 3240 3691 3315 qui

2128 3350 2435 3411 Stlrgentem
2478 3340 2729 3396 videbant
2772 3343 3072 3411 approbare
3114 3352 3393 3413 poterant.
3436 3341 3518 3396 Fit
3559 3337 3693 3410 igitur

2127 3432 2345 3489 carnale
2373 3434 2585 3503 signum
2618 3442 2677 3489 ut
2704 3435 2961 3504 probetur
2992 3435 3260 3504 spiritale.

2200 3525 2263 3579 Ut
2299 3538 2472 3581 autent
2502 3526 2679 3581 sciatis
2708 3528 2830 3598 quia
2866 3520 3007 3597 ﬁlius
3035 3529 3263 3583 hominis
3290 3524 3585 3601 potestatem
3611 3514 3691 3575 lm-

2127 3620 2203 3673 bet
2234 3621 2286 3674 iu
2318 3630 2456 3674 terra
2502 3620 2764 3676 dimittere
2806 3634 3038 3691 peccata.
3088 3621 3145 3677 Si
3178 3633 3232 3677 et
3270 3620 3415 3677 Deus
3457 3628 3535 3673 est
3561 3618 3689 3687 juxta

2126 3722 2483 3767 memoratum
2526 3713 2676 3768 lsaizc
2718 3715 3084 3770 testimonium
3115 3714 3207 3783 qui
3236 3704 3379 3769 delet
3410 3710 3690 3781 iniquitates

2126 3812 2340 3852 nostras
2360 3840 2373 3862 ,
2402 3808 2455 3852 et
2490 3798 2631 3852 liiius
2663 3801 2897 3855 hominis
2926 3812 3251 3872 potestatem
3292 3796 3455 3859 habet
3484 3805 3533 3858 in
3571 3811 3687 3855 terra

2126 3888 2429 3943 dimittendi
2468 3900 2689 3960 peccata
2712 3933 2726 3958 ,
2761 3908 2888 3962 ergo
2918 3882 3059 3947 idem
3088 3896 3199 3964 ipse
3239 3904 3294 3951 et
3327 3888 3542 3957 Deus_et
3572 3890 3688 3945 ﬁlius

2127 3974 2360 4034 hominis
2384 3989 2495 4044 est,
2528 3992 2585 4036 ut
2615 3993 2671 4038 et
2701 3983 2861 4038 homo
2885 3982 3130 4041 Christus
3155 4004 3255 4057 per
3282 3986 3573 4043 divinitatis
3598 3994 3689 4037 sua:

2125 4071 2419 4139 potentiam
2459 4066 2733 4130 dimittere
2775 4086 3000 4144 peccata
3044 4088 3255 4148 posset,
3303 4090 3358 4135 et
3396 4080 3531 4135 idem
3569 4075 3688 4131 Deus

2126 4158 2373 4217 Christus
2417 4178 2514 4234 per
2542 4156 2894 4222 immanitatis
2933 4185 3043 4223 suae
3081 4167 3429 4240 fragilitatem
3457 4184 3551 4242 pro
3583 4181 3687 4237 pec-

2126 4246 2401 4308 catoribus
2428 4256 2586 4310 mori.

2196 4343 2279 4396 Ait
2307 4344 2599 4416 paralytico
2627 4364 2644 4401 :
2679 4346 2795 4403 Tibi
2818 4340 2956 4418 dico,
2986 4366 3160 4424 surge,
3185 4352 3308 4410 tolle
3332 4354 3514 4410 lectum
3540 4362 3682 4411 tuum,

2125 4450 2171 4492 et
2212 4439 2339 4519 vade
2376 4441 2432 4495 in
2478 4440 2690 4498 domum
2732 4456 2897 4500 luant.
2947 4442 3273 4518 Spiritaiiter
3312 4452 3378 4506 de
3417 4449 3551 4503 lecto
3591 4460 3684 4498 sur-

2126 4547 2253 4601 gere
2279 4544 2361 4586 est
2393 4535 2630 4589 animam
2656 4542 2715 4591 se
2744 4555 2772 4592 a
2803 4538 3115 4596 carnalibus
3143 4534 3429 4600 desideriis
3455 4541 3538 4595 ubi
3560 4552 3680 4608 δρέπει

438 4606 529 4663 tibi
556 4619 767 4679 peccata
794 4620 905 4664 tua.
938 4610 1222 4669 Hominem
1259 4614 1517 4673 Dominus
1545 4636 1573 4672 a
1604 4621 1825 4688 paraiisi
1863 4632 2020 4679 cu‘ra-
2045 4597 2097 4658 θ
2123 4623 2439 4691 quiescebat
2497 4624 2830 4681 abstrahere.
2894 4629 3113 4684 Lectum
3170 4648 3299 4687 vero
3359 4631 3539 4685 tollere
3593 4631 3677 4683 cal.

438 4710 612 4768 turus,
642 4702 816 4772 primo
842 4706 1191 4772 peccatorum
1220 4705 1434 4762 vinculo
1463 4710 1722 4771 dissolvit,
1760 4722 1815 4766 ut
1842 4718 2020 4770 osten-

437 4790 589 4848 deret
619 4810 740 4849 eum
784 4793 852 4849 ob
888 4810 1058 4849 nexus
1098 4796 1375 4866 culparum
1416 4807 1630 4855 acttmm
1670 4804 2019 4864 dissolutione

437 4886 714 4953 damnari,
749 4904 848 4943 nec
882 4884 985 4943 nisi
1026 4888 1110 4943 his
1154 4889 1410 4946 relaxatis
1454 4894 1817 4951 membrorum
1862 4912 2019 4969 posse

436 4981 842 5046 recuperatione
873 4982 1087 5047 sanari,
1117 4981 1195 5036 sic
1219 4990 1273 5036 et
1312 4981 1385 5037 illi
1413 4986 1710 5056 paralytico
1746 4990 1837 5057 (μί
1863 4990 2016 5059 juxta

438 5069 779 5125 Probaticam
809 5072 1070 5140 piscinam
1102 5071 1189 5127 diu
1220 5080 1426 5128 motum
1466 5084 1626 5146 atque
1657 5078 1737 5132 frti
1780 5093 1854 5135 'ra
1882 5098 2017 5152 prfe-

436 5162 764 5227 stolabatur,
810 5168 999 5217 sanato
1040 5181 1068 5218 a
1114 5164 1343 5222 Domino
1387 5168 1581 5225 dicitur
1628 5193 1637 5227 :
1685 5174 1821 5238 Ecce
1856 5195 2015 5231 sanus

435 5252 608 5323 [udus
634 5270 719 5319 es,
752 5254 866 5324 jam
908 5255 1015 5308 noli
1048 5272 1291 5326 peccare,
1326 5277 1388 5314 ne
1424 5262 1649 5319 deterius
1690 5267 1779 5320 tibi
1815 5268 2016 5340 aliquid

434 5347 721 5414 contingat.
754 5345 820 5398 Et
846 5347 980 5399 bene
1005 5347 1049 5400 is
1070 5349 1153 5401 cui
1178 5359 1396 5418 peccata
1427 5354 1831 5412 dimittebant!!!"
1856 5361 2016 5417 homo

432 5446 675 5503 vocatur,
706 5439 795 5510 qui
823 5438 927 5493 hoc
958 5440 1073 5507 ipso
1104 5444 1242 5510 quod
1271 5444 1430 5500 homo
1454 5455 1572 5501 erat
1600 5467 1703 5504 non
1730 5464 1910 5520 posset
1938 5454 2017 5507 di-

433 5545 579 5593 cere,
598 5530 712 5584 Non
735 5532 973 5601 peccavi.
1003 5530 1175 5587 Simul
1204 5536 1364 5590 etiam
1393 5547 1451 5592 ut
1480 5534 1569 5593 ille
1595 5542 1684 5609 qui
1711 5542 1912 5595 homini
1940 5544 2016 5599 di-

434 5620 680 5675 mittebat
707 5620 1094 5693 intelligeretur
1120 5624 1280 5682 Deus.
1307 5620 1627 5683 intuendum
1654 5648 1803 5695 sane,
1829 5635 2014 5701 quanti

433 5722 495 5781 ινδ
520 5711 650 5780 quia
689 5712 947 5784 cujusque
973 5714 1105 5771 iides
1138 5719 1279 5786 apud
1314 5720 1485 5773 Demn
1521 5721 1723 5787 valeat,
1754 5723 1843 5776 ubi
1882 5726 2015 5780 tanti

434 5816 454 5855 κ
474 5800 601 5857 .ςῖιιὶῐ
629 5802 822 5871 aliena,
849 5815 906 5860 ut
930 5810 1074 5863 totus
1100 5809 1259 5865 homo
1290 5821 1512 5882 repente.
1562 5811 1614 5867 id
1644 5821 1746 5881 est,
1775 5814 2014 5875 exterius

2121 4715 2292 4783 ipsam
2329 4731 2542 4784 quoque
2574 4735 2790 4773 carnem
2822 4734 2917 4791 per
2945 4724 3294 4779 continentia:
3345 4724 3491 4777 frena
3527 4732 3681 4773 corn»

2120 4812 2269 4876 ptam’
2316 4825 2410 4877 spe
2452 4806 2755 4865 ett-iestium
2806 4815 3151 4882 praemiorum
3182 4857 3194 4880 ,
3244 4815 3455 4871 deliciis
3495 4808 3678 4883 privare

2122 4898 2375 4965 terrenis,
2406 4900 2519 4970 ipse
2549 4912 2629 4955 est
2654 4903 2798 4957 enim
2829 4903 2998 4958 lectus
3022 4906 3112 4975 qui
3139 4922 3236 4975 per
3260 4904 3492 4974 singulas
3518 4906 3678 4954 noctes

2123 4988 2331 5042 lavatur
2360 5006 2389 5043 a
2423 4990 2609 5059 David,
2641 4991 2692 5045 id
2719 4999 2817 5056 est,
2851 5009 2948 5064 per
2969 4995 3391 5067 uniuscujusque
3415 5008 3558 5050 noxa:
3583 5002 3676 5041 ma-

2121 5080 2255 5135 culis
2290 5080 2451 5151 digno
2487 5084 2819 5152 plenitentiee
2860 5084 3080 5141 ﬂumine
3127 5089 3440 5160 castigatur.
3480 5080 3673 5139 Sublato

2120 5186 2300 5230 autem
2330 5178 2470 5232 lecto
2497 5178 2711 5233 domum
2740 5178 2818 5234 ire
2841 5180 2907 5235 ad
2927 5178 3238 5251 paradisum
3264 5183 3434 5238 redire
3457 5186 3550 5234 est.
3576 5174 3671 5242 ipse

2119 5282 2200 5326 est
2226 5273 2367 5326 enim
2401 5289 2529 5327 vera
2560 5268 2751 5330 domus
2781 5291 2900 5345 qua:
2942 5269 3215 5333 hominem
3246 5281 3417 5350 prima
3444 5266 3671 5341 suscepit:

2121 5381 2226 5418 non
2247 5366 2370 5435 jure
2401 5370 2600 5422 amissa
2630 5369 2722 5423 sed
2749 5371 2953 5438 fraude,
2982 5375 3305 5443 tandemque
3330 5366 3565 5429 restituta
3590 5375 3671 5435 Per

2121 5475 2241 5513 eum
2265 5461 2354 5528 qui
2387 5460 2727 5517 fraudulento
2758 5463 2901 5518 hosti
2926 5462 3059 5519 nihil
3086 5460 3287 5521 debuit.
3316 5460 3503 5527 Aliter,
3529 5468 3669 5514 53W3

2120 5550 2211 5618 qui
2246 5550 2535 5617 languebat
2574 5558 2771 5609 tectum
2804 5564 3042 5625 reportat
3076 5558 3293 5615 domum
3329 5579 3342 5616 :
3372 5573 3488 5613 cum
3514 5546 3664 5606 anima

2119 5649 2461 5711 peccatorum
2516 5646 2833 5701 remissione
2886 5654 3145 5718 accepta,
3194 5644 3261 5705 ad
3311 5650 3561 5705 interuam
3595 5633 3663 5693 sui

2118 5732 2414 5787 custodiam
2450 5749 2571 5789 cum
2602 5736 2717 5808 ipso
2742 5752 2968 5809 corpore
3001 5738 3206 5806 refert,
3238 5754 3302 5795 ne
3330 5745 3448 5811 post
3480 5726 3665 5788 veniam

2116 5822 2267 5899 quid,
2294 5827 2435 5883 unde
2470 5827 2662 5887 iterum
2682 5829 2828 5906 juste
2857 5828 3106 5902 feriatur,
3142 5830 3403 5893 admittat.
