3974 6364
256 462 369 514 -Ωῗῑ
1330 453 1635 511 llOMiLl/E
1680 453 1744 506 IN
1786 452 1824 505 E

1956 450 2037 505 iG.
2079 447 2166 503 ET
2207 443 2424 504 EPIST.
3416 446 3525 505 278

337 579 403 632 Ιιῖι
441 576 708 644 confestim
756 590 973 646 surgens
1017 571 1192 628 corain
1232 571 1369 637 illis,
1411 571 1526 626 tulit
1569 571 1755 624 lectum
1788 571 1840 623 in
1869 568 1923 628 Λ
1947 565 2062 631 sui,
2088 566 2230 636 quod
2268 565 2324 621 in
2363 565 2573 620 illorum
2601 567 2828 643 ingressi
2856 575 2980 618 sunt
3010 563 3282 622 civitatem
3309 571 3364 620 et
3389 579 3530 638 pm-

259 688 366 739 quo
401 668 614 739 jacebat
663 675 709 719 et
749 665 873 719 abiit
921 665 974 718 in
1013 664 1222 717 domum
1273 680 1451 728 suam,
1500 662 1842 732 magniﬁcans
1951 658 2144 712 dicatio
2190 658 2482 728 apostolica
2533 658 2762 738 att-illos
2803 673 2971 726 usque
3006 658 3314 732 pervenerit
3359 677 3370 712 :
3412 659 3526 714 sive

264 733 459 824 Deum,
491 765 544 812 et
569 767 782 811 caetera.
814 756 947 808 Mira
978 754 1170 809 divinm
1204 754 1457 824 potentia:
1492 754 1690 816 virtus,
1727 751 1841 815 ubi,
1947 749 2215 806 excutitur
2235 751 2408 822 pulvis
2429 760 2488 805 ut
2510 733 2643 806 nihil
2665 753 2730 805 ab
2757 752 2836 807 eis
2853 750 3118 820 accipiant
3144 766 3213 805 ne
3235 751 3301 805 ad
3327 752 3525 807 victum

262 849 412 905 nulla
448 849 704 918 temporis
731 846 1122 901 interveniente
1152 844 1383 910 merula,
1409 843 1559 913 iussa
1611 842 1846 897 Salvato—
1948 842 2168 910 quidem
2205 843 2612 909 necessarium,
2658 844 2750 912 qui
2795 825 3141 918 Evangeliqu
3187 843 3486 913 spreverint
3512 885 3525 907 ,

262 946 343 1000 ris
385 944 533 1001 salus
581 942 771 997 festina
813 942 1102 996 comitatur
1145 956 1158 993 :
1195 941 1388 994 merito
1431 940 1522 1008 qui
1564 939 1846 992 adfuerant
1949 933 2191 1003 discipuli
2217 952 2418 1004 quoque
2450 935 2776 1004 replebantur
2797 934 2994 1004 gaudio
3020 944 3067 988 et
3097 933 3299 1004 Spiritu
3323 946 3526 998 sancta.

265 1035 536 1091 damnatis
567 1033 912 1101 blasphemia:
946 1030 1141 1101 jaculis
1172 1031 1236 1084 ad
1280 1030 1487 1083 latulem
1527 1038 1691 1083 tanta:
1735 1045 1846 1082 ma—
1949 1027 2002 1082 in
2034 1027 2220 1084 Graeco
2253 1029 2414 1083 habet
2446 1030 2688 1099 discipuli
2727 1040 2898 1084 autem
2921 1071 2934 1094 ,
2965 1038 3022 1083 ut
3057 1029 3416 1099 intelligamus
3438 1029 3527 1083 Ju-

257 1127 476 1200 jestatis
502 1124 769 1192 stupentia
801 1123 961 1177 corda
991 1130 1329 1186 convertunt,
1357 1122 1447 1188 qui
1485 1127 1848 1189 cognoverunt
1950 1120 2081 1174 dteis
2109 1120 2266 1176 fidem
2298 1124 2744 1191 persequentibus
2765 1123 3054 1192 discipulos
3074 1138 3105 1177 e
3127 1123 3400 1177 contrario
3423 1123 3529 1192 spi-

263 1236 451 1274 veram
493 1218 587 1272 Dei
625 1216 948 1286 potentiam,
991 1215 1425 1284 glorificavertmt
1472 1214 1635 1266 Deum
1668 1214 1847 1266 Domi-
1951 1215 2322 1284 litati-gaudio
2355 1217 2586 1279 ditatos,
2614 1225 2664 1290 et
2699 1217 2889 1271 merito
2921 1219 3042 1286 quia
3067 1217 3243 1270 omnis
3266 1216 3358 1286 qui
3386 1224 3529 1270 recte

263 1306 679 1373 mun,videliect
712 1314 950 1359 nostrum
980 1303 1159 1358 Jesum
1178 1305 1473 1370 Christum,
1493 1305 1729 1372 quicum
1754 1304 1848 1357 Pa-
1950 1304 2118 1356 credit
2154 1304 2204 1357 in
2247 1305 2412 1357 Deum
2441 1313 2493 1358 et
2525 1306 2680 1359 btmis
2704 1305 2954 1374 operibus
2981 1306 3150 1374 ipsam
3181 1305 3340 1359 (idem
3365 1321 3532 1374 usque

267 1410 348 1454 u-c
378 1413 431 1453 ct
456 1400 658 1468 Spiritu
688 1408 876 1454 saneto
909 1415 1046 1451 unus
1076 1399 1215 1452 Deus
1258 1399 1621 1466 potentialiter
1661 1405 1849 1467 regnat.
1951 1394 2017 1445 ad
2045 1391 2205 1446 linem
2230 1396 2350 1448 vitm
2379 1411 2487 1448 suz'e
2516 1407 2702 1459 ornat,
2737 1396 2985 1465 gaudium
3019 1395 3252 1465 Spiritus
3276 1395 3446 1450 sancti
3479 1404 3533 1448 et

264 1504 318 1546 et
389 1491 653 1546 veraciter
706 1489 838 1544 vivit
885 1507 982 1560 per
1029 1490 1207 1543 omnia
1259 1490 1454 1544 saecula
1507 1489 1843 1544 saeculorum.
1949 1500 2134 1537 veram
2165 1486 2548 1541 beatittulinem
2573 1488 2624 1540 in
2653 1487 3103 1556 contemplatione
3131 1487 3224 1541 Dei
3251 1484 3527 1555 perdpict,

262 1581 459 1637 Amen.
1950 1591 1980 1629 e
2010 1576 2279 1631 contrario
2327 1593 2454 1631 vero
2486 1577 2575 1648 qui
2619 1578 2876 1632 increduli
2923 1586 3078 1632 erant
3113 1577 3224 1631 Deo
3261 1586 3315 1630 et
3357 1577 3534 1630 verbis

807 1667 1089 1729 I—lOMlLlA
1123 1657 1307 1727 LXIX.
1951 1668 2065 1737 ejus
2097 1673 2278 1739 pravis
2306 1673 2558 1742 Operibus
2583 1681 2904 1743 repugnant,
2931 1687 3144 1742 ptenam
3181 1673 3438 1742 gebennm
3479 1670 3531 1723 in

929 1783 1177 1821 summo.
1949 1760 2130 1818 futuro
2174 1765 2474 1834 percipient
2525 1784 2535 1817 :
2584 1766 2709 1834 quia
2754 1765 2808 1818 in
2854 1773 3096 1818 extremo
3135 1748 3337 1834 judicio
3383 1761 3536 1815 ibunt

629 1859 810 1914 Lectio
835 1845 1062 1913 Actuum
1093 1857 1476 1928 apostolorum.
1885 1913 1893 1928 ε
1948 1853 2099 1925 impii
2133 1856 2185 1909 in
2222 1857 2541 1928 supplicium
2576 1867 2866 1922 internum,
2893 1854 3029 1924 justi
3065 1865 3246 1909 autem
3282 1855 3337 1910 in
3367 1852 3532 1908 vitam

338 1951 404 2004 In
433 1951 613 2006 diebus
650 1951 754 2005 illis
789 1953 1021 2005 convenit
1050 1953 1289 2005 universa
1317 1952 1499 2006 civitas
1530 1953 1714 2007 audire
1738 1970 1850 2007 ver-
1873 1927 1924 1995 Β
1952 1947 2228 2003 attentam.

265 2039 386 2094 bum
418 2039 536 2106 Dei,
566 2051 672 2097 etc.
2452 2033 2803 2095 HOMILIA
2853 2035 3036 2092 LXX.

336 2114 796 2206 ln'superiorilms
825 2135 984 2207 hujus
1010 2138 1229 2208 capituli
1261 2140 1544 2195 sententiis
1571 2147 1846 2203 narratur,
2543 2148 2670 2185 ITEM
2702 2147 2954 2185 SABBATO-

265 2228 536 2295 quOmodo
573 2221 770 2282 Paulus
813 2215 1024 2283 indit-iis
1057 2230 1377 2300 prmdicaret
1411 2230 1683 2285 Christum
1713 2248 1834 2302 prte-

1805 2249 1850 2286 δ-
2102 2221 2289 2278 Lectio
2321 2222 2491 2278 sancti
2525 2221 2795 2292 Evangelii
2827 2223 3120 2276 secundum
3154 2221 3374 2276 Lucam.

264 2320 572 2374 nuntiatum
601 2336 719 2374 esse
747 2338 774 2374 a
807 2321 1115 2391 prophetis,
1151 2324 1217 2375 ad
1248 2319 1472 2377 salutem
1513 2324 1726 2394 generis
1753 2325 1833 2378 hu-

2023 2311 2086 2366 In
2118 2311 2207 2366 illo
2238 2324 2461 2374 tempore
2488 2329 2701 2380 surgens
2724 2309 2876 2365 Jesus
2901 2311 2961 2364 de
2987 2328 3273 2382 synagoga,
3304 2311 3533 2366 introivit

264 2414 412 2467 mani
469 2415 828 2478 mittendum,
879 2424 932 2468 et
975 2431 1073 2485 per
1123 2417 1424 2485 passionem
1473 2432 1624 2470 suam
1682 2431 1850 2487 genus
1949 2409 2005 2462 in
2037 2408 2247 2461 domum
2291 2406 2538 2459 Simonis.
2572 2404 2764 2460 Socrus
2802 2417 2974 2459 autem
3007 2401 3235 2460 Simonis
3267 2402 3534 2459 tenebatur

261 2504 562 2559 humanum
596 2504 769 2573 ipsum
807 2507 1205 2575 redempturum
1237 2505 1508 2560 affirmans
1541 2506 1666 2560 illud
1705 2509 1851 2560 testi-
1949 2501 2150 2570 magnis
2180 2499 2430 2570 febribus,
2463 2509 2566 2552 etc.

265 2595 464 2649 moniis
499 2597 855 2665 propheticis,
908 2598 1000 2652 sed
1041 2599 1165 2668 quia
1202 2596 1368 2653 Judaei
1415 2599 1530 2652 hage
1573 2600 1850 2654 audientes
2025 2593 2079 2647 Si
2107 2594 2276 2647 virum
2303 2611 2329 2645 τι
2354 2592 2627 2646 Ῐιπτιιιυιιιο
2651 2593 2957 2656 liberatum,
2989 2592 3265 2648 moraliter
3297 2593 3534 2650 animum

266 2685 426 2742 facile
461 2691 680 2742 credere
713 2689 1015 2753 noluerunt,
1047 2699 1369 2762 rogaverunt
1410 2689 1632 2746 Paulum
1676 2701 1734 2746 ut
1769 2708 1851 2746 se-
1952 2686 2018 2739 ab
2064 2685 2332 2739 immunda
2381 2685 2704 2752 cogitatione
2745 2694 3028 2754 purgatum
3063 2684 3366 2756 signiﬁcare
3407 2686 3538 2740 diei-

267 2780 457 2849 quenti
497 2780 719 2834 sabbato
749 2780 942 2835 iterum
974 2782 1039 2837 de
1068 2782 1253 2836 eadem
1287 2798 1345 2836 re
1375 2798 1678 2838 sermonem
1709 2780 1851 2837 face-
1952 2793 2072 2831 mus
2096 2818 2110 2842 ,
2153 2788 2546 2844 etmsequenter
2591 2773 2786 2830 femina
2831 2777 3069 2830 febribus
3120 2785 3298 2842 tenta,
3341 2778 3430 2832 sed
3471 2778 3538 2834 ad

270 2883 358 2927 ret
389 2873 452 2927 ad
480 2874 751 2943 populum.
1951 2867 2240 2939 imperium
2280 2869 2487 2922 Domini
2520 2878 2726 2934 curata,
2767 2885 2986 2922 carnem
3016 2871 3252 2924 ostendit
3279 2886 3305 2923 a
3339 2885 3532 2924 concu-

345 2963 572 3034 Cumque
596 2965 813 3018 diruisse
843 2974 972 3019 esset
1005 2983 1298 3037 synagoga,
1341 2966 1503 3020 sec-uti
1539 2977 1661 3022 sunt
1701 2969 1850 3022 multi
1951 2962 2228 3033 pisceutia‘:
2257 2978 2362 3016 suae
2393 2959 2603 3014 fervore
2627 2977 2724 3030 per
2750 2961 3094 3014 continentiae
3120 2971 3387 3031 praecepta
3420 2960 3542 3016 frte-

266 3055 576 3109 Judteorum
609 3067 654 3110 et
698 3058 974 3111 colentium
1007 3059 1344 3123 advenarum,
1381 3053 1608 3113 Paulum
1640 3073 1684 3116 et
1716 3063 1835 3116 Bar-

1974 3061 2170 3117 mtam;
2211 3053 2387 3105 omnis
2414 3051 2556 3106 enim
2599 3049 2904 3105 amaritudo
2935 3061 2990 3106 et
3023 3053 3099 3105 ira
3131 3061 3186 3106 et
3223 3052 3536 3121 indignatio,

267 3147 482 3211 nabam,
511 3151 599 3216 qui
629 3148 891 3218 tog-nentes
914 3151 1200 3203 suadebant
1230 3152 1301 3204 eis
1329 3161 1379 3204 ut
1403 3163 1762 3222 permanerent
1795 3155 1850 3207 in
1953 3153 2007 3199 et
2046 3145 2249 3198 clamor
2275 3153 2329 3197 et
2363 3143 2694 3210 blasphemia
2725 3143 2946 3210 spiritus
2973 3143 3229 3195 immundi
3262 3142 3410 3196 furor
3438 3152 3537 3196 est.

266 3239 439 3306 gratia
479 3238 595 3291 Dei.
639 3239 939 3295 Audierunt
975 3243 1116 3295 enim
1159 3243 1256 3311 ipsi
1291 3245 1669 3311 ρι-ιριίίςὶιιοί-ρε
1700 3249 1849 3300 verbi
1882 3293 1922 3311 Α
1950 3233 2384 3287 Ft’n'nicatiOHetn
2424 3247 2549 3286 vero
2583 3232 3003 3294 imtnumlitiam,
3040 3231 3315 3286 libidinem
3346 3247 3515 3286 concu

268 3331 363 3384 Dei
395 3331 538 3399 quod
568 3333 708 3386 Dens
738 3333 802 3387 dc
840 3333 1005 3402 stirpe
1041 3335 1206 3388 David
1233 3343 1518 3390 nmium."
1548 3352 1666 3391 esse
1697 3337 1850 3392 (uiri-
1878 3303 1923 3368 Ε
1953 3325 2269 3394 piscentiam
2313 3324 2506 3378 malam
2535 3331 2589 3376 et
2619 3321 2930 3382 avaritiam,
2965 3338 3083 3391 qua}
3107 3330 3188 3375 est
3220 3320 3533 3375 simulacro-

267 3431 411 3476 stum
445 3427 800 3493 promisisset.
843 3426 933 3482 Sic
971 3429 1111 3482 enim
1155 3427 1318 3484 Isaias
1355 3427 1485 3483 Novi
1523 3429 1848 3484 Tesiamcmi
1956 3436 2075 3472 rum
2105 3418 2358 3482 servitus,
2392 3415 2592 3471 febrem
2623 3415 2950 3470 illecebrosze
2975 3414 3155 3468 carnis
3178 3403 3432 3482 intelligo.

265 3506 527 3585 mysteria
559 3528 895 3589 prmgustans
926 3521 1000 3574 ait
1035 3540 1046 3573 :
1078 3519 1145 3574 Et
1177 3523 1489 3576 constituam
1521 3524 1658 3578 vobis
1691 3535 1834 3577 lesio-

2027 3511 2095 3564 Ε(
2127 3521 2429 3580 rogaverunt
2472 3507 2618 3562 illum
2649 3526 2741 3578 pro
2781 3525 2859 3561 ea.
2894 3501 2958 3560 Et
2994 3516 3138 3561 stans
3179 3525 3332 3577 super
3373 3499 3539 3574 illam,

265 3615 499 3660 mentum
542 3612 910 3680 sempiternum
948 3619 1129 3667 sam-ta
1170 3611 1334 3667 David
1373 3613 1579 3682 ﬁdelia,
1620 3617 1761 3684 quod
1798 3617 1853 3670 in
1954 3605 2220 3675 imperavit
2251 3603 2400 3670 febri,
2433 3613 2478 3656 et
2507 3601 2702 3654 dimisit
2733 3598 2896 3653 illam.
2929 3596 3083 3654 Modo
3112 3598 3358 3653 Salvator
3386 3614 3544 3669 roga-

268 3695 537 3752 Ilebraica
574 3700 800 3754 veritate
829 3703 900 3754 ita
928 3703 1147 3772 legitur,
1175 3715 1221 3758 et
1253 3705 1439 3773 feriam
1470 3706 1727 3760 vobiscum
1763 3726 1854 3776 ρα-
1955 3704 2060 3759 tus,
2094 3695 2250 3750 modo
2280 3695 2419 3748 ultro
2462 3702 2615 3748 curat
2639 3695 2899 3762 :‘egrotoS,
2944 3692 3231 3745 ostendens
3258 3705 3315 3744 se
3351 3697 3541 3744 contra

267 3799 410 3843 ctum
442 3791 831 3860 sempiternam.
869 3793 1261 3847 Misericordias
1290 3791 1458 3846 David
1489 3798 1702 3860 fideles,
1733 3798 1854 3848 inde
1954 3797 2302 3852 peccatorum
2350 3801 2562 3854 quoque
2611 3785 2890 3854 passiones
2938 3788 2991 3834 et
3037 3781 3286 3850 precibus
3331 3796 3544 3850 semper

268 3885 444 3937 secuti
471 3891 594 3937 sum
617 3885 769 3938 multi
792 3883 1097 3939 Judmomm
1118 3896 1170 3938 et
1192 3884 1478 3938 colentium
1502 3884 1852 3950 advenarum,
1956 3887 2195 3929 aiinuere
2225 3871 2456 3925 ﬁdelium
2477 3912 2490 3935 ,
2519 3879 2573 3924 et
2603 3885 2664 3925 ea
2694 3881 2811 3939 (pne
2844 3869 2942 3939 ipsi
2973 3870 3188 3923 minime
3217 3870 3268 3922 in
3298 3884 3355 3924 se
3390 3868 3546 3924 intel-

269 3978 416 4049 quod
465 3981 626 4032 etiam
674 3978 863 4033 melius
924 3979 1120 4050 legitur
1175 3979 1460 4033 colentium
1504 3977 1668 4032 Deum
1719 3979 1856 4033 sicut
1956 3966 2126 4037 ligunt
2166 3975 2221 4019 et
2257 3963 2602 4031 intelligenda
2644 3964 2768 4016 dare
2813 3961 2896 4016 vel
2924 3963 3086 4017 etiam
3127 3976 3230 4016 non
3273 3959 3544 4016 intellecta

266 4070 326 4124 in
357 4068 549 4124 amo
588 4071 855 4136 vidimus,
895 4069 1162 4140 signiﬁcat
1188 4079 1366 4125 autem
1409 4086 1500 4125 eos
1535 4071 1625 4140 (μί
1666 4079 1853 4125 natura
1958 4060 2260 4122 dimittere;
2282 4058 2435 4127 juxta
2459 4057 2599 4124 quod
2620 4054 2904 4110 Psalmista
2928 4054 3181 4124 postulat,
3213 4053 3403 4108 delicta
3430 4055 3546 4125 quis

268 4161 502 4230 gentiles
528 4169 702 4226 erant,
736 4161 830 4216 sed
861 4161 1116 4231 religione
1145 4159 1333 4227 Judaei,
1368 4175 1503 4229 quos
1530 4159 1699 4215 Grmci
1734 4175 1857 4230 pro-
1957 4150 2241 4219 intelligit?
2268 4149 2342 4201 Ab
2374 4147 2558 4201 ocultis
2597 4149 2721 4200 meis
2748 4148 2942 4200 munda
2966 4164 3068 4212 me,
3092 4143 3329 4200 Domine.

269 4253 476 4323 selytos
502 4260 830 4324 nuncupant,
860 4251 952 4307 sed
982 4254 1234 4321 quoniam
1261 4252 1362 4322 ipsi
1395 4252 1620 4322 apostoli
1661 4253 1857 4306 sentic—
2030 4245 2096 4297 lrfl
2127 4245 2370 4296 continuo
2398 4259 2631 4309 surgens,
2663 4241 2991 4294 ministrabat
3030 4239 3155 4294 illis.
3186 4240 3440 4296 Naturale
3465 4247 3550 4296 est

267 4345 404 4398 baut
439 4342 651 4398 Judzeos
693 4344 999 4398 incredulos
1037 4357 1154 4399 esse
1197 4352 1250 4399 et
1291 4345 1550 4409 rebelles,
1603 4358 1666 4399 eo
1716 4343 1857 4413 quod
1958 4333 2389 4392 febricitantibus
2420 4333 2708 4401 incipiente
2736 4332 2968 4386 sanitate
2991 4329 3282 4386 lascessere
3302 4338 3356 4385 et
3377 4347 3546 4402 aegro-

270 4437 531 4489 nolebant
569 4437 808 4505 recipere
839 4437 1062 4490 verbum
1104 4435 1216 4491 Dei,
1962 4425 2182 4482 talionis
2211 4424 2413 4479 sentire
2453 4423 2792 4487 molestiam,
2829 4431 3016 4475 Verum
3060 4420 3264 4475 sanitas
3293 4437 3414 4490 qua:
3451 4421 3551 4474 Do-

347 4527 492 4580 Tunc
536 4537 833 4582 constanter
877 4527 1079 4582 Paulus
1130 4538 1175 4584 et
1221 4528 1496 4583 Barnabas
1543 4529 1787 4583 dixerunt
1837 4543 1855 4581 :
1958 4519 2087 4574 mini
2117 4517 2392 4574 confertur
2422 4515 2667 4584 imperio,
2695 4511 2852 4568 simul
2881 4521 2989 4568 tota
3012 4513 3169 4576 redit,
3200 4509 3292 4567 sed
3314 4522 3368 4567 et
3399 4521 3546 4567 tanto

280 4616 440 4672 Vobis
471 4621 732 4690 oportebat
762 4620 984 4688 primum
1027 4619 1168 4690 loqui
1206 4621 1415 4674 verbum
1449 4618 1578 4684 Dei;
1605 4621 1694 4672 sed
1724 4637 1852 4690 (μισ-
1882 4661 1933 4690 ῃ
1960 4613 2154 4664 robore
2179 4606 2470 4661 comitante
2490 4647 2503 4668 ,
2534 4613 2592 4658 ut
2621 4604 2700 4658 eis
2737 4604 2990 4656 continuo
3013 4603 3102 4670 qui
3133 4617 3189 4656 se
3228 4601 3545 4669 adiuverant

268 4711 417 4765 niam
447 4710 690 4780 repellitis
718 4711 870 4774 illud,
902 4720 948 4764 et
979 4712 1218 4781 indignos
1248 4727 1331 4764 vos
1351 4708 1609 4779 judicans
1648 4720 1855 4764 ωιενηίυ
1885 4692 1933 4724 υ
1963 4703 2274 4758 ministrare
2297 4697 2540 4753 sufﬁciat.
2559 4693 2648 4758 Ut,
2673 4695 2824 4764 juxta
2855 4692 2995 4762 leges
3018 4692 3345 4781 tropologite,
3379 4709 3547 4747 mem-

266 4806 420 4868 υἱιω,
450 4779 567 4857 ecce
590 4806 935 4860 convertimur
972 4804 1040 4858 ad
1078 4779 1267 4873 gentes,
1317 4802 1408 4858 Sic
1445 4804 1579 4856 enim
1611 4804 1852 4872 ρναιερρξι
1962 4793 2057 4847 bra
2108 4808 2226 4860 qua:
2269 4789 2569 4843 servierant
2602 4783 2950 4838 immunditiaa
2993 4783 3056 4835 ad
3106 4779 3442 4850 iniquitatem
3492 4793 3549 4836 ut

268 4898 420 4951 nobis
451 4897 706 4952 Dominus
738 4913 754 4949 :
787 4896 948 4951 Posui
977 4907 1024 4950 te
1051 4897 1102 4950 in
1138 4895 1307 4948 ltuuen
1335 4895 1591 4964 gentibus,
1621 4905 1675 4947 ut
1703 4896 1772 4947 sis
1803 4895 1854 4946 in
1963 4885 2356 4940 fructiﬁcarent
2392 4880 2574 4944 morti,
2606 4878 2843 4934 serviant
2864 4876 3086 4943 iustitiae
3117 4877 3170 4931 in
3199 4879 3364 4932 vitam
3393 4884 3524 4932 aeter

268 4988 495 5043 salutem
526 5003 690 5060 usque
729 4989 797 5042 ad
827 4997 1111 5042 extremum
1155 4996 1326 5040 let't'tL’.
1367 4985 1645 5038 Audientes
1682 4997 1854 5038 autem
1964 4994 2108 5032 nam.

267 5093 446 5153 gentes
482 5081 846 5151 gloriﬁcabant
892 5081 1099 5133 verbum
1141 5077 1386 5140 Domini;
1433 5087 1477 5128 et
1524 5075 1856 5129 crediderunt
2035 5071 2166 5124 Cum
2195 5067 2270 5121 sol
2304 5077 2475 5120 autem
2507 5066 2813 5126 occidisset,
2845 5073 3018 5115 υηιηεδ
3055 5062 3143 5153 (lui
3177 5060 3433 5116 habebam
3466 5064 3546 5116 ίηη

265 5187 518 5248 quotquot
549 5187 696 5231 erant
722 5176 1062 5246 praeordinati
1093 5173 1160 5227 ad
1189 5175 1343 5226 vitam.
1375 5181 1641 5225 a'ternam.
1686 5170 1854 5224 Disse—
1965 5165 2145 5232 ﬁmws
2171 5161 2330 5214 υιινίίδ
2361 5157 2698 5226 languoribus
2723 5197 2737 5220 9
2770 5155 3036 5248 (ίυοοῖπλῐξί
3063 5149 3178 5205 mos
3218 5153 3286 5248 ίξά
3314 5169 3451 5208 εωη·
3480 5155 3547 5208 Αἵ

267 5244 573 5321 minabatur
609 5244 780 5321 autem
822 5267 1026 5322 verbum
1069 5264 1280 5319 Domini
1322 5277 1413 5333 per
1448 5265 1739 5318 universam
1780 5279 1855 5316 re-
1966 5256 2052 5309 ille
2080 5252 2298 5322 singulis
2330 5268 2513 5304 atauus
2543 5252 2828 5319 imponens,
2854 5244 3068 5299 caralmt
3096 5262 3200 5299 eos.
3233 5245 3371 5301 Solis
3391 5263 3551 5306 eccm

268 5360 496 5429 gionem.
533 5357 710 5411 Judaei
741 5367 913 5412 autem
942 5358 1322 5410 concitaverunt
1368 5356 1633 5425 religiosas
1674 5355 1857 5408 mulie—
1969 5351 2108 5424 bitus
2137 5344 2438 5419 passimenl
2482 5354 2814 5413 mortemque
2855 5337 3123 5411 signiﬁcat
3165 5336 3304 5398 illius
3348 5345 3436 5412 qui
3471 5345 3552 5400 dio

267 5469 355 5507 res
393 5462 438 5506 et
477 5453 718 5506 honestas
741 5493 754 5515 ,
819 5462 865 5505 et
908 5451 1100 5520 primos
1129 5449 1352 5503 civitatis
1371 5489 1384 5510 ,
1417 5455 1462 5500 el
1503 5448 1856 5501 excitaverunt
1967 5445 2047 5497 xit
2075 5463 2086 5497 :
2119 5442 2364 5506 Quandiu
2391 5437 2658 5492 inmundo
2685 5454 2797 5488 sum
2816 5477 2829 5499 ,
2862 5431 2954 5488 lux
2976 5453 3089 5488 sum
3119 5435 3321 5503 mundi,
3346 5446 3401 5490 et
3424 5435 3547 5492 Sole

269 5546 678 5619 persecutionem
709 5544 763 5596 in
793 5542 1021 5596 Paulum
1056 5550 1102 5594 et
1143 5538 1475 5602 Baruabam,
1519 5547 1565 5592 et
1595 5538 1857 5605 ejecerunt
1967 5531 2242 5591 occidente
2298 5533 2480 5602 plures
2527 5523 2842 5582 (iteinouiaci
2904 5542 3062 5594 quam
3119 5535 3243 5580 ante
3289 5534 3554 5581 sanantur

269 5618 359 5694 eos
387 5639 452 5692 de
479 5639 671 5706 ﬁnibus
698 5637 824 5689 suis.
860 5638 922 5688 At
955 5633 1063 5697 illi,
1097 5647 1314 5686 measso
1351 5629 1555 5700 pulvere
1581 5628 1769 5699 pedum
1809 5629 1861 5680 in
1967 5628 2175 5698 mgroti.
2203 5626 2334 5691 Quia
2362 5623 2452 5690 qui
2482 5618 2846 5688 temporaliter
2868 5619 2920 5672 in
2948 5633 3110 5674 carne
3135 5619 3321 5672 vivens
3348 5633 3550 5688 paucos

271 5750 362 5788 eos
382 5773 395 5797 ,
435 5738 679 5786 venerunt
721 5729 978 5782 Iconium.
1021 5724 1272 5795 Discipuli
1299 5739 1502 5795 quoque
1535 5723 1862 5791 replebantur
1964 5717 2268 5773 Judaeorum
2303 5713 2504 5775 docuit,
2532 5712 2739 5764 calcato
2766 5725 2930 5781 regno
2962 5710 3150 5764 mortis
3180 5709 3428 5763 onmibus
3453 5725 3548 5780 per

273 5825 469 5897 gaudio
497 5831 542 5876 et
571 5822 772 5892 Spiritu
799 5830 997 5874 sancto.
1030 5819 1210 5872 Pulvis
1234 5817 1386 5886 juxta
1419 5815 1690 5884 Evangelii
1724 5829 1859 5882 pra:-
1965 5809 2148 5861 orbem
2181 5806 2430 5875 gentibus
2455 5803 2575 5856 fidei
2604 5801 2899 5872 salutisque
2928 5803 3064 5855 dona
3097 5798 3549 5897 tl'ansniisitLCq-

268 5884 491 5988 ceptum
523 5884 792 5970 excutitur
818 5914 882 5968 de
909 5909 1136 5984 pedibus
1175 5910 1229 5965 in
1262 5906 1630 5963 testimonium
1664 5904 1862 5960 laboris
1958 5899 2046 5969 ius
2087 5895 2349 5951 ministris
2382 5892 2533 5963 quasi
2572 5892 2695 5946 vitae
2737 5891 2980 5961 lucisque
3031 5889 3363 5960 praeconibus
3400 5884 3551 5943 Psal-
