3974 6364
221 407 332 492 est

1312 401 2456 479 nonIme'EVANGJ'E'r‘EPIsr.“
2597 411 2604 418 ·
2658 397 2694 432 ειο

3394 409 3500 468 282

223 553 408 627 gestat
429 533 696 614 interius,
740 529 992 619 crystallo
1033 537 1248 617 quoque
1288 531 1444 612 quod
1471 542 1536 595 de
1580 552 1719 608 aqua
1758 536 1811 590 in
1839 525 1892 600 Α
1915 531 2060 627 enim
2088 527 2778 627 geminatus-duodenarum
2801 539 3060 627 numerus
3084 525 3371 627 signiﬁcat,
3400 534 3503 627 sta.

226 639 459 721 glaciem
491 652 547 699 et
571 641 1126 720 lapidempretiosum
1155 637 1386 694 ellicitur
1408 631 1663 706 baptismi
1687 647 1812 702 gra-

231 739 308 793 tia
338 729 624 816 ﬁguratur.
723 723 726 726 Α

306 825 375 880 Et
399 827 454 880 in
481 825 650 882 medio
675 824 833 891 sedis,
855 825 981 879 etin
1007 823 1229 878 circuitu
1257 821 1417 886 sedis,
1441 827 1669 891 quatuor
1694 818 1813 871 ani-

225 917 396 975 malia
425 917 579 990 plena
605 920 772 973 oculis
796 933 923 992 ante
961 926 1007 972 et
1037 925 1193 970 retro.
1228 913 1461 969 Cunctas
1492 909 1671 966 throni
1695 909 1811 976 Dei,

224 1013 285 1068 id
315 1020 417 1078 est,
449 1010 724 1077 Ecclesiae,
751 1019 932 1081 partes
962 1009 1144 1064 lumen
1175 1005 1452 1078 Evangelii
1479 1004 1544 1060 de
1572 1002 1816 1082 praeterii

226 1111 411 1157 torum
435 1101 845 1171 futurorumque
870 1101 1095 1156 scientia
1124 1098 1314 1170 replet.
1821 1167 1823 1170 η

300 1194 373 1249 Et
393 1195 598 1249 animal
619 1196 846 1265 primum
869 1189 1052 1265 Isimile
1087 1191 1244 1257 leoni,
1272 1197 1376 1247 etc.
1408 1190 1534 1245 Haec
1563 1187 1814 1244 animalia

223 1283 523 1342 multi'farie
551 1287 992 1358 interpretantur.
1026 1285 1226 1342 Beatus
1249 1293 1428 1358 autem
1458 1275 1812 1355 Augustinus,

216 1378 380 1448 juxta
407 1379 651 1434 ordinem
681 1379 806 1435 libri
829 1379 1004 1448 istius,
1059 1379 1367 1434 Matthaeum
1403 1377 1457 1432 in
1504 1377 1659 1432 leone
1686 1376 1816 1430 dicit

223 1469 479 1546 intelligi,
519 1474 611 1542 qui
649 1474 810 1544 regia;
843 1473 1122 1545 dignitatis
1163 1473 1218 1527 in
1263 1471 1480 1528 Christo
1507 1459 1812 1542 prosapiam

223 1573 437 1632 narrat,
481 1567 608 1637 quia
650 1567 777 1622 vicit
824 1565 910 1622 leo
939 1567 1005 1636 de
1055 1567 1197 1622 tribu
1227 1563 1382 1620 Juda.
1421 1563 1642 1619 Catulus
1668 1562 1813 1618 enim

223 1659 401 1713 leonis
430 1657 565 1713 Juda
593 1679 604 1712 :
631 1667 685 1714 et
712 1659 768 1714 in
792 1675 900 1730 quo
925 1667 986 1714 ut
1011 1675 1107 1714 rex
1131 1675 1162 1713 a
1199 1673 1327 1728 rege
1357 1657 1600 1723 timetur,
1628 1671 1660 1710 a
1705 1654 1841 1710 Ma-.

224 1752 311 1823 gis
341 1741 644 1806 adoretur:
683 1753 774 1807 ubi
823 1751 985 1807 etiam
1031 1767 1129 1806 rex
1163 1766 1286 1806 cum
1332 1750 1505 1806 servis
1547 1749 1814 1804 rationem

223 1846 384 1916 ponit
414 1864 427 1900 :
459 1861 556 1902 rex
581 1847 798 1918 nuptias
826 1846 937 1902 lilio
977 1844 1130 1912 facit,
1160 1855 1213 1899 et
1240 1847 1308 1899 ad
1334 1843 1586 1899 ultimum
1611 1857 1702 1899 rex
1731 1857 1814 1897 se-

223 1948 418 2012 gregat
455 1955 585 1996 oves
607 1939 675 1995 ab
700 1937 889 1994 htedis.
920 1937 1124 1992 Lucam
1173 1936 1228 1990 in
1261 1935 1456 2001 vitulo,
1485 1935 1612 2006 quia
1638 1934 1814 1989 hostia

224 2045 428 2100 magna
457 2029 561 2085 fuit
605 2029 660 2084 in
689 2029 805 2102 lege
834 2043 849 2083 :
873 2027 990 2098 ejus
1017 2027 1164 2084 enim
1204 2042 1314 2082 non
1346 2027 1520 2082 solum
1550 2026 1814 2098 principia

222 2121 373 2178 circa
401 2121 660 2192 templum
689 2129 746 2176 et
790 2120 1056 2176 sacriﬁcia
1099 2120 1457 2186 diversantur,
1515 2117 1609 2174 sed
1645 2127 1698 2174 et
1740 2119 1814 2172 ila

221 2212 569 2269 concluditur
596 2233 608 2268 :
643 2212 716 2268 Et
753 2221 903 2267 erant
929 2229 1130 2283 semper
1156 2214 1213 2266 in
1249 2210 1438 2282 templo
1461 2209 1736 2266 laudantes
1767 2221 1814 2265 et

225 2305 585 2360 benedicentes
639 2305 829 2360 Deum.
877 2303 1068 2360 Facies
1117 2319 1250 2360 vero
1287 2303 1522 2360 hominis
1572 2302 1832 2359 Marcum

223 2397 517 2468 signiﬁcat,
566 2397 659 2467 qui
683 2397 821 2452 nihil
846 2397 912 2452 de
940 2396 1106 2468 regali
1149 2409 1204 2452 et
1231 2397 1553 2452 sacerdotali
1598 2396 1814 2453 Domini

221 2492 468 2559 potentia
496 2490 729 2557 locutus,
762 2498 972 2545 tantum
1016 2488 1251 2546 heminis
1281 2490 1483 2546 Christi
1509 2498 1660 2562 gesta
1687 2490 1816 2545 sim-

221 2579 442 2653 pliciter
461 2576 672 2637 narrat.
703 2581 896 2653 Aquila
941 2589 1123 2636 autem
1153 2581 1390 2638 Joannes
1437 2588 1544 2648 est,
1582 2582 1675 2653 qui
1722 2597 1816 2637 na-

224 2674 496 2730 tivitatem
519 2675 683 2732 Verbi
714 2674 861 2731 velut
884 2683 1064 2730 ortum
1095 2676 1224 2730 solis
1251 2675 1638 2746 perspicaciter
1661 2690 1818 2746 aspe-

221 2774 342 2821 ctat
384 2786 398 2821 :
441 2767 693 2822 animalia
721 2769 835 2823 haec
871 2783 1015 2823 nunc
1042 2767 1437 2840 Evangelistas,
1469 2784 1615 2824 nunc
1647 2777 1816 2823 totam

222 2860 537 2929 signiﬁcant
575 2861 894 2927 Ecclesiam,
918 2860 1071 2930 cujus
1100 2862 1358 2918 fortitudo
1383 2863 1438 2916 in
1464 2861 1641 2929 leone,
1663 2862 1816 2918 victi-

223 2951 402 3005 matio
433 2951 486 3005 in
513 2950 700 3018 vitulo,
742 2952 1022 3007 humilitas
1070 2952 1125 3007 in
1161 2953 1403 3018 homine,
1436 2952 1739 3008 sublimitas
1760 2953 1816 3006 in

222 3043 412 3112 aquila
430 3045 646 3100 volante
673 3054 1027 3101 monstratur.

299 3131 520 3204 Singula
541 3151 722 3190 eorum
745 3135 1001 3191 habebant
1026 3135 1140 3192 alas
1162 3149 1335 3202 senas,
1353 3135 1686 3207 perfectione
1706 3153 1817 3193 sum

224 3228 487 3283 doctrinae
550 3229 849 3286 Ecclesiam
903 3231 969 3285 ad
1015 3229 1123 3285 alta
1175 3229 1457 3286 Sublevant
1507 3249 1519 3285 :
1571 3232 1817 3287 senarius

225 3323 375 3376 enim
400 3337 662 3379 numerus
689 3325 813 3379 ideo
857 3323 1132 3396 perfectus
1168 3324 1387 3391 dicitur,
1414 3323 1816 3396 quia'primitus

225 3412 341 3467 suis
369 3415 616 3482 partibus
640 3414 916 3486 impletur.
945 3415 1124 3471 Unum
1154 3416 1352 3486 quippe
1382 3417 1527 3486 quod
1555 3427 1640 3472 est
1665 3425 1817 3472 sexta

226 3505 431 3560 senarii
459 3519 608 3576 pars,
631 3514 687 3561 et
707 3507 829 3572 duo,
855 3507 1000 3578 quod
1017 3515 1102 3562 est
1133 3507 1313 3574 tertia,
1341 3518 1395 3562 et
1420 3508 1544 3574 tria,
1571 3507 1715 3578 quod
1735 3516 1820 3563 est

227 3601 513 3656 dimidium
533 3603 781 3658 eumdem
809 3602 1080 3658 senarium
1103 3603 1328 3660 faciunt.
1343 3603 1514 3663 Aliter
1539 3604 1658 3660 aliae
1678 3619 1820 3661 senae

227 3703 466 3765 quatuor
487 3694 822 3760 animalium,
854 3709 974 3764 quae
1008 3704 1134 3751 sunt
1161 3697 1350 3767 viginti
1373 3706 1428 3751 et
1452 3708 1705 3767 quatuor,
1737 3703 1822 3753 to-

228 3787 398 3843 tidem
448 3789 651 3844 veteris
680 3788 1027 3843 instrumenti
1054 3787 1224 3844 libros
1278 3788 1576 3854 inSiuuant,
1627 3773 1822 3858 quibus

228 3881 703 3952 Evangelistarum
725 3891 780 3937 et
797 3879 1019 3935 fulcitur
1044 3879 1338 3936 auctoritas
1373 3886 1430 3936 et
1445 3879 1653 3936 veritas
1676 3894 1823 3935 com-

228 3974 515 4044 probatur.

271 4065 376 4120 Ἐκ
416 4066 472 4118 in
500 4065 723 4120 circuitu
772 4073 821 4119 et
865 4066 1007 4119 intus
1059 4064 1215 4136 plena
1241 4075 1361 4120 sunt
1389 4065 1572 4120 oculis.
1623 4065 1823 4122 Sancta

227 4158 480 4214 Ecclesia
509 4165 565 4213 et
596 4173 781 4214 coram
813 4158 926 4213 Deo
957 4166 1012 4213 et
1038 4174 1219 4214 coram
1244 4159 1556 4214 hominibus
1595 4173 1654 4214 se
1685 4159 1822 4230 vigi-

229 4253 418 4306 lanter
465 4251 691 4306 attendit
725 4273 737 4305 :
769 4250 925 4321 cujus
968 4242 1264 4307 interiores
1305 4251 1491 4307 oculos
1541 4259 1828 4321 aspexerat

232 4344 544 4409 Psalmista,
569 4359 690 4398 cum
713 4343 875 4409 dicit,
887 4342 1071 4397 Omnis
1086 4342 1254 4414 gloria
1269 4343 1383 4413 ejus
1402 4343 1530 4412 ﬁlice
1557 4355 1733 4414 regum
1761 4341 1824 4396 ab

229 4436 402 4498 intus,
431 4435 731 4490 exteriores
761 4429 1064 4499 vero,cum
1105 4434 1362 4489 continuo
1383 4433 1586 4500 subdit,
1619 4435 1676 4488 in
1700 4435 1824 4503 ﬁm-

233 4528 364 4581 briis
393 4528 565 4582 aureis
590 4520 987 4582 'circumamicta
1025 4528 1294 4583 varietate.
1323 4528 1513 4593 Aliter,
1539 4528 1651 4583 sive
1677 4527 1826 4582 litte-

1914 622 2012 677 tim
2053 621 2252 677 cadens
2287 620 2361 689 in,
2394 619 2588 675 faciem
2633 619 2824 675 adorat
2866 618 3137 674 viventem
3195 619 3250 673 in
3309 617 3504 675 sazcula

1915 713 2252 777 saeculorum.

1984 803 2054 859 Et
2080 803 2349 859 mittebant
2383 819 2602 858 coronas
2648 819 2772 857 suas
2804 809 2925 858 ante
2965 802 3231 858 thronum.
3279 803 3393 858 Deo
3417 800 3502 857 vi-

1914 893 2108 950 delicet
2142 893 2481 972 assignantes
2527 892 2790 964 quidquid
2832 883 3075 960 virtutis,
3114 892 3374 964 quidquid
3400 893 3501 947 ha-

1913 985 2114 1041 bebant
2149 985 2446 1057 dignitatis,
2475 985 2673 1056 quippe
2698 985 2792 1055 qui
2818 1000 2884 1040 ex
2914 981 3086 1044 nihilo
3113 992 3306 1040 cuncta
3345 999 3496 1040 crea-

1912 1087 2068 1133 verat
2091 1085 2145 1134 et
2171 1077 2476 1134 deminutor
2507 1085 2590 1132 est
2624 1077 2864 1131 omnium
2911 1092 3116 1143 rerum,
3159 1077 3253 1149 qui
3280 1076 3413 1131 vivit
3456 1087 3510 1132 ct

1915 1179 2108 1244 regnat
2130 1171 2185 1227 in
2214 1173 2442 1238 unitate,
2473 1171 2739 1228 Trinitate
2755 1171 2996 1242 perfecta
3033 1171 3176 1228 Deus
3205 1186 3304 1243 per
3329 1169 3508 1226 omnia

1915 1264 2114 1320 saecula
2147 1264 2493 1322 saeculorum.

1942 1377 1946 1384 ~
2202 1367 2204 1370 '
2270 1359 2272 1362 ’
2448 1353 2732 1411 HOMILIA
2768 1354 2978 1410 LXXII.

2468 1462 2522 1503 ΙΝ
2548 1463 2724 1503 EODEM
2752 1460 2938 1502 FESTO.

1953 1600 1956 1602 ,
2045 1539 2232 1596 Lectio
2261 1539 2434 1596 sancti
2460 1538 2735 1612 Evangelii
2760 1536 3060 1596 secundum
3087 1536 3370 1595 Joannem.

1984 1649 2056 1708 In
2079 1652 2171 1707 illo
2195 1662 2421 1724 tempore
2447 1662 2557 1709 erat
2588 1655 2741 1708 homo
2762 1669 2827 1708 ea:
2858 1652 3168 1718 Pharisteis,
3191 1652 3510 1707 Nicodemus

1916 1747 2139 1811 nomine,
2176 1747 2413 1819 princeps
2437 1745 2768 1803 Judteorum.
2817 1747 2922 1802 Hic
2951 1749 3085 1804 venit
3111 1747 3179 1802 ad
3206 1746 3388 1804 Iesum
3420 1763 3514 1802 no-

1832 1863 1905 1914 'W
1924 1854 2020 1910 cte,
2049 1852 2153 1899 etc.
2925 1910 2928 1914 ι

1848 1895 1902 1956 Β
1945 1981 1948 1984 .
1995 1931 2248 2006 Princeps
2275 1932 2586 1990 Judworum
2612 1935 2745 1990 venit
2773 1935 2842 1990 ad
2870 1910 3054 1990 Iesum
3080 1943 3247 1990 nocte.
3278 1932 3512 2004 Cupiens

1917 2037 2125 2084 secrete
2180 2027 2296 2097 eius
2349 2029 2674 2085 allocutione
2737 2029 2948 2100 plenius
2997 2028 3207 2084 discere
3254 2025 3513 2097 mysteria

1918 2123 2040 2178 ﬁdei
2068 2164 2081 2187 ,
2118 2122 2270 2191 cujus
2297 2131 2485 2195 aperta
2519 2123 2831 2189 ostensione
2874 2123 3152 2191 signorum
3175 2119 3514 2189 aliquatenus

1910 2213 2025 2283 jam
2074 2215 2379 2271 rudimenta
2428 2222 2767 2285 perceperat,
2806 2215 2897 2284 qui
2929 2214 3184 2284 quoniam
3220 2213 3516 2283 prudenter

1917 2321 2016 2371 ea,
2071 2321 2189 2378 quae
2221 2308 2314 2363 'ab
2354 2307 2444 2362 illo
2480 2307 2598 2362 ﬁeri
2630 2295 2876 2373 videbat,
2927 2305 3226 2378 intelligere
3278 2305 3512 2370 curavit,

1917 2397 2188 2471 subtiliter
2214 2415 2276 2454 ea
2330 2415 2450 2468 qum
2496 2400 2564 2456 ab
2590 2398 2682 2455 illo
2707 2399 3016 2470 quaerebat,
3044 2396 3369 2470 investigare
3389 2409 3512 2467 pro-

1917 2492 2138 2546 meruit.

1987 2583 2171 2649 Rabbi,
2205 2583 2399 2639 scimus
2425 2585 2550 2656 quia
2598 2601 2630 2637 a
2666 2583 2778 2638 Deo
2825 2583 3009 2638 venisti
3037 2582 3320 2653 magister:
3366 2596 3516 2636 nemo

1917 2677 2056 2730 enim
2084 2685 2247 2747 potest
2273 2677 2384 2730 hazc
2411 2675 2562 2746 signa
2597 2674 2771 2745 facere
2818 2692 2936 2746 qua:
2961 2685 3018 2728 tu
3041 2675 3196 2746 facis,
3227 2673 3518 2743 nisi‘fuerit

1918 2768 2058 2823 Deus
2091 2785 2210 2822 cum
2251 2785 2330 2823 eo.
2371 2767 2415 2821 A
2446 2769 2560 2824 Deo
2587 2769 2752 2840 igitur
2796 2769 2862 2824 ad
2902 2768 3273 2839 magisterium
3299 2765 3520 2822 caeleste

1919 2863 2117 2918 mundo
2138 2863 2500 2919 exhibendum
2529 2878 2653 2918 eum
2683 2863 2894 2919 venisse
2918 2862 3200 2920 confessus
3219 2871 3322 2929 est,
3347 2861 3518 2916 Deum

1919 2969 2042 3012 cum
2070 2953 2162 3008 illo
2189 2953 2358 3009 fuisse
2394 2954 2673 3010 miraculis
2693 2954 3048 3025 prodentibus
3079 2953 3364 3016 intellexit,
3395 2967 3522 3007 nec-

1919 3041 2047 3098 dum
2085 3051 2264 3098 tamen
2315 3044 2490 3114 ipsum
2523 3045 2693 3099 Deum
2729 3059 2850 3100 esse
2899 3045 3171 3117 cognovit.
3229 3043 3337 3100 Sed
3393 3043 3521 3112 quia

1917 3149 2080 3204 quem
2106 3134 2429 3206 magistrum
2475 3146 2702 3192 noverat
2727 3138 2975 3193 veritatis
2999 3179 3014 3204 ,
3053 3139 3293 3194 studiose
3324 3137 3520 3192 docen-

1921 3226 2020 3282 dus
2045 3226 2197 3291 adiit,
2228 3227 2426 3281 merito
2474 3235 2528 3281 et
2573 3228 2902 3297 agnitionem
2929 3228 3229 3283 divinitatis
3257 3227 3376 3298 ejus
3401 3242 3524 3296 per-

1922 3318 2060 3374 fecte
2083 3319 2271 3373 doctus
2301 3319 2486 3383 subiit,
2520 3319 2716 3374 merito
2742 3321 3025 3390 utriusque
3056 3319 3358 3374 nativitatis
3383 3318 3519 3388 ejus,

1920 3410 2116 3466 divinae
2162 3409 2371 3466 scilicet
2409 3419 2463 3466 et
2514 3411 2784 3478 humanae,
2835 3411 2928 3466 sed
2956 3419 3010 3466 et
3046 3410 3314 3481 passionis
3358 3420 3520 3480 atque

1921 3501 2258 3558 ascensionis
2305 3502 2447 3558 illius
2492 3518 2693 3559 arcana
2742 3505 3027 3575 percepit,
3082 3519 3183 3558 nec
3211 3518 3319 3558 non
3357 3504 3522 3558 etiam

1922 3595 2140 3651 modum
2181 3597 2432 3652 secundae
2460 3596 2851 3668 generationis,
2905 3596 3212 3668 ingressum
3236 3595 3388 3668 regni
3417 3609 3525 3649 coe—

1923 3688 2095 3756 lestis,
2129 3699 2182 3744 et
2221 3689 2326 3744 alia
2361 3689 2616 3760 perplura
2663 3689 2922 3746 doctrinae
2969 3688 3307 3760 Evangelicae
3343 3703 3521 3744 sacra-

1923 3792 2105 3838 menta
2135 3783 2246 3838 Deo
2271 3783 2546 3838 revelante
2568 3783 2775 3838 didicit.

1996 3870 2332 3943 Respondens
2370 3871 2528 3926 .lesus
2575 3873 2706 3927 dixit
2722 3890 2755 3928 σε
2785 3873 2984 3940 Amen,
3041 3891 3196 3929 amen
3246 3875 3362 3931 dico
3409 3876 3523 3944 tibi,

1924 3965 2027 4020 nisi
2045 3965 2159 4037 quis
2186 3974 2398 4019 renatus
2419 3965 2579 4035 fuerit
2590 3965 2778 4030 denuo,
2799 3984 2902 4021 non
2920 3976 3088 4038 potest
3114 3968 3286 4024 videre
3312 3985 3526 4040 regnum

1925 4054 2042 4109 Dei.
2076 4053 2208 4122 Quae
2232 4055 2501 4129 sententia
2547 4065 2698 4112 tanto
2728 4058 2969 4128 apertius
3019 4060 3231 4114 cunctis
3278 4059 3528 4122 ﬁdelibus

1925 4146 2087 4213 lucet,
2137 4155 2341 4216 quanto
2388 4156 2621 4215 constat,
2650 4149 2801 4218 "quia
2830 4149 2949 4204 sine
2978 4150 3138 4220 hujus
3167 4150 3287 4205 luce
3340 4150 3528 4211 ﬁdeles

1926 4253 2043 4294 esse
2071 4245 2360 4309 nequeunt.
2410 4237 2542 4306 Quis
2587 4239 2787 4294 etenim
2815 4238 2932 4294 sine
2978 4239 3194 4295 lavacro
3235 4256 3524 4314 regenera-

1927 4332 2090 4387 tiOnis
2123 4317 2499 4387 remissionem
2538 4339 2885 4403 peccatorum
2928 4334 3186 4405 consequi
3213 4342 3267 4388 et
3303 4348 3526 4405 regnum

1927 4424 2072 4481 valet
2095 4425 2301 4506 intrare
2333 4423 2641 4500 oculorum?
2697 4423 2805 4482 Sed
2850 4425 3198 4495 Nieodemus,
3250 4429 3345 4498 qui
3368 4435 3529 4485 nocte

1929 4519 2076 4598 venit
2124 4517 2192 4574 ad
2223 4519 2533 4586 Dominum,
2591 4519 2822 4576 necdum
2855 4519 2993 4576 lucis
3022 4521 3282 4594 mysteria
3331 4536 3528 4592 capere

235 4635 354 4674 ram
378 4620 644 4686 attendas,
680 4619 796 4675 sive
818 4620 1131 4691 allegoriam
1158 4635 1389 4689 quaeras,
1415 4621 1592 4676 lucem
1615 4621 1828 4690 semper
1854 4625 1908 4698 D’
1927 4613 2177 4664 hovefalo
2213 4607 2348 4663 Nam
2382 4617 2436 4665 ει
2465 4625 2573 4664 ηοΧ
2603 4610 2656 4664 in
2706 4609 2812 4682 q‘ua
2862 4611 3009 4666 νθιιίι
3038 4612 3210 4684 ipsa"!
3250 4613 3388 4683 eius:
3421 4626 3528 4700 (tua

237 4714 293 4767 in
324 4712 618 4783 Evangelio
647 4714 872 4784 reperis.
907 4712 1024 4766 Alia
1052 4712 1332 4768 translatio
1353 4713 1432 4768 sic
1461 4714 1644 4779 habet,
1674 4713 1829 4783 plena

237 4805 408 4859 oculis
439 4817 561 4859 ante
588 4815 744 4870 retro,
778 4806 904 4876 quia
953 4805 1043 4860 lux
1105 4805 1386 4876 Evangelii
1436 4814 1492 4860 et
1544 4806 1830 4876 aenigmata

239 4898 380 4969 legis
404 4899 652 4964 irradiat,
683 4907 738 4954 ct
760 4914 913 4955 novae
934 4899 1124 4971 gratiae
1146 4898 1350 4954 mundo
1371 4895 1554 4970 fulgur
1573 4897 1827 4953 infundit.

313 4988 387 5042 Et
413 4991 638 5060 requiem
669 5006 773 5044 non
802 4990 990 5045 habent
1012 4990 1097 5045 die
1121 5007 1183 5044 ac
1205 4999 1369 5055 nocte,
1398 4991 1671 5047 dicentia:
1701 4989 1835 5044 San-

237 5087 389 5144 ctus,
416 5090 627 5134 sanctus
651 5121 664 5145 ,
712 5088 924 5134 sanctus
966 5077 1262 5144 Dominus,
1300 5077 1441 5133 Deus
1489 5079 1831 5148 omnipotens.

240 5173 447 5228 Sancta
475 5173 726 5228 animalia
752 5181 946 5229 cuncto
973 5181 1218 5244 tempore
1243 5173 1423 5229 saeculi
1465 5189 1626 5228 unam
1656 5173 1830 5229 domi-

237 5265 518 5321 nationem
552 5265 788 5333 ~deitatis
813 5309 828 5334 ,
883 5267 1328 5336 omnipotentiam
1379 5278 1434 5322 et
1470 5267 1833 5322 aeternitatem

239 5357 462 5414 Sanetee
488 5358 769 5414 Trinitatis
811 5358 1106 5425 'aﬁirman‘t,
1158 5368 1408 5415 manente
1458 5357 1836 5416 intellectualis

239 5453 510 5508 creatura:
533 5459 791 5522 perpetua
822 5451 877 5507 in
899 5451 1222 5508 coelestibus
1253 5451 1428 5507 laude.

318 5541 670 5597 Procidebant
700 5544 881 5614 viginti
910 5552 1139 5614 quatuor
1175 5544 1402 5598 seniores
1431 5553 1551 5598 ante
1575 5546 1835 5601 sedentem

240 5636 301 5690 in
327 5633 538 5700 throno,
566 5643 614 5688 et
633 5633 924 5687 adorabunt
946 5635 1193 5688 viventem
1214 5635 1268 5688 in
1285 5633 1478 5688 stecula
1498 5635 1832 5691 steculorum.

241 5727 584 5794 Animalibus
606 5726 1026 5797 personantibus
1059 5726 1290 5789 laudem,
1324 5726 1375 5779 id
1401 5735 1504 5791 est,
1549 5727 1835 5797 Evangeli-

243 5819 350 5874 stis
393 5820 812 5889 praedicantibus
863 5819 1064 5874 Chriin
1121 5819 1608 5890 diSpensationem,
1660 5820 1838 5876 omnis

244 5911 494 5968 Ecclesia
521 5927 642 5983 qua:
671 5913 726 5968 in
765 5911 1068 5984 praepositis
1115 5921 1326 5968 constat
1376 5921 1430 5967 et
1462 5911 1693 5982 populis,
1735 5911 1838 5970 hoc

1936 4701 2317 4770 premebatur,
2373 4703 2735 4772 ignorantiam
2783 4702 3058 4773 designat,
3117 4705 3345 4758 necdum
3381 4703 3527 4780 enim

1936 4808 2124 4848 eorum
2154 4809 2380 4848 numero
2410 4787 2645 4849 sociatus
2696 4802 2835 4860 erat,
2883 4796 3081 4865 quibus
3110 4796 3185 4850 ait
3212 4795 3526 4866 Apostolus,

1937 4881 2139 4940 Fuistis
2158 4877 2444 4956 aliquando
2474 4885 2714 4952 tenebrre,
2731 4903 2867 4941 nunc
2895 4897 3071 4942 autem
3096 4887 3189 4942 lux
3209 4889 3262 4941 in
3281 4887 3524 4943 Domino.

1939 4978 2044 5034 Sed
2070 4978 2214 5034 inter
2243 4993 2336 5033 eos
2360 4979 2546 5054 potius
2570 4980 2910 5050 remanebat,
2934 4979 3132 5050 quibus
3153 4965 3295 5036 dicit
3322 4979 3524 5038 Isaias:

1939 5070 2126 5142 Surge,
2143 5071 2464 5138 illuminare,
2487 5070 2842 5139 Hierusalem,
2864 5073 2987 5144 quia
3015 5072 3150 5127 venit
3175 5071 3351 5128 lumen
3377 5082 3528 5129 tuum

1937 5172 1985 5217 et
2008 5162 2177 5234 gloria
2205 5163 2417 5218 Domini
2445 5181 2600 5234 super
2626 5176 2674 5219 te
2700 5174 2817 5220 orta
2841 5175 2937 5220 est.

1939 5290 1948 5294 -
2007 5255 2148 5310 Dicit
2175 5257 2245 5310 ad
2271 5273 2388 5311 eum
2433 5255 2752 5312 Nicodemus
2786 5276 2803 5312 :
2858 5257 3133 5324 Quomodo
3167 5259 3322 5316 homo
3362 5271 3529 5332 potest

1937 5335 2104 5416 nasci,
2127 5367 2244 5430 cum
2266 5351 2332 5406 sit
2361 5365 2548 5406 senem:
2577 5352 2809 5423 nunquid
2828 5361 2992 5422 potest
3018 5352 3072 5405 in
3095 5352 3318 5408 ventrem
3342 5355 3530 5430 matri;

1938 5462 2050 5500 sure
2081 5446 2270 5500 iterato
2300 5447 2518 5499 introire
2551 5455 2612 5504 ,ει
2661 5445 2907 5501 renasci?
2931 5444 3067 5513 Quia
3105 5447 3250 5501 enim
3282 5448 3532 5503 secundae

1940 5538 2238 5592 nativitatis
2291 5537 2491 5592 adhuc.
2520 5531 2736 5593 neScius
2778 5539 3202 5608 perseverabat,
3242 5539 3308 5594 de
3355 5539 3532 5596 salute

1940 5642 2120 5690 autem
2147 5648 2242 5686 sua
2264 5629 2376 5699 jam
2393 5629 2652 5685 sollicitus
2664 5631 2965 5696 exstiterat,
2996 5629 3304 5686 necessario
3331 5629 3397 5684 de
3423 5643 3531 5685 una

1939 5740 2100 5795 quam
2128 5707 2362 5779 noverat
2380 5721 2683 5788 nativitate,
2736 5738 2803 5777 an
2824 5731 3008 5793 posset
3041 5722 3251 5788 iterari,
3301 5721 3384 5776 vel
3425 5733 3532 5790 quo

1941 5819 2132 5875 ordine
2167 5815 2503 5890 regeneratio
2529 5825 2715 5887 posset
2744 5817 2976 5888 impleri,
3005 5810 3317 5888 quaerebat:
3344 5831 3412 5871 ne
3438 5816 3535 5872 bu-

1935 5912 2026 5982 jus
2062 5927 2260 5984 expers
2304 5910 2636 5967 remanendo
2673 5910 2796 5966 vitae
2843 5909 3080 5968 caelestis
3093 5914 3100 5950 ῖ
3115 5907 3388 5980 particeps
3409 5919 3535 5963 esse
