3974 6364
471 442 582 500 285

1153 440 1213 494 B.
1253 435 1508 521 uanam
1545 433 1765 492 unum
1803 428 2120 491 ARCIIIEP.
2158 419 2468 492 nocUN'r.
2506 425 2792 493 OPERUM
2829 433 3009 490 rans
3042 433 3105 489 ιι.

474 559 742 630 nequiret.
785 551 1089 612 Notandum
1139 562 1348 618 autem,
1403 551 1527 622 quia
1575 550 1718 620 quod
1753 547 1820 603 de
1857 546 2062 604 carnali
2087 547 2144 612 Α
2166 546 2473 616 quempiam
2497 539 2734 616 Spiritus
2771 545 2840 600 ad
2867 545 3058 600 horam
3109 543 3417 616 impleverit
3440 559 3550 600 non
3601 557 3764 618 potes

473 653 628 718 dixit,
667 649 772 708 hoc
801 651 966 705 etiam
997 650 1064 704 de
1095 645 1319 719 spiritaii
1370 653 1455 701 cst
1482 642 1892 716 rcgeneratione
1931 654 2058 696 sen-

474 745 738 802 tiendum.
800 743 1151 812 Nequaquam
1188 738 1440 794 videlicet
1485 752 1608 791 eam
1653 744 1937 806 postquam
1970 746 2056 786 sc-

472 835 578 894 mel
631 835 844 906 expleta
892 831 1075 898 fuerit,
1123 847 1280 903 posse
1339 829 1530 898 repeti.
1585 823 1712 881 Sive
1757 825 1915 880 cnim'
1951 825 2062 879 hil}-

473 928 681 984 reticus
747 927 860 984 sive
913 924 1288 983 sciiisrnaticus
1339 919 1675 976 iacinorosus
1725 919 1953 990 quisque
2004 915 2058 970 in

473 1020 809 1076 confessione
852 1023 1052 1074 saneto
1092 1017 1371 1072 Trinitatis
1425 1015 1701 1084 baptizet,
1762 1027 1869 1066 non
1916 1009 2061 1064 valet

472 1111 560 1166 ille
583 1111 675 1182 qui
740 1111 1044 1180 baptizatus
1096 1116 1197 1172 est,
1229 1107 1441 1163 abouis
1483 1104 1764 1161 calholicis
1815 1103 2056 1172 rebapti-

472 1203 607 1268 zari,
636 1218 704 1257 ne
728 1199 998 1258 confessio
1026 1207 1081 1255 et
1110 1199 1380 1254 invocatio
1407 1198 1544 1252 tanti
1591 1195 1826 1250 nominis
1872 1195 2056 1248 videa-

471 1304 562 1350 tur
616 1293 901 1349 annullari.
950 1293 1018 1348 Et
1050 1293 1174 1364 quia
1229 1291 1554 1345 Nicodemus
1582 1289 1648 1342 ad
1681 1287 1915 1358 primam
1946 1283 2053 1339 Do—

471 1385 604 1440 mini
635 1384 1039 1454 rcsponsionem
1067 1381 1330 1437 sollicitus
1357 1380 1626 1449 quomodo
1657 1379 1726 1432 sit
1756 1376 2056 1446 intelligen-

471 1475 538 1528 da
562 1475 846 1546 diligenter
881 1473 1130 1544 inquirit,
1168 1471 1538 1541 mereturjam
1583 1469 1796 1541 planius
1839 1468 2054 1533 instrui,

471 1575 524 1620 et
550 1566 676 1636 quia
713 1566 947 1622 secunda
989 1567 1241 1620 nativitas
1288 1581 1397 1620 non
1425 1564 1658 1620 carnalis
1689 1572 1792 1628 est,
1820 1561 1916 1616 sed
1947 1562 2056 1632 spi-

471 1657 646 1712 ritalis
679 1657 887 1712 audire.

541 1745 829 1817 Respondit
857 1745 1015 1800 Iesus
1039 1760 1058 1798 :
1085 1744 1274 1812 Arnen,
1315 1760 1469 1800 amen
1513 1743 1634 1800 dico
1661 1744 1776 1811 tibi,
1809 1744 1911 1798 nisi
1939 1743 2056 1813 quis

470 1849 682 1894 renatus
710 1839 868 1909 fuerit
914 1856 978 1894 ea:
1023 1856 1162 1910 aqua
1211 1849 1259 1892 et
1290 1836 1493 1908 Spiritu
1525 1847 1728 1904 sancto,
1759 1854 1862 1891 non
1889 1843 2056 1908 potest

2164 638 2366 702 videre,
2394 636 2662 705 quomodo
2691 635 2976 691 intraverit
2994 642 3052 691 et
3075 636 3348 706 quomodo
3399 637 3626 694 redierit
3659 639 3760 708 qui

2164 737 2353 783 natura
2392 734 2480 782 est
2506 725 2807 780 invisibilis.
2867 725 2958 780 Sic
2985 734 3059 780 cst
3097 726 3262 781 omnis
3287 727 3378 798 qui
3408 720 3564 784 natus
3591 738 3678 784 est
3699 745 3764 784 es

2161 817 2366 890 spiritu,
2399 825 2453 872 et
2481 817 2596 887 ipse
2645 817 2792 872 enim
2821 815 3169 872 invisibiliter
3220 825 3418 890 agente
3453 820 3654 889 spiritu
3682 819 3763 875 in-

2161 911 2294 980 cipit
2341 924 2465 965 esse
2514 909 2657 978 quod
2703 925 2812 964 non
2861 916 3006 974 erat,
3058 909 3134 964 ita
3185 917 3246 964 ut
3282 909 3472 966 ﬁdeles
3507 911 3764 966 nesciant

2161 1002 2304 1056 unde
2323 1003 2507 1056 veniat
2535 1007 2591 1056 et
2614 1016 2722 1070 quo
2755 1001 2936 1066 vadat,
2973 1000 3028 1055 id
3053 1008 3154 1065 est,
3187 1001 3277 1070 qui
3322 1002 3500 1073 gratia
3533 1017 3765 1072 regene-

2161 1094 2386 1150 rationis
2416 1094 2565 1148 venit
2613 1093 2666 1147 in
2708 1091 3052 1162 adoptionem
3102 1092 3336 1147 ﬁliorum
3385 1093 3502 1158 Dei,
3531 1101 3589 1148 et
3614 1094 3766 1148 vadit

2159 1186 2215 1240 in
2265 1187 2666 1256 perceptionem
2715 1184 2869 1254 regni
2921 1183 3179 1240 caelestis.
3237 1184 3532 1250 Quart-eme
3581 1183 3764 1238 adhuc

2159 1279 2454 1334 Nicodemo
2477 1274 2748 1346 quomodo
2776 1275 2892 1330 haec
2916 1281 3136 1344 possent
3159 1273 3300 1340 ﬁeri,

2227 1371 2508 1442 Respondit
2534 1368 2692 1424 Iesus
2719 1377 2767 1423 et
2796 1369 2931 1422 dixit
2959 1369 3006 1422 ei
3037 1384 3057 1422 :
3089 1366 3168 1421 Tu
3217 1383 3272 1420 es
3308 1367 3562 1436 magister
3595 1365 3658 1418 in
3684 1363 3766 1420 Is-

2157 1465 2287 1530 rael,
2320 1474 2368 1518 ct
2398 1464 2508 1517 hwc
2539 1463 2752 1531 ignoras
2779 1461 2804 1514 .9
2832 1459 2952 1516 Non
2995 1458 3150 1530 quasi
3183 1458 3444 1514 insultare
3473 1457 3671 1512 volens
3691 1458 3764 1520 ei,

2157 1559 2250 1629 qui
2275 1557 2536 1628 magister
2561 1561 2810 1617 vocetur,
2859 1567 2981 1606 cum
3014 1551 3084 1608 sit
3139 1551 3357 1621 ignarus
3385 1556 3768 1604 sacramento-

2155 1669 2278 1709 rum
2317 1651 2642 1714 coelestium,
2670 1649 2766 1704 sed
2811 1647 2879 1702 ad
2907 1646 3230 1702 humilitatis
3278 1644 3430 1700 illum
3457 1645 3606 1698 viam
3635 1658 3765 1713 pro-

2159 1761 2382 1811 vocans,
2423 1743 2542 1799 sine
2590 1756 2696 1812 qua
2718 1739 2889 1808 janua
2927 1738 3170 1794 omlcstis
3207 1753 3315 1792 non
3359 1743 3546 1808 potest
3609 1736 3768 1789 inve-

2165 1855 2295 1893 ΠΙῙῚ.

470 1933 690 1988 introire
743 1934 796 1988 in
843 1949 1058 2004 regnum
1103 1932 1221 1987 Dei.
1273 1931 1442 2000 Cujus
1495 1931 1793 1986 nativitatis
1841 1929 2062 1984 modum
2090 1917 2139 1979 Β
2238 1931 2422 1996 Amen,
2451 1946 2605 1984 amen
2641 1926 2758 1981 dico
2789 1926 2884 1981 tibi
2909 1926 3033 1998 quia
3061 1925 3200 1996 quod
3247 1924 3442 1980 scimus
3469 1923 3768 1993 loquimur,

471 2027 866 2094 subsequenter
891 2039 1192 2096 exponens,
1214 2037 1550 2096 prorsusque
1577 2039 1608 2077 a
1634 2021 1840 2079 carnali
1863 2021 2061 2076 distin-

470 2131 660 2189 guens,
688 2117 765 2171 ait
791 2134 806 2170 :

543 2207 699 2274 Quod
728 2219 909 2262 natum
936 2209 1099 2264 estde
1121 2223 1298 2276 carne,
1327 2224 1453 2264 caro
1481 2217 1591 2274 est;
1619 2217 1668 2262 et
1709 2207 1851 2278 quod
1879 2215 2061 2260 natum

468 2310 544 2356 est
568 2318 634 2356 etc
679 2303 890 2373 spiritu,
921 2304 1138 2373 spiritus
1182 2313 1280 2358 est.
1314 2301 1519 2357 Natura
1575 2301 1835 2373 spiritalis
1867 2301 2060 2356 invisi-

466 2393 616 2462 bilis,
673 2395 911 2451 carnalis
955 2403 1040 2451 est
1068 2396 1338 2462 visibilis;
1369 2405 1529 2466 atque
1559 2396 1680 2450 ideo
1707 2394 1938 2450 carnalis
1965 2409 2059 2466 ge-

467 2487 679 2542 neratio
724 2489 1012 2544 visibiliter
1059 2489 1500 2554 administratur,
1551 2488 1854 2543 visibilibus
1886 2489 2064 2542 inero-

468 2582 688 2644 mentis,
719 2581 812 2650 qui
851 2582 907 2636 in
941 2595 1109 2635 carne
1137 2582 1382 2636 nascitur
1408 2595 1504 2651 per
1532 2589 1752 2636 relatum
1782 2590 2060 2636 momenta

466 2677 720 2747 proﬁcit:
747 2677 1012 2747 spiritalis
1037 2686 1216 2730 autem
1259 2678 1539 2747 generatio
1568 2683 1678 2730 tota
1709 2675 2062 2731 invisibiliter

467 2769 668 2839 agitur.
698 2767 834 2822 Nam
872 2768 1088 2824 videtur
1114 2769 1331 2838 quidem
1368 2769 1460 2839 qui
1499 2769 1827 2839 baptizatur,
1858 2769 1914 2821 in
1942 2753 2062 2821 iou-

466 2869 574 2914 tem
625 2858 976 2927 descendere,
1022 2862 1241 2916 videtur
1277 2861 1437 2932 aquis
1491 2861 1704 2930 intingi,
1755 2860 1969 2914 videtur
1994 2859 2061 2913 de

469 2952 624 3022 aquis
650 2954 986 3021 ascendere;
1029 2955 1120 3024 qui
1151 2964 1330 3009 autem
1371 2953 1426 3008 in
1455 2953 1547 3008 illo
1593 2954 1867 3008 lavacrum
1906 2967 2054 3022 rege—-

467 3037 766 3098 iterationis
791 3045 962 3116 egerit
1000 3045 1224 3102 minime
1263 3053 1443 3116 potest
1479 3044 1651 3100 videri
1685 3064 1697 3098 :
1731 3046 1843 3099 sola
1872 3054 2058 3099 autem

466 3132 704 3188 ﬁdelium
733 3135 910 3204 pietas
936 3137 1106 3199 novit,
1148 3136 1276 3206 quia
1305 3146 1590 3206 peccatum
1640 3136 1694 3190 in
1727 3135 1930 3190 fontem
1967 3135 2059 3188 de-

465 3227 690 3291 scendit,
742 3227 833 3282 sed
871 3227 1191 3298 puriﬁcatus
1247 3229 1535 3294 ascendit;
1574 3229 1715 3282 ﬁlius
1747 3229 1938 3284 mortis
1965 3229 2058 3284 de-

466 3316 698 3382 scendit,
754 3317 851 3371 sed
903 3317 1046 3373 ﬁlius
1099 3319 1520 3373 resurrectionis
1572 3319 1832 3373 ascendit.
1887 3318 2058 3373 Filius

465 3409 932 3480 praevaricationis
961 3412 1264 3475 descendit,
1293 3413 1387 3467 sed
1418 3412 1559 3468 ﬁlius
1599 3412 2059 3467 reconciliationis

467 3501 749 3564 ascendit;
779 3500 922 3556 ﬁlius
953 3501 1047 3555 ira:
1101 3502 1400 3568 descendit,
1426 3507 1520 3558 sed
1574 3502 1717 3558 ﬁlius
1748 3503 2060 3558 misericor-

468 3590 570 3644 dia:
596 3592 873 3654 ascendit;
906 3591 1048 3645 ﬁiius
1077 3591 1275 3647 diaboli
1301 3591 1601 3659 descendit,
1627 3593 1722 3648 sed
1777 3593 1920 3648 ﬁlius
1963 3593 2058 3648 Dei

469 3685 743 3738 ascendit:
789 3684 900 3738 sola
943 3686 1059 3740 haec
1089 3686 1334 3742 Ecclesia
1364 3695 1540 3741 mater
1559 3701 1680 3756 quzc
1710 3695 1934 3758 generat
1961 3701 2050 3740 που

467 3775 564 3828 vit.
596 3774 862 3829 Caeterum
904 3776 1075 3831 oculis
1099 3777 1467 3847 insipientium
1494 3778 1708 3833 videtur
1759 3779 1882 3833 talis
1910 3779 2062 3834 exire

470 3869 538 3924 de
566 3869 716 3925 fonte
743 3871 920 3940 qualis
947 3871 1191 3936 intravit,
1225 3877 1506 3942 totumque
1563 3871 1720 3926 ludus
1764 3887 1887 3927 esse
1914 3873 2059 3942 quod

469 3965 666 4033 agitur.
702 3961 851 4017 Unde
878 3962 933 4016 in
962 3963 1070 4017 ﬁne
1103 3963 1348 4018 videntes
1371 3963 1600 4034 gloriam
1631 3971 1944 4017 sanctorum
1976 3962 2062 4017 di-

469 4059 595 4106 cent
634 4061 908 4121 gementes
937 4053 993 4107 in
1028 4055 1310 4108 tormentis
1339 4069 1350 4106 :
1384 4053 1458 4107 Hi
1481 4063 1603 4108 sunt
1621 4071 1750 4125 quos
1773 4053 2060 4126 aliquando

466 4143 744 4196 habuimus
779 4144 835 4196 in
869 4143 1124 4208 derisum,
1145 4153 1193 4198 et
1222 4145 1276 4198 in
1305 4145 1702 4199 similitudinem
1734 4147 2058 4216 improperii,

467 4235 725 4304 quomodo
747 4251 868 4306 ergo
894 4239 1177 4307 computati
1197 4247 1317 4292 sunt
1343 4238 1479 4293 inter
1495 4239 1635 4307 filios
1658 4239 1797 4293 Dei?
1823 4239 1914 4292 Ait
1937 4254 2062 4309 apo-

469 4328 640 4383 stolus
685 4327 964 4384 Joannes:
999 4329 1334 4398 Charissimi,
1376 4347 1513 4386 nunc
1563 4333 1664 4401 ﬁlii
1697 4332 1795 4386 Dei
1854 4349 2058 4398 sumus,

467 4428 516 4472 et
556 4419 786 4472 nondum
817 4424 1060 4492 apparuit
1107 4423 1236 4494 quid
1281 4426 1495 4479 erimus.
1529 4425 1683 4493 Quod
1713 4439 1845 4494 ergo
1871 4433 2060 4480 natum

467 4517 574 4573 est,
601 4524 668 4563 es
699 4510 902 4580 Spiritu
953 4522 1144 4569 sancto
1187 4523 1293 4580 est,
1322 4517 1446 4586 quia
1471 4517 1565 4586 qui
1598 4532 1664 4571 ex
1691 4529 1830 4586 aqua
1855 4524 1909 4570 ct
1939 4514 2062 4586 Spi-

468 4600 574 4654 ritu
612 4611 962 4672 regeneratur
987 4605 1352 4672 invisibiliter,
1382 4607 1436 4660 in
1463 4621 1663 4660 novum
1694 4615 1938 4660 mutatur
1961 4608 2058 4662 ho-

467 4691 667 4746 minem
693 4702 744 4748 et
770 4695 837 4750 de
863 4696 1066 4750 carnali
1091 4696 1326 4752 eiiicitur
1379 4696 1657 4767 spiritalis.
1687 4697 1788 4764 Qui
1817 4699 1937 4752 ideo
1967 4713 2056 4754 re-

470 4792 554 4838 cte
581 4800 685 4840 non
715 4787 888 4842 solum
910 4787 1192 4858 spiritalis,
1223 4789 1318 4843 sed
1355 4789 1517 4844 etiam
1547 4789 1780 4858 Spiritus
1809 4799 2056 4854 vocatur,

469 4874 614 4942 quia,
647 4877 788 4932 sicut
819 4878 1124 4932 substantia
1151 4879 1376 4948 spiritus
1425 4879 1710 4933 invisibilis
1734 4888 1819 4934 est
1853 4881 2056 4936 nostris

470 4969 804 5038 aspectibus,
835 4972 911 5024 ita
938 4971 986 5024 is
1008 4971 1098 5038 qui
1129 4987 1226 5040 per
1249 4973 1479 5042 gratiam
1507 4971 1600 5026 Dei
1630 4982 1943 5038 renovatur,
1975 4975 2058 5028 in-

471 5060 760 5115 visibiliter
785 5060 845 5114 iit
893 5061 1154 5130 spiritalis
1179 5071 1234 5116 et
1275 5063 1370 5116 Dei
1401 5062 1564 5128 ﬁlius,
1619 5079 1742 5118 cum
1772 5065 2059 5120 visibiliter

469 5155 720 5208 omnibus
741 5170 867 5209 caro
891 5165 948 5208 et
976 5154 1145 5209 Filius
1171 5155 1406 5210 hominis
1431 5163 1706 5226 appareat.

547 5243 670 5298 Non
695 5247 896 5300 mireris
927 5247 1050 5318 quia
1075 5247 1187 5302 dixi
1227 5247 1318 5301 tibi
1348 5262 1365 5300 .'
1405 5246 1617 5319 Oportet
1649 5266 1738 5303 vos
1784 5249 1930 5305 nasci
1966 5250 2060 5305 de-

469 5356 594 5394 nuo.
629 5337 858 5408 Spiritus
877 5341 965 5394 ubi
994 5341 1102 5395 uult
1124 5343 1311 5413 spirat,
1337 5354 1384 5396 et
1415 5360 1592 5396 vocem
1616 5345 1731 5414 ejus
1758 5346 1936 5410 audis,
1963 5347 2056 5401 sed

471 5445 578 5485 non
605 5431 707 5484 scis
737 5433 872 5486 unde
901 5433 1066 5486 veniat
1095 5441 1263 5503 etquo
1309 5433 1488 5488 sudat.
1518 5433 1605 5488 Sic
1651 5447 1723 5489 est
1770 5438 1938 5491 omnis
1964 5439 2057 5508 qui

471 5532 626 5575 nutus
679 5531 753 5575 est
799 5538 864 5576 es
891 5523 1099 5592 spiritu.
1151 5523 1378 5594 Spiritus
1425 5525 1514 5579 ubi
1562 5526 1672 5580 vult
1710 5530 1899 5597 spirat,
1929 5529 2052 5598 quia

445 5611 586 5681 ipse
613 5612 775 5667 habet
795 5613 850 5668 in
888 5621 1174 5684 potestate,
1219 5615 1372 5686 cujus
1402 5633 1498 5674 cor
1524 5621 1698 5689 gratia
1727 5636 1836 5675 suae
1863 5622 2052 5675 visita-

470 5707 636 5762 tiouis
660 5707 912 5776 illustrat,
932 5717 979 5762 et
1001 5725 1171 5764 vocem
1193 5713 1307 5782 ejus
1328 5712 1502 5778 audis,
1527 5729 1673 5776 cum,
1698 5722 1752 5766 te
1771 5723 2054 5781 praesente,

469 5797 712 5870 loquitur
741 5800 789 5856 is
826 5802 918 5872 qui
973 5801 1177 5872 Spiritu
1233 5804 1469 5874 repletus
1512 5815 1614 5861 est.
1670 5804 1778 5860 Sed
1820 5823 1924 5861 non
1953 5809 2054 5862 scis

463 5891 612 5954 unde
633 5893 834 5965 uti“,
853 5902 904 5952 rt
929 5907 1034 5968 quo
1061 5895 1241 5963 radat,
1268 5895 1554 5972 quietiam
1573 5897 1640 5964 si,
1674 5904 1726 5953 te
1759 5907 2051 5970 praesente,

2083 4655 2138 4718 D

2163 2024 2374 2096 etquod
2409 2023 2634 2078 vidimus
2683 2028 2957 2085 testamur,
3015 2026 3068 2073 et
3115 2017 3467 2072 testimonium
3526 2025 3771 2069 nostra:

2165 2135 2270 2172 non
2301 2115 2560 2187 accipitis.
2595 2113 2655 2169 Si
2676 2122 2884 2167 terrena
2919 2109 3034 2164 dixi
3057 2109 3222 2174 vobis,
3267 2117 3317 2163 et
3369 2123 3476 2162 non
3523 2106 3770 2172 creditis,

2165 2211 2427 2282 quomodo
2456 2209 2501 2262 si
2548 2206 2732 2260 dixero
2776 2203 2921 2257 vobis
2951 2201 3206 2265 ctelestia,
3227 2199 3496 2256 credetis?
3523 2197 3768 2252 Terrena

2163 2301 2272 2356 illis
2293 2299 2430 2355 dixit
2467 2305 2528 2353 ut
2582 2297 2637 2351 in
2679 2295 2960 2366 superiore
2995 2293 3230 2349 lectione
3279 2291 3607 2356 invenimus,
3637 2305 3772 2346 eum

2163 2393 2230 2448 de
2258 2391 2516 2464 passione
2547 2405 2610 2446 ac
2631 2389 2701 2445 de
2735 2389 3138 2444 resurrectione
3185 2386 3271 2441 sui
3317 2386 3570 2456 corporis
3618 2385 3771 2453 quod

2164 2488 2231 2544 de
2291 2497 2436 2541 terra
2481 2489 2854 2554 assumpserat
2913 2481 3229 2551 loqueretur
3280 2479 3513 2534 dicens:
3567 2475 3770 2532 Soluite

2163 2579 2414 2651 templum
2443 2580 2560 2645 hoc,
2595 2588 2642 2632 et
2671 2578 2726 2630 in
2755 2576 2918 2632 tribus
2959 2575 3148 2629 diebus
3182 2573 3418 2628 excitabo
3459 2571 3617 2625 illud.
3645 2570 3770 2627 Non

2166 2680 2347 2727 tamen
2377 2671 2677 2725 credebant
2711 2669 2880 2723 verbo
2921 2666 3062 2735 quod
3107 2665 3264 2730 dixit,
3295 2663 3390 2719 sed
3413 2678 3483 2718 ne
3510 2663 3618 2718 hoc
3636 2662 3771 2732 qui-

2167 2763 2289 2818 dem
2319 2761 2621 2830 iutelligere
2673 2760 2927 2815 valebant
2955 2758 3102 2828 quod
3140 2771 3252 2811 non
3276 2757 3342 2812 de
3367 2755 3477 2810 alio
3503 2770 3674 2824 quam
3697 2754 3770 2808 de

2162 2854 2364 2926 templo
2389 2855 2638 2924 corporis
2681 2853 2768 2908 sui
2817 2851 3062 2917 diceret;
3099 2849 3192 2919 qui
3244 2862 3374 2920 ergo
3421 2855 3638 2903 terrena
3669 2860 3769 2900 au-

2161 2948 2369 3004 dientes
2407 2963 2514 3002 non
2555 2947 2864 3018 capiebant,
2899 2952 3107 3014 quanto
3153 2943 3334 2998 minus
3381 2942 3450 2996 ad
3492 2938 3765 3004 caelestia,

2161 3039 2214 3094 id
2243 3048 2347 3104 est,
2380 3039 2576 3094 divinae
2603 3035 2970 3110 generationis
3007 3035 3273 3104 capienda
3322 3032 3581 3104 mysteria
3609 3029 3766 3086 strtti—

2161 3133 2351 3186 ciunt:
2377 3130 2529 3185 addit
2563 3137 2746 3184 autem
2781 3129 2958 3183 adhuc
2989 3126 3269 3190 Dominus,
3321 3132 3380 3179 et
3405 3123 3478 3178 de
3519 3120 3766 3178 celesti-

2161 3225 2263 3279 bus
2302 3223 2660 3278 sacramentis
2683 3229 2740 3276 et
2764 3221 2830 3277 de
2871 3218 3100 3275 terrenis
3149 3217 3420 3272 instruere
3437 3228 3568 3268 eum
3593 3227 3762 3281 quem

2085 3289 2130 3354 Ο
2163 3317 2312 3372 videt
2339 3316 2612 3386 sapienter
2638 3330 2704 3370 ac
2749 3313 3038 3386 diligenter
3071 3311 3156 3366 his
3209 3323 3332 3379 quae
3381 3307 3536 3362 audit
3577 3307 3766 3360 interr-

2167 3413 2318 3466 dere.
2352 3409 2602 3465 Caelestis
2651 3423 2886 3478 namque
2925 3414 3014 3461 est
3047 3403 3296 3460 ascensio
3324 3399 3444 3470 ejus
3489 3399 3558 3454 ad
3591 3399 3764 3454 vitam

2163 3503 2573 3573 sempiternam,
2603 3509 2820 3556 terrena
2873 3513 3002 3553 vero
3041 3493 3300 3551 exultatio
3346 3493 3467 3562 ejus
3499 3488 3569 3546 ad
3617 3503 3767 3543 mor-

2163 3603 2268 3651 tem
2299 3594 2670 3666 temporalem.
2703 3593 2848 3648 Dicit
2867 3605 3002 3660 ergo
3017 3590 3087 3644 de
3113 3584 3466 3644 ctelestibus:

2235 3691 2302 3744 Et
2353 3707 2506 3744 nemo
2554 3688 2786 3743 ascendit
2828 3689 2884 3741 in
2931 3684 3136 3747 caelum,
3168 3682 3270 3736 nisi
3297 3680 3387 3752 qui
3421 3678 3490 3734 de
3515 3676 3762 3733 octode-

2161 3783 2382 3845 seendit,
2412 3780 2457 3831 F
2459 3781 2585 3833 ilius
2615 3779 2862 3844 hominis,
2899 3778 2986 3849 qui
3017 3777 3171 3831 estin
3204 3773 3353 3830 caelo.
3385 3772 3585 3829 Merito
3611 3787 3764 3842 quas-

2165 3875 2305 3929 ritur
2333 3875 2603 3944 quomodo
2639 3871 2850 3927 dicatur
2883 3869 3053 3925 Filius
3106 3868 3343 3926 hominis
3393 3867 3482 3922 vel
3525 3866 3761 3922 descen-

2163 3968 2309 4022 disse
2365 3968 2431 4021 de
2460 3966 2619 4032 ccelo,
2664 3965 2750 4020 vel
2801 3979 2868 4020 eo
2921 3973 3163 4034 tempore
3207 3978 3316 4032 quo
3347 3963 3462 4016 haec
3522 3961 3578 4014 in
3611 3969 3758 4014 terra

2163 4061 2487 4130 loquebatur
2503 4057 2618 4126 jam
2647 4057 2814 4112 fuisse
2843 4056 2897 4111 in
2925 4056 3089 4112 caslo.
3131 4053 3249 4110 Non
3276 4053 3424 4109 enim
3445 4067 3581 4109 euro
3604 4051 3761 4108 Chri-

2164 4154 2234 4209 sti
2264 4150 2544 4207 descendit
2568 4151 2634 4205 de
2663 4149 2824 4214 coelo,
2873 4162 3049 4218 neque
3085 4155 3210 4202 ante
3239 4153 3456 4218 tempus
3481 4145 3762 4200 ascensio-

2163 4246 2248 4300 nis
2274 4252 2392 4299 erat
2439 4243 2493 4298 in
2541 4241 2702 4305 ctelo,
2733 4248 2790 4296 et
2827 4255 2934 4310 qua
2983 4239 3193 4294 ratione
3236 4237 3480 4303 dicitur,
3539 4237 3646 4290 nisi
3667 4235 3758 4306 qui

2163 4335 2428 4392 descendit
2472 4335 2537 4388 de
2563 4332 2690 4387 ratio
2720 4331 2864 4402 [ilius
2904 4331 3133 4387 hominis”
3158 4331 3248 4402 qui
3271 4338 3348 4384 est
3387 4330 3446 4384 in
3471 4328 3623 4393 calo,
3653 4327 3758 4382 nisi

2165 4428 2291 4500 quia
2322 4443 2428 4482 una
2463 4425 2665 4481 Christi
2693 4439 2924 4494 persona
2949 4431 3034 4478 est
3060 4424 3115 4478 in
3143 4422 3352 4478 duabus
3379 4422 3628 4478 existens
3653 4435 3757 4474 na-

2167 4521 2324 4576 turis.
2356 4517 2536 4588 Atque
2561 4517 2683 4572 ideo
2705 4515 2850 4572 ﬁlius
2879 4515 3118 4570 hominis
3165 4521 3314 4570 recte
3358 4514 3562 4570 dicitur
3585 4523 3644 4568 et
3665 4513 3759 4567 de-

2165 4612 2441 4669 scendisse
2466 4610 2533 4665 de
2549 4609 2706 4673 ctelo,
2735 4617 2792 4664 et
2812 4616 2938 4662 ante
2961 4607 3268 4678 passionem
3295 4604 3466 4661 fuisse
3494 4605 3550 4668 in
3575 4607 3716 4660 curto
3740 4624 3753 4658 :

2163 4705 2287 4774 quia
2319 4702 2464 4772 quod
2505 4701 2558 4756 in
2609 4716 2704 4756 sua
2755 4707 2948 4755 natura
2996 4699 3198 4754 trahere
3220 4713 3328 4754 non
3353 4699 3535 4770 potuit
3563 4699 3669 4754 hoc
3701 4699 3755 4752 in

2162 4794 2274 4849 ﬁlio
2332 4793 2428 4848 Dei
2457 4810 2486 4846 a
2517 4807 2626 4863 quo
2664 4799 2976 4862 assumptus
3037 4799 3123 4846 est
3149 4791 3360 4846 habuit.
3409 4789 3518 4846 Sed
3567 4799 3622 4844 et
3655 4791 3755 4844 hoc

2161 4889 2510 4958 quaerendum
2536 4887 2807 4957 quomodo
2833 4887 3038 4940 dictum
3067 4885 3158 4948 sit,
3184 4893 3232 4939 et
3261 4901 3414 4938 nemo
3433 4883 3672 4938 ascendit
3697 4883 3750 4934 in

2162 4981 2345 5038 eiciunt
2373 4983 2475 5037 nisi
2501 4999 2590 5054 qui
2633 4983 2896 5036 descendit
2947 4983 3012 5036 de
3034 4981 3186 5047 coelo,
3211 4996 3334 5037 cum
3363 4996 3557 5038 omnes
3592 4981 3748 5036 eiecti

2161 5089 2222 5128 se
2248 5075 2520 5128 veraciter
2541 5073 2821 5128 conﬁdant
2848 5089 3173 5128 ascensuros
3197 5074 3252 5128 in
3281 5074 3500 5139 cadum,
3528 5073 3750 5144 promit-

2164 5173 2312 5220 tente
2337 5165 2438 5220 sibi
2465 5165 2694 5220 Domino
2723 5184 2736 5220 :
2769 5166 2892 5236 quia
2921 5166 3008 5219 ubi
3030 5183 3144 5220 sum
3169 5183 3264 5236 ego
3295 5166 3407 5221 illic
3432 5175 3482 5222 et
3517 5169 3748 5222 ministrr

2161 5273 2308 5311 meus
2344 5257 2464 5312 erit.
2493 5255 2660 5325 (Illius
2698 5264 2878 5312 tamen
2921 5257 3120 5312 nodum
3165 5258 3478 5326 quaestionis
3523 5259 3748 5329 apertis—

2161 5349 2300 5404 sima
2331 5351 2472 5404 ratio
2492 5350 2674 5415 solvit,
2705 5350 2833 5420 quia
2859 5347 3113 5404 videlicet
3153 5349 3424 5404 mediator
3449 5349 3546 5404 Dei
3571 5361 3630 5406 et
3653 5351 3744 5404 ho-

2161 5443 2388 5506 minum,
2423 5443 2584 5497 homo
2617 5441 2868 5498 Christus
2889 5439 3047 5496 Iesus
3069 5441 3366 5496 electorum
3393 5443 3640 5497 omnium
3657 5457 3746 5496 ca-

2163 5544 2260 5606 put
2281 5544 2382 5600 est,
2416 5537 2657 5605 itemque
2693 5550 2883 5589 omnes
2903 5534 3059 5590 electi
3081 5535 3320 5605 ejusdtuu
3344 5535 3542 5604 capitis
3581 5549 3745 5590 mem-

2163 5626 2262 5680 bra
2301 5635 2444 5688 sunt,
2493 5627 2706 5680 dicente
2731 5624 3031 5693 Apostolo:
3066 5624 3134 5678 Et
3187 5626 3358 5695 ipsum
3399 5625 3546 5680 dedit
3591 5631 3744 5696 caput

2160 5735 2318 5788 super
2345 5734 2547 5772 omnem
2589 5718 2904 5772 Ecclesium.
2936 5718 3005 5772 let
3029 5733 3242 5774 rursum
3274 5737 3288 5774 ε
3332 5718 3434 5773 Vos
3462 5719 3602 5774 enim
3623 5718 3742 5776 estis

2159 5827 2348 5880 corpus
2387 5809 2606 5875 Christi,
2631 5821 2680 5864 et
2711 5810 2942 5864 metuam
2971 5811 3036 5865 de
3059 5811 3308 5866 membro.
3351 5810 3522 5867 Nemo
3550 5826 3744 5867 ascal-

2159 5903 2240 5960 dit
2266 5903 2318 5959 in
2350 5903 2546 5960 oculum
2571 5901 2676 5960 nisi
2715 5902 2965 5960 Christus
2991 5903 3048 5960 in
3073 5918 3304 5978 corpore
3329 5917 3452 5974 suo,
3489 5905 3638 5979 quod
3657 5911 3749 5968 α
