3974 6364
201 462 315 522 285
1323 461 1629 532 nouum
1669 477 1735 533 iN
1772 472 2026 538 suae.
2069 472 2158 536 ET
2197 461 2416 540 celsi.
3223 490 3236 500 '
3357 496 3458 554 286

199 581 468 649 Ecclesia,
496 585 586 656 qui
620 585 672 640 in
719 586 894 658 seipse
923 585 1139 659 quidem
1173 579 1404 662 primum
1432 593 1776 650 cernentibus
1803 603 1856 664 Α
1878 593 2056 652 sobrie
2082 599 2454 654 conversando
2500 599 2568 654 ad
2587 599 2974 671 perfectionem
2997 608 3279 676 promissa:
3305 595 3464 672 nubis

197 671 462 746 apostolis
519 675 961 732 eminentioribus
1029 679 1281 734 nimirum
1355 681 1612 738 membris
1668 685 1780 740 suis
1878 689 2002 744 vitae
2024 699 2298 746 mereatur
2325 692 2610 763 attingere,
2637 709 2821 749 verum
2847 696 2972 766 quia
3011 695 3126 753 haec
3147 699 3212 756 de
3231 700 3343 758 ﬁlio
3363 703 3464 763 Ito;

196 761 484 829 ascendit:
525 771 579 818 et
607 765 798 820 eximie
825 765 876 820 in
905 768 1162 824 membris
1191 769 1304 824 suis
1323 767 1564 840 quotidie
1588 787 1778 828 ascen-
1877 781 2038 837 minis
2067 781 2337 850 dicuntur,
2365 761 2711 854 qui'exaltari
2741 761 2941 842 meruit
2963 797 3018 843 et
3043 798 3269 846 mortem
3286 796 3462 864 potius

193 853 335 908 dens
360 869 418 908 se
457 855 657 926 colligit
681 856 733 910 in
763 855 978 912 etclam.
1007 858 1263 929 Quisquis
1289 861 1341 914 in
1362 862 1558 916 coelum
1589 879 1776 918 ascen-
1872 873 2008 940 pati,
2056 887 2123 927 ne
2148 883 2362 943 putaret
2384 853 2732 932 iNicodemus
2769 877 2938 932 lilium
2967 886 3172 935 tantum
3205 853 3330 938 eum
3359 886 3456 941 ho-

191 945 330 1000 dere
388 947 656 1001 desiderat
706 949 754 1002 ei
789 948 880 1018 qui
929 951 994 1005 de
1045 951 1182 1006 etclo‘
1236 953 1512 1008 descendit
1539 963 1696 1010 etest
1721 957 1773 1010 in
1873 961 2034 1018 minis
2065 977 2204 1030 esse,
2237 980 2268 1019 a
2308 979 2415 1036 quo
2452 965 2562 1020 vita
2591 975 2732 1022 esset
2779 971 3140 1040 exspectanda
3170 984 3451 1043 perpetua,

187 1035 355 1101 cmlo,
387 1050 444 1090 se
473 1053 496 1090 κ
543 1053 599 1091 ra
627 1031 824 1094 ﬁdeiet
863 1039 1165 1096 dilectionis
1207 1043 1409 1098 unitate
1457 1047 1766 1116 eonjungit;

186 1131 382 1192 aperte
434 1123 745 1198 intelligens
792 1127 918 1198 quia
966 1129 1113 1186 nullo
1151 1130 1256 1186 alio
1301 1133 1510 1199 ordine,
1544 1137 1642 1190 nisi
1671 1153 1770 1208 per

181 1229 312 1267 eum
347 1215 436 1285 qui
464 1217 741 1272 deScendit
775 1217 840 1274 de
866 1219 1022 1286 coelo,
1060 1229 1236 1290 potest
1265 1225 1558 1279 ascendere
1584 1226 1634 1280 in
1657 1242 1768 1282 (εοε-

179 1303 320 1359 lum.
349 1305 502 1362 Unde
529 1309 661 1364 alias
709 1310 826 1380 ipse
861 1313 991 1368 dicit
1020 1330 1032 1367 :
1073 1313 1399 1370 Nemo-vertit
1453 1317 1522 1371 ad
1553 1317 1764 1374 Patrem

177 1395 288 1448 nisi
305 1413 399 1466 per
418 1413 520 1452 me.
1405 1426 1412 1431 '

253 1483 322 1537 Et
345 1485 479 1540 sicut
506 1485 711 1558 Moyses
738 1489 984 1545 exultavit
1007 1505 1290 1565 serpentem
1321 1497 1376 1551 in
1419 1498 1638 1564 deserto,
1687 1501 1763 1555 ita

169 1575 405 1630 exaltari
435 1585 632 1648 oportet
679 1579 851 1649 ﬁlium
881 1583 1128 1640 hominis.
1173 1587 1302 1642 Mira
1333 1591 1628 1659 magisterii
1652 1608 1761 1648 cos-

167 1664 329 1721 lestis
380 1677 496 1723 arte
549 1671 806 1728 Dominus
856 1675 1170 1746 magistrum
1227 1679 1361 1750 legis
1419 1681 1664 1739 Mosaicae
1690 1686 1757 1741 ad

167 1759 512 1822 spiritualem
556 1761 690 1834 legis
729 1763 964 1835 ejusdem
1023 1784 1238 1825 sensum
1296 1771 1520 1841 inducit,
1569 1794 1753 1833 recor-

166 1847 309 1902 dans
345 1849 582 1907 historize
612 1856 830 1926 veteris,
855 1865 912 1912 et
937 1859 1076 1914 hanc
1124 1860 1177 1915 in
1229 1862 1455 1934 ﬁguram
1485 1883 1595 1922 suae
1622 1885 1744 1940 pas-

1871 1056 2080 1108 curavit
2115 1057 2164 1110 ei
2195 1056 2451 1112 Dominus
2483 1057 2646 1112 etiam
2677 1059 2976 1114 divinitatis
3007 1075 3119 1116 sua:
3144 1063 3453 1132 patefacere

1868 1157 2286 1215 sacramentum,
2343 1165 2613 1219 unumque
2653 1159 2707 1206 et
2739 1153 2987 1208 eumdem
3008 1153 3176 1209 lilium
3218 1156 3450 1214 hominis

1868 1237 2051 1292 mundi
2078 1241 2364 1295 ostendere
2391 1240 2746 1310 Salvatorem,
2770 1247 2859 1314 qui
2880 1247 3013 1302 vivit
3037 1257 3092 1303 et
3111 1259 3300 1320 regnat
3328 1267 3448 1307 eum

1867 1325 1976 1382 Deo
2002 1329 2160 1384 Patre
2184 1331 2236 1384 in
2265 1333 2473 1389 unitate
2493 1333 2730 1406 Spiritus
2757 1335 2818 1391 S.
2850 1338 2993 1394 Deus
3021 1353 3118 1410 per
3139 1343 3322 1397 omnia
3353 1357 3449 1398 θω-

1865 1419 1990 1476 cula
2013 1423 2354 1480 saeculorum.
2384 1425 2576 1482 Amen.

2379 1538 2662 1596 HOMILIA
2691 1539 2921 1598 LXXIII.

2515 1626 2672 1667 l-‘ERIA
2712 1627 2784 1668 IV.

1860 1696 2046 1754 Lectio
2090 1699 2344 1771 Epistolas
2369 1704 2540 1759 sancti
2570 1705 2796 1775 apostoli
2839 1705 2992 1760 Pauli
3019 1707 3088 1762 ad
3118 1707 3442 1762 Corinthios.

1929 1789 2170 1855 Fratres,
2201 1794 2247 1846 si
2293 1793 2533 1850 Christus
2577 1797 2896 1866 praedicatur
2941 1798 3079 1868 quod
3105 1799 3384 1852 resurrexit
3413 1815 3446 1851 η

1856 1883 2095 1946 mortuis,
2144 1885 2402 1954 quomodo
2446 1887 2660 1956 quidam
2689 1887 2872 1942 dicunt
2907 1889 2961 1943 in
3003 1890 3147 1943 vobis
3195 1889 3445 1960 quoniam

164 1939 340 1996 sionis
367 1952 531 2013 atque
561 1945 874 2004 salvationis
901 1951 1147 2006 humanae
1186 1954 1385 2010 factam
1421 1959 1744 2017 edissereus.
1778 1977 1824 2036 Β
1854 1976 2162 2028 resurrectio
2198 1986 2526 2032 mortuorum
2555 1995 2658 2033 non
2683 1989 2756 2035 est
2783 1981 2808 2034 .’
2837 1980 2898 2036 Si
2933 1991 3106 2036 autem
3133 1984 3442 2036 resurrectio

161 2031 366 2089 Narrat
417 2038 612 2108 quippe
649 2040 786 2096 liber
835 2042 1189 2101 Numerorum
1237 2051 1360 2119 quia
1395 2061 1656 2122 pertzesus
1694 2057 1747 2112 in

161 2139 351 2181 eremo
375 2130 603 2198 populus
643 2132 806 2188 Israel
833 2135 1043 2194 itineris
1067 2138 1210 2210 longi
1238 2157 1302 2196 ac
1329 2143 1554 2212 laboris,
1597 2164 1746 2202 nutr-

159 2220 400 2274 tnuravit
443 2227 631 2277 contra
679 2223 961 2283 Dominum
995 2237 1049 2285 et
1095 2231 1312 2304 Moysen
1344 2255 1357 2289 :
1387 2236 1613 2308 ideoque
1644 2241 1748 2296 Do-

157 2305 346 2362 minus
369 2311 578 2368 miSerit
602 2317 655 2367 in
680 2314 829 2370 illum
863 2319 1058 2390 ignitus
1087 2333 1389 2394 serpentes,
1422 2330 1488 2384 ad
1515 2346 1744 2400 quorum

154 2397 351 2470 plagas
402 2409 454 2456 et
506 2415 720 2463 morsus
754 2409 1105 2480 plurimorum
1157 2432 1277 2473 cum
1324 2397 1624 2480 clamarent
1675 2427 1744 2481 ad

151 2487 378 2562 Moysen
403 2505 458 2550 et
505 2487 592 2552 illc
620 2509 824 2568 oraret,
875 2503 1038 2574 jussit
1091 2523 1214 2565 cum
1253 2511 1514 2570 Dominus
1563 2515 1742 2576 facere

149 2593 466 2654 serpentem
487 2605 691 2650 :eneum
715 2605 769 2652 et
783 2612 983 2672 ponere
1006 2612 1104 2673 pro
1121 2605 1292 2677 signo.
1325 2609 1429 2675 Qui
1439 2629 1740 2682 percussus,

149 2676 352 2747 inquit,
403 2687 664 2752 aspexerit
720 2703 860 2757 eum,
917 2693 1088 2761 t’ivet;
1147 2676 1200 2752 et
1247 2697 1322 2754 ita
1383 2676 1585 2758 factum
1635 2676 1734 2762 est;

143 2764 334 2837 Plagae
379 2771 542 2843 igitur
587 2781 916 2850 serpentium
947 2785 1238 2855 ignitorum
1275 2806 1481 2848 venena
1513 2803 1638 2851 sunt
1685 2807 1740 2853 et

141 2855 430 2914 incentiva
463 2863 728 2932 vitiorum,
760 2885 880 2940 quae
901 2875 1140 2930 animum
1168 2893 1326 2948 quem
1355 2888 1582 2954 tangunt
1630 2888 1739 2957 Spi-

142 2949 304 3004 rilali
335 2965 508 3010 morte
540 2957 828 3028 perimunt.
881 2965 948 3020 Et
991 2967 1128 3023 bene
1157 2949 1502 3030 murmurans
1544 2949 1732 3033 conira

137 3041 440 3127 Dominum
469 3051 692 3122 populus
719 3057 1050 3127 serpentium
1095 3063 1363 3118 morsibus
1393 3070 1737 3126 sternebatur

135 3125 229 3194 tit,
258 3147 324 3187 ex
353 3137 542 3195 Ordine
581 3141 776 3214 ﬂagelli
812 3125 1131 3216 exterioris,
1187 3163 1508 3224 agnosceret
1561 3175 1735 3229 quan-

141 3232 262 3278 tam
307 3227 454 3283 intus
482 3234 776 3300 perniciem
815 3244 1202 3299 murmurando
1238 3256 1538 3315 pateretur,
1578 3227 1731 3306 exal-

1852 2071 2180 2120 mortuorum
2212 2083 2315 2120 non
2336 2076 2430 2133 est,
2464 2084 2626 2140 neque
2650 2069 2887 2124 Christus
2917 2074 3220 2128 resurrexit.
3253 2071 3312 2127 Si
3337 2087 3436 2125 au-

1849 2163 1953 2208 tem
1968 2153 2208 2210 Christus
2231 2173 2334 2211 non
2363 2161 2668 2225 resurrexit,
2697 2162 2870 2216 inanis
2890 2172 2966 2216 est
2990 2179 3112 2233 ergo
3137 2163 3440 2233 praedicatio

1850 2255 2048 2313 nostra,
2081 2249 2256 2304 inanis
2281 2260 2358 2305 est
2384 2261 2430 2305 et
2460 2253 2591 2322 fides
2628 2265 2806 2309 nostra
2827 2296 2841 2322 ,
2867 2263 2975 2312 etc.

1918 2335 2043 2392 "me
2073 2355 2104 2392 a
2138 2338 2289 2396 falsis
2319 2344 2574 2412 apostolis
2594 2353 2750 2400 erant
2775 2347 2996 2413 tradita,
3027 2347 3120 2416 qui
3159 2345 3436 2404 Christum

1846 2438 2021 2498 neque
2048 2439 2257 2497 natum,
2291 2449 2466 2503 neque
2494 2436 2546 2489 in
2579 2452 2744 2492 carne
2784 2453 3027 2507 passum,
3053 2455 3228 2510 neque
3257 2457 3438 2498 resur-

1845 2521 2054 2578 resisse
2087 2527 2420 2580 asserebant.
2472 2527 2618 2595 Quos
2653 2535 2710 2584 et
2743 2529 2977 2586 Joannes
3015 2534 3289 2602 apostolus
3337 2534 3432 2590 de-

1843 2619 2026 2680 notat,
2084 2616 2176 2685 qui
2219 2615 2495 2672 Christum
2555 2619 2610 2674 in
2657 2635 2822 2676 carne
2876 2623 3088 2679 venisse
3144 2625 3431 2696 negabant.

1844 2703 1998 2758 Unde
2021 2703 2173 2770 dicit,
2191 2708 2281 2776 qui
2302 2719 2452 2778 negat
2468 2709 2732 2766 Christum
2757 2713 2812 2766 in
2833 2727 2988 2768 carne
3013 2715 3226 2780 venisse,
3249 2716 3332 2770 hic
3359 2726 3431 2770 est

1839 2794 2210 2852 Antichristus.
2237 2799 2303 2853 Et
2326 2803 2414 2870 qui
2439 2813 2591 2872 negat
2614 2801 2836 2868 Filium,
2857 2821 2952 2859 nec
3003 2805 3211 2860 Patrem
3255 2807 3429 2874 habet,

1841 2885 1928 2940 isti
1958 2887 2305 2943 auibulabaut
2359 2901 2411 2944 et
2441 2894 2796 2960 quorumdam
2830 2893 2990 2948 ﬁdem
3017 2910 3086 2950 ne
3113 2895 3429 2966 impruden-

1841 2983 1924 3030 tes
1945 2991 1975 3030 a
2015 2979 2201 3032 mundi
2229 2980 2564 3049 sapientibus
2605 2981 2982 3052 iudicarentur
3026 2987 3424 3050 subvertebant,

1838 3067 1964 3135 quia
1993 3069 2284 3137 prudentes
2313 3071 2494 3126 saeculi
2516 3073 2738 3128 stultum
2756 3075 3022 3146 iudicant,
3051 3093 3174 3132 cum
3199 3078 3427 3133 audiunt

1839 3147 2290 3215 resurrectionem
2318 3171 2676 3218 mortuorum.
2729 3164 2882 3230 Quod
2907 3167 2952 3220 si
2973 3207 2988 3231 ,
3026 3167 3220 3236 inquit,
3247 3185 3422 3222 verum

1838 3263 1912 3310 est
1945 3256 2066 3326 quia
2091 3254 2330 3312 Christus
2378 3275 2481 3312 non
2525 3259 2828 3323 resurrexit,
2887 3258 3013 3328 falsi
3059 3276 3242 3314 sumus
3289 3277 3425 3330 pne-

141 3320 286 3376 tatis
309 3329 488 3380 autem
516 3332 783 3400 serpentis
808 3336 963 3402 uinci,
989 3353 1148 3408 quem
1180 3342 1302 3396 dum
1336 3347 1576 3414 percussi
1604 3365 1727 3420 per.
1755 3335 1800 3399 C
1832 3320 2091 3401 dicaiores
2113 3389 2127 3412 ,
2191 3356 2240 3402 et
2300 3348 2432 3416 ﬁdes
2495 3358 2675 3402 nostra
2727 3349 2900 3404 inanis
2959 3359 3052 3405 est.
3109 3350 3224 3405 Hoc
3276 3351 3420 3405 enim

135 3415 418 3484 spicerent
442 3423 798 3492 sanabuntur,
827 3429 1006 3498 passio
1047 3439 1132 3486 est
1157 3435 1330 3489 nostri
1365 3415 1728 3511 redemptoris

137 3507 199 3562 in
228 3525 410 3577 cruce,
445 3514 498 3566 in
530 3516 684 3586 cujus
719 3519 888 3574 solum
913 3521 1018 3578 lide
1053 3538 1280 3596 regnum
1303 3532 1495 3587 mortis
1521 3507 1577 3588 et
1599 3541 1726 3605 pec-

134 3600 252 3654 cati
277 3611 584 3672 superatur.
620 3607 788 3665 Reete
843 3615 1039 3669 etenim
1070 3631 1165 3686 per
1211 3630 1490 3691 serpentes
1533 3600 1724 3695 pecca-

133 3696 215 3754 ta,
258 3706 378 3760 quae
421 3696 655 3751 animam
686 3701 844 3755 simul
892 3709 946 3758 et
975 3721 1168 3777 corpus
1194 3713 1261 3764 ad
1303 3711 1579 3770 interitum
1613 3723 1724 3772 tra-

133 3784 300 3849 hunt,
326 3790 722 3859 exprimuntur,
750 3804 852 3850 non
882 3795 1054 3853 solum
1077 3802 1200 3870 quia
1222 3803 1398 3874 igniti,
1423 3808 1550 3876 quia
1573 3810 1720 3864 viru—

131 3875 295 3939 lenti,
357 3880 482 3950 quia
537 3883 604 3936 ad
656 3886 1031 3954 perimendum
1078 3899 1204 3948 sont
1255 3875 1494 3966 statuti,
1532 3915 1718 3958 verum

129 3967 302 4021 etiam
333 3970 458 4039 quia
497 3987 592 4042 per
631 3979 932 4045 serpentem
963 3981 1124 4050 primi
1152 3995 1403 4053 parentes
1441 3989 1614 4045 nostri
1650 3993 1720 4046 ad

126 4059 472 4128 peccandum
500 4067 763 4134 persuasi,
799 4087 862 4126 ac
892 4073 956 4127 de
983 4074 1382 4135 immortalibus
1426 4089 1554 4138 sunt
1586 4094 1715 4154 pec-

127 4153 312 4210 cando
342 4160 592 4215 mortales
621 4161 818 4218 elI'ecti.
860 4165 1026 4222 Recte
1047 4185 1144 4238 per
1169 4183 1474 4242 serpentem
1505 4192 1714 4232 mneum

125 4245 404 4303 Dominus
434 4251 733 4308 ostenditur
761 4257 852 4326 qui
887 4260 1036 4314 venit
1064 4262 1116 4316 in
1155 4263 1561 4323 similitudinem
1595 4286 1716 4325 car-

123 4333 216 4393 itis
239 4343 476 4410 peccati.
505 4344 638 4410 Quia
665 4348 802 4402 sicut
847 4366 1029 4405 aeneus
1059 4368 1282 4424 serpens
1337 4357 1564 4429 elligiem
1591 4362 1715 4432 qui-

123 4433 252 4489 dem
286 4435 472 4506 ignitis
515 4441 851 4510 scrpentilms
883 4444 1134 4512 similem,
1192 4449 1283 4504 sed
1327 4451 1531 4508 nullum
1560 4463 1715 4525 pror-

124 4541 224 4580 sus
263 4527 317 4580 in
353 4527 464 4582 suis
489 4531 746 4587 membris
770 4533 957 4588 habuit
985 4535 1232 4594 ardorem
1283 4544 1475 4598 veneni
1507 4558 1710 4602 nocen-

126 4620 220 4684 tis,
253 4619 384 4690 quiu
437 4621 615 4690 potius
648 4637 957 4694 percussos,
981 4643 1010 4682 a
1038 4633 1376 4700 serpentibus
1433 4651 1529 4692 sua
1565 4639 1711 4698 exal-

1831 3440 2178 3496 crediderunt
2231 3441 2485 3512 Apostolo
2533 3441 2878 3512 praedicante,
2929 3444 3058 3514 quia
3107 3445 3306 3498 πηοτιυὶ
3337 3459 3426 3500 re—

1829 3539 2074 3602 surgent,
2104 3541 2161 3588 et
2207 3533 2311 3588 hac
2372 3549 2466 3604 spe
2518 3535 2736 3590 attracti
2767 3544 2896 3590 sunt
2939 3537 3006 3590 ad
3037 3534 3221 3602 ﬁdem,
3276 3535 3422 3605 quod

1826 3625 2015 3696 utique
2075 3626 2141 3681 ad
2191 3625 2574 3683 detrimentum
2621 3627 2834 3682 illorum
2881 3629 3146 3699 proﬁcere
3201 3628 3418 3695 asserit,

1825 3719 1872 3775 si
1923 3719 2272 3785 crediderint,
2328 3721 2470 3790 quod
2525 3721 2765 3774 futurum
2809 3735 2916 3774 non
2961 3729 3064 3775 est.
3121 3721 3190 3774 Et
3243 3721 3419 3790 pudo-

1824 3807 1902 3861 ris
1932 3817 2018 3861 cst
2060 3818 2120 3860 ut
2169 3809 2363 3878 aliquis
2405 3812 2740 3878 proﬁteatur,
2792 3813 2894 3868 hoc
2932 3811 3228 3867 credidisse
3272 3809 3416 3879 quod

1823 3895 2020 3950 falsum
2102 3905 2203 3951 est.
2268 3897 2335 3952 Et
2409 3900 2793 3954 verecundiam
2869 3917 2998 3971 ergo
3077 3900 3184 3955 illis
3253 3900 3410 3954 incu-

1822 3987 1908 4052 tit,
1959 3995 2014 4044 et
2059 3988 2273 4044 labores
2321 3990 2534 4044 illorum
2579 3991 2712 4046 dicit
2755 3993 3141 4057 infructuosos,
3185 3992 3232 4046 si
3267 3991 3413 4060 quod

1822 4091 1853 4131 a
1883 4077 2032 4133 falsis
2065 4081 2324 4150 apostolis
2357 4083 2644 4136 audierunt
2676 4099 2861 4138 verum
2890 4092 2993 4150 est,
3043 4086 3185 4152 quod
3209 4085 3410 4138 mortui

1821 4185 1929 4226 non
1955 4180 2257 4243 resurgent.
2295 4173 2448 4240 Quod
2498 4190 2655 4229 nemo
2681 4175 2869 4246 utique
2895 4177 2963 4229 de
2997 4191 3057 4230 se
3083 4175 3286 4245 patitur
3309 4190 3404 4228 auo

1819 4262 1938 4317 dire
1965 4273 2024 4318 ut
2049 4265 2294 4320 videntes
2343 4265 2446 4320 hoc
2469 4274 2661 4322 contra
2700 4281 2761 4321 se
2801 4280 2924 4321 esse
2971 4274 3318 4321 revertentur
3338 4265 3408 4320 ad

1817 4357 2050 4427 primam
2077 4358 2258 4413 (idem.

1892 4447 2204 4503 Ineeuimur
2231 4457 2409 4504 autem
2433 4457 2482 4502 et
2505 4448 2628 4519 falsi
2673 4458 2828 4506 testes
2861 4448 2985 4516 Dei,
3029 4451 3282 4522 quoniam
3326 4458 3408 4505 te-

1817 4537 2123 4591 stimonium
2143 4538 2368 4592 dicimus
2392 4539 2642 4594 adversus
2671 4539 2866 4607 Deum,
2911 4542 3048 4611 quod
3081 4539 3406 4595 suscitaverit

1819 4624 2111 4695 Christum,
2166 4645 2320 4700 quem
2347 4646 2455 4684 non
2503 4631 2793 4686 suscitavit.
2854 4632 2957 4698 Qui
3015 4633 3213 4686 asserit
3262 4631 3403 4700 quod

123 4711 338 4764 υιιίυηθ
359 4689 620 4769 sanabat:
650 4689 730 4771 sic
754 4717 1010 4773 nimiruin
1033 4721 1109 4776 sic
1137 4719 1464 4796 Redemptor
1489 4729 1710 4785 humani

1838 4719 2096 4774 lin-istum
2128 4720 2269 4774 Deus
2303 4736 2332 4774 a
2371 4720 2620 4784 mortuis,
2674 4721 2977 4786 suscitavit,
3007 4721 3176 4776 falsus
3217 4729 3300 4774 cst
3329 4732 3403 4775 te-

117 4803 346 4873 gcneris
385 4821 490 4859 non
528 4823 746 4862 carm-in
779 4813 1008 4880 peccati,
1061 4815 1156 4868 sed
1195 4816 1596 4876 similitudinem
1625 4823 1714 4878 in-

120 4895 244 4949 duit
278 4899 461 4952 carnis
489 4901 720 4969 peccati.
762 4903 815 4956 in
839 4919 942 4972 qua
977 4915 1206 4962 mortem
1236 4913 1416 4967 crucis
1440 4915 1712 4982 patiendo,

116 4987 414 5042 credentes
437 4989 493 5043 in
527 5004 586 5044 se
634 4991 700 5044 ab
725 4993 870 5046 omni
899 5001 1124 5063 peccato
1151 5005 1206 5052 et
1257 5001 1326 5055 ab
1377 4999 1492 5072 ipsa
1545 5004 1709 5058 etiam

115 5085 306 5130 morte
335 5077 612 5134 liberaret.

195 5164 264 5218 Ut
290 5169 459 5223 omnis
483 5176 574 5240 qui
597 5172 760 5227 credit
789 5173 842 5230 in
887 5175 1022 5248 ipso,
1054 5193 1157 5234 non
1183 5189 1381 5250 pereat,
1409 5183 1500 5238 sed
1523 5183 1712 5240 habent

113 5258 281 5312 ritum
329 5267 597 5316 a’ternam.
646 5260 812 5333 Cujus
845 5267 1059 5336 quidem
1106 5272 1258 5326 verbi
1308 5283 1454 5342 patet
1500 5291 1707 5341 sensus,

110 5349 242 5420 quia
270 5352 362 5419 qui
387 5351 558 5407 credit
580 5355 634 5409 in
661 5355 843 5411 Jesum
881 5373 987 5413 non
1012 5359 1182 5414 solum
1209 5365 1565 5431 perditionem
1593 5381 1712 5421 eva-

109 5441 194 5496 dit
233 5459 552 5514 pazuarum,
595 5449 690 5504 sed
731 5455 785 5503 et
829 5451 994 5504 vitam
1041 5453 1270 5522 percipit
1313 5463 1590 5514 aeternam.
1645 5459 1714 5514 Et

110 5533 224 5589 hoc
255 5533 398 5589 inter
425 5536 648 5608 ﬁguram
675 5539 840 5594 distat
866 5547 918 5595 et
948 5544 1229 5597 veritatem
1257 5563 1268 5598 :
1294 5547 1420 5614 quia
1449 5564 1546 5616 per
1565 5549 1708 5604 illam

107 5627 225 5680 vita
255 5626 631 5698 protelabatur
661 5631 988 5701 temporalis,
1027 5648 1126 5703 per
1161 5635 1300 5690 hanc
1331 5637 1438 5690 vita
1477 5639 1710 5695 donatur

107 5717 236 5774 sine
284 5719 394 5774 ﬁne
423 5729 700 5775 mansura.
752 5721 855 5778 Sed
905 5727 1201 5780 curandum
1257 5727 1486 5783 solerter
1521 5737 1604 5784 est
1651 5739 1710 5786 ut

103 5811 260 5882 quod
291 5806 594 5868 intellectus
624 5813 762 5870 bene
788 5819 950 5872 sentit
977 5829 990 5872 τ
1023 5820 1268 5890 operatio
1295 5822 1563 5894 condigna
1585 5837 1710 5893 per-

103 5893 270 5971 ﬁciat
301 5917 319 5959 ι
347 5907 617 5982 quatenus
639 5903 908 5967 confessio
944 5919 1090 5970 recte
1122 5919 1324 5971 nostra:
1349 5893 1496 5982 ﬁdei,
1537 5915 1626 5992 pie
1653 5923 1710 5980 et

1815 4811 1916 4864 stis
1943 4811 2119 4864 sinon
2150 4810 2486 4865 estfactum.
2538 4811 2806 4866 Virtutem
2857 4821 3038 4866 tamen
3067 4812 3162 4866 Dei
3207 4813 3404 4882 praedi-

1814 4909 1924 4966 cat,
1954 4916 2056 4955 non
2087 4902 2273 4972 utique
2300 4909 2362 4955 ut
2387 4902 2638 4958 inimicus
2685 4904 2775 4972 qui
2801 4911 2910 4957 tam
2953 4902 3272 4957 admirabile
3318 4902 3398 4956 fa-

1813 4998 1959 5046 ctum
2009 4991 2196 5045 virtuti
2251 4990 2368 5060 ejus
2396 4993 2637 5048 ascribit.
2666 4995 2816 5061 Quod
2845 4995 2890 5049 si
2921 5009 3109 5049 verum
3139 5002 3239 5057 est,
3271 4992 3396 5061 quia

1813 5082 2070 5136 excitavit
2103 5083 2384 5137 Christum
2409 5098 2439 5137 a
2482 5083 2730 5148 mortuis,
2774 5084 2905 5154 quid
2936 5084 3023 5138 hic
3050 5083 3293 5137 dicturus
3317 5091 3399 5136 est

1814 5175 1904 5244 qui
1951 5184 2002 5228 et
2035 5175 2192 5230 testis
2219 5184 2412 5230 contra
2448 5176 2618 5231 Deum
2667 5175 2846 5232 factus
2875 5184 2979 5243 est,
3010 5185 3066 5232 et
3115 5191 3249 5248 opus
3280 5176 3400 5247 ejus

1813 5265 2098 5320 stultitiam
2133 5265 2331 5321 asserit

1890 5359 2034 5412 Nam
2061 5360 2108 5413 si
2151 5361 2346 5416 mortui
2398 5377 2502 5418 non
2531 5372 2827 5433 resurgunt,
2856 5378 3018 5433 neque
3045 5361 3285 5417 Christus
3316 5380 3395 5416 re-

1813 5455 2061 5508 surrexit.
2127 5454 2283 5520 ρκοό
2334 5457 2380 5510 si
2433 5457 2673 5512 Christus
2726 5473 2830 5513 non
2877 5461 3184 5525 resurrexit,
3227 5461 3398 5513 adhuc

1813 5549 1935 5602 estis
1969 5549 2023 5601 in
2043 5552 2268 5618 peccatis
2302 5552 2481 5604 vestris
2505 5564 2524 5602 :
2551 5568 2671 5621 ergo
2699 5552 2788 5622 qui
2819 5552 3140 5606 dormierunt
3165 5554 3220 5607 in
3245 5551 3387 5606 Chri.

1809 5649 1917 5704 sto,
1947 5642 2236 5710 perierunt.
2265 5641 2458 5697 Terret
2510 5642 2629 5698 illos
2675 5653 2733 5698 ut
2758 5645 2884 5714 quia
2916 5661 3075 5702 nemo
3124 5646 3225 5700 sibi
3256 5645 3397 5698 tuale

1809 5732 1944 5797 vult,
1973 5735 2148 5788 doleat
2183 5734 2298 5790 illos
2335 5737 2436 5790 hoc
2481 5735 2712 5803 coepisse
2760 5737 2986 5792 credere
3033 5736 3175 5806 quod
3204 5745 3394 5792 contra

1803 5824 1956 5894 ipsos
1969 5832 2052 5878 est
2066 5841 2080 5890 ;
2107 5825 2231 5894 quis
2249 5825 2396 5880 enim
2411 5833 2630 5895 peccatu
2647 5826 2748 5880 sibi
2769 5827 2994 5881 remissa
3013 5827 3148 5884 nolit
3165 5825 3393 5883 audire?

1809 5910 1879 5975 Et
1902 5916 1996 5996 qui
2031 5915 2384 5987 dormierunt,
2409 5917 2508 5993 ait,
2539 5916 2596 5977 in
2635 5915 2867 5992 Christe,I
2915 5919 3202 5994 perierunt.
3225 5916 3396 5990 Μώδ
