  <div class='ocr_page' id='page_1' title='image "/cluster/home/n/w/nwhite01/storage/ocr_20150623/110/hvd.32044015466865/157.png"; bbox 0 0 3974 6364; ppageno 0'>
   <div class='ocr_carea' id='block_1_1' title="bbox 575 403 677 464">
    <p class='ocr_par' dir='ltr' id='par_1_1' title="bbox 575 403 677 464">
     <span class='ocr_line' id='line_1_1' title="bbox 575 403 677 464; baseline -0.02 0"><span class='ocrx_word' id='word_1_1' title='bbox 575 403 677 464; x_wconf 70' lang='lat'><strong><em>291</em></strong></span> 
     </span>
    </p>
   </div>
   <div class='ocr_carea' id='block_1_2' title="bbox 1212 382 3775 452">
    <p class='ocr_par' dir='ltr' id='par_1_2' title="bbox 1212 382 3775 452">
     <span class='ocr_line' id='line_1_2' title="bbox 1212 382 3775 452; baseline -0.005 0"><span class='ocrx_word' id='word_1_2' title='bbox 1212 397 1272 452; x_wconf 91' lang='lat' dir='ltr'><strong><em>B.</em></strong></span> <span class='ocrx_word' id='word_1_3' title='bbox 1315 394 1570 452; x_wconf 78' lang='lat' dir='ltr'><strong>RABANI</strong></span> <span class='ocrx_word' id='word_1_4' title='bbox 1608 388 1829 450; x_wconf 72' lang='lat' dir='ltr'><strong>MAUBI</strong></span> <span class='ocrx_word' id='word_1_5' title='bbox 1864 386 2182 448; x_wconf 69' lang='lat' dir='ltr'><strong><em>ARCIHEP.</em></strong></span> <span class='ocrx_word' id='word_1_6' title='bbox 2222 382 2534 446; x_wconf 66' lang='lat' dir='ltr'><strong><em>HOGUN&#39;I‘.</em></strong></span> <span class='ocrx_word' id='word_1_7' title='bbox 2574 384 2859 445; x_wconf 72' lang='lat' dir='ltr'><strong><em>OPERUM</em></strong></span> <span class='ocrx_word' id='word_1_8' title='bbox 2896 385 3075 443; x_wconf 85' lang='lat' dir='ltr'><strong>PARS</strong></span> <span class='ocrx_word' id='word_1_9' title='bbox 3111 386 3180 442; x_wconf 89' lang='lat' dir='ltr'><strong><em>ll.</em></strong></span> <span class='ocrx_word' id='word_1_10' title='bbox 3699 394 3775 450; x_wconf 60' lang='lat' dir='ltr'><strong><em>an</em></strong></span> 
     </span>
    </p>
   </div>
   <div class='ocr_carea' id='block_1_3' title="bbox 574 498 3776 579">
    <p class='ocr_par' dir='ltr' id='par_1_3' title="bbox 574 498 3776 579">
     <span class='ocr_line' id='line_1_3' title="bbox 574 498 3776 579; baseline -0.004 -6"><span class='ocrx_word' id='word_1_11' title='bbox 574 517 753 573; x_wconf 85' lang='lat' dir='ltr'><strong><em>minus</em></strong></span> <span class='ocrx_word' id='word_1_12' title='bbox 778 508 1059 568; x_wconf 77' lang='lat' dir='ltr'><strong><em>hominum</em></strong></span> <span class='ocrx_word' id='word_1_13' title='bbox 1084 519 1204 561; x_wconf 84' lang='lat' dir='ltr'><strong><em>esse</em></strong></span> <span class='ocrx_word' id='word_1_14' title='bbox 1249 505 1569 567; x_wconf 72' lang='lat' dir='ltr'><strong><em>divisorem,</em></strong></span> <span class='ocrx_word' id='word_1_15' title='bbox 1610 503 1678 558; x_wconf 85' lang='lat' dir='ltr'><strong><em>ad</em></strong></span> <span class='ocrx_word' id='word_1_16' title='bbox 1706 517 1844 573; x_wconf 87' lang='lat' dir='ltr'><strong><em>quos</em></strong></span> <span class='ocrx_word' id='word_1_17' title='bbox 1873 511 1928 557; x_wconf 90' lang='lat' dir='ltr'><strong><em>et</em></strong></span> <span class='ocrx_word' id='word_1_18' title='bbox 1973 515 2156 557; x_wconf 84' lang='lat' dir='ltr'><strong><em>secum</em></strong></span> <span class='ocrx_word' id='word_1_19' title='bbox 2183 504 2236 566; x_wconf 75' lang='grc' dir='ltr'>Α</span> <span class='ocrx_word' id='word_1_20' title='bbox 2258 500 2360 570; x_wconf 75' lang='lat' dir='ltr'><strong><em>ﬁlii</em></strong></span> <span class='ocrx_word' id='word_1_21' title='bbox 2384 500 2519 555; x_wconf 86' lang='lat' dir='ltr'><strong><em>lucis</em></strong></span> <span class='ocrx_word' id='word_1_22' title='bbox 2544 498 2687 566; x_wconf 84' lang='lat' dir='ltr'><strong><em>estis,</em></strong></span> <span class='ocrx_word' id='word_1_23' title='bbox 2711 508 2762 555; x_wconf 87' lang='lat' dir='ltr'><strong><em>et</em></strong></span> <span class='ocrx_word' id='word_1_24' title='bbox 2789 498 2891 569; x_wconf 80' lang='lat' dir='ltr'><strong><em>ﬁlii</em></strong></span> <span class='ocrx_word' id='word_1_25' title='bbox 2915 498 3055 563; x_wconf 83' lang='lat' dir='ltr'><strong><em>diei;</em></strong></span> <span class='ocrx_word' id='word_1_26' title='bbox 3093 515 3207 556; x_wconf 83' lang='lat' dir='ltr'><strong><em>non</em></strong></span> <span class='ocrx_word' id='word_1_27' title='bbox 3249 514 3438 557; x_wconf 73' lang='lat' dir='ltr'><strong><em>cunnis</em></strong></span> <span class='ocrx_word' id='word_1_28' title='bbox 3463 508 3625 561; x_wconf 77' lang='lat' dir='ltr'><strong><em>noctis</em></strong></span> <span class='ocrx_word' id='word_1_29' title='bbox 3648 521 3776 579; x_wconf 70' lang='lat' dir='ltr'><strong><em>neque</em></strong></span> 
     </span>
    </p>
   </div>
   <div class='ocr_carea' id='block_1_4' title="bbox 573 593 2155 671">
    <p class='ocr_par' dir='ltr' id='par_1_4' title="bbox 573 593 2155 671">
     <span class='ocr_line' id='line_1_4' title="bbox 573 593 2155 671; baseline -0.011 -9"><span class='ocrx_word' id='word_1_30' title='bbox 573 614 629 662; x_wconf 90' lang='lat' dir='ltr'><strong><em>et</em></strong></span> <span class='ocrx_word' id='word_1_31' title='bbox 671 618 794 659; x_wconf 90' lang='lat' dir='ltr'><strong><em>cum</em></strong></span> <span class='ocrx_word' id='word_1_32' title='bbox 826 600 1028 671; x_wconf 82' lang='lat' dir='ltr'><strong><em>angelis</em></strong></span> <span class='ocrx_word' id='word_1_33' title='bbox 1073 595 1436 666; x_wconf 71' lang='lat' dir='ltr'><strong><em>paciﬁcandos</em></strong></span> <span class='ocrx_word' id='word_1_34' title='bbox 1463 601 1702 647; x_wconf 75' lang='lat' dir='ltr'><strong><em>venerat.</em></strong></span> <span class='ocrx_word' id='word_1_35' title='bbox 1737 593 1862 645; x_wconf 76' lang='lat' dir='ltr'><strong><em>Non</em></strong></span> <span class='ocrx_word' id='word_1_36' title='bbox 1900 593 2037 646; x_wconf 79' lang='lat' dir='ltr'><strong><em>enim</em></strong></span> <span class='ocrx_word' id='word_1_37' title='bbox 2081 601 2155 646; x_wconf 86' lang='lat' dir='ltr'><strong><em>est</em></strong></span> 
     </span>
    </p>
   </div>
   <div class='ocr_carea' id='block_1_5' title="bbox 574 685 2159 759">
    <p class='ocr_par' dir='ltr' id='par_1_5' title="bbox 574 685 2159 759">
     <span class='ocr_line' id='line_1_5' title="bbox 574 685 2159 759; baseline -0.01 -6"><span class='ocrx_word' id='word_1_38' title='bbox 574 698 718 756; x_wconf 87' lang='lat' dir='ltr'><strong><em>Deus</em></strong></span> <span class='ocrx_word' id='word_1_39' title='bbox 747 691 1083 749; x_wconf 76' lang='lat' dir='ltr'><strong><em>dissensionis</em></strong></span> <span class='ocrx_word' id='word_1_40' title='bbox 1132 689 1223 744; x_wconf 86' lang='lat' dir='ltr'><strong><em>sed</em></strong></span> <span class='ocrx_word' id='word_1_41' title='bbox 1265 688 1430 759; x_wconf 84' lang='lat' dir='ltr'><strong><em>pacis,</em></strong></span> <span class='ocrx_word' id='word_1_42' title='bbox 1468 694 1516 740; x_wconf 87' lang='lat' dir='ltr'><strong><em>et</em></strong></span> <span class='ocrx_word' id='word_1_43' title='bbox 1544 685 1900 741; x_wconf 64' lang='lat' dir='ltr'><strong><em>multitudinis</em></strong></span> <span class='ocrx_word' id='word_1_44' title='bbox 1946 686 2159 739; x_wconf 80' lang='lat' dir='ltr'><strong><em>creden-</em></strong></span> 
     </span>
    </p>
   </div>
   <div class='ocr_carea' id='block_1_6' title="bbox 574 779 2156 848">
    <p class='ocr_par' dir='ltr' id='par_1_6' title="bbox 574 779 2156 848">
     <span class='ocr_line' id='line_1_6' title="bbox 574 779 2156 848; baseline -0.009 -4"><span class='ocrx_word' id='word_1_45' title='bbox 574 791 704 844; x_wconf 88' lang='lat' dir='ltr'><strong><em>tium</em></strong></span> <span class='ocrx_word' id='word_1_46' title='bbox 726 793 836 840; x_wconf 86' lang='lat' dir='ltr'><strong><em>erat</em></strong></span> <span class='ocrx_word' id='word_1_47' title='bbox 865 800 955 837; x_wconf 89' lang='lat' dir='ltr'><strong><em>cor</em></strong></span> <span class='ocrx_word' id='word_1_48' title='bbox 976 793 1023 836; x_wconf 87' lang='lat' dir='ltr'><strong><em>et</em></strong></span> <span class='ocrx_word' id='word_1_49' title='bbox 1051 782 1229 836; x_wconf 82' lang='lat' dir='ltr'><strong><em>anima</em></strong></span> <span class='ocrx_word' id='word_1_50' title='bbox 1256 796 1384 844; x_wconf 87' lang='lat' dir='ltr'><strong><em>una,</em></strong></span> <span class='ocrx_word' id='word_1_51' title='bbox 1418 794 1508 832; x_wconf 86' lang='lat' dir='ltr'><strong><em>nec</em></strong></span> <span class='ocrx_word' id='word_1_52' title='bbox 1542 779 1817 848; x_wconf 77' lang='lat' dir='ltr'><strong><em>quisquam</em></strong></span> <span class='ocrx_word' id='word_1_53' title='bbox 1840 793 2018 830; x_wconf 85' lang='lat' dir='ltr'><strong><em>eorum</em></strong></span> <span class='ocrx_word' id='word_1_54' title='bbox 2041 793 2156 848; x_wconf 75' lang='lat' dir='ltr'><strong><em>qua:</em></strong></span> 
     </span>
    </p>
   </div>
   <div class='ocr_carea' id='block_1_7' title="bbox 574 865 2157 951">
    <p class='ocr_par' dir='ltr' id='par_1_7' title="bbox 574 865 2157 951">
     <span class='ocr_line' id='line_1_7' title="bbox 574 865 2157 951; baseline -0.011 -17"><span class='ocrx_word' id='word_1_55' title='bbox 574 877 907 951; x_wconf 80' lang='lat' dir='ltr'><strong><em>possidebant</em></strong></span> <span class='ocrx_word' id='word_1_56' title='bbox 936 872 1133 944; x_wconf 88' lang='lat' dir='ltr'><strong><em>aliquid</em></strong></span> <span class='ocrx_word' id='word_1_57' title='bbox 1173 887 1327 926; x_wconf 87' lang='lat' dir='ltr'><strong><em>suum</em></strong></span> <span class='ocrx_word' id='word_1_58' title='bbox 1354 886 1464 924; x_wconf 87' lang='lat' dir='ltr'><strong><em>esse</em></strong></span> <span class='ocrx_word' id='word_1_59' title='bbox 1490 868 1713 934; x_wconf 87' lang='lat' dir='ltr'><strong><em>dicebat,</em></strong></span> <span class='ocrx_word' id='word_1_60' title='bbox 1741 866 1831 921; x_wconf 87' lang='lat' dir='ltr'><strong><em>sed</em></strong></span> <span class='ocrx_word' id='word_1_61' title='bbox 1859 876 2007 920; x_wconf 87' lang='lat' dir='ltr'><strong><em>erant</em></strong></span> <span class='ocrx_word' id='word_1_62' title='bbox 2050 865 2157 919; x_wconf 88' lang='lat' dir='ltr'><strong><em>illis</em></strong></span> 
     </span>
    </p>
   </div>
   <div class='ocr_carea' id='block_1_8' title="bbox 575 958 2157 1024">
    <p class='ocr_par' dir='ltr' id='par_1_8' title="bbox 575 958 2157 1024">
     <span class='ocr_line' id='line_1_8' title="bbox 575 958 2157 1024; baseline -0.008 0"><span class='ocrx_word' id='word_1_63' title='bbox 575 970 751 1024; x_wconf 78' lang='lat' dir='ltr'><strong><em>omnia</em></strong></span> <span class='ocrx_word' id='word_1_64' title='bbox 796 966 1112 1021; x_wconf 73' lang='lat' dir='ltr'><strong><em>communia.</em></strong></span> <span class='ocrx_word' id='word_1_65' title='bbox 1141 962 1302 1018; x_wconf 87' lang='lat' dir='ltr'><strong><em>Solus</em></strong></span> <span class='ocrx_word' id='word_1_66' title='bbox 1348 969 1531 1016; x_wconf 90' lang='lat' dir='ltr'><strong><em>autem</em></strong></span> <span class='ocrx_word' id='word_1_67' title='bbox 1575 958 1928 1014; x_wconf 76' lang='lat' dir='ltr'><strong><em>fraternitatis</em></strong></span> <span class='ocrx_word' id='word_1_68' title='bbox 1957 958 2157 1012; x_wconf 78' lang='lat' dir='ltr'><strong><em>divisor</em></strong></span> 
     </span>
    </p>
   </div>
   <div class='ocr_carea' id='block_1_9' title="bbox 573 1051 2152 1122">
    <p class='ocr_par' dir='ltr' id='par_1_9' title="bbox 573 1051 2152 1122">
     <span class='ocr_line' id='line_1_9' title="bbox 573 1051 2152 1122; baseline -0.008 -7"><span class='ocrx_word' id='word_1_69' title='bbox 573 1068 630 1115; x_wconf 89' lang='lat' dir='ltr'><strong><em>et</em></strong></span> <span class='ocrx_word' id='word_1_70' title='bbox 655 1068 845 1114; x_wconf 85' lang='lat' dir='ltr'><strong><em>auctor</em></strong></span> <span class='ocrx_word' id='word_1_71' title='bbox 872 1055 1196 1112; x_wconf 70' lang='lat' dir='ltr'><strong><em>dissentires</em></strong></span> <span class='ocrx_word' id='word_1_72' title='bbox 1222 1062 1309 1109; x_wconf 88' lang='lat' dir='ltr'><strong><em>est</em></strong></span> <span class='ocrx_word' id='word_1_73' title='bbox 1355 1052 1464 1119; x_wconf 89' lang='lat' dir='ltr'><strong><em>ille,</em></strong></span> <span class='ocrx_word' id='word_1_74' title='bbox 1494 1053 1562 1108; x_wconf 90' lang='lat' dir='ltr'><strong><em>de</em></strong></span> <span class='ocrx_word' id='word_1_75' title='bbox 1589 1068 1698 1122; x_wconf 88' lang='lat' dir='ltr'><strong><em>quo</em></strong></span> <span class='ocrx_word' id='word_1_76' title='bbox 1730 1066 1891 1122; x_wconf 81' lang='lat' dir='ltr'><strong>supra</strong></span> <span class='ocrx_word' id='word_1_77' title='bbox 1937 1051 2152 1117; x_wconf 87' lang='lat' dir='ltr'><strong><em>dicitur,</em></strong></span> 
     </span>
    </p>
   </div>
   <div class='ocr_carea' id='block_1_10' title="bbox 569 1143 2151 1223">
    <p class='ocr_par' dir='ltr' id='par_1_10' title="bbox 569 1143 2151 1223">
     <span class='ocr_line' id='line_1_10' title="bbox 569 1143 2151 1223; baseline -0.004 -19"><span class='ocrx_word' id='word_1_78' title='bbox 569 1151 661 1223; x_wconf 80' lang='lat' dir='ltr'><strong><em>qui</em></strong></span> <span class='ocrx_word' id='word_1_79' title='bbox 684 1167 787 1205; x_wconf 85' lang='lat' dir='ltr'><strong><em>non</em></strong></span> <span class='ocrx_word' id='word_1_80' title='bbox 813 1149 1008 1219; x_wconf 79' lang='lat' dir='ltr'><strong><em>colligit</em></strong></span> <span class='ocrx_word' id='word_1_81' title='bbox 1032 1162 1231 1203; x_wconf 76' lang='lat' dir='ltr'><strong><em>mecum</em></strong></span> <span class='ocrx_word' id='word_1_82' title='bbox 1254 1146 1537 1216; x_wconf 78' lang='lat' dir='ltr'><strong><em>dispergit;</em></strong></span> <span class='ocrx_word' id='word_1_83' title='bbox 1564 1153 1618 1201; x_wconf 87' lang='lat' dir='ltr'><strong><em>et</em></strong></span> <span class='ocrx_word' id='word_1_84' title='bbox 1640 1146 1708 1201; x_wconf 77' lang='lat' dir='ltr'><strong><em>de</em></strong></span> <span class='ocrx_word' id='word_1_85' title='bbox 1735 1144 1992 1200; x_wconf 84' lang='lat' dir='ltr'><strong><em>membris</em></strong></span> <span class='ocrx_word' id='word_1_86' title='bbox 2015 1143 2151 1199; x_wconf 82' lang='lat' dir='ltr'><strong><em>illis:</em></strong></span> 
     </span>
    </p>
   </div>
   <div class='ocr_carea' id='block_1_11' title="bbox 576 1236 2154 1309">
    <p class='ocr_par' dir='ltr' id='par_1_11' title="bbox 576 1236 2154 1309">
     <span class='ocr_line' id='line_1_11' title="bbox 576 1236 2154 1309; baseline -0.002 -16"><span class='ocrx_word' id='word_1_87' title='bbox 576 1239 742 1294; x_wconf 81' lang='lat' dir='ltr'><strong><em>Omne</em></strong></span> <span class='ocrx_word' id='word_1_88' title='bbox 768 1254 982 1309; x_wconf 77' lang='lat' dir='ltr'><strong><em>regnum</em></strong></span> <span class='ocrx_word' id='word_1_89' title='bbox 1006 1239 1063 1291; x_wconf 84' lang='lat' dir='ltr'><strong><em>in</em></strong></span> <span class='ocrx_word' id='word_1_90' title='bbox 1098 1253 1154 1292; x_wconf 87' lang='lat' dir='ltr'><strong><em>se</em></strong></span> <span class='ocrx_word' id='word_1_91' title='bbox 1179 1237 1293 1307; x_wconf 82' lang='lat' dir='ltr'><strong><em>ipso</em></strong></span> <span class='ocrx_word' id='word_1_92' title='bbox 1317 1236 1542 1291; x_wconf 77' lang='lat' dir='ltr'><strong><em>divisum</em></strong></span> <span class='ocrx_word' id='word_1_93' title='bbox 1576 1236 1866 1303; x_wconf 86' lang='lat' dir='ltr'><strong><em>desolatur,</em></strong></span> <span class='ocrx_word' id='word_1_94' title='bbox 1889 1246 1938 1290; x_wconf 89' lang='lat' dir='ltr'><strong><em>et</em></strong></span> <span class='ocrx_word' id='word_1_95' title='bbox 1966 1236 2154 1291; x_wconf 87' lang='lat' dir='ltr'><strong><em>domus</em></strong></span> 
     </span>
    </p>
   </div>
   <div class='ocr_carea' id='block_1_12' title="bbox 570 1329 1171 1399">
    <p class='ocr_par' dir='ltr' id='par_1_12' title="bbox 570 1329 1171 1399">
     <span class='ocr_line' id='line_1_12' title="bbox 570 1329 1171 1399; baseline -0.002 -17"><span class='ocrx_word' id='word_1_96' title='bbox 570 1346 732 1399; x_wconf 80' lang='lat' dir='ltr'><strong><em>supra</em></strong></span> <span class='ocrx_word' id='word_1_97' title='bbox 763 1330 976 1383; x_wconf 81' lang='lat' dir='ltr'><strong><em>domum</em></strong></span> <span class='ocrx_word' id='word_1_98' title='bbox 1010 1329 1171 1384; x_wconf 80' lang='lat' dir='ltr'><strong><em>cadit.</em></strong></span> 
     </span>
    </p>
   </div>
   <div class='ocr_carea' id='block_1_13' title="bbox 641 1419 2156 1493">
    <p class='ocr_par' dir='ltr' id='par_1_13' title="bbox 641 1419 2156 1493">
     <span class='ocr_line' id='line_1_13' title="bbox 641 1419 2156 1493; baseline -0.001 -18"><span class='ocrx_word' id='word_1_99' title='bbox 641 1422 889 1493; x_wconf 70' lang='lat' dir='ltr'><strong><em>Dixitque</em></strong></span> <span class='ocrx_word' id='word_1_100' title='bbox 917 1422 986 1476; x_wconf 83' lang='lat' dir='ltr'><strong><em>ad</em></strong></span> <span class='ocrx_word' id='word_1_101' title='bbox 1010 1420 1128 1475; x_wconf 87' lang='lat' dir='ltr'><strong><em>illos</em></strong></span> <span class='ocrx_word' id='word_1_102' title='bbox 1157 1434 1175 1472; x_wconf 91' lang='lat'><strong><em>:</em></strong></span> <span class='ocrx_word' id='word_1_103' title='bbox 1216 1419 1415 1487; x_wconf 80' lang='lat' dir='ltr'><strong><em>Videte,</em></strong></span> <span class='ocrx_word' id='word_1_104' title='bbox 1444 1430 1492 1475; x_wconf 87' lang='lat' dir='ltr'><strong><em>et</em></strong></span> <span class='ocrx_word' id='word_1_105' title='bbox 1522 1430 1693 1475; x_wconf 73' lang='lat' dir='ltr'><strong><em>cavete</em></strong></span> <span class='ocrx_word' id='word_1_106' title='bbox 1721 1420 1787 1475; x_wconf 87' lang='lat' dir='ltr'><strong><em>ab</em></strong></span> <span class='ocrx_word' id='word_1_107' title='bbox 1818 1423 1959 1475; x_wconf 85' lang='lat' dir='ltr'><strong><em>omni</em></strong></span> <span class='ocrx_word' id='word_1_108' title='bbox 1983 1420 2156 1474; x_wconf 85' lang='lat' dir='ltr'><strong><em>avari-</em></strong></span> 
     </span>
    </p>
   </div>
   <div class='ocr_carea' id='block_1_14' title="bbox 571 1504 2151 1589">
    <p class='ocr_par' dir='ltr' id='par_1_14' title="bbox 571 1504 2151 1589">
     <span class='ocr_line' id='line_1_14' title="bbox 571 1504 2151 1589; baseline -0.003 -17"><span class='ocrx_word' id='word_1_109' title='bbox 571 1520 669 1583; x_wconf 86' lang='lat' dir='ltr'><strong><em>tia,</em></strong></span> <span class='ocrx_word' id='word_1_110' title='bbox 699 1519 824 1589; x_wconf 83' lang='lat' dir='ltr'><strong><em>quia</em></strong></span> <span class='ocrx_word' id='word_1_111' title='bbox 853 1504 955 1571; x_wconf 77' lang='lat' dir='ltr'><strong><em>non</em></strong></span> <span class='ocrx_word' id='word_1_112' title='bbox 984 1519 1041 1571; x_wconf 83' lang='lat' dir='ltr'><strong><em>in</em></strong></span> <span class='ocrx_word' id='word_1_113' title='bbox 1073 1516 1398 1570; x_wconf 69' lang='lat' dir='ltr'><strong><em>abundantia</em></strong></span> <span class='ocrx_word' id='word_1_114' title='bbox 1434 1514 1748 1586; x_wconf 77' lang='lat' dir='ltr'><strong><em>cujusquam</em></strong></span> <span class='ocrx_word' id='word_1_115' title='bbox 1772 1516 1875 1569; x_wconf 85' lang='lat' dir='ltr'><strong><em>vita</em></strong></span> <span class='ocrx_word' id='word_1_116' title='bbox 1905 1514 2020 1586; x_wconf 84' lang='lat' dir='ltr'><strong>ejus</strong></span> <span class='ocrx_word' id='word_1_117' title='bbox 2056 1524 2151 1581; x_wconf 88' lang='lat' dir='ltr'><strong><em>est,</em></strong></span> 
     </span>
    </p>
   </div>
   <div class='ocr_carea' id='block_1_15' title="bbox 570 1607 2154 1678">
    <p class='ocr_par' dir='ltr' id='par_1_15' title="bbox 570 1607 2154 1678">
     <span class='ocr_line' id='line_1_15' title="bbox 570 1607 2154 1678; baseline -0.001 -15"><span class='ocrx_word' id='word_1_118' title='bbox 570 1626 634 1663; x_wconf 75' lang='lat' dir='ltr'><strong><em>ea:</em></strong></span> <span class='ocrx_word' id='word_1_119' title='bbox 661 1610 743 1662; x_wconf 84' lang='lat' dir='ltr'><strong><em>his</em></strong></span> <span class='ocrx_word' id='word_1_120' title='bbox 781 1625 898 1678; x_wconf 77' lang='lat' dir='ltr'><strong><em>quw</em></strong></span> <span class='ocrx_word' id='word_1_121' title='bbox 923 1608 1173 1678; x_wconf 80' lang='lat' dir='ltr'><strong><em>possidet.</em></strong></span> <span class='ocrx_word' id='word_1_122' title='bbox 1203 1607 1355 1661; x_wconf 83' lang='lat' dir='ltr'><strong><em>Sicut</em></strong></span> <span class='ocrx_word' id='word_1_123' title='bbox 1388 1622 1547 1677; x_wconf 85' lang='lat' dir='ltr'><strong><em>supra</em></strong></span> <span class='ocrx_word' id='word_1_124' title='bbox 1580 1608 1836 1661; x_wconf 85' lang='lat' dir='ltr'><strong><em>Dominus</em></strong></span> <span class='ocrx_word' id='word_1_125' title='bbox 1869 1608 2154 1661; x_wconf 81' lang='lat' dir='ltr'><strong><em>adversum</em></strong></span> 
     </span>
    </p>
   </div>
   <div class='ocr_carea' id='block_1_16' title="bbox 567 1691 2154 1771">
    <p class='ocr_par' dir='ltr' id='par_1_16' title="bbox 567 1691 2154 1771">
     <span class='ocr_line' id='line_1_16' title="bbox 567 1691 2154 1771; baseline -0.003 -15"><span class='ocrx_word' id='word_1_126' title='bbox 567 1700 911 1769; x_wconf 79' lang='lat' dir='ltr'><strong><em>blasphemus</em></strong></span> <span class='ocrx_word' id='word_1_127' title='bbox 937 1708 993 1755; x_wconf 92' lang='lat' dir='ltr'><strong>et</strong></span> <span class='ocrx_word' id='word_1_128' title='bbox 1019 1700 1329 1771; x_wconf 85' lang='lat' dir='ltr'><strong><em>hypocritas</em></strong></span> <span class='ocrx_word' id='word_1_129' title='bbox 1370 1699 1536 1754; x_wconf 89' lang='lat' dir='ltr'><strong><em>multa</em></strong></span> <span class='ocrx_word' id='word_1_130' title='bbox 1566 1699 1800 1764; x_wconf 74' lang='lat' dir='ltr'><strong><em>dixerat,</em></strong></span> <span class='ocrx_word' id='word_1_131' title='bbox 1827 1698 1905 1753; x_wconf 89' lang='lat' dir='ltr'><strong><em>sic</em></strong></span> <span class='ocrx_word' id='word_1_132' title='bbox 1932 1707 1988 1753; x_wconf 89' lang='lat' dir='ltr'><strong><em>et</em></strong></span> <span class='ocrx_word' id='word_1_133' title='bbox 2024 1691 2154 1752; x_wconf 88' lang='lat' dir='ltr'><strong><em>hinc</em></strong></span> 
     </span>
    </p>
   </div>
   <div class='ocr_carea' id='block_1_17' title="bbox 567 1791 2152 1863">
    <p class='ocr_par' dir='ltr' id='par_1_17' title="bbox 567 1791 2152 1863">
     <span class='ocr_line' id='line_1_17' title="bbox 567 1791 2152 1863; baseline -0.002 -13"><span class='ocrx_word' id='word_1_134' title='bbox 567 1796 854 1850; x_wconf 85' lang='lat' dir='ltr'><strong><em>occasione</em></strong></span> <span class='ocrx_word' id='word_1_135' title='bbox 900 1793 1061 1863; x_wconf 82' lang='lat' dir='ltr'><strong>hujus</strong></span> <span class='ocrx_word' id='word_1_136' title='bbox 1106 1791 1254 1848; x_wconf 78' lang='lat' dir='ltr'><strong><em>stulti</em></strong></span> <span class='ocrx_word' id='word_1_137' title='bbox 1300 1793 1570 1862; x_wconf 84' lang='lat' dir='ltr'><strong><em>petitoris,</em></strong></span> <span class='ocrx_word' id='word_1_138' title='bbox 1613 1792 1871 1847; x_wconf 82' lang='lat' dir='ltr'><strong><em>adversus</em></strong></span> <span class='ocrx_word' id='word_1_139' title='bbox 1911 1791 2152 1847; x_wconf 76' lang='lat' dir='ltr'><strong><em>avaritia:</em></strong></span> 
     </span>
    </p>
   </div>
   <div class='ocr_carea' id='block_1_18' title="bbox 2258 588 3777 661">
    <p class='ocr_par' dir='ltr' id='par_1_18' title="bbox 2258 588 3777 661">
     <span class='ocr_line' id='line_1_18' title="bbox 2258 588 3777 661; baseline 0.003 -16"><span class='ocrx_word' id='word_1_140' title='bbox 2258 590 2624 656; x_wconf 82' lang='lat' dir='ltr'><strong><em>tenebrarum,</em></strong></span> <span class='ocrx_word' id='word_1_141' title='bbox 2654 590 2771 645; x_wconf 79' lang='lat' dir='ltr'><strong><em>dies</em></strong></span> <span class='ocrx_word' id='word_1_142' title='bbox 2802 588 2950 644; x_wconf 84' lang='lat' dir='ltr'><strong><em>enim</em></strong></span> <span class='ocrx_word' id='word_1_143' title='bbox 2977 590 3158 645; x_wconf 79' lang='lat' dir='ltr'><strong><em>exitus</em></strong></span> <span class='ocrx_word' id='word_1_144' title='bbox 3184 597 3445 661; x_wconf 82' lang='lat' dir='ltr'><strong><em>tanquam</em></strong></span> <span class='ocrx_word' id='word_1_145' title='bbox 3473 591 3555 647; x_wconf 85' lang='lat' dir='ltr'><strong><em>fur</em></strong></span> <span class='ocrx_word' id='word_1_146' title='bbox 3594 595 3643 649; x_wconf 86' lang='lat' dir='ltr'><strong><em>in</em></strong></span> <span class='ocrx_word' id='word_1_147' title='bbox 3664 608 3777 657; x_wconf 73' lang='lat' dir='ltr'><strong><em>nocte</em></strong></span> 
     </span>
    </p>
   </div>
   <div class='ocr_carea' id='block_1_19' title="bbox 2258 681 3777 754">
    <p class='ocr_par' dir='ltr' id='par_1_19' title="bbox 2258 681 3777 754">
     <span class='ocr_line' id='line_1_19' title="bbox 2258 681 3777 754; baseline 0.002 -15"><span class='ocrx_word' id='word_1_148' title='bbox 2258 683 2703 754; x_wconf 82' lang='lat' dir='ltr'><strong><em>comprehendit:</em></strong></span> <span class='ocrx_word' id='word_1_149' title='bbox 2733 682 2949 752; x_wconf 83' lang='lat' dir='ltr'><strong><em>quando</em></strong></span> <span class='ocrx_word' id='word_1_150' title='bbox 2974 681 3269 737; x_wconf 78' lang='lat' dir='ltr'><strong><em>stultorum</em></strong></span> <span class='ocrx_word' id='word_1_151' title='bbox 3295 683 3505 739; x_wconf 85' lang='lat' dir='ltr'><strong><em>animas</em></strong></span> <span class='ocrx_word' id='word_1_152' title='bbox 3527 683 3683 743; x_wconf 86' lang='lat' dir='ltr'><strong><em>futura</em></strong></span> <span class='ocrx_word' id='word_1_153' title='bbox 3705 706 3777 747; x_wconf 67' lang='lat' dir='ltr'><strong><em>non</em></strong></span> 
     </span>
    </p>
   </div>
   <div class='ocr_carea' id='block_1_20' title="bbox 2255 772 2885 843">
    <p class='ocr_par' dir='ltr' id='par_1_20' title="bbox 2255 772 2885 843">
     <span class='ocr_line' id='line_1_20' title="bbox 2255 772 2885 843; baseline -0.003 -15"><span class='ocrx_word' id='word_1_154' title='bbox 2255 774 2695 842; x_wconf 68' lang='lat' dir='ltr'><strong><em>priameditantes</em></strong></span> <span class='ocrx_word' id='word_1_155' title='bbox 2717 772 2885 843; x_wconf 75' lang='lat' dir='ltr'><strong><em>ejicit.</em></strong></span> 
     </span>
    </p>
   </div>
   <div class='ocr_carea' id='block_1_21' title="bbox 2328 863 3779 935">
    <p class='ocr_par' dir='ltr' id='par_1_21' title="bbox 2328 863 3779 935">
     <span class='ocr_line' id='line_1_21' title="bbox 2328 863 3779 935; baseline 0.003 -15"><span class='ocrx_word' id='word_1_156' title='bbox 2328 863 2418 920; x_wconf 86' lang='lat' dir='ltr'><strong><em>Sic</em></strong></span> <span class='ocrx_word' id='word_1_157' title='bbox 2443 872 2519 918; x_wconf 88' lang='lat' dir='ltr'><strong><em>est</em></strong></span> <span class='ocrx_word' id='word_1_158' title='bbox 2543 865 2632 935; x_wconf 85' lang='lat' dir='ltr'><strong><em>qui</em></strong></span> <span class='ocrx_word' id='word_1_159' title='bbox 2658 864 2758 919; x_wconf 87' lang='lat' dir='ltr'><strong><em>sibi</em></strong></span> <span class='ocrx_word' id='word_1_160' title='bbox 2783 865 3125 930; x_wconf 77' lang='lat' dir='ltr'><strong><em>thesaurtsat,</em></strong></span> <span class='ocrx_word' id='word_1_161' title='bbox 3155 874 3207 920; x_wconf 84' lang='lat' dir='ltr'><strong><em>et</em></strong></span> <span class='ocrx_word' id='word_1_162' title='bbox 3236 881 3347 919; x_wconf 79' lang='lat' dir='ltr'><strong><em>non</em></strong></span> <span class='ocrx_word' id='word_1_163' title='bbox 3369 876 3445 920; x_wconf 88' lang='lat' dir='ltr'><strong><em>est</em></strong></span> <span class='ocrx_word' id='word_1_164' title='bbox 3477 866 3531 919; x_wconf 82' lang='lat' dir='ltr'><strong><em>in</em></strong></span> <span class='ocrx_word' id='word_1_165' title='bbox 3556 866 3695 922; x_wconf 75' lang='lat' dir='ltr'><strong><em>Deum</em></strong></span> <span class='ocrx_word' id='word_1_166' title='bbox 3725 872 3779 926; x_wconf 79' lang='lat' dir='ltr'><strong><em>di-</em></strong></span> 
     </span>
    </p>
   </div>
   <div class='ocr_carea' id='block_1_22' title="bbox 2256 955 3777 1033">
    <p class='ocr_par' dir='ltr' id='par_1_22' title="bbox 2256 955 3777 1033">
     <span class='ocr_line' id='line_1_22' title="bbox 2256 955 3777 1033; baseline 0.006 -22"><span class='ocrx_word' id='word_1_167' title='bbox 2256 973 2359 1011; x_wconf 80' lang='lat' dir='ltr'><strong><em>ves.</em></strong></span> <span class='ocrx_word' id='word_1_168' title='bbox 2389 955 2601 1012; x_wconf 86' lang='lat' dir='ltr'><strong><em>Stultus</em></strong></span> <span class='ocrx_word' id='word_1_169' title='bbox 2626 966 2731 1022; x_wconf 88' lang='lat' dir='ltr'><strong><em>est,</em></strong></span> <span class='ocrx_word' id='word_1_170' title='bbox 2755 965 2812 1013; x_wconf 88' lang='lat' dir='ltr'><strong>et</strong></span> <span class='ocrx_word' id='word_1_171' title='bbox 2838 958 2895 1013; x_wconf 89' lang='lat' dir='ltr'><strong><em>in</em></strong></span> <span class='ocrx_word' id='word_1_172' title='bbox 2927 970 3086 1014; x_wconf 85' lang='lat' dir='ltr'><strong><em>nocte</em></strong></span> <span class='ocrx_word' id='word_1_173' title='bbox 3113 959 3439 1029; x_wconf 80' lang='lat' dir='ltr'><strong><em>rapiendas,</em></strong></span> <span class='ocrx_word' id='word_1_174' title='bbox 3466 975 3587 1033; x_wconf 79' lang='lat' dir='ltr'><strong><em>ergo</em></strong></span> <span class='ocrx_word' id='word_1_175' title='bbox 3605 964 3680 1033; x_wconf 83' lang='lat' dir='ltr'><strong><em>qui</em></strong></span> <span class='ocrx_word' id='word_1_176' title='bbox 3699 966 3777 1020; x_wconf 76' lang='lat' dir='ltr'><strong><em>vult</em></strong></span> 
     </span>
    </p>
   </div>
   <div class='ocr_carea' id='block_1_23' title="bbox 2256 1049 3778 1126">
    <p class='ocr_par' dir='ltr' id='par_1_23' title="bbox 2256 1049 3778 1126">
     <span class='ocr_line' id='line_1_23' title="bbox 2256 1049 3778 1126; baseline 0.005 -23"><span class='ocrx_word' id='word_1_177' title='bbox 2256 1064 2377 1104; x_wconf 81' lang='lat' dir='ltr'><strong><em>esse</em></strong></span> <span class='ocrx_word' id='word_1_178' title='bbox 2406 1050 2459 1103; x_wconf 90' lang='lat' dir='ltr'><strong><em>in</em></strong></span> <span class='ocrx_word' id='word_1_179' title='bbox 2489 1049 2657 1105; x_wconf 87' lang='lat' dir='ltr'><strong><em>Deum</em></strong></span> <span class='ocrx_word' id='word_1_180' title='bbox 2683 1049 2855 1116; x_wconf 87' lang='lat' dir='ltr'><strong><em>dives,</em></strong></span> <span class='ocrx_word' id='word_1_181' title='bbox 2881 1067 2989 1106; x_wconf 87' lang='lat' dir='ltr'><strong><em>non</em></strong></span> <span class='ocrx_word' id='word_1_182' title='bbox 3013 1051 3115 1105; x_wconf 84' lang='lat' dir='ltr'><strong><em>sibi</em></strong></span> <span class='ocrx_word' id='word_1_183' title='bbox 3150 1052 3508 1117; x_wconf 82' lang='lat' dir='ltr'><strong><em>thesaurizet,</em></strong></span> <span class='ocrx_word' id='word_1_184' title='bbox 3531 1054 3616 1110; x_wconf 81' lang='lat' dir='ltr'><strong><em>sed</em></strong></span> <span class='ocrx_word' id='word_1_185' title='bbox 3640 1071 3778 1126; x_wconf 75' lang='lat' dir='ltr'><strong><em>paupe-</em></strong></span> 
     </span>
    </p>
   </div>
   <div class='ocr_carea' id='block_1_24' title="bbox 2255 1141 3778 1223">
    <p class='ocr_par' dir='ltr' id='par_1_24' title="bbox 2255 1141 3778 1223">
     <span class='ocr_line' id='line_1_24' title="bbox 2255 1141 3778 1223; baseline 0.005 -26"><span class='ocrx_word' id='word_1_186' title='bbox 2255 1141 2405 1197; x_wconf 83' lang='lat' dir='ltr'><strong>ribus</strong></span> <span class='ocrx_word' id='word_1_187' title='bbox 2433 1156 2682 1211; x_wconf 75' lang='lat' dir='ltr'><strong><em>possessa</em></strong></span> <span class='ocrx_word' id='word_1_188' title='bbox 2725 1141 3036 1223; x_wconf 77' lang='lat' dir='ltr'><strong><em>distribuat.</em></strong></span> <span class='ocrx_word' id='word_1_189' title='bbox 3074 1141 3171 1199; x_wconf 91' lang='lat' dir='ltr'><strong><em>Sic</em></strong></span> <span class='ocrx_word' id='word_1_190' title='bbox 3194 1144 3349 1199; x_wconf 86' lang='lat' dir='ltr'><strong><em>enim</em></strong></span> <span class='ocrx_word' id='word_1_191' title='bbox 3374 1146 3581 1215; x_wconf 80' lang='lat' dir='ltr'><strong><em>sapiens</em></strong></span> <span class='ocrx_word' id='word_1_192' title='bbox 3603 1154 3651 1202; x_wconf 89' lang='lat' dir='ltr'><strong><em>et</em></strong></span> <span class='ocrx_word' id='word_1_193' title='bbox 3681 1148 3778 1204; x_wconf 72' lang='lat' dir='ltr'><strong><em>ﬁliis</em></strong></span> 
     </span>
    </p>
   </div>
   <div class='ocr_carea' id='block_1_25' title="bbox 2256 1233 3779 1298">
    <p class='ocr_par' dir='ltr' id='par_1_25' title="bbox 2256 1233 3779 1298">
     <span class='ocr_line' id='line_1_25' title="bbox 2256 1233 3779 1298; baseline 0.007 -10"><span class='ocrx_word' id='word_1_194' title='bbox 2256 1233 2394 1290; x_wconf 91' lang='lat' dir='ltr'><strong><em>lucis</em></strong></span> <span class='ocrx_word' id='word_1_195' title='bbox 2434 1250 2555 1290; x_wconf 85' lang='lat' dir='ltr'><strong><em>esse</em></strong></span> <span class='ocrx_word' id='word_1_196' title='bbox 2595 1235 2911 1291; x_wconf 75' lang='lat' dir='ltr'><strong><em>morabitur.</em></strong></span> <span class='ocrx_word' id='word_1_197' title='bbox 2944 1234 3098 1291; x_wconf 85' lang='lat' dir='ltr'><strong><em>Unde</em></strong></span> <span class='ocrx_word' id='word_1_198' title='bbox 3126 1237 3271 1292; x_wconf 83' lang='lat' dir='ltr'><strong><em>bene</em></strong></span> <span class='ocrx_word' id='word_1_199' title='bbox 3300 1237 3582 1293; x_wconf 83' lang='lat' dir='ltr'><strong><em>Psalmista</em></strong></span> <span class='ocrx_word' id='word_1_200' title='bbox 3616 1255 3714 1296; x_wconf 86' lang='lat' dir='ltr'><strong><em>cum</em></strong></span> <span class='ocrx_word' id='word_1_201' title='bbox 3735 1242 3779 1298; x_wconf 83' lang='lat' dir='ltr'><strong><em>de</em></strong></span> 
     </span>
    </p>
   </div>
   <div class='ocr_carea' id='block_1_26' title="bbox 2256 1325 3779 1398">
    <p class='ocr_par' dir='ltr' id='par_1_26' title="bbox 2256 1325 3779 1398">
     <span class='ocr_line' id='line_1_26' title="bbox 2256 1325 3779 1398; baseline 0.007 -18"><span class='ocrx_word' id='word_1_202' title='bbox 2256 1340 2420 1381; x_wconf 74' lang='lat' dir='ltr'><strong><em>avaro</em></strong></span> <span class='ocrx_word' id='word_1_203' title='bbox 2444 1325 2681 1397; x_wconf 89' lang='lat' dir='ltr'><strong><em>quolibet</em></strong></span> <span class='ocrx_word' id='word_1_204' title='bbox 2706 1327 2871 1387; x_wconf 83' lang='lat' dir='ltr'><strong><em>divite</em></strong></span> <span class='ocrx_word' id='word_1_205' title='bbox 2898 1330 3277 1398; x_wconf 62' lang='lat' dir='ltr'><strong><em>prtemisisset,</em></strong></span> <span class='ocrx_word' id='word_1_206' title='bbox 3304 1328 3412 1386; x_wconf 87' lang='lat' dir='ltr'><strong><em>Sed</em></strong></span> <span class='ocrx_word' id='word_1_207' title='bbox 3433 1338 3488 1385; x_wconf 88' lang='lat' dir='ltr'><strong><em>et</em></strong></span> <span class='ocrx_word' id='word_1_208' title='bbox 3512 1330 3682 1388; x_wconf 81' lang='lat' dir='ltr'><strong><em>frustra</em></strong></span> <span class='ocrx_word' id='word_1_209' title='bbox 3697 1350 3779 1390; x_wconf 77' lang='lat' dir='ltr'><strong><em>con-</em></strong></span> 
     </span>
    </p>
   </div>
   <div class='ocr_carea' id='block_1_27' title="bbox 2256 1417 3777 1496">
    <p class='ocr_par' dir='ltr' id='par_1_27' title="bbox 2256 1417 3777 1496">
     <span class='ocr_line' id='line_1_27' title="bbox 2256 1417 3777 1496; baseline 0.005 -24"><span class='ocrx_word' id='word_1_210' title='bbox 2256 1417 2528 1484; x_wconf 86' lang='lat' dir='ltr'><strong><em>turbatur,</em></strong></span> <span class='ocrx_word' id='word_1_211' title='bbox 2567 1419 2916 1483; x_wconf 81' lang='lat' dir='ltr'><strong><em>thesaurizat,</em></strong></span> <span class='ocrx_word' id='word_1_212' title='bbox 2956 1429 3012 1476; x_wconf 87' lang='lat' dir='ltr'><strong><em>et</em></strong></span> <span class='ocrx_word' id='word_1_213' title='bbox 3036 1422 3367 1494; x_wconf 74' lang='lat' dir='ltr'><strong><em>ignoratcui</em></strong></span> <span class='ocrx_word' id='word_1_214' title='bbox 3402 1424 3777 1496; x_wconf 73' lang='lat' dir='ltr'><strong><em>congregsbites,</em></strong></span> 
     </span>
    </p>
   </div>
   <div class='ocr_carea' id='block_1_28' title="bbox 2256 1510 3778 1585">
    <p class='ocr_par' dir='ltr' id='par_1_28' title="bbox 2256 1510 3778 1585">
     <span class='ocr_line' id='line_1_28' title="bbox 2256 1510 3778 1585; baseline 0.006 -21"><span class='ocrx_word' id='word_1_215' title='bbox 2256 1523 2383 1564; x_wconf 81' lang='lat' dir='ltr'><strong><em>mox</em></strong></span> <span class='ocrx_word' id='word_1_216' title='bbox 2408 1510 2499 1565; x_wconf 91' lang='lat' dir='ltr'><strong><em>ubi</em></strong></span> <span class='ocrx_word' id='word_1_217' title='bbox 2539 1511 2721 1567; x_wconf 84' lang='lat' dir='ltr'><strong><em>cordis</em></strong></span> <span class='ocrx_word' id='word_1_218' title='bbox 2750 1512 2837 1567; x_wconf 83' lang='lat' dir='ltr'><strong><em>sui</em></strong></span> <span class='ocrx_word' id='word_1_219' title='bbox 2863 1513 3187 1569; x_wconf 79' lang='lat' dir='ltr'><strong><em>thesaurum</em></strong></span> <span class='ocrx_word' id='word_1_220' title='bbox 3219 1513 3481 1579; x_wconf 85' lang='lat' dir='ltr'><strong><em>locasset,</em></strong></span> <span class='ocrx_word' id='word_1_221' title='bbox 3507 1516 3711 1585; x_wconf 81' lang='lat' dir='ltr'><strong><em>aperuit,</em></strong></span> <span class='ocrx_word' id='word_1_222' title='bbox 3729 1518 3778 1573; x_wconf 54' lang='lat' dir='ltr'><strong><em>«ﬁo</em></strong></span> 
     </span>
    </p>
   </div>
   <div class='ocr_carea' id='block_1_29' title="bbox 2257 1601 3781 1675">
    <p class='ocr_par' dir='ltr' id='par_1_29' title="bbox 2257 1601 3781 1675">
     <span class='ocr_line' id='line_1_29' title="bbox 2257 1601 3781 1675; baseline 0.003 -17"><span class='ocrx_word' id='word_1_223' title='bbox 2257 1616 2388 1658; x_wconf 82' lang='lat' dir='ltr'><strong><em>cens</em></strong></span> <span class='ocrx_word' id='word_1_224' title='bbox 2404 1620 2417 1655; x_wconf 92' lang='lat'><strong>:</strong></span> <span class='ocrx_word' id='word_1_225' title='bbox 2438 1601 2503 1655; x_wconf 82' lang='lat' dir='ltr'><strong><em>Et</em></strong></span> <span class='ocrx_word' id='word_1_226' title='bbox 2520 1618 2656 1657; x_wconf 83' lang='lat' dir='ltr'><strong><em>nunc</em></strong></span> <span class='ocrx_word' id='word_1_227' title='bbox 2670 1619 2785 1675; x_wconf 66' lang='lat' dir='ltr'><strong><em>quae</em></strong></span> <span class='ocrx_word' id='word_1_228' title='bbox 2799 1614 2873 1659; x_wconf 88' lang='lat' dir='ltr'><strong><em>est</em></strong></span> <span class='ocrx_word' id='word_1_229' title='bbox 2888 1606 3206 1675; x_wconf 76' lang='lat' dir='ltr'><strong><em>exspectatio</em></strong></span> <span class='ocrx_word' id='word_1_230' title='bbox 3221 1622 3343 1661; x_wconf 87' lang='lat' dir='ltr'><strong><em>mea</em></strong></span> <span class='ocrx_word' id='word_1_231' title='bbox 3359 1608 3558 1662; x_wconf 75' lang='lat' dir='ltr'><strong><em>Pnonne</em></strong></span> <span class='ocrx_word' id='word_1_232' title='bbox 3567 1607 3781 1663; x_wconf 67' lang='lat' dir='ltr'><strong><em>Domina!</em></strong></span> 
     </span>
    </p>
   </div>
   <div class='ocr_carea' id='block_1_30' title="bbox 2255 1693 3778 1771">
    <p class='ocr_par' dir='ltr' id='par_1_30' title="bbox 2255 1693 3778 1771">
     <span class='ocr_line' id='line_1_30' title="bbox 2255 1693 3778 1771; baseline 0.007 -24"><span class='ocrx_word' id='word_1_233' title='bbox 2255 1703 2307 1748; x_wconf 89' lang='lat' dir='ltr'><strong><em>et</em></strong></span> <span class='ocrx_word' id='word_1_234' title='bbox 2337 1693 2630 1749; x_wconf 76' lang='lat' dir='ltr'><strong><em>substantia</em></strong></span> <span class='ocrx_word' id='word_1_235' title='bbox 2675 1712 2791 1750; x_wconf 80' lang='lat' dir='ltr'><strong><em>mea</em></strong></span> <span class='ocrx_word' id='word_1_236' title='bbox 2816 1698 2959 1767; x_wconf 83' lang='lat' dir='ltr'><strong><em>apud</em></strong></span> <span class='ocrx_word' id='word_1_237' title='bbox 2996 1707 3045 1752; x_wconf 90' lang='lat' dir='ltr'><strong><em>te</em></strong></span> <span class='ocrx_word' id='word_1_238' title='bbox 3068 1708 3162 1753; x_wconf 89' lang='lat' dir='ltr'><strong><em>est.</em></strong></span> <span class='ocrx_word' id='word_1_239' title='bbox 3192 1698 3291 1753; x_wconf 89' lang='lat' dir='ltr'><strong><em>Illa</em></strong></span> <span class='ocrx_word' id='word_1_240' title='bbox 3326 1701 3522 1771; x_wconf 80' lang='lat' dir='ltr'><strong><em>quippe</em></strong></span> <span class='ocrx_word' id='word_1_241' title='bbox 3550 1703 3778 1757; x_wconf 75' lang='lat' dir='ltr'><strong><em>substantia</em></strong></span> 
     </span>
    </p>
   </div>
   <div class='ocr_carea' id='block_1_31' title="bbox 2257 1786 3780 1865">
    <p class='ocr_par' dir='ltr' id='par_1_31' title="bbox 2257 1786 3780 1865">
     <span class='ocr_line' id='line_1_31' title="bbox 2257 1786 3780 1865; baseline 0.006 -24"><span class='ocrx_word' id='word_1_242' title='bbox 2257 1787 2400 1858; x_wconf 88' lang='lat' dir='ltr'><strong><em>apud</em></strong></span> <span class='ocrx_word' id='word_1_243' title='bbox 2421 1786 2590 1843; x_wconf 88' lang='lat' dir='ltr'><strong><em>Deum</em></strong></span> <span class='ocrx_word' id='word_1_244' title='bbox 2616 1797 2700 1844; x_wconf 88' lang='lat' dir='ltr'><strong><em>est</em></strong></span> <span class='ocrx_word' id='word_1_245' title='bbox 2723 1804 2844 1859; x_wconf 68' lang='lat' dir='ltr'><strong><em>qua:</em></strong></span> <span class='ocrx_word' id='word_1_246' title='bbox 2866 1791 3011 1846; x_wconf 82' lang='lat' dir='ltr'><strong><em>bono</em></strong></span> <span class='ocrx_word' id='word_1_247' title='bbox 3035 1793 3221 1848; x_wconf 87' lang='lat' dir='ltr'><strong><em>animo</em></strong></span> <span class='ocrx_word' id='word_1_248' title='bbox 3244 1800 3303 1847; x_wconf 89' lang='lat' dir='ltr'><strong><em>et</em></strong></span> <span class='ocrx_word' id='word_1_249' title='bbox 3325 1794 3491 1848; x_wconf 82' lang='lat' dir='ltr'><strong><em>corde</em></strong></span> <span class='ocrx_word' id='word_1_250' title='bbox 3514 1793 3678 1849; x_wconf 80' lang='lat' dir='ltr'><strong><em>humili</em></strong></span> <span class='ocrx_word' id='word_1_251' title='bbox 3694 1810 3780 1865; x_wconf 80' lang='lat' dir='ltr'><strong><em>pau-</em></strong></span> 
     </span>
    </p>
   </div>
   <div class='ocr_carea' id='block_1_32' title="bbox 564 1842 3777 1959">
    <p class='ocr_par' dir='ltr' id='par_1_32' title="bbox 564 1842 3777 1959">
     <span class='ocr_line' id='line_1_32' title="bbox 564 1842 3777 1959; baseline 0 -17"><span class='ocrx_word' id='word_1_252' title='bbox 564 1842 1570 1959; x_wconf 35' lang='lat' dir='ltr'><strong><em>plaga—Ha;initiae—inﬁmiin,</em></strong></span> <span class='ocrx_word' id='word_1_253' title='bbox 1606 1842 1866 1956; x_wconf 58' lang='lat' dir='ltr'><strong><em>satisque</em></strong></span> <span class='ocrx_word' id='word_1_254' title='bbox 2258 1842 2480 1950; x_wconf 64' lang='lat' dir='ltr'><strong><em>peribus</em></strong></span> <span class='ocrx_word' id='word_1_255' title='bbox 2517 1888 2572 1935; x_wconf 90' lang='lat' dir='ltr'><strong><em>et</em></strong></span> <span class='ocrx_word' id='word_1_256' title='bbox 2615 1842 2901 1952; x_wconf 64' lang='lat' dir='ltr'><strong><em>egeritibus</em></strong></span> <span class='ocrx_word' id='word_1_257' title='bbox 2943 1898 2975 1937; x_wconf 91' lang='lat' dir='ltr'><strong><em>a</em></strong></span> <span class='ocrx_word' id='word_1_258' title='bbox 3031 1884 3284 1940; x_wconf 81' lang='lat' dir='ltr'><strong><em>ﬁdelibus</em></strong></span> <span class='ocrx_word' id='word_1_259' title='bbox 3331 1886 3666 1950; x_wconf 80' lang='lat' dir='ltr'><strong><em>distribuitur,</em></strong></span> <span class='ocrx_word' id='word_1_260' title='bbox 3692 1842 3777 1957; x_wconf 52' lang='lat' dir='ltr'><strong><em>in:</em></strong></span> 
     </span>
    </p>
   </div>
   <div class='ocr_carea' id='block_1_33' title="bbox 564 1974 2157 2046">
    <p class='ocr_par' dir='ltr' id='par_1_33' title="bbox 564 1974 2157 2046">
     <span class='ocr_line' id='line_1_33' title="bbox 564 1974 2157 2046; baseline -0.003 -14"><span class='ocrx_word' id='word_1_261' title='bbox 564 1976 815 2032; x_wconf 84' lang='lat' dir='ltr'><strong><em>laborant</em></strong></span> <span class='ocrx_word' id='word_1_262' title='bbox 838 1985 895 2030; x_wconf 92' lang='lat' dir='ltr'><strong><em>et</em></strong></span> <span class='ocrx_word' id='word_1_263' title='bbox 930 1977 1116 2029; x_wconf 81' lang='lat' dir='ltr'><strong><em>turbas</em></strong></span> <span class='ocrx_word' id='word_1_264' title='bbox 1144 1984 1201 2029; x_wconf 88' lang='lat' dir='ltr'><strong><em>et</em></strong></span> <span class='ocrx_word' id='word_1_265' title='bbox 1226 1974 1519 2044; x_wconf 82' lang='lat' dir='ltr'><strong><em>discipulos</em></strong></span> <span class='ocrx_word' id='word_1_266' title='bbox 1544 1976 1826 2046; x_wconf 78' lang='lat' dir='ltr'><strong><em>praeceptis</em></strong></span> <span class='ocrx_word' id='word_1_267' title='bbox 1862 1976 2070 2044; x_wconf 87' lang='lat' dir='ltr'><strong><em>pariter</em></strong></span> <span class='ocrx_word' id='word_1_268' title='bbox 2099 1983 2157 2029; x_wconf 85' lang='lat' dir='ltr'><strong><em>et</em></strong></span> 
     </span>
    </p>
   </div>
   <div class='ocr_carea' id='block_1_34' title="bbox 565 2066 2151 2138">
    <p class='ocr_par' dir='ltr' id='par_1_34' title="bbox 565 2066 2151 2138">
     <span class='ocr_line' id='line_1_34' title="bbox 565 2066 2151 2138; baseline -0.002 -16"><span class='ocrx_word' id='word_1_269' title='bbox 565 2066 827 2138; x_wconf 75' lang='lat' dir='ltr'><strong><em>exemplis</em></strong></span> <span class='ocrx_word' id='word_1_270' title='bbox 871 2066 1086 2121; x_wconf 81' lang='lat' dir='ltr'><strong><em>munire</em></strong></span> <span class='ocrx_word' id='word_1_271' title='bbox 1130 2066 1345 2136; x_wconf 77' lang='lat' dir='ltr'><strong><em>satagit.</em></strong></span> <span class='ocrx_word' id='word_1_272' title='bbox 1391 2066 1454 2119; x_wconf 82' lang='lat' dir='ltr'><strong><em>Et</em></strong></span> <span class='ocrx_word' id='word_1_273' title='bbox 1506 2067 1801 2121; x_wconf 85' lang='lat' dir='ltr'><strong><em>notandum</em></strong></span> <span class='ocrx_word' id='word_1_274' title='bbox 1850 2066 1994 2136; x_wconf 89' lang='lat' dir='ltr'><strong><em>quod</em></strong></span> <span class='ocrx_word' id='word_1_275' title='bbox 2044 2080 2151 2119; x_wconf 86' lang='lat' dir='ltr'><strong><em>non</em></strong></span> 
     </span>
    </p>
   </div>
   <div class='ocr_carea' id='block_1_35' title="bbox 564 2156 2154 2226">
    <p class='ocr_par' dir='ltr' id='par_1_35' title="bbox 564 2156 2154 2226">
     <span class='ocr_line' id='line_1_35' title="bbox 564 2156 2154 2226; baseline -0.003 -11"><span class='ocrx_word' id='word_1_276' title='bbox 564 2158 662 2223; x_wconf 77' lang='lat' dir='ltr'><strong><em>ait,</em></strong></span> <span class='ocrx_word' id='word_1_277' title='bbox 698 2166 870 2212; x_wconf 69' lang='lat' dir='ltr'><strong><em>cauete</em></strong></span> <span class='ocrx_word' id='word_1_278' title='bbox 898 2156 964 2209; x_wconf 83' lang='lat' dir='ltr'><strong><em>ab</em></strong></span> <span class='ocrx_word' id='word_1_279' title='bbox 1006 2156 1259 2221; x_wconf 78' lang='lat' dir='ltr'><strong><em>avaritia,</em></strong></span> <span class='ocrx_word' id='word_1_280' title='bbox 1299 2158 1395 2211; x_wconf 87' lang='lat' dir='ltr'><strong><em>sed</em></strong></span> <span class='ocrx_word' id='word_1_281' title='bbox 1437 2156 1701 2225; x_wconf 75' lang='lat' dir='ltr'><strong><em>adiunxit,</em></strong></span> <span class='ocrx_word' id='word_1_282' title='bbox 1727 2157 1792 2210; x_wconf 85' lang='lat' dir='ltr'><strong><em>ab</em></strong></span> <span class='ocrx_word' id='word_1_283' title='bbox 1830 2158 1991 2221; x_wconf 85' lang='lat' dir='ltr'><strong><em>omni,</em></strong></span> <span class='ocrx_word' id='word_1_284' title='bbox 2025 2157 2154 2226; x_wconf 86' lang='lat' dir='ltr'><strong><em>quia</em></strong></span> 
     </span>
    </p>
   </div>
   <div class='ocr_carea' id='block_1_36' title="bbox 565 2246 2154 2318">
    <p class='ocr_par' dir='ltr' id='par_1_36' title="bbox 565 2246 2154 2318">
     <span class='ocr_line' id='line_1_36' title="bbox 565 2246 2154 2318; baseline 0.001 -16"><span class='ocrx_word' id='word_1_285' title='bbox 565 2246 820 2303; x_wconf 87' lang='lat' dir='ltr'><strong><em>nonnulla</em></strong></span> <span class='ocrx_word' id='word_1_286' title='bbox 862 2247 1183 2317; x_wconf 88' lang='lat' dir='ltr'><strong><em>simpliciter</em></strong></span> <span class='ocrx_word' id='word_1_287' title='bbox 1224 2247 1535 2302; x_wconf 85' lang='lat' dir='ltr'><strong><em>hominibus</em></strong></span> <span class='ocrx_word' id='word_1_288' title='bbox 1572 2247 1688 2318; x_wconf 81' lang='lat' dir='ltr'><strong><em>geri</em></strong></span> <span class='ocrx_word' id='word_1_289' title='bbox 1736 2248 2011 2314; x_wconf 78' lang='lat' dir='ltr'><strong><em>videntur,</em></strong></span> <span class='ocrx_word' id='word_1_290' title='bbox 2058 2248 2154 2303; x_wconf 85' lang='lat' dir='ltr'><strong><em>sed</em></strong></span> 
     </span>
    </p>
   </div>
   <div class='ocr_carea' id='block_1_37' title="bbox 562 2338 2151 2409">
    <p class='ocr_par' dir='ltr' id='par_1_37' title="bbox 562 2338 2151 2409">
     <span class='ocr_line' id='line_1_37' title="bbox 562 2338 2151 2409; baseline 0.001 -15"><span class='ocrx_word' id='word_1_291' title='bbox 562 2339 811 2394; x_wconf 84' lang='lat' dir='ltr'><strong><em>internus</em></strong></span> <span class='ocrx_word' id='word_1_292' title='bbox 829 2339 1033 2394; x_wconf 82' lang='lat' dir='ltr'><strong><em>arbiter</em></strong></span> <span class='ocrx_word' id='word_1_293' title='bbox 1055 2355 1163 2409; x_wconf 86' lang='lat' dir='ltr'><strong><em>qua</em></strong></span> <span class='ocrx_word' id='word_1_294' title='bbox 1192 2340 1493 2395; x_wconf 83' lang='lat' dir='ltr'><strong><em>intentione</em></strong></span> <span class='ocrx_word' id='word_1_295' title='bbox 1512 2340 1646 2394; x_wconf 86' lang='lat' dir='ltr'><strong><em>liant</em></strong></span> <span class='ocrx_word' id='word_1_296' title='bbox 1671 2339 1765 2409; x_wconf 89' lang='lat' dir='ltr'><strong><em>qui</em></strong></span> <span class='ocrx_word' id='word_1_297' title='bbox 1786 2339 1980 2405; x_wconf 85' lang='lat' dir='ltr'><strong><em>cernit,</em></strong></span> <span class='ocrx_word' id='word_1_298' title='bbox 2003 2338 2151 2408; x_wconf 77' lang='lat' dir='ltr'><strong><em>judi-</em></strong></span> 
     </span>
    </p>
   </div>
   <div class='ocr_carea' id='block_1_38' title="bbox 562 2428 2155 2497">
    <p class='ocr_par' dir='ltr' id='par_1_38' title="bbox 562 2428 2155 2497">
     <span class='ocr_line' id='line_1_38' title="bbox 562 2428 2155 2497; baseline 0.003 -14"><span class='ocrx_word' id='word_1_299' title='bbox 562 2439 671 2484; x_wconf 87' lang='lat' dir='ltr'><strong><em>cat.</em></strong></span> <span class='ocrx_word' id='word_1_300' title='bbox 697 2428 830 2497; x_wconf 77' lang='lat' dir='ltr'><strong><em>Quis</em></strong></span> <span class='ocrx_word' id='word_1_301' title='bbox 850 2431 996 2486; x_wconf 90' lang='lat' dir='ltr'><strong><em>enim</em></strong></span> <span class='ocrx_word' id='word_1_302' title='bbox 1017 2446 1142 2485; x_wconf 85' lang='lat' dir='ltr'><strong><em>cum</em></strong></span> <span class='ocrx_word' id='word_1_303' title='bbox 1162 2430 1331 2487; x_wconf 84' lang='lat' dir='ltr'><strong><em>fratre</em></strong></span> <span class='ocrx_word' id='word_1_304' title='bbox 1353 2432 1725 2486; x_wconf 75' lang='lat' dir='ltr'><strong><em>haureditatem</em></strong></span> <span class='ocrx_word' id='word_1_305' title='bbox 1747 2432 1990 2487; x_wconf 85' lang='lat' dir='ltr'><strong><em>dividens</em></strong></span> <span class='ocrx_word' id='word_1_306' title='bbox 2004 2431 2155 2487; x_wconf 85' lang='lat' dir='ltr'><strong><em>adul-</em></strong></span> 
     </span>
    </p>
   </div>
   <div class='ocr_carea' id='block_1_39' title="bbox 563 2523 2152 2597">
    <p class='ocr_par' dir='ltr' id='par_1_39' title="bbox 563 2523 2152 2597">
     <span class='ocr_line' id='line_1_39' title="bbox 563 2523 2152 2597; baseline 0.003 -19"><span class='ocrx_word' id='word_1_307' title='bbox 563 2530 647 2578; x_wconf 88' lang='lat' dir='ltr'><strong><em>tos</em></strong></span> <span class='ocrx_word' id='word_1_308' title='bbox 689 2538 822 2595; x_wconf 75' lang='lat' dir='ltr'><strong><em>agro</em></strong></span> <span class='ocrx_word' id='word_1_309' title='bbox 860 2525 1082 2594; x_wconf 83' lang='lat' dir='ltr'><strong><em>proprio</em></strong></span> <span class='ocrx_word' id='word_1_310' title='bbox 1110 2523 1318 2582; x_wconf 87' lang='lat' dir='ltr'><strong><em>fructus</em></strong></span> <span class='ocrx_word' id='word_1_311' title='bbox 1347 2527 1401 2581; x_wconf 82' lang='lat' dir='ltr'><strong><em>in</em></strong></span> <span class='ocrx_word' id='word_1_312' title='bbox 1434 2527 1631 2582; x_wconf 88' lang='lat' dir='ltr'><strong><em>horrea</em></strong></span> <span class='ocrx_word' id='word_1_313' title='bbox 1671 2526 1889 2582; x_wconf 81' lang='lat' dir='ltr'><strong><em>recondi</em></strong></span> <span class='ocrx_word' id='word_1_314' title='bbox 1925 2543 2023 2597; x_wconf 87' lang='lat' dir='ltr'><strong><em>pro</em></strong></span> <span class='ocrx_word' id='word_1_315' title='bbox 2047 2527 2152 2582; x_wconf 73' lang='lat' dir='ltr'><strong><em>cri-</em></strong></span> 
     </span>
    </p>
   </div>
   <div class='ocr_carea' id='block_1_40' title="bbox 559 2617 2151 2693">
    <p class='ocr_par' dir='ltr' id='par_1_40' title="bbox 559 2617 2151 2693">
     <span class='ocr_line' id='line_1_40' title="bbox 559 2617 2151 2693; baseline 0.004 -21"><span class='ocrx_word' id='word_1_316' title='bbox 559 2617 712 2673; x_wconf 82' lang='lat' dir='ltr'><strong><em>mine</em></strong></span> <span class='ocrx_word' id='word_1_317' title='bbox 732 2620 1047 2690; x_wconf 82' lang='lat' dir='ltr'><strong><em>deputaret?</em></strong></span> <span class='ocrx_word' id='word_1_318' title='bbox 1070 2622 1167 2677; x_wconf 85' lang='lat' dir='ltr'><strong><em>sed</em></strong></span> <span class='ocrx_word' id='word_1_319' title='bbox 1196 2621 1314 2692; x_wconf 88' lang='lat' dir='ltr'><strong><em>ipse</em></strong></span> <span class='ocrx_word' id='word_1_320' title='bbox 1335 2629 1420 2678; x_wconf 88' lang='lat' dir='ltr'><strong><em>est</em></strong></span> <span class='ocrx_word' id='word_1_321' title='bbox 1442 2623 1597 2678; x_wconf 88' lang='lat' dir='ltr'><strong><em>testis</em></strong></span> <span class='ocrx_word' id='word_1_322' title='bbox 1617 2623 1783 2693; x_wconf 69' lang='lat' dir='ltr'><strong><em>iudex</em></strong></span> <span class='ocrx_word' id='word_1_323' title='bbox 1804 2632 1864 2679; x_wconf 91' lang='lat' dir='ltr'><strong><em>ut</em></strong></span> <span class='ocrx_word' id='word_1_324' title='bbox 1891 2624 2151 2693; x_wconf 87' lang='lat' dir='ltr'><strong><em>scriptum</em></strong></span> 
     </span>
    </p>
   </div>
   <div class='ocr_carea' id='block_1_41' title="bbox 562 2716 668 2763">
    <p class='ocr_par' dir='ltr' id='par_1_41' title="bbox 562 2716 668 2763">
     <span class='ocr_line' id='line_1_41' title="bbox 562 2716 668 2763; baseline -0.009 0"><span class='ocrx_word' id='word_1_325' title='bbox 562 2716 668 2763; x_wconf 86' lang='lat' dir='ltr'><strong><em>est.</em></strong></span> 
     </span>
    </p>
   </div>
   <div class='ocr_carea' id='block_1_42' title="bbox 630 2795 2150 2875">
    <p class='ocr_par' dir='ltr' id='par_1_42' title="bbox 630 2795 2150 2875">
     <span class='ocr_line' id='line_1_42' title="bbox 630 2795 2150 2875; baseline 0.005 -23"><span class='ocrx_word' id='word_1_326' title='bbox 630 2795 877 2855; x_wconf 82' lang='lat' dir='ltr'><strong><em>Hominis</em></strong></span> <span class='ocrx_word' id='word_1_327' title='bbox 901 2801 1183 2870; x_wconf 78' lang='lat' dir='ltr'><strong><em>cujusdam</em></strong></span> <span class='ocrx_word' id='word_1_328' title='bbox 1215 2802 1389 2857; x_wconf 81' lang='lat' dir='ltr'><strong><em>divitis</em></strong></span> <span class='ocrx_word' id='word_1_329' title='bbox 1416 2802 1597 2858; x_wconf 87' lang='lat' dir='ltr'><strong><em>uberes</em></strong></span> <span class='ocrx_word' id='word_1_330' title='bbox 1624 2803 1827 2873; x_wconf 87' lang='lat' dir='ltr'><strong><em>fructus</em></strong></span> <span class='ocrx_word' id='word_1_331' title='bbox 1857 2821 1984 2875; x_wconf 86' lang='lat' dir='ltr'><strong><em>ager</em></strong></span> <span class='ocrx_word' id='word_1_332' title='bbox 2012 2814 2150 2860; x_wconf 86' lang='lat' dir='ltr'><strong><em>attu-</em></strong></span> 
     </span>
    </p>
   </div>
   <div class='ocr_carea' id='block_1_43' title="bbox 558 2887 2150 2969">
    <p class='ocr_par' dir='ltr' id='par_1_43' title="bbox 558 2887 2150 2969">
     <span class='ocr_line' id='line_1_43' title="bbox 558 2887 2150 2969; baseline 0.006 -27"><span class='ocrx_word' id='word_1_333' title='bbox 558 2887 657 2943; x_wconf 86' lang='lat' dir='ltr'><strong><em>lit:</em></strong></span> <span class='ocrx_word' id='word_1_334' title='bbox 687 2899 735 2945; x_wconf 88' lang='lat' dir='ltr'><strong><em>et</em></strong></span> <span class='ocrx_word' id='word_1_335' title='bbox 773 2892 1033 2962; x_wconf 81' lang='lat' dir='ltr'><strong><em>cogitabat</em></strong></span> <span class='ocrx_word' id='word_1_336' title='bbox 1062 2895 1199 2955; x_wconf 79' lang='lat' dir='ltr'><strong><em>intra</em></strong></span> <span class='ocrx_word' id='word_1_337' title='bbox 1230 2912 1285 2949; x_wconf 85' lang='lat' dir='ltr'><strong><em>se</em></strong></span> <span class='ocrx_word' id='word_1_338' title='bbox 1317 2895 1493 2950; x_wconf 85' lang='lat' dir='ltr'><strong><em>dicens</em></strong></span> <span class='ocrx_word' id='word_1_339' title='bbox 1518 2910 1536 2947; x_wconf 83' lang='lat'><strong><em>.&#39;</em></strong></span> <span class='ocrx_word' id='word_1_340' title='bbox 1571 2895 1711 2961; x_wconf 83' lang='lat' dir='ltr'><strong><em>Quid</em></strong></span> <span class='ocrx_word' id='word_1_341' title='bbox 1744 2897 1967 2966; x_wconf 78' lang='lat' dir='ltr'><strong><em>faciam,</em></strong></span> <span class='ocrx_word' id='word_1_342' title='bbox 2010 2900 2150 2969; x_wconf 84' lang='lat' dir='ltr'><strong><em>quod</em></strong></span> 
     </span>
    </p>
   </div>
   <div class='ocr_carea' id='block_1_44' title="bbox 558 2986 2149 3060">
    <p class='ocr_par' dir='ltr' id='par_1_44' title="bbox 558 2986 2149 3060">
     <span class='ocr_line' id='line_1_44' title="bbox 558 2986 2149 3060; baseline 0.005 -21"><span class='ocrx_word' id='word_1_343' title='bbox 558 3001 663 3040; x_wconf 80' lang='lat' dir='ltr'><strong><em>non</em></strong></span> <span class='ocrx_word' id='word_1_344' title='bbox 685 2986 851 3042; x_wconf 82' lang='lat' dir='ltr'><strong><em>habeo</em></strong></span> <span class='ocrx_word' id='word_1_345' title='bbox 870 3005 975 3058; x_wconf 87' lang='lat' dir='ltr'><strong><em>quo</em></strong></span> <span class='ocrx_word' id='word_1_346' title='bbox 995 3006 1297 3060; x_wconf 77' lang='lat' dir='ltr'><strong><em>congregem</em></strong></span> <span class='ocrx_word' id='word_1_347' title='bbox 1322 2991 1525 3060; x_wconf 83' lang='lat' dir='ltr'><strong><em>fructus</em></strong></span> <span class='ocrx_word' id='word_1_348' title='bbox 1551 2992 1728 3045; x_wconf 86' lang='lat' dir='ltr'><strong><em>meos?</em></strong></span> <span class='ocrx_word' id='word_1_349' title='bbox 1746 2991 1814 3045; x_wconf 87' lang='lat' dir='ltr'><strong><em>Et</em></strong></span> <span class='ocrx_word' id='word_1_350' title='bbox 1840 2992 2009 3046; x_wconf 68' lang='lat' dir='ltr'><strong><em>dixit:</em></strong></span> <span class='ocrx_word' id='word_1_351' title='bbox 2031 2991 2149 3047; x_wconf 83' lang='lat' dir='ltr'><strong><em>Hoc</em></strong></span> 
     </span>
    </p>
   </div>
   <div class='ocr_carea' id='block_1_45' title="bbox 556 3078 2147 3153">
    <p class='ocr_par' dir='ltr' id='par_1_45' title="bbox 556 3078 2147 3153">
     <span class='ocr_line' id='line_1_45' title="bbox 556 3078 2147 3153; baseline 0.005 -22"><span class='ocrx_word' id='word_1_352' title='bbox 556 3078 752 3148; x_wconf 82' lang='lat' dir='ltr'><strong><em>faciam</em></strong></span> <span class='ocrx_word' id='word_1_353' title='bbox 780 3096 802 3136; x_wconf 82' lang='lat'><strong><em>.&#39;</em></strong></span> <span class='ocrx_word' id='word_1_354' title='bbox 828 3080 1094 3137; x_wconf 78' lang='lat' dir='ltr'><strong><em>destruant</em></strong></span> <span class='ocrx_word' id='word_1_355' title='bbox 1121 3084 1312 3137; x_wconf 76' lang='lat' dir='ltr'><strong><em>horrea</em></strong></span> <span class='ocrx_word' id='word_1_356' title='bbox 1354 3100 1469 3137; x_wconf 88' lang='lat' dir='ltr'><strong><em>mea</em></strong></span> <span class='ocrx_word' id='word_1_357' title='bbox 1498 3094 1543 3137; x_wconf 90' lang='lat' dir='ltr'><strong><em>et</em></strong></span> <span class='ocrx_word' id='word_1_358' title='bbox 1593 3085 1799 3153; x_wconf 80' lang='lat' dir='ltr'><strong><em>majora</em></strong></span> <span class='ocrx_word' id='word_1_359' title='bbox 1831 3083 2063 3153; x_wconf 83' lang='lat' dir='ltr'><strong><em>faciam,</em></strong></span> <span class='ocrx_word' id='word_1_360' title='bbox 2100 3094 2147 3139; x_wconf 87' lang='lat' dir='ltr'><strong><em>et</em></strong></span> 
     </span>
    </p>
   </div>
   <div class='ocr_carea' id='block_1_46' title="bbox 555 3169 2147 3244">
    <p class='ocr_par' dir='ltr' id='par_1_46' title="bbox 555 3169 2147 3244">
     <span class='ocr_line' id='line_1_46' title="bbox 555 3169 2147 3244; baseline 0.004 -20"><span class='ocrx_word' id='word_1_361' title='bbox 555 3169 682 3225; x_wconf 87' lang='lat' dir='ltr'><strong><em>illuc</em></strong></span> <span class='ocrx_word' id='word_1_362' title='bbox 728 3173 1048 3243; x_wconf 81' lang='lat' dir='ltr'><strong><em>congregabo</em></strong></span> <span class='ocrx_word' id='word_1_363' title='bbox 1077 3175 1254 3227; x_wconf 82' lang='lat' dir='ltr'><strong><em>omnia</em></strong></span> <span class='ocrx_word' id='word_1_364' title='bbox 1285 3190 1404 3244; x_wconf 72' lang='lat' dir='ltr'><strong><em>quae</em></strong></span> <span class='ocrx_word' id='word_1_365' title='bbox 1448 3184 1573 3228; x_wconf 82' lang='lat' dir='ltr'><strong><em>nata</em></strong></span> <span class='ocrx_word' id='word_1_366' title='bbox 1604 3185 1724 3229; x_wconf 81' lang='lat' dir='ltr'><strong><em>sunt</em></strong></span> <span class='ocrx_word' id='word_1_367' title='bbox 1766 3175 1891 3231; x_wconf 75' lang='lat' dir='ltr'><strong><em>mihi</em></strong></span> <span class='ocrx_word' id='word_1_368' title='bbox 1917 3185 1966 3229; x_wconf 90' lang='lat' dir='ltr'><strong><em>et</em></strong></span> <span class='ocrx_word' id='word_1_369' title='bbox 2011 3175 2147 3231; x_wconf 82' lang='lat' dir='ltr'><strong><em>bona</em></strong></span> 
     </span>
    </p>
   </div>
   <div class='ocr_carea' id='block_1_47' title="bbox 554 3262 2147 3348">
    <p class='ocr_par' dir='ltr' id='par_1_47' title="bbox 554 3262 2147 3348">
     <span class='ocr_line' id='line_1_47' title="bbox 554 3262 2147 3348; baseline 0.004 -33"><span class='ocrx_word' id='word_1_370' title='bbox 554 3277 691 3316; x_wconf 80' lang='lat' dir='ltr'><strong><em>mea.</em></strong></span> <span class='ocrx_word' id='word_1_371' title='bbox 716 3262 836 3316; x_wconf 87' lang='lat' dir='ltr'><strong><em>Non</em></strong></span> <span class='ocrx_word' id='word_1_372' title='bbox 877 3263 933 3318; x_wconf 90' lang='lat' dir='ltr'><strong><em>in</em></strong></span> <span class='ocrx_word' id='word_1_373' title='bbox 969 3279 1038 3319; x_wconf 82' lang='lat' dir='ltr'><strong><em>eo</em></strong></span> <span class='ocrx_word' id='word_1_374' title='bbox 1065 3264 1481 3348; x_wconf 76' lang='lat' dir='ltr'><strong><em>reprelienditur</em></strong></span> <span class='ocrx_word' id='word_1_375' title='bbox 1522 3266 1624 3320; x_wconf 90' lang='lat' dir='ltr'><strong><em>iste</em></strong></span> <span class='ocrx_word' id='word_1_376' title='bbox 1650 3265 1820 3331; x_wconf 88' lang='lat' dir='ltr'><strong><em>dives,</em></strong></span> <span class='ocrx_word' id='word_1_377' title='bbox 1857 3266 2002 3336; x_wconf 87' lang='lat' dir='ltr'><strong><em>quod</em></strong></span> <span class='ocrx_word' id='word_1_378' title='bbox 2039 3275 2147 3321; x_wconf 87' lang='lat' dir='ltr'><strong><em>ter-</em></strong></span> 
     </span>
    </p>
   </div>
   <div class='ocr_carea' id='block_1_48' title="bbox 557 3350 2148 3422">
    <p class='ocr_par' dir='ltr' id='par_1_48' title="bbox 557 3350 2148 3422">
     <span class='ocr_line' id='line_1_48' title="bbox 557 3350 2148 3422; baseline 0.006 -19"><span class='ocrx_word' id='word_1_379' title='bbox 557 3365 675 3404; x_wconf 86' lang='lat' dir='ltr'><strong><em>ram</em></strong></span> <span class='ocrx_word' id='word_1_380' title='bbox 714 3350 961 3416; x_wconf 82' lang='lat' dir='ltr'><strong><em>coluerit,</em></strong></span> <span class='ocrx_word' id='word_1_381' title='bbox 987 3361 1249 3422; x_wconf 86' lang='lat' dir='ltr'><strong><em>natosque</em></strong></span> <span class='ocrx_word' id='word_1_382' title='bbox 1284 3369 1351 3407; x_wconf 82' lang='lat' dir='ltr'><strong><em>ex</em></strong></span> <span class='ocrx_word' id='word_1_383' title='bbox 1381 3369 1445 3409; x_wconf 89' lang='lat' dir='ltr'><strong><em>ea</em></strong></span> <span class='ocrx_word' id='word_1_384' title='bbox 1491 3354 1701 3410; x_wconf 87' lang='lat' dir='ltr'><strong><em>fructus</em></strong></span> <span class='ocrx_word' id='word_1_385' title='bbox 1729 3357 1784 3411; x_wconf 88' lang='lat' dir='ltr'><strong><em>in</em></strong></span> <span class='ocrx_word' id='word_1_386' title='bbox 1814 3357 2007 3413; x_wconf 86' lang='lat' dir='ltr'><strong><em>horrea</em></strong></span> <span class='ocrx_word' id='word_1_387' title='bbox 2037 3357 2148 3413; x_wconf 88' lang='lat' dir='ltr'><strong><em>col-</em></strong></span> 
     </span>
    </p>
   </div>
   <div class='ocr_carea' id='block_1_49' title="bbox 556 3442 2145 3523">
    <p class='ocr_par' dir='ltr' id='par_1_49' title="bbox 556 3442 2145 3523">
     <span class='ocr_line' id='line_1_49' title="bbox 556 3442 2145 3523; baseline 0.008 -28"><span class='ocrx_word' id='word_1_388' title='bbox 556 3442 768 3513; x_wconf 74' lang='lat' dir='ltr'><strong><em>legerit,</em></strong></span> <span class='ocrx_word' id='word_1_389' title='bbox 794 3446 890 3499; x_wconf 88' lang='lat' dir='ltr'><strong><em>sed</em></strong></span> <span class='ocrx_word' id='word_1_390' title='bbox 930 3446 1074 3515; x_wconf 86' lang='lat' dir='ltr'><strong><em>quod</em></strong></span> <span class='ocrx_word' id='word_1_391' title='bbox 1108 3463 1325 3504; x_wconf 83' lang='lat' dir='ltr'><strong><em>omnem</em></strong></span> <span class='ocrx_word' id='word_1_392' title='bbox 1355 3449 1477 3505; x_wconf 71' lang='lat' dir='ltr'><strong><em>vitae</em></strong></span> <span class='ocrx_word' id='word_1_393' title='bbox 1503 3464 1615 3505; x_wconf 67' lang='lat' dir='ltr'><strong><em>suae</em></strong></span> <span class='ocrx_word' id='word_1_394' title='bbox 1646 3451 1897 3507; x_wconf 84' lang='lat' dir='ltr'><strong><em>fiduciam</em></strong></span> <span class='ocrx_word' id='word_1_395' title='bbox 1940 3452 1995 3507; x_wconf 89' lang='lat' dir='ltr'><strong><em>in</em></strong></span> <span class='ocrx_word' id='word_1_396' title='bbox 2033 3454 2145 3523; x_wconf 87' lang='lat' dir='ltr'><strong><em>ipsa</em></strong></span> 
     </span>
    </p>
   </div>
   <div class='ocr_carea' id='block_1_50' title="bbox 557 3533 2147 3615">
    <p class='ocr_par' dir='ltr' id='par_1_50' title="bbox 557 3533 2147 3615">
     <span class='ocr_line' id='line_1_50' title="bbox 557 3533 2147 3615; baseline 0.01 -28"><span class='ocrx_word' id='word_1_397' title='bbox 557 3533 886 3592; x_wconf 84' lang='lat' dir='ltr'><strong><em>abundantia</em></strong></span> <span class='ocrx_word' id='word_1_398' title='bbox 914 3553 1095 3593; x_wconf 87' lang='lat' dir='ltr'><strong><em>rerum</em></strong></span> <span class='ocrx_word' id='word_1_399' title='bbox 1120 3542 1380 3609; x_wconf 85' lang='lat' dir='ltr'><strong><em>posuerit,</em></strong></span> <span class='ocrx_word' id='word_1_400' title='bbox 1426 3541 1747 3613; x_wconf 84' lang='lat' dir='ltr'><strong><em>fructusque</em></strong></span> <span class='ocrx_word' id='word_1_401' title='bbox 1770 3561 1905 3615; x_wconf 88' lang='lat' dir='ltr'><strong><em>quos</em></strong></span> <span class='ocrx_word' id='word_1_402' title='bbox 1934 3547 2147 3602; x_wconf 87' lang='lat' dir='ltr'><strong><em>uberio-</em></strong></span> 
     </span>
    </p>
   </div>
   <div class='ocr_carea' id='block_1_51' title="bbox 554 3628 2145 3703">
    <p class='ocr_par' dir='ltr' id='par_1_51' title="bbox 554 3628 2145 3703">
     <span class='ocr_line' id='line_1_51' title="bbox 554 3628 2145 3703; baseline 0.008 -22"><span class='ocrx_word' id='word_1_403' title='bbox 554 3641 645 3682; x_wconf 85' lang='lat' dir='ltr'><strong><em>res</em></strong></span> <span class='ocrx_word' id='word_1_404' title='bbox 668 3628 828 3683; x_wconf 84' lang='lat' dir='ltr'><strong><em>solito</em></strong></span> <span class='ocrx_word' id='word_1_405' title='bbox 855 3638 999 3686; x_wconf 88' lang='lat' dir='ltr'><strong><em>terra</em></strong></span> <span class='ocrx_word' id='word_1_406' title='bbox 1036 3633 1352 3701; x_wconf 81' lang='lat' dir='ltr'><strong><em>protulerat,</em></strong></span> <span class='ocrx_word' id='word_1_407' title='bbox 1379 3652 1507 3691; x_wconf 88' lang='lat' dir='ltr'><strong><em>suos</em></strong></span> <span class='ocrx_word' id='word_1_408' title='bbox 1533 3636 1760 3703; x_wconf 81' lang='lat' dir='ltr'><strong><em>fruetus,</em></strong></span> <span class='ocrx_word' id='word_1_409' title='bbox 1778 3634 1844 3693; x_wconf 68' lang='grc' dir='ltr'><strong><em>ἐι</em></strong></span> <span class='ocrx_word' id='word_1_410' title='bbox 1882 3655 1977 3695; x_wconf 82' lang='lat' dir='ltr'><strong><em>sua</em></strong></span> <span class='ocrx_word' id='word_1_411' title='bbox 2004 3640 2145 3695; x_wconf 87' lang='lat' dir='ltr'><strong><em>bona</em></strong></span> 
     </span>
    </p>
   </div>
   <div class='ocr_carea' id='block_1_52' title="bbox 554 3728 2145 3801">
    <p class='ocr_par' dir='ltr' id='par_1_52' title="bbox 554 3728 2145 3801">
     <span class='ocr_line' id='line_1_52' title="bbox 554 3728 2145 3801; baseline 0.008 -27"><span class='ocrx_word' id='word_1_412' title='bbox 554 3730 895 3791; x_wconf 83' lang='lat' dir='ltr'><strong><em>computans,</em></strong></span> <span class='ocrx_word' id='word_1_413' title='bbox 947 3740 1053 3779; x_wconf 94' lang='lat' dir='ltr'><strong><em>non</em></strong></span> <span class='ocrx_word' id='word_1_414' title='bbox 1101 3728 1429 3796; x_wconf 86' lang='lat' dir='ltr'><strong><em>pauperibus</em></strong></span> <span class='ocrx_word' id='word_1_415' title='bbox 1470 3739 1739 3801; x_wconf 84' lang='lat' dir='ltr'><strong><em>erogaret,</em></strong></span> <span class='ocrx_word' id='word_1_416' title='bbox 1788 3730 1942 3800; x_wconf 75' lang='lat' dir='ltr'><strong><em>juxta</em></strong></span> <span class='ocrx_word' id='word_1_417' title='bbox 1978 3733 2145 3801; x_wconf 85' lang='lat' dir='ltr'><strong><em>impe-</em></strong></span> 
     </span>
    </p>
   </div>
   <div class='ocr_carea' id='block_1_53' title="bbox 554 3814 2144 3892">
    <p class='ocr_par' dir='ltr' id='par_1_53' title="bbox 554 3814 2144 3892">
     <span class='ocr_line' id='line_1_53' title="bbox 554 3814 2144 3892; baseline 0.004 -24"><span class='ocrx_word' id='word_1_418' title='bbox 554 3814 695 3869; x_wconf 87' lang='lat' dir='ltr'><strong><em>rium</em></strong></span> <span class='ocrx_word' id='word_1_419' title='bbox 727 3815 939 3870; x_wconf 88' lang='lat' dir='ltr'><strong><em>Domini</em></strong></span> <span class='ocrx_word' id='word_1_420' title='bbox 969 3817 1221 3883; x_wconf 81' lang='lat' dir='ltr'><strong><em>dicentis,</em></strong></span> <span class='ocrx_word' id='word_1_421' title='bbox 1258 3820 1399 3888; x_wconf 85' lang='lat' dir='ltr'><strong><em>quod</em></strong></span> <span class='ocrx_word' id='word_1_422' title='bbox 1437 3832 1668 3890; x_wconf 79' lang='lat' dir='ltr'><strong><em>superest</em></strong></span> <span class='ocrx_word' id='word_1_423' title='bbox 1718 3823 1836 3874; x_wconf 87' lang='lat' dir='ltr'><strong><em>date</em></strong></span> <span class='ocrx_word' id='word_1_424' title='bbox 1866 3822 2144 3892; x_wconf 84' lang='lat' dir='ltr'><strong><em>clcemosy-</em></strong></span> 
     </span>
    </p>
   </div>
   <div class='ocr_carea' id='block_1_54' title="bbox 556 3907 2145 3978">
    <p class='ocr_par' dir='ltr' id='par_1_54' title="bbox 556 3907 2145 3978">
     <span class='ocr_line' id='line_1_54' title="bbox 556 3907 2145 3978; baseline 0.005 -19"><span class='ocrx_word' id='word_1_425' title='bbox 556 3921 718 3959; x_wconf 84' lang='lat' dir='ltr'><strong><em>nam:</em></strong></span> <span class='ocrx_word' id='word_1_426' title='bbox 751 3908 844 3961; x_wconf 90' lang='lat' dir='ltr'><strong><em>sed</em></strong></span> <span class='ocrx_word' id='word_1_427' title='bbox 876 3907 1032 3963; x_wconf 85' lang='lat' dir='ltr'><strong><em>factis</em></strong></span> <span class='ocrx_word' id='word_1_428' title='bbox 1070 3910 1425 3978; x_wconf 84' lang='lat' dir='ltr'><strong><em>receptaculis</em></strong></span> <span class='ocrx_word' id='word_1_429' title='bbox 1454 3909 1749 3978; x_wconf 84' lang='lat' dir='ltr'><strong><em>majoribus</em></strong></span> <span class='ocrx_word' id='word_1_430' title='bbox 1779 3928 1890 3967; x_wconf 74' lang='lat' dir='ltr'><strong><em>suae</em></strong></span> <span class='ocrx_word' id='word_1_431' title='bbox 1919 3913 1972 3967; x_wconf 90' lang='lat' dir='ltr'><strong><em>in</em></strong></span> <span class='ocrx_word' id='word_1_432' title='bbox 2005 3914 2145 3968; x_wconf 83' lang='lat' dir='ltr'><strong><em>futu-</em></strong></span> 
     </span>
    </p>
   </div>
   <div class='ocr_carea' id='block_1_55' title="bbox 554 3998 1541 4061">
    <p class='ocr_par' dir='ltr' id='par_1_55' title="bbox 554 3998 1541 4061">
     <span class='ocr_line' id='line_1_55' title="bbox 554 3998 1541 4061; baseline 0.004 -8"><span class='ocrx_word' id='word_1_433' title='bbox 554 4013 677 4053; x_wconf 87' lang='lat' dir='ltr'><strong><em>rum</em></strong></span> <span class='ocrx_word' id='word_1_434' title='bbox 707 3998 932 4055; x_wconf 75' lang='lat' dir='ltr'><strong><em>luxuriae</em></strong></span> <span class='ocrx_word' id='word_1_435' title='bbox 956 4016 1233 4061; x_wconf 80' lang='lat' dir='ltr'><strong><em>reservare</em></strong></span> <span class='ocrx_word' id='word_1_436' title='bbox 1255 4003 1541 4058; x_wconf 81' lang='lat' dir='ltr'><strong><em>studuerit.</em></strong></span> 
     </span>
    </p>
   </div>
   <div class='ocr_carea' id='block_1_56' title="bbox 623 4090 2198 4167">
    <p class='ocr_par' dir='ltr' id='par_1_56' title="bbox 623 4090 2198 4167">
     <span class='ocr_line' id='line_1_56' title="bbox 623 4090 2198 4167; baseline 0.006 -23"><span class='ocrx_word' id='word_1_437' title='bbox 623 4090 837 4154; x_wconf 76' lang='lat' dir='ltr'><strong><em>Anima,</em></strong></span> <span class='ocrx_word' id='word_1_438' title='bbox 868 4092 1142 4161; x_wconf 81' lang='lat' dir='ltr'><strong><em>inquiens,</em></strong></span> <span class='ocrx_word' id='word_1_439' title='bbox 1166 4093 1322 4149; x_wconf 77' lang='lat' dir='ltr'><strong><em>habes</em></strong></span> <span class='ocrx_word' id='word_1_440' title='bbox 1346 4095 1510 4149; x_wconf 84' lang='lat' dir='ltr'><strong><em>multa</em></strong></span> <span class='ocrx_word' id='word_1_441' title='bbox 1535 4096 1668 4150; x_wconf 85' lang='lat' dir='ltr'><strong><em>bona</em></strong></span> <span class='ocrx_word' id='word_1_442' title='bbox 1695 4096 1865 4167; x_wconf 84' lang='lat' dir='ltr'><strong><em>posita</em></strong></span> <span class='ocrx_word' id='word_1_443' title='bbox 1896 4096 1948 4151; x_wconf 85' lang='lat' dir='ltr'><strong><em>in</em></strong></span> <span class='ocrx_word' id='word_1_444' title='bbox 1978 4114 2142 4152; x_wconf 71' lang='lat' dir='ltr'><strong><em>atinas</em></strong></span> <span class='ocrx_word' id='word_1_445' title='bbox 2192 4149 2198 4159; x_wconf 83' lang='lat'><strong><em>,</em></strong></span> 
     </span>
    </p>
   </div>
   <div class='ocr_carea' id='block_1_57' title="bbox 550 4181 2143 4267">
    <p class='ocr_par' dir='ltr' id='par_1_57' title="bbox 550 4181 2143 4267">
     <span class='ocr_line' id='line_1_57' title="bbox 550 4181 2143 4267; baseline 0.003 -31"><span class='ocrx_word' id='word_1_446' title='bbox 550 4181 841 4254; x_wconf 81' lang='lat' dir='ltr'><strong><em>plurimos:</em></strong></span> <span class='ocrx_word' id='word_1_447' title='bbox 869 4186 1146 4255; x_wconf 78' lang='lat' dir='ltr'><strong><em>requiesce,</em></strong></span> <span class='ocrx_word' id='word_1_448' title='bbox 1173 4188 1399 4253; x_wconf 83' lang='lat' dir='ltr'><strong><em>comede,</em></strong></span> <span class='ocrx_word' id='word_1_449' title='bbox 1427 4187 1558 4253; x_wconf 87' lang='lat' dir='ltr'><strong><em>bibe,</em></strong></span> <span class='ocrx_word' id='word_1_450' title='bbox 1584 4189 1815 4257; x_wconf 78' lang='lat' dir='ltr'><strong><em>epulare.</em></strong></span> <span class='ocrx_word' id='word_1_451' title='bbox 1843 4189 1939 4245; x_wconf 86' lang='lat' dir='ltr'><strong><em>Cui</em></strong></span> <span class='ocrx_word' id='word_1_452' title='bbox 1968 4189 2143 4267; x_wconf 80' lang='lat' dir='ltr'><strong><em>simile</em></strong></span> 
     </span>
    </p>
   </div>
   <div class='ocr_carea' id='block_1_58' title="bbox 552 4277 2143 4352">
    <p class='ocr_par' dir='ltr' id='par_1_58' title="bbox 552 4277 2143 4352">
     <span class='ocr_line' id='line_1_58' title="bbox 552 4277 2143 4352; baseline 0.001 -20"><span class='ocrx_word' id='word_1_453' title='bbox 552 4277 607 4332; x_wconf 89' lang='lat' dir='ltr'><strong><em>in</em></strong></span> <span class='ocrx_word' id='word_1_454' title='bbox 654 4278 1035 4334; x_wconf 76' lang='lat' dir='ltr'><strong><em>Ecclesiastico</em></strong></span> <span class='ocrx_word' id='word_1_455' title='bbox 1083 4280 1297 4349; x_wconf 80' lang='lat' dir='ltr'><strong><em>legitur,</em></strong></span> <span class='ocrx_word' id='word_1_456' title='bbox 1345 4291 1419 4335; x_wconf 81' lang='lat' dir='ltr'><strong><em>est</em></strong></span> <span class='ocrx_word' id='word_1_457' title='bbox 1469 4282 1559 4351; x_wconf 85' lang='lat' dir='ltr'><strong><em>qui</em></strong></span> <span class='ocrx_word' id='word_1_458' title='bbox 1603 4281 1951 4352; x_wconf 57' lang='lat' dir='ltr'><strong><em>locupletati”</em></strong></span> <span class='ocrx_word' id='word_1_459' title='bbox 1987 4298 2143 4351; x_wconf 85' lang='lat' dir='ltr'><strong><em>parce</em></strong></span> 
     </span>
    </p>
   </div>
   <div class='ocr_carea' id='block_1_59' title="bbox 553 4371 2141 4444">
    <p class='ocr_par' dir='ltr' id='par_1_59' title="bbox 553 4371 2141 4444">
     <span class='ocr_line' id='line_1_59' title="bbox 553 4371 2141 4444; baseline -0.001 -18"><span class='ocrx_word' id='word_1_460' title='bbox 553 4371 778 4443; x_wconf 83' lang='lat' dir='ltr'><strong><em>agendo,</em></strong></span> <span class='ocrx_word' id='word_1_461' title='bbox 814 4384 859 4426; x_wconf 83' lang='lat' dir='ltr'><strong><em>et</em></strong></span> <span class='ocrx_word' id='word_1_462' title='bbox 898 4385 970 4427; x_wconf 86' lang='lat' dir='ltr'><strong><em>est</em></strong></span> <span class='ocrx_word' id='word_1_463' title='bbox 1012 4392 1135 4444; x_wconf 82' lang='lat' dir='ltr'><strong><em>pars</em></strong></span> <span class='ocrx_word' id='word_1_464' title='bbox 1187 4376 1436 4429; x_wconf 82' lang='lat' dir='ltr'><strong><em>mercedis</em></strong></span> <span class='ocrx_word' id='word_1_465' title='bbox 1470 4375 1613 4428; x_wconf 85' lang='lat' dir='ltr'><strong><em>illius</em></strong></span> <span class='ocrx_word' id='word_1_466' title='bbox 1646 4376 1697 4429; x_wconf 83' lang='lat' dir='ltr'><strong><em>in</em></strong></span> <span class='ocrx_word' id='word_1_467' title='bbox 1728 4392 1787 4428; x_wconf 85' lang='lat' dir='ltr'><strong><em>eo</em></strong></span> <span class='ocrx_word' id='word_1_468' title='bbox 1818 4374 1954 4444; x_wconf 81' lang='lat' dir='ltr'><strong><em>quod</em></strong></span> <span class='ocrx_word' id='word_1_469' title='bbox 1993 4374 2141 4438; x_wconf 84' lang='lat' dir='ltr'><strong><em>dicit,</em></strong></span> 
     </span>
    </p>
   </div>
   <div class='ocr_carea' id='block_1_60' title="bbox 550 4464 2143 4536">
    <p class='ocr_par' dir='ltr' id='par_1_60' title="bbox 550 4464 2143 4536">
     <span class='ocr_line' id='line_1_60' title="bbox 550 4464 2143 4536; baseline 0.001 -19"><span class='ocrx_word' id='word_1_470' title='bbox 550 4464 720 4518; x_wconf 84' lang='lat' dir='ltr'><strong><em>iuveni</em></strong></span> <span class='ocrx_word' id='word_1_471' title='bbox 768 4466 991 4536; x_wconf 80' lang='lat' dir='ltr'><strong><em>requiem</em></strong></span> <span class='ocrx_word' id='word_1_472' title='bbox 1045 4466 1200 4533; x_wconf 71' lang='lat' dir='ltr'><strong><em>milii,</em></strong></span> <span class='ocrx_word' id='word_1_473' title='bbox 1236 4477 1281 4520; x_wconf 84' lang='lat' dir='ltr'><strong><em>et</em></strong></span> <span class='ocrx_word' id='word_1_474' title='bbox 1326 4483 1463 4519; x_wconf 84' lang='lat' dir='ltr'><strong><em>nunc</em></strong></span> <span class='ocrx_word' id='word_1_475' title='bbox 1511 4465 1838 4519; x_wconf 81' lang='lat' dir='ltr'><strong><em>mamlucubo</em></strong></span> <span class='ocrx_word' id='word_1_476' title='bbox 1882 4465 1945 4519; x_wconf 86' lang='lat' dir='ltr'><strong><em>de</em></strong></span> <span class='ocrx_word' id='word_1_477' title='bbox 1998 4465 2143 4518; x_wconf 84' lang='lat' dir='ltr'><strong><em>bonis</em></strong></span> 
     </span>
    </p>
   </div>
   <div class='ocr_carea' id='block_1_61' title="bbox 2258 1969 3778 2046">
    <p class='ocr_par' dir='ltr' id='par_1_61' title="bbox 2258 1969 3778 2046">
     <span class='ocr_line' id='line_1_61' title="bbox 2258 1969 3778 2046; baseline 0.005 -21"><span class='ocrx_word' id='word_1_478' title='bbox 2258 1969 2365 2027; x_wconf 84' lang='lat' dir='ltr'><strong><em>illis</em></strong></span> <span class='ocrx_word' id='word_1_479' title='bbox 2392 1986 2600 2027; x_wconf 88' lang='lat' dir='ltr'><strong><em>merces</em></strong></span> <span class='ocrx_word' id='word_1_480' title='bbox 2627 1979 2856 2039; x_wconf 67' lang='lat' dir='ltr'><strong><em>aeterna,</em></strong></span> <span class='ocrx_word' id='word_1_481' title='bbox 2882 1973 2939 2029; x_wconf 92' lang='lat' dir='ltr'><strong><em>in</em></strong></span> <span class='ocrx_word' id='word_1_482' title='bbox 2968 1988 3137 2046; x_wconf 74' lang='lat' dir='ltr'><strong><em>regno</em></strong></span> <span class='ocrx_word' id='word_1_483' title='bbox 3156 1976 3371 2031; x_wconf 64' lang='lat' dir='ltr'><strong><em>caelesti</em></strong></span> <span class='ocrx_word' id='word_1_484' title='bbox 3399 1993 3496 2046; x_wconf 90' lang='lat' dir='ltr'><strong><em>pro</em></strong></span> <span class='ocrx_word' id='word_1_485' title='bbox 3520 1979 3614 2033; x_wconf 87' lang='lat' dir='ltr'><strong><em>hoc</em></strong></span> <span class='ocrx_word' id='word_1_486' title='bbox 3635 1992 3778 2032; x_wconf 83' lang='lat' dir='ltr'><strong><em>recom-</em></strong></span> 
     </span>
    </p>
   </div>
   <div class='ocr_carea' id='block_1_62' title="bbox 2254 2061 3776 2132">
    <p class='ocr_par' dir='ltr' id='par_1_62' title="bbox 2254 2061 3776 2132">
     <span class='ocr_line' id='line_1_62' title="bbox 2254 2061 3776 2132; baseline 0.005 -17"><span class='ocrx_word' id='word_1_487' title='bbox 2254 2062 2575 2131; x_wconf 84' lang='lat' dir='ltr'><strong><em>pensabitur</em></strong></span> <span class='ocrx_word' id='word_1_488' title='bbox 2623 2079 2656 2117; x_wconf 89' lang='lat' dir='ltr'><strong><em>a</em></strong></span> <span class='ocrx_word' id='word_1_489' title='bbox 2693 2061 2877 2132; x_wconf 85' lang='lat' dir='ltr'><strong><em>judice</em></strong></span> <span class='ocrx_word' id='word_1_490' title='bbox 2927 2065 3175 2120; x_wconf 88' lang='lat' dir='ltr'><strong><em>vivorum</em></strong></span> <span class='ocrx_word' id='word_1_491' title='bbox 3230 2076 3290 2122; x_wconf 91' lang='lat' dir='ltr'><strong><em>et</em></strong></span> <span class='ocrx_word' id='word_1_492' title='bbox 3332 2075 3659 2124; x_wconf 80' lang='lat' dir='ltr'><strong><em>mortuorum</em></strong></span> <span class='ocrx_word' id='word_1_493' title='bbox 3692 2066 3776 2123; x_wconf 67' lang='lat' dir='ltr'><strong><em>lem</em></strong></span> 
     </span>
    </p>
   </div>
   <div class='ocr_carea' id='block_1_63' title="bbox 2255 2153 3777 2230">
    <p class='ocr_par' dir='ltr' id='par_1_63' title="bbox 2255 2153 3777 2230">
     <span class='ocr_line' id='line_1_63' title="bbox 2255 2153 3777 2230; baseline 0.004 -22"><span class='ocrx_word' id='word_1_494' title='bbox 2255 2153 2475 2210; x_wconf 85' lang='lat' dir='ltr'><strong><em>Christo</em></strong></span> <span class='ocrx_word' id='word_1_495' title='bbox 2501 2155 2728 2212; x_wconf 90' lang='lat' dir='ltr'><strong><em>Domino</em></strong></span> <span class='ocrx_word' id='word_1_496' title='bbox 2755 2165 2961 2222; x_wconf 85' lang='lat' dir='ltr'><strong><em>nostro,</em></strong></span> <span class='ocrx_word' id='word_1_497' title='bbox 2993 2158 3085 2227; x_wconf 88' lang='lat' dir='ltr'><strong><em>qui</em></strong></span> <span class='ocrx_word' id='word_1_498' title='bbox 3115 2159 3313 2214; x_wconf 84' lang='lat' dir='ltr'><strong><em>reddet</em></strong></span> <span class='ocrx_word' id='word_1_499' title='bbox 3339 2160 3614 2230; x_wconf 87' lang='lat' dir='ltr'><strong><em>unicuique</em></strong></span> <span class='ocrx_word' id='word_1_500' title='bbox 3643 2174 3777 2214; x_wconf 82' lang='lat' dir='ltr'><strong><em>secun-</em></strong></span> 
     </span>
    </p>
   </div>
   <div class='ocr_carea' id='block_1_64' title="bbox 2257 2246 3776 2319">
    <p class='ocr_par' dir='ltr' id='par_1_64' title="bbox 2257 2246 3776 2319">
     <span class='ocr_line' id='line_1_64' title="bbox 2257 2246 3776 2319; baseline 0.004 -19"><span class='ocrx_word' id='word_1_501' title='bbox 2257 2246 2384 2301; x_wconf 90' lang='lat' dir='ltr'><strong><em>dum</em></strong></span> <span class='ocrx_word' id='word_1_502' title='bbox 2429 2262 2592 2318; x_wconf 87' lang='lat' dir='ltr'><strong><em>opera</em></strong></span> <span class='ocrx_word' id='word_1_503' title='bbox 2637 2263 2754 2315; x_wconf 86' lang='lat' dir='ltr'><strong><em>sua,</em></strong></span> <span class='ocrx_word' id='word_1_504' title='bbox 2803 2248 2962 2305; x_wconf 86' lang='lat' dir='ltr'><strong><em>bonis</em></strong></span> <span class='ocrx_word' id='word_1_505' title='bbox 2989 2252 3217 2319; x_wconf 64' lang='lat' dir='ltr'><strong><em>prasinia</em></strong></span> <span class='ocrx_word' id='word_1_506' title='bbox 3246 2252 3377 2308; x_wconf 70' lang='lat' dir='ltr'><strong><em>vitia</em></strong></span> <span class='ocrx_word' id='word_1_507' title='bbox 3419 2261 3637 2317; x_wconf 63' lang='lat' dir='ltr'><strong><em>aeternis,</em></strong></span> <span class='ocrx_word' id='word_1_508' title='bbox 3670 2251 3776 2306; x_wconf 81' lang='lat' dir='ltr'><strong><em>malis</em></strong></span> 
     </span>
    </p>
   </div>
   <div class='ocr_carea' id='block_1_65' title="bbox 2253 2343 3776 2416">
    <p class='ocr_par' dir='ltr' id='par_1_65' title="bbox 2253 2343 3776 2416">
     <span class='ocr_line' id='line_1_65' title="bbox 2253 2343 3776 2416; baseline 0.003 -21"><span class='ocrx_word' id='word_1_509' title='bbox 2253 2355 2473 2413; x_wconf 74' lang='lat' dir='ltr'><strong><em>pmnam</em></strong></span> <span class='ocrx_word' id='word_1_510' title='bbox 2502 2352 2838 2413; x_wconf 86' lang='lat' dir='ltr'><strong><em>perpetuam.</em></strong></span> <span class='ocrx_word' id='word_1_511' title='bbox 2867 2343 2973 2414; x_wconf 89' lang='lat' dir='ltr'><strong><em>[psi</em></strong></span> <span class='ocrx_word' id='word_1_512' title='bbox 2998 2345 3174 2401; x_wconf 86' lang='lat' dir='ltr'><strong><em>honor</em></strong></span> <span class='ocrx_word' id='word_1_513' title='bbox 3211 2345 3385 2416; x_wconf 74' lang='lat' dir='ltr'><strong><em>gloria</em></strong></span> <span class='ocrx_word' id='word_1_514' title='bbox 3427 2347 3479 2402; x_wconf 91' lang='lat' dir='ltr'><strong><em>in</em></strong></span> <span class='ocrx_word' id='word_1_515' title='bbox 3520 2346 3685 2404; x_wconf 70' lang='lat' dir='ltr'><strong><em>sarcula</em></strong></span> <span class='ocrx_word' id='word_1_516' title='bbox 3713 2362 3776 2400; x_wconf 77' lang='lat' dir='ltr'><strong><em>sa-</em></strong></span> 
     </span>
    </p>
   </div>
   <div class='ocr_carea' id='block_1_66' title="bbox 2256 2433 2681 2492">
    <p class='ocr_par' dir='ltr' id='par_1_66' title="bbox 2256 2433 2681 2492">
     <span class='ocr_line' id='line_1_66' title="bbox 2256 2433 2681 2492; baseline 0.012 -5"><span class='ocrx_word' id='word_1_517' title='bbox 2256 2433 2457 2491; x_wconf 86' lang='lat' dir='ltr'><strong><em>lorum.</em></strong></span> <span class='ocrx_word' id='word_1_518' title='bbox 2484 2435 2681 2492; x_wconf 76' lang='lat' dir='ltr'><strong><em>Anien.</em></strong></span> 
     </span>
    </p>
   </div>
   <div class='ocr_carea' id='block_1_67' title="bbox 2770 2527 3338 2589">
    <p class='ocr_par' dir='ltr' id='par_1_67' title="bbox 2770 2527 3338 2589">
     <span class='ocr_line' id='line_1_67' title="bbox 2770 2527 3338 2589; baseline 0.004 -5"><span class='ocrx_word' id='word_1_519' title='bbox 2770 2527 3055 2585; x_wconf 76' lang='lat' dir='ltr'><strong><em>HOMILIA</em></strong></span> <span class='ocrx_word' id='word_1_520' title='bbox 3092 2530 3338 2589; x_wconf 70' lang='lat' dir='ltr'><strong><em>LXXVI.</em></strong></span> 
     </span>
    </p>
   </div>
   <div class='ocr_carea' id='block_1_68' title="bbox 2593 2635 3519 2680">
    <p class='ocr_par' dir='ltr' id='par_1_68' title="bbox 2593 2635 3519 2680">
     <span class='ocr_line' id='line_1_68' title="bbox 2593 2635 3519 2680; baseline 0.002 -5"><span class='ocrx_word' id='word_1_521' title='bbox 2593 2635 2849 2677; x_wconf 66' lang='lat' dir='ltr'><strong><em>DOMINICL</em></strong></span> <span class='ocrx_word' id='word_1_522' title='bbox 2876 2639 2915 2678; x_wconf 83' lang='lat' dir='ltr'><strong><em>Il</em></strong></span> <span class='ocrx_word' id='word_1_523' title='bbox 2946 2638 3077 2679; x_wconf 82' lang='lat' dir='ltr'><strong><em>POS&#39;I&#39;</em></strong></span> <span class='ocrx_word' id='word_1_524' title='bbox 3113 2637 3519 2680; x_wconf 72' lang='lat' dir='ltr'><strong><em>PENTBCOSTBN.</em></strong></span> 
     </span>
    </p>
   </div>
   <div class='ocr_carea' id='block_1_69' title="bbox 2511 2708 3588 2785">
    <p class='ocr_par' dir='ltr' id='par_1_69' title="bbox 2511 2708 3588 2785">
     <span class='ocr_line' id='line_1_69' title="bbox 2511 2708 3588 2785; baseline 0.004 -21"><span class='ocrx_word' id='word_1_525' title='bbox 2511 2708 2702 2766; x_wconf 88' lang='lat' dir='ltr'><strong><em>Lectio</em></strong></span> <span class='ocrx_word' id='word_1_526' title='bbox 2728 2712 2982 2782; x_wconf 74' lang='lat' dir='ltr'><strong><em>Epistolas</em></strong></span> <span class='ocrx_word' id='word_1_527' title='bbox 3005 2714 3065 2767; x_wconf 85' lang='grc' dir='ltr'><strong><em>Β.</em></strong></span> <span class='ocrx_word' id='word_1_528' title='bbox 3093 2713 3325 2770; x_wconf 79' lang='lat' dir='ltr'><strong><em>Joannis</em></strong></span> <span class='ocrx_word' id='word_1_529' title='bbox 3349 2713 3588 2785; x_wconf 81' lang='lat' dir='ltr'><strong><em>apostoli.</em></strong></span> 
     </span>
    </p>
   </div>
   <div class='ocr_carea' id='block_1_70' title="bbox 2325 2801 3861 2876">
    <p class='ocr_par' dir='ltr' id='par_1_70' title="bbox 2325 2801 3861 2876">
     <span class='ocr_line' id='line_1_70' title="bbox 2325 2801 3861 2876; baseline 0.007 -20"><span class='ocrx_word' id='word_1_530' title='bbox 2325 2802 2665 2869; x_wconf 81' lang='lat' dir='ltr'><strong><em>Charissime,</em></strong></span> <span class='ocrx_word' id='word_1_531' title='bbox 2692 2804 2833 2859; x_wconf 87' lang='lat' dir='ltr'><strong><em>Deus</em></strong></span> <span class='ocrx_word' id='word_1_532' title='bbox 2856 2806 3087 2861; x_wconf 81' lang='lat' dir='ltr'><strong><em>charitas</em></strong></span> <span class='ocrx_word' id='word_1_533' title='bbox 3111 2816 3210 2861; x_wconf 87' lang='lat' dir='ltr'><strong><em>est.</em></strong></span> <span class='ocrx_word' id='word_1_534' title='bbox 3244 2807 3315 2862; x_wconf 83' lang='lat' dir='ltr'><strong><em>In</em></strong></span> <span class='ocrx_word' id='word_1_535' title='bbox 3335 2807 3433 2862; x_wconf 80' lang='lat' dir='ltr'><strong><em>hoc</em></strong></span> <span class='ocrx_word' id='word_1_536' title='bbox 3462 2802 3674 2876; x_wconf 66' lang='lat' dir='ltr'><strong><em>apparuit</em></strong></span> <span class='ocrx_word' id='word_1_537' title='bbox 3693 2801 3773 2855; x_wconf 69' lang='grc' dir='ltr'><strong><em>ίθιαο</em></strong></span> <span class='ocrx_word' id='word_1_538' title='bbox 3860 2838 3861 2867; x_wconf 80' lang='lat'><em>:</em></span> 
     </span>
    </p>
   </div>
   <div class='ocr_carea' id='block_1_71' title="bbox 2250 2894 3771 2967">
    <p class='ocr_par' dir='ltr' id='par_1_71' title="bbox 2250 2894 3771 2967">
     <span class='ocr_line' id='line_1_71' title="bbox 2250 2894 3771 2967; baseline -0.001 -19"><span class='ocrx_word' id='word_1_539' title='bbox 2250 2895 2382 2949; x_wconf 84' lang='lat' dir='ltr'><strong><em>ritas</em></strong></span> <span class='ocrx_word' id='word_1_540' title='bbox 2412 2896 2507 2950; x_wconf 88' lang='lat' dir='ltr'><strong><em>Dei</em></strong></span> <span class='ocrx_word' id='word_1_541' title='bbox 2548 2898 2601 2951; x_wconf 79' lang='lat' dir='ltr'><strong><em>in</em></strong></span> <span class='ocrx_word' id='word_1_542' title='bbox 2631 2896 2776 2951; x_wconf 84' lang='lat' dir='ltr'><strong><em>nobis</em></strong></span> <span class='ocrx_word' id='word_1_543' title='bbox 2802 2899 3051 2967; x_wconf 84' lang='lat' dir='ltr'><strong><em>quoniam</em></strong></span> <span class='ocrx_word' id='word_1_544' title='bbox 3077 2897 3125 2951; x_wconf 82' lang='lat' dir='ltr'><em>F</em></span> <span class='ocrx_word' id='word_1_545' title='bbox 3128 2898 3285 2953; x_wconf 85' lang='lat' dir='ltr'><strong><em>ilium</em></strong></span> <span class='ocrx_word' id='word_1_546' title='bbox 3329 2915 3483 2954; x_wconf 82' lang='lat' dir='ltr'><strong><em>suum</em></strong></span> <span class='ocrx_word' id='word_1_547' title='bbox 3525 2894 3771 2965; x_wconf 63' lang='lat' dir='ltr'><strong><em>unigenitum</em></strong></span> 
     </span>
    </p>
   </div>
   <div class='ocr_carea' id='block_1_72' title="bbox 2251 2989 3674 3062">
    <p class='ocr_par' dir='ltr' id='par_1_72' title="bbox 2251 2989 3674 3062">
     <span class='ocr_line' id='line_1_72' title="bbox 2251 2989 3674 3062; baseline -0.001 -20"><span class='ocrx_word' id='word_1_548' title='bbox 2251 2989 2391 3043; x_wconf 85' lang='lat' dir='ltr'><strong><em>misit</em></strong></span> <span class='ocrx_word' id='word_1_549' title='bbox 2424 2989 2563 3044; x_wconf 86' lang='lat' dir='ltr'><strong><em>Deus</em></strong></span> <span class='ocrx_word' id='word_1_550' title='bbox 2589 2991 2642 3043; x_wconf 80' lang='lat' dir='ltr'><strong><em>in</em></strong></span> <span class='ocrx_word' id='word_1_551' title='bbox 2668 2990 2944 3056; x_wconf 84' lang='lat' dir='ltr'><strong><em>mundum,</em></strong></span> <span class='ocrx_word' id='word_1_552' title='bbox 2972 2999 3029 3044; x_wconf 86' lang='lat' dir='ltr'><strong><em>ut</em></strong></span> <span class='ocrx_word' id='word_1_553' title='bbox 3054 2991 3294 3046; x_wconf 84' lang='lat' dir='ltr'><strong><em>vivamus</em></strong></span> <span class='ocrx_word' id='word_1_554' title='bbox 3314 3008 3408 3062; x_wconf 89' lang='lat' dir='ltr'><strong><em>per</em></strong></span> <span class='ocrx_word' id='word_1_555' title='bbox 3431 3006 3565 3055; x_wconf 77' lang='lat' dir='ltr'><strong><em>eum,</em></strong></span> <span class='ocrx_word' id='word_1_556' title='bbox 3586 2995 3674 3044; x_wconf 84' lang='lat' dir='ltr'><strong><em>etc.</em></strong></span> 
     </span>
    </p>
   </div>
   <div class='ocr_carea' id='block_1_73' title="bbox 2320 3074 3771 3149">
    <p class='ocr_par' dir='ltr' id='par_1_73' title="bbox 2320 3074 3771 3149">
     <span class='ocr_line' id='line_1_73' title="bbox 2320 3074 3771 3149; baseline 0.002 -15"><span class='ocrx_word' id='word_1_557' title='bbox 2320 3079 2531 3135; x_wconf 77' lang='lat' dir='ltr'><strong><em>latente</em></strong></span> <span class='ocrx_word' id='word_1_558' title='bbox 2559 3089 2772 3149; x_wconf 84' lang='lat' dir='ltr'><strong><em>oportet</em></strong></span> <span class='ocrx_word' id='word_1_559' title='bbox 2802 3078 3009 3146; x_wconf 88' lang='lat' dir='ltr'><strong><em>audire,</em></strong></span> <span class='ocrx_word' id='word_1_560' title='bbox 3042 3080 3242 3136; x_wconf 86' lang='lat' dir='ltr'><strong><em>fratres</em></strong></span> <span class='ocrx_word' id='word_1_561' title='bbox 3274 3079 3594 3142; x_wconf 71' lang='lat' dir='ltr'><strong><em>charissimi.</em></strong></span> <span class='ocrx_word' id='word_1_562' title='bbox 3611 3074 3771 3143; x_wconf 52' lang='lat' dir='ltr'><strong><em>diluen-</em></strong></span> 
     </span>
    </p>
   </div>
   <div class='ocr_carea' id='block_1_74' title="bbox 2252 3165 3770 3241">
    <p class='ocr_par' dir='ltr' id='par_1_74' title="bbox 2252 3165 3770 3241">
     <span class='ocr_line' id='line_1_74' title="bbox 2252 3165 3770 3241; baseline -0.004 -14"><span class='ocrx_word' id='word_1_563' title='bbox 2252 3179 2445 3241; x_wconf 84' lang='lat' dir='ltr'><strong><em>terque</em></strong></span> <span class='ocrx_word' id='word_1_564' title='bbox 2490 3173 2769 3229; x_wconf 77' lang='lat' dir='ltr'><strong><em>memoriae</em></strong></span> <span class='ocrx_word' id='word_1_565' title='bbox 2814 3172 3214 3241; x_wconf 88' lang='lat' dir='ltr'><strong><em>commendare,</em></strong></span> <span class='ocrx_word' id='word_1_566' title='bbox 3281 3172 3443 3230; x_wconf 88' lang='lat' dir='ltr'><strong><em>simul</em></strong></span> <span class='ocrx_word' id='word_1_567' title='bbox 3495 3180 3547 3228; x_wconf 90' lang='lat' dir='ltr'><strong><em>et</em></strong></span> <span class='ocrx_word' id='word_1_568' title='bbox 3583 3165 3770 3238; x_wconf 81' lang='lat' dir='ltr'><strong><em>operibus</em></strong></span> 
     </span>
    </p>
   </div>
   <div class='ocr_carea' id='block_1_75' title="bbox 2251 3252 3770 3337">
    <p class='ocr_par' dir='ltr' id='par_1_75' title="bbox 2251 3252 3770 3337">
     <span class='ocr_line' id='line_1_75' title="bbox 2251 3252 3770 3337; baseline -0.001 -19"><span class='ocrx_word' id='word_1_569' title='bbox 2251 3263 2567 3334; x_wconf 72' lang='lat' dir='ltr'><strong><em>adimplere,</em></strong></span> <span class='ocrx_word' id='word_1_570' title='bbox 2593 3265 2738 3333; x_wconf 87' lang='lat' dir='ltr'><strong><em>quod</em></strong></span> <span class='ocrx_word' id='word_1_571' title='bbox 2765 3265 2921 3321; x_wconf 84' lang='lat' dir='ltr'><strong><em>nobis</em></strong></span> <span class='ocrx_word' id='word_1_572' title='bbox 2943 3264 3180 3322; x_wconf 79' lang='lat' dir='ltr'><strong><em>Joannes</em></strong></span> <span class='ocrx_word' id='word_1_573' title='bbox 3206 3264 3484 3337; x_wconf 88' lang='lat' dir='ltr'><strong><em>apostolus</em></strong></span> <span class='ocrx_word' id='word_1_574' title='bbox 3511 3263 3562 3321; x_wconf 84' lang='lat' dir='ltr'><strong><em>in</em></strong></span> <span class='ocrx_word' id='word_1_575' title='bbox 3584 3252 3770 3331; x_wconf 62' lang='lat' dir='ltr'><strong><em>presenti</em></strong></span> 
     </span>
    </p>
   </div>
   <div class='ocr_carea' id='block_1_76' title="bbox 2249 3353 3861 3429">
    <p class='ocr_par' dir='ltr' id='par_1_76' title="bbox 2249 3353 3861 3429">
     <span class='ocr_line' id='line_1_76' title="bbox 2249 3353 3861 3429; baseline -0.002 -19"><span class='ocrx_word' id='word_1_576' title='bbox 2249 3356 2407 3413; x_wconf 73' lang='lat' dir='ltr'><strong><em>ducet</em></strong></span> <span class='ocrx_word' id='word_1_577' title='bbox 2426 3356 2655 3413; x_wconf 87' lang='lat' dir='ltr'><strong><em>lectione</em></strong></span> <span class='ocrx_word' id='word_1_578' title='bbox 2680 3358 2863 3413; x_wconf 86' lang='lat' dir='ltr'><strong><em>dicens</em></strong></span> <span class='ocrx_word' id='word_1_579' title='bbox 2890 3376 2903 3412; x_wconf 90' lang='lat'><strong>:</strong></span> <span class='ocrx_word' id='word_1_580' title='bbox 2928 3358 3071 3415; x_wconf 82' lang='lat' dir='ltr'><strong><em>Deus</em></strong></span> <span class='ocrx_word' id='word_1_581' title='bbox 3096 3360 3333 3429; x_wconf 77' lang='lat' dir='ltr'><strong><em>charitas</em></strong></span> <span class='ocrx_word' id='word_1_582' title='bbox 3355 3369 3461 3424; x_wconf 83' lang='lat' dir='ltr'><strong><em>est;</em></strong></span> <span class='ocrx_word' id='word_1_583' title='bbox 3489 3353 3693 3415; x_wconf 75' lang='lat' dir='ltr'><strong><em>Charitas</em></strong></span> <span class='ocrx_word' id='word_1_584' title='bbox 3711 3362 3773 3401; x_wconf 64' lang='lat' dir='ltr'><strong><em>alr</em></strong></span> <span class='ocrx_word' id='word_1_585' title='bbox 3860 3380 3861 3429; x_wconf 17' lang='grc' dir='ltr'>ζ</span> 
     </span>
    </p>
   </div>
   <div class='ocr_carea' id='block_1_77' title="bbox 2248 3435 3768 3520">
    <p class='ocr_par' dir='ltr' id='par_1_77' title="bbox 2248 3435 3768 3520">
     <span class='ocr_line' id='line_1_77' title="bbox 2248 3435 3768 3520; baseline -0.002 -19"><span class='ocrx_word' id='word_1_586' title='bbox 2248 3455 2359 3504; x_wconf 86' lang='lat' dir='ltr'><strong><em>tem</em></strong></span> <span class='ocrx_word' id='word_1_587' title='bbox 2399 3448 2620 3507; x_wconf 88' lang='lat' dir='ltr'><strong><em>dilectio</em></strong></span> <span class='ocrx_word' id='word_1_588' title='bbox 2650 3458 2736 3505; x_wconf 87' lang='lat' dir='ltr'><strong><em>est</em></strong></span> <span class='ocrx_word' id='word_1_589' title='bbox 2777 3466 2912 3520; x_wconf 86' lang='lat' dir='ltr'><strong><em>pura</em></strong></span> <span class='ocrx_word' id='word_1_590' title='bbox 2939 3459 2994 3507; x_wconf 88' lang='lat' dir='ltr'><strong><em>et</em></strong></span> <span class='ocrx_word' id='word_1_591' title='bbox 3034 3450 3411 3517; x_wconf 85' lang='lat' dir='ltr'><strong><em>immaculata,</em></strong></span> <span class='ocrx_word' id='word_1_592' title='bbox 3442 3463 3564 3520; x_wconf 85' lang='lat' dir='ltr'><strong><em>pura</em></strong></span> <span class='ocrx_word' id='word_1_593' title='bbox 3590 3444 3646 3500; x_wconf 87' lang='lat' dir='ltr'><strong><em>ab</em></strong></span> <span class='ocrx_word' id='word_1_594' title='bbox 3667 3435 3768 3496; x_wconf 78' lang='grc' dir='ltr'><strong><em>οηιηὶ</em></strong></span> 
     </span>
    </p>
   </div>
   <div class='ocr_carea' id='block_1_78' title="bbox 2245 3526 3770 3614">
    <p class='ocr_par' dir='ltr' id='par_1_78' title="bbox 2245 3526 3770 3614">
     <span class='ocr_line' id='line_1_78' title="bbox 2245 3526 3770 3614; baseline -0.008 -20"><span class='ocrx_word' id='word_1_595' title='bbox 2245 3538 2369 3599; x_wconf 80' lang='lat' dir='ltr'><strong><em>labe</em></strong></span> <span class='ocrx_word' id='word_1_596' title='bbox 2397 3542 2624 3611; x_wconf 87' lang='lat' dir='ltr'><strong><em>peccati,</em></strong></span> <span class='ocrx_word' id='word_1_597' title='bbox 2673 3556 2809 3611; x_wconf 87' lang='lat' dir='ltr'><strong><em>pura</em></strong></span> <span class='ocrx_word' id='word_1_598' title='bbox 2855 3558 2888 3596; x_wconf 91' lang='lat' dir='ltr'><strong><em>a</em></strong></span> <span class='ocrx_word' id='word_1_599' title='bbox 2930 3542 3261 3612; x_wconf 79' lang='lat' dir='ltr'><strong><em>cogitatione</em></strong></span> <span class='ocrx_word' id='word_1_600' title='bbox 3302 3554 3568 3614; x_wconf 83' lang='lat' dir='ltr'><strong><em>perversa,</em></strong></span> <span class='ocrx_word' id='word_1_601' title='bbox 3591 3547 3698 3607; x_wconf 85' lang='lat' dir='ltr'><strong><em>pura</em></strong></span> <span class='ocrx_word' id='word_1_602' title='bbox 3726 3526 3770 3582; x_wconf 80' lang='lat' dir='ltr'><strong><em>ab</em></strong></span> 
     </span>
    </p>
   </div>
   <div class='ocr_carea' id='block_1_79' title="bbox 2245 3620 3765 3702">
    <p class='ocr_par' dir='ltr' id='par_1_79' title="bbox 2245 3620 3765 3702">
     <span class='ocr_line' id='line_1_79' title="bbox 2245 3620 3765 3702; baseline -0.005 -15"><span class='ocrx_word' id='word_1_603' title='bbox 2245 3633 2419 3689; x_wconf 79' lang='lat' dir='ltr'><strong><em>otiosa</em></strong></span> <span class='ocrx_word' id='word_1_604' title='bbox 2456 3641 2510 3688; x_wconf 91' lang='lat' dir='ltr'><strong><em>et</em></strong></span> <span class='ocrx_word' id='word_1_605' title='bbox 2538 3633 2715 3689; x_wconf 86' lang='lat' dir='ltr'><strong><em>inutili</em></strong></span> <span class='ocrx_word' id='word_1_606' title='bbox 2760 3632 2995 3701; x_wconf 74' lang='lat' dir='ltr'><strong><em>loquela,</em></strong></span> <span class='ocrx_word' id='word_1_607' title='bbox 3028 3647 3164 3702; x_wconf 84' lang='lat' dir='ltr'><strong><em>pura</em></strong></span> <span class='ocrx_word' id='word_1_608' title='bbox 3195 3635 3267 3689; x_wconf 87' lang='lat' dir='ltr'><strong><em>ab</em></strong></span> <span class='ocrx_word' id='word_1_609' title='bbox 3307 3631 3452 3689; x_wconf 86' lang='lat' dir='ltr'><strong><em>omni</em></strong></span> <span class='ocrx_word' id='word_1_610' title='bbox 3489 3641 3633 3699; x_wconf 84' lang='lat' dir='ltr'><strong><em>opere</em></strong></span> <span class='ocrx_word' id='word_1_611' title='bbox 3655 3620 3765 3679; x_wconf 67' lang='lat' dir='ltr'><strong><em>malo.</em></strong></span> 
     </span>
    </p>
   </div>
   <div class='ocr_carea' id='block_1_80' title="bbox 2243 3714 3769 3796">
    <p class='ocr_par' dir='ltr' id='par_1_80' title="bbox 2243 3714 3769 3796">
     <span class='ocr_line' id='line_1_80' title="bbox 2243 3714 3769 3796; baseline -0.007 -17"><span class='ocrx_word' id='word_1_612' title='bbox 2243 3732 2382 3796; x_wconf 84' lang='lat' dir='ltr'><strong><em>pura</em></strong></span> <span class='ocrx_word' id='word_1_613' title='bbox 2424 3727 2491 3779; x_wconf 88' lang='lat' dir='ltr'><strong><em>ab</em></strong></span> <span class='ocrx_word' id='word_1_614' title='bbox 2531 3726 2677 3781; x_wconf 89' lang='lat' dir='ltr'><strong><em>omni</em></strong></span> <span class='ocrx_word' id='word_1_615' title='bbox 2709 3724 3150 3795; x_wconf 82' lang='lat' dir='ltr'><strong><em>concupiscentia</em></strong></span> <span class='ocrx_word' id='word_1_616' title='bbox 3187 3726 3351 3791; x_wconf 83' lang='lat' dir='ltr'><strong><em>uiala,</em></strong></span> <span class='ocrx_word' id='word_1_617' title='bbox 3381 3732 3436 3778; x_wconf 89' lang='lat' dir='ltr'><strong><em>et</em></strong></span> <span class='ocrx_word' id='word_1_618' title='bbox 3460 3722 3524 3776; x_wconf 85' lang='lat' dir='ltr'><strong><em>ah</em></strong></span> <span class='ocrx_word' id='word_1_619' title='bbox 3549 3714 3672 3773; x_wconf 86' lang='lat' dir='ltr'><strong><em>omni</em></strong></span> <span class='ocrx_word' id='word_1_620' title='bbox 3693 3723 3769 3765; x_wconf 73' lang='grc' dir='ltr'><strong><em>ωει-</em></strong></span> 
     </span>
    </p>
   </div>
   <div class='ocr_carea' id='block_1_81' title="bbox 2242 3811 3765 3889">
    <p class='ocr_par' dir='ltr' id='par_1_81' title="bbox 2242 3811 3765 3889">
     <span class='ocr_line' id='line_1_81' title="bbox 2242 3811 3765 3889; baseline -0.004 -17"><span class='ocrx_word' id='word_1_621' title='bbox 2242 3815 2361 3873; x_wconf 72' lang='lat' dir='ltr'><strong><em>litia</em></strong></span> <span class='ocrx_word' id='word_1_622' title='bbox 2387 3833 2543 3888; x_wconf 90' lang='lat' dir='ltr'><strong><em>pura,</em></strong></span> <span class='ocrx_word' id='word_1_623' title='bbox 2575 3817 2899 3889; x_wconf 76' lang='lat' dir='ltr'><strong><em>[charitatis]</em></strong></span> <span class='ocrx_word' id='word_1_624' title='bbox 2926 3828 3110 3875; x_wconf 86' lang='lat' dir='ltr'><strong><em>castus</em></strong></span> <span class='ocrx_word' id='word_1_625' title='bbox 3138 3835 3319 3886; x_wconf 85' lang='lat' dir='ltr'><strong><em>amor,</em></strong></span> <span class='ocrx_word' id='word_1_626' title='bbox 3355 3815 3558 3874; x_wconf 84' lang='lat' dir='ltr'><strong><em>dilectio</em></strong></span> <span class='ocrx_word' id='word_1_627' title='bbox 3595 3811 3765 3867; x_wconf 59' lang='lat' dir='ltr'><strong><em>sincera,</em></strong></span> 
     </span>
    </p>
   </div>
   <div class='ocr_carea' id='block_1_82' title="bbox 2244 3906 3764 3982">
    <p class='ocr_par' dir='ltr' id='par_1_82' title="bbox 2244 3906 3764 3982">
     <span class='ocr_line' id='line_1_82' title="bbox 2244 3906 3764 3982; baseline -0.001 -17"><span class='ocrx_word' id='word_1_628' title='bbox 2244 3910 2462 3966; x_wconf 88' lang='lat' dir='ltr'><strong><em>dilectio</em></strong></span> <span class='ocrx_word' id='word_1_629' title='bbox 2491 3926 2641 3975; x_wconf 82' lang='lat' dir='ltr'><strong><em>vera,</em></strong></span> <span class='ocrx_word' id='word_1_630' title='bbox 2675 3911 2847 3967; x_wconf 78' lang='lat' dir='ltr'><strong><em>lidclis</em></strong></span> <span class='ocrx_word' id='word_1_631' title='bbox 2896 3927 3049 3969; x_wconf 87' lang='lat' dir='ltr'><strong><em>amor</em></strong></span> <span class='ocrx_word' id='word_1_632' title='bbox 3077 3912 3171 3982; x_wconf 84' lang='lat' dir='ltr'><strong><em>qui</em></strong></span> <span class='ocrx_word' id='word_1_633' title='bbox 3200 3914 3377 3969; x_wconf 86' lang='lat' dir='ltr'><strong><em>nutrit</em></strong></span> <span class='ocrx_word' id='word_1_634' title='bbox 3418 3922 3568 3967; x_wconf 85' lang='lat' dir='ltr'><strong><em>omne</em></strong></span> <span class='ocrx_word' id='word_1_635' title='bbox 3605 3906 3764 3963; x_wconf 52' lang='lat' dir='ltr'><strong><em>bonum.</em></strong></span> 
     </span>
    </p>
   </div>
   <div class='ocr_carea' id='block_1_83' title="bbox 2243 3995 3764 4072">
    <p class='ocr_par' dir='ltr' id='par_1_83' title="bbox 2243 3995 3764 4072">
     <span class='ocr_line' id='line_1_83' title="bbox 2243 3995 3764 4072; baseline 0.001 -16"><span class='ocrx_word' id='word_1_636' title='bbox 2243 4012 2417 4068; x_wconf 86' lang='lat' dir='ltr'><strong><em>amor,</em></strong></span> <span class='ocrx_word' id='word_1_637' title='bbox 2445 4002 2537 4071; x_wconf 89' lang='lat' dir='ltr'><strong><em>qui</em></strong></span> <span class='ocrx_word' id='word_1_638' title='bbox 2566 4001 2701 4072; x_wconf 83' lang='lat' dir='ltr'><strong><em>fugit</em></strong></span> <span class='ocrx_word' id='word_1_639' title='bbox 2724 4012 2778 4056; x_wconf 88' lang='lat' dir='ltr'><strong><em>ct</em></strong></span> <span class='ocrx_word' id='word_1_640' title='bbox 2803 4002 2917 4058; x_wconf 76' lang='lat' dir='ltr'><strong><em>o..lit</em></strong></span> <span class='ocrx_word' id='word_1_641' title='bbox 2944 4018 3104 4058; x_wconf 86' lang='lat' dir='ltr'><strong><em>omne</em></strong></span> <span class='ocrx_word' id='word_1_642' title='bbox 3138 4004 3361 4069; x_wconf 86' lang='lat' dir='ltr'><strong><em>malum,</em></strong></span> <span class='ocrx_word' id='word_1_643' title='bbox 3395 4014 3539 4057; x_wconf 74' lang='lat' dir='ltr'><strong><em>arnor</em></strong></span> <span class='ocrx_word' id='word_1_644' title='bbox 3565 3995 3664 4052; x_wconf 82' lang='lat' dir='ltr'><strong><em>sine</em></strong></span> <span class='ocrx_word' id='word_1_645' title='bbox 3693 3999 3764 4057; x_wconf 73' lang='grc' dir='ltr'><strong><em>(Ιυο</em></strong></span> 
     </span>
    </p>
   </div>
   <div class='ocr_carea' id='block_1_84' title="bbox 2243 4087 3861 4165">
    <p class='ocr_par' dir='ltr' id='par_1_84' title="bbox 2243 4087 3861 4165">
     <span class='ocr_line' id='line_1_84' title="bbox 2243 4087 3861 4165; baseline -0.009 -19"><span class='ocrx_word' id='word_1_646' title='bbox 2243 4093 2378 4147; x_wconf 86' lang='lat' dir='ltr'><strong><em>nihil</em></strong></span> <span class='ocrx_word' id='word_1_647' title='bbox 2408 4103 2492 4148; x_wconf 88' lang='lat' dir='ltr'><strong><em>est</em></strong></span> <span class='ocrx_word' id='word_1_648' title='bbox 2521 4095 2748 4159; x_wconf 89' lang='lat' dir='ltr'><strong><em>bonum,</em></strong></span> <span class='ocrx_word' id='word_1_649' title='bbox 2775 4108 2929 4148; x_wconf 88' lang='lat' dir='ltr'><strong><em>amor</em></strong></span> <span class='ocrx_word' id='word_1_650' title='bbox 2958 4110 2987 4148; x_wconf 87' lang='lat' dir='ltr'><strong><em>a</em></strong></span> <span class='ocrx_word' id='word_1_651' title='bbox 3018 4110 3128 4164; x_wconf 87' lang='lat' dir='ltr'><strong><em>quo</em></strong></span> <span class='ocrx_word' id='word_1_652' title='bbox 3155 4095 3401 4165; x_wconf 87' lang='lat' dir='ltr'><strong><em>procedit</em></strong></span> <span class='ocrx_word' id='word_1_653' title='bbox 3427 4103 3575 4146; x_wconf 86' lang='lat' dir='ltr'><strong><em>omne</em></strong></span> <span class='ocrx_word' id='word_1_654' title='bbox 3604 4087 3761 4138; x_wconf 83' lang='lat' dir='ltr'><strong><em>bonum.</em></strong></span> <span class='ocrx_word' id='word_1_655' title='bbox 3860 4116 3861 4165; x_wconf 21' lang='grc' dir='ltr'>ξ</span> 
     </span>
    </p>
   </div>
   <div class='ocr_carea' id='block_1_85' title="bbox 2243 4177 3861 4267">
    <p class='ocr_par' dir='ltr' id='par_1_85' title="bbox 2243 4177 3861 4267">
     <span class='ocr_line' id='line_1_85' title="bbox 2243 4177 3861 4267; baseline 0.002 -27"><span class='ocrx_word' id='word_1_656' title='bbox 2243 4186 2397 4243; x_wconf 83' lang='lat' dir='ltr'><strong><em>llunc</em></strong></span> <span class='ocrx_word' id='word_1_657' title='bbox 2438 4188 2531 4257; x_wconf 90' lang='lat' dir='ltr'><strong><em>qui</em></strong></span> <span class='ocrx_word' id='word_1_658' title='bbox 2584 4187 2749 4243; x_wconf 85' lang='lat' dir='ltr'><strong><em>habet</em></strong></span> <span class='ocrx_word' id='word_1_659' title='bbox 2800 4204 2961 4245; x_wconf 80' lang='lat' dir='ltr'><strong><em>onine</em></strong></span> <span class='ocrx_word' id='word_1_660' title='bbox 3000 4189 3201 4244; x_wconf 86' lang='lat' dir='ltr'><strong><em>bonum</em></strong></span> <span class='ocrx_word' id='word_1_661' title='bbox 3255 4190 3447 4251; x_wconf 75' lang='lat' dir='ltr'><strong><em>habet,</em></strong></span> <span class='ocrx_word' id='word_1_662' title='bbox 3489 4181 3600 4253; x_wconf 76' lang='lat' dir='ltr'><strong><em>quia</em></strong></span> <span class='ocrx_word' id='word_1_663' title='bbox 3642 4177 3763 4267; x_wconf 51' lang='grc' dir='ltr'><strong><em>ίρεῑπξῖ</em></strong></span> 
     </span>
    </p>
   </div>
   <div class='ocr_carea' id='block_1_86' title="bbox 2243 4266 3762 4362">
    <p class='ocr_par' dir='ltr' id='par_1_86' title="bbox 2243 4266 3762 4362">
     <span class='ocr_line' id='line_1_86' title="bbox 2243 4266 3762 4362; baseline -0.017 -29"><span class='ocrx_word' id='word_1_664' title='bbox 2243 4279 2413 4336; x_wconf 85' lang='lat' dir='ltr'><strong><em>Deum</em></strong></span> <span class='ocrx_word' id='word_1_665' title='bbox 2451 4279 2635 4345; x_wconf 85' lang='lat' dir='ltr'><strong><em>habet,</em></strong></span> <span class='ocrx_word' id='word_1_666' title='bbox 2670 4280 2797 4349; x_wconf 88' lang='lat' dir='ltr'><strong><em>quia</em></strong></span> <span class='ocrx_word' id='word_1_667' title='bbox 2826 4279 2968 4337; x_wconf 87' lang='lat' dir='ltr'><strong><em>Deus</em></strong></span> <span class='ocrx_word' id='word_1_668' title='bbox 2995 4280 3227 4335; x_wconf 75' lang='lat' dir='ltr'><strong><em>cltaritas</em></strong></span> <span class='ocrx_word' id='word_1_669' title='bbox 3256 4288 3354 4337; x_wconf 82' lang='lat' dir='ltr'><strong><em>est.</em></strong></span> <span class='ocrx_word' id='word_1_670' title='bbox 3380 4277 3445 4332; x_wconf 85' lang='lat' dir='ltr'><strong><em>In</em></strong></span> <span class='ocrx_word' id='word_1_671' title='bbox 3470 4276 3559 4329; x_wconf 84' lang='lat' dir='ltr'><strong><em>ltoc</em></strong></span> <span class='ocrx_word' id='word_1_672' title='bbox 3585 4266 3762 4362; x_wconf 66' lang='lat' dir='ltr'><strong><em>apparuit</em></strong></span> 
     </span>
    </p>
   </div>
   <div class='ocr_carea' id='block_1_87' title="bbox 2243 4366 3766 4443">
    <p class='ocr_par' dir='ltr' id='par_1_87' title="bbox 2243 4366 3766 4443">
     <span class='ocr_line' id='line_1_87' title="bbox 2243 4366 3766 4443; baseline -0.011 -21"><span class='ocrx_word' id='word_1_673' title='bbox 2243 4370 2473 4424; x_wconf 76' lang='lat' dir='ltr'><strong><em>Charitas</em></strong></span> <span class='ocrx_word' id='word_1_674' title='bbox 2504 4372 2599 4425; x_wconf 84' lang='lat' dir='ltr'><strong><em>Dei</em></strong></span> <span class='ocrx_word' id='word_1_675' title='bbox 2643 4372 2697 4424; x_wconf 83' lang='lat' dir='ltr'><strong><em>in</em></strong></span> <span class='ocrx_word' id='word_1_676' title='bbox 2737 4372 2883 4427; x_wconf 86' lang='lat' dir='ltr'><strong><em>nobis</em></strong></span> <span class='ocrx_word' id='word_1_677' title='bbox 2918 4387 2937 4428; x_wconf 85' lang='lat'><strong><em>.&#39;</em></strong></span> <span class='ocrx_word' id='word_1_678' title='bbox 2980 4374 3229 4443; x_wconf 82' lang='lat' dir='ltr'><strong><em>quoniam</em></strong></span> <span class='ocrx_word' id='word_1_679' title='bbox 3266 4371 3437 4440; x_wconf 78' lang='lat' dir='ltr'><strong><em>ﬁlium</em></strong></span> <span class='ocrx_word' id='word_1_680' title='bbox 3464 4379 3603 4422; x_wconf 85' lang='lat' dir='ltr'><strong><em>suum</em></strong></span> <span class='ocrx_word' id='word_1_681' title='bbox 3644 4366 3766 4421; x_wconf 64' lang='lat' dir='ltr'><strong><em>umqv-</em></strong></span> 
     </span>
    </p>
   </div>
   <div class='ocr_carea' id='block_1_88' title="bbox 2245 4456 3761 4527">
    <p class='ocr_par' dir='ltr' id='par_1_88' title="bbox 2245 4456 3761 4527">
     <span class='ocr_line' id='line_1_88' title="bbox 2245 4456 3761 4527; baseline -0.011 -15"><span class='ocrx_word' id='word_1_682' title='bbox 2245 4462 2410 4514; x_wconf 86' lang='lat' dir='ltr'><strong><em>uitum</em></strong></span> <span class='ocrx_word' id='word_1_683' title='bbox 2441 4461 2579 4513; x_wconf 83' lang='lat' dir='ltr'><strong><em>misit</em></strong></span> <span class='ocrx_word' id='word_1_684' title='bbox 2618 4460 2760 4514; x_wconf 85' lang='lat' dir='ltr'><strong><em>Deus</em></strong></span> <span class='ocrx_word' id='word_1_685' title='bbox 2802 4463 2863 4515; x_wconf 83' lang='lat' dir='ltr'><strong><em>in</em></strong></span> <span class='ocrx_word' id='word_1_686' title='bbox 2891 4462 3178 4527; x_wconf 85' lang='lat' dir='ltr'><strong><em>mundum,</em></strong></span> <span class='ocrx_word' id='word_1_687' title='bbox 3221 4470 3278 4515; x_wconf 91' lang='lat' dir='ltr'><strong><em>ut</em></strong></span> <span class='ocrx_word' id='word_1_688' title='bbox 3312 4461 3531 4517; x_wconf 73' lang='lat' dir='ltr'><strong><em>vivamus</em></strong></span> <span class='ocrx_word' id='word_1_689' title='bbox 3556 4466 3633 4523; x_wconf 87' lang='lat' dir='ltr'><strong><em>per</em></strong></span> <span class='ocrx_word' id='word_1_690' title='bbox 3666 4456 3761 4499; x_wconf 75' lang='lat' dir='ltr'><strong><em>cuin.</em></strong></span> 
     </span>
    </p>
   </div>
   <div class='ocr_carea' id='block_1_89' title="bbox 554 4542 3861 4651">
    <p class='ocr_par' dir='ltr' id='par_1_89' title="bbox 554 4542 3861 4651">
     <span class='ocr_line' id='line_1_89' title="bbox 554 4542 3861 4651; baseline -0.002 -42"><span class='ocrx_word' id='word_1_691' title='bbox 554 4557 678 4609; x_wconf 86' lang='lat' dir='ltr'><strong><em>meis</em></strong></span> <span class='ocrx_word' id='word_1_692' title='bbox 705 4554 868 4620; x_wconf 84' lang='lat' dir='ltr'><strong><em>solus,</em></strong></span> <span class='ocrx_word' id='word_1_693' title='bbox 897 4566 944 4609; x_wconf 87' lang='lat' dir='ltr'><strong><em>et</em></strong></span> <span class='ocrx_word' id='word_1_694' title='bbox 975 4557 1129 4610; x_wconf 80' lang='lat' dir='ltr'><strong><em>nescit</em></strong></span> <span class='ocrx_word' id='word_1_695' title='bbox 1162 4559 1300 4627; x_wconf 86' lang='lat' dir='ltr'><strong><em>quod</em></strong></span> <span class='ocrx_word' id='word_1_696' title='bbox 1327 4568 1527 4627; x_wconf 81' lang='lat' dir='ltr'><strong><em>tempus</em></strong></span> <span class='ocrx_word' id='word_1_697' title='bbox 1564 4567 1835 4625; x_wconf 64' lang='lat' dir='ltr'><strong><em>pranereat</em></strong></span> <span class='ocrx_word' id='word_1_698' title='bbox 1887 4566 1934 4609; x_wconf 85' lang='lat' dir='ltr'><strong><em>et</em></strong></span> <span class='ocrx_word' id='word_1_699' title='bbox 1986 4556 2143 4612; x_wconf 84' lang='lat' dir='ltr'><strong><em>relin—</em></strong></span> <span class='ocrx_word' id='word_1_700' title='bbox 2167 4552 2302 4651; x_wconf 76' lang='grc' dir='ltr'><strong><em>Ι)1ιι</em></strong></span> <span class='ocrx_word' id='word_1_701' title='bbox 2341 4553 2441 4606; x_wconf 85' lang='lat' dir='ltr'><strong><em>hoc</em></strong></span> <span class='ocrx_word' id='word_1_702' title='bbox 2481 4554 2739 4620; x_wconf 81' lang='lat' dir='ltr'><strong><em>probatur</em></strong></span> <span class='ocrx_word' id='word_1_703' title='bbox 2768 4554 3005 4611; x_wconf 74' lang='lat' dir='ltr'><strong><em>Charitas</em></strong></span> <span class='ocrx_word' id='word_1_704' title='bbox 3042 4553 3137 4607; x_wconf 87' lang='lat' dir='ltr'><strong><em>Dei</em></strong></span> <span class='ocrx_word' id='word_1_705' title='bbox 3190 4553 3371 4608; x_wconf 83' lang='lat' dir='ltr'><strong><em>Patris</em></strong></span> <span class='ocrx_word' id='word_1_706' title='bbox 3400 4552 3452 4606; x_wconf 89' lang='lat' dir='ltr'><strong><em>in</em></strong></span> <span class='ocrx_word' id='word_1_707' title='bbox 3498 4542 3635 4651; x_wconf 52' lang='lat' dir='ltr'><strong><em>nobisl</em></strong></span> 
     </span>
    </p>
   </div>
   <div class='ocr_carea' id='block_1_90' title="bbox 552 4649 1041 4715">
    <p class='ocr_par' dir='ltr' id='par_1_90' title="bbox 552 4649 1041 4715">
     <span class='ocr_line' id='line_1_90' title="bbox 552 4649 1041 4715; baseline 0.008 -17"><span class='ocrx_word' id='word_1_708' title='bbox 552 4657 675 4715; x_wconf 88' lang='lat' dir='ltr'><strong><em>quat</em></strong></span> <span class='ocrx_word' id='word_1_709' title='bbox 700 4649 873 4701; x_wconf 81' lang='lat' dir='ltr'><strong><em>omnia</em></strong></span> <span class='ocrx_word' id='word_1_710' title='bbox 901 4649 1041 4702; x_wconf 84' lang='lat' dir='ltr'><strong><em>aliis.</em></strong></span> 
     </span>
    </p>
   </div>
   <div class='ocr_carea' id='block_1_91' title="bbox 629 4734 2139 4806">
    <p class='ocr_par' dir='ltr' id='par_1_91' title="bbox 629 4734 2139 4806">
     <span class='ocr_line' id='line_1_91' title="bbox 629 4734 2139 4806; baseline 0.005 -15"><span class='ocrx_word' id='word_1_711' title='bbox 629 4739 767 4797; x_wconf 69' lang='lat' dir='ltr'><strong><em>Dixit</em></strong></span> <span class='ocrx_word' id='word_1_712' title='bbox 807 4750 982 4795; x_wconf 84' lang='lat' dir='ltr'><strong><em>autem</em></strong></span> <span class='ocrx_word' id='word_1_713' title='bbox 1012 4740 1089 4794; x_wconf 87' lang='lat' dir='ltr'><strong><em>illi</em></strong></span> <span class='ocrx_word' id='word_1_714' title='bbox 1121 4741 1421 4796; x_wconf 85' lang='lat' dir='ltr'><strong><em>Dominus:</em></strong></span> <span class='ocrx_word' id='word_1_715' title='bbox 1453 4740 1646 4806; x_wconf 84' lang='lat' dir='ltr'><strong><em>Stulte,</em></strong></span> <span class='ocrx_word' id='word_1_716' title='bbox 1689 4743 1787 4798; x_wconf 78' lang='lat' dir='ltr'><strong><em>hac</em></strong></span> <span class='ocrx_word' id='word_1_717' title='bbox 1828 4753 1975 4799; x_wconf 81' lang='lat' dir='ltr'><strong><em>nocte</em></strong></span> <span class='ocrx_word' id='word_1_718' title='bbox 2021 4734 2139 4799; x_wconf 75' lang='lat' dir='ltr'><strong><em>uiii-</em></strong></span> 
     </span>
    </p>
   </div>
   <div class='ocr_carea' id='block_1_92' title="bbox 551 4838 2139 4907">
    <p class='ocr_par' dir='ltr' id='par_1_92' title="bbox 551 4838 2139 4907">
     <span class='ocr_line' id='line_1_92' title="bbox 551 4838 2139 4907; baseline 0.003 -19"><span class='ocrx_word' id='word_1_719' title='bbox 551 4850 691 4888; x_wconf 85' lang='lat' dir='ltr'><strong><em>mam</em></strong></span> <span class='ocrx_word' id='word_1_720' title='bbox 724 4844 869 4887; x_wconf 88' lang='lat' dir='ltr'><strong><em>tuam</em></strong></span> <span class='ocrx_word' id='word_1_721' title='bbox 914 4842 1137 4902; x_wconf 82' lang='lat' dir='ltr'><strong><em>repetent</em></strong></span> <span class='ocrx_word' id='word_1_722' title='bbox 1182 4852 1213 4887; x_wconf 90' lang='lat' dir='ltr'><strong><em>a</em></strong></span> <span class='ocrx_word' id='word_1_723' title='bbox 1253 4844 1342 4886; x_wconf 89' lang='lat' dir='ltr'><strong><em>te:</em></strong></span> <span class='ocrx_word' id='word_1_724' title='bbox 1374 4851 1489 4905; x_wconf 78' lang='lat' dir='ltr'><strong><em>qua‘</em></strong></span> <span class='ocrx_word' id='word_1_725' title='bbox 1538 4848 1705 4889; x_wconf 70' lang='lat' dir='ltr'><strong><em>aiurm</em></strong></span> <span class='ocrx_word' id='word_1_726' title='bbox 1754 4838 1954 4906; x_wconf 79' lang='lat' dir='ltr'><strong><em>parasti</em></strong></span> <span class='ocrx_word' id='word_1_727' title='bbox 1988 4839 2139 4907; x_wconf 79' lang='lat' dir='ltr'><strong><em>cujus</em></strong></span> 
     </span>
    </p>
   </div>
   <div class='ocr_carea' id='block_1_93' title="bbox 550 4925 2139 5007">
    <p class='ocr_par' dir='ltr' id='par_1_93' title="bbox 550 4925 2139 5007">
     <span class='ocr_line' id='line_1_93' title="bbox 550 4925 2139 5007; baseline 0.004 -28"><span class='ocrx_word' id='word_1_728' title='bbox 550 4926 743 4979; x_wconf 77' lang='lat' dir='ltr'><strong><em>erant?</em></strong></span> <span class='ocrx_word' id='word_1_729' title='bbox 768 4925 868 4992; x_wconf 84' lang='lat' dir='ltr'><strong><em>Qui</em></strong></span> <span class='ocrx_word' id='word_1_730' title='bbox 898 4926 1062 5007; x_wconf 47' lang='lat' dir='ltr'><strong><em>multa</em></strong></span> <span class='ocrx_word' id='word_1_731' title='bbox 1103 4926 1198 4980; x_wconf 88' lang='lat' dir='ltr'><strong><em>tibi</em></strong></span> <span class='ocrx_word' id='word_1_732' title='bbox 1227 4926 1539 4983; x_wconf 86' lang='lat' dir='ltr'><strong><em>deliciarum</em></strong></span> <span class='ocrx_word' id='word_1_733' title='bbox 1573 4938 1810 4998; x_wconf 82' lang='lat' dir='ltr'><strong><em>tempora</em></strong></span> <span class='ocrx_word' id='word_1_734' title='bbox 1842 4931 2039 4986; x_wconf 79' lang='lat' dir='ltr'><strong><em>stultus</em></strong></span> <span class='ocrx_word' id='word_1_735' title='bbox 2085 4931 2139 4985; x_wconf 87' lang='lat' dir='ltr'><strong><em>in</em></strong></span> 
     </span>
    </p>
   </div>
   <div class='ocr_carea' id='block_1_94' title="bbox 548 5019 2138 5094">
    <p class='ocr_par' dir='ltr' id='par_1_94' title="bbox 548 5019 2138 5094">
     <span class='ocr_line' id='line_1_94' title="bbox 548 5019 2138 5094; baseline 0.003 -19"><span class='ocrx_word' id='word_1_736' title='bbox 548 5020 661 5075; x_wconf 78' lang='lat' dir='ltr'><strong><em>vita</em></strong></span> <span class='ocrx_word' id='word_1_737' title='bbox 687 5019 1057 5090; x_wconf 85' lang='lat' dir='ltr'><strong><em>promittebas,</em></strong></span> <span class='ocrx_word' id='word_1_738' title='bbox 1097 5020 1342 5089; x_wconf 75' lang='lat' dir='ltr'><strong><em>proxima</em></strong></span> <span class='ocrx_word' id='word_1_739' title='bbox 1380 5022 1484 5075; x_wconf 87' lang='lat' dir='ltr'><strong><em>hac</em></strong></span> <span class='ocrx_word' id='word_1_740' title='bbox 1530 5031 1685 5077; x_wconf 89' lang='lat' dir='ltr'><strong><em>nocte</em></strong></span> <span class='ocrx_word' id='word_1_741' title='bbox 1722 5033 1896 5079; x_wconf 87' lang='lat' dir='ltr'><strong><em>morte</em></strong></span> <span class='ocrx_word' id='word_1_742' title='bbox 1943 5041 2138 5094; x_wconf 70' lang='lat' dir='ltr'><strong><em>praere-</em></strong></span> 
     </span>
    </p>
   </div>
   <div class='ocr_carea' id='block_1_95' title="bbox 551 5113 2136 5185">
    <p class='ocr_par' dir='ltr' id='par_1_95' title="bbox 551 5113 2136 5185">
     <span class='ocr_line' id='line_1_95' title="bbox 551 5113 2136 5185; baseline 0 -16"><span class='ocrx_word' id='word_1_743' title='bbox 551 5124 677 5185; x_wconf 86' lang='lat' dir='ltr'><strong><em>ptus</em></strong></span> <span class='ocrx_word' id='word_1_744' title='bbox 719 5114 842 5168; x_wconf 85' lang='lat' dir='ltr'><strong><em>aliis</em></strong></span> <span class='ocrx_word' id='word_1_745' title='bbox 882 5122 1205 5184; x_wconf 78' lang='lat' dir='ltr'><strong><em>congregata</em></strong></span> <span class='ocrx_word' id='word_1_746' title='bbox 1240 5113 1528 5183; x_wconf 87' lang='lat' dir='ltr'><strong><em>relinques.</em></strong></span> <span class='ocrx_word' id='word_1_747' title='bbox 1562 5114 1686 5170; x_wconf 62' lang='lat' dir='ltr'><strong><em>Haec</em></strong></span> <span class='ocrx_word' id='word_1_748' title='bbox 1718 5117 1828 5171; x_wconf 85' lang='lat' dir='ltr'><strong><em>Deo</em></strong></span> <span class='ocrx_word' id='word_1_749' title='bbox 1858 5118 1926 5171; x_wconf 86' lang='lat' dir='ltr'><strong><em>ad</em></strong></span> <span class='ocrx_word' id='word_1_750' title='bbox 1959 5117 2136 5173; x_wconf 88' lang='lat' dir='ltr'><strong><em>homi-</em></strong></span> 
     </span>
    </p>
   </div>
   <div class='ocr_carea' id='block_1_96' title="bbox 552 5201 2139 5273">
    <p class='ocr_par' dir='ltr' id='par_1_96' title="bbox 552 5201 2139 5273">
     <span class='ocr_line' id='line_1_96' title="bbox 552 5201 2139 5273; baseline 0.004 -16"><span class='ocrx_word' id='word_1_751' title='bbox 552 5218 678 5257; x_wconf 86' lang='lat' dir='ltr'><strong><em>nem</em></strong></span> <span class='ocrx_word' id='word_1_752' title='bbox 721 5201 922 5267; x_wconf 81' lang='lat' dir='ltr'><strong><em>dicere,</em></strong></span> <span class='ocrx_word' id='word_1_753' title='bbox 975 5210 1058 5257; x_wconf 86' lang='lat' dir='ltr'><strong><em>est</em></strong></span> <span class='ocrx_word' id='word_1_754' title='bbox 1096 5217 1292 5272; x_wconf 85' lang='lat' dir='ltr'><strong><em>pravas</em></strong></span> <span class='ocrx_word' id='word_1_755' title='bbox 1335 5203 1453 5273; x_wconf 80' lang='lat' dir='ltr'><strong><em>ejus</em></strong></span> <span class='ocrx_word' id='word_1_756' title='bbox 1497 5205 1920 5263; x_wconf 86' lang='lat' dir='ltr'><strong><em>machinationes</em></strong></span> <span class='ocrx_word' id='word_1_757' title='bbox 1960 5209 2139 5263; x_wconf 86' lang='lat' dir='ltr'><strong><em>subita</em></strong></span> 
     </span>
    </p>
   </div>
   <div class='ocr_carea' id='block_1_97' title="bbox 552 5291 2137 5361">
    <p class='ocr_par' dir='ltr' id='par_1_97' title="bbox 552 5291 2137 5361">
     <span class='ocr_line' id='line_1_97' title="bbox 552 5291 2137 5361; baseline 0.004 -15"><span class='ocrx_word' id='word_1_758' title='bbox 552 5291 1019 5347; x_wconf 89' lang='lat' dir='ltr'><strong><em>animadversione</em></strong></span> <span class='ocrx_word' id='word_1_759' title='bbox 1047 5306 1408 5361; x_wconf 86' lang='lat' dir='ltr'><strong><em>compescere.</em></strong></span> <span class='ocrx_word' id='word_1_760' title='bbox 1444 5293 1635 5361; x_wconf 83' lang='lat' dir='ltr'><strong><em>Aliter,</em></strong></span> <span class='ocrx_word' id='word_1_761' title='bbox 1663 5296 1717 5350; x_wconf 89' lang='lat' dir='ltr'><strong><em>in</em></strong></span> <span class='ocrx_word' id='word_1_762' title='bbox 1748 5306 1907 5353; x_wconf 88' lang='lat' dir='ltr'><strong><em>nocte</em></strong></span> <span class='ocrx_word' id='word_1_763' title='bbox 1954 5298 2137 5352; x_wconf 86' lang='lat' dir='ltr'><strong><em>ablata</em></strong></span> 
     </span>
    </p>
   </div>
   <div class='ocr_carea' id='block_1_98' title="bbox 547 5383 2136 5451">
    <p class='ocr_par' dir='ltr' id='par_1_98' title="bbox 547 5383 2136 5451">
     <span class='ocr_line' id='line_1_98' title="bbox 547 5383 2136 5451; baseline 0.001 -10"><span class='ocrx_word' id='word_1_764' title='bbox 547 5391 637 5441; x_wconf 78' lang='lat' dir='ltr'><strong><em>est</em></strong></span> <span class='ocrx_word' id='word_1_765' title='bbox 661 5383 839 5441; x_wconf 86' lang='lat' dir='ltr'><strong><em>anima</em></strong></span> <span class='ocrx_word' id='word_1_766' title='bbox 885 5397 1006 5451; x_wconf 71' lang='lat' dir='ltr'><strong><em>qua:</em></strong></span> <span class='ocrx_word' id='word_1_767' title='bbox 1050 5383 1104 5438; x_wconf 90' lang='lat' dir='ltr'><strong><em>in</em></strong></span> <span class='ocrx_word' id='word_1_768' title='bbox 1153 5384 1485 5441; x_wconf 84' lang='lat' dir='ltr'><strong><em>obscuritate</em></strong></span> <span class='ocrx_word' id='word_1_769' title='bbox 1513 5395 1597 5442; x_wconf 90' lang='lat' dir='ltr'><strong><em>est</em></strong></span> <span class='ocrx_word' id='word_1_770' title='bbox 1625 5388 1802 5443; x_wconf 88' lang='lat' dir='ltr'><strong><em>cordis</em></strong></span> <span class='ocrx_word' id='word_1_771' title='bbox 1830 5389 2045 5451; x_wconf 85' lang='lat' dir='ltr'><strong><em>amissa,</em></strong></span> <span class='ocrx_word' id='word_1_772' title='bbox 2082 5389 2136 5445; x_wconf 91' lang='lat' dir='ltr'><strong><em>in</em></strong></span> 
     </span>
    </p>
   </div>
   <div class='ocr_carea' id='block_1_99' title="bbox 550 5474 2137 5545">
    <p class='ocr_par' dir='ltr' id='par_1_99' title="bbox 550 5474 2137 5545">
     <span class='ocr_line' id='line_1_99' title="bbox 550 5474 2137 5545; baseline 0.001 -13"><span class='ocrx_word' id='word_1_773' title='bbox 550 5483 711 5532; x_wconf 84' lang='lat' dir='ltr'><strong><em>nocte</em></strong></span> <span class='ocrx_word' id='word_1_774' title='bbox 736 5474 912 5530; x_wconf 87' lang='lat' dir='ltr'><strong><em>ablata</em></strong></span> <span class='ocrx_word' id='word_1_775' title='bbox 955 5482 1057 5540; x_wconf 85' lang='lat' dir='ltr'><strong><em>est,</em></strong></span> <span class='ocrx_word' id='word_1_776' title='bbox 1094 5491 1214 5545; x_wconf 71' lang='lat' dir='ltr'><strong><em>quae</em></strong></span> <span class='ocrx_word' id='word_1_777' title='bbox 1241 5476 1691 5535; x_wconf 80' lang='lat' dir='ltr'><strong><em>considerationis</em></strong></span> <span class='ocrx_word' id='word_1_778' title='bbox 1728 5478 1901 5535; x_wconf 85' lang='lat' dir='ltr'><strong><em>lucem</em></strong></span> <span class='ocrx_word' id='word_1_779' title='bbox 1933 5480 2137 5541; x_wconf 84' lang='lat' dir='ltr'><strong><em>habere</em></strong></span> 
     </span>
    </p>
   </div>
   <div class='ocr_carea' id='block_1_100' title="bbox 550 5566 2139 5641">
    <p class='ocr_par' dir='ltr' id='par_1_100' title="bbox 550 5566 2139 5641">
     <span class='ocr_line' id='line_1_100' title="bbox 550 5566 2139 5641; baseline 0.005 -18"><span class='ocrx_word' id='word_1_780' title='bbox 550 5566 744 5632; x_wconf 83' lang='lat' dir='ltr'><strong><em>uoluit,</em></strong></span> <span class='ocrx_word' id='word_1_781' title='bbox 770 5567 997 5637; x_wconf 84' lang='lat' dir='ltr'><strong><em>utquod</em></strong></span> <span class='ocrx_word' id='word_1_782' title='bbox 1035 5576 1248 5638; x_wconf 86' lang='lat' dir='ltr'><strong><em>poterat</em></strong></span> <span class='ocrx_word' id='word_1_783' title='bbox 1285 5570 1397 5639; x_wconf 90' lang='lat' dir='ltr'><strong><em>pati</em></strong></span> <span class='ocrx_word' id='word_1_784' title='bbox 1440 5572 1781 5641; x_wconf 70' lang='lat' dir='ltr'><strong><em>praevideret.</em></strong></span> <span class='ocrx_word' id='word_1_785' title='bbox 1820 5571 1973 5628; x_wconf 90' lang='lat' dir='ltr'><strong><em>Unde</em></strong></span> <span class='ocrx_word' id='word_1_786' title='bbox 2001 5575 2139 5631; x_wconf 85' lang='lat' dir='ltr'><strong><em>bene</em></strong></span> 
     </span>
    </p>
   </div>
   <div class='ocr_carea' id='block_1_101' title="bbox 554 5658 2139 5734">
    <p class='ocr_par' dir='ltr' id='par_1_101' title="bbox 554 5658 2139 5734">
     <span class='ocr_line' id='line_1_101' title="bbox 554 5658 2139 5734; baseline 0.006 -21"><span class='ocrx_word' id='word_1_787' title='bbox 554 5658 830 5726; x_wconf 83' lang='lat' dir='ltr'><strong><em>discipulis</em></strong></span> <span class='ocrx_word' id='word_1_788' title='bbox 872 5658 1055 5716; x_wconf 83' lang='lat' dir='ltr'><strong><em>futura</em></strong></span> <span class='ocrx_word' id='word_1_789' title='bbox 1102 5663 1486 5734; x_wconf 78' lang='lat' dir='ltr'><strong><em>cogitantibus,</em></strong></span> <span class='ocrx_word' id='word_1_790' title='bbox 1517 5665 1715 5721; x_wconf 87' lang='lat' dir='ltr'><strong><em>Paulus</em></strong></span> <span class='ocrx_word' id='word_1_791' title='bbox 1755 5666 2031 5734; x_wconf 89' lang='lat' dir='ltr'><strong><em>apostolus</em></strong></span> <span class='ocrx_word' id='word_1_792' title='bbox 2062 5668 2139 5723; x_wconf 91' lang='lat' dir='ltr'><strong><em>di-</em></strong></span> 
     </span>
    </p>
   </div>
   <div class='ocr_carea' id='block_1_102' title="bbox 554 5745 2136 5823">
    <p class='ocr_par' dir='ltr' id='par_1_102' title="bbox 554 5745 2136 5823">
     <span class='ocr_line' id='line_1_102' title="bbox 554 5745 2136 5823; baseline 0.007 -20"><span class='ocrx_word' id='word_1_793' title='bbox 554 5747 665 5803; x_wconf 88' lang='lat' dir='ltr'><strong><em>cit:</em></strong></span> <span class='ocrx_word' id='word_1_794' title='bbox 706 5745 807 5805; x_wconf 85' lang='lat' dir='ltr'><strong><em>Vos</em></strong></span> <span class='ocrx_word' id='word_1_795' title='bbox 846 5760 1039 5817; x_wconf 86' lang='lat' dir='ltr'><strong><em>autem,</em></strong></span> <span class='ocrx_word' id='word_1_796' title='bbox 1071 5753 1282 5823; x_wconf 77' lang='lat' dir='ltr'><strong><em>fratres,</em></strong></span> <span class='ocrx_word' id='word_1_797' title='bbox 1312 5772 1417 5810; x_wconf 83' lang='lat' dir='ltr'><strong><em>nou</em></strong></span> <span class='ocrx_word' id='word_1_798' title='bbox 1443 5758 1565 5811; x_wconf 84' lang='lat' dir='ltr'><strong><em>estis</em></strong></span> <span class='ocrx_word' id='word_1_799' title='bbox 1596 5757 1647 5811; x_wconf 86' lang='lat' dir='ltr'><strong><em>in</em></strong></span> <span class='ocrx_word' id='word_1_800' title='bbox 1677 5756 1921 5823; x_wconf 83' lang='lat' dir='ltr'><strong><em>tenebris,</em></strong></span> <span class='ocrx_word' id='word_1_801' title='bbox 1956 5768 2009 5812; x_wconf 87' lang='lat' dir='ltr'><strong><em>ut</em></strong></span> <span class='ocrx_word' id='word_1_802' title='bbox 2051 5775 2136 5814; x_wconf 79' lang='lat' dir='ltr'><strong><em>vos</em></strong></span> 
     </span>
    </p>
   </div>
   <div class='ocr_carea' id='block_1_103' title="bbox 557 5839 2137 5917">
    <p class='ocr_par' dir='ltr' id='par_1_103' title="bbox 557 5839 2137 5917">
     <span class='ocr_line' id='line_1_103' title="bbox 557 5839 2137 5917; baseline 0.008 -23"><span class='ocrx_word' id='word_1_803' title='bbox 557 5839 666 5897; x_wconf 72' lang='lat' dir='ltr'><strong><em>dies</em></strong></span> <span class='ocrx_word' id='word_1_804' title='bbox 692 5840 783 5899; x_wconf 82' lang='lat' dir='ltr'><strong><em>illa</em></strong></span> <span class='ocrx_word' id='word_1_805' title='bbox 810 5853 1055 5914; x_wconf 82' lang='lat' dir='ltr'><strong><em>tauquam</em></strong></span> <span class='ocrx_word' id='word_1_806' title='bbox 1077 5844 1165 5915; x_wconf 79' lang='lat' dir='ltr'><strong><em>fur</em></strong></span> <span class='ocrx_word' id='word_1_807' title='bbox 1197 5848 1593 5917; x_wconf 80' lang='lat' dir='ltr'><strong><em>comprehendat</em></strong></span> <span class='ocrx_word' id='word_1_808' title='bbox 1619 5864 1636 5904; x_wconf 86' lang='lat'><strong><em>.&#39;</em></strong></span> <span class='ocrx_word' id='word_1_809' title='bbox 1664 5865 1840 5905; x_wconf 79' lang='lat' dir='ltr'><strong><em>ontucs</em></strong></span> <span class='ocrx_word' id='word_1_810' title='bbox 1867 5852 2004 5905; x_wconf 82' lang='lat' dir='ltr'><strong><em>enim</em></strong></span> <span class='ocrx_word' id='word_1_811' title='bbox 2051 5867 2137 5906; x_wconf 83' lang='lat' dir='ltr'><strong><em>vos</em></strong></span> 
     </span>
    </p>
   </div>
   <div class='ocr_carea' id='block_1_104' title="bbox 2247 4623 3861 4714">
    <p class='ocr_par' dir='ltr' id='par_1_104' title="bbox 2247 4623 3861 4714">
     <span class='ocr_line' id='line_1_104' title="bbox 2247 4623 3861 4714; baseline 0.004 -17"><span class='ocrx_word' id='word_1_812' title='bbox 2247 4644 2373 4714; x_wconf 82' lang='lat' dir='ltr'><strong><em>quia</em></strong></span> <span class='ocrx_word' id='word_1_813' title='bbox 2410 4644 2627 4698; x_wconf 88' lang='lat' dir='ltr'><strong><em>unicum</em></strong></span> <span class='ocrx_word' id='word_1_814' title='bbox 2660 4644 2829 4707; x_wconf 84' lang='lat' dir='ltr'><strong><em>lilium</em></strong></span> <span class='ocrx_word' id='word_1_815' title='bbox 2858 4662 3015 4700; x_wconf 81' lang='lat' dir='ltr'><strong><em>suum</em></strong></span> <span class='ocrx_word' id='word_1_816' title='bbox 3063 4646 3211 4700; x_wconf 88' lang='lat' dir='ltr'><strong><em>misit</em></strong></span> <span class='ocrx_word' id='word_1_817' title='bbox 3259 4645 3395 4701; x_wconf 85' lang='lat' dir='ltr'><strong><em>inori</em></strong></span> <span class='ocrx_word' id='word_1_818' title='bbox 3428 4655 3519 4712; x_wconf 78' lang='lat' dir='ltr'><strong><em>pro</em></strong></span> <span class='ocrx_word' id='word_1_819' title='bbox 3563 4630 3702 4691; x_wconf 86' lang='lat' dir='ltr'><strong><em>nobis.</em></strong></span> <span class='ocrx_word' id='word_1_820' title='bbox 3726 4623 3762 4675; x_wconf 82' lang='grc' dir='ltr'><strong><em>Ιιι</em></strong></span> 
     </span>
    </p>
   </div>
   <div class='ocr_carea' id='block_1_105' title="bbox 2244 4715 3761 4805">
    <p class='ocr_par' dir='ltr' id='par_1_105' title="bbox 2244 4715 3761 4805">
     <span class='ocr_line' id='line_1_105' title="bbox 2244 4715 3761 4805; baseline -0.011 -15"><span class='ocrx_word' id='word_1_821' title='bbox 2244 4735 2347 4790; x_wconf 88' lang='lat' dir='ltr'><strong><em>hoc</em></strong></span> <span class='ocrx_word' id='word_1_822' title='bbox 2389 4736 2648 4805; x_wconf 86' lang='lat' dir='ltr'><strong><em>probatur</em></strong></span> <span class='ocrx_word' id='word_1_823' title='bbox 2701 4737 2905 4793; x_wconf 85' lang='lat' dir='ltr'><strong><em>Christi</em></strong></span> <span class='ocrx_word' id='word_1_824' title='bbox 2955 4737 3076 4792; x_wconf 85' lang='lat' dir='ltr'><strong><em>Filii</em></strong></span> <span class='ocrx_word' id='word_1_825' title='bbox 3125 4738 3220 4794; x_wconf 88' lang='lat' dir='ltr'><strong><em>Dei</em></strong></span> <span class='ocrx_word' id='word_1_826' title='bbox 3273 4736 3503 4793; x_wconf 85' lang='lat' dir='ltr'><strong><em>charitas</em></strong></span> <span class='ocrx_word' id='word_1_827' title='bbox 3545 4729 3591 4783; x_wconf 92' lang='lat' dir='ltr'><strong><em>in</em></strong></span> <span class='ocrx_word' id='word_1_828' title='bbox 3633 4715 3761 4776; x_wconf 50' lang='lat' dir='ltr'><strong><em>nobis,</em></strong></span> 
     </span>
    </p>
   </div>
   <div class='ocr_carea' id='block_1_106' title="bbox 2245 4810 3861 4899">
    <p class='ocr_par' dir='ltr' id='par_1_106' title="bbox 2245 4810 3861 4899">
     <span class='ocr_line' id='line_1_106' title="bbox 2245 4810 3861 4899; baseline -0.009 -21"><span class='ocrx_word' id='word_1_829' title='bbox 2245 4827 2369 4894; x_wconf 77' lang='lat' dir='ltr'><strong><em>quia</em></strong></span> <span class='ocrx_word' id='word_1_830' title='bbox 2405 4833 2651 4882; x_wconf 87' lang='lat' dir='ltr'><strong><em>mortuus</em></strong></span> <span class='ocrx_word' id='word_1_831' title='bbox 2686 4836 2771 4883; x_wconf 87' lang='lat' dir='ltr'><strong><em>est</em></strong></span> <span class='ocrx_word' id='word_1_832' title='bbox 2800 4845 2899 4899; x_wconf 90' lang='lat' dir='ltr'><strong><em>pro</em></strong></span> <span class='ocrx_word' id='word_1_833' title='bbox 2934 4830 3107 4893; x_wconf 82' lang='lat' dir='ltr'><strong><em>nobis,</em></strong></span> <span class='ocrx_word' id='word_1_834' title='bbox 3148 4829 3329 4898; x_wconf 89' lang='lat' dir='ltr'><strong><em>justus</em></strong></span> <span class='ocrx_word' id='word_1_835' title='bbox 3372 4840 3465 4898; x_wconf 89' lang='lat' dir='ltr'><strong><em>pro</em></strong></span> <span class='ocrx_word' id='word_1_836' title='bbox 3506 4812 3702 4890; x_wconf 68' lang='lat' dir='ltr'><strong><em>iniustis,</em></strong></span> <span class='ocrx_word' id='word_1_837' title='bbox 3724 4810 3761 4857; x_wconf 83' lang='lat' dir='ltr'><strong><em>ut</em></strong></span> <span class='ocrx_word' id='word_1_838' title='bbox 3860 4810 3861 4863; x_wconf 65' lang='grc' dir='ltr'>ἒ</span> 
     </span>
    </p>
   </div>
   <div class='ocr_carea' id='block_1_107' title="bbox 2235 4910 3861 4993">
    <p class='ocr_par' dir='ltr' id='par_1_107' title="bbox 2235 4910 3861 4993">
     <span class='ocr_line' id='line_1_107' title="bbox 2235 4910 3861 4993; baseline -0.004 -19"><span class='ocrx_word' id='word_1_839' title='bbox 2235 4918 2619 4989; x_wconf 79' lang='lat' dir='ltr'><strong><em>justiﬁccmur,</em></strong></span> <span class='ocrx_word' id='word_1_840' title='bbox 2662 4932 2717 4977; x_wconf 90' lang='lat' dir='ltr'><strong><em>et</em></strong></span> <span class='ocrx_word' id='word_1_841' title='bbox 2764 4923 2909 4993; x_wconf 78' lang='lat' dir='ltr'><strong><em>digni</em></strong></span> <span class='ocrx_word' id='word_1_842' title='bbox 2948 4922 3073 4987; x_wconf 84' lang='lat' dir='ltr'><strong><em>&#39;Deo</em></strong></span> <span class='ocrx_word' id='word_1_843' title='bbox 3122 4940 3219 4993; x_wconf 89' lang='lat' dir='ltr'><strong><em>per</em></strong></span> <span class='ocrx_word' id='word_1_844' title='bbox 3268 4936 3429 4993; x_wconf 87' lang='lat' dir='ltr'><strong><em>opera</em></strong></span> <span class='ocrx_word' id='word_1_845' title='bbox 3476 4918 3598 4972; x_wconf 79' lang='lat' dir='ltr'><strong><em>bona</em></strong></span> <span class='ocrx_word' id='word_1_846' title='bbox 3633 4910 3761 4959; x_wconf 71' lang='grc' dir='ltr'><strong>θῑνο·</strong></span> <span class='ocrx_word' id='word_1_847' title='bbox 3860 4920 3861 4993; x_wconf 25' lang='grc' dir='ltr'>ξ</span> 
     </span>
    </p>
   </div>
   <div class='ocr_carea' id='block_1_108' title="bbox 2244 4998 3861 5089">
    <p class='ocr_par' dir='ltr' id='par_1_108' title="bbox 2244 4998 3861 5089">
     <span class='ocr_line' id='line_1_108' title="bbox 2244 4998 3861 5089; baseline -0.009 -21"><span class='ocrx_word' id='word_1_848' title='bbox 2244 5014 2508 5087; x_wconf 82' lang='lat' dir='ltr'><strong><em>luntatem</em></strong></span> <span class='ocrx_word' id='word_1_849' title='bbox 2535 5029 2728 5083; x_wconf 87' lang='lat' dir='ltr'><strong><em>puram</em></strong></span> <span class='ocrx_word' id='word_1_850' title='bbox 2754 5014 2809 5068; x_wconf 89' lang='lat' dir='ltr'><strong><em>in</em></strong></span> <span class='ocrx_word' id='word_1_851' title='bbox 2840 5014 3087 5081; x_wconf 73' lang='lat' dir='ltr'><strong><em>Domino.</em></strong></span> <span class='ocrx_word' id='word_1_852' title='bbox 3118 5014 3185 5068; x_wconf 89' lang='lat' dir='ltr'><strong><em>Et</em></strong></span> <span class='ocrx_word' id='word_1_853' title='bbox 3229 5016 3304 5071; x_wconf 86' lang='lat' dir='ltr'><strong><em>ita</em></strong></span> <span class='ocrx_word' id='word_1_854' title='bbox 3347 5027 3442 5084; x_wconf 87' lang='lat' dir='ltr'><strong><em>pro</em></strong></span> <span class='ocrx_word' id='word_1_855' title='bbox 3469 4998 3662 5061; x_wconf 85' lang='lat' dir='ltr'><strong><em>mortuis</em></strong></span> <span class='ocrx_word' id='word_1_856' title='bbox 3683 5001 3760 5089; x_wconf 50' lang='lat' dir='ltr'><strong><em>ml?</em></strong></span> <span class='ocrx_word' id='word_1_857' title='bbox 3860 4998 3861 5051; x_wconf 68' lang='grc' dir='ltr'><em>ἓ</em></span> 
     </span>
    </p>
   </div>
   <div class='ocr_carea' id='block_1_109' title="bbox 2249 5092 3758 5187">
    <p class='ocr_par' dir='ltr' id='par_1_109' title="bbox 2249 5092 3758 5187">
     <span class='ocr_line' id='line_1_109' title="bbox 2249 5092 3758 5187; baseline -0.011 -25"><span class='ocrx_word' id='word_1_858' title='bbox 2249 5107 2388 5162; x_wconf 90' lang='lat' dir='ltr'><strong><em>ritur</em></strong></span> <span class='ocrx_word' id='word_1_859' title='bbox 2422 5116 2483 5161; x_wconf 91' lang='lat' dir='ltr'><strong><em>ut</em></strong></span> <span class='ocrx_word' id='word_1_860' title='bbox 2521 5124 2621 5164; x_wconf 89' lang='lat' dir='ltr'><strong><em>nos</em></strong></span> <span class='ocrx_word' id='word_1_861' title='bbox 2662 5108 2752 5178; x_wconf 84' lang='lat' dir='ltr'><strong><em>qui</em></strong></span> <span class='ocrx_word' id='word_1_862' title='bbox 2802 5123 3022 5165; x_wconf 86' lang='lat' dir='ltr'><strong><em>eramus</em></strong></span> <span class='ocrx_word' id='word_1_863' title='bbox 3067 5108 3267 5171; x_wconf 81' lang='lat' dir='ltr'><strong><em>mortui</em></strong></span> <span class='ocrx_word' id='word_1_864' title='bbox 3304 5108 3359 5161; x_wconf 89' lang='lat' dir='ltr'><strong><em>in</em></strong></span> <span class='ocrx_word' id='word_1_865' title='bbox 3393 5096 3624 5175; x_wconf 83' lang='lat' dir='ltr'><strong><em>peccatis,</em></strong></span> <span class='ocrx_word' id='word_1_866' title='bbox 3648 5092 3758 5187; x_wconf 49' lang='lat' dir='ltr'><strong><em>till“</em></strong></span> 
     </span>
    </p>
   </div>
   <div class='ocr_carea' id='block_1_110' title="bbox 2247 5184 3758 5270">
    <p class='ocr_par' dir='ltr' id='par_1_110' title="bbox 2247 5184 3758 5270">
     <span class='ocr_line' id='line_1_110' title="bbox 2247 5184 3758 5270; baseline -0.007 -17"><span class='ocrx_word' id='word_1_867' title='bbox 2247 5197 2457 5261; x_wconf 80' lang='lat' dir='ltr'><strong><em>delictis</em></strong></span> <span class='ocrx_word' id='word_1_868' title='bbox 2488 5198 2681 5263; x_wconf 77' lang='lat' dir='ltr'><strong><em>necati,</em></strong></span> <span class='ocrx_word' id='word_1_869' title='bbox 2710 5200 2780 5253; x_wconf 90' lang='lat' dir='ltr'><strong><em>ab</em></strong></span> <span class='ocrx_word' id='word_1_870' title='bbox 2819 5198 2966 5265; x_wconf 82' lang='lat' dir='ltr'><strong><em>omni</em></strong></span> <span class='ocrx_word' id='word_1_871' title='bbox 3010 5198 3268 5263; x_wconf 82' lang='lat' dir='ltr'><strong><em>liberaret</em></strong></span> <span class='ocrx_word' id='word_1_872' title='bbox 3293 5200 3529 5270; x_wconf 78' lang='lat' dir='ltr'><strong><em>peccato,</em></strong></span> <span class='ocrx_word' id='word_1_873' title='bbox 3554 5184 3758 5245; x_wconf 51' lang='lat' dir='ltr'><strong><em>remis-“0’</em></strong></span> 
     </span>
    </p>
   </div>
   <div class='ocr_carea' id='block_1_111' title="bbox 2244 5274 3861 5365">
    <p class='ocr_par' dir='ltr' id='par_1_111' title="bbox 2244 5274 3861 5365">
     <span class='ocr_line' id='line_1_111' title="bbox 2244 5274 3861 5365; baseline 0.002 -18"><span class='ocrx_word' id='word_1_874' title='bbox 2244 5308 2477 5362; x_wconf 87' lang='lat' dir='ltr'><strong><em>nemque</em></strong></span> <span class='ocrx_word' id='word_1_875' title='bbox 2523 5292 2678 5351; x_wconf 89' lang='lat' dir='ltr'><strong><em>nobis</em></strong></span> <span class='ocrx_word' id='word_1_876' title='bbox 2707 5292 2938 5348; x_wconf 87' lang='lat' dir='ltr'><strong><em>donaret</em></strong></span> <span class='ocrx_word' id='word_1_877' title='bbox 2984 5293 3231 5349; x_wconf 87' lang='lat' dir='ltr'><strong><em>omnium</em></strong></span> <span class='ocrx_word' id='word_1_878' title='bbox 3275 5289 3551 5365; x_wconf 74' lang='lat' dir='ltr'><strong><em>criminum</em></strong></span> <span class='ocrx_word' id='word_1_879' title='bbox 3579 5274 3759 5365; x_wconf 48' lang='grc' dir='ltr'><strong><em>ειιιιυεέ</em></strong></span> <span class='ocrx_word' id='word_1_880' title='bbox 3860 5350 3861 5365; x_wconf 19' lang='grc' dir='ltr'>ξ</span> 
     </span>
    </p>
   </div>
   <div class='ocr_carea' id='block_1_112' title="bbox 2243 5365 3754 5451">
    <p class='ocr_par' dir='ltr' id='par_1_112' title="bbox 2243 5365 3754 5451">
     <span class='ocr_line' id='line_1_112' title="bbox 2243 5365 3754 5451; baseline -0.013 -3"><span class='ocrx_word' id='word_1_881' title='bbox 2243 5395 2420 5445; x_wconf 80' lang='lat' dir='ltr'><strong><em>morte</em></strong></span> <span class='ocrx_word' id='word_1_882' title='bbox 2464 5401 2563 5441; x_wconf 87' lang='lat' dir='ltr'><strong><em>nos</em></strong></span> <span class='ocrx_word' id='word_1_883' title='bbox 2601 5395 2880 5445; x_wconf 85' lang='lat' dir='ltr'><strong><em>revocaret</em></strong></span> <span class='ocrx_word' id='word_1_884' title='bbox 2909 5385 2977 5440; x_wconf 88' lang='lat' dir='ltr'><strong><em>ad</em></strong></span> <span class='ocrx_word' id='word_1_885' title='bbox 3017 5386 3208 5440; x_wconf 87' lang='lat' dir='ltr'><strong><em>vitam.</em></strong></span> <span class='ocrx_word' id='word_1_886' title='bbox 3254 5384 3409 5440; x_wconf 86' lang='lat' dir='ltr'><strong><em>Salus</em></strong></span> <span class='ocrx_word' id='word_1_887' title='bbox 3451 5390 3540 5451; x_wconf 84' lang='lat' dir='ltr'><strong><em>pro</em></strong></span> <span class='ocrx_word' id='word_1_888' title='bbox 3563 5365 3754 5428; x_wconf 50' lang='lat' dir='ltr'><strong><em>inﬁrm”,</em></strong></span> 
     </span>
    </p>
   </div>
   <div class='ocr_carea' id='block_1_113' title="bbox 2242 5458 3755 5543">
    <p class='ocr_par' dir='ltr' id='par_1_113' title="bbox 2242 5458 3755 5543">
     <span class='ocr_line' id='line_1_113' title="bbox 2242 5458 3755 5543; baseline -0.004 -12"><span class='ocrx_word' id='word_1_889' title='bbox 2242 5488 2490 5541; x_wconf 77' lang='lat' dir='ltr'><strong><em>mortuus</em></strong></span> <span class='ocrx_word' id='word_1_890' title='bbox 2510 5486 2595 5535; x_wconf 87' lang='lat' dir='ltr'><strong><em>est</em></strong></span> <span class='ocrx_word' id='word_1_891' title='bbox 2615 5476 2878 5543; x_wconf 86' lang='lat' dir='ltr'><strong><em>Christus,</em></strong></span> <span class='ocrx_word' id='word_1_892' title='bbox 2906 5486 2968 5535; x_wconf 88' lang='lat' dir='ltr'><strong><em>ut</em></strong></span> <span class='ocrx_word' id='word_1_893' title='bbox 2993 5478 3150 5537; x_wconf 87' lang='lat' dir='ltr'><strong><em>nobis</em></strong></span> <span class='ocrx_word' id='word_1_894' title='bbox 3177 5477 3402 5537; x_wconf 85' lang='lat' dir='ltr'><strong><em>salutem</em></strong></span> <span class='ocrx_word' id='word_1_895' title='bbox 3425 5468 3623 5529; x_wconf 74' lang='lat' dir='ltr'><strong><em>donaret</em></strong></span> <span class='ocrx_word' id='word_1_896' title='bbox 3644 5458 3755 5515; x_wconf 56' lang='grc' dir='ltr'><strong><em>τίετ’</em></strong></span> 
     </span>
    </p>
   </div>
   <div class='ocr_carea' id='block_1_114' title="bbox 2242 5584 2389 5625">
    <p class='ocr_par' dir='ltr' id='par_1_114' title="bbox 2242 5584 2389 5625">
     <span class='ocr_line' id='line_1_114' title="bbox 2242 5584 2389 5625; baseline 0.014 -2"><span class='ocrx_word' id='word_1_897' title='bbox 2242 5584 2389 5625; x_wconf 82' lang='lat' dir='ltr'><strong><em>nam.</em></strong></span> 
     </span>
    </p>
   </div>
   <div class='ocr_carea' id='block_1_115' title="bbox 2281 5584 3751 5737">
    <p class='ocr_par' dir='ltr' id='par_1_115' title="bbox 2281 5584 3751 5737">
     <span class='ocr_line' id='line_1_115' title="bbox 2281 5584 3751 5737; baseline 0.007 -20"><span class='ocrx_word' id='word_1_898' title='bbox 2281 5584 2389 5718; x_wconf 51' lang='lat' dir='ltr'><strong><em>all:</em></strong></span> <span class='ocrx_word' id='word_1_899' title='bbox 2431 5663 2529 5720; x_wconf 75' lang='lat' dir='ltr'><strong><em>hoc</em></strong></span> <span class='ocrx_word' id='word_1_900' title='bbox 2575 5673 2649 5720; x_wconf 88' lang='lat' dir='ltr'><strong><em>est</em></strong></span> <span class='ocrx_word' id='word_1_901' title='bbox 2710 5664 2962 5731; x_wconf 85' lang='lat' dir='ltr'><strong><em>cltaritas,</em></strong></span> <span class='ocrx_word' id='word_1_902' title='bbox 3001 5681 3107 5719; x_wconf 86' lang='lat' dir='ltr'><strong><em>non</em></strong></span> <span class='ocrx_word' id='word_1_903' title='bbox 3156 5664 3307 5737; x_wconf 83' lang='lat' dir='ltr'><strong><em>quasi</em></strong></span> <span class='ocrx_word' id='word_1_904' title='bbox 3363 5674 3451 5716; x_wconf 71' lang='grc' dir='ltr'><strong><em>ηοε</em></strong></span> <span class='ocrx_word' id='word_1_905' title='bbox 3486 5636 3751 5737; x_wconf 45' lang='grc' dir='ltr'><strong><em>άίίεδίψ</em></strong></span> 
     </span>
    </p>
   </div>
   <div class='ocr_carea' id='block_1_116' title="bbox 2242 5728 3752 5833">
    <p class='ocr_par' dir='ltr' id='par_1_116' title="bbox 2242 5728 3752 5833">
     <span class='ocr_line' id='line_1_116' title="bbox 2242 5728 3752 5833; baseline -0.013 -23"><span class='ocrx_word' id='word_1_906' title='bbox 2242 5755 2430 5833; x_wconf 75' lang='lat' dir='ltr'><strong><em>Deum,</em></strong></span> <span class='ocrx_word' id='word_1_907' title='bbox 2460 5758 2551 5812; x_wconf 84' lang='lat' dir='ltr'><strong><em>sed</em></strong></span> <span class='ocrx_word' id='word_1_908' title='bbox 2577 5760 2700 5830; x_wconf 78' lang='lat' dir='ltr'><strong><em>quia</em></strong></span> <span class='ocrx_word' id='word_1_909' title='bbox 2724 5759 2833 5829; x_wconf 81' lang='lat' dir='ltr'><strong><em>ipse</em></strong></span> <span class='ocrx_word' id='word_1_910' title='bbox 2859 5728 3006 5830; x_wconf 82' lang='lat' dir='ltr'><strong><em>prior</em></strong></span> <span class='ocrx_word' id='word_1_911' title='bbox 3034 5728 3218 5815; x_wconf 53' lang='lat' dir='ltr'><strong><em>dilesit</em></strong></span> <span class='ocrx_word' id='word_1_912' title='bbox 3258 5773 3349 5812; x_wconf 87' lang='lat' dir='ltr'><strong><em>nos</em></strong></span> <span class='ocrx_word' id='word_1_913' title='bbox 3380 5762 3423 5809; x_wconf 91' lang='lat' dir='ltr'><strong><em>et</em></strong></span> <span class='ocrx_word' id='word_1_914' title='bbox 3450 5728 3752 5833; x_wconf 36' lang='lat' dir='ltr'><strong><em>misit!“</em></strong></span> 
     </span>
    </p>
   </div>
   <div class='ocr_carea' id='block_1_117' title="bbox 2240 5825 3747 5923">
    <p class='ocr_par' dir='ltr' id='par_1_117' title="bbox 2240 5825 3747 5923">
     <span class='ocr_line' id='line_1_117' title="bbox 2240 5825 3747 5923; baseline -0.042 23"><span class='ocrx_word' id='word_1_915' title='bbox 2240 5825 2399 5909; x_wconf 52' lang='lat' dir='ltr'><strong><em>mm&quot;</em></strong></span> <span class='ocrx_word' id='word_1_916' title='bbox 2422 5825 2843 5923; x_wconf 51' lang='grc' dir='ltr'><strong><em>Ρνορίίίαιέοιλθηι</em></strong></span> <span class='ocrx_word' id='word_1_917' title='bbox 2859 5825 2967 5921; x_wconf 68' lang='grc' dir='ltr'><strong><em>⁷ρτο</em></strong></span> <span class='ocrx_word' id='word_1_918' title='bbox 3010 5852 3235 5923; x_wconf 73' lang='lat' dir='ltr'><strong><em>peccatis</em></strong></span> <span class='ocrx_word' id='word_1_919' title='bbox 3277 5844 3477 5915; x_wconf 67' lang='lat' dir='ltr'><strong><em>nostris.</em></strong></span> <span class='ocrx_word' id='word_1_920' title='bbox 3500 5827 3646 5901; x_wconf 62' lang='lat' dir='ltr'><strong><em>Nalm</em></strong></span> <span class='ocrx_word' id='word_1_921' title='bbox 3667 5825 3747 5873; x_wconf 69' lang='lat' dir='ltr'><strong><em>ote&#39;</em></strong></span> 
     </span>
    </p>
   </div>
  </div>
