3974 6364
212 371 326 434 ωδ

1319 372 1621 432 ΗΟΗΙΙᾸᾹΞ
1658 376 1724 432 IN
1765 374 2021 432 EVANG.
2065 373 2154 434 ET
2192 375 2405 434 EPIST.

3395 375 3504 441 396

209 483 329 542 nim
360 484 573 554 meritis
609 485 887 551 hominum
927 486 1070 541 Deus
1094 485 1258 540 Pater
1301 486 1485 542 dilexit
1511 486 1758 542 homiiies
1792 505 1804 540 :
1837 493 1886 554 Α
1915 485 2142 542 Domino
2168 496 2354 542 nostro
2395 485 2524 542 Jesu
2560 486 2779 542 Christo
2825 489 2911 544 cui
2960 490 3034 547 sit
3058 489 3198 558 laus,
3239 494 3416 555 honor
3444 502 3507 557 ot

205 577 310 632 sed
347 575 460 630 sola
488 585 699 632 tantum
723 578 961 647 gratuita
989 578 1364 632 misericordia
1393 595 1488 631 sua
1515 579 1568 630 in
1604 587 1809 631 tinuum

206 669 402 736 (iilexit
459 672 707 728 homines
759 680 816 725 ut
867 671 1084 726 unicum
1139 671 1308 725 tilium
1363 687 1519 728 suum
1577 670 1812 724 mitteret

210 763 353 817 rnori
412 778 509 832 pro
545 764 783 832 peccatis
831 763 1132 826 hominum,
1167 780 1232 816 ne
1285 763 1531 816 homines
1582 761 1811 830 amplius

208 858 518 912 moriantur
565 859 621 913 in
673 858 931 928 peccatis,
989 857 1301 927 quicunque
1345 853 1462 922 ejus
1506 853 1810 908 obedierint

207 950 522 1022 praeceptis.
554 950 622 1004 Et
654 950 782 1020 quia
805 965 901 1020 per
933 948 1354 1006 inobedientiam
1387 946 1544 1017 primi
1575 945 1810 1000 hominis

205 1043 386 1097 Adam
413 1043 785 1098 moriebantur
811 1056 999 1096 omnes
1031 1040 1280 1111 homines
1315 1040 1424 1096 Deo
1449 1038 1498 1094 in
1532 1036 1806 1107 peccatis:

207 1133 336 1188 ideo
369 1133 630 1188 obediens
664 1150 785 1188 esse
813 1133 1064 1204 dignatus
1094 1141 1200 1198 est,
1227 1133 1369 1186 Deus
1399 1131 1512 1200 ipse
1547 1129 1688 1182 ﬁlius
1717 1127 1811 1182 Dei

208 1226 446 1280 Domino
481 1226 628 1280 Patri
671 1240 771 1280 Suo
799 1242 968 1297 usque
1015 1226 1083 1278 ad
1130 1233 1382 1289 mortem,
1414 1231 1474 1276 ut
1511 1237 1607 1292 pro
1637 1220 1812 1274 homi-

208 1336 344 1374 num
377 1327 682 1374 moreretur
710 1319 820 1382 vita
849 1327 904 1372 et
941 1317 1136 1382 salute,
1167 1324 1227 1369 ut
1274 1314 1524 1376 omnibus
1553 1312 1653 1368 sibi
1695 1327 1812 1365 cre-

208 1411 469 1466 dentibus
500 1411 622 1465 vita:
651 1410 795 1468 viam
826 1409 1084 1479 aperiret,
1108 1421 1308 1478 eosque
1344 1419 1526 1460 secum
1554 1403 1620 1456 ad
1657 1409 1812 1455 teter-

207 1520 342 1559 nam
374 1513 427 1558 et
458 1504 674 1564 beatam
706 1500 1176 1572 immortalitatem
1201 1497 1520 1574 perduceret
1548 1493 1688 1551 unde
1715 1507 1812 1562 per

206 1596 431 1665 culpam
459 1594 788 1658 ceciderant.

287 1687 618 1751 Charissimi,
651 1688 694 1738 si
733 1687 807 1738 sic
835 1684 977 1742 Deus
1014 1682 1194 1738 dilexit
1231 1698 1345 1746 nos,
1369 1689 1415 1734 et
1446 1696 1537 1734 nos
1569 1678 1812 1732 debemus

206 1780 434 1834 invicem
465 1778 698 1850 diligere.
743 1779 877 1836 Cum
910 1792 1039 1847 ergo
1070 1776 1124 1830 in
1155 1783 1362 1828 tantum
1396 1787 1494 1826 nos
1522 1772 1663 1826 Deus
1688 1768 1810 1823 nul-

1915 580 2085 649 gloria
2115 595 2210 649 per
2237 579 2444 633 infinita
2477 581 2670 634 saecula
2698 582 3039 638 saeculorum.
3067 585 3258 642 Amen.

2359 693 2707 749 HOMILIA
2747 696 3055 754 LXXVII.

2462 783 2513 820 IN
2550 783 2726 822 EUDLM
2768 784 2952 824 PES/1'0.

2067 853 2250 908 Lectio
2283 854 2457 934 sancti
2485 856 2762 926 Evangelii
2801 861 3093 915 secundum
3123 862 3348 919 Lucam.

1986 942 2053 997 In
2084 944 2173 998 illo
2204 957 2452 1016 tempore.
2482 946 2654 1002 Homo
2679 951 2893 1019 quidam
2919 963 3030 1006 erat
3060 954 3222 1021 dives,
3246 967 3291 1010 et
3323 958 3506 1011 indue—

1917 1033 2070 1088 batur
2096 1053 2330 1106 purpura
2356 1049 2398 1092 ει
2435 1036 2604 1107 bysso,
2637 1051 2681 1095 et
2724 1041 3036 1112 epulabatur
3072 1049 3304 1116 quotidie
3338 1049 3510 1106 solen-

1916 1127 2060 1191 dide,
2085 1137 2189 1183 etc.

1988 1220 2288 1291 l’urpuram
2327 1224 2458 1295 regii
2512 1225 2726 1282 habitus
2767 1243 2887 1284 esse
2938 1231 3174 1288 colorem
3219 1235 3445 1290 marinis
3481 1254 3511 1293 e

1917 1311 2196 1366 conclmlis
2226 1315 2464 1371 vinctam
2488 1333 2646 1373 nemo
2676 1317 2790 1374 fere
2817 1322 2908 1391 qui
2938 1324 3143 1380 dubitet
3173 1344 3186 1380 :
3218 1343 3342 1381 nam
3374 1345 3506 1384 con-

1916 1403 2086 1458 chuhe
2121 1406 2267 1460 ferro
2295 1409 2632 1467 circumcisa:
2674 1413 2984 1485 lachrymas
3014 1421 3271 1489 purpurei
3313 1421 3511 1478 coloris

1915 1495 2110 1564 quibus
2129 1496 2252 1552 lana
2285 1499 2521 1572 tingatur
2548 1504 2826 1570 emittunt,
2855 1508 3048 1577 byssus
3077 1526 3209 1565 vero
3235 1527 3404 1583 genus
3433 1522 3516 1568 est

1915 1588 2185 1656 quoddam
2222 1583 2350 1656 lini,
2381 1593 2609 1648 nimium
2655 1597 2870 1652 candidi
2897 1607 2951 1652 et
2992 1601 3296 1657 mollissimi
3327 1623 3338 1657 :
3370 1607 3514 1673 quod

1916 1676 2090 1734 Graeci
2119 1691 2350 1751 papaten
2397 1695 2614 1740 vocant.
2660 1687 3033 1746 Admonuerat
3080 1709 3210 1764 ergo
3259 1695 3514 1753 Dominus

1917 1785 2080 1838 supra
2124 1771 2328 1839 facere,
2370 1776 2564 1830 amicos
2602 1777 2666 1831 de
2718 1796 3019 1836 mammona
3074 1784 3384 1854 iniquitatis,
3425 1789 3515 1858 qui

208 1872 282 1927 lis
305 1872 505 1926 nostris
525 1870 960 1942 praecedentibus
985 1867 1194 1923 meritis
1225 1865 1511 1928 dilexit,ut
1540 1863 1772 1916 diximus
1797 1879 1808 1914 :
1840 1872 1889 1932 Β
1917 1878 2035 1914 cum
2065 1863 2128 1916 ab
2156 1864 2254 1918 hac
2280 1867 2380 1922 vita
2425 1868 2790 1937 defecerimus,
2829 1874 3078 1944 recipiant
3103 1893 3195 1930 nos
3224 1878 3279 1930 in
3319 1888 3513 1934 (eterna

207 1978 316 2017 cur
358 1978 458 2022 nos
486 1961 716 2020 invicem
754 1960 877 2018 odio
909 1959 1190 2021 habemus,
1222 1955 1324 2009 nisi
1358 1963 1417 2008 ut
1461 1953 1674 2008 diabolo
1720 1969 1807 2006 sa-

209 2053 556 2108 tisfaciamus
585 2060 640 2110 et
673 2052 768 2108 Dei
803 2051 1064 2108 voluntati
1107 2045 1501 2119 repugnemus?
1525 2045 1633 2100 Cur
1670 2045 1808 2100 invi-

206 2147 302 2200 dia
344 2145 575 2216 [ποχῐωὶ
621 2144 982 2208 stimulamur,
1014 2143 1116 2196 nisi
1150 2150 1208 2196 ut
1255 2141 1524 2211 ingratam
1561 2136 1812 2192 dilectio-

204 2255 337 2292 nem
369 2237 527 2294 nobis
562 2235 856 2290 faciamus?
898 2232 1007 2288 Cur
1036 2233 1311 2288 iracundia
1351 2239 1405 2288 et
1437 2229 1550 2284 zelo
1594 2229 1811 2286 morde—

205 2345 334 2382 lnus
364 2327 679 2397 proximos?
719 2327 819 2380 nisi
852 2336 911 2380 ut
954 2326 1048 2382 Dei
1076 2326 1328 2382 mandata
1359 2323 1720 2392 despieiamus
1760 2329 1815 2374 et

203 2440 321 2476 non
350 2423 461 2475 Deo
489 2421 586 2476 sed
629 2419 840 2475 diabolo
875 2436 973 2474 nos
1002 2419 1392 2488 nmncipemus.
1430 2416 1494 2470 Et
1541 2431 1662 2472 cum
1701 2414 1813 2468 lucc

204 2518 287 2571 ita
337 2517 464 2580 sint,
523 2514 742 2579 fratres,
797 2513 946 2568 onmi
1000 2513 1318 2578 intentione,
1372 2510 1518 2566 omni
1579 2508 1809 2573 cautela,

204 2612 358 2665 omni
390 2610 758 2673 festinatione,
788 2609 1044 2676 omnique
1076 2605 1436 2668 sollicitudine
1488 2604 1672 2672 fugere
1709 2605 1812 2658 ista

204 2711 265 2756 et
295 2702 376 2755 his
402 2701 600 2756 similia
625 2699 766 2758 mala
794 2698 1073 2763 debemus,
1104 2707 1158 2752 et
1200 2696 1348 2752 omni
1385 2695 1563 2752 studio
1594 2711 1690 2765 per
1716 2695 1812 2750 Dei

205 2791 640 2852 misericordiam
689 2790 931 2844 devitarc
965 2808 977 2844 :
1014 2799 1073 2844 ut
1117 2799 1318 2844 aeterna
1358 2788 1628 2858 possimus
1675 2803 1812 2856 sup-

206 2885 380 2955 plicia
405 2886 648 2946 evadere.
678 2885 985 2952 Meminisse
1032 2884 1261 2940 sollicite
1294 2883 1573 2946 debemus,
1605 2882 1729 2950 quia
1759 2881 1814 2936 in
1840 2941 1847 2949 _

207 2986 428 3033 tantum
466 2992 560 3032 nos
612 2976 756 3032 Deus
801 2977 1012 3041 dilexit,
1059 2984 1120 3042 ut
1164 2975 1333 3030 tilium
1388 2991 1542 3030 suum
1593 2974 1813 3029 unicum

203 3069 355 3122 mori
406 3069 645 3124 mitteret
691 3084 792 3138 pro
821 3068 1018 3124 nobis:
1054 3077 1107 3124 et
1157 3068 1281 3138 quia
1333 3067 1427 3122 Dei
1459 3066 1600 3124 illius
1649 3065 1816 3120 etiam

205 3168 462 3218 rnortuus
484 3170 567 3218 est
608 3176 707 3230 pro
743 3160 899 3217 nobis
928 3179 939 3213 :
971 3169 1026 3216 et
1069 3161 1192 3229 quia
1220 3159 1354 3214 nihil
1385 3160 1496 3214 Deo
1530 3175 1629 3227 pro
1664 3167 1811 3214 tanta

1917 1954 2279 2012 tabernacula.
2332 1957 2485 2024 Quod
2531 1961 2810 2018 audientes
2863 1965 3124 2020 Pharisaai
3173 1967 3513 2035 deridebant,

1913 2059 2103 2098 verum
2132 2047 2217 2100 ille
2233 2063 2352 2117 qua:
2377 2062 2733 2120 proposuerat
2755 2055 3017 2125 exemplis
3045 2065 3315 2124 astruens,
3331 2069 3516 2115 osteno

1915 2137 1994 2192 o‘it
2023 2139 2144 2194 ideo
2190 2142 2410 2197 divitem
2454 2155 2812 2214 purpuratum
2854 2149 3325 2206 irremeuiabiliter
3373 2155 3515 2222 apud

1915 2226 2118 2285 inferos
2167 2242 2389 2299 tortum,
2430 2236 2554 2304 quia
2606 2253 2899 2307 pauperem
2951 2239 3240 2308 Lazarum,
3270 2259 3302 2297 a
3331 2245 3515 2313 quoin

1914 2322 2038 2376 vitae
2067 2325 2412 2382 tabernacula
2443 2331 2610 2398 recipi
2633 2341 2816 2400 posset
2834 2333 3067 2390 amicum
3096 2336 3195 2389 sibi
3214 2334 3394 2392 facere
3425 2354 3519 2394 ne-

1914 2413 2194 2482 glexerat:
2227 2420 2469 2474 nonnulli
2524 2431 2705 2476 autem
2759 2433 2951 2492 putant
2991 2437 3259 2497 praecepta
3305 2429 3515 2488 Veteris

1918 2504 2249 2563 Testamenti
2279 2511 2612 2566 districtiora
2637 2528 2777 2580 esse,
2803 2531 2963 2584 quam
3009 2519 3135 2572 novi
3172 2537 3184 2572 :
3214 2520 3306 2576 sed
3353 2520 3406 2576 hi
3437 2521 3518 2576 ni-

1916 2601 2117 2656 mirum
2162 2603 2461 2672 improvida
2507 2607 2944 2664 consideratione
2989 2610 3266 2668 falluntur.
3315 2614 3371 2668 In
3426 2614 3518 2669 illo

1915 2693 2060 2748 enim
2089 2711 2194 2750 non
2221 2698 2431 2752 tenacia
2461 2699 2554 2754 sed
2581 2701 2768 2770 rapina
2794 2701 3072 2768 multatur,
3108 2704 3179 2760 ibi
3208 2721 3296 2760 res
3318 2703 3517 2773 injuste

1916 2784 2126 2839 sublata
2179 2788 2524 2844 restitutione
2569 2792 2908 2862 quadruplici
2965 2794 3188 2863 punitur
3229 2809 3244 2848 :
3283 2795 3372 2850 hic
3423 2812 3519 2850 au-

1916 2882 2026 2929 tem
2053 2877 2203 2933 dives
2252 2879 2355 2935 iste
2381 2896 2488 2936 non
2539 2882 2827 2939 abstulisse
2855 2885 3031 2940 aliena
3077 2888 3514 2958 reprehenditur,

1916 2967 2010 3023 sed
2032 2970 2251 3038 propria
2283 2987 2391 3026 non
2421 2972 2634 3030 dedisse
2660 2992 2674 3042 ;
2708 2991 2810 3030 nec
2840 2977 3062 3043 dicitur,
3096 2979 3222 3047 quia
3245 2981 3298 3035 vi
3317 2997 3516 3036 unum-

1915 3060 2223 3127 qucmpiam
2251 3065 2521 3131 oppressit
2549 3081 2562 3118 :
2597 3065 2689 3120 sed
2723 3067 2849 3135 quia
2886 3067 2942 3122 in
2968 3071 3210 3138 acceptis
3244 3071 3425 3137 rebus,
3459 3088 3520 3128 se

1915 3150 2128 3206 extulit.
2155 3151 2295 3208 llinc
2319 3170 2454 3224 ergo
2483 3156 2611 3212 hinc
2641 3174 2984 3228 summopere
3009 3161 3368 3230 colligendum
3397 3174 3517 3220 est:

205 3264 262 3308 et
295 3269 393 3324 pro
418 3263 522 3312 tam
559 3255 920 3312 inaestimabili
953 3257 1154 3324 pietate
1185 3272 1286 3312 sua
1318 3256 1620 3312 retribuere
1651 3254 1811 3323 digne
1839 3244 1883 3307 C
1916 3261 2023 3315 qua
2069 3261 2229 3316 P0131la
2266 3249 2578 3305 lllUllandUS
2628 3253 2717 3318 Sit,
2753 3255 2841 3321 (ιυί
2887 3254 3060 3309 aliena
3110 3257 3315 3327 (Πνὶρίι,
3345 3259 3389 3312 Si
3439 3259 3522 3314 ill-

204 3343 478 3410 valemus,
510 3346 615 3400 nisi
652 3355 713 3400 ut
742 3362 841 3399 nos
872 3345 1102 3404 invicem
1134 3361 1272 3414 puro
1299 3346 1464 3404 corde
1493 3352 1547 3398 et
1575 3353 1722 3398 casta
1754 3359 1818 3400 ac

206 3439 428 3502 sincera
476 3436 741 3498 eharitate
773 3437 1060 3507 diligamus
1112 3437 1163 3492 in
1199 3439 1310 3492 Deo
1364 3453 1472 3494 non
1526 3436 1712 3504 iniquo
1763 3443 1820 3492 et

207 3531 380 3592 noxio
416 3547 601 3596 amore
631 3531 896 3586 saaeulari.
931 3531 1074 3586 Nihil
1126 3531 1329 3588 nostris
1361 3530 1623 3602 proximis
1655 3528 1818 3585 facia-

207 3640 334 3678 mus
389 3623 534 3693 quod
569 3622 972 3691 nobismetipsis
1004 3622 1121 3676 fieri
1172 3623 1424 3686 nolumus
1459 3641 1474 3676 ι
1506 3622 1642 3678 nihil
1691 3620 1817 3676 boni

206 3716 359 3790 quod
397 3715 802 3784 nobismetipsis
847 3715 964 3768 ﬁeri
1011 3724 1281 3784 optamus,
1316 3715 1577 3783 proximis
1616 3714 1820 3770 nostris

207 3807 596 3871 invideamus;
631 3806 826 3862 talibus
857 3807 1001 3861 enim
1040 3808 1218 3878 verbis
1256 3806 1455 3862 fratres
1480 3806 1585 3860 mei
1622 3822 1820 3876 cogno-

207 3913 368 3952 scere
413 3913 703 3968 possumus
738 3916 748 3949 :
779 3898 903 3966 quia
935 3905 1122 3952 Ctlllll'ﬂ
1159 3897 1321 3952 talem
1359 3899 1539 3952 facere
1569 3896 1819 3951 dilectio-

207 4005 363 4054 nem,
393 3999 450 4042 ut
479 3990 704 4043 audistis
735 4001 921 4043 contra
953 3992 1118 4044 Deum
1151 3990 1331 4045 facere
1372 4001 1476 4055 est,
1520 3991 1648 4060 quia
1679 3992 1820 4046 Deus

205 4091 298 4137 est
329 4081 542 4136 dilectio
569 4101 581 4135 ε
612 4081 780 4136 Νηιιο
811 4082 952 4136 dicat
982 4081 1034 4134 in
1058 4083 1333 4136 hominem
1363 4098 1532 4151 pecco
1560 4100 1572 4134 :
1601 4080 1819 4150 quando

205 4193 323 4230 non
355 4174 517 4244 diligo
546 4175 771 4230 fratrem
824 4191 1001 4228 meum
1028 4191 1042 4228 :
1071 4173 1183 4242 jam
1216 4175 1259 4227 si
1301 4176 1468 4227 audes
1497 4174 1583 4227 fac
1628 4184 1820 4227 contra

204 4271 390 4324 Deum
423 4282 438 4320 :
470 4279 522 4321 et
549 4269 654 4322 noli
684 4268 905 4338 diligere
937 4267 1161 4320 fratrem
1200 4277 1368 4320 tuum.
1419 4266 1555 4320 Nam
1587 4265 1678 4335 qui
1713 4281 1822 4319 non

205 4365 392 4436 diligit
420 4375 602 4420 manet
636 4364 692 4418 in
723 4372 893 4420 morte
927 4382 938 4415 ε
974 4363 1074 4428 Qui
1121 4373 1302 4416 autem
1347 4362 1521 4430 diligit
1553 4360 1822 4414 inhabitat

205 4460 265 4514 in
301 4475 370 4513 eo
400 4456 637 4525 Spiritus
677 4465 897 4510 sanctus
931 4455 1091 4508 Deus.
1129 4455 1266 4518 Quia
1301 4453 1440 4507 Deus
1472 4452 1699 4505 cliuritas
1723 4462 1817 4517 est,

204 4563 259 4608 et
284 4553 378 4624 qui
401 4561 573 4605 Iltttltc'l
607 4553 660 4603 in
697 4551 951 4602 cliaritate
976 4551 1029 4601 in
1054 4549 1158 4601 Deo
1186 4558 1359 4602 nutriet
1400 4559 1447 4600 et
1475 4547 1618 4600 Deus
1658 4548 1713 4600 in
1737 4562 1814 4598 eo.

1919 3335 2060 3396 terni
2089 3339 2436 3396 damnatione
2465 3343 2792 3411 percutitur,
2815 3345 2907 3414 qui
2957 3347 3176 3416 propria
3217 3364 3325 3403 non
3356 3348 3520 3420 largi-

1920 3439 2028 3488 tur.
2075 3432 2143 3488 Et
2175 3441 2302 3490 sunt
2353 3435 2598 3490 nonnulli
2634 3437 2727 3506 qui
2757 3437 2960 3492 cultum
2992 3440 3274 3495 subtiliora
3316 3443 3524 3512 pretio-

1919 3542 2212 3595 sarumque
2239 3528 2471 3582 vestium
2501 3545 2612 3584 non
2636 3538 2831 3599 putant
2879 3547 3002 3587 esse
3041 3542 3348 3603 peccatum,
3379 3535 3522 3604 quod

1919 3619 1964 3674 si
1992 3617 2246 3674 videlicet
2277 3621 2433 3690 culpa
2483 3638 2590 3676 non
2617 3633 2765 3679 esset
2813 3640 3156 3694 nequaquam
3199 3641 3380 3681 sermo
3425 3627 3521 3682 Dei

1921 3719 2031 3766 tam
2062 3713 2348 3782 vigilanter
2377 3716 2728 3786 exprimeret,
2753 3719 2894 3787 quod
2923 3719 3076 3774 dives
3097 3720 3190 3788 qui
3240 3728 3522 3791 torquetur

1921 3803 2062 3872 apud
2090 3803 2314 3870 inferos,
2337 3807 2498 3876 bysso
2529 3815 2582 3861 et
2601 3824 2842 3877 purpura
2863 3810 3085 3866 indutus
3111 3810 3299 3868 fuisset
3324 3827 3338 3866 :
3364 3829 3524 3868 nemo

1919 3896 2117 3965 quippe
2145 3899 2469 3952 vestimenta
2498 3902 2768 3970 przecipua
2800 3904 2901 3958 nisi
2936 3906 3004 3959 ad
3042 3906 3256 3960 inanem
3294 3907 3521 3978 gloriam

1921 3989 2137 4064 quzerit,
2171 3989 2418 4046 videlicet
2449 4002 2505 4046 ul
2538 3993 2903 4050 honorabilior
2932 3999 3148 4052 caeteris
3178 4015 3299 4054 esse
3331 4000 3518 4054 videa-

1921 4089 2009 4136 tur
2040 4101 2051 4136 :
2077 4095 2235 4151 quam
2264 4083 2475 4153 culpam
2506 4102 2795 4155 possumus
2828 4089 3019 4143 nielius
3051 4091 3214 4144 etiam
3249 4107 3279 4144 e
3306 4092 3521 4145 diverso

1921 4171 2201 4243 colligere!
2245 4175 2372 4242 quia
2401 4177 2444 4229 si
2474 4175 2705 4243 ahjectio
2731 4179 2854 4232 vilis
2886 4179 3183 4234 indumenti
3214 4183 3386 4236 virtus
3413 4201 3519 4241 non

1921 4274 2084 4330 esset,
2121 4265 2460 4338 Evangelista
2493 4270 2558 4324 de
2589 4269 2796 4324 Joanne
2827 4272 3112 4342 vigilanter
3163 4291 3266 4328 non
3297 4276 3523 4343 diceret,

1921 4369 2031 4411 erat
2081 4360 2296 4413 indutus
2342 4361 2463 4431 pilis
2513 4363 2849 4417 camelorum.
2902 4364 3007 4419 Sed
3042 4367 3340 4421 notandum
3370 4370 3524 4423 nobis

1922 4467 2249 4522 magnopere
2276 4460 2357 4508 est
2382 4453 2433 4507 in
2465 4471 2560 4509 ore
2589 4456 2838 4510 veritatis
2888 4457 2952 4510 de
2992 4459 3224 4526 superbo
3257 4458 3442 4522 divite,
3471 4467 3525 4512 et

1924 4543 1988 4596 de
2039 4544 2226 4598 humili
2281 4563 2539 4614 paupere,
2570 4558 2806 4617 quantus
2835 4549 2904 4604 sit
2949 4551 3084 4612 ordo
3140 4553 3469 4605 narrationis
3507 4570 3520 4606 :

203 4644 406 4702 Omnis
441 4644 584 4696 enim
617 4641 708 4710 qui
738 4658 844 4694 non
869 4641 1039 4710 diligit
1065 4641 1234 4694 Deum
1264 4639 1473 4692 alienus
1507 4649 1587 4694 est
1631 4638 1697 4691 ab
1730 4652 1815 4701 eo,
1845 4618 1898 4678 Ῑ)
1925 4634 2062 4686 Ecce
2094 4636 2237 4688 enim
2287 4637 2508 4702 dicitur,
2538 4639 2690 4692 homo
2729 4639 2945 4709 quidam
2968 4651 3078 4694 erat
3111 4641 3274 4706 dives,
3305 4651 3359 4696 et
3399 4659 3522 4710 pro-

204 4746 268 4792 et
295 4737 384 4790 hic
409 4743 492 4790 est.
519 4733 909 4797 Antichristus,
945 4741 1000 4787 et
1028 4733 1273 4801 quamvis
1323 4733 1486 4786 intret
1537 4732 1588 4784 in
1635 4728 1817 4785 basili—

207 4845 334 4884 cam
389 4828 665 4882 numerari
705 4827 842 4879 inter
891 4826 1028 4880 lilio's
1061 4826 1155 4878 Dei
1212 4843 1316 4880 non
1370 4834 1566 4894 potest.
1608 4822 1818 4877 llatwrc

207 4925 362 4979 enim
396 4923 721 4992 baptismum
747 4927 800 4976 et
851 4920 1024 4974 malus
1055 4936 1173 4973 esse
1221 4929 1420 4988 potest,
1453 4919 1698 4986 accipere
1728 4931 1817 4969 sa-

207 5021 560 5070 cramentum
590 5012 838 5081 corporis
883 5021 936 5065 et
988 5012 1265 5081 sanguinis
1296 5009 1532 5073 Domini,
1563 5018 1616 5063 et
1645 5009 1819 5066 malus

208 5123 336 5162 esse
367 5114 564 5176 potest.
598 5103 732 5159 Nam
766 5105 832 5158 de
861 5105 1057 5159 talibus
1094 5105 1353 5174 scriptum
1395 5113 1498 5168 est,
1541 5105 1629 5174 qui
1671 5120 1820 5156 man-

208 5199 375 5252 ducat
405 5209 453 5250 et
482 5197 604 5250 bibit
652 5199 860 5267 indigne
895 5198 1161 5268 judicium
1197 5198 1294 5251 sibi
1328 5197 1612 5251 manducat
1654 5205 1701 5248 et
1746 5195 1824 5248 bi-

206 5291 309 5346 bit.
355 5287 695 5343 Christianus
737 5289 880 5341 enim
911 5289 1116 5352 vocari,
1151 5297 1205 5342 et
1247 5289 1421 5342 malus
1471 5305 1590 5343 esse
1622 5297 1817 5357 potest,

205 5381 418 5437 habere
448 5387 628 5432 autem
660 5378 988 5432 charitatem
1015 5389 1068 5434 et
1102 5379 1275 5432 malus
1305 5395 1425 5434 esse
1480 5396 1584 5433 non
1617 5387 1816 5449 potest.

207 5473 330 5530 Hoc
359 5480 442 5528 est
469 5489 597 5544 ergo
629 5473 904 5542 proprium
928 5474 1238 5528 hominibus
1261 5489 1290 5527 a
1315 5473 1425 5528 Deo
1452 5474 1675 5539 donum,
1702 5475 1815 5544 ipse

209 5576 300 5623 est
347 5566 602 5622 salutaris
657 5565 775 5619 fons
819 5585 830 5618 ε
869 5567 940 5622 ad
986 5567 1129 5622 hunc
1181 5565 1472 5622 bibendum
1528 5565 1683 5620 docet
1718 5581 1815 5620 nos

206 5657 527 5728 Apostolus,
562 5657 628 5710 ad
657 5657 798 5711 hunc
825 5658 1114 5714 bibendum
1161 5676 1258 5714 nos
1305 5661 1553 5714 hortatur
1582 5658 1818 5726 Spiritus

209 5758 463 5815 sanctus,
493 5749 621 5820 quia
646 5750 690 5803 si
734 5750 1016 5821 diligamus
1038 5753 1253 5806 invicem
1279 5751 1418 5806 Deus
1446 5751 1499 5804 in
1529 5750 1675 5804 nobis
1706 5768 1817 5805 ma-

216 5850 332 5912 net,
354 5851 403 5897 et
429 5842 659 5896 charitas
680 5841 792 5912 ejus
817 5843 868 5896 in
891 5843 1037 5898 nobis
1057 5844 1286 5916 perfecta
1306 5853 1402 5911 est,
1421 5845 1536 5914 ipso
1557 5843 1816 5916 largiente

1927 4727 2072 4779 tinus
2103 4726 2378 4797 subiungit

1999 4816 2129 4869 lira!
2185 4820 2393 4888 quidem
2461 4819 2726 4873 mrmlicus
2785 4822 2990 4876 nomine
3046 4823 3304 4877 Lazarus.
3359 4823 3520 4879 Certe

1925 4908 2044 4977 plus
2097 4909 2270 4964 solent
2304 4911 2357 4964 in
2407 4911 2603 4980 populo
2642 4915 2859 4968 nomina
2890 4914 3136 4981 divitum,
3181 4932 3343 4984 quam
3383 4932 3519 4985 pau-

1924 5020 2118 5073 perum
2173 5005 2322 5060 sciri.
2360 5006 2497 5071 Quid
2528 5009 2773 5076 estquod
2806 5008 3065 5062 Dominus
3111 5009 3176 5062 de
3206 5020 3522 5078 paupertate

1926 5104 1980 5158 et
2011 5096 2174 5151 divite
2203 5098 2428 5151 verbum
2460 5096 2683 5165 faciens,
2727 5115 2924 5164 nomen
2964 5100 3214 5171 pauperis
3243 5100 3393 5165 dicit,
3428 5118 3522 5156 no-

1926 5206 2050 5246 men
2079 5191 2261 5268 divitis
2293 5209 2398 5246 non
2432 5192 2580 5257 dicit,
2611 5193 2718 5246 nisi
2747 5193 2888 5262 quod
2919 5193 3058 5247 Deus
3099 5193 3327 5248 Immites
3373 5196 3523 5248 novit

1925 5295 2086 5355 atque
2109 5285 2370 5357 approbat
2397 5295 2449 5339 ct
2478 5287 2736 5355 superbos
2775 5287 3006 5355 ignorat.
3038 5285 3189 5340 Unde
3216 5293 3270 5339 et
3298 5287 3521 5355 quibus-

1926 5380 2047 5434 dam
2079 5378 2147 5436 de
2174 5380 2560 5434 miraculorum
2610 5380 2807 5433 virtute
2854 5378 3288 5448 superbientibus
3327 5379 3382 5434 in
3415 5379 3522 5440 line

1924 5471 2168 5526 dicturus
2194 5479 2300 5536 est,
2340 5471 2532 5525 Nescio
2557 5487 2668 5534 vos,
2697 5470 2838 5524 unde
2882 5469 3052 5532 scitis,
3087 5469 3346 5524 discedite
3376 5485 3406 5520 a
3433 5485 3526 5523 tuo

1919 5581 2110 5620 omnes
2136 5565 2371 5634 operarii
2403 5563 2724 5633 iniquitatis.
2751 5562 2819 5617 At
2869 5571 3059 5621 contra
3099 5562 3267 5632 Moysi
3298 5563 3522 5628 dicitur,

1919 5653 2054 5711 Novi
2089 5665 2140 5709 te
2160 5670 2227 5710 ex
2249 5654 2468 5710 nomine
2493 5670 2506 5704 :
2534 5651 2626 5705 Ait
2649 5667 2778 5722 ergo
2801 5652 2867 5706 de
2887 5651 3076 5716 divite,
3095 5649 3144 5704 Η
3151 5667 3266 5704 omo
3278 5650 3519 5721 quidam,

1920 5749 1996 5804 ait
2025 5749 2091 5803 de
2113 5763 2370 5818 paupere,
2388 5747 2597 5816 Egenus
2626 5745 2831 5798 nomine
2858 5743 3115 5798 Lazarus.
3148 5742 3226 5798 Ac
3255 5741 3304 5797 si
3332 5751 3520 5812 aperte

1922 5843 2090 5908 dicat,
2129 5857 2422 5914 pauperem
2471 5840 2726 5897 humilem
2778 5841 2914 5907 scio,
2955 5838 3250 5910 superbum
3295 5835 3526 5894 divitem
