3974 6364
504 401 612 461 295

1175 403 1238 456 Β.
1275 399 1531 460 RABANI
1567 349 1786 458 MAUl’J
1820 398 2139 460 ARCHIEP.
2176 399 2492 468 MOGUNT.
2526 345 2811 460 OPEilUM
2847 401 3035 470 PARS
3071 401 3139 458 ll.
3190 460 3212 469 ,,

3709 327 3790 368 ξιξι

504 519 702 574 nescio.
754 516 907 572 illum
951 519 1226 590 cognitum
1275 533 1374 589 per
1417 517 1860 589 approbationem
1884 515 2080 583 habeo,
2107 515 2486 588 Aloquacitas
2529 517 2687 582 solet,
2731 517 2778 572 is
2805 516 2898 587 qui
2927 517 3017 571 hic
3051 515 3193 570 male
3237 515 3778 583 convivatusdieim

505 613 647 666 hunc
673 626 771 682 per
785 609 1050 681 judicium
1071 611 1466 682 reprobationis
1493 611 1704 680 ignoro.

576 706 682 772 Qui
700 706 911 776 jaeebat
939 706 1008 760 ad
1041 707 1272 777 janu’am
1293 705 1430 775 ejus,
1459 703 1719 758 ulceribus
1758 701 1961 773 plenus,
2002 718 2092 755 cu-

501 798 648 867 piens
685 798 918 852 saturari
952 797 1017 852 de
1051 797 1200 851 micis
1225 812 1343 867 aute
1371 795 1627 849 cadebant
1665 795 1730 848 de
1754 810 1933 849 mensa
1961 793 2092 847 divi-

502 887 612 941 tis:
641 887 732 942 sed
779 898 831 942 et
871 904 1026 943 canes
1059 887 1327 943 veniebant
1353 896 1407 941 et
1441 885 1702 957 ﬁngebant
1730 885 1908 940 ulcera
1951 886 2086 956 ejus.

502 977 702 1033 Plenus
733 979 1022 1036 ulceribus
1045 980 1326 1036 mendicus
1351 978 1598 1034 Lazarus
1623 987 1754 1033 ante
1794 978 1990 1047 ianuas
2007 976 2091 1033 ‘di-

503 1069 630 1123 vitis
648 1079 816 1138 iacet,
846 1088 951 1141 qua
985 1074 1050 1129 de
1077 1089 1136 1128 re
1182 1089 1312 1138 una,
1343 1071 1603 1126 Dominus
1635 1072 1740 1127 duo
1761 1070 1964 1139 iudicia
1987 1086 2096 1126 ex-

501 1159 709 1230 plevit:
741 1161 1019 1217 habuisset
1057 1163 1203 1218 enim
1239 1164 1473 1218 fortasse
1512 1162 1754 1231 aliquam
1787 1162 2092 1217 excusatio-

503 1271 627 1312 nem
651 1256 821 1322 dives,
845 1258 891 1313 si
919 1257 1157 1313 Lazarus
1184 1272 1388 1328 pauper
1407 1269 1464 1312 et
1501 1257 1780 1313 ulcerosus
1825 1266 1949 1311 ante
1973 1253 2092 1324 eius

497 1344 716 1413 ianuam
741 1361 848 1402 non
870 1347 1148 1417 iacuisset,
1179 1346 1225 1400 si
1244 1353 1485 1401 remotus
1511 1345 1722 1410 fuisset,
1755 1345 1802 1400 si
1831 1345 1950 1414 eius
1975 1345 2092 1399 ino-

504 1439 590 1507 pia
629 1453 736 1493 non
767 1437 991 1494 essetin
1037 1437 1208 1492 oculis
1246 1437 1588 1507 importuna;
1644 1452 1834 1492 rursus
1861 1437 1906 1491 si
1935 1436 2091 1507 longe

501 1538 646 1585 esset
675 1530 824 1584 dives
844 1529 914 1584 ah
939 1529 1111 1584 oculis
1136 1529 1641 1600 ulcerosi‘pauperis
1667 1530 1935 1585 minorem
1953 1530 2091 1584 tole-

500 1628 682 1676 rasset
703 1621 1050 1676 tentationem
1090 1635 1294 1692 pauper
1340 1621 1395 1676 in
1440 1622 1641 1676 animo.
1672 1621 1780 1676 Sed
1803 1621 1929 1675 dum
1967 1635 2091 1691 ege-

500 1727 628 1767 num
658 1722 714 1768 et
736 1711 1037 1768 ulceratum
1068 1720 1194 1767 ante
1220 1713 1442 1783 ianuam
1467 1712 1651 1768 divitis
1683 1720 1739 1766 et
1761 1711 1968 1768 deliciis
2003 1711 2088 1765 af-

499 1801 712 1858 ﬂuentis
739 1802 939 1873 posuit,
976 1802 1034 1856 in
1080 1818 1187 1857 una
1237 1803 1536 1873 eademque
1570 1818 1631 1857 re
1683 1811 1738 1856 et
1787 1817 1850 1858 ex
1881 1801 2088 1857 visione

2190 607 2332 676 apud
2360 607 2821 679 inferosgravius.
2857 607 2914 661 in
2963 605 3150 676 lingua
3198 605 3389 662 ardere
3436 608 3792 682 perhibetmq

2191 699 2300 755 Sed
2321 715 2445 757 cum
2474 700 2626 772 gravi
2651 697 2811 756 valde
2841 713 3043 770 pavore
3066 698 3408 770 pensandum
3429 708 3516 755 est
3528 701 3790 771 quodin

2192 795 2424 865 quitur:
3317 810 3319 812 ·
3407 819 3410 822 ’
3541 823 3566 840 ι.

2215 917 2220 922 -
2260 885 2331 940 Et
2359 885 2493 939 dixit
2520 884 2601 939 illi
2627 883 2935 940 Abraham:
2963 883 3094 948 Fili,
3144 885 3423 940 recordare
3461 887 3590 958 quia
3617 891 3780 946 ιωὰο-

2189 975 2311 1045 pitt‘i
2333 974 2478 1029 bnna?
2487 975 2542 1029 in
2569 975 2676 1029 vita
2700 984 2815 1041 tua,
2840 984 2892 1028 et
2911 974 3628 1043 Lazarus-similiteramala;
3645 995 3790 1037 αα,

2191 1073 2368 1119 autem
2394 1067 2478 1120 hic
2508 1065 2829 1134 consolatur,
2875 1076 2934 1120 tu
2975 1083 3093 1122 vero
3140 1069 3418 1122 cruciaris.
3444 1068 3788 1126 Ecce-enim

2190 1172 2314 1212 cum
2343 1158 2558 1224 dicitur,
2592 1156 2848 1228 Recepisti
2877 1157 3013 1212 bona
3064 1159 3117 1213 in
3151 1161 3253 1213 vita
3277 1169 3390 1227 tua,
3439 1161 3782 1222 indicaturet

2191 1249 2343 1304 dives
2384 1251 2487 1305 iste
2529 1250 2657 1305 boni
2685 1249 2889 1320 aliquid
2915 1251 3170 1308 habuisse
3211 1264 3278 1308 ex
3307 1255 3501 1323 quoin
3534 1257 3651 1310 hac
3679 1258 3777 1310 vit-1

2190 1343 2332 1397 bona
2379 1343 2665 1411 reciperet,
2698 1359 3021 1414 rursumque
3059 1345 3290 1402 dumde
3308 1345 3520 1403 Lazaro
3565 1349 3784 1416 dicitur,

2191 1432 2316 1501 quia
2354 1432 2560 1503 recepit
2593 1433 2757 1500 mala,
2779 1434 3022 1504 profecto
3072 1445 3409 1492 monstratur
3432 1447 3488 1493 et
3513 1439 3784 1495 Lazarmn

2191 1524 2445 1580 habuisse
2470 1525 2673 1579 malum
2707 1525 2943 1596 aliquod,
2967 1527 3110 1597 quod
3139 1539 3490 1601 purgantur,
3522 1529 3623 1587 sed
3648 1531 3776 1588 mn

2191 1615 2382 1670 Lazari
2413 1617 2660 1687 purgavit
2690 1617 2832 1688 ignis
2871 1618 3078 1690 inopiae
3105 1627 3164 1675 et
3197 1621 3339 1676 bona
3369 1623 3558 1680 divitis
3609 1639 3780 1680 remu-

2191 1707 2401 1761 neravit
2432 1706 2663 1762 felicitas
2693 1711 3028 1766 transeuntis
3053 1713 3206 1768 vitae.

2261 1795 2330 1850 Et
2368 1797 2424 1851 in
2457 1798 2538 1852 his
2567 1800 2826 1866 onmibus,
2866 1803 3005 1856 inter
3033 1821 3127 1858 nos
3149 1813 3199 1858 et
3227 1819 3318 1860 sos
3347 1806 3505 1860 chaos
3527 1819 3776 1878 ‘inagnnrs

3665 833 3780 852 .7...

498 1895 757 1965 pauperis
781 1908 890 1950 non
916 1893 1229 1948 miserentis
1264 1893 1446 1949 divitis
1483 1893 1761 1949 cumulum
1789 1893 2088 1950 damnatio-
2115 1889 2164 1949 B
2189 1889 2459 1957 ﬁrmatum
2496 1898 2594 1956 est,
2619 1901 2674 1944 ut
2719 1893 2773 1945 hi
2817 1894 2926 1963 qui
2952 1881 3283 1950 volunt’hinc
3329 1899 3559 1952 transire
3583 1899 3656 1952 ad
3679 1917 3774 1966 eos,

497 1984 583 2040 nis
629 1984 828 2048 intulit,
880 1991 933 2038 et
965 1999 1182 2038 rursum
1233 1999 1300 2038 ex
1348 1983 1556 2040 visione
1585 1984 1785 2048 divitis,
1817 1991 2084 2039 tentatum

497 2075 738 2146 quotidie
757 2089 1053 2146 pauperem
1076 2075 1344 2146 probavit,
1366 2075 1452 2130 cui
1477 2084 1622 2130 certe
1649 2082 1863 2145 poterat
1883 2073 1951 2129 ad
1969 2087 2085 2146 poe-

497 2183 623 2222 nam
651 2166 893 2223 suflicere
916 2174 1228 2238 paupertas,
1258 2167 1424 2221 etiam
1452 2167 1498 2222 si
1529 2181 1693 2222 sanus
1714 2166 1924 2231 fuisset,
1966 2179 2086 2218 rur-

495 2275 617 2316 sum
635 2259 936 2316 suﬁ'ecisset
958 2259 1243 2328 aegritudo,
1268 2259 1484 2314 etiamsi
1509 2259 1811 2315 subsidium
1837 2259 2080 2322 adesset;

494 2354 590 2410 sed
635 2362 696 2407 ut
744 2352 1064 2424 probaretur
1099 2351 1333 2423 amplius
1379 2367 1604 2423 pauper,
1635 2350 1798 2407 simul
1839 2351 2086 2405 hunc.'et

494 2455 785 2517 paupertas
829 2455 884 2500 et
909 2444 1170 2516 aegritudo
1206 2443 1480 2509 labefecit,
1502 2453 1665 2514 atque
1687 2445 1907 2514 insuper
1931 2443 2082 2498 vide-

493 2538 589 2594 bat
633 2536 1014 2608 procedentem
1053 2535 1274 2590 divitem
1304 2534 1940 2605 obsequentihusrcuneis
1983 2533 2085 2587 ful-

494 2631 596 2686 ciri
625 2639 681 2686 et
726 2645 786 2686 se
833 2631 890 2684 in
918 2629 1232 2684 infirmitate
1275 2637 1332 2685 et
1376 2629 1555 2699 inopia
1582 2645 1612 2682 a
1639 2628 1784 2683 nullo
1831 2629 2084 2683 visitari:

493 2723 630 2778 Nam
661 2723 787 2794 quia
817 2737 974 2778 nemo
1017 2722 1068 2778 ei
1110 2723 1179 2776 ad
1223 2723 1551 2778 visitandum
1579 2722 1784 2787 aderat,
1819 2729 2086 2777 testantur

493 2831 656 2871 canes
681 2817 773 2886 qui
799 2815 1024 2870 licenter
1049 2815 1272 2870 vulnera
1300 2814 1594 2886 lingehant,
1624 2831 1693 2869 ex
1715 2830 1821 2869 una
1851 2829 1982 2884 ergo
2025 2829 2087 2869 re

492 2906 834 2976 omnipotens
886 2905 1028 2959 Deus
1079 2905 1184 2960 duo
1239 2904 1442 2975 judicia
1495 2902 1764 2970 exhibuit,
1803 2904 1930 2958 dum
1977 2903 2084 2958 La-

491 3012 678 3052 zarum
704 3011 998 3067 pauperem
1043 3004 1170 3052 ante
1193 2993 1419 3065 ianuam
1466 2994 1650 3050 divitis
1674 2995 1859 3065 iacere
1884 2994 2086 3064 permi-

489 3089 580 3153 sit,
609 3097 669 3142 ut
709 3095 766 3143 et
793 3087 944 3142 dives
983 3087 1183 3157 impius
1213 3087 1578 3142 damnationis
1623 3085 1726 3142 sibi
1755 3094 1978 3158 augeret
2002 3085 2087 3140 ul-

491 3180 709 3246 tionem,
740 3189 796 3237 et
843 3187 1081 3236 tentatus
1106 3195 1310 3251 pauper
1346 3169 1619 3237 cresceret
1667 3179 1736 3234 ad
1771 3191 2086 3235 remunera-

491 3274 714 3328 tionem.

562 3365 791 3420 Factum
809 3375 885 3420 est
910 3376 1085 3421 autem
1113 3375 1170 3420 ut
1198 3375 1490 3421 moreretur
1513 3366 1806 3433 mendicus,
1830 3373 1878 3419 et
1905 3373 2085 3436 porta-

492 3467 638 3511 retur
657 3457 721 3511 ab
752 3457 949 3528 angelis
978 3459 1034 3511 in
1063 3459 1237 3513 sinum
1257 3456 1505 3512 Abrahte.
1533 3457 1779 3535 Mortuus
1811 3465 1886 3513 est
1910 3466 2084 3513 autem

491 3557 539 3602 et
577 3549 739 3614 dives,
759 3557 808 3603 et
833 3549 1064 3619 sepultus
1106 3559 1179 3605 est
1227 3550 1286 3604 in
1333 3551 1558 3620 inferno.
1603 3549 1766 3606 Sinus
1809 3551 2084 3605 Abraham

492 3639 705 3708 requies
728 3647 812 3696 est
841 3641 1125 3695 beatorum
1149 3657 1469 3713 pauperum,
1493 3658 1723 3712 quorum
1752 3651 1836 3698 est
1858 3657 2082 3713 regnum

493 3729 776 3797 caelorum,
799 3745 907 3801 quo
931 3741 1053 3802 post
1079 3733 1221 3787 hanc
1235 3731 1406 3787 vitam
1428 3734 1780 3805 recipiuntur,
1805 3733 2084 3804 sepultura

490 3821 688 3878 inferni
711 3839 999 3894 poenarum
1019 3824 1362 3896 profunditas
1391 3842 1513 3896 quae
1539 3827 1800 3896 superbos
1843 3827 2082 3882 immise-

490 3916 732 3973 ricordes
762 3926 888 3988 post
912 3919 1053 3974 hanc
1076 3918 1245 3973 vitam
1269 3919 1514 3974 devorat.

564 4019 790 4074 Elevans
823 4027 995 4075 autem
1024 4020 1200 4076 oculos
1239 4038 1360 4076 suos
1390 4038 1509 4075 cum
1539 4027 1670 4076 esset
1708 4023 1762 4075 in
1789 4024 2078 4088 tormentis,

491 4109 616 4164 vidit
642 4109 908 4165 Abraham
929 4128 962 4165 a
984 4110 1134 4183 longe
1159 4120 1206 4166 et
1228 4111 1492 4166 Lazarum
1517 4112 1572 4166 in
1592 4113 1710 4166 sinu
1731 4113 1847 4183 ejus
1865 4131 1883 4178 ;
1901 4124 1949 4167 et
1974 4113 2083 4185 ipse

492 4201 726 4256 clamans
751 4203 884 4258 dixit
919 4216 937 4254 :
962 4202 1126 4258 Pater
1146 4203 1411 4258 Abraham
1438 4205 1685 4259 miserere
1709 4205 1833 4272 mei,
1861 4216 1908 4260 et
1936 4206 2083 4260 mitte

491 4292 755 4347 Lazarum
786 4302 844 4346 ut
878 4293 1103 4364 intingat
1147 4305 1432 4349 extremum
1468 4296 1617 4367 digiti
1656 4299 1740 4351 sui
1780 4299 1835 4351 in
1865 4315 2081 4368 aquam,

494 4393 550 4437 ut
575 4384 843 4453 refrigeret
864 4383 1100 4454 linguam
1119 4388 1451 4456 meam,quia
1481 4389 1688 4442 crucior
1715 4390 1812 4442 hac
1841 4390 2078 4460 ﬂamma.

493 4473 539 4529 0
565 4482 766 4543 quanta
789 4474 1092 4531 sublimitas
1121 4476 1450 4546 iudiciorum
1475 4479 1570 4532 Dei
1595 4483 1607 4532 !
1650 4495 1812 4548 quam
1841 4479 2083 4535 districte

496 4568 675 4640 agitur
687 4567 949 4624 bonorum
971 4578 1188 4625 actuum
1207 4571 1582 4642 malorumque
1600 4573 1910 4628 retributio!
1930 4584 2078 4629 certe

2189 1999 2293 2036 non
2317 1983 2536 2052 possint,
2564 2001 2745 2054 neque
2790 1986 2912 2039 inde
2959 1987 3060 2041 huc
3105 1995 3446 2044 transmeare.
3472 1989 3618 2057 Qua
3647 1991 3703 2046 'm
3726 2001 3778 2045 re

2186 2077 2340 2133 valde
2366 2081 2714 2148 quaerendum
2741 2082 3119 2150 est'quomodo
3142 2083 3373 2149 dicatur,
3397 2093 3458 2138 ut
3482 2084 3566 2149 hi;
3581 2075 3780 2154 quive-i

2186 2170 2303 2225 lunt
2324 2171 2511 2226 ad'vos
2537 2171 2769 2227 transire
2797 2187 2906 2227 non
2936 2173 3162 2242 possint,
3189 2173 3322 2242 quia
3339 2175 3486 2228 enim
3515 2175 3599 2239 hi,
3617 2175 3778 2245 (ιιιὶῇ

2186 2262 2398 2318 inferno
2437 2273 2584 2329 sunt,
2615 2264 2683 2319 ad
2727 2263 3020 2319 beatorum
3038 2274 3240 2320 sortem
3271 2266 3506 2321 transire
3533 2268 3778 2337 capiant;

2186 2351 2408 2408 dubium
2440 2369 2546 2409 non
2591 2363 2695 2421 est,
2734 2355 2834 2424 qui
2851 2366 3002 2410 vero-
3021 2356 3132 2426 iam
3157 2357 3212 2411 in
3237 2351 3778 2414 ‘beatitudinis‘selﬂ

2185 2444 2423 2514 suscepti
2447 2451 2574 2498 sunt
2613 2459 2720 2514 quo
2747 2453 2906 2514 pacto
2934 2445 3132 2500 dicitur
3157 2447 3285 2516 quia
3313 2448 3554 2503 transire
3569 2447 3780 2514 adieci;

2185 2536 2277 2606 qui
2306 2536 2360 2589 in
2381 2535 2591 2593 inferno
2627 2537 2959 2604 cruciantur,
2981 2538 3220 2593 volunt?
3237 2538 3354 2595 Sed
3367 2540 3520 2596 sicut
3553 2541 3778 2596 transire

2186 2627 2402 2696 reprobi
2449 2626 2515 2682 ad
2557 2628 2757 2684 electos
2787 2629 3032 2700 cupiunt,
3077 2629 3132 2684 id
3166 2637 3344 2697 est',-,a
3388 2630 3780 2701 supplier

2187 2726 2408 2774 suorum
2436 2719 2725 2776 afﬂictione
2753 2721 3016 2793 migrare,
3046 2722 3125 2776 ita
3169 2723 3236 2779 ad
3263 2722 3493 2779 afﬂictos
3535 2723 3778 2795 atquein

2187 2814 2468 2868 tormentis
2494 2813 2698 2882 positos
2720 2815 2956 2870 transire
2968 2813 3237 2882 iustorum
3261 2824 3363 2882 est,
3381 2826 3579 2872 “mente
3602 2817 3780 2886 ίκμ

2187 2903 2640 2972 misericordiam,
2661 2919 2863 2976 eosque
2887 2905 3026 2961 velle
3053 2907 3304 2974 liberare,
3331 2909 3426 2963 sed
3461 2908 3559 2978 qui
3609 2907 3780 2962 volunt

2189 2995 2256 3050 de
2276 2995 2559 3052 beatorum
2588 2997 2717 3053 sede
2756 2998 2825 3052 ad
2851 2995 3079 3053 aﬁlictos
3104 3007 3267 3068 atque
3292 2989 3346 3053 in
3377 2999 3677 3054 tormentis
3702 3013 3781 3068 pe-

2188 3085 2322 3142 sitos
2362 3087 2612 3153 transire,
2659 3103 2767 3143 non
2817 3097 3065 3157 possunt,
3095 3089 3224 3158 quia
3271 3087 3546 3158 iustorum
3598 3090 3780 3144 auium

2189 3179 2438 3248 quamvis
2467 3179 2522 3233 in
2551 3193 2664 3235 sua:
2707 3189 2918 3234 naturae
2936 3180 3191 3236 bonitate
3223 3181 3674 3238 misericordiam
3700 3185 3781 3237 ha-

2107 3277 2153 3341 c
2183 3271 2347 3326 beant
2384 3313 2399 3338 ,
2441 3271 2551 3342 iam
2590 3281 2771 3328 tamen
2819 3275 3061 3330 auctoris
3117 3275 3201 3331 sui
3240 3274 3474 3345 iustitia!
3514 3275 3779 3346 conicum

2190 3373 2337 3419 tanta
2367 3364 2690 3421 rectitudine
2717 3367 3185 3439 constringuntur,
3223 3375 3284 3423 ut
3324 3369 3470 3423 nulla
3502 3371 3572 3425 ad
3602 3373 3779 3442 rep'm

2183 3456 2284 3512 hos
2311 3457 2687 3527 compassione
2715 3468 3053 3516 moveantur.
3091 3459 3196 3515 Sed
3237 3469 3528 3531 postquam
3575 3446 3779 3518 ardenti

2185 3547 2337 3603 diviti
2363 3549 2429 3604 de
2455 3564 2514 3603 se
2534 3563 2658 3620 spes
2689 3550 2911 3616 tollitur,
2941 3551 3057 3620 eius
3107 3553 3322 3607 animus
3349 3553 3429 3607 "ad
3457 3554 3781 3626 propinquos

2184 3656 2318 3711 quos
2343 3641 2656 3712 reliquerat,
2685 3644 2935 3709 recurrit,
2984 3645 3110 3713 quia
3156 3645 3512 3722 reproborum
3553 3647 3781 3702 meum

2182 3749 2346 3805 paena
2375 3752 2472 3792 sua
2499 3737 2818 3808 quandoque
2842 3737 3107 3794 inutiliter
3127 3740 3308 3795 erudit
3335 3739 3406 3794 ad
3434 3739 3777 3807 chan'tatem;

2183 3836 2242 3880 ut
2261 3827 2376 3898 iam
2409 3837 2536 3884 tunc
2562 3829 2727 3884 etiam
2753 3842 2882 3886 suos
2921 3829 3240 3900 spiritaliter
3261 3829 3512 3902 diligant,
3543 3833 3645 3902 qui
3667 3819 3777 3887 dum

2183 3918 2273 3975 hic
2297 3930 2524 3988 peccata
2567 3921 2871 3993 diligerent,
2899 3937 2998 3978 nec
3045 3937 3104 3978 se
3143 3923 3417 3978 amabant.
3461 3917 3630 3980 Unde
3653 3919 3777 3979 nilne

2183 4014 2467 4084 sequitur:
2941 4025 2944 4032 ·

2256 4104 2325 4159 Et
2356 4107 2471 4159 ait:
2502 4104 2650 4176 Rogo
2679 4115 2800 4177 ergo
2827 4114 2896 4173 te,
2925 4101 3109 4173 Pater,
3149 4108 3208 4162 ut
3247 4097 3428 4162 mittas
3461 4103 3592 4162 ’eu'm'
3613 4105 3778 4163 inde:

2184 4213 2327 4250 mum
2356 4197 2522 4268 patris
2562 4198 2682 4251 mei.
2729 4195 2913 4252 Habeo
2957 4198 3094 4252 enini
3122 4197 3349 4269 quinque
3387 4195 3608 4268 fratres,
3631 4203 3776 4255 aut:

2184 4297 2350 4342 stetur
2369 4287 2476 4344 illis
2504 4306 2566 4343 ne
2606 4298 2654 4344 et
2697 4290 2798 4359 ipsi
2841 4291 3047 4344 veniant
3082 4290 3138 4343 in
3167 4287 3516 4368 locum'hunc
3555 4283 3774 4345 (afﬁni

2185 4391 2376 4435 torum.
2411 4379 2528 4448 Qua
2563 4380 2620 4436 in
2647 4395 2707 4436 re
2754 4380 3071 4447 notandum,
3122 4380 3333 4436 ardenti
3382 4381 3538 4436 diviti
3588 4371 3774 4453 quanta

2185 4473 2253 4527 ad
2277 4473 2601 4544 supplicium
2628 4473 2990 4529 tumulantur.
3016 4473 3099 4528 Ad
3128 4473 3346 4544 postiam
3373 4451 3773 4552 narnqu'é‘s‘udlh

2185 4564 2235 4618 ei
2258 4574 2312 4620 et
2339 4564 2575 4636 cognitio
2599 4575 2847 4621 servatur
2883 4574 2940 4621 et
2985 4555 3295 4621 memoria."
3318 4555 3772 4637 CoghOScit‘éhi‘m

493 4639 746 4732 superius
801 4662 1002 4718 dictum
1031 4673 1151 4719 est:
1184 4665 1309 4735 quia
1342 4665 1396 4720 in
1437 4639 1540 4721 hac
1564 4667 1674 4721 vita
1704 4665 1946 4723 Lazarus
1985 4647 2077 4725 ca-
2102 4639 2156 4699 D
2181 4655 2470 4722 Lazarum:
2501 4671 2658 4725 quem
2706 4656 2971 4726 despexit:
3029 4656 3255 4712 fratrum
3302 4666 3520 4727 ιιυοιιυε
3565 4652 3771 4712 suum“

493 4753 682 4808 dentes
712 4753 882 4810 micas
904 4755 969 4811 de
998 4769 1184 4812 mensa
1211 4755 1394 4812 divitis
1427 4757 1724 4828 quasrehat,
1749 4768 1796 4812 et
1830 4777 1977 4814 nemo
1999 4759 2076 4813 illi

492 4844 671 4910 dabat,
699 4862 844 4902 nunc
869 4847 935 4902 de
968 4847 1228 4918 supplicio
1257 4848 1438 4906 divitis
1485 4850 1685 4906 dicitur
1708 4851 1832 4922 quia
1880 4853 1945 4908 de
1985 4869 2078 4908 ex-

492 4946 668 4994 tremo
697 4939 865 5011 digito
890 4938 1082 4994 Lazari
1112 4941 1360 4997 distillari
1386 4959 1583 5016 aquam
1619 4947 1674 5000 in
1699 4962 1795 5002 ore
1826 4963 1925 5004 suo
1949 4964 2079 5004 con-

491 5032 738 5103 cupiscit.
768 5033 868 5101 Qui
895 5047 1024 5104 ergo
1055 5049 1255 5091 mensa:
1281 5052 1392 5092 suze
1432 5037 1518 5092 vel
1564 5039 1786 5094 minima
1827 5041 1956 5096 dare
1975 5057 2075 5098 n0-

492 5119 616 5188 luit,
648 5121 703 5176 in
728 5123 940 5180 inferno
965 5124 1194 5196 positus,
1238 5143 1408 5199 usque
1445 5129 1512 5184 ad
1537 5132 1760 5186 minima
1785 5135 2075 5202 quaerenda

491 5213 738 5283 pervenit
769 5232 781 5268 :
815 5216 908 5272 sed
935 5217 1227 5272 notandum
1263 5219 1416 5274 valde
1439 5228 1539 5287 est,
1569 5223 1698 5291 quid
1738 5225 1808 5280 sit
1832 5225 1976 5294 quod
1998 5226 2078 5280 di-

490 5317 586 5358 ves
614 5303 669 5358 in
700 5305 821 5375 igne
877 5308 1084 5374 positus
1119 5307 1358 5380 linguam
1412 5312 1721 5384 refrigerari
1759 5317 1914 5386 petit.
1965 5316 2080 5374 Mos

493 5390 693 5464 quippe
713 5402 797 5449 est
818 5394 959 5449 sacri
981 5395 1138 5468 elogii
1179 5408 1240 5453 ut
1279 5399 1568 5470 aliquando
1600 5403 1744 5458 aliud
1791 5403 1953 5472 dicat,
1983 5407 2078 5463 sed

494 5495 563 5538 ex
585 5483 773 5539 eodem
805 5484 948 5540 dicto
975 5485 1114 5541 aliud
1153 5488 1360 5546 innuat.
1397 5489 1658 5562 Superius
1710 5494 1854 5550 hunc
1891 5511 2079 5566 super-

492 5574 622 5630 bum
641 5575 863 5632 divitem
885 5577 1142 5635 Dominus
1163 5596 1270 5637 non
1291 5581 1606 5653 loquacitati
1626 5595 1907 5640 vacantem
1927 5587 2077 5643 dixe-

494 5675 602 5737 rat,
625 5669 724 5726 sed
769 5669 1035 5743 superﬂue
1059 5675 1454 5744 convivantem,
1484 5694 1660 5749 neque
1709 5680 1854 5736 hunc
1895 5681 1960 5742 de
1998 5681 2076 5738 lo-

492 5761 766 5832 quacitate
810 5763 1068 5830 narravit,
1101 5766 1195 5821 sed
1227 5782 1351 5823 cum
1402 5769 1634 5826 elatione
1684 5780 1739 5826 et
1769 5772 1978 5826 tenacia
2008 5772 2076 5829 de

492 5852 758 5911 edacitate
779 5869 1069 5927 peccasse;
1107 5848 1201 5914 sed
1223 5858 1352 5928 quia
1391 5861 1665 5917 abundare
1714 5862 1770 5918 in
1813 5863 2076 5922 conviviis

2185 4749 2449 4815 meminit,
2481 4763 2618 4818 quos
2663 4747 2899 4818 reliquit.
2943 4749 3186 4804 Perfecta
3223 4749 3421 4820 quippe
3460 4750 3511 4804 ei
3549 4740 3772 4805 ‘ultiii’de

2183 4863 2421 4927 paupere
2451 4863 2559 4903 non
2603 4859 2767 4916 esset,
2806 4850 2852 4905 si
2893 4850 3036 4908 hunc
3062 4851 3127 4906 de
3158 4841 3522 4908 retributione
3558 4832 3761 4934 nonet;

2185 4950 2487 5011 gnosceret.
2536 4941 2601 4995 Et
2631 4930 2869 5014 perfecta
2913 4959 3072 5016 paena
3120 4944 3187 4998 in'
3223 4944 3349 5015 igne
3396 4947 3507 4999 n‘on
3547 4930 3769 5018 essedis]

2187 5047 2294 5087 non
2325 5033 2428 5088 hoc
2453 5033 2596 5102 quod
2625 5033 2740 5103 ipse
2767 5035 2971 5103 patitur
2991 5034 3103 5088 suis
3130 5034 3380 5100 timeret;
3409 5045 3470 5090 ut
3493 5015 3767 5107 ’ἐφ’ρέἐέ

2183 5133 2395 5182 catores
2423 5125 2652 5196 amplius
2678 5127 2734 5182 in
2777 5127 3038 5198 supplicio
3067 5127 3358 5196 puniantur
3384 5129 3669 5186 eteorum
3702 5129 3768 5208 vi-

2183 5221 2311 5275 dent
2325 5219 2569 5291 gloriam,
2585 5233 2721 5290 quos
2747 5227 3206 5292 contempserunt,
3219 5229 3274 5276 et
3294 5223 3362 5278 de
3381 5211 3600 5277 illorum
3619 5213 3765 5279 etiam

2184 5326 2346 5384 paena
2376 5321 2717 5384 torquentur,
2771 5299 2906 5386 quos
2951 5313 3213 5370 inutiliter
3255 5324 3603 5392 amaverunt.
3647 5315 3764 5370 Cne-

2187 5403 2421 5459 dendum
2450 5419 2580 5461 vero
2617 5413 2720 5472 est,
2767 5407 2912 5475 quod
2951 5415 3076 5462 ante
3106 5391 3516 5463 retributionem
3547 5405 3764 5474 extremi

2175 5493 2389 5564 iudicii,
2416 5497 2602 5569 iniusti
2630 5499 2682 5553 in
2707 5500 2893 5570 requie
2919 5501 3180 5572 quosdam
3205 5499 3382 5570 iustos
3409 5483 3760 5576 consili-Cium,

2183 5594 2242 5641 ut
2267 5602 2361 5643 eos
2382 5587 2626 5644 videntes
2642 5590 2694 5644 in
2716 5591 2932 5662 gaudio,
2949 5608 3054 5648 non
3077 5591 3251 5648 solum
3276 5594 3343 5650 de
3365 5609 3463 5650 suo
3489 5579 3759 5668 supplicio,

2181 5679 2278 5735 sed
2305 5681 2469 5736 etiam
2506 5682 2572 5737 de
2612 5682 2824 5737 illorum
2867 5685 3008 5740 bono
3030 5685 3372 5760 crucientur,
3395 5683 3536 5742 Justi
3563 5669 3691 5761 vero
3711 5683 3758 5738 in

2179 5773 2466 5829 tormentis
2501 5788 2716 5844 semper
2733 5774 3010 5830 intuentur
3048 5775 3298 5847 iniustos,
3326 5761 3393 5830 uti
3413 5775 3542 5832 hinc
3583 5762 3758 5832 eorum

2181 5866 2436 5937 gaudium
2461 5878 2690 5936 crescat,
2724 5870 2848 5938 quia
2889 5868 3087 5927 malum
3117 5868 3459 5942 conspiciunt
3485 5866 3634 5942 quod
3666 5863 3758 5923 mi-
