3974 6364
551 312 658 372 £99

1192 314 1255 368 B.
1295 313 1548 371 RABANI
1585 312 1804 369 MAUBI
1840 311 2158 368 ARCHIEP.
2198 309 2508 369 MOGUNT.
2549 308 2835 368 OPERUM
2868 308 3052 365 PARS
3090 308 3152 364 ll.
3669 320 3743 379 δαί)

512 439 765 500 -ριῐξηωη
795 425 1153 481 necessariam
1179 427 1597 497 expectabimus,
1648 426 1701 480 in
1731 427 1925 496 quibus
1955 434 2011 481 et
2038 442 2132 479 vos
2163 432 2208 489 Λ
2306 411 2598 494 Postquam
2643 425 2887 478 hortatus
2932 429 3011 477 est
3059 422 3357 487 aulicntes,
3403 431 3461 477 ut
3491 437 3544 481 se
3587 443 3742 501 ριτρρρ-

551 517 872 577 ambulastis
910 515 1207 586 aliquando
1232 531 1357 571 cum
1381 517 1634 573 viveretis
1662 518 1718 572 in
1753 517 1882 581 illis,
1931 517 2131 572 dudum

550 609 768 681 quidem
818 608 1118 679 agebantur
1162 623 1193 661 a
1236 608 1387 662 vobis
1430 608 1648 678 quando
1700 623 1823 663 cum
1876 606 2131 677 praesenti

548 708 661 754 vita
693 705 861 755 totam
882 711 1034 768 spem
1060 705 1297 752 vestram
1335 697 1797 763 demetiebamini,
1844 695 1976 751 nihil
2024 709 2135 750 am-

548 793 694 865 plius
725 798 1123 860 exspectantes.

619 880 780 936 Nune
806 889 981 934 autem
1007 879 1244 951 deponite
1279 889 1328 934 et
1376 896 1464 935 ros
1502 881 1697 946 omnia,
1718 880 1830 951 jam
1858 879 1999 935 ultra
2048 884 2136 935 se;

546 971 786 1028 eundum
808 969 899 1026 illa
925 969 1107 1025 vivere
1126 985 1225 1025 vos
1250 985 1358 1026 non
1394 970 1648 1026 convenit
1689 970 1784 1040 qui
1812 971 2050 1025 maxime
2077 970 2133 1024 in

547 1062 954 1119 immortalitate
984 1062 1155 1127 eritis,
1218 1062 1272 1116 in
1301 1078 1408 1132 qua
1433 1063 1728 1119 consistere
1774 1078 1915 1118 mine
1958 1062 2134 1117 forma

545 1153 954 1211 existimamini.
996 1151 1103 1209 Sed
1144 1153 1530 1208 discedendum
1578 1161 1661 1209 est
1709 1154 1865 1209 nobis
1927 1153 1996 1209 ab
2045 1153 2133 1207 bis

544 1247 822 1310 omnibus,
844 1252 899 1299 et
922 1245 1189 1314 deponere
1228 1244 1487 1301 debemus
1508 1246 1666 1311 iram,
1695 1245 2131 1316 indignationem,

544 1339 836 1403 malitiam,
884 1337 1289 1408 blasphemiam,
1343 1348 1549 1408 turpem
1590 1353 1880 1393 semioneni
1926 1337 1991 1390 de
2042 1352 2134 1391 ore

546 1440 749 1489 nostra.
772 1429 1066 1486 Sciendum
1102 1430 1454 1500 autemquod
1498 1431 1590 1485 irai
1624 1430 1724 1485 tria
1756 1438 1883 1485 sunt
1909 1442 2127 1499 genera,

544 1536 714 1577 unum
763 1520 907 1591 quod
947 1519 1253 1575 exardescit
1294 1520 1639 1580 intrinsecus,
1690 1518 1835 1573 aliud
1881 1517 2024 1587 quod
2073 1516 2129 1569 in

543 1612 770 1666 verbum
833 1618 891 1666 et
937 1624 1074 1680 opus
1147 1609 1508 1678 effectumque
1563 1608 1912 1679 prorumpit,
1982 1607 2126 1677 quod

541 1706 728 1760 odium
766 1712 1131 1775 nuncupatur,
1178 1702 1251 1759 de
1288 1704 1482 1773 quibus
1523 1710 1578 1757 et
1625 1700 1937 1771 Apostoius,
1984 1716 2125 1754 nunc

2235 525 2421 571 rarent
2457 516 2523 569 ad
2554 515 2733 570 omnia
2773 513 3085 569 sustinenda
3123 529 3223 584 pro
3257 517 3483 574 veritate
3516 529 3652 591 atque
3683 522 3743 590 ju.

2234 606 2399 673 stitia,
2429 614 2484 662 et
2521 621 2626 660 non
2664 607 3057 661 absconderem
3090 605 3314 674 bonum,
3355 611 3490 678 quod
3533 620 3744 685 accepturi

2234 709 2409 767 erant,
2440 702 2533 755 sed
2574 714 2637 753 ea
2675 698 3047 754 benevolentia
3087 701 3360 757 discerent
3385 712 3442 758 ut
3465 709 3744 765 cacterosdo-

2234 801 2420 847 cerent
2440 807 2545 846 non
2576 791 2641 844 ad
2665 789 2876 845 laudem
2902 807 3073 855 suam,
3094 794 3186 846 sed
3212 794 3281 848 ad
3309 794 3525 863 gloriam
3550 795 3626 850 Dei
3644 799 3742 853 bona

2235 899 2329 939 sua
2355 898 2519 953 opera
2556 881 2876 946 referentes,
2906 882 3095 953 incipit
3120 898 3213 937 eos
3235 884 3583 941 informareet
3605 887 3743 945 docere

2234 973 2362 1044 quid
2396 973 2644 1035 doceant,
2680 981 2934 1041 tanquam
2958 972 3003 1027 si
3031 984 3337 1042 quaererent
3373 977 3624 1032 dicentes:
3650 979 3745 1035 Em

2234 1063 2469 1120 volumus
2498 1063 2674 1116 omnia
2695 1064 2952 1117 sustinere
2977 1080 3073 1134 pro
3107 1073 3194 1119 tuo
3223 1067 3430 1121 nomine
3454 1078 3496 1121 et
3518 1052 3763 1123 doctrinun

2233 1167 2378 1210 tuam
2417 1171 2521 1209 non
2561 1154 2896 1209 abscondere.
2930 1154 3038 1210 Sed
3071 1156 3198 1226 quid
3234 1157 3444 1213 esthoc
3471 1158 3743 1230 ipsumquod

2232 1255 2384 1303 vetas
2414 1246 2692 1311 abscondi,
2731 1254 2786 1301 et
2820 1261 2919 1317 pro
2961 1262 3068 1316 quo
3113 1246 3278 1315 iubes
3326 1250 3502 1303 omnia
3543 1250 3741 1306 tolerari:

2232 1337 2472 1407 nunquid
2516 1336 2661 1391 aliud
2720 1336 2963 1391 dicturus
2999 1352 3058 1391 es
3097 1347 3287 1392 contra
3337 1353 3400 1393 ea
3437 1354 3547 1410 quae
3580 1341 3624 1395 in
3661 1340 3745 1411 lege

2230 1432 2433 1501 scripta
2477 1438 2646 1484 sunt:
2680 1446 2802 1495 non,
2838 1429 3034 1499 inquit,
3082 1430 3243 1483 nolite
3288 1432 3430 1485 enim
3470 1443 3630 1501 putare
3651 1450 3743 1501 quo-

2232 1524 2373 1578 niam
2402 1523 2515 1577 tveni
2536 1520 2732 1576 solt-ere
2760 1520 2926 1591 legem
2954 1532 3043 1574 aut
3074 1523 3377 1593 praphetas.
3420 1523 3536 1578 Non
3562 1526 3654 1578 mi
3668 1527 3743 1579 sol-

2229 1630 2345 1669 rere
2372 1614 2462 1667 sed
2488 1612 2789 1683 adimplere.
2815 1613 2873 1666 in
2902 1613 3003 1667 hac
3020 1614 3166 1668 enim
3190 1617 3456 1669 sententia
3480 1631 3645 1671 sensus
3679 1621 3745 1673 du-

2229 1705 2353 1776 plex
2391 1713 2493 1770 est,
2555 1710 2609 1759 et
2658 1703 2952 1758 secundum
3009 1715 3303 1774 utrumque
3350 1710 3633 1763 tractandus
3670 1721 3740 1763 est.

543 1805 719 1851 autem
741 1796 1002 1866 deponite,
1062 1795 1256 1865 inquit,
1285 1804 1332 1849 et
1364 1811 1450 1849 vos
1482 1795 1680 1858 omnia,
1714 1794 1849 1847 iram
1898 1802 1945 1847 et
1983 1792 2123 1846 indi-
2157 1802 2199 1861 Β
2228 1795 2364 1850 Nam
2406 1795 2496 1864 qui
2532 1793 2682 1857 dicit,
2735 1810 2836 1847 non
2866 1795 2977 1847 veni
3028 1794 3230 1850 solvere
3270 1796 3455 1867 legem,
3485 1798 3566 1852 sed
3617 1798 3742 1851 adim-

540 1887 838 1959 gnationem
856 1887 1104 1951 ;tertium
1127 1886 1270 1955 quod
1296 1900 1403 1939 non
1420 1894 1480 1939 ut
1498 1883 1588 1938 illa
1611 1883 1824 1939 fervens
1846 1883 1912 1937 ad
1933 1883 2139 1936 horam'

541 1979 832 2049 digeritur,
862 1978 956 2033 sed
981 1991 1080 2047 per
1113 1977 1227 2032 dies
1249 1985 1303 2031 et
1348 1984 1591 2045 tempora
1622 1981 1933 2028 reservatur
1980 1970 2125 2041 quod

539 2070 670 2125 anni
692 2076 908 2126 centimi
930 2069 1150 2133 dicitur,
1183 2082 1310 2138 qua:
1323 2068 1508 2121 omnia
1534 2065 1725 2135 mquali
1757 2072 1882 2119 sunt
1911 2080 1941 2118 a
1967 2056 2149 2118 nobis

538 2163 767 2219 horrore
812 2162 1137 2217 damnanda.
1199 2160 1634 2231 Quapropterosi
1658 2159 1806 2214 illam
1855 2171 2125 2212 summam

537 2259 703 2316 divini
753 2258 962 2329 przemii
1006 2258 1256 2327 cupimus
1307 2257 1534 2326 adipisci
1594 2256 1660 2311 de
1729 2271 1837 2324 quo
1873 2255 2122 2318 ,dicitur,

538 2351 693 2407 Beati
712 2354 909 2407 mundo
937 2349 1119 2414 corde,
1143 2350 1391 2421 quoniam
1412 2349 1511 2418 ipsi
1544 2347 1709 2401 Deum
1727 2345 1990 2408 videbunt,
2015 2359 2123 2398 non

536 2443 711 2497 solum
761 2443 883 2496 haec
921 2454 951 2495 e
989 2440 1194 2495 nostris
1235 2439 1447 2493 actibus
1490 2437 1819 2508 amputanda
1866 2444 1971 2503 cst,
2029 2437 2124 2492 sed

538 2530 702 2586 etiam
724 2531 793 2585 de
816 2523 1024 2584 intimis
1045 2529 1240 2582 animae
1260 2528 1518 2583 radicitus
1538 2526 1906 2596 exstirpanda.

610 2615 793 2673 Nolite
851 2618 1061 2672 mentiri
1132 2616 1369 2671 invicem.
1435 2614 1553 2671 Non
1599 2616 1734 2672 dixit
1782 2616 2122 2682 alterutrum,

536 2709 631 2767 sed
678 2708 931 2774 invicem,
964 2708 1067 2764 hoc
1112 2708 1257 2763 enim
1302 2706 1419 2761 vult
1465 2707 1672 2773 dicere,
1719 2707 1979 2778 quoniam
2014 2723 2124 2761 non

536 2808 622 2856 est
656 2800 867 2871 justum
901 2806 961 2853 ut
997 2814 1122 2855 cum
1160 2797 1501 2858 simulatione
1528 2797 1681 2853 vobis
1720 2798 1974 2862 narretis,
2029 2797 2127 2853 sed

536 2891 752 2947 sincera
807 2896 1011 2947 mente.
1070 2889 1143 2944 Et
1192 2887 1447 2959 quoniam
1498 2887 1743 2943 membra
1801 2886 2121 2951 nominavit,

536 2990 699 3039 actus
740 2982 977 3051 seipsum
1011 2988 1302 3051 sequentes
1329 2976 1530 3047 adjicit.

604 3073 976 3146 Exspatiata
988 3089 1074 3128 eos
1090 3083 1305 3127 retercin
1329 3072 1589 3125 hominem
1611 3088 1728 3125 cum
1757 3071 1958 3125 actibus
1983 3070 2119 3139 ejus.

2225 1885 2390 1956 plere,
2418 1894 2511 1939 aut
2556 1884 2799 1939 addendo
2839 1883 2970 1937 dicit
3000 1887 3141 1955 quod
3175 1888 3355 1943 minus
3397 1889 3568 1951 habet,
3598 1899 3670 1943 aut
3692 1892 3742 1942 fa—

2226 1979 2419 2034 ciendo
2464 1981 2608 2049 quod
2649 1979 2830 2035 habet.
2864 1984 3006 2054 Ergo
3035 1982 3189 2051 prius
3235 1983 3621 2036 consideremus
3644 1982 3743 2050 quod

2222 2070 2402 2141 primo
2424 2072 2598 2141 posui.
2642 2073 2776 2128 Nam
2792 2074 2884 2145 qui
2915 2073 3119 2128 addidit
3142 2073 3289 2141 quod
3319 2073 3494 2126 minus
3515 2072 3742 2129 habetnon

2224 2160 2412 2230 utique
2429 2160 2587 2217 solvit
2608 2163 2749 2233 quod
2768 2165 2990 2227 invenit,
3011 2164 3102 2218 sed
3131 2163 3307 2233 magis
3328 2162 3630 2232 perficienda
3650 2176 3743 2215 con-

2226 2252 2481 2307 firmavit.
2505 2252 2631 2310 Sive
2644 2270 2773 2326 ergo
2794 2271 2859 2310 ea
2871 2272 2989 2325 quae
3001 2256 3067 2309 de
3088 2270 3147 2310 se
3173 2255 3487 2323 prophetam
3517 2262 3627 2309 sunt
3641 2269 3744 2308 com-

2225 2342 2372 2412 plerc
2387 2344 2535 2399 venit
2566 2345 2971 2410 inbumanatus,
2991 2346 3103 2400 sive
3140 2331 3374 2414 illa'qua:
3404 2354 3550 2398 antea
3581 2353 3744 2414 propter

2226 2434 2600 2491 infirmitatem
2624 2438 2957 2492 audientium
2982 2437 3134 2491 rudia
3150 2445 3207 2490 ct
3231 2435 3548 2511 imperfecta
3586 2434 3746 2489 fuerant

2226 2526 2516 2597 complere,
2533 2528 2668 2583 iram
2699 2529 2892 2584 tollens
2920 2536 2975 2583 et
2994 2528 3166 2583 vicem
3199 2528 3418 2582 talionis
3436 2526 3683 2581 excludens
3705 2531 3743 2579 et

2227 2618 2492 2673 occultam
2513 2619 2568 2672 in
2585 2628 2763 2674 mente
2774 2618 3272 2688 concupiscentiam
3287 2619 3482 2672 habere
3495 2615 3741 2687 prohibens.

2297 2710 2485 2775 Amen,
2530 2712 2728 2782 quippe
2760 2752 2777 2777 ,
2809 2712 2927 2766 dico
2984 2710 3148 2775 vobis,
3202 2710 3371 2770 donec
3417 2717 3626 2762 transeat
3669 2718 3741 2757 ea-

2225 2800 2334 2855 lrtm
2368 2809 2416 2855 et
2464 2810 2626 2867 terra,
2653 2803 2760 2856 iota
2805 2818 2967 2857 unum
3004 2810 3092 2855 aut
3130 2816 3270 2854 unus
3302 2815 3433 2869 apex
3458 2813 3550 2851 non
3580 2800 3742 2866 prater-

2225 2892 2316 2947 ibit
2367 2909 2400 2946 a
2450 2892 2559 2963 lege
2602 2892 2766 2946 donec
2816 2893 2993 2947 omnia
3034 2891 3186 2960 ﬁant.
3238 2889 3615 2944 Promittantur
3649 2880 3738 2937 calli

2225 2984 2350 3039 novi
2416 2990 2470 3038 et
2522 2993 2664 3039 terra
2728 2998 2869 3037 nova
2934 2997 3055 3052 quze
3111 2980 3358 3036 facturus
3413 2986 3493 3034 est
3544 2973 3742 3031 Dominus

2227 3078 2384 3141 Deus,
2442 3077 2485 3132 si
2537 3077 2680 3131 enim
2729 3091 2868 3131 nova
2922 3076 3154 3130 creanda
3210 3080 3364 3137 sunt,
3419 3072 3745 3138 consequenter

534 3167 615 3224 Ex
639 3168 867 3238 integro,
895 3166 1089 3237 inquit,
1105 3163 1358 3221 convenit
1383 3179 1480 3220 vos
1494 3163 1780 3218 mortalem
1794 3163 2126 3233 deponcntes
2149 3146 2194 3209 C
2227 3168 2343 3222 hmo
2387 3174 2548 3220 erunt
2582 3165 2901 3220 transitura.
2951 3162 3106 3231 Quod
3155 3171 3339 3216 autem
3396 3148 3741 3228 δεσμίων,ιώ

532 3256 832 3324 hominem,
849 3259 1117 3329 deponere
1127 3257 1358 3311 etiamet
1374 3263 1527 3309 actus
1541 3261 1935 3323 consequentes
1948 3253 2117 3306 illam.

597 3345 670 3402 Et
681 3347 883 3402 induite
907 3362 1115 3411 norum,
1130 3361 1251 3399 eunt
1262 3345 1353 3414 qui
1369 3353 1646 3397 renovatur
1656 3344 1713 3396 in
1726 3342 1989 3412 agnitione
2004 3340 2125 3407 Dei,

538 3439 826 3495 secundum
843 3438 1123 3508 imaginem
1145 3436 1197 3506 ej
1203 3452 1263 3490 ns
1273 3436 1363 3506 qui
1381 3434 1573 3489 crearit
1592 3449 1733 3488 eum.
1747 3432 2122 3488 Consentanea

536 3543 701 3600 agere
741 3526 959 3583 debetis
987 3528 1116 3582 huic
1170 3524 2118 3594 novo,quemindutiestis,renovati

534 3628 591 3673 et
617 3617 749 3673 facti
774 3618 1071 3674 secundum
1102 3616 1393 3688 imaginem
1422 3615 1569 3685 eius,
1593 3614 1689 3683 qui
1714 3614 1871 3669 istius
1902 3628 2119 3669 recrea-

530 3708 709 3788 tionis
729 3708 885 3764 nobis
928 3715 1121 3762 auctor
1155 3705 1384 3770 exstitit,
1412 3712 1474 3759 ut
1498 3703 1753 3760 dicamini
1792 3703 2119 3759 Christiani:

432 3844 439 3851 .
536 3798 724 3868 itaque
748 3796 1191 3854 ineonvertibiles
1216 3808 1438 3851 manere
1454 3809 1553 3851 vos
1583 3795 1636 3849 in
1658 3796 1803 3850 bono
1818 3809 1918 3864 per
1939 3795 2125 3849 omnia

537 3886 810 3953 convenit,
843 3886 946 3943 hoc
971 3886 1121 3943 enim
1141 3884 1298 3940 vobis
1318 3885 1371 3939 in
1406 3884 1590 3940 futuro
1635 3885 1807 3941 aderit
1850 3900 1952 3955 pro
1991 3900 2122 3955 pos-

536 3974 797 4033 sibilitate
843 3978 899 4033 in
942 3977 1195 4049 praesenti
1255 3976 1389 4031 vita.
1461 3974 1669 4032 Deinde
1723 3984 1781 4031 et
1828 3976 2125 4032 ostendens

538 4069 702 4142 hujus
734 4069 1085 4126 recreationis
1111 4069 1337 4133 bonum,
1379 4067 1555 4139 inquit
1581 4081 1596 4122 :

533 4197 541 4209 -
609 4160 709 4218 Ubi
736 4171 928 4217 nonest
940 4160 1151 4233 gentilis
1176 4171 1223 4217 et
1240 4159 1486 4226 Judtetts,
1509 4159 2120 4231 circameisioetprwptt-

535 4256 949 4322 tium,barbartts
968 4263 1015 4308 et
1032 4252 1244 4323 Scytha,
1266 4268 1445 4306 servus
1456 4260 1503 4306 et
1524 4250 1675 4316 liber,
1695 4252 1786 4307 sed
1801 4253 1975 4306 omnia
1990 4260 2038 4305 et
2064 4251 2119 4305 in

537 4347 777 4402 omnibus
803 4345 1065 4400 Christus.
1088 4345 1159 4398 At
1192 4343 1589 4413 nbi,inquit,in
1632 4343 1720 4396 illa
1767 4341 2122 4397 transforma-

2223 3274 2385 3313 ttnum
2415 3266 2506 3311 ant
2530 3274 2666 3311 unus
2686 3272 2819 3327 apex
2834 3271 2937 3309 non
2958 3254 3244 3326 prteteribit
3282 3272 3313 3307 a
3347 3251 3455 3321 lege
3486 3249 3628 3303 donec
3665 3243 3743 3295 hac

2222 3350 2399 3405 omnia
2429 3349 2582 3418 fiant,
2618 3364 2687 3403 ex
2714 3346 2884 3417 figura
2912 3345 3105 3400 littera:
3145 3344 3450 3399 ostenditur
3474 3337 3600 3409 quod
3624 3333 3742 3388 etimit

2222 3458 2343 3515 qua:
2386 3441 2609 3497 minima
2651 3449 2913 3511 putantur
2950 3439 3005 3493 in
3055 3438 3175 3508 lege
3207 3432 3555 3492 sacramentis
3589 3425 3743 3497 specie

2222 3535 2362 3589 tibus
2410 3532 2566 3605 plena
2603 3539 2749 3598 sunt,
2780 3539 2836 3587 et
2867 3530 3050 3586 omnia
3082 3527 3502 3598 rccapitulantur
3525 3523 3574 3576 in
3616 3518 3742 3571 Evan—

2221 3624 2382 3696 gelio.
2437 3622 2580 3677 Intcr
2614 3621 2826 3678 litteras
2876 3634 3025 3689 ergo,
3075 3617 3186 3673 lota
3218 3618 3397 3672 minor
3443 3621 3520 3670 est
3561 3605 3740 3665 ceteris.

2221 3731 2342 3787 qua:
2367 3731 2477 3773 uno
2498 3717 2641 3773 dicto
2667 3716 2744 3782 tit,
2764 3731 2898 3787 apex
2923 3722 3103 3770 autem
3131 3712 3295 3768 etiam
3331 3712 3494 3782 ipsius
3514 3716 3587 3763 est
3606 3702 3738 3770 aliqua

2223 3809 2276 3864 in
2317 3824 2526 3864 summa
2564 3809 2851 3879 particula,
2911 3806 3110 3877 quibus
3142 3805 3324 3859 verbis
3352 3798 3574 3858 ostendit
3596 3796 3637 3863 in
3659 3788 3779 3861 lege,

2222 3902 2287 3956 ad
2331 3900 2577 3957 etl‘ectum
2631 3900 2793 3955 etiam
2841 3899 3063 3953 minima
3116 3911 3345 3967 quaeque
3382 3890 3604 3965 produci.
3644 3886 3743 3952 Apte

2222 4000 2403 4048 autem
2451 3991 2563 4046 Iota
2589 3990 2834 4046 Grascum
2882 3996 2937 4043 et
2981 4003 3086 4041 non
3120 3987 3235 4041 loth
3287 3985 3558 4045 Hebraeum
3587 3972 3739 4047 posuit.

2220 4084 2346 4155 quia
2404 4082 2515 4137 lota
2569 4083 2623 4136 in
2676 4094 2903 4135 numero
2942 4077 2988 4132 Χ
3036 4076 3346 4148 significat,
3387 4082 3442 4129 ct
3488 4065 3773 4157 dccalogumi

2222 4176 2358 4247 legis
2380 4182 2684 4239 enumerat,
2704 4170 2859 4241 cuius
2895 4170 3112 4241 quidem
3153 4184 3290 4239 apex
3334 4175 3390 4222 et
3425 4157 3656 4236 perfectio
3681 4156 3742 4207 est

2222 4267 2595 4337 Evangelium.
3414 4320 3419 4325 ο

2293 4332 2420 4425 Qui,
2442 4372 2591 4429 ergo,
2622 4355 2829 4413 solverit
2857 4370 3020 4410 unum
3050 4351 3114 4407 de
3153 4350 3417 4407 mandatis
3438 4345 3545 4402 istis
3561 4332 3739 4429 minuti!

540 4434 1131 4498 tioneeonotiterimus,
1148 4433 1290 4486 ultra
1317 4447 1423 4487 non
1439 4431 1825 4487 eritdiscretus
1838 4429 2120 4484 Judaeuset
2147 4495 2197 4512 ﬁ
2223 4460 2270 4505 ει
2293 4426 2530 4504 domm}
2560 4450 2634 4503 δίε
2682 4448 2937 4512 homines,
2983 4444 3230 4500 minimus
3273 4440 3532 4497 παιδίων
3555 4433 3601 4489 ίη
3621 4426 3739 4497 "gito

539 4523 774 4597 εθιιιίιίει
802 4538 924 4578 “3m
954 4521 1383 4579 είνευιιιείδίοηίδ
1417 4530 1471 4577 ει
1492 4520 1737 4591 ΡτάιΡηίίί
1766 4519 2124 4575 ἀίκτθιίθίη·
2147 4495 2201 4556 D
2224 4538 2491 4594 caelorum.
2526 4538 2713 4608 itaque
2751 4551 2850 4593 nec
2886 4495 3107 4591 minima
3153 4533 3372 4605 quidem
3425 4525 3738 4584 mandatorum

538 4624 805 4686 tcrempta
833 4623 933 4679 est,
965 4629 1034 4671 eo
1057 4612 1201 4684 quod
1225 4612 1562 4668 immortales
1589 4625 1783 4667 sumus
1796 4610 1994 4675 effecti,
2043 4610 2127 4665 ita:
2222 4629 2338 4694 Dei,
2376 4628 2479 4683 nisi
2511 4604 2643 4683 cum’
2672 4627 2887 4698 piaculo
2926 4625 3021 4680 Dei
3071 4623 3348 4680 εοηειίιυιί
3373 4634 3489 4676 esse
3516 4604 3737 4698 solvenda.

536 4713 599 4760 Il
625 4719 798 4776 neque
818 4704 1102 4770 barbarus,
1124 4719 1300 4775 neque
1326 4703 1502 4770 liberi,
1521 4718 1695 4773 neque
1736 4703 1883 4759 servi
1911 4702 2127 4774 possint
2219 4721 2430 4776 ίηιιιγοε
2468 4696 2740 4784 minim,
2776 4719 2827 4774 id
2857 4727 2937 4774 εει
2986 4715 3308 4773 novissimos
3332 4730 3397 4769 ac
3434 4722 3580 4781 pane
3606 4696 3739 4757 nullos

536 4796 766 4853 υῙίθΐίυθ
788 4797 1042 4868 Persei“.
1072 4796 1301 4853 δικίδιο
1337 4796 1391 4850 in
1428 4794 1683 4851 omnibus
1702 4802 2017 4865 θννθτοηιθ»
2048 4793 2116 4848 ad
2219 4813 2541 4870 denuntians
2575 4812 2796 4868 minima
2838 4810 3123 4866 solventes.
3162 4803 3317 4862 Nulla
3348 4813 3518 4859 autem
3557 4796 3629 4852 his
3659 4788 3734 4843 mi-

536 4888 692 4959 cnjus
736 4889 1142 4946 simititudinem
1187 4888 1592 4944 immortalitate
1641 4888 1937 4958 potiemur,
1970 4901 2115 4957 pne-
2217 4919 2351 4960 nom
2381 4912 2608 4973 possum
2647 4916 2785 4964 esse,
2817 4916 2937 4969 qua;
2959 4899 3179 4953 minima
3211 4905 3365 4960 sum,
3389 4881 3736 4965 minimum?“

536 4988 715 5034 stante
744 4980 859 5049 ipso
885 4978 1125 5033 omnium
1160 4978 1425 5032 bonorum
1453 4977 1730 5047 largitore,
1758 4977 1853 5047 qui
1904 4976 2037 5031 vivit
2064 4980 2120 5030 et

538 5074 731 5140 regnat
776 5080 900 5124 'cum
940 5069 1052 5124 Deo
1109 5068 1269 5123 Patre
1306 5068 1362 5122 in
1415 5068 1624 5123 unitate
1671 5067 1909 5138 Spiritus
1946 5068 2121 5126 sancti

535 5171 636 5229 per
668 5158 850 5215 omnia
880 5158 1075 5214 sacula
1105 5156 1444 5213 saeculorum.
1473 5157 1668 5213 Amen.

1059 5266 1335 5325 HOMILIA
1374 5265 1612 5323 LXXIX.

1130 5374 1259 5414 ΠΈἈ
1279 5374 1435 5414 νειιιλ
1475 5372 1547 5413 IV.

627 5444 817 5500 Lectio
849 5447 1027 5503 sancti
1050 5448 1325 5518 Evangelii
1367 5448 1663 5504 secundum
1694 5448 2027 5504 Matthteum.

607 5534 677 5587 In
700 5533 1040 5607 illoteinpore
1082 5536 1387 5592 dixitlesus
1427 5538 1698 5610 discipulis
1733 5540 1843 5593 suis
1875 5553 1892 5592 :
1938 5538 2117 5593 Nolite

534 5634 720 5695 putare
737 5626 982 5696 quoniam
1006 5628 1121 5682 veni
1144 5626 1336 5682 solvere
1357 5628 1517 5699 legem
1547 5638 1637 5683 ant
1662 5630 1937 5701 prophetas
1967 5645 1988 5685 :
2013 5646 2116 5685 non

536 5716 653 5771 veni
674 5717 893 5786 solvere,
921 5718 1011 5773 sed
1048 5718 1357 5789 adimplere,
1382 5729 1490 5774 etc.

2226 5002 2407 5048 autem
2427 4992 2690 5057 omnium,
2715 4988 2924 5045 Domini
2949 4989 3129 5061 passio
3156 4994 3211 5042 et
3233 4984 3413 5041 crucis
3440 4992 3588 5038 mors.
3613 4977 3734 5061 quat]?

2226 5084 2271 5139 si
2298 5083 2419 5153 quis
2468 5091 2723 5151 tanquam
2750 5057 3171 5135 erubescendam
3193 5090 3301 5132 non
3316 5057 3735 5153 confitebiturﬁfl‘

2224 5149 2502 5238 minimus,
2551 5149 2829 5227 confitenti
2867 5184 2998 5249 vero
3021 5178 3229 5249 magna:
3260 5167 3314 5245 in
3344 5162 3478 5220 ctelo
3498 5149 3736 5249 vocationis

2224 5264 2449 5335 gloriam
2476 5263 2785 5333 pollicetur.
2814 5244 2986 5340 Aliter
3010 5242 3189 5340 autem
3215 5242 3465 5340 suggillet

2222 5326 2325 5411 hoc
2338 5326 2597 5424 capitulo,
2622 5353 2727 5422 qui‘
2744 5336 3072 5430 contemptis
3084 5326 3348 5405 mandatis
3487 5326 3749 5430 Βίξξῦἓιξξξξιῖ,

2217 5416 2466 5517 proprias
2491 5416 2809 5500 traditiones
2834 5416 2976 5513 quod
3004 5457 3111 5497 non
3149 5439 3228 5498 eis'
3254 5439 3424 5513 prosit
3444 5416 3731 5517 doc’liinfill

2217 5514 2449 5607 populis,
2482 5536 2526 5590 si
2562 5534 2646 5589 vel
2683 5546 2917 5604 parvum
2950 5534 3093 5605 quod
3125 5533 3179 5587 in
3220 5533 3337 5605 lege
3361 5514 3733 5602 praeceptutnll-‘ti

2221 5631 2521 5685 destruant.
2574 5627 2824 5683 Mandata
2852 5642 2983 5697 ergo
3021 5627 3241 5682 minima
3284 5622 3628 5695 signiﬁcantur
3654 5614 3732 5699 Pe"
3778 5656 3783 5677 ί

2220 5732 2386 5774 unum
2417 5716 2588 5771 lotam
2620 5724 2711 5771 aut
2752 5730 2917 5772 unum
2944 5715 3179 5786 apicem,
3229 5716 3368 5771 sicut
3402 5706 3553 5782 supra
3588 5704 3730 5757 05m“
