3974 6364
174 378 277 436 501

1272 380 1577 439 HOMILLE
1616 380 1685 437 IN
1723 378 1977 438 EVANG.
2018 380 2108 437 ET
2147 378 2370 438 EPIST.

3324 384 3437 447 302

170 505 299 550 sum
331 498 457 557 est;
512 488 604 560 qui
661 504 783 559 ergo
817 488 1023 546 κοινωνει
1058 501 1108 547 et
1147 492 1384 547 docuerit
1425 494 1521 563 sic,
1554 493 1609 548 id
1657 503 1763 560 est,
1791 497 1841 557 Α
1867 500 2088 564 petuum
2116 493 2288 549 vitare
2344 491 2615 565 possimus
2660 494 2919 561 insinuat,
2963 494 3009 550 si
3050 510 3150 561 nos
3189 495 3441 557 videlicet

171 582 475 641 secundum
504 580 560 636 id
603 581 748 651 quod
797 581 977 650 solvit,
1025 600 1133 639 non
1179 584 1475 641 secundum
1529 585 1583 641 id
1612 586 1758 656 quod

174 673 381 731 invenit
406 680 461 729 et
483 671 634 744 legit,
664 673 912 728 minimus
933 674 1200 729 vocabitur
1219 676 1275 730 in
1298 693 1453 747 regno
1477 676 1756 732 caelorum:

172 765 270 821 ubi
290 763 397 820 nisi
424 762 604 835 magni
634 778 755 819 esse
784 778 890 819 non
910 773 1155 834 possunt.
1180 764 1362 821 Potest
1386 773 1443 821 et
1484 766 1591 821 hoc
1641 780 1759 822 mo-

176 856 369 914 raliter
387 854 592 926 accipi;
614 854 774 912 solvit
796 863 977 912 autem
1004 857 1317 913 mandatum
1340 858 1435 914 Dei
1465 859 1513 915 is
1531 858 1623 929 qui
1647 875 1757 916 non

175 947 386 1019 implet,
412 962 718 1019 quanquam
740 962 846 1003 non
867 948 922 1004 in
950 951 1202 1006 mandato
1224 951 1546 1007 solutionem
1568 952 1751 1017 faciat,

174 1039 277 1096 sed
308 1038 363 1093 in
390 1037 701 1108 semetipso,
730 1034 948 1093 ﬁrmum
967 1046 1052 1094 est
1073 1039 1216 1094 enim
1246 1040 1341 1095 Dei
1364 1042 1676 1097 mandatum
1702 1049 1760 1097 et

174 1137 362 1204 potest
390 1126 526 1184 solvi
552 1127 842 1197 scriptura,
873 1127 959 1184 lex
990 1144 1118 1202 ergo
1156 1132 1549 1201 quodammodo
1574 1131 1757 1203 ligatio

175 1230 286 1289 est,
329 1219 423 1293 qui
455 1227 639 1275 autem
669 1219 953 1292 ligationes
976 1221 1073 1278 Dei
1103 1224 1323 1288 excidit,
1352 1224 1466 1295 ipse
1503 1224 1756 1280 mandata

176 1313 364 1380 solvit,
395 1313 449 1368 in
471 1311 760 1383 semetipso
784 1321 839 1368 et
863 1329 969 1368 non
994 1313 1049 1370 in
1076 1315 1228 1386 ipsis.
1248 1315 1394 1373 Talis
1415 1316 1632 1387 quidem
1669 1316 1759 1373 ille

177 1405 443 1462 minimus
467 1403 752 1461 vocabitur
792 1404 846 1459 in
882 1420 1048 1477 regno
1069 1406 1331 1463 caelorum
1365 1425 1379 1462 :
1412 1407 1538 1478 quia
1564 1409 1755 1479 despe-

175 1496 460 1552 ctissimus
484 1502 567 1551 est
588 1495 643 1550 in
666 1494 906 1553 Ecclesia
937 1505 1270 1554 sanctorum.
1294 1497 1431 1554 Nam
1459 1506 1514 1555 et
1532 1514 1757 1572 regnum

175 1585 441 1643 calorum
461 1584 551 1642 hic
571 1593 891 1657 praesentem
911 1585 1210 1643 Ecclesium
1223 1587 1513 1660 signiﬁcat,
1538 1589 1679 1645 sicut
1704 1598 1762 1646 et

180 1674 332 1742 alibi,
384 1675 477 1731 ubi
541 1677 799 1748 scriptum
839 1686 924 1733 est
955 1693 970 1733 :
1009 1677 1191 1734 Simile
1234 1689 1310 1735 est
1353 1697 1569 1751 regnum
1607 1681 1761 1737 caelo-

176 1782 300 1821 rum
329 1783 537 1838 sagente
562 1768 738 1823 missa:
758 1768 813 1824 in
838 1785 1017 1835 mare;
1047 1778 1103 1826 et
1121 1769 1350 1842 Regnum
1370 1771 1470 1826 Dei
1491 1772 1630 1828 intra
1669 1790 1759 1828 vos

1862 582 2007 653 iPsos
2074 597 2144 639 ne
2201 597 2364 653 quem
2426 581 2684 640 lzedamus
2746 584 3075 641 attendimus
3119 622 3138 650 ,
3198 586 3249 643 si
3309 601 3435 657 pec.

1858 683 2071 731 cantem
2123 674 2262 731 cmlo
2301 674 2523 746 justitiaz
2566 675 2911 747 corripimus,
2941 675 2989 731 si
3016 690 3083 732 ex
3126 677 3291 733 corde
3322 692 3439 748 pte-

1856 763 2052 821 nitenti
2076 764 2460 821 misericordiae
2478 764 2799 836 pietatisque
2825 765 3036 822 viscera
3065 766 3372 837 pandimus.

1927 855 1999 910 Et
2020 856 2066 910 si
2100 856 2286 927 septies
2322 855 2378 910 in
2395 856 2478 911 die
2501 856 2783 928 peccaverit
2804 858 2860 912 in
2881 866 2948 922 te,
2979 867 3028 913 et
3051 858 3236 929 septies
3274 857 3330 912 in
3352 858 3439 912 die

1856 962 2134 1001 conversus
2180 945 2338 1017 fuerit
2376 946 2445 1002 ad
2469 956 2545 1015 te,
2580 946 2799 1002 dicens:
2828 944 3048 1003 Paenitet
3090 964 3196 1015 me,
3218 947 3440 1011 dimitte

1856 1037 1958 1095 illi.
2004 1039 2326 1111 Septenario
2353 1054 2581 1097 numero
2613 1055 2721 1095 non
2746 1041 2916 1096 venite
2941 1040 3130 1097 danda:
3172 1041 3443 1105 terminus.

1858 1131 2096 1201 ponitur,
2138 1132 2235 1188 sed
2259 1130 2343 1186 vel
2365 1131 2549 1187 omnia
2574 1140 2799 1203 peccata
2826 1130 3145 1189 dimittenda
3180 1132 3267 1188 vel
3296 1145 3445 1191 sem-

1856 1238 1953 1293 per
1979 1225 2265 1294 pmnitenti
2298 1224 2672 1279 dimittendum
2711 1223 3042 1295 praecipitur.
3071 1222 3222 1281 Solet
3239 1224 3447 1285 etenim.

1856 1331 1999 1388 saepe
2027 1331 2124 1388 per
2161 1325 2367 1388 septem
2393 1316 2757 1387 cujuscunque
2786 1317 2865 1372 rei
2892 1325 2986 1373 aut
3011 1318 3269 1388 temporis
3311 1319 3441 1377 uni-

1856 1407 2088 1464 versitas
2112 1408 2367 1474 indicari,
2394 1407 2538 1463 unde
2564 1416 2619 1464 et
2649 1407 2706 1462 in
2740 1406 2947 1480 psalmo
2974 1408 3212 1469 canitur:
3236 1407 3447 1481 Septies

1857 1498 1913 1555 in
1935 1498 2019 1552 die
2042 1496 2253 1553 laudem
2273 1497 2385 1553 dixi
2406 1499 2519 1554 tibi.
3039 1543 3043 1547 .

1931 1585 1999 1640 Et
2031 1586 2276 1642 dixerunt
2317 1585 2539 1658 apostoli
2564 1586 2633 1643 ad
2682 1586 2998 1644 Dominum:
3057 1589 3275 1660 Adattge
3295 1589 3461 1647 nobis.

1858 1676 2036 1745 ﬁdem.
2086 1677 2309 1734 Dixerat
2332 1691 2497 1749 super
2522 1678 2802 1745 Dominus,
2830 1679 2919 1750 qui
2940 1678 3114 1748 fidelis
3144 1678 3202 1735 in
3223 1679 3453 1745 minimo.

1860 1779 1907 1823 et
1940 1770 1994 1824 in
2024 1770 2223 1841 majore
2252 1769 2424 1839 ﬁdelis
2447 1780 2547 1837 est,
2597 1775 2726 1827 etsi
2772 1770 2829 1826 in
2876 1770 3054 1827 alieno
3104 1770 3293 1827 ﬁdeles
3334 1785 3445 1833 non

174 1867 280 1914 est.
309 1856 411 1924 Qui
436 1866 616 1913 autem
642 1856 830 1914 fecerit
854 1866 909 1915 et
936 1860 1200 1928 docuerit,
1229 1860 1319 1918 hic
1340 1877 1569 1934 magnus
1596 1878 1757 1918 voca-
1790 1849 1836 1909 Β
1862 1861 2063 1930 fuistis,
2105 1864 2248 1934 quod
2277 1873 2518 1919 vestrum
2555 1872 2640 1920 est
2671 1865 2793 1935 quis
2831 1864 2980 1921 dabit
3013 1864 3204 1923 vobis?
3232 1864 3300 1921 Et
3325 1864 3447 1923 ideo

176 1947 327 2002 bitur
347 1947 401 2003 in
421 1964 588 2019 regno
616 1947 909 2018 caelorum;
939 1950 995 2004 in
1020 1949 1267 2007 faciendo
1288 1951 1435 2008 enim
1452 1951 1586 2024 legis
1612 1967 1764 2007 man-

176 2040 311 2096 data
348 2041 532 2110 magni
574 2057 771 2098 nomen
792 2052 1032 2100 meretur
1053 2043 1140 2099 ille
1162 2044 1252 2115 qui
1280 2044 1437 2100 docet
1487 2046 1612 2116 quia
1660 2062 1765 2100 non

175 2131 439 2198 doctores,
475 2149 569 2187 nec
600 2133 884 2199 auditores,
917 2133 1008 2189 sed
1051 2134 1276 2204 factores
1325 2135 1453 2207 legis
1497 2135 1766 2207 justi/ica-

175 2223 381 2279 bstntur
404 2224 545 2294 apud
571 2223 759 2279 Deum.
794 2224 998 2292 Quibus
1026 2241 1238 2283 merces
1284 2227 1484 2283 etenim
1527 2226 1597 2281 ab
1646 2226 1765 2297 ipso

180 2315 454 2370 bonorum
515 2314 758 2371 omnium
801 2314 1057 2389 largitore
1098 2316 1153 2372 in
1193 2315 1374 2373 futuro
1414 2317 1764 2384 retribuetur,

174 2406 413 2462 Domino
438 2406 686 2463 videlicet
726 2406 854 2463 Jesu
875 2407 1093 2464 Christo
1115 2408 1208 2478 qui
1237 2408 1370 2464 vivit
1382 2417 1439 2465 et
1458 2415 1651 2482 regnat
1669 2422 1766 2480 per

174 2494 370 2552 omnia
395 2495 587 2553 sarcula
617 2496 960 2553 saeculorum.
991 2498 1185 2553 Amen.

698 2610 983 2669 HOMlLlA
1031 2611 1246 2671 LXXX.

857 2719 1016 2760 mu
1036 2720 1114 2761 Vl.

352 2791 539 2850 Lectio
556 2794 728 2850 sancti
753 2793 1025 2865 Evangelii
1050 2795 1347 2857 secundum
1365 2794 1591 2857 Lucam.

261 2881 334 2937 In
359 2883 450 2939 illo
474 2894 697 2958 tempore
723 2886 856 2941 dixit
901 2886 1057 2941 Iesus
1083 2887 1352 2959 discipulis
1379 2890 1491 2945 suis
1516 2902 1535 2941 :
1558 2887 1770 2959 Impos-

173 2974 343 3030 sibile
362 2986 440 3031 est
469 2986 525 3032 ut
550 2994 652 3032 non
683 2977 891 3035 veniant
910 2977 1164 3034 scandala
1184 2992 1203 3031 :
1222 2995 1300 3034 ca:
1343 2989 1521 3039 autem
1560 2980 1641 3035 illi
1678 2996 1772 3052 per

176 3080 345 3136 quem
368 3067 596 3133 veniunt,
620 3075 728 3122 etc.

260 3155 407 3211 Dicit
435 3164 491 3213 et
504 3156 815 3229 Apostolus,
852 3158 1066 3231 Oportet
1094 3173 1270 3218 autem
1291 3171 1340 3218 et
1365 3161 1588 3220 haereses
1633 3180 1767 3225 esse.
1796 3202 1842 3267 Ο

182 3247 360 3318 αιῳὶ
385 3248 590 3318 probati
628 3258 752 3305 sunt
794 3250 1058 3321 manifesti
1090 3251 1222 3320 ﬁant
1265 3253 1321 3308 in
1362 3252 1524 3310 vobis.
1563 3253 1770 3325 Impos-

180 3336 349 3393 sibile
396 3353 527 3411 ergo
567 3339 621 3395 in
688 3340 793 3398 hoc
846 3342 1048 3398 mundo
1097 3344 1375 3402 erroribus
1409 3348 1772 3418 mrumnisqne

181 3428 507 3500 plenissimo
564 3432 818 3489 scandala
874 3434 1173 3504 saepissime
1227 3452 1334 3492 non
1397 3438 1621 3504 venire,
1678 3439 1771 3494 sed

183 3534 270 3574 ea
301 3517 404 3585 illi,
440 3519 532 3590 qui
585 3522 730 3592 quod
778 3521 1111 3592 impossibile
1156 3532 1242 3580 est
1292 3539 1401 3580 non
1450 3527 1635 3583 venire
1671 3542 1772 3584 suo

183 3608 326 3664 vitio
370 3608 522 3677 facit,
585 3619 645 3665 ut
679 3625 778 3682 per
819 3625 879 3668 se
921 3611 1103 3667 veniat
1156 3612 1247 3668 ubi
1316 3616 1565 3685 quamvis
1615 3632 1773 3688 gene-

185 3699 294 3756 rali
325 3701 589 3757 sententia
607 3701 692 3757 vel
722 3700 918 3773 aliquis
946 3700 1112 3758 falsus
1132 3702 1319 3770 frater,
1348 3704 1434 3760 vel
1471 3704 1584 3777 ipse
1607 3705 1773 3763 Judas

190 3790 293 3860 qui
323 3789 614 3861 proditioni
659 3789 899 3847 animum
939 3793 1273 3865 praeparabat
1324 3794 1548 3869 intelligi
1587 3806 1777 3868 queat,

190 3892 382 3938 tamen
418 3878 577 3951 juxta
609 3882 1057 3951 consequentiam
1081 3884 1349 3941 sermonis
1388 3886 1477 3942 hic
1514 3887 1664 3943 locus
1706 3887 1775 3945 ad

184 3973 477 4044 superiora
505 3973 743 4043 respicit,
767 3974 857 4029 ubi
879 3973 1141 4030 Dominus
1153 3974 1220 4031 de
1239 3976 1578 4050 eleemosyna
1598 3978 1776 4035 danda

184 4063 412 4120 locutus
448 4078 480 4118 a
524 4060 814 4119 Pharisaeis
865 4063 1138 4119 irridetur.
1186 4064 1289 4133 Qui
1326 4067 1472 4123 enim
1521 4077 1669 4124 recta
1699 4069 1778 4126 lo—

182 4161 453 4227 quentem
472 4152 760 4225 vituperat,
772 4153 1080 4209 scandalum
1091 4153 1357 4225 profecto,
1374 4155 1428 4210 id
1441 4165 1542 4223 est,
1554 4156 1780 4215 offendi-

180 4246 380 4302 cnlum
392 4255 449 4301 et
473 4244 681 4301 ruinam
694 4245 1032 4301 auditoribus
1055 4246 1259 4316 prmbet
1284 4246 1533 4314 inﬁrmis,
1547 4250 1779 4307 maxime

182 4339 237 4395 si
272 4346 333 4394 et
350 4338 469 4409 ipse
489 4352 611 4392 cum
634 4335 921 4393 Pharisteis
939 4336 1075 4409 legis
1096 4337 1341 4394 videatur
1372 4338 1571 4395 habere
1599 4341 1777 4396 scien-

182 4428 352 4483 tiam.
373 4425 545 4493 Quem
558 4422 842 4497 increpans
860 4425 1148 4497 Apostolus
1162 4426 1257 4492 ait,
1269 4438 1315 4481 et
1330 4428 1514 4498 peribit
1537 4428 1779 4498 inﬁrmus

182 4519 248 4574 in
260 4528 357 4573 tua
370 4517 589 4571 scientia
603 4517 771 4587 frater
782 4524 993 4588 propter
1005 4532 1154 4588 quem
1171 4515 1420 4573 Christus
1432 4528 1667 4573 mortuus
1678 4528 1774 4574 est.

265 4606 471 4663 Utilius
527 4617 603 4663 est
638 4607 716 4662 illi
767 4608 814 4662 si
868 4605 1002 4678 lapis
1033 4604 1249 4661 molaris
1284 4607 1584 4678 imponatur
1634 4610 1777 4664 circa

181 4698 391 4754 collum
417 4698 555 4769 ejus,
586 4707 633 4752 et
649 4695 960 4769 projiciatur
995 4696 1049 4751 in
1078 4713 1241 4761 mare,
1268 4714 1425 4768 quam
1460 4709 1515 4752 ut
1549 4698 1777 4753 scanda-

185 4790 319 4843 lizet
342 4804 506 4842 unum
542 4787 607 4842 de
632 4786 842 4859 pusillis
881 4788 1017 4843 istis.
1053 4785 1356 4843 Secundum
1404 4805 1611 4845 morem
1655 4806 1782 4862 pro-

184 4879 390 4935 vincia:
419 4878 679 4949 loquitur,
701 4878 844 4950 quod
872 4880 1138 4951 majorum
1175 4879 1466 4936 criminum
1507 4880 1610 4935 ista
1641 4884 1781 4953 apud

185 4983 415 5029 veteres
433 4969 647 5029 Judaios
676 4987 836 5042 poena
864 4970 1050 5038 fuerit,
1083 4980 1143 5026 ut
1170 4970 1221 5025 in
1246 4970 1575 5042 profundum
1611 4971 1781 5043 ligato

186 5077 334 5120 saxo
356 5062 823 5134 demergerentur,
865 5072 921 5120 et
961 5079 1149 5120 revera
1182 5064 1367 5119 utilius
1393 5072 1476 5121 est
1501 5065 1779 5121 innoxium

184 5171 359 5225 poma
379 5155 628 5225 quamvis
653 5155 1015 5222 atrocissima,
1042 5156 1365 5235 temporaria
1387 5164 1593 5223 tamen,
1615 5157 1781 5213 vitam

188 5248 361 5304 linire
420 5261 741 5318 corpoream
790 5262 954 5319 quam
1012 5245 1168 5302 fratri
1215 5255 1497 5304 nocentem
1551 5256 1783 5305 mortem

184 5342 396 5399 anima:
443 5341 639 5421 mereri
669 5347 1004 5413 perpetuam.
1044 5339 1305 5395 Atteudite
1332 5340 1495 5405 uobis,
1533 5340 1580 5394 si
1603 5354 1786 5411 pecca-

185 5435 328 5490 verit
354 5433 413 5488 in
432 5441 483 5488 te
496 5432 663 5503 frater
674 5441 817 5498 tuus,
845 5434 1056 5502 increpa
1080 5430 1265 5497 illum;
1293 5438 1343 5484 et
1360 5432 1407 5485 si
1429 5429 1784 5501 panitentiam

183 5523 386 5595 egerit,
432 5521 633 5577 dimitte
675 5520 774 5576 illi.
822 5520 951 5576 Tale
997 5520 1126 5591 quid
1170 5531 1226 5575 et
1273 5518 1330 5574 in
1370 5518 1788 5575 Deuteronomio

184 5612 468 5691 legimus,
492 5608 575 5667 Ne
635 5613 805 5691 oderis
864 5611 1086 5682 fratrem
1138 5619 1286 5665 tuum
1341 5610 1398 5664 in
1446 5610 1600 5665 corde
1660 5621 1784 5675 tuo,

183 5702 292 5760 sed
325 5701 530 5773 publice
577 5718 737 5774 argue
764 5717 903 5767 eum,
941 5717 1005 5756 ne
1051 5699 1242 5756 habeas
1279 5715 1433 5771 super
1467 5697 1558 5753 illo
1603 5716 1787 5771 pecca-

186 5805 335 5853 tam.
360 5778 476 5861 Quo
497 5793 663 5865 igitur
674 5793 864 5852 ordine
882 5791 1135 5853 scandala
1162 5791 1453 5861 declinare,
1477 5798 1529 5846 et
1561 5806 1640 5846 va:
1663 5806 1787 5863 per-

1805 4569 1856 4629 D

1864 1955 2107 2028 Apostoli
2131 1957 2224 2029 qui
2251 1956 2307 2013 in
2336 1956 2512 2013 alieno
2536 1972 2603 2013 ac
2620 1958 2867 2025 minimo,
2916 1957 3021 2014 hoc
3038 1966 3146 2026 est,
3174 1957 3232 2014 in
3273 1966 3449 2013 terre-

1865 2061 2062 2105 norum
2086 2054 2395 2117 contemptu
2423 2046 2539 2116 jam
2593 2045 2748 2104 fuere
2788 2048 2993 2115 ﬁdeles,
3016 2048 3075 2105 in
3108 2062 3211 2106 suo
3240 2048 3345 2105 sibi
3381 2063 3452 2105 ac

1867 2133 2073 2203 majore
2106 2136 2265 2191 ﬁdem
2293 2135 2573 2206 postulant
2596 2135 2803 2211 augeri.

1937 2226 2086 2280 Dixit
2122 2235 2298 2280 autem
2348 2226 2645 2282 Dominus:
2696 2224 2755 2282 Si
2794 2226 3051 2281 haberetis
3097 2226 3257 2295 ﬁdem
3312 2228 3451 2282 sicut

1865 2333 2091 2389 granum
2117 2318 2336 2389 sinapis,
2358 2317 2598 2373 diceretis
2618 2317 2738 2372 huic
2764 2316 2941 2373 arbori
2968 2333 3116 2387 moro
3138 2333 3158 2373 .'
3187 2316 3445 2373 Erudica-

1868 2426 1925 2464 re
1948 2418 1996 2464 et
2025 2406 2413 2479 transplantare
2430 2409 2487 2463 in
2508 2424 2675 2475 mare,
2702 2416 2751 2463 et
2779 2407 3008 2463 obediret
3045 2407 3207 2463 vobis.
3254 2407 3447 2465 Fidem

1867 2498 2162 2571 perfectam
2186 2514 2355 2571 grano
2375 2498 2579 2570 sinapis
2606 2507 2906 2569 comparat,
2937 2513 3059 2570 quae
3089 2499 3162 2557 sit
3199 2499 3448 2556 videlicet

1869 2598 1925 2645 et
1963 2590 2030 2644 ad
2073 2588 2268 2646 faciem
2318 2589 2538 2646 humilis
2583 2590 2711 2646 etin
2754 2603 2973 2660 pectore
3031 2589 3275 2659 fervens,
3327 2589 3451 2647 vilis

1871 2684 2090 2755 quidem
2131 2684 2333 2756 passim
2386 2684 2771 2740 continentibus
2816 2682 3197 2754 nullorumque
3252 2682 3452 2739 virium

1871 2791 2169 2849 apparens,
2226 2774 2320 2832 sed
2369 2775 2641 2847 pressuris
2689 2775 2873 2833 attrita
2921 2773 3053 2847 quid
3102 2775 3250 2831 intus
3298 2781 3454 2845 gerat

1871 2868 2179 2924 ostendens.
2222 2868 2329 2923 Sed
2368 2877 2425 2923 et
2462 2866 2759 2924 notandum
2798 2867 2941 2938 quod
2972 2881 3203 2939 granum
3244 2865 3451 2937 sinapis

1872 2961 1939 3017 a-J
1969 2961 2345 3033 purgationem
2373 2960 2567 3030 capitis
2585 2959 2940 3017 saluberrime
2959 2959 3199 3030 prodest,
3245 2974 3372 3016 nam
3399 2960 3452 3016 si

1872 3053 2074 3124 optime
2109 3050 2296 3107 tritum
2341 3058 2398 3106 et
2440 3049 2780 3107 cribellatum
2824 3049 3003 3120 tepide
3043 3049 3229 3122 pingui
3273 3048 3451 3106 mulso

1873 3143 2194 3206 admisceas,
2235 3148 2292 3196 et
2313 3141 2419 3207 hoc
2454 3138 2675 3211 jejunus
2696 3147 2888 3199 contra
2907 3139 3078 3196 solem
3109 3139 3342 3196 calidum
3363 3138 3450 3195 vel

1874 3235 1928 3289 in
1948 3233 2141 3289 balneo
2156 3233 2483 3307 gargarizes,
2497 3247 2714 3288 omnem
2735 3233 3017 3289 humorem
3029 3232 3272 3299 noxium,
3287 3232 3455 3289 etiam

1869 3328 1916 3384 si
1951 3327 2189 3386 crassior
2218 3325 2397 3391 fuerit,
2422 3324 2491 3382 de
2532 3324 2709 3395 capite
2751 3331 2948 3396 purgat
2971 3333 3028 3380 et
3051 3323 3455 3380 imminentium

1871 3434 2087 3492 quoque
2133 3418 2564 3476 imbecillitatum
2623 3416 2757 3474 facit
2816 3416 3054 3489 pericula
3114 3417 3299 3474 vitari.
3358 3416 3455 3475 Sic

1871 3511 2110 3584 profecto
2137 3511 2272 3568 ﬁdes
2302 3510 2658 3568 tentationum
2695 3508 2897 3582 pistitlo
2915 3507 3163 3580 probata,
3209 3508 3279 3565 ab
3300 3508 3453 3567 omni

1873 3610 2073 3666 levium
2118 3607 2510 3680 cogitationum
2562 3605 2851 3676 superﬁcie
2897 3605 3048 3662 cribo
3107 3602 3454 3661 discretionis
3491 3634 3495 3638 -

1874 3706 2132 3777 castigata
2153 3743 2170 3771 ,
2219 3712 2277 3759 et
2317 3700 2574 3773 perfecta:
2608 3698 2923 3757 dilectionis
2972 3697 3133 3755 melle
3171 3696 3454 3754 dulcorata

1874 3812 2064 3854 omnes
2085 3796 2150 3853 de
2171 3795 2377 3861 corde,-
2404 3793 2552 3864 quod
2570 3800 2654 3850 est
2687 3790 2968 3848 interioris
2994 3790 3166 3848 nostri
3216 3789 3455 3846 hominis

1877 3895 2061 3958 caput,
2108 3885 2367 3943 vitiorum
2413 3882 2681 3948 seminus,
2731 3895 2840 3937 non
2884 3879 3060 3937 solum
3104 3878 3174 3934 ad
3206 3892 3450 3949 praesens

1876 3975 2160 4042 exhaurit,
2208 3974 2311 4030 sed
2349 3981 2406 4030 et
2450 3973 2507 4028 iu
2556 3970 2803 4028 futurum
2837 3985 2907 4027 ne
2952 3968 3193 4041 recolligi
3240 3967 3456 4025 valeant

1876 4071 2164 4137 pnecavet.
2212 4062 2387 4118 Arbor
2407 4069 2588 4117 autem
2615 4074 2799 4116 morus
2816 4058 3142 4115 eradicanda
3169 4066 3226 4113 et
3245 4058 3300 4113 in
3332 4073 3453 4113 ma—

1878 4171 1939 4211 re
1964 4150 2404 4223 transplantanda
2430 4149 2516 4205 vel
2548 4147 2866 4219 simpliciter
2889 4145 3067 4216 posita
3094 4154 3270 4217 potest
3295 4145 3455 4202 intel-

1879 4246 1993 4317 ligi,
2035 4242 2179 4314 quod
2211 4241 2464 4298 videlicet
2509 4245 2899 4295 consummatae
2922 4236 3046 4294 ﬁdei
3081 4236 3342 4293 indicium
3381 4235 3459 4293 sit

1877 4330 2047 4394 verbo
2073 4332 2355 4392 elementis
2392 4332 2681 4402 imperare,
2710 4336 2772 4385 ut
2789 4328 2937 4400 quod,
2959 4327 3028 4384 de
3071 4341 3181 4384 uno
3204 4325 3454 4399 speciali-

1883 4437 1967 4484 ter
1987 4427 2189 4483 dictum
2212 4432 2317 4491 est,
2346 4424 2449 4479 hoc
2468 4419 2794 4494 generaliter
2835 4418 2904 4475 de
2931 4417 3182 4476 omnibus
3217 4417 3459 4475 sentien-

1879 4518 2007 4575 dum
2034 4517 2308 4574 credatur.

1952 4608 2083 4675 Quis
2126 4616 2301 4663 autem
2338 4613 2588 4671 vestrum,
2610 4602 2802 4658 habens
2847 4616 3052 4658 servum
3092 4607 3331 4655 arentem
3359 4610 3454 4654 aut

1877 4709 2171 4771 pascentem
2196 4699 2223 4753 Ρ
2261 4696 2388 4752 Haec
2412 4693 2667 4766 parabola
2695 4682 2853 4749 dooet
2874 4699 2937 4747 ut
2955 4690 3090 4747 ﬁdes
3111 4705 3220 4760 quo
3270 4690 3457 4769 .virtu—

1884 4791 2026 4846 tibus
2054 4789 2188 4844 foris
2224 4784 2596 4852 excellentior,
2623 4798 2693 4841 eo
2749 4783 2807 4837 in
2847 4782 2963 4852 ipsa
2992 4778 3321 4837 conscientia
3362 4776 3460 4831 ﬁat

1881 4882 2032 4939 intus
2065 4878 2340 4935 humilior.
2384 4875 2590 4931 Servus
2632 4873 2833 4946 quippe
2876 4885 3039 4927 arans
3071 4878 3163 4931 aut
3200 4882 3456 4938 pascens,

1882 4971 2108 5043 quilibet
2136 4968 2392 5026 Ecclesiae
2418 4966 2610 5023 doctor
2651 4963 2991 5034 intelligitur,
3045 4961 3113 5016 de
3140 4972 3249 5030 quo
3275 4956 3459 5014 Domi-

1880 5079 1985 5120 nus
2007 5062 2085 5119 ait
2110 5077 2124 5117 :
2159 5061 2329 5117 Nemo
2353 5058 2558 5115 mittens
2606 5071 2821 5112 manum
2861 5068 3011 5111 suam
3037 5053 3093 5106 in
3119 5059 3358 5105 aratrum
3382 5056 3457 5104 -et

1881 5153 2135 5225 aspiciens
2177 5159 2314 5205 retro
2337 5158 2491 5220 aptus
2526 5155 2601 5202 est
2650 5161 2810 5217 regno
2854 5142 2973 5198 Dei.
3020 5140 3088 5196 Et
3133 5138 3289 5195 alteri
3331 5151 3453 5194 sese

1882 5259 2069 5300 amare
2092 5240 2337 5304 testanti,
2370 5238 2534 5294 tertio
2569 5235 2849 5307 respondit
2879 5252 2893 5288 :
2924 5230 3091 5287 Pasce
3125 5245 3242 5285 oves
3270 5241 3433 5282 meas.

1956 5332 2317 5400 Quir-egressa
2340 5329 2406 5383 de
2443 5343 2571 5398 agro
2593 5326 2726 5380 dicet
2754 5323 2868 5379 illi:
2917 5321 3109 5378 Statim
3148 5318 3336 5383 transi,
3381 5332 3461 5372 re-

1889 5425 2100 5489 cumbe;
2153 5432 2201 5478 et
2237 5438 2343 5478 non
2371 5421 2506 5475 dicet
2534 5419 2582 5474 ei
2616 5435 2637 5473 :
2662 5434 2793 5488 para
2831 5413 2971 5486 quod
3012 5428 3223 5467 canem.
3274 5407 3473 5470 Serius,

1889 5517 1955 5571 de
1980 5529 2111 5585 agro
2140 5511 2442 5582 regreditur
2466 5523 2588 5565 cum
2623 5506 2934 5563 intermisso
2957 5505 3023 5560 ad
3058 5513 3271 5573 tempus
3296 5513 3460 5570 opere

1887 5604 2237 5677 praedicandi,
2268 5603 2335 5656 ad
2362 5599 2753 5657 conscientiam
2775 5598 2964 5653 doctor
2998 5593 3251 5657 recurrit,
3298 5598 3461 5660 atque

1888 5713 1919 5753 a
1946 5696 2159 5769 publico
2191 5692 2476 5751 locutionis
2516 5692 2589 5748 ad
2634 5689 2844 5747 curiam
2883 5688 3063 5745 cordis
3108 5685 3322 5741 rediens
3365 5696 3464 5737 sua

1889 5803 2073 5846 secum
2120 5795 2382 5852 secretus,
2433 5792 2554 5840 acta
2595 5782 2680 5838 vel
2734 5782 2873 5838 dicta
2919 5785 3193 5837 retractat.
3231 5774 3328 5831 Cui
3356 5788 3464 5828 non
