3974 6364
571 341 676 398 307

1207 334 1269 389 B.
1306 331 1558 388 RABANI
1599 329 1817 388 MAURI
1851 328 2170 386 ARCHIEP.

2213 325 2524 386 MOGUNT.
2566 327 2850 388 OPERUM
2889 326 3068 384 PARS
3106 327 3172 383 ll.
3686 327 3760 385 ἕω

571 454 660 510 siti
694 450 745 505 in
791 452 1108 519 paupertate
1156 443 1491 514 superbiunt.
1545 440 1686 494 Caeci
1725 454 1852 493 vero
1893 445 2016 494 sunt
2054 438 2144 506 qui
2173 438 2224 498 A
2251 438 2622 508 cupiseentiis,
2675 437 2768 492 sed
2799 437 3022 506 Spiritus
3049 434 3275 506 imperio
3303 434 3448 490 illam
3476 437 3762 506 subjicientes

572 541 779 600 nullum
823 537 1024 610 ingenii
1068 535 1250 590 lumen
1297 533 1534 588 habent:
1573 528 1749 584 claudi
1793 542 2008 599 quoque
2053 527 2146 596 qui

569 641 748 690 rectos
777 643 994 702 gressus
1020 628 1077 682 in
1107 625 1420 697 operatione
1460 638 1564 678 non
1605 622 1821 676 habent.
1877 620 1984 675 Sed
2020 619 2146 676 dum

573 736 786 779 morum
815 719 944 774 vitia
997 719 1051 772 in
1106 717 1472 771 membrorum
1522 712 1798 769 debilitate
1849 713 2145 782 signantur,

571 811 815 883 profecto
847 810 1020 879 liquet
1043 807 1169 878 quia
1200 807 1341 861 sicut
1370 804 1446 859 illi
1480 812 1794 875 peccatores
1814 802 2032 858 fuerunt
2059 801 2150 871 qui

577 902 754 958 vocati
807 901 992 955 venire
1041 897 1346 961 noluerunt,
1399 895 1474 950 ita
1526 894 1582 948 hi
1632 907 1846 963 quoque
1891 906 2153 962 pauperes

574 1004 738 1058 sunt,
790 995 882 1065 qui
929 992 1225 1048 invitantur
1271 999 1327 1044 et
1373 987 1639 1052 veniunt,
1694 987 1787 1042 sed
1837 993 2154 1056 peccatores

574 1084 792 1155 superbi
827 1089 1151 1154 respuuntur
1175 1088 1228 1134 et
1263 1087 1578 1150 peccatores
1603 1075 1834 1131 humiles
1858 1075 2148 1145 eliguntur.

576 1175 684 1231 Sed
715 1174 959 1230 deductis
991 1171 1060 1227 ad
1090 1185 1300 1226 coenam
1329 1167 1678 1238 pauperibus,
1703 1165 1832 1236 quid
1867 1179 2003 1235 puer
2033 1163 2156 1219 sub-

573 1263 768 1334 iungat
792 1261 1070 1317 audiamus
1097 1275 1111 1312 :

548 1387 555 1404 .
650 1353 894 1417 Domine,
920 1351 1116 1422 factum
1143 1359 1217 1404 est
1238 1357 1292 1402 ut
1316 1347 1582 1418 imperasti
1610 1356 1656 1400 et
1687 1345 1859 1399 adhuc
1888 1341 2032 1398 locus
2060 1352 2156 1396 est.

578 1444 732 1501 Multi
763 1443 896 1498 tales
927 1442 995 1496 ad
1021 1441 1359 1500 Dominicam
1394 1453 1607 1493 coenam
1636 1452 1703 1493 ex
1735 1435 1919 1491 Juda-a
1949 1435 2158 1491 collecti

579 1541 725 1589 sunt.
765 1532 874 1588 Sed
904 1530 1194 1586 multitudo
1219 1543 1339 1598 quae
1377 1544 1444 1584 ex
1482 1527 1782 1582 Israelitico
1809 1525 2006 1596 populo
2042 1539 2161 1580 cre-

531 1674 538 1692 ,
585 1624 743 1690 didit,
773 1623 950 1679 locum
982 1621 1202 1692 superni
1233 1619 1466 1674 convivii
1506 1633 1612 1674 non
1653 1617 1912 1688 implevit,
1944 1615 2164 1670 intravit

525 1755 532 1780 ε
581 1724 763 1772 autem
779 1716 891 1786 jam
916 1711 1214 1783 frequentia
1235 1709 1676 1775 Judaeorum,sed
1702 1708 1878 1762 adhuc
1897 1706 2048 1762 locus
2069 1721 2162 1760 va-

580 1815 671 1862 cat
696 1806 751 1860 in
771 1819 937 1875 regno
956 1804 1047 1858 ubi
1074 1801 1274 1870 suscipi
1300 1799 1494 1855 debeat
1517 1798 1879 1854 numerositas
1897 1797 2158 1869 gentium.

581 1885 748 1954 Unde'
761 1906 816 1952 et
841 1895 1017 1949 eidem
1043 1908 1200 1948 servo
1225 1892 1457 1946 dicitur:

655 1986 760 2041 Exi
788 1987 844 2040 in
871 1987 981 2040 vias
1020 1994 1069 2038 et
1106 1999 1270 2054 sepes,
1319 1991 1368 2037 et
1411 1979 1657 2052 compelle
1697 1980 1914 2046 intrare,
1956 1990 2013 2034 ut
2055 1981 2160 2033 im-

582 2081 790 2152 pleatur
813 2079 998 2133 domus
1026 2093 1162 2132 mea.
1215 2075 1351 2131 Cum
1379 2075 1454 2130 de
1482 2073 1616 2128 vicis
1646 2081 1704 2128 et
1732 2072 1927 2143 plateis
1953 2071 2022 2126 ad
2050 2086 2162 2126 coe-

582 2184 709 2224 nam
739 2154 998 2223 Dominus
1035 2168 1267 2230 invitat,
1315 2165 1464 2219 illum
1483 2163 1740 2219 videlicet
1777 2163 2032 2234 p0pulum
2070 2162 2162 2218 de-

583 2261 792 2332 signat,
839 2258 930 2330 qui
971 2267 1156 2314 tenere
1185 2258 1354 2328 legem
1385 2255 1486 2312 sub
1511 2255 1719 2312 urbana
1752 2255 2164 2311 conversatione

585 2366 843 2420 noverat;
879 2369 1000 2410 cum
1041 2368 1170 2408 vero
1208 2352 1464 2407 convivas
1501 2365 1628 2406 suos
1657 2348 1834 2420 colligi
1872 2363 1940 2403 ex
1968 2347 2071 2404 viis
2107 2354 2164 2402 et

585 2449 803 2518 sepibus
830 2444 1098 2517 praecipit,
1137 2443 1394 2498 nimirum
1428 2449 1694 2512 agrestem
1724 2438 1979 2509 populum
2007 2437 2163 2493 colli-

585 2555 729 2611 gere,
761 2539 954 2602 idest,
988 2535 1245 2605 gentilem
1274 2532 1488 2604 qumrit.
1535 2530 1843 2586 Notandum
1868 2545 1996 2585 vero
2021 2528 2166 2600 quod

583 2633 644 2698 in
677 2633 776 2687 hac
809 2629 1123 2685 invitatione
1150 2627 1315 2684 tertio
1343 2641 1452 2682 non
1481 2625 1678 2681 dicitur
1703 2621 1994 2689 invita,sed
2025 2639 2168 2677 com-

586 2724 720 2796 pelle
754 2724 971 2777 intrare.
1021 2721 1156 2776 Nam
1191 2729 1318 2776 sunt
1345 2718 1587 2774 nonnulli
1613 2718 1706 2789 qui
1742 2718 1882 2773 bona
1918 2715 2166 2772 facienda

587 2815 913 2886 intelligunt,
931 2814 1022 2869 sed
1051 2813 1166 2868 hmo
1193 2811 1371 2866 facere
1399 2810 1684 2874 desistunt,
1705 2809 1811 2874 his,
1837 2816 1897 2862 ut
1922 2806 2168 2878 superius

589 2903 844 2968 diximus,
870 2902 1186 2973 plerumque
1227 2899 1493 2970 contingit
1533 2907 1593 2953 ut
1630 2912 1724 2953 eos
1764 2899 1817 2952 in
1861 2895 2169 2954 carnalibus

587 2993 869 3049 desideriis
897 2993 1010 3048 suis
1036 2991 1219 3047 mundi
1248 2990 1409 3062 hujus
1447 2989 1746 3045 adversitas
1783 2987 1981 3054 feriat,
2028 3000 2170 3056 saape

587 3099 823 3153 namque
851 3091 953 3156 aut.
975 3083 1134 3153 longa
1160 3081 1476 3153 aegritudine
1506 3082 1789 3137 tabescunt
1811 3121 1826 3144 ,
1865 3088 1958 3134 aut
1985 3077 2167 3133 afﬂicti

587 3175 798 3244 injuriis
825 3176 1143 3241 concidunt,
1178 3183 1272 3230 aut
1300 3175 1538 3246 percussi
1580 3174 1918 3247 gravioribus
1954 3173 2166 3230 damnis

589 3267 919 3338 afﬂiguntur,
948 3283 1113 3337 seque
1144 3269 1288 3337 ipsos
1329 3268 1383 3320 in
1407 3267 1519 3322 suis
1549 3265 1830 3322 desideriis
1871 3264 2164 3333 reprehen-

587 3361 776 3414 dentes
797 3359 863 3411 ad
884 3358 1170 3412 Dominum
1192 3357 1356 3412 corda
1376 3363 1715 3412 convertunt.
1742 3353 1843 3422 Qui
1862 3368 1991 3425 ergo
2010 3351 2168 3421 hujus

587 3448 774 3503 mundi
800 3446 1217 3502 adversitatibus
1242 3446 1398 3501 fracti
1427 3446 1493 3501 ad
1519 3444 1614 3500 Dei
1649 3459 1886 3500 amorem
1921 3447 2165 3509 redeunt,

587 3547 750 3609 atque
781 3553 810 3591 a
836 3537 1119 3607 prtesentis
1146 3537 1272 3592 vitae
1305 3535 1587 3592 desideriis
1624 3535 1992 3606 corriguntur,
2038 3536 2168 3606 quid

586 3629 679 3684 isti
729 3629 832 3682 nisi
879 3627 1272 3697 compelluntur
1325 3636 1386 3682 ut
1443 3627 1687 3682 intrent?
1748 3627 1842 3682 sed
1884 3626 2040 3681 valde
2083 3633 2169 3682 est.

585 3718 863 3776 tremenda
899 3719 1197 3785 sententia,
1236 3733 1356 3789 qua:
1391 3718 1640 3788 protinus
1675 3716 2026 3773 subinfertur.
2077 3715 2170 3770 Ait

587 3813 735 3868 enim
762 3828 774 3862 :

660 3903 790 3957 Dico
819 3913 993 3957 autem
1030 3900 1168 3956 vobis
1202 3901 1340 3972 quod
1379 3916 1526 3954 nemo
1565 3900 1794 3954 virorum
1831 3899 2044 3952 illorum
2078 3899 2170 3970 qui

585 3996 755 4050 vocati
785 4004 930 4061 sunt,
957 3994 1183 4065 gustabit
1213 4009 1411 4047 caenam
1440 4010 1629 4046 meam.
1678 3992 1818 4048 Ecce
1857 4008 1953 4062 per
1982 4008 2040 4047 se
2069 4007 2167 4046 vo-

585 4095 704 4151 cat,
744 4101 842 4156 per
867 4085 1088 4156 angelos
1116 4092 1303 4148 vocat,
1335 4100 1433 4154 per
1458 4093 1640 4154 patres
1667 4081 1856 4151 vocat,
1902 4099 1999 4154 per
2038 4098 2165 4154 pro-

582 4179 778 4250 phetas
819 4185 1016 4241 vocat,
1080 4190 1176 4246 per
1223 4174 1495 4246 apostolos
1537 4184 1732 4241 vocat,
1785 4190 1883 4246 per
1923 4182 2169 4246 pastores

582 4279 780 4334 vocat,
827 4269 1139 4337 plerumque
1179 4283 1278 4338 per
1315 4267 1571 4322 miracula
1606 4275 1803 4333 vocat.
1851 4267 2167 4338 plerumque

586 4376 685 4430 per
717 4359 923 4430 ﬂagella
970 4367 1149 4424 vocat,
1183 4359 1472 4428 aliquando
1507 4375 1604 4429 per
1638 4358 1797 4427 hujus
1828 4360 2009 4414 mundi
2043 4375 2170 4428 pro-

587 4466 745 4520 spera
791 4461 990 4515 vocat,
1051 4450 1340 4519 aliquando
1390 4465 1484 4520 per
1529 4453 1778 4518 adversa,
1828 4466 1987 4508 nemo
2033 4467 2165 4507 eon-

589 4552 796 4597 temnat
821 4558 887 4597 ne
907 4542 1034 4597 dum
1057 4552 1279 4598 vocatus
1303 4552 1546 4609 excusat,
1574 4560 1697 4599 cum
1718 4544 1948 4601 voluerit
1965 4545 2169 4603 intrare

583 4648 696 4688 non
724 4633 917 4690 valeat.

1080 4729 1363 4788 HOMILIA
1399 4730 1676 4787 LXXXIII.

1240 4839 1399 4880 FERIA
1437 4839 1512 4879 IV.

1029 4913 1216 4968 Lectio
1248 4914 1370 4968 libri
1406 4912 1716 4984 Sapientiae.

658 4999 726 5055 In
751 5002 932 5057 diebus
959 5002 1067 5057 illis
1094 5003 1228 5058 dixit
1259 5003 1510 5059 Salomon
1549 5005 1676 5072 ﬁliis
1711 5003 1918 5060 Israel:
1953 5005 2168 5078 Diligite

580 5090 848 5162 juditiam
871 5093 963 5160 qui
978 5093 1236 5162 judicotis
1264 5103 1480 5147 terram.
1705 5121 1710 5128 ο
1972 5108 1974 5110 ⁷

661 5180 928 5242 Admonet
967 5183 1232 5252 sapientia
1273 5183 1816 5254 divina.,pna:positos
1848 5185 2031 5256 populi
2069 5187 2165 5243 Dei

588 5267 787 5336 quibus
815 5270 1096 5340 judicandi
1121 5272 1255 5330 data.
1284 5280 1662 5342 estapotcstas,
1688 5283 1761 5330 ut
1788 5275 2054 5344 justitiam
2082 5277 2164 5332 die

579 5357 757 5428 ligant
785 5370 866 5426 et
899 5362 1219 5431 iniquitatem
1274 5365 1328 5418 in
1383 5361 1584 5419 iudicio
1625 5375 1964 5421 conservent.
2019 5368 2174 5424 ‘Alias

587 5458 770 5519 potest
795 5450 910 5506 haec
935 5454 1199 5508 sententia
1221 5459 1288 5510 ad
1309 5469 1500 5510 omnes
1529 5455 1854 5524 generaliter
1878 5457 2171 5526 pertinere,

581 5540 685 5624 qui
715 5541 923 5596 ratione
948 5542 1130 5613 vigent
1164 5553 1218 5598 et
1248 5544 1638 5616 intelligibilem
1665 5554 1900 5602 mentem
1931 5546 2166 5615 habent;

594 5638 653 5682 ut
676 5639 890 5698 terram,
909 5633 1013 5690 hoc
1037 5644 1123 5691 est
1149 5650 1368 5693 carnem
1398 5653 1576 5705 suam,
1590 5638 2168 5710 judicantesjustitiam

598 5719 836 5793 diligant,
866 5725 1070 5784 scilicet
1099 5735 1156 5782 ut
1184 5743 1290 5784 non
1317 5728 1517 5785 faciant
1545 5729 1724 5788 carnis
1749 5743 1932 5785 curam
1962 5729 2172 5786 incon

2251 529 2558 593 virtutibus,
2591 529 2787 598 quibus
2821 528 2998 582 anima
3031 527 3289 594 nutritur,
3333 527 3560 583 maxime
3595 544 3760 600 operam

2249 618 2563 687 impendant
2614 616 2810 672 deinde
2869 615 3085 685 corpori
3135 630 3233 671 suo
3285 616 3573 672 secundum
3622 634 3762 678 neces-

2251 707 2467 763 sitatem
2521 713 2575 761 et
2624 721 2732 761 non
2777 705 3074 762 secundum
3119 707 3448 777 voluptatem
3501 709 3763 779 consulant,

2253 797 2552 854 recolentes
2591 812 2802 867 semper
2827 797 2973 852 illam
3004 798 3330 852 sententiam
3359 798 3492 869 legis
3521 817 3532 853 :
3556 798 3674 865 Quia
3693 821 3765 857 ιοιι

2252 891 2307 944 in
2337 888 2448 944 solo
2480 906 2615 960 pane
2642 890 2763 944 vivit
2782 891 2957 956 homo,
2977 889 3068 943 sed
3105 890 3161 944 in
3195 890 3339 945 omni
3365 891 3514 946 verbo
3538 893 3658 962 quod
3680 910 3766 964 pro-

2254 981 2386 1036 cedit
2414 981 2479 1035 de
2508 997 2597 1035 ore
2622 979 2742 1034 Dei.

2325 1093 2522 1149 Sentite
2561 1094 2624 1147 de
2662 1092 2886 1147 Domino
2921 1092 2976 1147 in
3015 1091 3279 1159 bonitate,
3321 1101 3371 1147 et
3411 1093 3466 1147 in
3502 1093 3767 1164 simplicitate

2255 1184 2426 1240 cordis
2455 1185 2670 1256 quierite
2708 1184 2877 1238 illum.
2929 1184 2989 1239 In
3024 1183 3269 1239 bonitate
3311 1193 3494 1240 autem
3517 1185 3576 1241 de
3600 1185 3767 1242 Domino

2256 1278 2424 1334 sentit
2450 1277 2542 1347 qui
2585 1284 2829 1332 sanctam
2866 1275 3202 1347 Scripturam
3244 1277 3539 1333 secundum
3577 1279 3768 1348 pietatem

2257 1370 2386 1442 legit
2417 1379 2580 1439 atque
2610 1369 2882 1440 intelligit.
2935 1369 3001 1424 Et
3031 1369 3085 1424 in
3115 1369 3464 1441 simplicitate
3501 1371 3658 1426 cordis
3686 1388 3768 1428 eum

2258 1462 2452 1534 quierit
2490 1461 2581 1532 qui
2623 1462 2900 1516 humiliter
2935 1459 3053 1530 ejus
3090 1461 3365 1518 voluntati
3410 1478 3468 1520 se
3513 1461 3696 1532 subjicit
3727 1465 3769 1519 ad

2259 1551 2667 1608 custodiendum
2715 1552 2964 1607 videlicet
3009 1553 3262 1608 mandata
3310 1553 3500 1623 ipsius.
3554 1553 3668 1609 Nam
3710 1556 3770 1625 qui

2259 1643 2347 1714 pie
2395 1645 2563 1699 Deum
2609 1643 2802 1714 quaerit
2848 1643 3081 1699 honorat
3124 1653 3371 1700 sanctam
3413 1645 3706 1716 Scripturam
3738 1653 3772 1699 et

2263 1754 2371 1792 non
2419 1735 2769 1807 reprehendit
2819 1735 2962 1806 quod
3020 1736 3256 1791 nondum
3312 1736 3556 1808 intelligit
3600 1747 3646 1792 et
3684 1752 3769 1807 pro-

2262 1836 2445 1898 pterea
2477 1842 2582 1882 non
2615 1826 2839 1882 resistit.
2889 1826 3042 1894 Quod
3070 1835 3155 1882 est
3192 1828 3383 1882 mitem
3411 1843 3527 1884 esse
3555 1829 3612 1884 de
3635 1843 3716 1898 quo
3737 1827 3770 1880 in

2262 1918 2552 1990 Evangelio
2581 1918 2689 1972 ait:
2717 1915 2872 1972 Beati
2911 1917 3060 1972 miles
3089 1919 3343 1989 quoniam
3380 1918 3484 1990 ipsi
3512 1917 3772 1989 possidebunt

2263 2021 2477 2064 terram.

2335 2101 2598 2168 Quoniam
2635 2101 2900 2156 invenitur
2926 2101 2991 2157 ab
3023 2101 3103 2156 his
3140 2101 3232 2173 qui
3275 2118 3382 2157 non
3421 2110 3604 2157 tentant
3639 2100 3771 2155 illum:

2264 2202 2480 2265 apparet
2511 2200 2683 2246 autem
2713 2191 2787 2246 eis
2817 2192 2904 2263 qui
2933 2191 3090 2260 ﬁdem
3117 2193 3306 2247 habent
3337 2193 3394 2246 in
3419 2192 3581 2248 illum.
3613 2191 3773 2247 Pericu-

2263 2285 2434 2341 losum
2463 2292 2546 2340 est
2565 2283 2707 2337 enim
2725 2283 2961 2338 humana
2981 2283 3403 2353 praesumptione
3424 2281 3582 2337 Deum
3607 2290 3772 2344 tentare,

2264 2392 2385 2434 cum
2408 2375 2668 2446 scriptum
2685 2373 2775 2440 sit,
2798 2372 2921 2428 Non
2950 2373 3168 2428 tentabis
3183 2372 3470 2428 Dominum
3489 2373 3639 2427 Deum
3657 2382 3774 2432 tuum,

2265 2468 2359 2523 sed
2379 2465 2594 2522 salubre
2614 2473 2696 2521 est
2733 2463 2840 2521 ﬁde
2865 2472 3011 2520 recta
3037 2463 3186 2519 illum
3209 2465 3502 2532 honorare,
3523 2464 3633 2536 quia
3647 2463 3775 2534 justus

2265 2571 2333 2614 ex
2364 2556 2468 2612 (ide
2493 2556 2647 2613 vivit.

2189 1778 2236 1837 B

2337 2665 2606 2722 Perversa:
2630 2667 2767 2722 enim
2794 2665 3129 2737 cogitationes
3155 2674 3406 2736 separant
3432 2683 3465 2720 α
3484 2663 3775 2736 Deo,probatn

2266 2759 2431 2814 virtus
2453 2759 2667 2828 corripit
2691 2757 3010 2827 insipientes.
3041 2755 3386 2813 Manifestum
3408 2765 3490 2812 est
3514 2756 3638 2827 quod
3656 2752 3775 2808 omnis

2268 2847 2522 2920 cogitatio
2553 2846 2717 2917 impia
2746 2855 2802 2900 et
2827 2859 2991 2915 prava
3019 2846 3272 2901 voluntas
3302 2845 3450 2900 nullo
3477 2845 3622 2900 modo
3641 2843 3775 2914 junga-

2269 2949 2359 2996 tur
2386 2941 2531 3004 Deo;
2568 2953 2676 2993 non
2704 2937 2997 2992 concordet
3034 2951 3245 2993 summo
3283 2935 3457 3003 bono,
3492 2937 3605 3007 quia
3630 2939 3775 2987 nonest

2271 3029 2494 3086 societas
2535 3027 2665 3081 lucis
2709 3026 2779 3080 ad
2820 3025 3079 3093 tenebras,
3121 3044 3212 3081 nec
3253 3027 3519 3082 conventio
3547 3023 3708 3080 Christi
3732 3020 3776 3074 ad

2196 3131 2242 3193 ρ
2273 3120 2464 3177 Belial.
2484 3121 2585 3177 Ubi
2615 3128 2795 3174 autem
2819 3119 2958 3174 bona
2988 3119 3216 3174 intentio
3242 3130 3298 3175 et
3317 3120 3549 3176 studium
3573 3128 3777 3174 sacratum

2269 3213 2529 3267 virtutum
2568 3211 2787 3264 inerunt
2825 3209 3000 3275 cordi,
3060 3209 3436 3280 insipientium
3477 3223 3664 3280 semper
3690 3205 3778 3258 vitia

2271 3302 2561 3374 reprobant
2598 3309 2760 3372 atque
2788 3308 3022 3370 arguunt
3047 3315 3285 3368 errores,
3318 3303 3461 3357 unde
3489 3314 3681 3356 necesse
3714 3298 3778 3352 hac

2271 3396 2400 3450 bent
2425 3402 2696 3449 amatores
2722 3407 2866 3448 verae
2893 3392 3172 3461 sapientiae
3195 3400 3256 3446 ut
3279 3393 3535 3448 mundent
3563 3405 3646 3446 sua
3666 3386 3778 3442 conn

2270 3495 2324 3540 et
2353 3494 2522 3540 totam
2550 3483 2904 3540 intentionem
2931 3482 3099 3538 animi
3129 3481 3185 3538 in
3213 3481 3468 3540 allectum
3490 3487 3674 3537 vertant
3692 3491 3779 3532 con

2273 3576 2464 3633 ditoris
2500 3577 2601 3632 sui.

2344 3687 2607 3753 Quoniam
2646 3689 2703 3741 in
2744 3686 3053 3742 malevolam
3091 3685 3326 3741 animam
3359 3703 3466 3742 non
3489 3683 3691 3740 introibit
3719 3697 3778 3733 sa-

2268 3783 2463 3851 pientia
2491 3821 2505 3848 ,
2556 3798 2646 3836 nec
2693 3781 2946 3835 habitabit
2995 3781 3052 3836 in
3102 3797 3317 3851 corpore
3360 3779 3563 3835 subdito
3600 3772 3778 3847 peccatis.

2270 3869 2408 3926 Huic
2451 3872 2762 3927 testimonio
2787 3871 3022 3928 Jacobus
3059 3870 3340 3942 apostolus
3381 3870 3532 3942 paria
3567 3861 3777 3924 sentiendo

2270 3964 2324 4019 in
2354 3965 2591 4035 Epistola
2623 3980 2719 4019 sua
2751 3965 2966 4034 scripsit
2994 3963 3217 4018 dicens:
3255 3962 3512 4033 Nunquid
3538 3967 3697 4031 potest,
3709 3954 3778 4022 lfa-

2270 4065 2374 4108 tres
2404 4054 2524 4119 mei,
2546 4054 2679 4123 ﬁcus
2705 4052 2868 4107 olivas
2899 4052 3092 4122 facere,
3109 4061 3201 4106 aut
3227 4052 3344 4107 vitis
3368 4052 3498 4121 ﬁcus
3520 4050 3543 4104 ?
3573 4047 3648 4104 Sic
3671 4055 3780 4113 ικῳιε

2269 4144 2412 4199 salsa
2454 4145 2658 4199 dulcem
2697 4153 2863 4216 potest
2902 4143 3074 4214 facere
3112 4159 3325 4214 aquam.
3382 4142 3511 4210 Quis
3552 4139 3720 4210 sapiens
3749 4139 3778 4184 tl

2269 4236 2632 4310 disciplinatus
2655 4236 2792 4290 inter
2811 4251 2920 4302 vos,
2942 4235 3180 4290 ostendat
3205 4235 3394 4290 bonam
3416 4229 3778 4290 conversationem
3878 4239 3879 4306 ᾗ

2268 4333 2324 4386 in
2375 4329 2774 4385 mansuetudine
2819 4327 3110 4398 sapientiae.
3172 4326 3340 4392 Quasi
3391 4325 3554 4381 zelum
3599 4327 3780 4376 amarit!

2270 4425 2469 4479 habetis
2502 4432 2553 4478 et
2585 4422 2937 4478 contentiones
2965 4422 3021 4475 in
3049 4419 3294 4475 cordibus
3323 4421 3523 4486 vestris,
3552 4413 3687 4472 nolite
3705 4407 3780 4480 glo-

2196 4505 2246 4564 D
2274 4517 2431 4580 riari,
2477 4525 2525 4570 et
2567 4513 2842 4570 mendaces
2880 4528 2992 4567 esse
3033 4511 3282 4566 adversus
3313 4511 3590 4574 veritatem,
3627 4519 3707 4558 non
3731 4505 3779 4552 al

2273 4613 2378 4664 ista
2407 4607 2664 4678 sapientia
2689 4605 2754 4660 de
2779 4621 2988 4660 sursum
3000 4602 3315 4658 descendens
3337 4617 3368 4657 a
3388 4601 3547 4657 Patre
3560 4595 3779 4653 luminum.

2275 4701 2364 4755 sed
2398 4708 2628 4764 terrena,
2669 4693 2935 4760 animalis,
2978 4693 3260 4750 diabolica.
3309 4691 3409 4748 Ubi
3445 4692 3576 4747 enim
3608 4683 3720 4740 zelus
3747 4686 3778 4732 et

2275 4796 2570 4860 contentio,
2618 4793 2691 4848 ibi
2736 4792 3090 4847 inconstantia
3137 4798 3186 4845 et
3228 4805 3380 4845 omne
3423 4803 3546 4859 opus
3585 4788 3777 4856 pravum.
3833 4793 3837 4800 ‘

2274 4899 2615 4956 nequaquam
2656 4882 2802 4940 enim
2850 4882 2904 4936 in
2947 4880 3266 4937 malevolam
3308 4888 3540 4934 mentem
3578 4885 3684 4929 vera
3717 4878 3776 4920 εδ·
3878 4879 3879 4890 ‘

2271 4979 2474 5051 pientia
2521 4979 2722 5044 intrat,
2764 4989 2866 5030 nec
2905 4974 2960 5029 in
3001 4973 3308 5030 lacinoroso
3351 4970 3563 5030 homine
3594 4959 3778 5022 habitam

2269 5069 2492 5142 poterit.
2933 5107 2936 5110 .
3027 5106 3031 5112 .
3621 5103 3623 5105 ,

2297 5193 2299 5196 ‘
2343 5181 2570 5252 Spiritus
2604 5181 2745 5235 enim
2776 5186 2990 5234 sanctus
3007 5175 3307 5248 disciplima
3334 5166 3541 5246 eﬁugiel
3562 5167 3723 5256 βαιῇ,
3743 5162 3777 5210 εί

2271 5273 2472 5344 auferet
2503 5291 2558 5329 se
2585 5291 2627 5328 α·
2645 5273 3048 5344 cogitationibus
3070 5279 3210 5343 tque
3248 5264 3518 5326 "sunt-eine
3553 5258 3773 5320 intellecti.

2279 5367 2432 5423 Unde
2461 5365 2837 5431 Manichaeum,
2884 5365 3152 5420 Arium‘et
3172 5359 3490 5421 Eunomium
3516 5345 3776 5414 castam"

2276 5459 2562 5514 hzereticos
2608 5461 2858 5528 dogmata
2904 5453 3001 5514 sua
3046 5459 3326 5515 erroribus
3373 5447 3658 5528 plenissima
3694 5438 3774 5494 si!”

2275 5548 2513 5620 Spiritus
2540 5551 2713 5606 sancti
2743 5550 2922 5620 gratia
2952 5549 3291 5615 condidisse,
3329 5545 3662 5604 certissimum
3685 5541 3775 5620 εον*
3878 5611 3879 5616 η

2271 5616 2411 5706 stat;
2451 5641 2576 5710 quia
2608 5616 2829 5711 spiritus
2864 5641 3074 5696 Domini
3105 5635 3278 5696 bonus
3306 5651 3513 5708 semper
3541 5616 3773 5711 deducilill

2274 5733 2414 5788 viam
2465 5709 2700 5803 rectam,
2745 5732 3011 5805 malignus
3058 5740 3235 5789 autem
3281 5730 3496 5804 spiritus
3536 5709 3774 5804 seduci”!
