3974 6364
241 370 344 429 517

1325 369 1631 443 HOMlLl/E
1666 367 1737 424 IN
1775 365 2028 424 E'VANG.
2068 365 2175 422 ΕΤ-
2197 365 2412 423 EPIST.

3401 368 3510 427 5l8

239 481 407 555 gressi
436 480 643 549 fueritis
693 489 887 553 terram
936 453 1094 552 quam
1123 498 1216 552 ego
1245 481 1379 536 dabo
1422 482 1585 547 vobis,
1612 491 1660 536 et
1692 497 1826 535 mes-
1852 482 1902 542 Α
1928 477 2021 544 lat,
2051 478 2143 533 sed
2179 486 2234 533 et
2287 478 2353 532 de
2395 478 2498 531 hoc
2541 475 2800 547 primum,
2855 475 3046 545 inquit,
3088 487 3142 533 et
3168 477 3508 548 appellabitis

239 574 453 629 sueritis
487 584 725 644 segetem,
766 574 939 641 feretis
971 576 1264 646 manipulos
1307 577 1592 646 spicarum,
1636 576 1821 646 primi-

240 666 344 722 tias
370 653 550 721 messis
591 676 774 721 vestra:
804 667 874 720 ad
907 667 1250 722 sacerdotem.
1285 667 1389 734 Qui
1415 668 1632 723 elevabit
1658 669 1823 739 fasci-

239 755 421 810 culum
465 772 646 810 coram
677 755 901 811 Domino
949 767 1005 812 ut
1048 758 1378 829 acceptabilis
1433 759 1497 814 sit
1543 775 1637 830 pro
1660 757 1819 825 vobis,

237 853 348 901 etc.
1169 919 1172 922 ι

311 938 535 993 Terram
567 953 599 992 a
635 937 861 994 Domino
905 939 1088 994 datam
1117 939 1486 1010 evangelicam
1516 938 1821 995 doctrinam

237 1039 294 1100 et
325 1030 790 1086 conversationem
836 1030 1147 1102 frequenter
1173 1031 1489 1088 docuimus:
1526 1031 1641 1102 ipsa
1677 1029 1821 1084 enim

237 1133 386 1181 terra
441 1126 639 1182 dicitur
686 1133 910 1198 prepter
956 1125 1164 1182 fructus
1224 1125 1484 1181 virtutum
1511 1141 1631 1198 qum
1663 1140 1728 1178 ex
1757 1139 1822 1180 ea

233 1216 509 1281 oriuntur,
539 1217 606 1270 ab
632 1215 748 1286 ipso
803 1224 980 1270 autem
1007 1216 1131 1271 data
1158 1224 1277 1282 est;
1311 1232 1484 1287 neque
1511 1217 1655 1270 enim
1701 1231 1824 1270 me-

135 1300 142 1306 ’
235 1305 450 1362 diatore
481 1303 548 1359 ad
579 1305 720 1361 hanc
765 1321 896 1361 usus
939 1314 1044 1372 est,
1070 1307 1174 1372 sed=
1195 1309 1415 1379 proprio
1466 1323 1583 1362 eam
1611 1323 1824 1362 annun-

236 1396 392 1450 tiavit
422 1411 536 1452 ore.
567 1395 793 1464 Quando
817 1411 948 1468 ergo
975 1398 1206 1468 ingressi
1253 1408 1380 1453 sunt
1405 1406 1460 1454 et
1481 1404 1824 1452 messuerunt

234 1498 450 1555 segetes
478 1487 596 1558 ejus
643 1489 697 1544 hi
746 1489 838 1559 qui
886 1499 1244 1562 susceperunt
1297 1490 1531 1546 salutare
1575 1490 1821 1545 verbum.

232 1575 316 1630 llli
341 1578 642 1648 enimsunt
692 1587 747 1636 et
775 1593 1046 1637 messores
1095 1579 1451 1651 intelligihilis
1502 1580 1721 1652 segetis,
1753 1580 1824 1635 ad

233 1683 377 1742 quos
406 1667 666 1723 Dominus
708 1669 964 1740 dicebat:
998 1669 1187 1730 Messis
1229 1670 1437 1741 quidem
1481 1669 1665 1737 multa,
1703 1687 1828 1741 ope-

235 1761 372 1814 rarii
401 1769 575 1817 autem
616 1763 791 1832 pauci.
818 1761 1020 1834 Rogate
1063 1779 1185 1834 ergo
1234 1763 1517 1818 Dominum
1546 1764 1726 1818 messis
1767 1771 1822 1816 ut

1924 573 2062 628 hunc
2086 572 2222 625 diem
2245 570 2654 634 celeberrimum,
2695 578 2750 623 et
2775 577 2898 638 post
2922 569 3024 624 hoc
3049 577 3203 638 atque
3231 571 3505 625 sanctissi-

1924 681 2088 729 mum,
2119 672 2180 718 ut
2199 663 2251 717 in
2279 677 2344 718 eo
2371 675 2725 732 cognosceres
2747 660 2874 729 quid
2899 675 3019 714 cum
3050 659 3171 715 aliis
3197 675 3506 726 commune,

1923 763 1980 810 et
1999 754 2128 824 quid
2157 755 2209 809 in
2241 769 2299 808 se
2326 753 2603 824 proprium
2633 752 2814 806 habet.
2859 752 2916 806 ln
2950 752 3066 823 ipso
3095 752 3238 807 enim
3265 753 3504 823 gentium

1922 848 2134 905 vocatio
2181 861 2288 900 non
2316 845 2598 914 praedicari
2625 844 2821 909 solum,
2853 843 2946 899 sed
2972 853 3028 899 et
3059 845 3272 915 cperari
3310 845 3501 914 coepit,

1924 940 2138 1010 quando
2184 939 2394 1003 Parthi,
2436 946 2492 992 et
2526 937 2688 1001 Medi,
2740 946 2796 992 et
2831 937 3097 1001 Elamitze,
3133 945 3187 991 et
3217 937 3306 1006 qui
3346 936 3504 991 habi-

1924 1034 2111 1091 tabant
2134 1031 2597 1102 Mesopotamiam,
2624 1030 2863 1087 Judaeum
2891 1040 2945 1087 et
2967 1031 3358 1103 Pamphyliam,
3383 1046 3503 1086 om-

1923 1141 2128 1195 nesque
2163 1124 2381 1193 reliqum
2409 1131 2596 1195 gentes
2626 1140 2764 1193 quas
2797 1124 2968 1178 Lucas
2995 1123 3373 1184 dinumeravit,
3406 1136 3507 1176 au-

1924 1217 2038 1272 dire
2088 1216 2374 1287 Apostolus
2409 1215 2607 1285 linguis
2640 1215 2752 1269 suis
2798 1212 3064 1285 magnalia
3100 1213 3192 1266 Dei
3228 1213 3508 1279 loquentes

1922 1309 2384 1379 prmdlcantesque
2415 1316 2716 1378 coeperunt.
2745 1307 2960 1363 Nullum
2988 1323 3117 1378 ergo
3143 1321 3278 1377 otius
3313 1305 3510 1362 servile

1923 1402 1977 1456 in
2004 1401 2095 1456 illo
2133 1401 2220 1456 die
2249 1399 2531 1464 faciamus,
2569 1400 2623 1454 id
2652 1407 2756 1464 est,
2785 1400 2927 1468 quod
2955 1399 3023 1454 ad
3049 1399 3365 1453 servitutem
3390 1414 3505 1468 per-

1925 1495 2080 1559 tinet,
2116 1493 2211 1548 sed
2268 1493 2566 1564 legitimum
2618 1493 3008 1562 sempiternum
3061 1491 3116 1545 in
3171 1491 3381 1545 cunctis
3409 1490 3502 1543 ha-

1921 1584 2173 1642 bitaculis
2195 1592 2252 1639 et
2284 1583 2729 1655 generationibus
2781 1583 2984 1638 nostris
3039 1595 3337 1645 servemus,
3371 1578 3505 1633 nihil

1923 1676 2120 1734 servile
2151 1676 2484 1746 operandum
2508 1675 2563 1729 in
2587 1683 2830 1745 tempore
2859 1688 2966 1744 quo
2993 1673 3061 1727 ad
3085 1688 3184 1728 nos
3206 1672 3354 1726 venit
3378 1669 3503 1740 Spi-

1925 1769 2082 1834 ritus,
2110 1768 2236 1838 quia
2265 1767 2354 1821 ubi
2388 1767 2623 1836 Spiritus
2637 1765 2876 1830 Domini,
2903 1765 2976 1820 ibi
3002 1764 3247 1828 libertas,
3275 1763 3360 1817 cui
3383 1776 3505 1816 cum

233 1852 414 1906 mittat
434 1855 701 1924 operarios
732 1855 784 1907 in
825 1870 1038 1909 messem
1069 1871 1240 1910 suam.
1275 1855 1602 1926 Manipulum
1636 1865 1820 1910 autem
1849 1843 1896 1903 Β
1923 1860 2102 1922 Patre,
2136 1867 2191 1914 et
2218 1858 2355 1914 Fitio
2380 1857 2520 1922 laus,
2550 1858 2723 1912 honor
2749 1867 2804 1911 et
2830 1857 2997 1928 gloria
3029 1863 3310 1927 permanet
3329 1853 3384 1911 in
3409 1867 3510 1910 sano

229 1943 599 2014 primitiarum
631 1944 984 2016 intelligibilis
1026 1944 1293 2001 Sacerdos
1317 1945 1587 2012 Christus,
1625 1962 1826 2016 corpus

230 2034 514 2106 proprium
542 2033 823 2091 oll‘erebat.
858 2036 993 2105 Quia
1027 2037 1171 2092 enim
1216 2037 1508 2108 capitulum
1540 2039 1654 2093 sive
1681 2053 1826 2093 sum-

230 2141 326 2180 ma
350 2127 563 2192 messis,
587 2127 736 2199 verbi
771 2128 1021 2185 videlicet
1050 2129 1345 2186 Salvatoris
1371 2140 1426 2184 et
1451 2132 1645 2186 divina:
1686 2147 1825 2202 prae-

229 2211 527 2293 dicationis
557 2227 894 2274 mortuorum
921 2228 1043 2276 erat
1072 2222 1420 2289 resurrectio,
1448 2238 1614 2278 verus
1652 2222 1824 2277 mani-

232 2303 398 2381 pulus
417 2318 472 2365 et
502 2327 645 2366 verte
669 2311 921 2382 primitim
957 2321 1157 2374 nostrae
1181 2313 1378 2369 messis
1407 2322 1535 2370 tunc
1568 2312 1825 2383 intelligi-

231 2393 362 2480 bilis
389 2399 655 2457 Sacerdos
702 2401 963 2465 _Chl‘lSlllS
993 2418 1194 2476 corpus.
1234 2405 1511 2475 proprium
1542 2419 1572 2460 a
1595 2404 1825 2460 mortuis

231 2482 541 2547 suscitavit.
601 2493 678 2548 De
725 2507 831 2563 quo
882 2492 1080 2548 Paulus
1131 2495 1345 2550 dicebat
1386 2513 1400 2549 :
1444 2494 1601 2556 Nunc
1649 2504 1823 2550 autem

230 2576 476 2637 Christus
509 2583 796 2662 resurrexit
820 2601 852 2636 a
876 2585 1096 2640 mortuis
1133 2585 1381 2656 primitia:
1419 2586 1818 2644 dormientium.

233 2670 348 2726 Sed
371 2661 588 2752 quando
631 2661 732 2729 hoc
761 2673 964 2746 factum
992 2676 1116 2730 est?
1149 2675 1443 2751 Alteradie
1489 2677 1710 2733 sabbati.
1750 2677 1822 2731 Et

228 2759 581 2832 sanctiﬁcabit
633 2763 783 2819 illum
855 2767 1130 2840 sacerdos,
1180 2783 1302 2824 esse
1350 2775 1532 2824 autem
1589 2769 1822 2840 primam

235 2853 388 2928 diem
419 2854 707 2910 Dominicm
731 2857 1002 2926 passionis
1030 2874 1093 2913 ea
1121 2874 1240 2928 quae
1284 2867 1411 2914 ante
1458 2859 1562 2923 hoc
1589 2859 1824 2920 diximus

231 2938 606 3015 oStenderunt,
635 2949 690 3004 in
723 2965 827 3020 qua
853 2951 1112 3006 Dominus
1133 2967 1286 3006 suam
1315 2951 1548 3008 hostiam
1577 2967 1682 3006 non
1704 2953 1828 3014 sine,

229 3034 450 3091 ratione
478 3036 826 3113 dispensavit,
857 3040 924 3095 ab
976 3040 1146 3095 altero
1173 3040 1260 3096 die
1287 3042 1492 3096 sabbati
1544 3043 1825 3098 numerari

226 3127 491 3196 praecepit
530 3127 914 3200 quinquaginta
947 3131 1083 3197 dies,
1137 3131 1476 3188 Dominicum
1521 3133 1663 3188 diem
1696 3149 1822 3204 pro-

1924 1953 2043 2008 cula
2071 1951 2412 2008 sazculorum.
2443 1949 2638 2004 Amen.

2485 2041 2770 2098 HOMILIA
2803 2039 2913 2095 XC.

2467 2150 2521 2190 1N
2546 2149 2723 2192 EODEM
2754 2148 2942 2188 FESTO.

2313 2227 2498 2283 Lectio
2528 2227 2651 2281 libri
2678 2223 3104 2280 Deuteronomii.

1994 2318 2063 2374 In
2104 2318 2283 2373 diebus
2322 2318 2429 2372 illis
2465 2318 2600 2371 dixit
2650 2316 2902 2386 Moyses:
2929 2315 3090 2380 Audi,
3145 2312 3340 2380 Israel,
3391 2329 3510 2384 quas

1922 2427 2016 2482 ego
2058 2409 2304 2480 ρνωεὶρίο
2355 2408 2450 2462 tibi
2489 2409 2686 2472 hodie;
2744 2423 2862 2461 cum
2906 2407 3182 2460 intraveris
3220 2406 3274 2460 in
3311 2414 3507 2458 terram

1922 2519 2081 2574 quam
2123 2501 2384 2562 Dominus
2429 2500 2572 2555 Deus
2618 2510 2740 2554 tuus
2771 2500 2868 2554 tibi
2891 2500 3114 2554 daturus
3139 2509 3217 2553 est
3241 2499 3511 2569 possiden-

1923 2593 2070 2656 dam,
2091 2602 2141 2647 et
2165 2592 2449 2647 obtinueris
2474 2608 2589 2646 eam
2637 2588 2792 2662 atque
2817 2591 3130 2646 habilaueris
3158 2591 3212 2643 in
3236 2589 3330 2644 illa
3356 2603 3374 2641 :
3404 2587 3509 2642 tol-

1923 2685 1996 2741 les
2015 2686 2081 2740 de
2102 2686 2321 2739 cunctis-
2347 2684 2584 2755 frugibus
2607 2685 2711 2738 tuis
2754 2684 3016 2754 primitias
3039 2692 3087 2737 et
3111 2699 3269 2752 pones
3294 2682 3347 2735 in
3377 2696 3503 2735 car-

1924 2775 2071 2842 tallo,
2111 2793 2392 2847 pergesque
2419 2775 2488 2830 ad
2531 2775 2702 2829 locum
2735 2792 2889 2845 quem
2933 2773 3190 2828 Dominus
3220 2771 3360 2826 Deus
3386 2781 3508 2825 tuus

1923 2867 2133 2938 elegerit
2164 2877 2222 2922 ut
2257 2867 2327 2921 ibi
2350 2868 2618 2922 invocetur
2640 2883 2829 2920 nomen
2849 2865 2983 2935 eius,
3011 2875 3118 2920 etc.

1997 2959 2102 3014 Per
2139 2959 2256 3014 base
2311 2959 2475 3014 verba
2529 2959 2724 3029 quibus
2783 2959 3194 3013 instruebantur
3250 2956 3509 3013 Israelitm

1926 3049 2193 3120 quomodo
2240 3048 2294 3102 in
2349 3057 2493 3102 terra
2544 3047 2905 3117 possessionis
2948 3062 3061 3102 sua:
3107 3047 3377 3116 primitias
3408 3046 3510 3100 Do-

1925 3140 2073 3195 mino
2095 3139 2350 3195 offerrent
2375 3139 2428 3193 in
2476 3139 2702 3193 cartallo
2744 3154 2842 3208 per
2885 3139 3183 3209 gratiarum
3217 3138 3506 3199 actionem,

228 3218 320 3272 cul
361 3219 525 3275 dubio
569 3222 756 3277 volens
792 3223 1014 3295 intelligi
1041 3242 1055 3290 ;
1091 3226 1178 3281 hic
1204 3226 1348 3280 enim
1399 3235 1481 3282 est
1507 3227 1677 3282 altera
1703 3227 1818 3284 dies
1848 3207 1893 3270 C
1924 3248 1990 3287 eo
2015 3233 2158 3302 quod
2188 3232 2358 3303 erepti
2401 3240 2529 3287 sunt
2557 3232 2624 3286 de
2671 3207 2909 3302 Egypto
2934 3272 2948 3296 ,
2979 3231 3312 3285 instituimur
3335 3239 3390 3284 et
3411 3245 3512 3285 nos

229 3311 489 3367 sabbati:
523 3312 575 3368 in
615 3313 718 3368 hac
764 3315 908 3370 enim
965 3319 1292 3373 resurrectio
1341 3318 1483 3374 facta
1533 3329 1635 3385 est,
1663 3336 1690 3372 a
1717 3336 1821 3390 qua

226 3402 583 3460 hebdomadm
613 3416 970 3462 numerantur
1016 3417 1221 3480 septem
1247 3426 1419 3481 usque
1469 3411 1537 3466 ad
1589 3411 1820 3466 alteram

228 3492 376 3547 diem
427 3494 746 3564 expletionis
819 3497 1168 3554 hebdomadm
1218 3502 1482 3572 septimae,
1539 3505 1820 3559 Dominica

230 3600 428 3640 rursus
467 3587 555 3642 die
608 3587 954 3646 Pentecostes
996 3591 1332 3649 celebramus
1385 3594 1734 3651 festivitatem
1765 3596 1820 3651 in

229 3695 338 3751 qua
369 3681 539 3734 sancti
572 3679 807 3749 Spiritus
832 3685 1120 3739 adventum
1155 3687 1471 3742 meruimus.

305 3771 376 3824 Et
404 3773 479 3826 sic
514 3772 740 3840 o/feretis
781 3775 1101 3845 sacri/icium
1146 3794 1336 3833 novum
1367 3779 1589 3834 Domino
1613 3797 1676 3834 ex
1713 3797 1822 3836 om-

232 3865 390 3919 nibus
433 3866 840 3922 habitationibus
867 3870 1068 3934 vestris,
1112 3886 1271 3939 panes
1312 3870 1822 3940 primitiarumduos

231 3972 300 4011 ea:
325 3955 535 4012 duabus
565 3957 779 4014 decimis
825 3959 1012 4015 simin
1058 3961 1404 4030 fermentum,
1439 3979 1568 4032 quos
1595 3963 1822 4033 coquetis

232 4047 288 4102 in
315 4048 582 4127 primitias
622 4049 853 4105 Domini.
891 4050 1096 4106 Novum
1130 4053 1472 4122 sacriﬁcium,
1503 4055 1712 4121 dicens,
1742 4055 1821 4112 le—

231 4142 320 4213 gis
352 4141 618 4215 sacriﬁcia
648 4152 833 4199 vetera
873 4142 1122 4201 exclusit.
1151 4143 1472 4214 Evangeliea
1502 4154 1686 4202 autem
1723 4161 1832 4216 pro.

231 4227 366 4314 illis.
391 4231 704 4289 introduxit.
739 4234 943 4290 Deinde
971 4234 1174 4290 addens
1199 4234 1266 4289 de
1303 4233 1714 4293 habitationibus
1739 4252 1826 4291 ve-

232 4325 364 4379 stris
391 4324 688 4404 Ecclesiam
716 4327 1064 4402 signiﬁcavit,
1099 4335 1156 4396 et
1178 4342 1352 4402 panes
1380 4328 1610 4398 quidem.
1635 4330 1832 4400 primi—.

234 4410 438 4494 tiaram
469 4407 703 4502 duos,i'd
728 4425 833 4483 est,
859 4417 1028 4488 legem
1055 4425 1109 4474 et
1133 4417 1503 4490 Evangelium.
1533 4419 1825 4491 Suntergo

231 4523 301 4562 ex
357 4506 567 4585 duabus
598 4509 821 4574 decimis
850 4509 1041 4572 similae
1063 4572 1067 4576 _
1087 4509 1446 4577 fermentata},
1471 4527 1539 4567 ex
1569 4513 1822 4570 doctrina

232 4590 360 4671 quae
387 4583 683 4672 perfectam
707 4601 804 4656 Dei
828 4572 1169 4674 divinitatem
1215 4610 1270 4662 et
1303 4603 1598 4674 perlectam
1615 4607 1823 4662 .huma-

235 4693 682 4770 nitatemtradit,
713 4707 813 4768 nec
844 4693 1002 4750 aliter
1039 4693 1201 4766 coqui
1250 4695 1356 4755 nisi
1410 4697 1696 4766 per.talem
1717 4698 1848 4755 do-.

235 4785 476 4860 ctrinam
505 4785 758 4867 possint.
792 4784 900 4843 Sed
928 4785 1199 4858 primitiae
1247 4796 1370 4857 sunt
1401 4787 1642 4854 Domino
1665 4789 1828 4859 spri-

234 4891 392 4954 mum
421 4875 565 4949 enim
619 4875 878 4934 Dominus
911 4875 1260 4948 ,cumdegem
1294 4877 1525 4947 perfecit
1549 4885 1618 4934 et.
1647 4879 1826 4934 Evan-

237 4961 452 5054 gelium'
477 4967 728 5039 posthac
759 4967 983 5044 docuit;
1009 4968 1206 5038 Audite
1225 4970 1357 5041 quia.
1383 4970 1586 5024 dictum
1629 4979 1707 5026 est
1723 4988 1832 5026 zan-

236 5055 811 5160 tiquif,"nqn_occides‘,
837 5078 933 5136 {ego
987 5071 1160 5131 autem
1197 5062 1314 5152 dico
1343 5063 1504 5130 vobis,
1530 5066 1706 5134 omnis
1731 5067 1877 5138 quin,

237 5133 676 5240 irasldil‘ur‘ratri
685 5133 794 5236 suo.
805 5133 1139 5240 :sititgeucpusq,
1153 5141 1279 5225 reus
1291 5223 1294 5226 ι
1305 5156 1407 5216 erit,
1417 5155 1662 5229 judicia.
1679 5133 1839 5216 Gott-1
1852 5203 1858 5214 .

349 5225 359 5251 i

237 5305 795 5408 priiilitiﬁydieuutur.
895 5311 914 5325 ’1
1023 5321 1042 5345 ’
1269 5319 1272 5322 ”
1388 5305 1465 5405 ί,
1505 5305 1585 5400 ιηιε

316 5424 390 5481 Et
414 5426 660 5482 oocabitis
681 5427 820 5482 hunc
847 5426 986 5518 diem
1001 5427 1412 5518 [celeberrinutm
1433 5442 1588 5518 utque
1610 5411 1832 5489 sa‘nctis-

238 5515 436 5572 simum
459 5531 478 5570 :
517 5533 668 5573 omne
712 5527 848 5589 opus
861 5489 1064 5575 [iter/vile
1090 5489 1193 5576 rion,
1218 5489 1438 5596 lfac'ietis!
1469 5489 1525 5578 ir't
1553 5543 1632 5580 eo.
1672 5525 1826 5598 Legi-

242 5607 435 5662 timum
460 5608 826 5678 smpiternam
855 5598 966 5664 erit!
993 5601 1071 5678 in:
1105 5599 1304 5678 cunctis
1347 5611 1662 5672 habitaculis
1697 5625 1744 5669 et
1773 5615 1829 5670 in

241 5669 667 5789 generationibus
715 5697 915 5754 uestris.
951 5669 1130 5789 "Q'u‘id
1160 5669 1367 5784 ergoin
1396 5697 1464 5776 ea
1485 5712 1583 5772 ,cst
1604 5705 1746 5788 quod
1774 5706 1835 5789 in

245 5788 612 5898 bisexeelltt':
629 5774 792 5904 “ecce
826 5784 974 5851 ἒῆἲίιϊ
1000 5765 1068 5874 el‘
1092 5789 1226 5852 alios
1254 5765 1852 5896 tl‘ics‘éauc‘tos.quid;
1877 5858 1885 5870 ,
1908 5861 1910 5866 ,

365 5886 519 5904 ..-
777 5883 804 5902 η
871 5871 1081 5900 manu
1139 5868 1361 5902 ’ῖς-τις-‹-
1414 5881 1441 5889 ›ι
1503 5865 1567 5890 ’μ’
1618 5869 1639 5886 ι·
1833 5867 1880 5884 ’-

233 5215 1900 5336 ςρτοιίίρνέιφᾷοὼεςιιινιι
1932 5215 2147 5320 creator
2181 5251 2650 5321 nosten‘xrespe’xit
2693 5215 3056 5306 burnllitatem
3088 5229 3327 5305 abstram
3355 5241 3425 5306 et'

1023 5343 1026 5345 ’
1390 5371 1465 5405 1,,
1505 5356 1605 5400 μετ

1931 5343 2119 5424 berem
2149 5350 2310 5413 atque
2329 5343 2657 5412 angustiam,
2705 5343 2935 5397 et~misit
2959 5343 3300 5424 unigenitum
3316 5335 3514 5424 Filium

1921 3332 1981 3378 ut
2009 3324 2275 3384 intrantes
2312 3339 2409 3394 per
2438 3323 2774 3393 spiritualem
2803 3322 3121 3387 .lordanem,
3155 3323 3258 3376 hoc
3286 3330 3388 3384 est,
3416 3337 3515 3392 per

1921 3414 2248 3484 baptismum
2299 3423 2354 3468 et
2408 3414 2567 3469 ﬁdem
2624 3422 2828 3469 sancta:
2882 3412 3166 3467 Trinitatis
3217 3413 3272 3466 in
3306 3420 3507 3468 terram

1921 3507 2176 3562 Ecclesiae
2199 3521 2464 3578 ponamus
2497 3507 2552 3562 in
2599 3506 2823 3562 cartallo
2847 3505 3274 3561 conversationis
3301 3513 3502 3561 nostra:

1920 3597 2192 3669 primitias
2219 3598 2485 3652 bonorum
2511 3611 2759 3667 operum,
2789 3605 2844 3651 et
2881 3595 3186 3650 deferamus
3217 3595 3327 3650 Deo
3355 3595 3408 3649 in
3432 3594 3512 3648 al-

1922 3696 2039 3744 tare
2061 3687 2189 3743 fidei
2219 3688 2520 3754 catholicae,
2553 3697 2819 3758 quatenus
2850 3703 2913 3742 ea
2943 3688 3014 3741 ibi
3044 3687 3300 3758 suscipiat
3329 3702 3513 3741 sacer-

1921 3777 2019 3832 dos
2044 3785 2250 3844 noster,
2281 3777 2372 3845 ille
2403 3778 2616 3848 utique
2640 3779 2732 3847 qui
2760 3777 3053 3831 secundum
3081 3778 3327 3832 ordinem
3379 3777 3510 3832 Mel-

1923 3871 2210 3928 chisedech
2258 3886 2289 3925 a
2322 3871 2432 3926 Deo
2472 3869 2648 3926 lactus
2687 3879 2770 3927 est
2816 3870 2974 3925 nobis
3024 3867 3286 3940 pontifex,
3330 3868 3513 3938 ibique
3585 3875 3591 3880 ’

1924 3963 2278 4019 conﬁteamur
2336 3962 2602 4018 Domino:
2660 3962 3011 4033 dieamusque
3047 3962 3116 4024 ei,
3163 3961 3307 4031 quod
3337 3960 3509 4031 Syrus

1924 4053 2183 4125 spiritalis
2224 4054 2317 4123 qui
2342 4054 2755 4123 interpretatur
2784 4052 3030 4107 sublimis
3060 4052 3145 4105 vel
3193 4052 3511 4106 humectans

1922 4155 2340 4216 persequeretur
2383 4153 2592 4214 patrem
2625 4153 2869 4198 nostrum
2917 4143 3291 4214 protoplaston
3320 4143 3508 4198 videli-

1925 4247 2012 4294 cet
2045 4245 2348 4309 parentem,
2389 4237 2464 4292 ita
2495 4244 2554 4291 ut
2600 4237 2874 4308 deciperet
2923 4244 3044 4290 eum
3078 4251 3176 4305 per
3204 4235 3512 4305 superbiam

1925 4338 1979 4387 et
1995 4330 2198 4404 gulam,
2218 4339 2273 4385 et
2303 4328 3001 4400 transgressorem'l'aciens
3031 4329 3271 4400 privaret
3299 4344 3514 4399 posses-

1874 4451 1878 4476 .-
1926 4424 2078 4482 sione
2128 4425 2388 4495 paradisi.
2446 4423 2600 4480 Unde
2627 4424 2799 4480 incola
2851 4424 3026 4480 iactus
3061 4433 3143 4480 est
3196 4425 3250 4479 in
3276 4423 3513 4496 Egypto

1930 4516 2090 4590 istius
2128 4519 2333 4586 mundi,
2385 4518 2480 4573 ubi
2527 4518 2906 4590 peregrinatus
2949 4519 3004 4573 in
3053 4519 3384 4588 paucissimo
3412 4513 3512 4572 nu;

1916 4588 2102 4676 lmero,
2139 4609 2266 4680 quia
2317 4609 2502 4666 multis
2530 4588 2915 4664 idololatriam
2963 4611 3315 4680 sequentibus
3353 4609 3513 4680 pauci

1928 4708 2346 4771 permanserunt
2393 4700 2599 4756 ﬁdeles.
2633 4699 2738 4754 Sed
2767 4710 3052 4770 pOStquam
3084 4717 3182 4770 per
3224 4701 3357 4772 legis
3383 4717 3510 4756 con~

1876 4816 1898 4854 ῃ
1929 4793 2188 4854 ditionem
2241 4793 2426 4863 plures
2450 4802 2833 4858 excreverunt,
2864 4793 2956 4863 qui
2990 4794 3273 4848 scientiam
3304 4801 3357 4847 et
3388 4807 3511 4848 cre-

1929 4882 2210 4939 dulitatem
2233 4884 2393 4939 unius
2420 4883 2512 4938 Dei
2535 4898 2848 4954 percepero,
2883 4881 3193 4939 alllixerunt
3223 4899 3317 4938 eos
3343 4882 3513 4955 Egy-

1929 4974 2029 5044 ptii
2051 4974 2344 5044 spiritales,
2382 4974 2604 5047 maligni
2659 4974 2867 5032 scilicet
2918 4975 3161 5046 spiritus,
3216 4974 3308 5045 qui
3337 4974 3510 5044 impo-

1933 5071 2124 5119 nentes
2176 5078 2342 5126 onera
2395 5064 2716 5136 gravissima
2750 5073 3096 5134 peccatorum
3126 5071 3517 5134 oppresserunt

1931 5171 2102 5227 genus
2138 5156 2770 5218 humanum.-Sed'Deus
2799 5145 3158 5246 somnipotenis
3186 5155 3443 5246 conditor
3459 5161 3515 5246 et

1932 5259 2147 5320 creator
2181 5251 2650 5321 nostettkrespe’xit
2693 5245 3056 5306 humilitatem
3088 5238 3327 5305 nostram
3355 5238 3515 5306 etla-

1934 5423 2210 5511 ευμωξῳιί
2225 5444 2440 5492 manus-
2463 5434 2570 5489 Dei‘
2607 5442 2664 5488 et
2679 5433 2972 5488 "brachium
3003 5433 3222 5500 dicitur,
3241 5418 3313 5488 'ut
3334 5418 3530 5504 ‘eupél‘
3557 5507 3560 5510 _
3585 5433 3588 5436 ’

1933 5535 2014 5583 ret
2029 5543 2136 5588 nos
2158 5527 2225 5582 de
2249 5534 2518 5596 potestate
2544 5526 2890 5581 tenebrarum
2905 5533 2974 5582 et
2992 5523 3334 5582 'tranSfertet'
3352 5517 3407 5581 iii
3429 5513 3519 5582 1'63

1932 5621 2257 5690 cummacis,
2298 5627 2584 5689 Quatenus.
2615 5618 2888 5674 ﬁlil'luci‘s
2925 5607 3312 5675 'elﬁceremur":
3346 5601 3542 5706 tradi-1
3577 5673 3586 5692 τ

1931 5711 2295 5784 ditquemobis
2325 5711 2711 5768 uenam-lacte
2745 5721 2800 5766 ‘et
2835 5712 2985 5766 melle
3022 5704 3334 5766 manantem

1929 5779 2426 5871 “ciu-"nﬁdelem
2441 5812 2766 5876 ιπωεοιιιοηι
2791 5803 2882 5861 ubi
2906 5797 3070 5862 et‘la'd
3096 5785 3538 5861 est‘ishocb'htia“
