3974 6364
425 314 534 373 523

1066 309 1129 363 Β.
1168 305 1424 362 RABANI
1463 292 2031 358 MAURIVARCHIEP.
2071 279 2379 346 MOGUNT.
2421 283 2709 344 OPERUM
2745 286 2922 342 PARS
2959 284 3021 341 ll.

3593 267 3715 335 '32s

423 426 572 486 omni
624 421 868 480 szeeulari
908 420 1078 492 gloria
1109 429 1160 475 et
1192 417 1541 490 .jucunditate
1577 415 1902 477 contempta,
1943 405 1997 459 in
2025 407 2074 465 Α
2100 417 2274 466 suam,
2308 400 2404 455 sed
2432 415 2555 456 cum
2583 399 2685 468 ipsi
2711 399 2779 452 ab
2806 411 2992 452 errore
3033 394 3279 465 priorum
3328 385 3532 448 inserti
3586 389 3717 443 fue-

427 519 521 576 illo
543 516 656 573 solo
679 514 822 585 quod
854 513 1010 567 nobis
1042 510 1279 566 futurum
1324 505 1653 578 promittitur
1686 500 1992 571 gloriemur.

497 606 750 663 Probatio
775 621 889 660 vero
912 620 1052 673 spem
1087 610 1350 672 operatur,
1393 614 1506 667 spes
1543 605 1714 648 autem
1742 608 1845 646 non
1877 605 2002 642 con-

429 699 622 771 fundit.
655 695 789 750 Nam
819 709 942 764 spes
967 692 1270 747 futurorum
1311 689 1574 742 bonorum
1616 696 1830 738 omnem
1875 694 2002 734 con-

428 770 694 845 fusionem
731 785 946 855 expellit
973 798 988 838 :
1020 783 1162 836 unde
1208 780 1468 850 probatur
1504 777 1648 830 hunc
1669 788 1774 827 non
1802 770 2003 824 habere

428 896 599 952 spem,
637 879 727 950 qui
770 878 823 931 in
853 873 1136 946 praeceptis
1174 868 1525 927 confunditur
1551 864 1772 921 Christi.
1804 861 2000 932 Sequi-

429 984 518 1029 ῑυι·
542 991 555 1027 :

503 1063 642 1129 Quia
667 1061 898 1115 charitas
946 1054 1042 1112 Dei
1088 1055 1283 1125 diffusa
1313 1061 1387 1106 est
1422 1052 1478 1105 in
1521 1046 1764 1102 cordibus
1790 1044 2002 1098 nostris.

427 1153 735 1224 Magnitudo
771 1152 918 1206 enim
947 1149 1333 1220 promissorum
1368 1142 1750 1198 beneﬁciorum
1802 1137 2005 1193 excitat

428 1247 484 1302 in
514 1245 730 1300 homine
783 1241 1065 1298 charitatis
1111 1234 1556 1308 magnitudinem,
1598 1244 1717 1299 qua:
1763 1226 2001 1298 perfecte

425 1335 682 1401 conﬁdit,
713 1349 812 1390 nec
835 1333 1024 1387 timere
1057 1344 1156 1384 nec
1181 1327 1473 1397 desperare
1502 1323 1668 1378 novit.

498 1424 606 1480 Per
641 1423 891 1495 Spiritum
921 1430 1177 1483 sanctum,
1212 1419 1301 1487 qui
1327 1417 1482 1470 datus
1531 1423 1605 1468 est
1652 1411 1817 1465 nobis.
1863 1407 2008 1475 Quo-

2105 506 2234 551 runt
2261 511 2326 551 ex
2355 496 2590 550 oleastro
2628 494 2683 548 in
2729 493 2926 546 bonam
2955 489 3174 552 olivam,
3205 500 3562 556 nequaquam
3615 483 3713 535 de-

2102 588 2266 642 beant
2300 587 2539 642 invidere
2570 585 2811 654 priorum
2861 581 3038 635 saluti.
3094 579 3342 633 Miserere
3387 576 3597 638 nostri,
3627 573 3715 641 ﬁli

2104 679 2293 734 David.
2324 679 2679 744 lncrepantur
2705 689 2736 728 a
2781 671 2955 727 turbis
2983 678 3036 724 et
3061 668 3415 724 nihilominus
3456 681 3581 720 non
3621 673 3714 718 ta-

2103 780 2248 836 cent,
2281 769 2373 825 sed
2404 767 2651 822 crebrius
2680 765 2735 819 id
2764 765 2939 835 ipsum
2969 762 3322 834 ingeminant,
3361 767 3423 812 ut
3470 756 3714 814 deside-

2103 867 2244 920 rium
2267 878 2406 919 verae
2436 861 2572 916 lucis
2597 859 2908 916 ostendant.

2176 954 2328 1011 Stetit
2352 953 2530 1018 Iesus,
2559 962 2605 1007 et
2645 951 2845 1005 vocavit
2885 965 2994 1015 eos,
3031 957 3078 1003 et
3109 949 3182 1003 ait
3208 962 3226 1002 :
3253 946 3391 1014 Quid
3420 944 3593 1001 vultis
3624 944 3714 1012 {a—

2104 1046 2238 1102 ciam
2263 1046 2440 1101 vobis?
2465 1044 2653 1098 Dicunt
2684 1057 2702 1097 :
2732 1041 2970 1106 Domine,
3014 1049 3068 1094 ut
3091 1040 3398 1107 aperiantur
3420 1038 3572 1093 oculi
3603 1053 3710 1090 no-

2103 1138 2221 1192 stri.
2247 1136 2390 1192 Catci
2433 1144 2606 1200 erant,
2659 1150 2765 1205 quo
2789 1140 3074 1204 pergerent
3122 1133 3459 1203 ignorabant.
3517 1131 3711 1199 Sequi

2107 1244 2215 1284 non
2241 1234 2492 1298 poterant
2524 1226 2879 1290 Salvatorem,
2924 1223 3105 1278 multa:
3142 1221 3310 1277 fovete
3349 1222 3404 1276 in
3445 1220 3709 1285 Jerieho,

2105 1323 2288 1377 multae
2311 1335 2470 1389 rupes
2519 1327 2572 1373 et
2601 1327 2871 1390 praerupta
2912 1316 2964 1371 in
2991 1314 3315 1384 profundum
3362 1315 3660 1386 vergentia
3693 1331 3706 1364 :

2107 1412 2310 1468 idcirco
2348 1410 2606 1465 Dominus
2653 1417 2780 1472 stat,
2812 1415 2873 1461 ut
2911 1407 3094 1461 venire
3137 1405 3370 1476 possint,
3396 1413 3452 1460 et
3499 1404 3711 1459 vocari

427 1518 588 1573 modo
615 1532 714 1571 nos
737 1517 879 1570 Deus
907 1512 1081 1582 diligit
1101 1525 1168 1566 ex
1193 1511 1321 1564 hinc
1348 1504 1721 1577 cognoscimus
1746 1500 1874 1570 quia
1901 1503 2026 1554 non
2099 1505 2256 1576 jubet
2280 1517 2346 1559 ne
2377 1504 2546 1558 turba:
2571 1501 2918 1572 prohibeant,
2946 1507 3001 1555 et
3028 1499 3326 1570 interrogat
3350 1498 3505 1568 quasi
3535 1498 3713 1569 igno—

427 1607 603 1663 solum
628 1605 780 1660 nobis
804 1619 902 1675 per
931 1603 1027 1657 ﬁlii
1056 1601 1141 1656 sui
1170 1607 1397 1654 mortem
1419 1603 1640 1667 peccata
1664 1591 1887 1655 dimisit,
1913 1587 2007 1644 sed

425 1707 484 1754 et
499 1697 759 1768 Spiritum
787 1705 1032 1750 sanctum
1060 1693 1215 1747 nobis
1241 1690 1387 1745 dedit
1410 1687 1502 1758 qui
1533 1686 1689 1740 nobis
1714 1683 1893 1739 omnia
1919 1679 2006 1733 fu-

2109 1611 2238 1650 rans
2275 1595 2404 1664 quid
2443 1594 2609 1649 velint
2647 1599 2706 1646 ut
2742 1607 2809 1647 ex
2835 1591 3188 1660 responsione
3221 1586 3486 1646 ώσω-«ιω
3514 1592 3709 1646 mani-

2111 1685 2251 1741 festa
2303 1684 2550 1742 debilitas
2589 1691 2798 1755 pereat,
2825 1690 2880 1738 et
2923 1682 3096 1738 virtus
3123 1697 3193 1737 ex
3221 1682 3460 1737 remedio
3489 1696 3708 1750 cogno-

429 1752 556 1844 tura
580 1788 719 1843 bona
765 1787 1118 1847 demonstrat,
1167 1793 1222 1836 et
1247 1782 1300 1835 in
1329 1752 1622 1842 ﬁde—recta,
1648 1777 1702 1830 in
1732 1789 1826 1844 spe
1851 1772 2006 1826 ﬁrma
2031 1752 2085 1813 Ῑ)
2110 1790 2314 1837 scatur,

428 1891 486 1938 et
510 1883 774 1938 charitate
814 1875 1050 1948 perfecta
1086 1874 1402 1930 corroborat
1431 1890 1444 1924 :
1477 1871 1522 1925 si
1556 1884 1655 1924 nos
1696 1866 1851 1922 bonis
1880 1879 2008 1935 ope-

429 1973 581 2027 ribus
609 1971 798 2040 dignos
825 1965 940 2035 ejus
969 1965 1301 2020 habitatione
1327 1974 1709 2034 praeparemus.
1761 1955 1820 2011 Si
1863 1957 2008 2010 enim

430 2076 499 2115 ex
527 2068 638 2114 toto
665 2058 827 2114 corde
853 2056 1142 2124 diligimus,
1171 2052 1304 2108 nihil
1327 2054 1431 2107 erit
1451 2052 1500 2105 in
1525 2049 1700 2114 nobis,
1723 2046 1863 2102 unde
1883 2061 2010 2116 pec-

431 2151 540 2205 cati
571 2149 851 2205 desideriis
875 2147 1191 2203 serviamus.
1221 2145 1289 2200 Et
1329 2143 1457 2214 quid
1485 2152 1568 2197 est
1595 2142 1816 2210 diligere
1841 2140 2009 2193 Deum

431 2242 536 2297 nisi
572 2241 647 2297 illi
677 2254 940 2309 occupare
972 2238 1210 2294 animum
1239 2235 1522 2304 concipere
1571 2233 1811 2287 fruendae
1847 2230 2009 2284 visio-

430 2335 517 2390 nis
535 2333 652 2403 ejus
677 2331 948 2398 allectum,
975 2329 1185 2400 peccati
1228 2328 1430 2391 odium,
1479 2324 1686 2378 mundi.
1708 2321 2007 2388 fastidium,

431 2426 655 2496 diligere
676 2425 837 2479 etiam
865 2422 1170 2493 proximum
1201 2435 1360 2490 quem
1406 2417 1520 2488 ipse
1549 2415 1759 2472 censuit
1787 2413 2011 2484 diligen-

430 2516 577 2581 dum,
611 2516 664 2570 in
692 2514 808 2584 ipso
843 2528 1026 2567 amore
1055 2525 1277 2567 servare
1320 2507 1622 2578 legitimum
1650 2505 1867 2560 modum
1913 2518 2013 2573 per

428 2605 616 2661 Jesum
637 2605 913 2660 Christum
939 2603 1225 2658 Dominum
1252 2608 1519 2665 nostrum,
1547 2598 1633 2652 cui
1659 2605 1741 2652 est
1763 2597 1939 2652 honor
1957 2602 2013 2650 et

432 2694 607 2766 gloria
639 2709 762 2750 eum
791 2693 952 2750 Patre
985 2701 1040 2749 et
1071 2691 1497 2763 Spiritu'sancto
1522 2689 1747 2742 nunc‘et
1796 2693 2016 2756 semper

434 2785 492 2844 in
521 2786 716 2843 sazcula
746 2786 1086 2843 saeculorum.
1117 2784 1311 2839 Amen.

972 2886 1253 2952 HOMILIA
1285 2873 1479 2948 χρηιὶ

983 2983 1036 3022 IN
1072 2982 1246 3023 EODE’H
1285 2979 1470 3020 FESTO.

539 3060 727 3117 Lectio
750 3058 921 3116 sancti
946 3057 1221 3128 Evangelii
1247 3055 1542 3112 secundum
1573 3051 1904 3109 Mattlnenm.

2181 1873 2430 1928 Misertus
2457 1881 2629 1927 autem
2655 1885 2835 1928 eorum
2861 1868 3036 1933 Iesus,
3060 1869 3226 1940 tetigit
3268 1867 3443 1922 oculos
3485 1882 3702 1922 eorum.

2109 1963 2179 2019 Et
2205 1962 2474 2034 confestim
2502 1962 2764 2027 viderunt,
2786 1972 2834 2016 et
2857 1962 3017 2015 secuti
3036 1969 3156 2014 sunt
3184 1975 3323 2014 eum.
3349 1956 3548 2028 Tangit
3567 1974 3710 2013 ocu—

2109 2055 2228 2111 los:
2261 2064 2317 2110 et
2342 2062 2565 2126 praestat
2605 2051 2802 2108 artifex
2843 2052 3222 2121 quod-natura
3265 2067 3373 2106 non
3421 2048 3702 2105 dederat:

2108 2153 2203 2200 aut
2225 2153 2372 2200 certe
2391 2146 2536 2216 quod
2563 2143 2813 2200 debilitas
2841 2143 3038 2199 tulerat
3083 2143 3250 2199 donat
3300 2141 3703 2198 misericordia.

2111 2237 2419 2308 Statimque
2446 2237 2684 2292 viderunt
2729 2247 2779 2292 et
2803 2235 2967 2291 secuti
2990 2245 3111 2290 sunt
3139 2252 3279 2301 eum,
3321 2234 3415 2305 qui
3459 2241 3591 2289 ante
3647 2235 3703 2288 in

2109 2324 2327 2382 Jerieho
2355 2327 2621 2382 contracti
2653 2327 2913 2382 sedebant
2937 2334 2992 2381 et
3019 2326 3256 2381 clamare
3293 2333 3504 2380 tantum
3532 2340 3707 2379 nove-

2112 2427 2266 2484 rant;
2292 2426 2480 2488 postea
2501 2425 2798 2487 sequuntur
2814 2417 3000 2473 Jesum
3026 2432 3134 2471 nou
3162 2424 3269 2471 tam
3283 2417 3513 2487 pedibus
3533 2431 3704 2486 quam

2109 2508 2423 2573 virtutibus,
2447 2509 2575 2578 quia
2605 2509 2719 2578 ipse
2752 2517 2828 2562 est
2854 2509 2959 2573 uia,
2990 2507 3177 2561 veritas
3205 2516 3252 2561 et
3281 2507 3410 2571 vita,
3433 2504 3702 2561 Dominus

2111 2601 2364 2657 videlicet
2391 2609 2577 2656 noster
2589 2600 2745 2657 Iesus
2766 2600 3014 2656 Christus
3042 2600 3134 2668 qui
3163 2614 3284 2655 cum
3314 2599 3475 2654 Patre
3497 2608 3554 2654 et
3578 2600 3703 2670 Spi-

2113 2693 2220 2746 ritu
2252 2701 2439 2746 sancto
2468 2691 2602 2746 vivit
2643 2697 2698 2747 et
2723 2698 2912 2761 regnat
2965 2690 3107 2746 Deus
3141 2704 3238 2760 per
3274 2691 3456 2746 omnia
3501 2691 3702 2746 saecula

2111 2781 2448 2839 mulorum.
2473 2781 2666 2837 Amen.

2643 2869 2926 2932 HOMILIA
2975 2869 3160 2926 XCIV.

2394 2977 2714 3018 arenosum
2752 2977 2806 3016 tv
2852 2977 2981 3017 posr
3020 2967 3411 3018 prin-recosreu.

2357 3049 2544 3106 Lectio
2571 3051 2823 3120 Epistolas
2843 3051 2986 3108 beati
3025 3051 3168 3106 Petri
3196 3053 3442 3122 apostoli.

540 3105 725 3117 ..ννην
751 3105 1542 3128 -.....,.....---ον-----π---π-
2451 3105 2459 3106 ,
2616 3105 2633 3120 _
2681 3105 2691 3106 κ
2736 3105 2743 3106 ,
2784 3105 2812 3106 ρ
2857 3105 2903 3106 η
2952 3105 2983 3108 -,
3080 3105 3089 3106 ,
3126 3105 3167 3106 η

505 3153 573 3206 1η
597 3151 689 3205 illo
715 3160 960 3221 tempore,
992 3147 1282 3219 egrediente
1300 3144 1430 3200 Iesu
1478 3145 1542 3199 ab
1576 3143 1809 3208 IerichO,
1834 3149 2012 3197 secula
2039 3105 2086 3170 Ο
2187 3147 2517 3213 Charissimi,
2557 3147 2910 3202 humiliamini
2937 3147 3030 3201 sub
3057 3148 3252 3218 potenti
3291 3164 3448 3202 manu
3495 3147 3612 3215 Dei,
3639 3161 3698 3203 ut

429 3251 507 3296 est
535 3258 652 3295 eum
673 3241 825 3294 turba
852 3239 1016 3293 multa
1039 3252 1057 3289 :
1087 3247 1135 3292 et
1167 3254 1282 3291 ecce
1309 3237 1413 3290 duo
1453 3235 1577 3290 ca'ci
1604 3235 1837 3289 sedentes
1864 3249 2012 3288 secus

432 3332 593 3395 riam,
617 3330 896 3383 audierunt
929 3328 1054 3399 quia
1094 3327 1248 3382 Jesus
1286 3327 1550 3391 transiret,
1596 3335 1645 3380 et
1690 3325 2012 3390 clamarunt,

430 3421 659 3474 dicentes
686 3433 704 3471 :
736 3419 977 3486 Domine,
1006 3420 1249 3473 miserere
1295 3418 1479 3483 nostri,
1503 3417 1580 3487 [ili
1609 3417 1800 3472 David.
1838 3416 2015 3472 Turba

435 3518 609 3563 autem
651 3509 953 3579 increpabat
989 3524 1076 3564 eos
1101 3517 1158 3561 ut
1203 3517 1450 3562 tacerent.
1480 3508 1545 3560 At
1590 3506 1671 3561 illi
1704 3509 1870 3578 magis
1909 3506 2017 3561 cla-

436 3600 668 3666 mabant,
720 3599 1253 3666 dicentes:Domine,
1296 3600 1536 3654 miserere
1579 3600 1764 3666 uestri,
1794 3599 1874 3668 [ili
1899 3598 2014 3653 Da-

433 3693 715 3760 uid,etc..
1816 3689 1823 3691 ”
1899 3707 1903 3714 ·
1987 3699 1989 3702 ‘

508 3786 658 3842 Multi
689 3785 925 3843 latrones
961 3795 1119 3843 erant
1148 3786 1203 3840 in
1231 3784 1442 3842 Jerieho
1468 3787 1559 3856 qui
1591 3786 1931 3858 egredientes
1963 3793 2018 3841 et

437 3879 826 3935 descendentes
865 3879 929 3935 de
959 3876 1344 3949 Hierosolymis
1373 3877 1426 3931 in
1452 3876 1664 3932 Jerieho
1713 3876 2020 3933 interﬁcere

435 3981 492 4029 et
531 3971 816 4028 vulnerare
852 3979 1246 4026 consueverant
1289 3989 1302 4025 :
1354 3970 1555 4026 idcirco
1583 3970 1843 4026 Dominus
1872 3970 2019 4024 venit

435 4063 653 4120 Jerieho
675 4080 796 4119 cum
818 4063 1110 4134 discipulis,
1126 4072 1184 4118 ut
1205 4063 1456 4118 liberaret
1477 4062 1788 4117 vulneratos
1807 4070 1862 4117 et
1882 4060 2018 4116 mul-

440 4167 551 4212 tam
592 4157 807 4213 turbam
851 4171 1034 4212 secum
1079 4156 1336 4214 traheret.
1370 4156 1608 4226 Dcnique
1628 4157 1921 4226 postquam
1949 4156 2017 4211 ab

437 4247 655 4303 Jerieho
682 4247 852 4302 voluit
875 4248 1077 4319 egredi,
1109 4258 1284 4302 secuta
1307 4257 1381 4301 est
1411 4264 1528 4301 eum
1554 4248 1714 4321 turba,
1737 4248 1925 4302 multa.
1958 4246 2030 4302 Si'

437 4338 728 4393 mansisset
753 4337 1139 4409 llierosolymis
1165 4348 1219 4394 et
1254 4354 1527 4408 nunquam
1572 4340 1637 4394 ad
1672 4334 1899 4394 humilia
1928 4340 2019 4395 de-

438 4427 760 4492 scendisset,
791 4426 946 4482 turba
974 4443 1145 4496 usque
1192 4429 1351 4483 hodie
1376 4430 1584 4484 sederet
1615 4427 1935 4485 intenebris
1958 4429 2018 4485 "et

438 4517 633 4573 umbra
658 4517 866 4572 mortis.
894 4517 1000 4572 Sed
1027 4526 1082 4572 et
1125 4517 1230 4573 duo
1267 4519 1394 4573 caeci
1449 4529 1604 4574 erant
1637 4520 1795 4591 juxta
1840 4519 2013 4587 viam;

438 4623 614 4665 cateos
655 4607 908 4678 appellat,
937 4608 1029 4678 qui
1055 4608 1286 4663 necdum
1317 4608 1496 4664 dicere
1541 4615 1797 4678 poterant
1828 4609 1883 4664 in
1936 4609 2043 4664 lu-“

439 4701 587 4758 mine
629 4708 720 4756 tuo
750 4699 1050 4755 videbimus
1076 4699 1276 4753 lumen.
1314 4697 1484 4754 Secus
1525 4700 1667 4754 viam
1719 4699 1844 4770 quia
1864 4699 2019 4756 vide-

439 4793 639 4848 bantur
661 4789 877 4860 quidem
906 4790 1106 4844 habere
1131 4789 1262 4860 legis
1287 4790 1534 4845 notitiam
1560 4809 1580 4845 :-
1605 4792 1702 4847 sed
1726 4792 1868 4846 viam
1897 4791 2017 4862 quin

440 4880 688 4938 Christus
716 4888 799 4934 est
847 4879 1169 4951 ignorabant
1206 4895 1222 4934 :
1257 4896 1392 4950 quos
1433 4881 1676 4951 plerique
1716 4881 2018 4938 Pharisaios

440 4971 745 5042 intelligunt
766 4976 821 5024 et
837 4968 1180 5034 Sadducteos,
1201 4968 1749 5042 alii-vcro’utrumque
1763 4971 2017 5041 populum

441 5068 497 5114 et
522 5059 734 5114 Veteris
762 5057 1092 5113 Testamenti
1121 5066 1175 5112 et
1208 5055 1340 5112 Novi
1372 5076 1384 5114 :
1416 5059 1558 5128 quod
1585 5059 1723 5114 alter
1757 5061 2017 5129 scriptam

440 5149 638 5220 legem,
670 5148 806 5203 alter
837 5149 1138 5204 naturalem
1165 5163 1398 5220 sequens
1424 5150 1541 5210 sine
1585 5151 1808 5206 Christo
1840 5164 2034 5207 cacus

441 5247 580 5294 erat.
606 5239 669 5293 Hi
703 5240 831 5308 quia
859 5254 954 5309 per
985 5257 1042 5296 se
1068 5242 1249 5296 videre
1291 5256 1397 5295 nou
1431 5250 1702 5312 poterant,
1733 5244 2020 5299 audierunt

443 5331 713 5402 praeconia
741 5331 1038 5387 Salvatoris
1063 5340 1117 5387 et
1163 5330 1406 5390 confessi,
1442 5343 1570 5389 sunt
1612 5334 1782 5390 ﬁlium
1825 5335 2012 5390 David.

445 5418 540 5474 Sin
568 5428 746 5474 autem
785 5429 1010 5490 uterque
1055 5435 1228 5477 caecus
1257 5423 1489 5479 refertur
1521 5425 1588 5480 ad
1614 5424 1873 5496 populum
1923 5427 2019 5482 Ju-

443 5510 682 5566 dteorum
711 5533 723 5567 :
757 5512 860 5566 hoc
884 5511 1026 5580 quod
1055 5513 1326 5582 sequitur,
1363 5515 1662 5585 increpabat
1704 5532 1791 5570 eos
1838 5520 2013 5584 turba,

445 5616 607 5670 super
641 5602 884 5656 ethnicos
918 5601 1339 5672 intelligendum,
1381 5619 1515 5674 quos
1563 5603 2012 5673 Apostolus-mm

447 5700 699 5768 nct,.ne
747 5691 1042 5765 glorientur
1079 5703 1134 5750 et
1181 5694 1490 5765 superbiant
1537 5705 1732 5751 contra
1776 5699 2016 5756 radicem

2112 3255 2202 3294 vos
2233 3238 2423 3294 exaltet
2447 3238 2502 3292 in
2527 3247 2754 3310 tempore
2803 3239 3116 3293 uisitationis
3148 3253 3392 3295 :omnem
3434 3241 3699 3295 sollicitu-

2114 3329 2289 3384 dinem
2316 3341 2536 3386 uestram
2558 3331 2888 3401 projicientes
2910 3332 2965 3385 in
2995 3348 3133 3398 eum,
3174 3332 3416 3402 quoniam
3443 3333 3542 3404 ipsi
3567 3349 3699 3387 cura

2114 3431 2189 3477 est
2218 3423 2282 3476 de
2310 3422 2472 3488 vobis,
2499 3431 2607 3478 etc.

2187 3513 2361 3579 Modo,
2411 3515 2607 3570 fratres
2655 3501 2980 3580 charissimi,
3007 3515 3309 3572 audivimus
3350 3517 3569 3572 beatum
3597 3516 3697 3574 Pe-

2117 3611 2260 3659 trum
2308 3604 2609 3675 apostolum
2655 3605 2722 3658 ad
2765 3603 3126 3660 humilitatem
3168 3621 3268 3661 nos
3321 3607 3694 3664 cohortantem

2115 3703 2277 3765 atque
2307 3695 2598 3758 dicentem,
2625 3693 2976 3749 lmmiliamini
3012 3695 3126 3749 sub,
3157 3699 3354 3768 potenti
3391 3714 3551 3753 manu
3577 3701 3693 3754 Dei.

2117 3785 2305 3842 Manus
2332 3785 2427 3839 Dei
2468 3792 2711 3854 potestas
2741 3782 2859 3852 ejus
2897 3785 3056 3839 datur
3079 3785 3326 3857 intelligi,
3355 3789 3480 3857 quia
3510 3789 3564 3844 in
3588 3790 3697 3844 Deo

2117 3874 2515 3947 compaginatio
2538 3874 2906 3929 membrorum
2935 3891 3042 3930 non
3071 3876 3361 3944 invenitur,
3386 3881 3476 3949 qui
3498 3881 3696 3951 ubique

2117 3974 2173 4022 et
2203 3966 2257 4019 in
2288 3967 2539 4022 omnibus
2568 3972 2712 4021 tutus
2736 3964 2927 4035 plenus
2967 3973 3053 4021 est
3095 3975 3257 4038 atque
3285 3969 3573 4040 perfectus,
3601 3974 3694 4026 sed

2116 4072 2268 4113 more
2287 4057 2566 4112 hominum
2589 4057 2655 4112 de
2678 4058 2787 4113 Deo
2817 4056 3053 4128 loquitur
3073 4057 3352 4132 Scriptura
3379 4072 3438 4117 ut
3456 4066 3692 4134 apertius

2040 4159 2044 4166 '
2075 4157 2082 4170 '
2117 4147 2458 4217 majestatem
2503 4158 2664 4218 atque
2713 4150 3011 4219 potentiam
3049 4152 3129 4207 sui
3159 4154 3422 4211 creatoris
3452 4157 3691 4213 homines

2118 4241 2468 4312 intelligant:
2523 4251 2579 4296 et
2632 4241 2990 4312 intelligentes
3041 4259 3161 4315 quae
3219 4246 3288 4311 sit
3321 4246 3566 4304 voluntas
3601 4250 3690 4304 Dei

2117 4349 2280 4405 opere
2305 4334 2599 4405 adimplere
2624 4337 2972 4402 contendant,
3015 4338 3158 4395 unde
3196 4341 3387 4408 gaudia
3429 4343 3531 4398 sibi
3557 4359 3691 4398 sem-

2041 4427 2095 4524 ὑ
2119 4427 2334 4496 piterna
2369 4426 2712 4496 conquirant.
2745 4425 3020 4497 Sequitur,
3069 4438 3124 4482 ut
3156 4446 3243 4485 vos
3264 4431 3457 4486 exultet
3484 4434 3538 4488 in
3564 4444 3686 4488 tem-

2119 4535 2243 4589 pore
2268 4516 2601 4572 uisitationis.
2619 4514 2756 4582 Quia
2775 4517 3020 4586 quisquis
3042 4519 3130 4574 hic
3156 4518 3210 4573 in
3225 4523 3478 4590 prmsenti
3503 4525 3689 4582 saeculo

2117 4607 2234 4678 ejus
2261 4623 2321 4664 se
2345 4607 2645 4664 subdiderit
2669 4606 2933 4663 voluntati
2960 4616 3017 4664 et
3058 4611 3342 4681 praeceptis
3366 4611 3484 4681 ejus
3510 4631 3688 4671 assen-

2119 4716 2237 4756 sum
2287 4699 2732 4766 commodaverit,
2785 4708 2840 4756 et
2884 4715 2972 4767 ea,
3001 4711 3262 4772 quantum
3315 4705 3498 4761 divina
3527 4711 3688 4780 gratia

2116 4804 2277 4864 posse
2317 4789 2546 4857 dederit,
2562 4780 2826 4861 operibus
2876 4791 3172 4862 adimplere
3216 4798 3476 4868 sategerit
3521 4801 3692 4856 camis

2119 4881 2428 4952 superbiam
2466 4881 2814 4948 conterendo,
2846 4880 2902 4935 in
2942 4881 3029 4937 die
3079 4882 3283 4940 ultima:
3329 4888 3695 4948 retributionis

2117 4971 2444 5027 exaltabitur
2470 4987 2502 5026 a
2537 4972 2766 5028 Domino
2790 4982 2954 5042 atque
3005 4974 3074 5029 ad
3102 4985 3318 5033 aeternae
3347 4979 3696 5040 beatitudinis

2117 5063 2338 5134 praemia
2365 5063 2690 5134 perducetur
2715 5078 2729 5118 :
2771 5062 2988 5119 Omnem
3025 5065 3428 5124 sollicitudinem
3455 5084 3691 5141 vestram,

2117 5155 2448 5224 projicientes
2474 5155 2531 5210 in
2566 5171 2683 5208 eum
2705 5170 2724 5209 :
2751 5156 2997 5224 quoniam
3023 5156 3122 5227 ipsi
3159 5174 3288 5212 cura
3313 5170 3386 5214 est
3417 5162 3484 5217 de
3509 5164 3646 5218 vobis
3674 5179 3693 5216 :

2118 5255 2179 5300 ut
2202 5243 2485 5300 Psalmista
2530 5259 2630 5299 nos
2664 5244 2940 5311 admonet,
2975 5247 3184 5313 dicens,
3223 5248 3374 5319 facta
3414 5254 3692 5324 cogitatum

2123 5347 2272 5391 tuum
2298 5337 2358 5390 in
2380 5335 2550 5390 Deum
2569 5345 2617 5390 et
2642 5337 2749 5405 ipse
2776 5344 2825 5390 te
2849 5339 3091 5392 enutriet.
3125 5338 3193 5393 Et
3234 5340 3382 5406 alibi,
3408 5355 3693 5413 querentes

2087 5459 2089 5462 ι
2123 5436 2296 5480 autem
2330 5425 2611 5480 Dominum
2649 5441 2752 5479 non
2799 5425 3040 5494 deﬁcient
3077 5430 3217 5483 omni
3267 5430 3420 5485 bono.
3473 5432 3542 5488 Et
3583 5433 3693 5504 ipse

2121 5518 2382 5574 Dominus
2408 5518 2460 5572 in
2490 5517 2814 5588 Evangelio:
2850 5517 3029 5572 Nolite
3055 5519 3267 5574 solliciti
3313 5538 3422 5597 esse
3468 5521 3694 5580 dicentes

2119 5609 2245 5680 quid
2267 5607 2696 5661 manducabimus
2723 5618 2813 5660 aut
2836 5608 2960 5678 quid
2985 5607 3214 5662 bibemus
3237 5607 3365 5664 :scit
3388 5612 3524 5664 enim
3549 5621 3695 5681 pater

2088 5711 2286 5757 wrester
2307 5699 2428 5766 quia
2469 5698 2548 5752 his
2577 5697 2815 5753 omnibus
2844 5699 3104 5770 indigetis.
3148 5699 3378 5764 Quwrite
3427 5717 3550 5769 ergo
3582 5702 3688 5770 prio
