3974 6364
217 342 393 421 32s

1325 336 1632 397 HOHILUE
1672 336 1740 394 IN
1776 336 2028 394 EVANG.
2070 338 2161 394 ET
2203 338 2418 397 EPIST.

3376 340 3488 408 3‘28

220 472 365 510 munt
395 468 610 526 regnum
624 452 720 509 Dei
746 461 794 507 et
807 452 1068 523 justitiam
1098 450 1233 522 ejus,
1252 460 1299 506 et
1318 450 1432 505 Ittt'c
1449 449 1636 503 'omnia
1659 447 1801 518 adji-
1827 452 1877 511 Α
1903 448 2231 503 vescendum
2260 448 2463 519 recepti
2485 456 2633 515 sunt,
2659 450 2803 519 quod
2832 450 3077 508 videntes
3099 453 3359 513 Pharisaei
3391 458 3489 514 de-

216 551 426 603 cientur
452 547 612 603 vobis.

292 638 470 695 Sobrii
513 648 673 693 estote
722 648 769 692 et
816 636 1043 708 rigilale.
1080 633 1306 706 Semper
1346 636 1399 689 in
1432 635 1724 690 sobrietate
1747 641 1803 688 et

214 732 491 789 modestia
520 732 772 786 habetote
800 738 1037 785 vestram
1077 730 1245 783 vitam
1294 736 1543 783 carentes
1588 740 1804 797 semper

220 824 424 878 astutia
452 822 674 886 diaboli,
703 829 757 875 et
785 821 999 893 vigilate
1039 819 1242 891 jugiter
1278 820 1331 875 in
1361 817 1603 874 custodia
1653 833 1805 872 tuan-

217 912 476 968 datorum
520 912 612 967 Dei
662 920 718 967 et
764 913 822 967 in
853 912 1098 968 custodia
1145 910 1445 966 animarum
1478 917 1801 964 vestrarum.

220 1000 487 1071 Sequitur
508 1019 521 1055 :

295 1090 437 1157 Quia
479 1091 811 1146 adversarius
844 1099 1006 1147 uester
1032 1090 1273 1145 diabolus
1299 1098 1549 1161 tanquam
1597 1087 1678 1142 leo
1708 1103 1803 1142 rn-

217 1180 373 1250 giens
419 1182 603 1235 circuit
634 1197 873 1252 qurerens
913 1198 1066 1252 quem
1093 1180 1319 1236 devoret.
1369 1178 1622 1234 Diabolus
1658 1177 1802 1233 enim

215 1284 502 1339 nunquam
535 1270 830 1337 dormiens,
870 1285 1142 1342 nunquam
1170 1272 1238 1325 ab
1278 1270 1490 1326 insidiis
1525 1269 1801 1324 hominum

217 1362 574 1429 requiescens
630 1375 842 1433 semper
871 1362 960 1418 die
1003 1371 1059 1418 et
1092 1372 1252 1418 nocte
1299 1362 1494 1417 circuit
1541 1360 1802 1416 tentando

216 1461 277 1506 et
324 1453 547 1509 insidias
589 1455 837 1525 ponendo
863 1455 1170 1510 hominibus
1211 1454 1440 1524 qualiter
1476 1467 1801 1524 quemquam

214 1541 438 1598 illorum
468 1540 610 1615 quod
639 1545 731 1600 Dei
762 1546 1024 1601 voluntati
1058 1545 1286 1615 subjecti
1313 1554 1441 1601 sunt
1490 1560 1587 1601 sna
1627 1544 1802 1600 valeat

213 1635 563 1706 suggestione
612 1636 879 1706 decipere.
936 1636 1188 1703 Quarrens
1232 1653 1384 1709 quem
1434 1636 1658 1701 devoret,
1692 1651 1799 1690 non

207 1740 472 1794 corpore,
510 1723 604 1780 sed
652 1726 829 1780 anima
857 1740 1125 1797 quemque
1151 1727 1219 1782 ad
1249 1728 1443 1782 nociva
1488 1735 1544 1782 et
1587 1727 1798 1782 inutilia

210 1816 400 1871 valeat
441 1817 759 1888 pertrahere
787 1819 1021 1873 carnalia
1052 1820 1341 1875 desideria.
1638 1830 1643 1835 '

287 1905 393 1961 Cui
438 1908 658 1962 resistite
711 1908 872 1977 fortes
922 1911 977 1964 in
1024 1910 1148 1980 ﬁde.
1208 1909 1469 1982 Exemplo
1506 1907 1707 1966 Christi
1748 1920 1805 1964 et

209 2004 532 2051 sanctorum
564 1994 1135 2064 ejus.contemnentes
1183 1998 1520 2054 dulcedinem
1570 1998 1806 2054 carnalis

209 2089 670 2158 concupiscentiae
708 2096 764 2143 et
809 2089 1155 2145 recordantes
1190 2090 1410 2161 iugiter,
1438 2092 1568 2160 quid
1600 2091 1669 2145 sit
1701 2091 1805 2146 illis

204 2178 602 2234 amaritudinis
625 2188 984 2250 praeparatum
1028 2182 1120 2251 qui
1155 2182 1438 2238 desideriis
1462 2185 1692 2239 terrenis
1718 2184 1801 2239 in-

204 2269 484 2333 serviunt,
509 2284 611 2324 nec
631 2271 874 2325 converti
898 2287 931 2324 a
956 2271 1158 2327 malitia
1180 2289 1276 2328 sua
1305 2287 1403 2344 per
1425 2274 1802 2344 pmnitentiam

208 2359 406 2416 volunt
434 2378 446 2413 :
472 2359 581 2415 Nos
613 2376 743 2429 ergo
768 2363 998 2419 lideliter
1024 2365 1252 2421 Domino
1277 2368 1559 2423 adhmrere
1587 2377 1803 2440 satagao

206 2456 361 2517 mus,
405 2451 631 2522 ejusque
670 2450 945 2525 praecepta
977 2455 1183 2526 jugitcr
1224 2459 1569 2527 meditemur,
1623 2462 1806 2518 carnis

206 2553 419 2599 nostra:
464 2544 731 2600 desideria
766 2554 1113 2606 conteramus
1145 2560 1200 2607 et
1229 2552 1551 2608 resistamus
1590 2552 1806 2610 fortiter

208 2635 437 2706 diabolo
461 2637 604 2692 hosti
626 2638 985 2719 nequissimo,
1009 2642 1060 2696 in
1088 2642 1190 2698 llde
1216 2627 1463 2710 recta,'in
1491 2658 1584 2717 spe
1608 2646 1801 2702 ﬁrma:

208 2742 243 2781 a
276 2726 495 2809 Domini
527 2728 620 2783 Dei
642 2726 1031 2809 omnipotentis
1053 2735 1425 2792 misericordia
1459 2738 1512 2792 in
1534 2739 1806 2795 charitate

206 2808 459 2890 perfecta
486 2818 553 2876 a'd
579 2823 862 2877 scrvitium
890 2818 1008 2892 ejus
1034 2826 1087 2880 in
1107 2829 1393 2897 operibus;
1417 2831 1807 2888 misericordia)

212 2918 276 2964 et
324 2910 561 2980 pietatis,
587 2920 648 2966 ut
681 2911 799 2981 ejus
845 2913 1107 2986 largiente
1134 2918 1305 2987 gratia
1336 2935 1642 2975 mercamur
1662 2929 1718 2976 et
1741 2922 1807 2977 de

212 3000 381 3056 hoste
412 3002 736 3073 triumphum
787 3013 843 3059 et
867 3013 1083 3063 aeternae
1117 3008 1468 3066 beatitudinis
1501 3012 1802 3082 prtcmium.

210 3089 482 3160 Sequitur
511 3108 526 3145 :

1904 536 2105 607 dignati
2134 546 2282 603 sunt,
2305 539 2431 608 quia
2462 554 2586 593 vera
2607 539 2817 609 justitia
2841 544 3269 611 compassionem
3295 546 3484 615 habet,

1905 628 2038 683 falsa
2061 627 2275 698 justitia
2294 630 2751 701 dedignationem,
2774 633 3022 701 quamvis
3042 642 3099 687 et
3112 632 3243 701 justi
3273 635 3487 694 soleant

1893 732 2050 780 recte
2090 724 2470 795 peccatoribus
2520 724 2806 796 indignari.
2856 725 2962 781 Sed
3000 734 3085 781 est
3134 727 3278 783 aliud
3340 730 3486 800 quod

1903 813 2082 884 agitur
2126 823 2254 884 typo
2300 814 2586 884 superbiae,
2641 814 2784 869 aliud
2809 814 2952 884 quod
2994 815 3113 871 zelo
3162 818 3481 889 disciplinae,

1905 906 2001 963 sed
2035 907 2125 975 qui
2151 907 2279 978 aegri
2310 917 2467 962 erant
2487 908 2582 972 ita,
2613 917 2674 962 ut
2702 923 2877 978 aegros
2921 924 2982 964 se
3022 924 3146 966 esse
3175 912 3485 968 nescirent:

1904 1005 2175 1065 quatenus
2211 998 2353 1066 quod
2380 1006 2535 1052 erant
2575 1007 2934 1065 agnoscerent
2962 1000 3201 1055 caelestis
3228 1017 3323 1057 eos
3369 1017 3489 1058 me-

1903 1086 2059 1143 dicus
2086 1088 2297 1143 blandis
2326 1086 2580 1143 fomentis
2630 1098 2805 1152 curat,
2856 1090 3147 1160 benignum
3174 1093 3492 1163 paradigtna

1902 1179 2110 1250 objicit,
2139 1187 2196 1235 et
2244 1180 2298 1234 in
2352 1194 2541 1234 eorum
2585 1180 2749 1235 corde
2780 1180 3022 1241 vulneris
3067 1191 3336 1240 tumorem
3363 1198 3493 1255 pre-

1902 1271 2023 1325 mit.
2046 1271 2139 1325 Ait
2166 1286 2399 1340 namque
2424 1287 2438 1323 :

1974 1360 2108 1426 Quis
2143 1376 2207 1415 ea:
2233 1361 2371 1415 vobis
2398 1360 2574 1424 homo,
2602 1361 2691 1427 qui
2717 1362 2871 1416 habet
2919 1370 3126 1417 centum
3172 1379 3316 1429 oves,
3355 1372 3404 1418 et
3439 1365 3488 1418 si

1898 1453 2183 1525 perdiderit
2235 1470 2397 1508 unam
2446 1470 2511 1508 ea:
2562 1452 2690 1518 illis,
2733 1471 2902 1508 nonne
2943 1455 3160 1508 dimittit
3197 1456 3486 1526 nonaginta

1901 1560 2081 1599 novem
2117 1545 2175 1599 in
2220 1544 2443 1609 deserto,
2473 1554 2520 1598 et
2559 1545 2698 1599 vadit
2719 1545 2787 1599 ad
2811 1544 2955 1598 illam
2998 1559 3115 1616 qua:
3141 1547 3365 1617 perierat
3390 1546 3491 1600 do-

1900 1656 1994 1694 nec
2028 1640 2254 1695 inveniat
2284 1639 2471 1692 illam?
2494 1638 2634 1693 Ecce
2674 1637 2813 1691 mira
2843 1636 3245 1706 dispensatione
3266 1637 3489 1706 pietatis

1902 1731 2313 1786 similitudinem
2330 1730 2542 1786 Veritas
2562 1729 2732 1795 dedit,
2753 1744 2916 1799 quam
2942 1736 2999 1783 et
3025 1729 3078 1782 in
3097 1743 3155 1783 se
3178 1729 3293 1798 ipse
3324 1729 3487 1783 homo

1832 1807 1879 1868 Β
1911 1833 2343 1895 recognosceret,
2379 1832 2435 1877 et
2484 1831 2662 1876 tamen
2708 1822 2825 1876 haec
2854 1820 3164 1890 specialiter
3198 1820 3265 1874 ad
3312 1821 3491 1890 ipsum

1909 1922 2188 1969 auctorem
2237 1912 2515 1968 hominum
2541 1909 2858 1981 pertineret.
2885 1907 3024 1975 Quia
3061 1910 3205 1963 enim
3234 1918 3492 1964 centena-

1906 2006 2023 2060 rius
2043 2013 2128 2061 est
2165 2017 2423 2059 numerus
2463 2001 2760 2072 perfectus,
2811 2002 2927 2070 ipse
2967 2009 3187 2055 centum
3217 2016 3347 2056 oves
3398 2002 3493 2054 ha-

1906 2092 2047 2159 buit,
2077 2107 2201 2148 cum
2228 2092 2557 2163 Angelorum
2582 2090 2943 2145 substantiam
2967 2098 3021 2144 et
3042 2090 3320 2145 hominum
3337 2104 3495 2145 crea-

1906 2185 1986 2239 vit
2040 2202 2054 2238 :
2092 2185 2186 2241 sed
2234 2200 2339 2239 una
2386 2185 2503 2239 ovis
2552 2190 2678 2238 tunc.
2720 2184 2928 2252 periit:
2961 2184 3179 2254 quando
3216 2182 3493 2254 peccando

1907 2266 2083 2328 homo
2114 2288 2316 2342 pascua
2350 2272 2475 2327 vitae
2501 2272 2806 2340 dereliquit.
2850 2272 3064 2327 Dimisit
3091 2282 3273 2327 autem
3322 2287 3494 2327 nona-

1904 2366 2056 2438 ginta
2083 2381 2275 2421 novem
2296 2381 2428 2421 oves
2454 2366 2508 2421 ln
2539 2366 2772 2428 deserto,
2805 2366 2934 2436 quia
2966 2365 3089 2421 illos
3111 2381 3354 2421 summos
3375 2364 3490 2419 An-

1906 2455 2151 2527 gelorum
2190 2455 2391 2511 choros
2426 2453 2644 2524 reliquit
2673 2456 2726 2510 in
2755 2456 2911 2510 caelo.
2942 2454 3054 2512 Cur
3078 2463 3261 2511 autem
3289 2457 3485 2512 cmlum

1906 2546 2180 2601 desertum
2208 2554 2456 2611 vocatur,
2496 2546 2600 2601 nisi
2626 2547 2771 2617 quod
2794 2547 3075 2602 desertum
3101 2548 3300 2603 dicitur
3336 2547 3496 2604 dere.

1906 2633 2113 2698 lictum,
2144 2642 2275 2690 tunc
2295 2643 2478 2691 autem
2498 2635 2695 2691 ctelum
2724 2636 2887 2690 homo
2911 2637 3168 2701 deseruit,
3184 2684 3187 2685 ν
3203 2652 3326 2692 cum
3363 2652 3493 2709 pec-

1907 2726 2066 2781 cavit.
2114 2724 2171 2781 ln
2203 2727 2420 2791 deserto
2445 2735 2625 2782 autem
2656 2727 2950 2798 nonaginta
2994 2743 3184 2783 novem
3238 2742 3372 2784 oves
3407 2741 3497 2783 re-

1907 2826 2241 2882 manserant,
2265 2820 2484 2888 quando
2522 2818 2577 2873 in
2609 2828 2752 2873 terra
2796 2819 3057 2874 Dominus
3080 2835 3243 2874 unam
3279 2834 3517 2891 qumreo-

1906 2910 2004 2966 bat
2040 2928 2054 2965 :
2091 2911 2219 2981 quia
2269 2911 2550 2967 rationalis
2574 2919 2839 2967 creatura:
2885 2927 3144 2968 numerus
3178 2913 3491 2985 angelorum

1906 2998 2163 3054 videlicet
2190 3008 2247 3055 et
2273 3000 2576 3067 hominum,
2615 3002 2705 3071 qui
2738 2999 2805 3055 ad
2848 3001 3136 3056 videndum
3175 3003 3344 3057 Deum
3367 3018 3497 3057 con-

1906 3090 2008 3147 diti
2056 3090 2269 3147 fuerant
2295 3101 2556 3161 pereunte
2588 3092 2808 3147 homine
2832 3099 2955 3146 erat
2989 3092 3328 3157 innninutus,
3354 3096 3496 3147 et'nt

282 3180 435 3235 :Deus
463 3189 636 3236 autem
679 3184 847 3239 omnis
872 3186 1076 3256 gratim,
1106 3187 1195 3257 qui
1225 3192 1422 3245 υοεαυὶι
1452 3208 1544 3247 nos
1574 3194 1629 3248 ίη
1651 3203 1802 3249 aq"-
1828 3169 1873 3234 C
1904 3182 2195 3253 perfectius
2215 3197 2425 3238 summa
2448 3182 2630 3237 ovium
2657 3184 3020 3254 integraretur
3039 3183 3094 3236 in
3116 3182 3253 3237 c0310
3286 3199 3300 3235 :
3333 3183 3497 3237 homo

209 3286 343 3327 nam
394 3278 546 3326 suam
592 3272 814 3353 gloriam
865 3276 918 3329 in
949 3274 1178 3344 Christo,
1232 3295 1332 3350 per
1374 3282 1802 3340 incarnationem

210 3362 481 3434 unigeniti
531 3352 633 3419 lilii.
660 3363 744 3418 sui
802 3380 962 3436 quem
1001 3382 1099 3437 pro
1149 3370 1334 3425 mundi
1373 3372 1523 3427 misit
1554 3375 1689 3431 mori
1720 3389 1807 3430 sa-

209 3450 351 3508 luto.

283 3542 559 3598 Modicum
585 3561 793 3616 passus.
816 3546 917 3615 Qui
948 3549 1002 3604 in
1033 3549 1135 3605 hoc
1178 3553 1381 3607 mundo
1406 3556 1654 3624 quamvis
1683 3572 1804 3615 mo-

205 3634 319 3691 dici
342 3637 622 3705 temporis,
647 3637 847 3693 multas
874 3631 1133 3697 sustinuit
1155 3658 1254 3714 pro
1282 3646 1439 3700 nobis
1464 3647 1711 3721 injurias,
1735 3648 1805 3704 ad

207 3728 466 3784 ultimum
516 3730 679 3785 etiam
715 3730 1007 3788 cru'cilixus
1054 3743 1139 3790 est
1189 3745 1245 3791 et
1300 3738 1516 3794 occisus
1551 3748 1655 3805 est,
1707 3755 1805 3810 pro

209 3821 587 3890 redemptione
641 3826 828 3878 noStra
865 3840 878 3880 :
914 3834 968 3880 et
1007 3825 1143 3881 mori
1188 3827 1437 3897 dignatus
1468 3837 1553 3883 est
1581 3845 1679 3898 pro
1711 3844 1805 3884 no-

205 3911 313 3977 bis,
343 3911 725 3984 ‘modicumque
754 3916 1013 3984 temporis
1036 3925 1281 3972 retentus
1303 3934 1333 3972 a
1363 3930 1560 3987 morte,
1593 3923 1803 3976 statim-

204 4018 316 4074 que
353 4004 443 4059 die
494 4006 792 4061 resurrexit
838 4000 1021 4075 tertia,
1072 4010 1186 4080 ipse
1213 4010 1461 4083 perﬁciet
1502 4013 1702 4069 bonum
1747 4014 1803 4068 in

203 4088 374 4149 nobis
399 4094 543 4163 quod
574 4106 814 4165 coeperat
862 4090 875 4151 ἐ
919 4114 1124 4170 nosque
1152 4100 1203 4153 in
1240 4117 1336 4155 sua
1377 4118 1591 4172 semper
1617 4105 1805 4160 volun-

205 4192 327 4241 tate
363 4191 419 4238 et
438 4184 492 4239 in
516 4186 693 4241 divina
716 4187 977 4261 religione
1001 4191 1288 4247 conﬁrmet
1309 4201 1365 4249 et
1385 4195 1721 4263 corroboret,
1750 4204 1804 4253 et

203 4276 260 4330 in
291 4278 706 4345 perseverantia
726 4280 994 4335 benorum
1021 4296 1245 4352 operum
1270 4283 1375 4355 ipsi
1405 4285 1575 4357 gloria
1613 4295 1669 4343 et
1688 4274 1803 4343 im-

203 4367 448 4437 perium,
464 4365 583 4425 laus
604 4377 659 4425 et
675 4371 974 4442 gratiarum
996 4373 1137 4429 actio
1159 4374 1215 4429 in
1235 4376 1433 4432 saecula
1457 4378 1798 4434 saaculorum.

204 4457 407 4513 Amen.

706 4575 1058 4649 HOMILIA
1095 4577 1285 4638 xcv.

789 4708 925 4748 ιτει
948 4709 1020 4750 υτ
1044 4710 1232 4751 δυνιιΑ.

350 4797 544 4856 Lectio
577 4802 752 4858 sancti
779 4802 1055 4876 Evangelii
1094 4805 1388 4862 secundum
1429 4805 1651 4864 Lucam.

276 4909 348 4966 In
388 4909 482 4965 illo
535 4920 763 4985 tempore
804 4925 954 4970 erant
995 4917 1472 4989 appropinquantes
1515 4920 1584 4974 ad
1618 4920 1801 4977 Iesum

200 5003 480 5074 publicani
503 5016 549 5059 et
588 5015 883 5075 peccatores
907 5017 961 5060 ut
991 5008 1233 5063 audirent
1262 5006 1433 5063 illum.
1467 5007 1536 5063 Et
1563 5026 1801 5067 murmu-

204 5099 400 5153 rabant
433 5096 696 5154 Pharisa'i
734 5110 782 5154 et
823 5099 1044 5168 Scribis,
1084 5102 1333 5169 dicentes,
1362 5105 1488 5175 quia
1510 5104 1596 5160 hic
1618 5123 1803 5177 pecca-

202 5199 347 5244 tores
378 5189 560 5260 recipit
583 5199 631 5245 et
662 5191 947 5269 manducet
976 5211 1096 5248 cum
1119 5192 1247 5251 illis.

275 5279 425 5349 Quia
469 5297 574 5336 non
607 5280 997 5352 solum‘justus
1025 5299 1255 5355 peccare
1281 5301 1379 5357 per
1398 5287 1675 5355 inertiam,
1704 5288 1803 5347 sed

202 5380 259 5427 et
301 5366 564 5443 peccator
586 5365 918 5444 resipiscere
946 5364 1043 5445 per
1089 5376 1365 5435 solertiam
1394 5388 1597 5451 potest,
1651 5388 1800 5451 post-

202 5464 385 5535 quam
418 5460 853 5543 sal‘infatnatum
902 5462 1051 5523 foras
1099 5469 1241 5524 mitti
1270 5470 1468 5527 debere
1504 5480 1799 5543 [narratum

202 5562 310 5618 est,
332 5540 492 5609 Ἰηὸί
509 5554 887 5627 poenitentium
917 5543 1114 5613 cohors
1162 5558 1309 5614 intus
1333 5540 1569 5619 admissa
1595 5561 1799 5618 descri-

203 5643 375 5709 bitur,
406 5646 498 5715 qui
531 5645 597 5701 ad
628 5645 956 5702 audiendum
983 5647 1078 5704 Dei
1100 5648 1326 5705 verbum
1358 5652 1799 5723 appropinquan-

204 5742 312 5803 tes,
342 5750 451 5794 non
483 5736 653 5794 soluat
679 5737 745 5795 ad
773 5739 1210 5812 colloquendum,
1242 5742 1338 5800 sed
1370 5744 1536 5800 etiam
1565 5745 1632 5801 ad
1659 5761 1793 5802 cou-

1905 3273 2148 3343 perditus
2170 3273 2519 3343 quaerebatur
2542 3274 2595 3328 in
2618 3281 2782 3330 terra.

1980 3371 2192 3428 Etcum
2241 3372 2493 3427 invenerit
2533 3371 2681 3426 illam
2737 3372 2957 3443 imponit
3002 3372 3057 3425 in
3087 3372 3332 3425 humeros
3373 3387 3496 3425 suos

1905 3464 2162 3536 gaudens.
2211 3463 2379 3520 Ovem
2412 3464 2466 3519 in
2508 3464 2752 3519 humeris
2779 3464 2893 3519 suis
2926 3464 3182 3534 imposuit
3217 3464 3345 3534 quia
3397 3464 3499 3517 hn-

1904 3569 2126 3610 ntanam
2161 3563 2412 3611 naturam
2439 3555 2738 3627 suscipiens
2764 3564 2986 3626 peccata
3018 3562 3203 3610 nostra
3232 3554 3346 3626 ipse
3374 3568 3499 3625 por-

1904 3645 2062 3699 tavit.

1976 3734 2047 3789 Et
2069 3734 2277 3791 ueniens
2305 3736 2543 3802 domum,
2573 3744 2821 3790 conuocat
2850 3737 3047 3791 amicos
3071 3746 3122 3790 et
3152 3736 3372 3800 vicinos,
3411 3733 3507 3789 di-

1906 3841 2025 3879 cens
2068 3824 2174 3880 illis
2221 3838 2241 3876 :
2283 3824 2741 3896 Congratulantini
2772 3826 2918 3891 mihi,
2948 3828 3074 3897 quia
3125 3826 3299 3881 inveni
3352 3840 3495 3881 ovem

1904 3932 2023 3986 qua:
2077 3918 2322 3986 perierat.
2366 3916 2587 3973 lnventa
2635 3931 2737 3973 ove
2792 3918 2859 3972 ad
2916 3918 3135 3972 domum
3166 3919 3327 3973 rediit
3370 3918 3499 3988 quia

1906 4014 2097 4075 pastor
2120 4015 2311 4062 noster
2336 4004 2589 4077 reparato
2616 4008 2838 4063 homine
2862 4009 2928 4063 ad
2969 4022 3196 4081 regnum
3224 4009 3404 4073 rediit,
3425 4008 3497 4064 ibi

1907 4096 2115 4151 amicos
2159 4105 2214 4152 et
2242 4096 2451 4152 vicinos
2481 4096 2706 4163 invenit,
2740 4097 2860 4153 illos
2882 4097 3134 4153 videlicet
3182 4098 3499 4170 angelorum

1903 4187 2124 4251 choros,
2178 4186 2271 4256 qui
2301 4186 2460 4240 amici
2509 4187 2627 4255 ejus
2674 4198 2821 4253 sunt,
2849 4189 2976 4259 quia
3012 4187 3344 4244 voluntatem
3380 4189 3499 4260 ejus

1904 4279 2160 4336 continue
2184 4278 2238 4334 in
2264 4295 2361 4333 sua
2392 4280 2686 4335 stabilitate
2711 4280 3023 4337 custodiunt
3047 4300 3060 4335 :
3086 4281 3247 4336 vicini
3279 4294 3501 4353 quoque

1905 4368 2023 4440 ejus
2043 4378 2171 4426 sunt
2202 4369 2330 4441 quia
2361 4369 2608 4425 claritate
2638 4371 2864 4427 visionis
2890 4370 3033 4444 illius
3056 4386 3154 4426 sua
3174 4371 3498 4427 assiduitate
3542 4396 3547 4402 ι

1905 4462 2278 4535 perfruuntur,
2306 4470 2364 4518 et
2407 4464 2703 4518 notandum
2738 4464 2881 4534 quod
2917 4481 3023 4521 non
3076 4465 3241 4532 dicat,
3268 4480 3499 4538 congra-

1824 4526 1880 4590 Ῑ)
1908 4526 2154 4610 ίιιιωιιίηἰ
2197 4526 2286 4611 ovi
2316 4555 2568 4621 iuventte,
2620 4557 2716 4611 sed
2756 4526 2897 4612 .mibi
2926 4557 3053 4627 quia
3097 4526 3351 4614 videlicet
3374 4526 3500 4629 ejus

1907 4655 1993 4703 est
2019 4647 2272 4719 gaudium
2314 4649 2425 4702 vita
2461 4657 2669 4714 nostra,
2700 4657 2757 4703 et
2800 4662 2924 4704 cum
2955 4664 3057 4704 nos
3085 4650 3151 4704 ad
3175 4650 3372 4705 caelum
3407 4658 3495 4705 re—

1906 4736 2180 4804 ducimur,
2202 4737 2604 4793 solemnitatem
2630 4737 2829 4793 laetitia:
2853 4737 2997 4793 illius
3026 4740 3333 4810 implemus.

1977 4828 2113 4885 Dico
2135 4831 2274 4887 vobis
2297 4832 2437 4902 quod
2461 4832 2535 4886 ita
2564 4831 2817 4902 gaudium
2842 4832 2937 4886 erit
2971 4832 3025 4885 in
3053 4830 3180 4886 cazlo
3210 4846 3369 4903 super
3389 4848 3493 4886 uno

1906 4933 2178 4996 peccatore
2200 4924 2558 4994 pwnitentiam
2596 4932 2778 4995 agente
2803 4939 2961 4995 quam
2994 4938 3151 4994 super
3207 4922 3492 4991 nonaginta

1903 5033 2084 5072 novent
2124 5017 2288 5088 justis
2332 5018 2422 5089 qui
2478 5033 2583 5072 non
2626 5017 2859 5087 indigent
2905 5014 3227 5087 paenitentia.
3266 5013 3393 5070 Plus
3422 5013 3493 5069 de

1902 5110 2184 5166 conversis
2242 5109 2641 5181 peccatoribus,
2698 5125 2860 5180 quam
2915 5110 2983 5164 de
3035 5108 3306 5164 stantibus
3328 5102 3493 5177 iustis

1902 5201 2156 5272 gaudium
2201 5202 2310 5257 erit
2335 5202 2392 5257 in
2420 5201 2582 5266 caelo,
2611 5202 2737 5271 quia
2763 5202 3083 5272 plerumque
3126 5200 3181 5256 hi
3205 5200 3295 5271 qui
3326 5199 3494 5255 nullis

1903 5308 2276 5365 seoppressos
2315 5303 2662 5365 peccatorum
2703 5294 2943 5350 molibus
2959 5294 3157 5360 sciunt,
3200 5282 3493 5362 stantqui'd
3568 5301 3573 5309 '

1906 5385 2029 5440 dem
2064 5384 2119 5439 in
2150 5385 2234 5440 via
2271 5383 2520 5455 iustitiae,-
2546 5384 2691 5441 nulla
2714 5384 2896 5440 illicita
2920 5393 3255 5456 perpetrant,
3285 5382 3381 5439 sed
3411 5389 3493 5436 ιιι-
3559 5380 3569 5467 ξ

1906 5491 2031 5531 men
2060 5476 2129 5532 ad
2155 5476 2435 5534 caelestem
2462 5477 2694 5547 patriam
2718 5476 2879 5532 anxie
2916 5475 3023 5532 non
3045 5477 3320 5544 anhelant,
3366 5482 3495 5530 ωι-
3552 5486 3567 5544 _'

1906 5566 2198 5639 t(Millesibi
2240 5567 2297 5622 in
2330 5569 2491 5623 rebus
2518 5566 2681 5622 licitis
2724 5582 2882 5621 usum
2910 5567 3171 5638 praebent,
3200 5574 3405 5639 quanto
3432 5568 3517 5620 se"
3572 5564 3575 5567 “

1903 5667 2248 5731 perpetrasse
2277 5661 2463 5717 illicita
2500 5660 2647 5714 nulla
2675 5661 3056 5733 meminerunt.
3085 5660 3154 5716 Et
3177 5659 3499 5730 plerumque
3568 5654 3569 5657 “

1905 5750 2044 5821 pigri
2081 5762 2368 5809 remanent
2418 5752 2487 5807 ad
2533 5752 2853 5827 exercenda
2890 5750 3028 5809 bona
3054 5750 3345 5822 praecipua,
3365 5748 3495 5823 quia
3526 5758 3532 5766 ‘
