3974 6364
510 319 615 376 327

1172 313 1233 366 Β.
1276 310 1528 365 RABANI
1568 309 1786 367 MAURl
1823 308 2140 365 ARCHIEP.
2183 308 2489 367 MOGUNT.
2528 309 2814 367 OPERUM
2850 308 3030 364 PARS
3068 306 3129 362 ll.

3667 303 3774 361 5%

510 428 668 485 valde
687 424 861 482 securi
891 430 1036 489 sunt,
1060 423 1202 493 quod
1229 423 1374 478 nulla
1398 422 1771 478 commiserint
1797 421 1934 478 mala
1958 437 2083 493 gra-
2111 426 2158 486 Α
2187 439 2357 492 opere,
2385 423 2562 477 omnia
2606 424 2662 477 in
2694 423 2900 478 nomine
2925 421 3139 476 Domini
3166 420 3318 487 Iesu,
3339 419 3537 490 gratias
3558 429 3774 490 agentes

509 533 687 662 uti:
705 625 822 678 qua:
843 605 1032 660 mulier
1058 605 1250 658 habens
1273 605 1551 658 drachmas
1572 605 1766 670 decem,
1789 605 1835 659 si
1853 604 2089 674 perdide-

511 701 579 755 rit
601 700 906 754 drachmam
932 715 1113 762 unam,
1138 715 1306 750 nonne
1325 699 1559 750 accendit
1583 698 1848 752 lucernam
1871 707 1918 752 et
1947 714 2088 750 ever-

511 792 581 847 rit
610 793 844 856 domum,
870 801 917 845 et
949 791 1136 861 quaerit
1163 790 1456 860 diligenter,
1486 791 1648 844 donec
1693 791 1958 844 inveniat?
1984 789 2084 856 Qui

513 889 762 959 signatur
807 902 906 956 per
956 894 1226 955 pastorem
1279 885 1391 954 ipse
1419 893 1473 938 et
1516 899 1610 953 per
1637 883 1939 939 mulierem.
1969 884 2087 954 Ipse

513 981 659 1036 enim
713 979 857 1033 Deus
909 978 1022 1047 ipse
1073 985 1129 1033 et
1165 977 1260 1031 Dei
1317 977 1602 1047 sapientia.
1661 977 1728 1030 Et
1756 978 1881 1046 quia
1913 977 2087 1048 imago

513 1071 836 1143 exprimitur
861 1070 915 1124 in
945 1070 1199 1124 drachma
1233 1068 1424 1122 mulier
1451 1067 1785 1131 drachmam,
1825 1068 2080 1138 perdidit,

513 1161 730 1233 quando
755 1161 916 1216 homo
945 1160 1034 1228 qui
1057 1159 1318 1220 conditus
1341 1158 1412 1212 ad
1442 1159 1731 1228 imaginem
1771 1159 1865 1212 Dei
1915 1158 2088 1213 fuerat

512 1252 790 1323 peccando
834 1267 864 1305 a
893 1249 1239 1305 similitudine
1273 1251 1354 1304 sui
1382 1249 1678 1304 conditoris
1707 1251 1949 1306 recessit.
1981 1250 2088 1306 Sed

515 1343 762 1398 accendit
806 1341 996 1396 mulier
1022 1341 1293 1396 lucernam
1323 1341 1447 1409 quia
1477 1341 1740 1411 sapientia
1790 1341 1884 1396 Dei
1921 1356 2088 1410 appa-

516 1433 624 1488 ruit
663 1433 718 1487 in
766 1430 1118 1486 humanitate.
1147 1431 1390 1485 Lucerna
1425 1432 1623 1500 quippe
1650 1430 1829 1486 lumen
1867 1432 1920 1485 in
1951 1439 2088 1486 testa

514 1529 619 1586 est,
650 1521 832 1577 lumen
860 1536 989 1576 vero
1018 1522 1070 1575 in
1103 1529 1241 1576 testa
1282 1531 1364 1577 est
1397 1522 1651 1577 divinitas
1697 1523 1753 1576 in
1786 1536 1966 1589 carne,
1994 1538 2090 1579 ac—

515 1627 679 1667 censa
703 1620 883 1666 autem
915 1609 1130 1665 lucerna
1177 1612 1380 1666 everrit
1426 1611 1642 1665 domum
1682 1612 1807 1680 quia
1859 1629 1984 1668 mox
2033 1621 2092 1669 ut

512 1701 630 1769 ejus
675 1702 930 1758 divinitas
971 1716 1068 1770 per
1095 1717 1312 1756 carnem
1338 1701 1549 1768 claruit,
1589 1704 1764 1758 omnis
1797 1719 1856 1759 se
1904 1713 2088 1760 nostra

2192 512 2300 566 Deo
2328 522 2375 566 et
2406 511 2557 566 Patri
2577 530 2670 583 per
2703 513 2895 582 ipsum,
2919 522 3026 567 etc.

2259 604 2646 673 Quodcunque,
2704 604 2900 673 inquit,
2963 609 3058 656 aut
3107 601 3288 656 dicitis
3324 608 3418 655 aut
3451 600 3647 671 agitis,
3687 599 3773 656 in-

2188 701 2402 750 tuentes
2427 695 2480 749 in
2507 695 2744 758 Christo,
2769 695 3005 749 debitam
3031 694 3331 763 gratiarum
3357 693 3634 748 actionem
3669 694 3776 749 Deo

2187 792 2242 840 et
2289 786 2430 854 patri
2478 785 2679 839 referre
2730 793 3017 854 properate
3051 800 3150 853 pro
3175 782 3301 847 illis,
3327 797 3446 852 qua:
3475 796 3572 852 per
3612 782 3773 837 Chri-

2188 885 2330 933 stum
2354 878 2505 933 vobis
2534 886 2660 933 sunt
2688 879 2951 948 praestita.
2979 878 3191 932 Etenim
3215 877 3439 946 psalmis
3458 885 3515 931 et
3547 877 3776 948 hymnis

2188 975 2243 1022 et
2267 968 2491 1022 canticis
2532 968 2903 1038 spiritualibus
2936 968 3232 1038 gratiarum
3258 968 3526 1022 actionem
3550 970 3777 1023 vocavit

2189 1057 2292 1113 hoc
2313 1058 2498 1113 dicens
2518 1059 2772 1128 quoniam
2809 1059 2863 1112 in
2893 1057 3144 1113 cordibus
3164 1058 3363 1112 vestris
3389 1058 3598 1128 gratias
3631 1058 3774 1129 agite

2189 1150 2319 1215 Deo,
2349 1150 2724 1220 quodcunque,
2747 1159 2842 1205 aut
2869 1149 3067 1214 dicitis,
3095 1157 3190 1204 aut
3211 1150 3394 1219 agitis,
3422 1149 3501 1203 sic
3521 1158 3576 1205 et
3608 1149 3773 1204 dicite

2187 1249 2242 1294 et
2276 1240 2418 1310 agite
2442 1241 2584 1295 sicut
2602 1239 2806 1308 justum
2827 1247 2914 1294 est
2932 1240 3112 1294 dicere
3137 1239 3256 1294 illos
3286 1238 3376 1308 qui
3402 1238 3525 1292 talia
3547 1240 3774 1308 assequi

2188 1333 2334 1402 digni
2357 1339 2480 1386 sunt
2502 1331 2693 1386 habiti.
2719 1332 2844 1388 llaec
2866 1331 3010 1386 enim
3033 1340 3119 1386 est
3142 1347 3265 1386 vera
3289 1331 3582 1402 gratiarum
3609 1332 3774 1396 actio,

2189 1424 2382 1479 deinde
2410 1433 2465 1478 et
2489 1423 2542 1478 in
2572 1424 2673 1478 hac
2709 1433 2865 1492 parte
2909 1424 3126 1478 imitans
3150 1423 3240 1478 illa
3265 1440 3385 1493 quae
3407 1424 3473 1478 ad
3505 1424 3778 1494 Ephesios

2190 1501 2502 1586 scripserat,
2545 1516 2778 1570 vertitur
2803 1515 2872 1570 ad
2916 1515 3205 1586 specialem
3233 1515 3672 1571 consolationem
3697 1515 3776 1572 di-

2189 1621 2320 1661 cens
2352 1620 2368 1660 ἶ

2263 1696 2533 1762 Mulieres,
2571 1697 2792 1753 subdita:
2819 1707 2979 1753 estote
3003 1698 3150 1764 viris,
3173 1701 3305 1754 sicut
3336 1712 3555 1771 oportet,
3575 1703 3649 1757 in
3677 1704 3776 1758 Do-

515 1793 847 1848 conscientia
873 1793 1163 1853 concussit,
1194 1793 1386 1847 domus
1419 1809 1650 1862 namque
1674 1795 1941 1848 everritur
1965 1811 2085 1850 cum

2199 1787 2351 1840 mino.
2380 1787 2588 1844 Uxores
2629 1787 2787 1857 jubet
2811 1789 3054 1844 subditas
3076 1805 3197 1845 esse
3221 1793 3447 1846 maritis.
3469 1803 3480 1810 '

515 1881 946 1937 consideratione
980 1890 1160 1936 reatus
1196 1882 1278 1936 sui
1326 1883 1559 1937 humana
1597 1886 1927 1939 conscientia
1961 1901 2088 1956 per-

517 1973 786 2028 turbatur.
810 1973 1008 2027 Eversa
1035 1989 1163 2028 vcro
1183 1973 1342 2030 domo
1369 1976 1636 2030 invenitur
1656 1978 1934 2044 drachma,
1963 1980 2089 2050 quia

520 2065 647 2120 dum
682 2067 1030 2135 perturbatur
1069 2069 1400 2124 conscientia
1444 2070 1678 2126 hominis
1709 2080 1990 2141 reparatur
2033 2072 2090 2126 in

517 2155 734 2210 nomine
757 2157 1049 2212 similitudo
1067 2159 1379 2214 conditoris.

592 2245 663 2300 Et
691 2263 808 2301 cum
848 2248 1117 2321 invenerit,
1158 2260 1400 2304 convocat
1431 2253 1628 2306 amicas
1658 2263 1706 2307 et
1749 2253 1970 2320 vicinas,
2000 2255 2088 2308 di-

514 2349 638 2389 cens
673 2347 692 2386 :
722 2333 1171 2406 Congratulamini
1213 2340 1362 2405 mihi,
1400 2341 1521 2410 quia
1568 2342 1738 2397 inveni
1783 2343 2088 2400 drachmam

511 2438 671 2496 quam
711 2426 1061 2494 perdideram.
1109 2427 1239 2494 Quae
1283 2431 1473 2486 amicae
1512 2433 1597 2486 vel
1623 2433 1814 2488 vicinae
1852 2435 1955 2490 nisi
1987 2436 2088 2490 illae

511 2521 810 2585 potestates
851 2526 977 2572 sunt
1021 2519 1288 2585 caelestes,
1328 2520 1442 2589 jam
1486 2525 1732 2594 superius
1762 2526 1937 2591 dieue,
1969 2543 2089 2598 qua:

513 2613 666 2659 tanto
712 2620 956 2675 supernae
989 2609 1264 2677 sapientiae
1305 2610 1460 2680 juxta
1488 2624 1633 2681 sunt,
1681 2626 1885 2686 quanto
1908 2617 1957 2673 ei
1987 2633 2089 2688 per

507 2694 742 2763 gratiam
796 2697 1064 2752 continua:
1109 2699 1335 2757 visionis
1380 2706 1830 2776 appropinquant,
1869 2711 1963 2765 sed
2011 2711 2089 2764 in-

515 2785 771 2839 tuendum
816 2801 915 2841 cur
940 2788 1043 2842 ista
1071 2791 1262 2846 mulier
1307 2793 1492 2849 decem
1519 2797 1808 2854 drachmas
1836 2799 2087 2857 habuisse

513 2875 849 2943 perhibetur,
877 2877 1189 2946 angelorum
1218 2882 1414 2952 quippe
1444 2892 1500 2938 et
1526 2885 1803 2941 hominum
1834 2898 2083 2945 naturam

515 2964 581 3018 ad
607 2969 1037 3036 cognoscendum
1070 2985 1128 3024 se
1180 2970 1436 3028 Dominus
1463 2976 1719 3042 condidit,
1764 2993 1924 3047 quam
1956 2979 2084 3035 dum

513 3055 814 3112 consistere
854 3057 922 3111 ad
950 3059 1307 3116 aeternitatem
1351 3063 1539 3130 voluit,
1567 3080 1684 3120 eam
1709 3069 1896 3136 procul
1922 3070 2084 3126 dubio

511 3146 581 3200 ad
596 3161 748 3201 suam
769 3148 1176 3206 similitudinem
1193 3155 1414 3208 creavit.
1443 3155 1635 3212 Decem
1650 3171 1779 3213 vero
1799 3162 2086 3219 drachmas

511 3236 701 3293 habuit
725 3239 941 3306 mulier,
970 3243 1094 3310 quia
1124 3260 1317 3299 novem
1349 3255 1476 3301 sunt
1504 3249 1724 3306 ordines
1745 3253 2084 3323 angelorum,

510 3328 608 3383 sed
640 3337 700 3382 ut
725 3330 1086 3400 compleretur
1123 3333 1417 3390 electorum
1449 3355 1726 3406 numerus,
1753 3343 1914 3398 homo
1939 3345 2086 3401 deci-

512 3435 633 3474 mus
651 3429 866 3476 creatus
887 3431 968 3477 est
988 3424 1079 3492 qui
1103 3439 1133 3478 a
1157 3427 1434 3482 conditore
1463 3445 1562 3486 suo
1587 3447 1686 3487 nec
1714 3442 1836 3504 post
1872 3436 2086 3506 culpam

512 3513 696 3581 periit,
725 3515 850 3583 quia
881 3517 1025 3572 hunc
1051 3527 1253 3574 acterna
1299 3521 1563 3590 sapientia
1591 3539 1687 3594 per
1719 3541 1941 3583 carnem
1985 3531 2087 3585 mi-

513 3604 710 3659 raculis
730 3621 1019 3664 coruscans
1045 3625 1112 3663 ex
1139 3611 1338 3667 lumine
1367 3622 1517 3669 testa:
1539 3619 1828 3686 reparavit.
1858 3620 1947 3675 Ita
1967 3623 2086 3678 dico

514 3696 656 3750 vobis
703 3711 722 3749 :
761 3697 1028 3754 Gaudium
1075 3705 1172 3757 erit
1213 3721 1390 3758 coram
1433 3707 1630 3778 angelis
1674 3709 1772 3764 Dei
1799 3727 1955 3782 super
1982 3731 2086 3768 uno

506 3796 781 3856 peccatore
804 3791 1155 3860 paznitentiam
1186 3806 1388 3865 agente.
1411 3797 1792 3856 Paenitentiam
1821 3819 1980 3874 agere
2003 3814 2088 3861 est

512 3886 569 3929 et
603 3886 910 3946 perpetrata
957 3881 1097 3935 mala
1124 3882 1374 3954 plangere
1405 3896 1460 3942 et
1499 3889 1796 3962 plangenda
1825 3909 1931 3948 non
1964 3911 2088 3964 per-

512 3975 747 4035 petrare.
781 3967 915 4023 Nam
945 3972 1034 4041 qui
1089 3973 1167 4027 sic
1199 3975 1303 4030 alia
1349 3978 1610 4048 deplorat,
1665 3990 1726 4036 ut
1779 3993 1956 4040 tamen
1983 3987 2088 4042 alia

511 4059 832 4126 committat,
859 4061 1036 4116 adhuc
1062 4065 1434 4132 pomitentiam
1458 4085 1617 4141 agere
1639 4085 1731 4127 aut
1760 4074 1969 4146 ignorat
1993 4086 2088 4132 aut

510 4146 831 4204 dissimulat.
870 4151 1007 4218 Quid
1054 4154 1198 4210 enim
1238 4159 1478 4227 prodest,
1516 4162 1561 4215 si
1604 4175 1822 4234 peccata
1861 4167 2087 4225 luxuriae

509 4237 632 4304 quis
658 4237 852 4293 deﬂeat
879 4250 935 4295 et
959 4252 1138 4298 tamen
1184 4247 1361 4303 adhuc
1389 4251 1629 4307 avaritia:
1673 4257 1892 4314 testibus
1921 4260 2088 4314 anhe-

508 4327 615 4381 let?
668 4337 762 4383 aut
785 4332 914 4399 quid
962 4334 1005 4388 si
1045 4336 1137 4390 ira:
1181 4338 1365 4409 culpas
1402 4339 1517 4409 jam
1563 4343 1763 4414 lugeat,
1800 4357 1854 4403 et
1904 4358 2082 4407 tamen

511 4420 688 4475 adhuc
713 4421 924 4478 invidia:
953 4424 1156 4484 lacibus
1177 4431 1455 4488 tabescat?
1484 4435 1588 4492 Sed
1615 4440 1791 4495 minus
1821 4450 1904 4496 est
1932 4445 2084 4501 valde

509 4510 651 4601 quod
674 4510 923 4579 dicimus,
949 4523 1009 4569 ut
1035 4519 1125 4586 qui
1153 4532 1371 4588 peccata
1417 4525 1658 4595 deplorat
1698 4531 1954 4601 ploranda
1984 4536 2083 4590 mi-

510 4596 658 4652 nime
681 4601 1006 4656 committat.
1046 4603 1179 4660 Nam
1221 4612 1561 4681 cogitandum
1608 4596 1949 4690 summopere
1974 4631 2080 4690 est,

511 4689 686 4758 utqui
719 4705 776 4746 se
803 4690 986 4747 illicita
1016 4699 1260 4754 meminit
1302 4705 1638 4762 commisisse
1681 4723 1712 4762 a
1758 4689 2079 4780 quibusdam

507 4779 674 4834 etiam
723 4781 884 4838 licitis
930 4787 1142 4841 studeat
1191 4789 1464 4849 abstinere
1517 4779 1788 4866 quatenus
1828 4818 1924 4872 per
1976 4805 2081 4860 hoc

508 4869 775 4926 conditori
822 4887 921 4928 suo
950 4877 1247 4934 satisfaciat
1273 4900 1286 4936 :
1311 4893 1369 4938 ut
1403 4887 1492 4956 qui
1518 4892 1784 4948 commisit
1805 4869 2078 4965 prohibita

504 4959 828 5062 sibimetipsi
845 4963 1159 5025 abscindere
1182 4971 1375 5029 debeat
1401 4979 1564 5034 etiam
1591 4959 1876 5042 commissa
1897 4989 2081 5062 [Forte

507 5048 609 5150 leg,
641 5055 946 5150 concessa],
975 5058 1160 5130 sicque
1185 5062 1237 5116 in
1264 5076 1411 5121 recta
1439 5070 1542 5125 ﬁde
1567 5082 1624 5128 et
1649 5076 1807 5134 bonis
1827 5048 2082 5150 operibus

509 5139 760 5245 religiose
803 5147 1011 5245 vivens,
1041 5153 1110 5207 ad
1161 5155 1385 5226 gloriam
1433 5160 1541 5218 Deo
1569 5139 2082 5245 opitulanteperve-

512 5234 625 5284 niet
651 5234 1054 5304 sempiternam.

1039 5374 1320 5438 HOMILIA
1369 5383 1550 5444 XCVI.

1165 5510 1320 5552 FERIA
1353 5516 1426 5556 IV.

508 5582 694 5684 Lectio
722 5590 975 5664 Epistola:
1003 5601 1144 5658 beati
1173 5607 1316 5665 Petri
1359 5618 1583 5683 apostoli
1615 5621 1681 5674 ad
1711 5622 2076 5684 Colossenses.

583 5678 819 5755 Fratres,
844 5706 994 5746 omne
1041 5697 1383 5771 quodcunque
1417 5705 1594 5774 facitis
1643 5712 1696 5766 in
1723 5715 1871 5772 verba
1903 5731 1995 5774 aut
2023 5723 2078 5776 in

2109 4477 2163 4536 D

2268 1875 2404 1942 Viri,
2426 1876 2629 1948 diligite
2655 1893 2845 1932 uxores
2867 1887 3082 1940 vestras,
3117 1889 3165 1934 et
3193 1881 3350 1934 nolite
3369 1884 3542 1936 amari
3569 1901 3694 1938 esse
3716 1887 3776 1935 ad

2188 1965 2329 2021 illas.
2363 1967 2520 2022 Viros
2550 1968 2802 2023 admonet
2830 1968 3052 2040 diligere
3095 1985 3221 2026 suas
3265 1987 3481 2040 uxores,
3529 1989 3640 2028 nec
3674 1990 3767 2028 me

2188 2055 2322 2111 leste
2347 2072 2472 2128 erga
2503 2057 2622 2113 illas
2652 2059 2879 2114 versari.

2259 2143 2413 2211 Filii,
2443 2146 2644 2202 obedite
2659 2149 2956 2217 parentibus
2977 2167 3070 2220 per
3093 2152 3267 2206 omnia
3287 2169 3301 2205 :
3321 2153 3417 2206 hoc
3436 2155 3576 2206 enim
3607 2154 3778 2222 placi-

2186 2245 2298 2290 tum
2344 2245 2418 2290 est
2465 2235 2714 2292 Domino.
2767 2236 2969 2294 Suadet
3010 2239 3137 2294 ﬁliis
3177 2249 3236 2296 ut
3282 2243 3540 2298 obcdiant
3579 2259 3779 2313 parea-

2189 2327 2356 2382 tibus.

2259 2417 2465 2484 Patres,
2523 2419 2680 2474 nolite
2739 2421 2808 2474 ad
2860 2422 3274 2493 indignationem
3321 2441 3601 2494 provocare
3641 2425 3778 2494 ﬁlios

2187 2517 2379 2563 vestros
2428 2517 2483 2562 ut
2515 2526 2617 2563 non
2651 2511 2842 2581 pusillo
2869 2513 3045 2566 animo
3093 2513 3244 2582 ﬁant.
3297 2514 3552 2571 Patribus
3582 2516 3779 2571 suadet

2185 2605 2246 2652 ut
2270 2613 2377 2654 non
2404 2598 2673 2668 superﬂue
2709 2601 2928 2656 tristent
2957 2601 3094 2657 ﬁlios
3123 2619 3271 2658 suos.

2259 2689 2425 2756 Servi,
2457 2691 2656 2746 obedite
2699 2710 2792 2762 per
2819 2693 2993 2748 omnia
3028 2695 3255 2750 dominis
3305 2696 3638 2761 carnalibus,
3673 2714 3775 2753 non

2186 2779 2254 2832 ad
2282 2779 2489 2832 oculum
2533 2783 2831 2847 servientes,
2869 2785 3020 2852 quasi
3044 2784 3341 2839 hominibus
3365 2785 3654 2854 placentes,
3690 2787 3775 2840 sed

2183 2869 2240 2922 in
2269 2867 2599 2939 simplicitate
2647 2872 2840 2938 cordis,
2887 2874 3124 2929 timentes
3174 2875 3365 2930 Deum.
3415 2876 3775 2949 Quodcunque

2187 2959 2383 3029 facitis,
2422 2977 2485 3014 ea:
2526 2963 2701 3016 animo
2755 2967 3064 3034 operamini,
3119 2967 3257 3020 sicut
3302 2966 3552 3032 Domino,
3589 2980 3640 3022 et
3675 2987 3774 3022 non

2186 3046 2480 3102 hominibus
2509 3066 2527 3104 :
2556 3052 2772 3105 scientes
2814 3053 2952 3122 quod
2982 3071 3015 3107 α
3053 3053 3276 3108 Domino
3315 3057 3578 3125 accipietis
3620 3059 3775 3110 retri-

2113 3133 2160 3196 C
2190 3135 2450 3190 butionem
2490 3139 2830 3195 hwredilatis.
2856 3141 3080 3196 Domino
3115 3142 3320 3198 Christo
3359 3144 3565 3198 servile.
3613 3145 3774 3201 lubet

2188 3235 2243 3282 et
2270 3243 2455 3284 servos
2477 3230 2698 3286 obedire
2726 3234 2839 3289 suis
2867 3235 3100 3290 dominis
3148 3237 3494 3306 inspicientes
3526 3238 3581 3291 in
3625 3240 3773 3293 illam

2186 3322 2451 3376 mercedis
2477 3326 2992 3391 remunerationem,
3021 3342 3142 3396 quae
3169 3343 3198 3383 a
3226 3328 3336 3382 Deo
3363 3329 3467 3384 illis
3499 3331 3773 3386 retribue-

2187 3419 2284 3466 tur'
2313 3428 2411 3482 pro
2441 3412 2581 3468 ﬁdeli
2619 3417 2861 3482 servitio,
2900 3424 2955 3471 et
2985 3417 3058 3470 ita
3090 3417 3252 3473 facite
3286 3419 3428 3474 sicut
3466 3430 3521 3475 et
3561 3420 3770 3489 justum

2187 3511 2270 3557 est
2318 3502 2495 3558 facere
2534 3520 2628 3559 eos
2653 3505 2745 3576 qui
2773 3521 2805 3559 a
2855 3505 2965 3560 Deo
2993 3507 3093 3561 sibi
3125 3510 3427 3564 mercedem
3459 3511 3620 3566 tribui
3676 3528 3771 3568 ex-

2187 3601 2455 3660 spectant,
2502 3609 2608 3648 non
2635 3594 2775 3648 sicut
2801 3595 3109 3650 hominibus
3132 3597 3452 3662 servientes,
3501 3600 3597 3654 sed
3629 3602 3772 3655 sicut

2188 3679 2262 3735 illi
2293 3696 2321 3734 a
2373 3697 2480 3751 quo
2524 3692 2579 3738 et
2609 3682 2874 3737 mercedis
2901 3684 3074 3738 vicem
3106 3685 3206 3739 sibi
3237 3686 3399 3739 tribui
3427 3696 3766 3756 exspectant.

2189 3774 2506 3842 Quicunque
2529 3775 2671 3828 enim
2697 3784 2965 3845 prmcepta
2994 3776 3283 3844 apostolica
3311 3777 3414 3832 rite
3441 3780 3765 3844 servaverit,

2187 3873 2241 3920 et
2269 3867 2381 3920 Deo
2427 3881 2525 3934 per
2571 3865 2729 3922 ﬁdem
2758 3875 2813 3922 et
2851 3868 2990 3923 bona
3023 3884 3185 3939 opera
3214 3869 3428 3940 placere
3480 3873 3765 3936 studuerit,

2188 3956 2305 4012 sine
2349 3957 2510 4011 dubio
2552 3960 3007 4016 remunerationis
3051 3961 3290 4017 caelestis
3321 3965 3598 4034 particeps
3638 3969 3764 4028 erit,

2186 4053 2479 4115 praestante
2523 4047 2750 4103 Domino
2794 4059 2981 4106 nostro
3034 4051 3161 4107 Jesu
3214 4052 3453 4121 Christo,
3507 4055 3600 4126 qui
3642 4073 3766 4110 cum

2187 4137 2346 4193 Patre
2371 4150 2425 4192 et
2450 4138 2654 4209 Spiritu
2684 4149 2871 4197 sancto
2901 4143 3032 4198 vivit
3052 4151 3107 4198 et
3139 4152 3327 4215 regnat
3349 4147 3494 4200 Deus
3520 4162 3618 4216 per
3643 4162 3764 4202 om-

2188 4231 2280 4286 nia
2307 4232 2502 4287 saecula
2533 4233 2870 4289 smculorum.
2905 4236 3098 4292 Amen.

2632 4346 2990 4404 HOMILIA
3054 4350 3320 4409 XCVII.

2751 4454 2883 4493 [TI-II
2923 4458 3079 4496 FERIA
3118 4459 3190 4498 IV.

2292 4541 2475 4606 Lectio
2504 4545 2674 4600 sancti
2701 4546 2975 4620 Evangelii
3003 4553 3298 4609 secundum
3323 4555 3652 4614 Matthzeum.

2256 4652 2322 4706 In
2373 4654 2465 4709 illo
2503 4665 2730 4727 tempore
2774 4661 2907 4715 dixit
2934 4662 3092 4719 Iesus
3119 4667 3389 4738 discipulis
3419 4675 3532 4728 suis
3572 4687 3592 4725 :
3637 4674 3756 4730 Esto

2185 4745 2508 4800 consentiens
2532 4747 2832 4804 adversario
2855 4761 2944 4806 tuo
2974 4755 3076 4808 cito
3106 4756 3232 4810 dum
3255 4775 3308 4812 es
3338 4760 3392 4814 in
3431 4763 3516 4816 via
3537 4781 3654 4817 cum
3675 4781 3753 4825 eo,

2185 4849 2248 4887 ne
2287 4835 2422 4903 forte
2447 4837 2623 4890 tradat
2650 4847 2699 4891 te
2728 4839 3059 4896 adversarius
3080 4845 3275 4914 judici,
3307 4859 3354 4902 et
3390 4851 3563 4919 judex
3590 4855 3752 4908 tradat

2183 4931 2232 4976 te
2272 4924 2510 4980 ministro
2535 4937 2584 4980 et
2618 4929 2674 4982 in
2701 4945 2960 4986 carcerem
2998 4937 3244 4992 mittaris.
3296 4940 3486 5010 Amen,
3511 4946 3630 5001 dico
3668 4946 3751 5001 tibi

2182 5028 2286 5066 non
2335 5014 2476 5069 exies
2515 5017 2638 5072 inde
2676 5018 2839 5075 donec
2893 5024 3079 5080 reddas
3133 5030 3470 5087 novissimum
3497 5036 3751 5106 quadran-

2183 5107 2302 5166 tem,
2333 5110 2439 5158 etc.

2253 5191 2331 5246 Ex
2377 5197 2804 5262 praecedentibus
2855 5212 2909 5257 et
2947 5212 3402 5279 consequentibus
3437 5216 3748 5274 manifestus

2183 5290 2269 5337 est
2310 5299 2522 5353 sensus,
2551 5293 2692 5359 quod
2719 5309 2816 5349 nos
2842 5297 3101 5354 Dominus
3131 5311 3294 5372 atque
3327 5308 3600 5378 Salvator,
3631 5312 3758 5368 dum-

2185 5372 2241 5426 in
2265 5374 2419 5430 istius
2438 5381 2618 5434 seculi
2645 5383 2730 5438 via
2754 5384 3042 5454 currimus,
3067 5393 3133 5446 ad
3155 5409 3342 5463 pacem
3367 5409 3423 5453 et
3442 5401 3509 5455 ad
3531 5372 3743 5458 concer-

2183 5460 2328 5515 diam
2375 5466 2719 5536 cohortetur,
2771 5473 2927 5542 juxta
2957 5460 3270 5549 Apostolum
3333 5486 3648 5548 dicentem:
3692 5492 3747 5548 Si

2182 5550 2299 5617 ﬁeri
2318 5562 2501 5621 potest,
2530 5570 2782 5628 quantum
2808 5581 2872 5619 ea:
2898 5568 3034 5622 vobis
3063 5582 3160 5639 est,
3187 5592 3303 5628 cum
3330 5581 3570 5636 omnibus
3593 5584 3745 5638 homi-

2183 5641 2334 5742 nibus
2356 5660 2534 5742 pacem
2569 5650 2832 5708 habentes.
2862 5657 2994 5712 Nam
3017 5670 3072 5714 et
3091 5661 3143 5716 in
3172 5669 3492 5732 praecedenti
3524 5672 3742 5742 capitulo

2181 5730 2391 5790 dixerat
2424 5751 2438 5790 :
2472 5736 2530 5792 Si
2559 5741 2744 5808 o/feres
2788 5763 2976 5803 munus
3013 5730 3267 5809 tuum—ad
3301 5758 3469 5814 altare
3495 5773 3542 5815 et
3570 5730 3641 5814 ibi
3674 5779 3743 5814 re-
