3974 6364
426 1321 469 1371 tv

431 1421 457 1440 θ

488 388 594 467 ³51

1173 387 1234 443 B.
1272 384 1526 442 RABANI
1561 384 1781 455 unum
1819 379 2138 455 ARCHIEP.
2182 376 2496 455 uocum.
2527 371 2815 443 omnem
2851 341 3032 427 psus
3067 362 3134 425 ιι.

3687 360 3788 429 532-

490 504 991 581 oontradicentibus
1027 517 1095 560 ac
1122 504 1506 575 resistentibus
1524 470 1779 571 veritati,
1804 514 1909 559 non
1941 498 2093 565 inve-
2118 498 2174 575 Α
2196 508 2297 549 nec
2315 492 2371 559 in
2397 506 2507 547 uno
2530 486 2920 558 Hierosolyma:
2946 480 3101 549 urbis
3130 477 3270 555 loco,
3294 475 3391 537 sed
3500 480 3622 528 toto
3659 473 3787 527 orbe

488 607 572 664 nit
602 604 697 670 ubi
742 612 905 679 caput
935 602 1189 673 reclinet.
1214 602 1422 671 scaedit
1452 602 1519 665 ad
1566 599 1776 667 ﬁdeles.
1813 606 1869 665 et
1915 597 1971 665 in
2008 594 2089 661 eis

490 698 587 771 qni
617 697 879 769 obedinnt
902 695 1092 771 verbO,
1122 695 1460 767 mansionem
1488 693 1590 759 sibi
1626 708 1733 757 una
1765 706 1889 759 cum
1926 688 2089 757 Patre

488 790 671 848 facere
699 788 918 869 gaudet,
943 787 1208 857 Bethania
1250 802 1487 857 namque
1524 785 1718 853 domus
1764 780 2089 851 obedientiae

497 882 718 949 dicitur.

564 971 633 1027 Et
657 970 765 1026 alia
803 970 888 1025 die
925 987 1047 1025 cum
1075 971 1277 1035 exirent
1318 987 1351 1023 a
1388 968 1673 1036 Bethania,
1704 968 1911 1041 esui-iit.
1956 967 2094 1035 Esu-

493 1062 587 1119 riit
612 1062 697 1119 vel
729 1060 1019 1127 veritatem
1042 1061 1294 1127 humana:
1316 1061 1500 1127 carnis
1525 1061 1841 1129 ostendens,
1858 1058 1943 1121 vel
1971 1073 2093 1123 esu-

496 1155 643 1212 riens
676 1154 908 1223 salutem
938 1155 1273 1223 credentium
1302 1163 1360 1223 et
1385 1163 1621 1221 aestuans
1646 1155 1711 1221 ad
1736 1150 2093 1219 incredulitas

496 1261 608 1308 tem
635 1250 873 1307 lsraelis.

571 1345 805 1421 Cumque
827 1345 1036 1411 vidisset
1058 1360 1090 1397 a
1117 1343 1265 1415 longe
1283 1343 1443 1415 ﬁcum
1469 1342 1741 1409 habentem
1768 1337 2095 1409 folia,venit,

496 1441 545 1494 si
571 1437 701 1510 quid
724 1438 861 1511 forte
896 1439 1146 1501 inveniret
1175 1438 1232 1492 in
1258 1454 1319 1499 ea
1336 1455 1354 1505 ;
1381 1446 1427 1493 et
1452 1454 1571 1503 cum
1612 1436 1835 1495 venisset
1862 1432 1931 1499 ad
1958 1446 2096 1495 eam,

500 1528 632 1584 nihil
658 1530 854 1595 invenit
895 1538 1093 1605 prwter
1117 1527 1286 1598 folia:
1313 1544 1416 1582 non
1441 1527 1577 1587 enim
1598 1536 1713 1585 erat
1741 1534 1947 1594 tempus
1973 1520 2102 1591 ﬁco—

499 1638 638 1683 rum.
669 1619 741 1676 Et
767 1621 1081 1692 respondens
1114 1618 1271 1675 Iesus
1300 1619 1433 1675 dixit
1462 1621 1508 1674 ei
1548 1635 1565 1674 :
1590 1618 1715 1674 Jam
1742 1633 1843 1671 non
1872 1613 2101 1684 amplius;

456 1763 460 1769 .
497 1713 554 1766 in
593 1721 844 1794 internum
870 1713 1148 1786 quisquam
1179 1729 1244 1766 ea:
1273 1722 1321 1766 te
1364 1712 1595 1780 fructum
1624 1708 1924 1775 manducet.
1958 1705 2102 1772 Quo-

502 1804 666 1860 modo
692 1803 956 1859 Dominus
988 1803 1157 1858 multa
1187 1804 1240 1857 in
1277 1802 1550 1874 parabolis
1589 1801 1789 1871 dicere,
1823 1798 1898 1852 ita
1935 1796 2098 1852 etiam

2192 595 2484 654 terrarum,
2515 590 2571 638 et
2609 591 2953 655 nequaquam
2978 582 3258 643 taurorum
3303 575 3361 629 et
3409 565 3792 639 hireprum,et

2192 676 2444 741 arietum,
2474 675 2567 731 sed
2596 670 2882 739 orationis.

2210 758 2215 761 Α
2271 767 2373 833 Vos
2403 775 2577 821 autem
2602 764 2797 841 fecistis
2824 777 2940 819 eam
2962 757 3267 831 speluncam
3292 753 3585 819 latronum.
3604 745 3711 841 Qui
3733 748 3791 802 ad

2194 858 2503 930 accipienda
2543 839 2771 911 munera
2828 852 2880 908 in
2938 849 3140 920 tempio
3186 846 3522 913 residebant,
3552 839 3792 925 profecto

2195 932 2321 1024 quia
2352 947 2677 1035 quibusdam
2709 960 2817 1001 non
2861 941 3115 1015 dantibus
3151 938 3401 997 laesiones
3442 933 3795 1017 exquirerent

2197 1024 2418 1113 dubium
2452 1056 2563 1111 non
2600 1049 2741 1099 erat.
2799 1036 3003 1111 Domus
3048 1047 3178 1105 ergo
3227 1028 3493 1086 orationis
3541 1024 3793 1107 spelunca

2198 1137 2467 1205 latronum
2492 1132 2637 1209 facta
2664 1129 2861 1195 fuerat,
2895 1127 3021 1199 quia
3048 1125 3117 1179 ad
3158 1124 3262 1179 hoc
3308 1122 3363 1177 in
3412 1118 3626 1199 templo
3674 1117 3795 1175 assi-

2200 1236 2343 1283 stere
2373 1230 2658 1295 noverant,
2685 1229 2745 1291 ut
2770 1227 2865 1275 aut
2894 1235 3003 1273 non
3032 1217 3224 1285 dantes
3248 1227 3474 1283 munera
3517 1210 3796 1265 studerent

2200 1316 2554 1397 corporaliter
2576 1313 2856 1401 persequi,
2885 1318 2977 1365 aut
3007 1309 3197 1363 dantes
3229 1303 3549 1385 spiritaliter
3586 1315 3793 1355 necare.

2274 1394 2343 1465 Et
2371 1425 2487 1462 cum
2514 1394 2663 1471 mane
2685 1403 2991 1470 transirent,
3017 1401 3255 1457 viderunt
3279 1401 3441 1475 ﬁcum
3473 1395 3698 1449 aridam
3735 1394 3797 1464 fa

2205 1513 2341 1557 ctam
2366 1519 2399 1555 a
2432 1498 2717 1555 radicibus.
2767 1495 2883 1567 Non
2914 1497 3049 1550 rami
3078 1501 3286 1573 tantum
3313 1498 3409 1549 aut
3433 1489 3610 1558 stipes
3645 1484 3798 1541 infru—

2205 1605 2406 1665 ctuosa:
2429 1593 2537 1659 ﬁci,
2568 1592 2659 1648 sed
2685 1592 2801 1671 ipsa
2856 1589 3022 1645 etiam
3074 1587 3221 1644 radix
3270 1582 3655 1646 arefaciendo,
3695 1596 3800 1633 sen-

2210 1689 2437 1755 tentiam
2500 1686 2695 1741 divina:
2752 1683 2808 1751 in
2874 1697 2932 1737 se
2989 1676 3386 1751 reprobationis
3430 1673 3717 1739 ostendit,
3756 1682 3801 1721 et

2207 1780 2443 1836 Joannes
2467 1777 2562 1842 ait,
2592 1774 2713 1846 quia
2744 1773 2941 1827 securis
2974 1769 3045 1824 ad
3070 1770 3301 1843 radicem
3343 1765 3597 1819 arborum
3647 1763 3801 1832 posita

502 1894 766 1952 nonnulla
815 1895 871 1950 in
928 1894 1200 1967 parabolis
1257 1858 1441 1951 facere
1491 1892 1716 1949 δοιειηιι,
1748 1858 1903 1958 ’ῥυίά
1954 1887 2100 1953 enim
2129 1863 2177 1937 Β
2206 1882 2300 1927 est.
2326 1869 2579 1925 Arefacta
2617 1876 2703 1923 est
2731 1866 2913 1933 itaque
2951 1864 3085 1967 licus
3111 1876 3142 1914 a
3190 1858 3483 1929 radicibus,
3513 1864 3573 1909 ut
3630 1862 3802 1907 osten-

508 2004 685 2046 causre
710 1997 833 2045 erat
871 1996 933 2053 ut
957 1989 1206 2043 esuriens
1232 1987 1442 2043 fructus
1468 1988 1519 2041 in
1552 1985 1779 2041 ﬁeuhiea
1809 1988 2102 2055 quaereret,

505 2099 738 2154 quorum
767 2077 981 2159 tempus
1000 2083 1239 2137 nondum
1262 2097 1401 2149 esse,
1421 2080 1647 2151 quilibet
1668 2079 1830 2135 homo
1855 2082 2105 2147 noverat,

507 2175 866 2247 arboremque
888 2175 1013 2246 quia
1044 2173 1279 2241 fructum
1305 2188 1404 2243 per
1433 2172 1483 2226 id
1514 2170 1774 2242 temporis
1800 2184 1907 2223 non
1940 2168 2107 2231 habe-

505 2276 612 2335 ret,
640 2277 856 2324 aeterna:
903 2266 1206 2328 sterilitatis
1249 2264 1632 2339 maledictione
1670 2262 1975 2325 damnaret,
2000 2257 2107 2325 nisi

506 2359 637 2435 quia
666 2358 878 2430 plebem
908 2373 1068 2428 quam
1106 2358 1273 2412 verbo
1319 2356 1571 2423 docebat,
1600 2355 1705 2409 hoc
1753 2353 1919 2408 etiam
1964 2342 2110 2408 facto

507 2450 768 2514 terrebat,
800 2464 867 2503 ne
898 2449 1021 2519 quis
1052 2447 1302 2503 habendo
1326 2445 1452 2500 folia
1481 2454 1536 2517 et
1570 2444 1805 2499 fructum
1854 2460 1960 2497 non
2008 2443 2108 2501 ha-

506 2542 708 2605 bendo,
744 2540 849 2595 hoc
878 2547 961 2593 est
992 2541 1155 2593 verba
1191 2537 1418 2609 iustitia:
1448 2537 1653 2608 absque
1689 2535 1945 2606 operibus
1972 2551 2112 2611 pra:-

512 2632 785 2689 tendendo
814 2631 1084 2696 exeidi,et
1111 2631 1162 2683 in
1194 2631 1370 2700 ignem
1400 2638 1702 2685 mereretur
1727 2627 1938 2700 projiei.
1968 2626 2111 2683 Una-

511 2739 739 2799 quaeque
761 2725 905 2780 enim
934 2722 1098 2777 arbor
1140 2738 1247 2776 non
1300 2723 1365 2777 de
1411 2721 1653 2788 floribus,
1689 2738 1795 2776 non
1834 2721 1899 2775 de
1944 2720 2110 2787 foliis,

513 2818 607 2875 sed
632 2816 813 2873 fructu
838 2832 937 2873 suo
969 2816 1333 2889 cognoscitur,
1353 2816 1405 2875 id
1433 2823 1533 2879 est,
1554 2815 1927 2885 unusquisque
1950 2816 2113 2870 homo

514 2926 621 2966 non
661 2911 727 2966 de
762 2906 1124 2967 aestimatione
1173 2908 1329 2971 famae
1375 2908 1457 2963 vel
1507 2924 1819 2965 sermonum
1867 2923 2059 2978 pompa
2096 2925 2108 2960 :

515 3003 607 3058 sed
640 3002 707 3057 de
729 3017 951 3057 suarum
983 3001 1293 3057 testimonio
1322 3000 1584 3072 probatur
1613 3001 1908 3056 actionum.

586 3094 654 3149 Et
679 3095 891 3151 veniunt
925 3093 1369 3165 Hierosolymam,
1394 3103 1443 3148 et
1469 3110 1589 3149 cum
1614 3093 1879 3149 introisset
1904 3092 1958 3145 in
1987 3100 2116 3144 tem-

512 3185 680 3257 plum,
706 3187 855 3258 caepit
882 3186 1068 3257 ejicere
1094 3185 1365 3245 vendente;
1393 3194 1441 3241 et
1469 3194 1694 3240 ementes
1737 3186 1792 3239 in
1832 3182 2043 3253 templo,
2065 3191 2115 3237 et

2208 1967 2425 2021 deretur
2453 1978 2586 2035 gens
2617 1959 2779 2030 impia
2816 1972 2924 2029 non
2956 1956 3022 2013 ad
3051 1963 3294 2035 tempus,
3326 1959 3380 2017 et
3403 1966 3470 2006 ex
3499 1956 3672 2023 parte
3698 1962 3802 2001 cor-

2209 2059 2431 2131 rigenda
2470 2064 2820 2123 externorum
2870 2028 3198 2117 incursibus,
3233 2053 3289 2103 et
3333 2056 3461 2096 mox
3510 2038 3805 2095 miserante

2204 2142 2438 2217 Domino
2465 2156 2588 2219 post
2616 2155 2795 2202 actam
2828 2141 3207 2235 paenitentiam
3244 2138 3437 2209 prisca:
3466 2134 3804 2189 restituenda

2208 2243 2465 2307 libertati,
2493 2250 2552 2296 ut
2594 2254 2735 2310 Stepe
2780 2222 2981 2303 factum
3026 2246 3182 2293 sacra
3225 2227 3455 2285 historia
3501 2222 3807 2291 refert,sed

2209 2345 2412 2399 (eterna
2454 2332 2634 2404 potius
2660 2328 3009 2401 damnatione
3038 2321 3305 2397 ferienda,
3330 2318 3574 2380 arefacta
3602 2326 3701 2379 est
3736 2333 3807 2369 ra-

2213 2428 2435 2495 dicitus,
2468 2434 2524 2479 ut
2550 2424 2895 2479 intimaretur
2924 2418 3158 2493 nefanda
3188 2414 3341 2491 plebs
3368 2428 3476 2469 non
3505 2412 3700 2483 solum
3726 2412 3808 2465 hu-

2211 2538 2375 2589 mana
2402 2520 2574 2594 gloria
2621 2517 2947 2584 forinsecus,
2970 2528 3163 2583 verum
3205 2510 3370 2585 etiam
3434 2507 3631 2579 divipo
3683 2506 3812 2561 intus

2212 2615 2397 2673 favore
2426 2612 2669 2671 funditus
2691 2624 2812 2666 esse
2841 2604 3203 2669 destituenda.

2287 2707 2355 2763 Et
2385 2703 2699 2775 respondens
2722 2700 2878 2771 ,lesus
2909 2700 2983 2754 ait
3007 2696 3117 2765 illis
3157 2712 3178 2766 ;
3226 2691 3428 2775 Habete
3469 2690 3644 2762 [idem
3701 2689 3812 2743 Deo.

2215 2800 2378 2852 Amen
2408 2796 2526 2857 dico
2557 2793 2693 2851 vobis
2723 2794 2847 2865 quia
2872 2778 3161 2866 quicunque
3203 2774 3399 2841 dixerit
3440 2786 3566 2839 huic
3597 2783 3769 2837 monti
3797 2797 3812 2833 :

2220 2890 2418 2945 Tollere
2446 2898 2490 2945 et
2518 2889 2721 2953 mittere
2748 2889 2803 2941 in
2827 2901 2970 2940 mare
2986 2900 3007 2951 ;
3040 2892 3087 2939 et
3118 2878 3558 2951 nonltatsitarerit
3585 2877 3649 2939 in
3674 2876 3813 2929 corde

2217 3002 2331 3050 suo,
2350 2983 2439 3039 sed
2465 2981 2743 3037 crediderit
2769 2980 2892 3051 quia
2912 2975 3256 3049 quodcunque
3278 2972 3470 3039 dixerit
3493 2971 3615 3039 ﬁat,
3635 2969 3730 3038 ﬁet
3757 2969 3812 3018 ci.

2220 3075 2409 3130 Solent
2428 3073 2655 3147 gentiles
2685 3072 2776 3141 qui
2801 3078 2991 3129 contra
3020 3065 3317 3137 Ecclesiam
3364 3061 3671 3135 maledicta
3697 3060 3813 3117 scri-

2218 3183 2402 3243 psere,
2436 3166 2805 3243 improperare
2831 3161 3035 3219 nostris
3067 3159 3211 3229 quod
3240 3172 3349 3227 non
3374 3153 3678 3215 habuerint
3707 3151 3812 3231 ple-

515 3293 722 3331 mensas
752 3276 1250 3344 nummulariorum,
1282 3286 1329 3331 et
1362 3277 1640 3333 cathedras
1671 3276 1998 3331 vendentium
2036 3292 2113 3328 co‘

2221 3275 2345 3331 nam
2376 3257 2534 3310 ﬁdem
2584 3242 2710 3319 Dei,
2741 3252 2868 3325 quia
2913 3264 3190 3321 nunquam
3248 3254 3463 3315 montes
3518 3242 3811 3314 transferre

516 3367 721 3422 tumbas
743 3368 941 3422 evertit.
962 3367 1114 3434 Quod
1141 3366 1512 3424 maledicendo
1534 3368 1695 3423 ficum
1724 3365 2118 3429 infructuosam

514 3475 615 3530 per
639 3459 867 3531 ﬁguram
902 3460 1094 3516 fecerit
1124 3461 1403 3529 Dominus,
1431 3463 1535 3519 hoc
1577 3462 1723 3537 idem
1772 3478 1905 3533 mox
1953 3476 2115 3531 aper-

521 3554 627 3608 tius
650 3552 896 3607 ostendit
943 3552 1209 3623 ejiciendo
1253 3554 1530 3624 improbos
1579 3570 1610 3608 e
1658 3554 1878 3625 templo.
1935 3552 2119 3623 Neque

517 3644 664 3700 enim
691 3644 893 3714 aliquid
922 3645 1166 3716 peccavit
1194 3646 1372 3711 arbor,
1409 3663 1528 3715 quae
1567 3647 1844 3702 esuriente
1890 3646 2119 3700 Domino

520 3750 681 3805 poma
718 3751 826 3790 non
854 3736 1078 3801 habuit,
1110 3751 1341 3805 quorum
1375 3738 1609 3792 necdum
1645 3746 1854 3806 tempus
1882 3734 2117 3790 advene-

519 3834 627 3891 rat,
654 3827 746 3881 sed
775 3841 1068 3897 peccavere
1098 3829 1410 3883 sacerdotes
1454 3829 1546 3898 qui
1594 3829 1646 3883 in
1696 3829 1856 3883 domo
1904 3826 2118 3882 Domini

522 3916 802 3971 saecularia
830 3917 1047 3989 negotia
1069 3918 1350 3989 gerebant,
1376 3926 1431 3972 et
1450 3917 1686 3971 fructum
1710 3916 1930 3988 pietatis
1956 3932 2120 3986 quem

522 4010 823 4063 debuerant
853 4023 1121 4079 quemque
1147 4010 1199 4063 in
1241 4009 1320 4063 eis
1347 4008 1608 4062 Dominus
1652 4008 1946 4073 esuriebat,
1972 4007 2121 4071 ferre

520 4103 958 4173 supersederunt.
975 4100 1215 4163 Arefeeit
1233 4101 1497 4171 Dominus
1522 4103 1777 4169 arborem
1807 4101 2115 4167 maledicto,

520 4206 580 4252 ut
605 4196 855 4251 homines
876 4196 991 4251 haec
1019 4197 1264 4251 videntes
1284 4195 1407 4261 rsive
1432 4195 1722 4263 audientes
1750 4193 1922 4255 multo
1946 4194 2120 4261 magis

522 4287 887 4360 intelligerent
918 4302 1038 4347 sese
1061 4287 1246 4341 divino
1275 4284 1713 4351 condemnandos
1747 4301 1867 4341 esse
1887 4284 2116 4354 judicio,

523 4377 567 4432 si
598 4379 805 4447 absque
830 4393 1053 4448 operum
1078 4376 1258 4433 fructu
1281 4376 1347 4430 de
1373 4377 1564 4447 plausu
1595 4386 1802 4447 tantum
1836 4379 1941 4437 sibi
1989 4379 2116 4433 reli-

524 4470 661 4539 giosi
689 4470 953 4525 sermonis
990 4468 1135 4525 velut
1160 4470 1224 4523 de
1252 4470 1449 4534 sonitu,
1474 4478 1529 4524 et
1555 4478 1871 4542 tegumento
1902 4470 2117 4525 blandi-

527 4570 716 4617 rentur
742 4562 1089 4617 viridantium
1116 4561 1392 4619 foliorum.

597 4649 667 4705 Et
688 4667 791 4706 non
811 4652 1011 4706 sinebat
1038 4660 1092 4704 ut
1111 4652 1387 4723 quisquam
1418 4653 1727 4722 transferret
1751 4671 1842 4709 vas
1869 4669 1963 4725 per
1989 4662 2119 4709 (em-

524 4741 690 4814 plum.
719 4740 798 4797 De
820 4742 966 4798 vasis
994 4741 1125 4796 dicit
1150 4742 1255 4799 illis
1279 4758 1399 4811 qua:
1425 4744 1701 4807 mercandi
1726 4744 1901 4814 gratia
1926 4743 2123 4799 infere-

522 4834 740 4902 bantur,
770 4843 1027 4892 cteterum
1055 4836 1196 4905 absit
1226 4842 1284 4903 ut
1311 4850 1438 4889 vasa
1478 4835 1589 4899 Deo
1630 4836 1808 4889 dicata
1860 4834 2124 4903 Dominus

525 4930 748 5002 ejiceret
776 4928 842 4984 de
867 4928 1085 4998 templo,
1118 4928 1200 4981 vel
1246 4928 1524 4989 introferri
1555 4928 1871 4998 prohiberet
1902 4929 1954 4983 in
1982 4940 2121 4989 tem-

525 5021 707 5092 plum,
759 5020 852 5078 ubi
902 5018 1069 5075 futuri
1123 5018 1205 5085 sui
1262 5019 1526 5087 exatuinis
1577 5021 1788 5092 insigne
1836 5020 2124 5092 prmtendit

527 5112 857 5183 exemplum.
892 5111 998 5167 Sed
1040 5111 1225 5191 potius
1256 5111 1531 5183 immunda
1566 5123 1619 5168 et
1671 5114 1902 5187 profana
1947 5115 2124 5173 elimi-

529 5210 625 5259 nat
653 5219 781 5260 vasa
802 5203 869 5258 de
900 5192 1121 5275 templo,
1153 5218 1216 5262 ac
1253 5219 1318 5257 ne
1345 5204 1576 5275 amplius
1598 5206 1909 5277 inferantur
1932 5208 2121 5278 prohi-

528 5295 643 5362 bet,
669 5296 884 5366 quando
919 5312 1026 5365 uou
1059 5288 1231 5361 solum
1273 5297 1338 5369 de
1380 5297 1628 5365 Ecclesia
1675 5314 1866 5365 omnes
1912 5298 2125 5369 repellit

530 5402 595 5443 ac
618 5386 868 5457 deturbat
898 5389 1177 5459 reprobus,
1209 5403 1396 5458 verum
1425 5390 1591 5457 etiam
1618 5404 1689 5447 ne
1716 5390 1860 5461 ultra
1898 5390 1967 5459 ad
2010 5398 2124 5449 tur-

529 5476 767 5555 hauriam
792 5477 1090 5553 Ecclesium
1110 5482 1342 5555 intrent,
1374 5492 1580 5547 aeterno
1600 5497 1696 5538 eos
1720 5484 1946 5547 verbere
1966 5498 2117 5549 com-

531 5571 726 5643 pescit.

606 5661 673 5731 Et
704 5662 935 5733 docebat,
965 5664 1143 5741 dicqu
1290 5683 1309 5721 :
1357 5666 1549 5741 Nonne
1586 5666 1837 5736 scriptum
1878 5676 1957 5725 est
1997 5669 2124 5739 quia

532 5752 717 5810 domus
741 5773 853 5827 mea
878 5759 1065 5829 domus
1097 5758 1352 5829 orationi:
1382 5757 1655 5829 vocabitur
1689 5760 1927 5817 omnibus
1956 5763 2125 5832 genti-

533 5842 628 5901 bus
643 5844 670 5900 1
686 5845 965 5923 omnibus,
984 5848 1181 5925 inquit,
1196 5846 1477 5929 Gentibus,
1500 5865 1610 5927 non
1734 5852 1885 5925 genti
1905 5850 2125 5923 πωπω.

2216 3352 2511 3426 potuerint.
2539 3349 2745 3416 Quibus
2773 3345 3236 3423 respondendum,
3255 3358 3362 3426 non
3391 3340 3578 3403 omnia
3618 3341 3815 3409 scripta

2218 3422 2339 3504 esse
2364 3461 2482 3515 qua:
2512 3444 2565 3511 in
2594 3442 2833 3507 Ecclesia
2866 3424 2993 3509 sunt
3026 3422 3223 3517 gesta,
3249 3422 3391 3507 sicut,
3431 3436 3600 3503 etiam
3643 3435 3714 3489 de
3743 3433 3813 3495 fa-

2221 3542 2321 3596 ctis
2352 3539 2519 3611 ipsius
2545 3535 2775 3605 Christi,
2819 3531 2913 3597 Dei
2966 3540 3020 3601 et
3069 3530 3285 3589 Domini
3312 3527 3489 3599 nostri
3540 3525 3815 3603 Scriptura

2220 3641 2405 3689 nostra
2430 3637 2675 3694 testatur,
2704 3627 2845 3682 unde
2871 3633 2924 3680 et
2953 3626 3056 3679 hoc
3077 3636 3292 3693 quoque
3321 3620 3437 3675 fieri
3467 3619 3739 3689 potuisse,
3764 3624 3815 3671 nt

2220 3744 2377 3784 mons
2402 3726 2613 3783 ablatus
2636 3725 2702 3777 de
2734 3732 2876 3777 terra
2908 3719 3216 3789 mitteretur
3247 3716 3301 3787 in
3328 3728 3510 3779 mare,
3540 3711 3588 3771 si
3624 3725 3815 3779 neces-

2220 3822 2353 3878 sitas
2380 3820 2497 3875 ﬁeri
2547 3818 2600 3877 id
2641 3813 3000 3889 peposcissct,
3044 3808 3314 3883 quomodo
3362 3805 3596 3877 legimus
3616 3803 3814 3857 factum

2219 3913 2473 3985 precibus
2502 3910 2563 3963 B.
2588 3908 2768 3979 Patris
2796 3903 3067 3977 Gregorii,
3094 3899 3491 3969 Neo-Caesaris:
3527 3896 3693 3953 Ponti
3721 3912 3813 3949 an-

2222 4004 2407 4060 tistitis
2436 4002 2536 4067 viri
2577 4000 2787 4057 meritis
2811 4008 2865 4053 et
2894 3995 3183 4053 virtutibus
3214 3990 3419 4059 eximii,
3453 3996 3512 4043 ut
3558 4002 3719 4053 mons
3762 3986 3809 4037 in

2221 4105 2368 4153 terra
2401 4102 2609 4163 tantum
2638 4091 2757 4147 loco
2796 4088 3034 4157 cederet,
3065 4092 3325 4161 quantum
3358 4080 3552 4155 incola:
3582 4078 3813 4135 civitatis

2221 4205 2356 4260 opus
2384 4187 2672 4257 habebant.
2702 4184 2903 4251 Verum
2935 4181 3060 4250 quia
3091 4177 3293 4235 montis
3321 4174 3544 4241 nomine
3572 4187 3813 4227 nonnun—

2221 4300 2383 4355 quam
2409 4279 2655 4345 diabolus
2685 4274 3044 4348 significatur,
3084 4270 3330 4327 videlicet
3370 4276 3596 4338 pmpter
3627 4279 3807 4334 super-

2221 4378 2365 4434 biam
2395 4391 2500 4444 qua
2538 4388 2594 4428 se
2619 4378 2806 4427 contra
2837 4367 3008 4423 Deum
3035 4365 3214 4437 erigit,
3245 4372 3301 4417 et
3332 4375 3455 4416 esse
3485 4359 3601 4413 vult
3626 4357 3811 4413 similis

2222 4468 2524 4539 Altissimo,
2558 4479 2711 4521 mons
2736 4461 2801 4515 ad
2821 4466 3147 4530 praeceptum
3175 4470 3362 4511 eorum
3386 4452 3480 4522 qui
3511 4450 3684 4507 fortes
3713 4448 3807 4502 title

2225 4567 2351 4618 sunt
2382 4559 2585 4614 tollitur
2620 4557 2685 4611 de
2726 4562 2894 4617 terra,
2923 4562 2980 4606 et
3035 4550 3087 4604 in
3142 4562 3293 4605 mare
3339 4543 3660 4615 projicitur,
3696 4556 3805 4595 tum

2225 4646 2643 4722 pradicantibus
2673 4644 2897 4700 verbum
2926 4639 3237 4699 doctoribus
3263 4637 3487 4699 sanctis,
3508 4632 3808 4690 immundus

2226 4744 2450 4815 Spiritus
2485 4740 2554 4797 ab
2599 4752 2787 4811 eorum
2833 4734 2995 4791 corde
3038 4729 3340 4803 repellitur,
3389 4727 3485 4799 qui
3537 4727 3608 4781 ad
3656 4725 3806 4779 vitam

2226 4845 2353 4891 sunt
2380 4832 2748 4907 praeordinati,
2774 4838 2832 4891 ,et
2861 4830 2917 4887 in
2948 4824 3275 4887 turbulentis
3301 4822 3615 4890 amarisque
3634 4818 3805 4879 inﬁde-

2226 4930 2357 4987 lium
2406 4926 2694 4991 mentibus,
2724 4922 3004 4991 vesaniam
3052 4926 3167 4987 sum
3208 4913 3516 4986 tyrannidis
3565 4925 3805 4978 intereat

2228 5018 2584 5091 permittitur,
2612 5032 2721 5085 nou
2748 5014 2893 5084 quod
2918 5012 2993 5077 ibi
3030 5020 3086 5065 et
3118 5018 3245 5064 ante
3270 5007 3457 5067 sedem
3484 5014 3804 5077 regnumque

2227 5128 2334 5183 non
2372 5109 2639 5177 habuerit,
2662 5107 2761 5171 sed
2788 5105 2936 5177 quod
2963 5112 3114 5172 tanto
3134 5101 3318 5169 acrius
3351 5100 3407 5159 in
3434 5114 3529 5155 eos
3552 5095 3806 5168 quoslibet

2227 5201 2469 5275 desaevit,
2501 5208 2704 5269 quanto
2732 5197 2971 5269 annulus
2998 5212 3056 5252 se
3084 5193 3235 5255 dolet
3270 5209 3301 5253 a
3331 5191 3553 5257 hesione
3606 5188 3802 5260 piorum

2224 5294 2392 5368 fuisse
2743 5332 2758 5357 ,
2786 5306 2953 5359 quem
3006 5298 3192 5359 tamen
3242 5285 3470 5345 victoria
3521 5278 3803 5339 Salvatoris

2225 5388 2403 5449 nostri
2432 5386 2647 5459 Donum
2674 5383 2800 5447 losu
2830 5382 3036 5451 Christi
3057 5421 3072 5447 ι
3096 5381 3337 5449 liberans
3364 5377 3570 5439 electos
3596 5388 3722 5433 εωε
3748 5370 3803 5433 ἀι

2227 5480 2687 5551 ωθιιὶιλυ-ςῄιιθιιω
2715 5478 2931 5541 hostem
2954 5474 3179 5543 humani
3198 5471 3418 5545 ceperis
3446 5483 3548 5539 pro
3574 5462 3804 5534 mihi!

2226 5587 2327 5645 sua
2344 5570 2600 5641 claustris
2623 5567 2824 5638 inisset
2849 5566 3131 5633 damnabit
3156 5565 3213 5636 in
3233 5570 3577 5635 perpetuum.-

2914 5772 3132 5789 ἡ,
