3974 6364
478 333 583 389 555

1123 306 1201 384 Βί
1230 329 1483 386 RABAM
1521 329 1738 385 MAURI
1774 329 2095 384 ARCHIEP.
2141 329 2451 385 MOGUNT.
2495 330 2782 387 OPERUM
2821 331 3002 387 PARS
3037 332 3102 387 ll.

3673 336 3772 393 5‘58

546 447 853 504 Misericors
878 452 962 501 est
988 445 1130 500 Deus
1165 461 1328 516 super
1368 447 1632 516 ingratos,
1662 453 1718 500 et
1745 445 1950 515 majore
1978 443 2063 498 vel
2093 449 2146 507 Α
2171 453 2386 500 cantem
2411 463 2440 500 a
2473 456 2759 516 peccatore
2787 446 3043 517 castigari
3079 462 3185 502 non
3213 461 3377 516 posse
3422 452 3768 519 pmmnuit.

474 538 758 609 multiplici
799 537 1007 593 scilicet
1052 552 1148 592 sua
1196 537 1590 602 misericordia,
1635 553 1744 607 qua
1777 536 1939 590 etiam
1989 535 2070 603 ju-

474 639 657 688 menta
681 630 873 697 salvat,
902 629 1217 700 temporalia
1241 630 1380 685 bona
1404 629 1685 702 largiendo
1711 630 1794 685 vel
1826 630 2071 685 coelestia

471 725 613 781 bona
639 723 901 794 singulari
944 722 1140 794 gratia,
1166 738 1272 792 qua
1321 721 1524 778 electos
1578 721 1752 778 solum
1803 721 2068 792 gloriﬁcat

472 814 803 884 inspirando.
871 811 980 868 Sed
1033 815 1146 868 sive
1193 813 1299 868 hoc
1354 814 1468 868 sive
1515 812 1645 867 illud
1697 813 1809 868 sive
1859 822 2070 868 utrum-

471 923 576 976 que
600 905 888 977 intelligas,
915 922 1108 978 magna
1135 906 1234 961 Dei
1254 905 1497 962 bonitate
1515 905 1596 972 ﬁt,
1621 922 1742 976 qua:
1770 906 1925 962 nobis
1948 906 2069 960 imi-

471 1000 630 1054 tanda
663 999 995 1070 pmcipitur,
1035 1000 1082 1054 si
1108 998 1206 1054 ﬁlii
1242 998 1338 1054 Dei
1366 1013 1487 1055 esse
1514 997 1786 1063 volumus,
1813 999 2068 1070 gloriam-

469 1109 575 1163 que
599 1093 833 1148 ﬁliorum
862 1093 958 1148 Dei
995 1093 1262 1149 obtinere.

525 1184 579 1238 N
583 1182 704 1238 alite
708 1183 954 1254 judicare
965 1193 1049 1250 ;et
1067 1201 1172 1238 non
1175 1184 1570 1255 judicabimini,
1586 1184 1745 1239 nolite
1757 1186 2069 1239 condemna-

467 1293 539 1340 re,
569 1287 616 1331 et
640 1294 743 1332 non
763 1277 1260 1332 condemnabimini.
1289 1277 1403 1334 Hoc
1429 1278 1550 1334 loco
1575 1279 1711 1333 nihil
1743 1279 1887 1332 aliud
1913 1277 2067 1333 nobis

463 1369 684 1438 praecipi
710 1369 988 1435 existimo,
1019 1370 1122 1423 nisi
1150 1379 1211 1423 ut
1240 1385 1302 1424 ea
1331 1369 1476 1424 facta
1517 1385 1638 1440 quae
1687 1369 1912 1424 dubium
1958 1377 2062 1436 est,

464 1479 574 1533 quo
602 1464 784 1518 animo
810 1464 946 1519 ﬁant
971 1465 1023 1518 in
1055 1463 1329 1519 meliorem
1358 1475 1569 1535 partem
1621 1465 2061 1533 interpretemur.

534 1554 813 1620 Dimittite,
845 1564 891 1608 et
920 1554 1230 1620 dimittetur,
1258 1555 1380 1609 date
1407 1565 1456 1609 et
1500 1554 1715 1609 dabitur
1759 1555 1922 1610 vobis.
1969 1554 2064 1609 Di-

463 1648 681 1704 mittere
711 1663 810 1703 nos
838 1648 1082 1718 injurias,
1113 1649 1244 1702 dare
1265 1647 1530 1702 beneﬁcia
1551 1647 1725 1718 jubet,
1747 1655 1804 1700 ut
1828 1656 1883 1701 et
1908 1647 2064 1702 nobis

461 1751 684 1810 peccata
716 1740 1079 1806 dimittantur,
1110 1746 1165 1792 et
1191 1739 1304 1793 vita
1334 1739 1494 1792 detur
1520 1745 1742 1795 aeterna.
1773 1738 1889 1806 Qua
1935 1753 2062 1792 sen-

461 1833 631 1889 tentia
682 1833 834 1888 brevi
879 1834 972 1888 sed
1028 1832 1227 1886 eximia
1275 1839 1492 1897 cuneta,
1545 1845 1667 1900 qua:
1700 1830 1964 1885 latissime
1994 1831 2062 1884 de

459 1924 834 1982 eonversando
862 1939 986 1978 eum
1016 1922 1251 1978 inimicis
1302 1923 1678 1986 mandaverat,
1702 1921 2062 1992 comprehen-

463 2022 640 2078 dendo
669 2018 964 2076 concludit.

536 2111 842 2166 Mansuram
886 2111 1098 2174 bonam,
1129 2119 1174 2163 et
1221 2109 1534 2178 confertam,
1566 2119 1615 2163 et
1650 2109 1988 2179 cougitatam,
2013 2115 2060 2159 et

462 2202 903 2274 supereffluentem
951 2199 1196 2271 [dabunt]
1228 2201 1282 2252 in
1311 2201 1485 2254 sinum
1523 2211 1768 2254 vestrum.
1820 2198 1955 2253 Huic
1988 2199 2059 2252 si-

459 2293 586 2348 mile
615 2301 698 2348 est
724 2291 865 2362 quod
896 2291 1025 2346 alibi
1056 2291 1220 2356 dicit,
1255 2300 1310 2344 ut
1340 2300 1390 2344 et
1427 2291 1530 2359 ipsi
1572 2291 1825 2358 recipiant
1877 2306 1962 2342 vos
2005 2289 2060 2342 in

459 2397 655 2442 teterna
685 2384 1044 2440 tabernacula.
1095 2382 1211 2438 Non
1267 2383 1415 2437 enim
1462 2397 1728 2453 pauperes
1776 2381 1918 2451 ipsi,
1965 2380 2058 2434 sed

457 2480 709 2536 Christus
733 2477 1042 2533 mercedem
1073 2475 1159 2530 his
1183 2475 1278 2545 qui
1303 2475 1705 2545 eleemosynam
1735 2473 1914 2528 fecere
1938 2472 2057 2549 red-

457 2571 673 2626 diturus
697 2578 800 2623 est.
835 2567 1008 2634 Quam
1039 2575 1221 2621 tamen
1267 2567 1323 2619 in
1371 2565 1550 2620 sinum
1601 2565 1730 2619 dare
1773 2565 2056 2628 dicuntur,

459 2663 585 2732 quia
615 2659 975 2732 promerendo
1005 2657 1146 2712 illius
1168 2657 1510 2712 occasionem
1560 2655 1776 2721 dedere,
1809 2670 1929 2710 cum
1973 2653 2057 2708 vel

459 2752 742 2826 egentibus
787 2749 995 2804 miserti
1023 2749 1109 2804 vel
1156 2748 1402 2818 improbe
1449 2748 1728 2803 saevientes
1769 2745 2055 2801 fortiorum

455 2854 606 2911 sunt,
641 2852 695 2898 et
731 2841 945 2897 tolerati
971 2839 1252 2911 patientia,
1275 2849 1329 2894 et
1361 2838 1718 2894 beneﬁcentia
1743 2838 2053 2904 sustentati,

457 2944 515 2991 et
562 2935 631 2991 ad
676 2934 849 3004 ipsam
917 2931 1205 3002 aliquoties
1263 2930 1425 2987 ﬁdem
1491 2930 1833 3002 indulgentiae
1878 2931 2054 3002 gratia

452 3024 686 3096 probati.

525 3117 728 3173 Eadem
758 3119 948 3189 quippe
976 3133 1224 3173 mensura
1247 3133 1354 3188 qua
1400 3117 1567 3170 mensi
1610 3116 1836 3185 fueritis,
1864 3131 2048 3195 .reme-

450 3211 609 3265 tietur
638 3209 798 3264 vobis.
831 3210 897 3263 Et
917 3208 1208 3280 Apostolus
1229 3209 1297 3263 ad
1318 3207 1716 3277 eleemosynam
1738 3206 2047 3262 Corinthios

452 3302 699 3366 hortans,
717 3301 858 3353 inter
875 3299 978 3353 alia
994 3300 1146 3365 dicit,
1161 3301 1248 3370 qui
1271 3315 1423 3369 parce
1447 3299 1684 3363 seminat,
1709 3316 1864 3368 parce
1878 3308 1925 3353 et
1942 3315 2049 3354 nte-

452 3402 543 3459 tet,
561 3403 608 3446 et
633 3392 721 3462 qui
741 3391 964 3445 seminat
984 3391 1040 3444 in
1062 3390 1501 3444 benedictionibus
1521 3390 1584 3443 de
1605 3390 2048 3445 benedictionibus

452 3491 503 3537 et
529 3489 703 3536 metet.
734 3480 921 3536 Potest
945 3489 1127 3535 autem
1156 3480 1224 3534 de
1251 3480 1500 3534 omnibus
1518 3519 1532 3544 ,
1557 3495 1676 3549 quae
1699 3489 1880 3535 mente
1899 3521 1914 3546 ,
1934 3497 2049 3534 ma-

451 3592 547 3644 nu,
572 3574 774 3648 lingua,
800 3575 1040 3646 gerimus
1068 3574 1264 3643 accipi,
1295 3573 1422 3643 quia
1453 3581 1511 3626 tu
1552 3573 1746 3628 reddes
1794 3573 2044 3644 singulis,

379 3701 381 3704 ι
450 3667 645 3738 inquit,
671 3667 969 3721 secundum
1003 3679 1168 3735 opera
1194 3680 1405 3719 eorum.

521 3757 735 3813 Dicebat
760 3769 933 3812 autem
966 3756 1074 3812 illis
1107 3767 1156 3812 et
1199 3756 1617 3812 similitudinem.
1650 3757 1905 3829 Nunquid
1952 3776 2046 3828 po-

449 3860 546 3906 test
578 3867 746 3905 ctecus
775 3867 969 3904 ciccum
999 3851 1226 3904 ducere?
1248 3850 1439 3904 Nonne
1461 3851 1612 3903 ambo
1641 3851 1696 3904 in
1727 3850 1932 3920 foveam
1957 3869 2048 3906 ca-

449 3942 614 3998 dent?
634 3940 838 3995 Sensus
865 3939 1242 4010 hujuscemodi
1263 3942 1544 3996 sententiae
1571 3942 1769 4011 pendet
1793 3959 1860 3996 ex
1888 3958 2045 4013 supe-

448 4033 706 4099 rioribus,
740 4032 830 4086 ubi
860 4033 927 4086 de
962 4032 1138 4087 danda
1173 4033 1513 4104 eleemosyna
1542 4041 1597 4088 et
1625 4032 1825 4103 injuria
1861 4034 2045 4088 dimit—

447 4126 608 4181 tenda
635 4125 967 4196 praecipitur.
999 4125 1058 4180 Si
1086 4133 1159 4191 te,
1189 4126 1383 4194 inquit,
1407 4125 1486 4178 ira
1513 4134 1702 4180 contra
1722 4125 2039 4192 violentum,

445 4227 502 4274 et
533 4228 725 4275 contra
773 4226 1048 4289 potentem
1091 4219 1422 4288 philargyria
1448 4219 1752 4285 caecaverit,
1800 4221 2044 4289 nunquid

448 4325 541 4369 tua
570 4321 753 4369 mente
774 4312 966 4366 vitiata
990 4313 1179 4366 vitium
1211 4311 1326 4380 ejus
1353 4327 1546 4368 curare
1569 4313 1808 4383 poteris?
1829 4315 1936 4368 Aut
1954 4313 2043 4367 ille

447 4405 596 4461 solus
617 4404 713 4474 qui
733 4403 989 4474 injuriam
1025 4403 1174 4470 fecit,
1202 4413 1385 4459 etnon
1435 4414 1492 4460 tu
1537 4408 1704 4461 etiam
1751 4407 1844 4476 qui
1897 4405 2041 4464 ferre

445 4496 728 4552 nesciebas
755 4509 880 4550 reus
896 4497 1272 4565 deputaberis?
1294 4500 1364 4552 At
1386 4499 1430 4552 si
1455 4499 1640 4554 mitem
1670 4509 1745 4566 te,
1774 4501 2037 4572 tranquil-

445 4589 665 4658 lumque
688 4587 924 4658 pectoris
948 4585 1064 4656 ejus
1089 4588 1407 4658 improbitas
1432 4591 1719 4656 invenerit,
1748 4600 1804 4645 et
1850 4563 1936 4646 ille
1968 4593 2033 4648 ad
2064 4563 2114 4620 Β

443 4681 822 4752 poenitentlam
848 4681 1174 4748 movebitur,
1199 4690 1254 4736 et
1295 4691 1349 4736 tu
1384 4683 1658 4752 patientia:
1686 4684 1909 4752 prazmio
1940 4685 2034 4740 do-

443 4775 686 4841 naberis,
713 4775 840 4844 quia
871 4790 1073 4830 czccum
1107 4776 1324 4831 vidente
1362 4777 1538 4842 oculo,
1593 4777 1696 4832 hoc
1737 4786 1842 4844 est,
1872 4779 2035 4834 corde

443 4880 636 4921 sereno
660 4865 860 4920 ducere
886 4865 1117 4921 curabas
1146 4867 1213 4921 ad
1247 4867 1448 4922 lumen.

518 4957 643 5012 Non
662 4967 736 5012 est
759 4957 1048 5028 discipulus
1064 4974 1220 5029 super
1238 4960 1568 5028 magistrum;
1585 4960 1842 5030 perfectus
1856 4969 2032 5013 autem

444 5049 610 5103 omnis
639 5050 756 5115 erit,
784 5050 827 5103 si
853 5051 919 5103 sit
941 5050 1075 5103 sicut
1103 5051 1351 5120 magister
1371 5049 1504 5118 ejus.
1539 5048 1595 5104 Si
1629 5051 1913 5121 magister,
1939 5051 2032 5120 qui

443 5141 632 5210 utique
657 5141 812 5210 quasi
842 5141 983 5196 Deus
1007 5141 1183 5211 potuit
1206 5155 1313 5194 non
1336 5156 1462 5194 suas
1484 5141 1655 5194 ultum
1683 5141 1761 5196 ire
1784 5141 2028 5211 injurias,

444 5233 538 5290 sed
567 5235 710 5303 ipsos
738 5234 928 5288 maluit
957 5235 1295 5289 insecutores
1316 5233 1569 5301 patiendo
1589 5231 1814 5286 reddere
1849 5231 2031 5287 mitio-

442 5344 554 5394 res,
584 5329 828 5384 eamdem
861 5343 1083 5384 necesse
1111 5337 1195 5381 est
1224 5325 1494 5395 discipuli,
1523 5325 1616 5394 qui
1635 5324 1756 5394 puri
1786 5325 2034 5380 homines

443 5427 587 5484 sunt,
618 5419 857 5490 regulam
884 5418 1236 5489 perfectionis
1267 5425 1584 5486 sequantur;

515 5511 654 5578 Quid
684 5524 857 5566 autem
882 5513 1020 5566 vides
1046 5512 1301 5580 festucam
1325 5513 1378 5564 in
1404 5509 1554 5564 oculo
1583 5509 1765 5579 fratris
1795 5510 1894 5572 tui,
1918 5517 2032 5562 tra-

445 5607 555 5659 bem
595 5615 769 5659 autem
803 5622 918 5676 qua:
962 5607 1017 5656 in
1064 5604 1214 5656 oculo
1263 5614 1350 5656 tuo
1399 5614 1495 5668 est,
1533 5619 1633 5654 non
1692 5599 2033 5654 consideras?

444 5696 643 5751 Oculus
674 5698 761 5750 hic
795 5711 894 5766 pro
919 5710 1081 5749 sensu
1117 5695 1312 5749 mentis
1351 5694 1591 5762 ponitur,
1621 5699 1676 5743 et
1715 5690 1814 5744 hoc
1847 5690 1912 5742 ad
1941 5705 2029 5743 su-

445 5790 657 5844 periora
692 5788 930 5854 respicit,
951 5785 1037 5838 ubi
1074 5800 1274 5837 cmcum
1309 5801 1335 5836 a
1369 5801 1510 5837 taceo
1538 5780 1676 5842 duci,
1704 5779 1757 5833 id
1788 5789 2027 5848 est,pec-

2172 533 2323 588 Multi
2345 535 2488 589 enim
2512 536 2762 605 superbia
2777 536 2861 591 vel
2879 537 3020 597 odio,
3037 536 3374 608 philargyria
3402 538 3490 593 vel
3514 540 3768 609 avaritia,

2171 626 2255 682 vel
2284 627 2390 682 alio
2439 627 2681 698 quolibet
2734 629 2962 684 crimine
3001 631 3265 699 prmventi
3311 631 3453 686 levia
3508 632 3634 688 haec
3689 643 3772 689 att

2171 718 2319 773 nulla
2352 719 2660 790 judicantes
2714 722 2981 776 acerrime
3029 723 3351 794 corripiunt,
3407 740 3545 794 quos
3599 726 3770 783 subita

2169 810 2401 866 viderint
2428 812 2510 865 ira
2538 812 2802 879 turbatos,
2825 813 3044 869 oculum
3075 815 3274 870 mentis
3297 831 3329 870 a
3363 817 3524 873 solito
3561 818 3767 888 purita-

2171 901 2240 956 tis
2271 910 2414 957 statu
2440 904 2599 973 quasi
2647 904 2859 960 festuca
2891 905 3132 962 irruente
3168 915 3432 973 mutasse,
3468 918 3644 979 atque
3673 911 3766 965 im-

2169 1011 2439 1052 memores
2466 997 2732 1053 Dominici
2749 999 3031 1068 praecepti,
3057 1016 3165 1070 quo
3188 1001 3285 1068 ait,
3313 1001 3498 1057 Nolite
3525 1004 3768 1058 condem-

2169 1104 2295 1142 nare
2351 1097 2399 1142 et
2465 1106 2569 1144 non
2625 1091 3139 1158 condemnabimini,
3195 1095 3371 1164 magis
3427 1106 3626 1150 amant
3695 1099 3765 1153 vi-

2168 1188 2421 1249 tuperare
2464 1189 2520 1236 et
2560 1184 2852 1251 damnare,
2893 1200 3060 1254 quam
3107 1187 3404 1243 emendare
3443 1197 3622 1259 atque
3655 1206 3765 1244 cor-

2169 1287 2360 1341 rigere.

2236 1364 2307 1418 Et
2327 1369 2590 1436 quomodo
2618 1380 2762 1439 potes
2816 1373 2988 1426 dicere
3033 1374 3190 1444 fratri
3230 1385 3320 1430 tua
3352 1393 3371 1430 :
3412 1375 3643 1444 Frater,
3669 1380 3766 1432 sine

2165 1457 2376 1526 ejiciam
2399 1459 2655 1528 festucam
2674 1462 2739 1516 de
2761 1464 2912 1517 oculo
2949 1473 3060 1531 tuo,
3097 1467 3208 1536 ipse
3254 1469 3455 1524 trabem
3503 1471 3560 1524 in
3629 1472 3765 1523 oculo

2165 1557 2254 1602 tuo
2279 1566 2383 1604 non
2406 1552 2627 1606 videns?
2666 1552 2792 1609 Haec
2838 1571 2963 1611 cum
3014 1557 3181 1614 fratre
3231 1561 3346 1632 agis
3392 1563 3547 1616 verbi
3598 1565 3766 1636 gratia

2165 1639 2306 1708 quod
2332 1639 2413 1694 ira
2443 1641 2530 1696 ille
2561 1646 2823 1711 peccavit,
2851 1657 2908 1700 tu
2932 1649 3056 1703 odio
3079 1651 3449 1720 reprehendis.
3491 1652 3763 1720 Quantum

2165 1739 2346 1786 autem
2377 1733 2519 1787 inter
2539 1733 2805 1791 festucam
2837 1748 2893 1793 et
2919 1741 3148 1806 trabem,
3178 1750 3388 1798 tantum
3431 1744 3582 1799 inter
3640 1746 3763 1799 iram

2091 1810 2138 1868 Β
2167 1823 2332 1877 distat
2362 1832 2524 1893 atque
2550 1827 2752 1882 odium.
2784 1829 2979 1884 Odium
3024 1841 3108 1887 est
3140 1833 3284 1888 enim
3317 1835 3398 1889 ira
3434 1835 3762 1900 inveterata,

2167 1931 2286 1984 quae
2309 1917 2462 1986 quasi
2492 1926 2762 1976 vetustate
2802 1921 2917 1990 ipsa
2967 1933 3176 1978 tantum
3220 1929 3513 1996 acceperit,
3544 1937 3616 1981 ut
3667 1945 3765 1983 me

2165 2007 2269 2062 rito
2297 2009 2596 2080 appelletur
2627 2014 2828 2069 trabes.
2861 2015 3006 2071 Fieri
3038 2027 3217 2074 autem
3242 2028 3422 2089 potest
3467 2031 3531 2076 ut
3568 2023 3624 2077 si
3673 2023 3768 2077 ira-

2164 2101 2331 2155 sceris
2358 2103 2564 2157 homini
2591 2105 2722 2160 velis
2749 2121 2875 2160 eum
2898 2109 3129 2182 corrigi;
3162 2112 3206 2165 si
3235 2121 3413 2166 autem
3443 2115 3648 2170 oderis
3681 2116 3767 2170 ho-

2164 2195 2384 2259 minem,
2402 2212 2506 2251 non
2521 2208 2678 2267 potes
2697 2215 2818 2254 eum
2846 2200 2982 2256 velle
3009 2203 3307 2274 corrigere,
3332 2214 3388 2259 et
3407 2206 3533 2260 ideo
3558 2207 3763 2278 impos-

2164 2287 2318 2342 sibile
2349 2289 2566 2356 dicitur,
2592 2299 2652 2344 ut
2696 2291 2961 2348 festucam
3000 2292 3189 2350 fratris
3226 2297 3382 2352 oculo
3427 2298 3651 2365 demat,
3682 2301 3765 2370 qui

2163 2396 2258 2435 suo
2294 2383 2502 2438 trabem
2527 2393 2702 2454 gestat
2729 2386 2786 2439 in
2816 2387 2992 2442 oculo.

2233 2472 2545 2544 Hypocrita,
2575 2476 2704 2546 ejice
2741 2480 2969 2548 primum
3025 2482 3224 2535 trabem
3269 2482 3334 2536 de
3383 2485 3536 2538 oculo
3565 2497 3694 2551 tuo,
3723 2499 3764 2539 et

2161 2573 2284 2618 tunc
2311 2567 2588 2636 perspicies
2604 2579 2659 2621 ut
2688 2569 2880 2623 educas
2905 2571 3159 2640 festucam
3195 2573 3259 2627 de
3279 2574 3431 2628 oculo
3450 2576 3653 2643 fratris
3673 2579 3760 2631 tui.

2160 2657 2216 2711 Id
2247 2665 2352 2724 est,
2377 2658 2612 2728 primum
2634 2661 2842 2732 expelle
2875 2662 2967 2717 abs
2989 2674 3038 2717 te
3059 2665 3266 2731 odium,
3299 2675 3350 2721 et
3379 2669 3649 2738 deinceps
3677 2687 3763 2741 po-

2161 2749 2292 2804 teris
2314 2747 2431 2818 jam
2480 2764 2605 2805 eum
2634 2768 2797 2822 quem
2847 2755 3024 2825 diligis
3067 2759 3378 2813 emendare.
3415 2760 3484 2814 Et
3516 2770 3606 2814 est
3641 2778 3763 2818 vere

2161 2841 2387 2897 multum
2429 2845 2747 2911 cavendum,
2805 2856 2860 2900 et
2911 2849 3194 2904 molestum
3236 2851 3681 2921 hypocritarum,
3715 2855 3760 2909 id

2159 2941 2261 3000 est,
2291 2933 2670 2992 simulatorum
2691 2954 2880 3008 genus,
2915 2941 3005 3009 qui
3042 2956 3165 2996 cum
3206 2945 3449 2998 omnium
3494 2947 3758 3001 vitiorum

2159 3025 2538 3082 accusationes
2562 3029 2686 3083 odio
2713 3039 2767 3084 et
2789 3030 2957 3085 livore
2987 3033 3306 3103 suscipiant,
3349 3037 3515 3090 etiam
3537 3037 3758 3092 consul-

2159 3130 2305 3180 tores
2336 3124 2510 3180 videri
2543 3138 2602 3179 se
2623 3123 2828 3190 volunt,
2857 3131 2912 3178 et
2940 3124 3058 3180 ideo
3102 3127 3190 3196 pie
3220 3137 3485 3197 cauteque
3515 3129 3754 3201 vigilan-

2076 3188 2120 3252 C
2154 3215 2284 3270 dum
2308 3223 2416 3282 est,
2431 3223 2494 3269 ut
2520 3229 2642 3270 cum
2667 3188 2901 3284 aliquem
2933 3188 3331 3284 reprehendere
3356 3188 3440 3273 vel
3458 3188 3757 3290 objuvrgare

2151 3307 2449 3362 necessitas
2471 3307 2730 3378 coegerit,
2762 3307 2938 3377 primo
2985 3309 3284 3379 cogitemus
3326 3319 3510 3366 utrum
3542 3313 3657 3368 tale
3687 3315 3757 3369 sit

2148 3399 2362 3463 vitium,
2394 3399 2537 3468 quod
2559 3414 2835 3469 nunquam
2866 3399 3177 3466 habuimus,
3202 3402 3287 3456 vel
3311 3419 3419 3472 quo
3445 3405 3749 3468 caruimus.

2148 3498 2204 3544 et
2241 3490 2286 3544 si
2328 3504 2602 3559 nunquam
2627 3489 2932 3553 habuimus,
2957 3491 3257 3562 cogitemus
3285 3502 3339 3547 et
3368 3509 3466 3549 nos
3497 3495 3751 3552 homines

2147 3595 2287 3647 esse,
2319 3589 2375 3636 et
2428 3580 2630 3636 habere
2653 3583 2910 3651 potuisse.
2959 3582 3018 3636 Si
3059 3599 3190 3639 vero
3237 3584 3530 3643 habuimus
3552 3597 3610 3644 et
3641 3606 3748 3645 non

2147 3673 2434 3739 habemus,
2489 3681 2676 3743 tangat
2723 3675 3042 3729 memoriam
3099 3679 3402 3734 communis
3429 3680 3744 3746 inﬁrmitas,

2147 3772 2208 3819 ut
2259 3764 2407 3819 illam
2455 3766 2934 3836 reprehensionem
2986 3777 3080 3822 aut
3129 3767 3579 3840 objurgationem,
3637 3789 3745 3828 non

2146 3855 2329 3910 odium
2375 3856 2469 3911 sed
2517 3857 2890 3912 misericordia
2947 3860 3236 3927 praecedat,
3280 3862 3466 3930 sicque
3491 3863 3742 3918 doctrina

2146 3948 2380 4004 salubris
2401 3964 2467 4004 ex
2491 3949 2776 4004 dilectione
2806 3951 2900 4005 Dei
2923 3953 3234 4021 et‘proximi
3259 3955 3592 4018 conﬁrmata,
3629 3964 3739 4011 tam

2145 4040 2354 4096 doctori
2390 4056 2554 4110 quam
2589 4042 2751 4096 etiam
2799 4044 3030 4098 auditori
3079 4047 3145 4098 ad
3193 4055 3452 4100 aeternam
3489 4046 3742 4116 proﬁciet

2145 4135 2392 4200 salutem,
2425 4144 2718 4204 praestante
2741 4137 2970 4191 Domino
2996 4147 3182 4192 nostro
3212 4137 3340 4194 Jesu
3374 4138 3610 4205 Christo,
3641 4140 3738 4209 qui

2145 4242 2264 4280 cum
2292 4225 2453 4280 Patre
2481 4234 2535 4281 et
2565 4226 2772 4296 Spiritu
2804 4237 3016 4293 sancto,
3067 4229 3201 4282 vivit
3245 4237 3301 4283 et
3340 4237 3532 4300 regnat
3568 4229 3735 4294 Deus,

2143 4327 2241 4382 per
2264 4315 2445 4369 omnia
2474 4314 2669 4369 saecula
2692 4314 3032 4370 saeculorum.
3055 4315 3250 4371 Amen.

2716 4445 3000 4502 HOMILLA
3065 4447 3148 4503 Cl.

2363 4553 2418 4591 IN
2452 4552 2657 4594 VIGILIA
2695 4553 2885 4593 SANCTI
2935 4554 3151 4595 JOANNIS
3185 4557 3485 4597 BAPTISTE.

2529 4649 2713 4707 Lectio
2757 4650 3006 4707 Jeremiae
3042 4654 3339 4724 prophetae.

2215 4765 2533 4838 Priusquam
2580 4777 2628 4819 te
2675 4767 2959 4835 formarem
2984 4769 3036 4820 in
3061 4778 3230 4834 utero,
3267 4770 3386 4823 novi
3406 4779 3562 4835 te;et
3584 4779 3732 4825 ante-

2140 4874 2299 4925 quam
2319 4857 2488 4912 ea‘ires
2516 4857 2580 4910 de
2606 4855 2782 4924 vulva,
2813 4857 3139 4926 sanctiﬁcavi
3166 4867 3235 4925 te,
3263 4868 3313 4912 et
3346 4860 3651 4931 prophetam
3676 4861 3729 4914 in

2141 4949 2380 5020 gentibus
2404 4948 2526 5002 dedi
2554 4957 2622 5002 te.

2210 5038 2328 5095 Non
2350 5041 2495 5109 quod
2523 5048 2651 5095 ante
2679 5041 3090 5111 conceptionem
3134 5051 3195 5098 ut
3219 5043 3446 5099 haeresis
3490 5044 3730 5115 suspica-

2140 5141 2230 5187 tur
2269 5132 2450 5197 fuerit,
2481 5130 2767 5198 Jeremias,
2794 5133 2889 5187 sed
2923 5135 3069 5202 quod
3105 5135 3407 5204 praescierit
3429 5151 3558 5191 eum
3586 5133 3729 5188 futu-

2139 5238 2259 5277 rum
2291 5222 2575 5288 Dominus,
2615 5224 2705 5278 cui
2757 5223 2987 5277 necdum
3035 5223 3178 5278 facta
3220 5225 3334 5295 jam
3383 5223 3526 5279 facta
3581 5233 3724 5291 sunt,

2141 5315 2435 5370 secundum
2467 5313 2596 5369 illud
2619 5314 2764 5385 quod
2782 5314 3074 5384 Apostolus
3101 5315 3339 5382 loquitur
3364 5315 3458 5384 qui
3486 5325 3640 5370 vocat
3659 5329 3725 5369 ea

2140 5422 2259 5477 quae
2285 5423 2393 5462 non
2419 5415 2596 5473 erant,
2618 5406 2772 5476 quasi
2797 5422 2858 5461 ea
2889 5415 3089 5462 essent.
3125 5408 3355 5475 Quidam
3382 5408 3528 5463 hunc
3546 5408 3724 5464 locum

2136 5514 2297 5568 super
2321 5496 2603 5553 Salvatore
2626 5496 2952 5568 intelligunt,
2983 5498 3076 5566 qui
3097 5498 3314 5568 proprie
3340 5499 3610 5569 propheta
3636 5507 3723 5553 est

2133 5590 2396 5660 gentium,
2441 5597 2497 5645 et
2520 5604 2617 5658 per
2661 5589 2934 5659 apostolos
2971 5589 3186 5645 vocavit
3230 5604 3421 5644 omnes
3448 5590 3718 5646 nationes.

2131 5683 2236 5738 Iste
2265 5683 2411 5736 enim
2438 5695 2567 5734 vere
2590 5682 2903 5748 priusquam
2931 5681 2986 5734 in
3019 5689 3173 5734 utero
3201 5679 3532 5736 formaretur
3556 5680 3720 5750 virgi—

2131 5778 2262 5844 nali,
2309 5786 2363 5832 et
2393 5785 2677 5844 antequam
2721 5775 2892 5829 exiret
2921 5775 2987 5829 de
3020 5773 3177 5828 vulva
3222 5772 3433 5840 matris,
3475 5770 3718 5829 sanctiﬁ-
