3974 6364
261 465 373 522 537

1353 469 1658 526 HOMILUE
1697 468 1765 525 IN
1803 467 2055 526 EVANG.
2098 469 2184 524 ET
2222 469 2441 526 EPIST.

3424 468 3527 526 558

261 587 425 634 catus
452 576 506 631 in
532 586 689 632 utero
708 584 810 643 est,
839 586 893 633 et
920 587 1078 634 notus
1106 580 1274 645 Patri,
1301 582 1498 652 quippe
1518 582 1608 650 qui
1632 596 1843 651 semper
1868 582 1920 643 Α
1943 588 2271 650 penetratur,
2306 591 2454 636 recte
2500 589 2556 637 et
2599 582 2653 636 iu
2681 582 2881 653 templo
2935 581 3236 637 Salomonis
3268 583 3527 655 mysticus

264 669 321 727 in
357 669 537 733 Patre,
560 677 615 723 et
643 668 697 723 in
721 685 827 738 quo
855 686 1066 741 semper
1092 671 1273 726 Pater.

340 761 409 816 Et
438 760 823 816 dixi:Domine
844 762 1008 829 Deus,
1040 781 1154 818 ecce
1180 767 1351 819 nescio
1383 765 1541 838 loqui,
1572 766 1695 837 quia
1722 783 1850 836 puer

259 870 359 924 ego
384 868 521 906 sum.
554 850 625 906 Et
653 852 791 908 dixit
817 852 1075 909 Dominus
1101 856 1170 910 ad
1186 870 1269 911 me
1293 870 1312 908 :
1336 855 1464 911 Noli
1491 857 1683 922 dicere,
1710 856 1848 924 Quia

258 958 396 1009 puer
416 957 558 1007 sum,
585 943 836 1013 quoniam
865 943 936 997 ad
964 945 1141 999 omnia
1169 962 1286 1017 qua:
1302 947 1506 1000 mittam
1539 957 1610 1012 te,
1634 947 1766 1013 ibis;
1801 957 1847 1001 et

260 1031 511 1084 universa
544 1046 663 1100 qua
688 1031 1004 1087 mandavero
1034 1033 1149 1101 tibi,
1198 1034 1445 1105 loqueris.
1491 1035 1574 1090 Ne
1612 1037 1847 1090 timeasa

261 1118 404 1187 facie
437 1136 644 1186 eorum,
681 1121 806 1191 quia
837 1130 1006 1176 tecum
1031 1139 1123 1194 ego
1170 1141 1286 1179 sum
1325 1136 1382 1178 ut
1414 1142 1596 1180 eruam
1621 1134 1690 1192 te,
1722 1125 1848 1180 dicit

259 1208 546 1269 Dominus.
576 1211 803 1280 Quando
823 1223 1004 1270 autem
1033 1216 1181 1271 venit
1205 1216 1258 1271 in
1307 1233 1505 1288 corpus
1529 1219 1845 1283 humanum,

259 1303 395 1360 dicit
433 1307 492 1361 in
520 1308 740 1364 exordio
764 1325 777 1362 :
804 1307 995 1363 Nescio
1018 1309 1179 1381 loqui,
1206 1311 1329 1382 quia
1353 1312 1564 1382 juvenis
1592 1327 1685 1383 ego
1706 1326 1845 1367 sum.

255 1396 487 1455 Juvenis
530 1409 754 1472 propter
790 1402 1273 1473 dispensationem,
1324 1418 1489 1460 senex
1519 1404 1676 1475 juxta
1721 1405 1846 1474 hoc,

258 1493 409 1561 quod
439 1493 832 1565 primogenitus
851 1495 1028 1551 omnis
1049 1504 1332 1552 creatura.
1376 1495 1601 1553 Juvenis
1640 1499 1764 1569 quia
1792 1500 1846 1554 in

254 1585 727 1640 consummatione
741 1582 855 1654 jam
886 1585 1089 1651 saeculi,
1115 1593 1171 1641 et
1199 1586 1254 1640 in
1280 1594 1525 1642 extremo
1543 1586 1704 1657 hujus
1723 1590 1847 1646 vitae

252 1681 504 1743 tempore
529 1675 763 1730 advenit.
789 1675 932 1731 Dicit
957 1675 1163 1746 itaque,
1189 1677 1361 1731 nescio
1382 1675 1544 1743 loqui,
1567 1678 1680 1733 scio
1700 1679 1843 1733 enim

251 1764 505 1833 quaedam
550 1762 755 1834 majora
808 1764 976 1835 loqui,
1027 1765 1141 1821 scio
1196 1765 1469 1836 eloquium
1514 1774 1688 1834 tuum,
1732 1769 1845 1824 scio

249 1855 486 1909 verbum
510 1862 664 1909 tuum
687 1852 839 1920 Sion,
872 1854 972 1910 tibi
1001 1854 1115 1910 scio
1141 1854 1310 1926 loqui,
1328 1856 1635 1913 hominibus
1658 1858 1843 1916 nescio

250 1942 429 2013 loqui,
448 1944 663 2013 juvenis
693 1961 834 2001 sum.

329 2036 399 2090 Et
427 2039 565 2092 misit
592 2038 849 2094 Dominus
873 2054 1088 2095 manum
1112 2058 1264 2096 suam
1286 2051 1334 2096 et
1360 2042 1524 2112 tetigit
1549 2057 1607 2096 os
1633 2059 1834 2111 meum;

248 2139 304 2182 et
331 2129 469 2184 dixit
488 2128 745 2199 Dominus
776 2132 846 2186 ad
886 2148 1008 2188 me:
1031 2131 1169 2187 Ecce
1204 2132 1327 2188 dedi
1354 2133 1506 2189 verba
1531 2151 1645 2189 mea
1667 2136 1723 2188 in
1749 2153 1837 2191 ore

247 2231 382 2287 tuo;
408 2230 457 2275 et
497 2223 741 2277 constitui
783 2232 832 2277 te
872 2239 1027 2295 super
1066 2233 1260 2295 gentes,
1304 2233 1353 2279 et
1378 2242 1535 2296 super
1562 2243 1740 2298 regna,
1778 2237 1836 2282 ut

246 2313 468 2382 evellas,
498 2323 546 2369 et
568 2315 828 2383 destruas,
852 2326 900 2371 et
921 2316 1213 2389 disperdas,
1255 2327 1303 2373 et
1330 2318 1568 2390 dissipes,
1591 2329 1643 2374 et
1669 2320 1837 2389 (ediﬁ-

244 2423 360 2472 ces,
388 2416 438 2462 et
472 2407 694 2480 plantes,
737 2410 865 2464 dicit
893 2411 1152 2467 Dominus
1192 2414 1554 2483 omnipotens.
1579 2413 1837 2471 Conside-

244 2498 480 2553 randum
509 2501 650 2570 quod
672 2510 903 2571 quatuor
942 2503 1188 2560 tristibus
1235 2505 1342 2560 duo
1372 2505 1492 2561 laeta
1522 2507 1832 2563 succedant.

242 2588 442 2660 Neque
464 2590 609 2645 enim
654 2602 906 2663 poterant
937 2593 1196 2650 :ediﬁcari
1240 2595 1405 2663 bona,
1436 2599 1538 2654 nisi
1562 2599 1836 2656 destructa

243 2689 439 2734 essent
457 2680 618 2747 mala,
638 2695 739 2737 nec
768 2683 999 2753 plantari
1025 2685 1251 2754 optima,
1284 2687 1389 2743 nisi
1426 2689 1838 2746 eradicarentur

244 2770 514 2840 pessima.
541 2770 729 2827 Omnis
750 2774 895 2829 enim
940 2775 1205 2845 plantatio
1235 2793 1395 2849 quam
1442 2795 1548 2836 non
1576 2780 1838 2852 plantavit

248 2862 495 2918 cmlestis
525 2863 685 2919 Pater
702 2866 1091 2935 eradicabitur,
1119 2879 1175 2926 et
1219 2871 1503 2928 aediﬁcatio
1530 2890 1651 2945 quae
1675 2891 1839 2946 super

245 2962 469 3025 petram
517 2971 620 3012 non
678 2958 841 3014 habet
897 2959 1343 3028 fundamentum,
1402 2965 1496 3019 sed
1559 2965 1612 3020 in
1673 2982 1837 3024 arena

244 3057 527 3103 exstructa
552 3056 655 3115 est,
688 3065 936 3107 sermone
964 3053 1059 3108 Dei
1083 3052 1370 3110 suﬁ‘oditur
1397 3064 1559 3126 atque
1602 3057 1837 3113 destrui-

247 3147 363 3202 tur,
399 3138 542 3194 illam
571 3156 733 3211 quam
759 3152 1039 3199 consumet
1074 3144 1232 3202 Jesus
1273 3147 1465 3218 spiritu
1506 3148 1619 3204 oris
1649 3150 1756 3215 sui,
1782 3158 1838 3206 et

246 3231 497 3286 destruet
526 3233 761 3288 adventu
783 3237 1080 3304 praesentiae
1111 3252 1241 3305 suas,
1271 3254 1489 3294 omnem
1514 3240 1723 3297 scilicet
1748 3256 1837 3297 sa-

1950 672 2257 741 quindecim
2278 674 2541 744 graduum
2560 689 2814 730 ascensus
2848 673 3012 729 fuisse
3042 685 3312 729 narratur.

2021 761 2087 816 Et
2113 780 2247 819 uxor
2270 764 2384 834 ejus
2432 765 2496 820 de
2524 765 2737 835 ﬁliabus
2780 766 2993 829 Aaron;
3022 765 3178 835 plena
3224 767 3390 835 igitur
3406 768 3527 823 lau-

1950 854 2117 920 datio,
2145 870 2264 925 quae
2284 871 2472 927 genus,
2499 870 2699 922 mores,
2740 854 2992 918 oﬁicium,
3024 854 3248 922 factum,
3265 856 3526 927 judicium

1949 948 2376 1015 comprehendit.
2400 946 2582 1003 Genus
2624 948 2677 1002 in
2726 947 3039 1018 majoribus,
3073 962 3253 1003 mores
3283 948 3336 1002 in
3362 950 3530 1019 aequi—

1949 1043 2083 1100 tate,
2106 1033 2340 1092 cilicium
2364 1037 2418 1092 in
2465 1038 2791 1106 sacerdotio,
2822 1037 3021 1093 factum
3063 1028 3115 1092 in
3172 1037 3445 1105 mandato,
3473 1041 3526 1094 in

1942 1126 2328 1197 justiﬁcatione
2349 1128 2634 1198 judicium.

2020 1218 2188 1273 Erant
2208 1227 2383 1274 autem
2398 1219 2536 1290 justi
2556 1218 2708 1274 ambo
2733 1228 2855 1274 ante
2882 1219 3072 1274 Deum.
3124 1220 3321 1275 Beatus
3355 1218 3447 1290 qui
3471 1218 3526 1273 in

1949 1316 2239 1379 conspectu
2288 1308 2386 1364 Dei
2431 1308 2612 1379 justus
2660 1316 2745 1364 est
2790 1315 2953 1379 atque
2992 1309 3297 1376 laudabilis,
3347 1308 3527 1365 evenit

1947 1402 2144 1472 quippe
2172 1409 2233 1456 ut
2266 1400 2487 1457 laudent
2527 1400 2776 1457 homines
2797 1415 2943 1467 eum,
2975 1401 3067 1473 qui
3092 1416 3199 1455 non
3228 1408 3314 1455 est
3342 1399 3528 1453 lauda-

1946 1493 2093 1558 bilis,
2119 1492 2246 1549 etei
2276 1493 2583 1558 detrahant,
2608 1494 2700 1563 qui
2726 1492 2950 1549 minime
2970 1492 3307 1547 detractione
3332 1490 3527 1561 dignus

1946 1591 2051 1638 est.
2074 1582 2233 1639 Solus
2256 1580 2399 1639 Deus
2423 1589 2478 1639 et
2501 1582 2556 1637 in
2585 1582 2743 1637 laude
2773 1582 2906 1637 etin
2927 1582 3324 1652 vituperatione
3346 1580 3527 1651 justus

1946 1684 2031 1731 est
2057 1673 2241 1743 iudex.

2017 1765 2321 1820 lncedentes
2344 1765 2402 1818 in
2426 1764 2665 1820 omnibus
2703 1764 2968 1819 mandatis
2988 1772 3036 1817 et
3058 1761 3525 1833 justificationibus

1945 1859 2178 1923 Domini,
2204 1857 2313 1912 sine
2334 1855 2568 1928 querela,
2602 1864 2708 1911 etc.
2734 1854 3057 1924 Plerumque
3096 1853 3309 1923 justitia
3339 1852 3526 1907 durior

1866 1937 1915 1998 Β
1942 1950 2218 2006 hominum
2270 1949 2407 2002 iram
2450 1953 2731 2017 provocat,
2779 1959 2899 2016 quae
2936 1958 3066 1999 vero
3093 1949 3390 2013 temperata
3416 1948 3520 2006 est,

1941 2043 2055 2114 ipsa
2100 2058 2211 2097 suae
2248 2041 2548 2096 dulcedinis
2574 2039 2749 2112 gratia
2789 2039 2954 2094 etiam
2997 2036 3212 2092 invidiae
3238 2035 3525 2106 quaerimo-

1939 2136 2085 2190 niam
2119 2135 2275 2188 vitat.
2319 2131 2545 2200 Quando
2599 2131 2745 2186 enim
2783 2129 3013 2184 facimus
3062 2127 3374 2182 mandatum
3401 2122 3520 2191 Dei,

1938 2227 2071 2282 etin
2102 2223 2538 2296 concupiscentia
2561 2230 2751 2276 nostra
2775 2233 2929 2274 vanae
2950 2217 3135 2290 gloriae
3162 2216 3351 2273 sordes
3368 2228 3525 2284 spar-

1939 2320 2135 2391 gimus,
2165 2327 2228 2373 ut
2266 2316 2577 2373 hominibus
2616 2315 2947 2386 placeamus,
2989 2325 3097 2366 non
3144 2309 3275 2365 illud
3317 2310 3521 2378 absque

1938 2408 2154 2480 querela
2177 2408 2419 2464 facimus.

2008 2500 2233 2555 Factum
2260 2508 2336 2554 est
2379 2507 2552 2553 autem
2581 2513 2699 2551 cum
2744 2495 3040 2550 sacerdotio
3090 2494 3397 2566 fungeretur
3418 2490 3523 2546 Za-

1938 2592 2145 2647 charias
2168 2592 2222 2644 in
2246 2590 2430 2644 ordine
2454 2590 2578 2643 vicis
2609 2604 2744 2653 sure,
2767 2594 2872 2642 etc.
2897 2585 2999 2654 Qui
3022 2586 3167 2640 enim
3192 2592 3339 2642 sorte
3367 2583 3521 2655 eligi-

1937 2680 2289 2739 tur'humano
2307 2681 2512 2753 judicio
2551 2695 2657 2735 non
2699 2677 3191 2749 comprehenditur.
3221 2674 3316 2730 Ille
3345 2675 3516 2745 igitur

1939 2772 2299 2844 quarebatur,
2329 2786 2491 2843 quem
2517 2772 2619 2826 iste
2662 2770 2929 2842 ﬁgurabat
2958 2783 3120 2824 verus
3157 2769 3211 2822 in
3258 2776 3519 2822 aeternum

1939 2862 2193 2921 sacerdos
2219 2863 2307 2919 cui
2339 2863 2556 2927 dicitur,
2584 2871 2640 2915 tu
2661 2877 2713 2915 es
2743 2860 2987 2915 sacerdos
3031 2859 3088 2911 in
3132 2867 3399 2920 wternum,
3429 2854 3523 2924 qui

1940 2969 2047 3010 non
2084 2954 2385 3009 hostiarum
2434 2967 2646 3019 cruore,
2697 2951 2795 3007 sed
2833 2950 3053 3022 proprio
3103 2948 3321 3003 Patrem
3350 2947 3522 3003 Deum

1942 3047 2129 3118 generi
2159 3045 2536 3101 reconciliaret
2562 3046 2819 3100 humano.
2874 3042 2981 3099 Sed
3008 3052 3134 3097 tunc
3155 3040 3374 3112 sanguis
3402 3040 3524 3093 fun-

1943 3137 2171 3193 debatur
2215 3136 2269 3191 in
2306 3136 2504 3206 specie,
2535 3135 2788 3190 sacerdos
2826 3132 3198 3197 ordinabatur,
3229 3145 3376 3185 nunc
3391 3129 3521 3199 quia

1943 3227 2145 3282 veritas
2171 3226 2336 3291 venit,
2374 3225 2742 3295 relinquamus
2768 3224 3002 3295 speciem
3041 3232 3097 3278 et
3124 3222 3407 3277 veritatem
3429 3233 3517 3274 se—

245 3322 508 3395 crilegam
538 3300 958 3399 perversamque
984 3300 1279 3386 doctrinam
1327 3332 1603 3403 disperdet
1632 3334 1687 3388 in
1711 3349 1836 3405 per-
1862 3300 1912 3363 ϐ
1944 3331 2195 3387 quani“?-
2227 3315 2379 3370 Tlmc
2397 3315 2618 3385 (Ιυίάθω
2664 3315 2811 3369 νίοεδ
2863 3320 3038 3405 erant,
3071 3327 3219 3405 “uno,
3237 3318 3419 3405 “lem
3438 3315 3524 3364 θεῖ

247 3426 495 3484 petuum.
538 3415 709 3474 Porro
736 3433 800 3474 ea
829 3435 948 3489 quae
993 3421 1272 3478 elevantur
1319 3433 1509 3480 contra
1546 3428 1832 3483 scientiam

248 3504 374 3571 Dei,
402 3514 457 3561 et
500 3506 558 3562 in
601 3523 700 3564 sua
726 3510 1007 3568 conﬁdunt
1032 3515 1313 3585 sapientia,
1341 3531 1460 3587 quae
1495 3520 1635 3590 apud
1664 3519 1836 3577 Deum

248 3598 483 3655 stultitia
508 3608 593 3657 est
633 3603 914 3675 dissipabit
950 3614 1112 3678 atque
1134 3608 1387 3680 deponet,
1415 3619 1478 3666 ut
1502 3613 1839 3669 aediﬁcentur

249 3705 358 3761 pro
389 3691 473 3747 bis
513 3692 761 3761 humilia,
792 3705 847 3751 et
877 3697 930 3752 in
976 3697 1154 3754 locum
1203 3702 1542 3772 superiorum
1590 3719 1710 3774 quae
1740 3708 1834 3762 de—

249 3792 465 3839 structa
492 3794 619 3841 sunt
643 3793 699 3841 et
717 3787 925 3856 evulsa,
955 3798 1304 3848 exstruantur
1318 3802 1481 3866 atque
1503 3795 1834 3865 plantentur,

248 3889 379 3943 qua:
419 3875 799 3933 ecclesiasticae
829 3880 1157 3937 conveniunt
1184 3883 1421 3951 veritati,
1467 3894 1523 3940 et
1550 3886 1838 3957 impleatur

252 3965 390 4020 illud
421 3968 560 4036 quod
590 3968 719 4025 dicit
751 3969 1055 4041 Apostolus,
1087 3973 1187 4030 Dei
1222 3975 1524 4045 aediﬁcatio,
1574 3976 1673 4033 Dei
1697 3979 1839 4051 agri-

249 4058 466 4115 cultura
490 4064 630 4116 estis.

821 4155 1102 4214 HOMILIA
1163 4157 1268 4215 CII.

784 4264 839 4304 IN
892 4263 1070 4305 εουειί
1119 4264 1305 4306 πετο.

404 4337 588 4396 Lectio
625 4342 795 4397 sancti
834 4341 1113 4415 Evangelii
1140 4344 1435 4400 secundum
1466 4344 1689 4400 Lucam.

327 4433 460 4488 Fuit
482 4437 537 4489 in
558 4435 738 4491 diebus
764 4435 1010 4503 Herodis,
1040 4438 1174 4509 regis
1194 4437 1419 4505 Judtete,
1452 4440 1698 4495 sacerdos
1723 4440 1838 4513 qui-

248 4528 383 4581 dam
408 4527 613 4582 nomine
637 4526 948 4584 Zacharias.

330 4616 687 4673 Sacrosancta
709 4621 1061 4689 praecursoris
1094 4618 1310 4678 Domini
1331 4620 1588 4679 nobilitas
1620 4637 1728 4679 non
1749 4636 1834 4680 so-
1852 4658 1911 4718 υ

252 4710 370 4763 lum
397 4724 429 4763 a
458 4708 791 4779 parentibus,
840 4712 932 4766 sed
985 4720 1041 4768 et
1064 4727 1095 4767 a
1117 4713 1553 4784 progenitoribus
1597 4713 1832 4785 gloriosa

249 4799 560 4866 descendit,
592 4809 858 4871 quatenus
883 4803 1143 4859 adventus
1167 4803 1313 4860 illius
1339 4801 1500 4859 ﬁdem
1524 4817 1634 4861 non
1655 4804 1833 4860 subita

250 4890 614 4961 inspiratione
637 4900 973 4962 conceptam,
997 4906 1186 4947 verum
1220 4891 1404 4948 habita
1434 4892 1608 4964 magis
1632 4907 1833 4964 propa-

250 4984 477 5055 gatione
502 4993 805 5055 susceptam
829 4985 1049 5041 liberius
1075 4985 1413 5056 praedicaret.

330 5076 409 5131 De
429 5077 535 5132 vice
552 5077 706 5133 Abia.
730 5074 934 5150 Viginti
961 5086 1193 5148 quatuor
1242 5080 1309 5135 de
1341 5077 1714 5136 sacerdotibus
1743 5094 1835 5136 or-

252 5169 415 5223 dines
436 5167 491 5222 in
520 5169 819 5224 ministerio
854 5169 1042 5224 domus
1061 5169 1273 5225 Domini
1316 5178 1465 5227 sorte
1492 5186 1522 5226 a
1545 5169 1837 5229 Salomone

253 5272 388 5316 sunt
416 5260 593 5328 divisi,
608 5261 662 5315 in
683 5262 883 5332 quibus
903 5261 1037 5317 Abia
1060 5262 1299 5329 familia,
1322 5265 1389 5320 de
1409 5279 1515 5335 qua
1538 5264 1835 5321 Zacharias

252 5362 415 5409 ortus
443 5359 546 5418 est,
584 5366 705 5409 sors
728 5351 957 5425 contigit
991 5358 1203 5407 octava.
1252 5351 1371 5408 Non
1393 5352 1599 5408 frustra
1627 5353 1836 5425 primus

256 5446 398 5504 Novi
440 5445 770 5503 Testamenti
804 5460 985 5519 praeco
1007 5445 1062 5501 in
1090 5453 1298 5503 oetam
1319 5447 1485 5504 sortis
1510 5448 1628 5504 vice
1657 5450 1835 5505 nasci-

256 5548 374 5602 tur,
432 5537 560 5608 quia
608 5535 750 5593 sicut
798 5536 1104 5608 septenario
1149 5550 1290 5608 sazpe
1342 5550 1572 5593 numero
1619 5546 1839 5608 propter

256 5628 549 5684 sabbatum
576 5636 732 5684 vetus
776 5625 1206 5694 Testamentum,
1245 5626 1326 5683 sic
1368 5626 1577 5682 Novum
1627 5628 1835 5699 aliquo—

257 5720 372 5775 ties
406 5718 687 5776 octonario
729 5724 953 5790 propter
986 5724 1397 5783 sacramentum
1423 5718 1839 5773 resurrectionis

256 5809 604 5880 exprimitur.
657 5806 812 5864 Unde
836 5807 963 5878 quia
987 5823 1096 5863 non
1126 5807 1284 5863 aliter
1327 5821 1491 5877 quam
1530 5820 1628 5875 per
1648 5806 1838 5863 obser-

264 5902 505 5954 vantium
546 5895 829 5967 utriusque
856 5895 1189 5955 Testamenti
1234 5896 1387 5969 regni
1436 5896 1673 5954 cmlestis
1717 5897 1839 5953 aula

1936 3408 2287 3482 perpetuitas.
2324 3407 2493 3474 Quem
2524 3406 2689 3461 alium
2717 3404 3056 3477 signiﬁcabat
3102 3402 3389 3460 Zacharias
3428 3417 3518 3457 sa-

1940 3501 2149 3566 cerdos,
2190 3500 2294 3555 nisi
2336 3516 2458 3556 eum
2509 3498 2868 3564 sacerdotem,
2922 3498 3011 3552 cui
3060 3495 3387 3553 sacriﬁcium
3413 3508 3522 3549 non

1936 3601 2080 3650 esset
2124 3608 2411 3650 commune
2455 3607 2578 3648 cum
2632 3590 2862 3656 caeteris,
2919 3590 3010 3661 qui
3058 3603 3166 3645 non
3200 3586 3522 3644 manufactis

1936 3683 2153 3754 templis
2190 3682 2523 3738 sacriﬁcaret
2568 3695 2667 3752 pro
2704 3679 2880 3746 nobis,
2925 3679 3020 3734 sed
3075 3678 3132 3732 in
3165 3678 3249 3733 sui
3277 3677 3521 3746 corporis

1938 3774 2139 3846 templo
2164 3783 2350 3829 nostra
2368 3780 2592 3844 peccata
2613 3772 2909 3829 vacuaret?

2008 3865 2164 3923 Sorte
2214 3865 2340 3922 exiit
2375 3874 2435 3920 ut
2480 3866 2750 3920 incensum
2798 3871 3035 3936 poneret,
3079 3872 3186 3919 etc.
3236 3863 3520 3917 lncensum

1937 3970 2116 4019 autem
2139 3964 2197 4019 in
2215 3971 2405 4019 sancta
2423 3972 2733 4019 sanctorum
2761 3978 2792 4017 a
2817 3961 3072 4032 pontiﬁce
3099 3958 3320 4025 deferri,
3352 3972 3516 4027 expe-

1937 4061 2119 4110 ctante
2137 4052 2285 4109 foras
2313 4053 2570 4126 templum
2591 4054 2739 4109 omni
2753 4052 2950 4124 populo
2976 4051 3183 4107 decima
3197 4049 3283 4105 die
3300 4046 3516 4118 septimi

1936 4147 2143 4202 mensis
2162 4155 2248 4203 est
2267 4146 2499 4217 jussum,
2555 4155 2612 4201 et
2654 4146 2798 4200 hanc
2847 4145 2989 4199 diem
3039 4141 3361 4211 expiationis
3406 4140 3521 4194 sive

1936 4237 2334 4309 propitiationis
2373 4236 2579 4302 vocari,
2602 4250 2721 4306 quae
2740 4235 2882 4304 apud
2914 4249 3014 4289 nos
3036 4234 3106 4289 ob
3131 4232 3343 4287 varium
3376 4230 3516 4286 luna:

1938 4327 2264 4394 discursum,
2294 4342 2402 4399 qua
2430 4342 2643 4383 menses
2672 4332 2985 4396 computant
3012 4322 3246 4388 Hebraei,
3278 4322 3438 4377 modo
3460 4322 3517 4376 in

1938 4435 2123 4478 mense
2159 4419 2482 4491 Septembri,
2507 4420 2667 4476 modo
2694 4417 2886 4473 incidit
2937 4417 2990 4471 in
3019 4414 3263 4479 Octobri,
3292 4414 3382 4484 qui
3416 4412 3521 4469 sci-

1938 4510 2065 4567 licet
2092 4511 2295 4565 mensis
2319 4524 2427 4580 quo
2451 4509 2655 4581 pascha
2686 4508 2915 4578 geritur,
2958 4514 3014 4562 et
3040 4507 3232 4562 ordine
3256 4503 3519 4561 conditio-

1938 4602 2024 4659 nis
2054 4610 2110 4659 et
2135 4603 2312 4658 edicto
2353 4601 2489 4674 legis
2534 4602 2661 4656 anni
2715 4598 3042 4671 principium
3097 4606 3266 4664 tenet,
3308 4597 3519 4652 dicente

1934 4691 2201 4748 Domino:
2226 4689 2425 4745 Mensis
2450 4690 2549 4745 iste
2572 4689 2713 4744 vobis
2749 4686 3062 4759 principium
3106 4684 3383 4752 mensium,
3412 4684 3521 4755 pri-

1935 4799 2052 4840 mus
2074 4784 2175 4839 erit
2197 4783 2257 4838 in
2279 4781 2540 4838 mensibus
2564 4782 2712 4836 anni.

2008 4889 2269 4964 Apparuit
2290 4898 2468 4946 autem
2491 4889 2573 4945 illi
2593 4890 2809 4962 angelus
2834 4888 3071 4955 Domini,
3095 4897 3240 4944 stans
3265 4904 3299 4943 a
3322 4886 3519 4943 dextris

1940 4981 2126 5039 altaris
2172 4982 2396 5048 incensi,
2435 4988 2543 5038 etc.
2591 4979 2711 5037 Non
2748 4981 3020 5037 immerito
3057 4978 3277 5051 angelus
3304 4978 3517 5034 videtur

1940 5072 2000 5129 in
2044 5072 2265 5144 templo,
2313 5072 2441 5145 quia
2478 5072 2596 5128 veri
2653 5073 2951 5129 sacerdotis
2996 5070 3109 5141 jam
3170 5070 3521 5126 nuntiabatur

1945 5164 2229 5229 adventus,
2255 5170 2313 5219 et
2354 5162 2576 5220 caeleste
2619 5163 2942 5219 sacriﬁcium
2988 5161 3300 5234 parabatur,
3329 5162 3386 5216 in
3414 5176 3522 5232 quo

1945 5252 2121 5325 angeli
2169 5253 2560 5309 ministrarent.
2588 5253 2734 5309 Bene
2758 5251 3002 5323 angelus,
3046 5260 3101 5307 et
3144 5252 3200 5307 in
3241 5250 3439 5322 templo
3464 5260 3522 5306 et

1939 5346 2092 5417 juxta
2119 5345 2308 5413 altare,
2341 5353 2397 5402 et
2416 5361 2447 5400 a
2476 5346 2683 5402 dextris
2731 5351 2977 5416 apparet,
3018 5343 3146 5414 quia
3182 5342 3432 5399 videlicet
3463 5350 3520 5398 et

1944 5439 2061 5494 veri
2082 5439 2379 5494 sacerdotis
2405 5439 2690 5493 adventum
2713 5438 2769 5491 in
2794 5435 3114 5507 mysterium
3134 5434 3386 5491 sacriﬁcii
3406 5435 3522 5489 uni-

1945 5528 2167 5585 vet-salis
2195 5536 2250 5584 et
2302 5528 2537 5585 cmlestis
2587 5528 2711 5584 doni
2763 5526 3016 5597 gaudium
3057 5526 3337 5597 praedicat.
3384 5522 3520 5579 Nam

1944 5622 2085 5677 sicut
2106 5635 2204 5691 per
2229 5621 2503 5676 sinistram
2530 5621 2834 5691 praesentia,
2850 5619 2931 5675 sic
2955 5633 3054 5690 per
3078 5619 3357 5674 dexteram
3375 5629 3519 5684 saepe

1943 5714 2085 5767 bona
2113 5715 2542 5783 praenuntiantur
2572 5720 2793 5768 aeterna.

2016 5806 2103 5860 Ait
2127 5816 2304 5860 autem
2325 5806 2394 5860 ad
2413 5804 2561 5859 illum
2589 5804 2804 5875 angelus
2829 5821 2847 5859 :
2872 5803 2955 5858 Ne
2994 5802 3200 5868 timeas,
3229 5797 3517 5864 Zaeltaria,

1945 5896 2193 5966 quoniam
2213 5897 2462 5951 exaudita
2485 5905 2560 5951 est
2590 5896 2881 5966 deprecatio
2910 5904 3028 5957 tua,
3047 5901 3098 5946 et
3134 5905 3271 5945 uazor
3296 5897 3389 5941 tua
3404 5886 3518 5940 Eti-
